  <div class='ocr_page' id='page_1' title='image "/cluster/home/n/w/nwhite01/storage/ocr_20150623/114:no.1/coo.31924054870187/683.png"; bbox 0 0 4160 6422; ppageno 0'>
   <div class='ocr_carea' id='block_1_1' title="bbox 550 349 684 417">
    <p class='ocr_par' dir='ltr' id='par_1_1' title="bbox 550 349 684 417">
     <span class='ocr_line' id='line_1_1' title="bbox 550 349 684 417; baseline -0.022 0"><span class='ocrx_word' id='word_1_1' title='bbox 550 349 684 417; x_wconf 73' lang='lat'><strong>1351</strong></span> 
     </span>
    </p>
   </div>
   <div class='ocr_carea' id='block_1_2' title="bbox 1741 334 2598 402">
    <p class='ocr_par' dir='ltr' id='par_1_2' title="bbox 1741 334 2598 402">
     <span class='ocr_line' id='line_1_2' title="bbox 1741 334 2598 402; baseline -0.008 -1"><span class='ocrx_word' id='word_1_2' title='bbox 1741 340 2024 402; x_wconf 71' lang='lat' dir='ltr'><strong>MENSIS</strong></span> <span class='ocrx_word' id='word_1_3' title='bbox 2075 334 2598 397; x_wconf 78' lang='lat' dir='ltr'><strong>FEBRUARIUS.</strong></span> 
     </span>
    </p>
   </div>
   <div class='ocr_carea' id='block_1_3' title="bbox 3663 321 3803 384">
    <p class='ocr_par' dir='ltr' id='par_1_3' title="bbox 3663 321 3803 384">
     <span class='ocr_line' id='line_1_3' title="bbox 3663 321 3803 384; baseline -0.029 0"><span class='ocrx_word' id='word_1_4' title='bbox 3663 321 3803 384; x_wconf 71' lang='lat'><strong>1352</strong></span> 
     </span>
    </p>
   </div>
   <div class='ocr_carea' id='block_1_4' title="bbox 534 433 2139 516">
    <p class='ocr_par' dir='ltr' id='par_1_4' title="bbox 534 445 2121 516">
     <span class='ocr_line' id='line_1_4' title="bbox 534 445 2121 516; baseline -0.011 0"><span class='ocrx_word' id='word_1_5' title='bbox 534 463 690 516; x_wconf 85' lang='lat' dir='ltr'><strong>rabat</strong></span> <span class='ocrx_word' id='word_1_6' title='bbox 708 454 1070 511; x_wconf 79' lang='lat' dir='ltr'><strong>excitandam.</strong></span> <span class='ocrx_word' id='word_1_7' title='bbox 1093 450 1303 506; x_wconf 88' lang='lat' dir='ltr'><strong>Etenim</strong></span> <span class='ocrx_word' id='word_1_8' title='bbox 1318 462 1440 504; x_wconf 90' lang='lat' dir='ltr'><strong>cum</strong></span> <span class='ocrx_word' id='word_1_9' title='bbox 1466 445 1624 502; x_wconf 87' lang='lat' dir='ltr'><strong>multi</strong></span> <span class='ocrx_word' id='word_1_10' title='bbox 1659 448 2047 516; x_wconf 81' lang='lat' dir='ltr'><strong>adnavigarent</strong></span> <span class='ocrx_word' id='word_1_11' title='bbox 2067 453 2121 498; x_wconf 78' lang='lat' dir='ltr'><strong>ci.</strong></span> 
     </span>
    </p>
   </div>
   <div class='ocr_carea' id='block_1_5' title="bbox 2246 433 3817 516">
    <p class='ocr_par' dir='ltr' id='par_1_5' title="bbox 2246 433 3817 516">
     <span class='ocr_line' id='line_1_5' title="bbox 2246 433 3817 516; baseline -0.003 -22"><span class='ocrx_word' id='word_1_12' title='bbox 2246 445 2322 516; x_wconf 72' lang='grc' dir='ltr'><strong>ιὴν</strong></span> <span class='ocrx_word' id='word_1_13' title='bbox 2344 443 2537 496; x_wconf 82' lang='grc' dir='ltr'>τούτου</span> <span class='ocrx_word' id='word_1_14' title='bbox 2565 441 2852 513; x_wconf 80' lang='grc' dir='ltr'>ἀνέγερσιν</span> <span class='ocrx_word' id='word_1_15' title='bbox 2882 439 3139 493; x_wconf 85' lang='grc' dir='ltr'>ἐποιεῖτο.</span> <span class='ocrx_word' id='word_1_16' title='bbox 3176 436 3394 492; x_wconf 80' lang='grc' dir='ltr'>Πολλῶν</span> <span class='ocrx_word' id='word_1_17' title='bbox 3421 453 3480 490; x_wconf 88' lang='grc' dir='ltr'><strong>τε</strong></span> <span class='ocrx_word' id='word_1_18' title='bbox 3506 433 3614 506; x_wconf 76' lang='grc' dir='ltr'><strong>γάρ</strong></span> <span class='ocrx_word' id='word_1_19' title='bbox 3645 436 3817 501; x_wconf 81' lang='grc' dir='ltr'>ξένων</span> 
     </span>
    </p>
   </div>
   <div class='ocr_carea' id='block_1_6' title="bbox 536 536 2119 616">
    <p class='ocr_par' dir='ltr' id='par_1_6' title="bbox 536 536 2119 616">
     <span class='ocr_line' id='line_1_6' title="bbox 536 536 2119 616; baseline -0.012 -11"><span class='ocrx_word' id='word_1_20' title='bbox 536 551 888 616; x_wconf 77' lang='lat' dir='ltr'><strong>enavigarent</strong></span> <span class='ocrx_word' id='word_1_21' title='bbox 914 543 1181 613; x_wconf 87' lang='lat' dir='ltr'><strong>hospites,</strong></span> <span class='ocrx_word' id='word_1_22' title='bbox 1220 556 1322 595; x_wconf 92' lang='lat' dir='ltr'><strong>non</strong></span> <span class='ocrx_word' id='word_1_23' title='bbox 1356 538 1706 608; x_wconf 80' lang='lat' dir='ltr'><strong>contingebat</strong></span> <span class='ocrx_word' id='word_1_24' title='bbox 1733 538 1816 592; x_wconf 88' lang='lat' dir='ltr'><strong>eis</strong></span> <span class='ocrx_word' id='word_1_25' title='bbox 1865 536 2119 600; x_wconf 81' lang='lat' dir='ltr'><strong>transire,</strong></span> 
     </span>
    </p>
   </div>
   <div class='ocr_carea' id='block_1_7' title="bbox 539 627 2122 710">
    <p class='ocr_par' dir='ltr' id='par_1_7' title="bbox 539 627 2122 710">
     <span class='ocr_line' id='line_1_7' title="bbox 539 627 2122 710; baseline -0.013 -12"><span class='ocrx_word' id='word_1_26' title='bbox 539 643 642 700; x_wconf 92' lang='lat' dir='ltr'><strong>nisi</strong></span> <span class='ocrx_word' id='word_1_27' title='bbox 668 641 817 710; x_wconf 86' lang='lat' dir='ltr'><strong>prius</strong></span> <span class='ocrx_word' id='word_1_28' title='bbox 844 653 965 691; x_wconf 87' lang='lat' dir='ltr'><strong>eum</strong></span> <span class='ocrx_word' id='word_1_29' title='bbox 990 634 1256 688; x_wconf 88' lang='lat' dir='ltr'><strong>vidissent</strong></span> <span class='ocrx_word' id='word_1_30' title='bbox 1292 649 1306 686; x_wconf 85' lang='lat'><strong>:</strong></span> <span class='ocrx_word' id='word_1_31' title='bbox 1338 643 1394 685; x_wconf 87' lang='lat' dir='ltr'><strong>et</strong></span> <span class='ocrx_word' id='word_1_32' title='bbox 1418 630 1793 685; x_wconf 89' lang='lat' dir='ltr'><strong>benedictione</strong></span> <span class='ocrx_word' id='word_1_33' title='bbox 1832 628 1900 681; x_wconf 77' lang='lat' dir='ltr'><strong>ab</strong></span> <span class='ocrx_word' id='word_1_34' title='bbox 1936 642 1999 680; x_wconf 90' lang='lat' dir='ltr'><strong>eo</strong></span> <span class='ocrx_word' id='word_1_35' title='bbox 2035 627 2122 678; x_wconf 84' lang='lat' dir='ltr'><strong>di-</strong></span> 
     </span>
    </p>
   </div>
   <div class='ocr_carea' id='block_1_8' title="bbox 538 718 2119 804">
    <p class='ocr_par' dir='ltr' id='par_1_8' title="bbox 538 718 2119 804">
     <span class='ocr_line' id='line_1_8' title="bbox 538 718 2119 804; baseline -0.012 -15"><span class='ocrx_word' id='word_1_36' title='bbox 538 734 710 804; x_wconf 71' lang='lat' dir='ltr'><strong>gnati,</strong></span> <span class='ocrx_word' id='word_1_37' title='bbox 751 747 894 795; x_wconf 90' lang='lat' dir='ltr'><strong>eam,</strong></span> <span class='ocrx_word' id='word_1_38' title='bbox 927 737 1185 795; x_wconf 82' lang='lat' dir='ltr'><strong>tanquam</strong></span> <span class='ocrx_word' id='word_1_39' title='bbox 1217 724 1507 778; x_wconf 89' lang='lat' dir='ltr'><strong>multorum</strong></span> <span class='ocrx_word' id='word_1_40' title='bbox 1539 723 1806 776; x_wconf 88' lang='lat' dir='ltr'><strong>bonorum</strong></span> <span class='ocrx_word' id='word_1_41' title='bbox 1839 718 2119 782; x_wconf 76' lang='lat' dir='ltr'><strong>viaticum,</strong></span> 
     </span>
    </p>
   </div>
   <div class='ocr_carea' id='block_1_9' title="bbox 539 811 2125 882">
    <p class='ocr_par' dir='ltr' id='par_1_9' title="bbox 539 811 2125 882">
     <span class='ocr_line' id='line_1_9' title="bbox 539 811 2125 882; baseline -0.013 0"><span class='ocrx_word' id='word_1_42' title='bbox 539 826 850 882; x_wconf 72' lang='lat' dir='ltr'><strong>auferentes</strong></span> <span class='ocrx_word' id='word_1_43' title='bbox 876 819 1226 876; x_wconf 88' lang='lat' dir='ltr'><strong>recedebant.</strong></span> <span class='ocrx_word' id='word_1_44' title='bbox 1258 815 1501 882; x_wconf 84' lang='lat' dir='ltr'><strong>Quodam</strong></span> <span class='ocrx_word' id='word_1_45' title='bbox 1550 824 1730 868; x_wconf 89' lang='lat' dir='ltr'><strong>autem</strong></span> <span class='ocrx_word' id='word_1_46' title='bbox 1785 813 1870 866; x_wconf 86' lang='lat' dir='ltr'><strong>die</strong></span> <span class='ocrx_word' id='word_1_47' title='bbox 1899 811 2125 863; x_wconf 82' lang='lat' dir='ltr'><strong>accessit</strong></span> 
     </span>
    </p>
   </div>
   <div class='ocr_carea' id='block_1_10' title="bbox 538 901 2123 988">
    <p class='ocr_par' dir='ltr' id='par_1_10' title="bbox 538 901 2123 988">
     <span class='ocr_line' id='line_1_10' title="bbox 538 901 2123 988; baseline -0.013 -18"><span class='ocrx_word' id='word_1_48' title='bbox 538 918 755 988; x_wconf 87' lang='lat' dir='ltr'><strong>quidam</strong></span> <span class='ocrx_word' id='word_1_49' title='bbox 786 915 853 968; x_wconf 85' lang='lat' dir='ltr'><strong>ad</strong></span> <span class='ocrx_word' id='word_1_50' title='bbox 880 928 1028 977; x_wconf 85' lang='lat' dir='ltr'><strong>eum,</strong></span> <span class='ocrx_word' id='word_1_51' title='bbox 1059 911 1149 977; x_wconf 86' lang='lat' dir='ltr'><strong>qui</strong></span> <span class='ocrx_word' id='word_1_52' title='bbox 1177 912 1404 964; x_wconf 78' lang='lat' dir='ltr'><strong>latenter</strong></span> <span class='ocrx_word' id='word_1_53' title='bbox 1432 907 1484 961; x_wconf 88' lang='lat' dir='ltr'><strong>in</strong></span> <span class='ocrx_word' id='word_1_54' title='bbox 1515 921 1572 961; x_wconf 90' lang='lat' dir='ltr'><strong>se</strong></span> <span class='ocrx_word' id='word_1_55' title='bbox 1614 905 1843 959; x_wconf 84' lang='lat' dir='ltr'><strong>habebat</strong></span> <span class='ocrx_word' id='word_1_56' title='bbox 1874 901 2123 971; x_wconf 85' lang='lat' dir='ltr'><strong>spiritum</strong></span> 
     </span>
    </p>
   </div>
   <div class='ocr_carea' id='block_1_11' title="bbox 539 993 2126 1066">
    <p class='ocr_par' dir='ltr' id='par_1_11' title="bbox 539 993 2126 1066">
     <span class='ocr_line' id='line_1_11' title="bbox 539 993 2126 1066; baseline -0.013 -2"><span class='ocrx_word' id='word_1_57' title='bbox 539 1007 801 1064; x_wconf 87' lang='lat' dir='ltr'><strong>immundi</strong></span> <span class='ocrx_word' id='word_1_58' title='bbox 871 1003 1151 1060; x_wconf 64' lang='lat' dir='ltr'><strong>daemonii.</strong></span> <span class='ocrx_word' id='word_1_59' title='bbox 1177 1001 1348 1066; x_wconf 84' lang='lat' dir='ltr'><strong>Quem</strong></span> <span class='ocrx_word' id='word_1_60' title='bbox 1389 1014 1511 1052; x_wconf 91' lang='lat' dir='ltr'><strong>cum</strong></span> <span class='ocrx_word' id='word_1_61' title='bbox 1554 997 1714 1065; x_wconf 80' lang='lat' dir='ltr'><strong>longo</strong></span> <span class='ocrx_word' id='word_1_62' title='bbox 1752 1005 1994 1062; x_wconf 88' lang='lat' dir='ltr'><strong>tempore</strong></span> <span class='ocrx_word' id='word_1_63' title='bbox 2029 993 2126 1045; x_wconf 83' lang='lat' dir='ltr'><strong>ita-</strong></span> 
     </span>
    </p>
   </div>
   <div class='ocr_carea' id='block_1_12' title="bbox 543 1083 2124 1166">
    <p class='ocr_par' dir='ltr' id='par_1_12' title="bbox 543 1083 2124 1166">
     <span class='ocr_line' id='line_1_12' title="bbox 543 1083 2124 1166; baseline -0.013 -10"><span class='ocrx_word' id='word_1_64' title='bbox 543 1103 770 1163; x_wconf 86' lang='lat' dir='ltr'><strong>buisset,</strong></span> <span class='ocrx_word' id='word_1_65' title='bbox 814 1098 918 1151; x_wconf 91' lang='lat' dir='ltr'><strong>hoc</strong></span> <span class='ocrx_word' id='word_1_66' title='bbox 951 1095 1256 1166; x_wconf 74' lang='lat' dir='ltr'><strong>ignorabat.</strong></span> <span class='ocrx_word' id='word_1_67' title='bbox 1294 1089 1391 1144; x_wconf 73' lang='lat' dir='ltr'><strong>Hic</strong></span> <span class='ocrx_word' id='word_1_68' title='bbox 1438 1105 1564 1156; x_wconf 80' lang='lat' dir='ltr'><strong>ergo</strong></span> <span class='ocrx_word' id='word_1_69' title='bbox 1602 1088 1764 1141; x_wconf 90' lang='lat' dir='ltr'><strong>homo</strong></span> <span class='ocrx_word' id='word_1_70' title='bbox 1798 1099 1920 1137; x_wconf 87' lang='lat' dir='ltr'><strong>cum</strong></span> <span class='ocrx_word' id='word_1_71' title='bbox 1959 1083 2124 1136; x_wconf 88' lang='lat' dir='ltr'><strong>vidis-</strong></span> 
     </span>
    </p>
   </div>
   <div class='ocr_carea' id='block_1_13' title="bbox 541 1175 2124 1253">
    <p class='ocr_par' dir='ltr' id='par_1_13' title="bbox 541 1175 2124 1253">
     <span class='ocr_line' id='line_1_13' title="bbox 541 1175 2124 1253; baseline -0.013 -7"><span class='ocrx_word' id='word_1_72' title='bbox 541 1202 624 1247; x_wconf 85' lang='lat' dir='ltr'><strong>set</strong></span> <span class='ocrx_word' id='word_1_73' title='bbox 656 1201 929 1253; x_wconf 88' lang='lat' dir='ltr'><strong>sanctum,</strong></span> <span class='ocrx_word' id='word_1_74' title='bbox 959 1202 1080 1241; x_wconf 90' lang='lat' dir='ltr'><strong>eum</strong></span> <span class='ocrx_word' id='word_1_75' title='bbox 1108 1183 1384 1240; x_wconf 85' lang='lat' dir='ltr'><strong>salutavit.</strong></span> <span class='ocrx_word' id='word_1_76' title='bbox 1416 1180 1592 1234; x_wconf 83' lang='lat' dir='ltr'><strong>Homo</strong></span> <span class='ocrx_word' id='word_1_77' title='bbox 1613 1192 1741 1232; x_wconf 91' lang='lat' dir='ltr'><strong>vero</strong></span> <span class='ocrx_word' id='word_1_78' title='bbox 1763 1176 1856 1229; x_wconf 89' lang='lat' dir='ltr'><strong>Dei</strong></span> <span class='ocrx_word' id='word_1_79' title='bbox 1893 1175 2124 1228; x_wconf 76' lang='lat' dir='ltr'><strong>Parthe-</strong></span> 
     </span>
    </p>
   </div>
   <div class='ocr_carea' id='block_1_14' title="bbox 543 1266 2126 1349">
    <p class='ocr_par' dir='ltr' id='par_1_14' title="bbox 543 1266 2126 1349">
     <span class='ocr_line' id='line_1_14' title="bbox 543 1266 2126 1349; baseline -0.014 -10"><span class='ocrx_word' id='word_1_80' title='bbox 543 1285 668 1340; x_wconf 87' lang='lat' dir='ltr'><strong>nius</strong></span> <span class='ocrx_word' id='word_1_81' title='bbox 693 1299 815 1337; x_wconf 92' lang='lat' dir='ltr'><strong>cum</strong></span> <span class='ocrx_word' id='word_1_82' title='bbox 844 1281 1184 1349; x_wconf 80' lang='lat' dir='ltr'><strong>cognovisset</strong></span> <span class='ocrx_word' id='word_1_83' title='bbox 1214 1275 1514 1328; x_wconf 59' lang='lat' dir='ltr'><strong>damonem</strong></span> <span class='ocrx_word' id='word_1_84' title='bbox 1537 1271 1626 1341; x_wconf 89' lang='lat' dir='ltr'><strong>qui</strong></span> <span class='ocrx_word' id='word_1_85' title='bbox 1657 1272 1709 1322; x_wconf 91' lang='lat' dir='ltr'><strong>in</strong></span> <span class='ocrx_word' id='word_1_86' title='bbox 1736 1284 1802 1322; x_wconf 85' lang='lat' dir='ltr'><strong>eo</strong></span> <span class='ocrx_word' id='word_1_87' title='bbox 1824 1266 2126 1329; x_wconf 85' lang='lat' dir='ltr'><strong>habitabat,</strong></span> 
     </span>
    </p>
   </div>
   <div class='ocr_carea' id='block_1_15' title="bbox 545 1361 2124 1432">
    <p class='ocr_par' dir='ltr' id='par_1_15' title="bbox 545 1361 2124 1432">
     <span class='ocr_line' id='line_1_15' title="bbox 545 1361 2124 1432; baseline -0.011 -4"><span class='ocrx_word' id='word_1_88' title='bbox 545 1389 672 1428; x_wconf 88' lang='lat' dir='ltr'><strong>cum</strong></span> <span class='ocrx_word' id='word_1_89' title='bbox 735 1387 846 1426; x_wconf 90' lang='lat' dir='ltr'><strong>non</strong></span> <span class='ocrx_word' id='word_1_90' title='bbox 882 1368 1232 1432; x_wconf 75' lang='lat' dir='ltr'><strong>res-.ilntavil;</strong></span> <span class='ocrx_word' id='word_1_91' title='bbox 1265 1365 1476 1419; x_wconf 59' lang='lat' dir='ltr'><strong>daemon</strong></span> <span class='ocrx_word' id='word_1_92' title='bbox 1523 1372 1702 1415; x_wconf 86' lang='lat' dir='ltr'><strong>autem</strong></span> <span class='ocrx_word' id='word_1_93' title='bbox 1758 1361 2124 1428; x_wconf 88' lang='lat' dir='ltr'><strong>perturbatus,</strong></span> 
     </span>
    </p>
   </div>
   <div class='ocr_carea' id='block_1_16' title="bbox 546 1450 2130 1525">
    <p class='ocr_par' dir='ltr' id='par_1_16' title="bbox 546 1450 2130 1525">
     <span class='ocr_line' id='line_1_16' title="bbox 546 1450 2130 1525; baseline -0.009 -7"><span class='ocrx_word' id='word_1_94' title='bbox 546 1465 680 1519; x_wconf 78' lang='lat' dir='ltr'><strong>dixit</strong></span> <span class='ocrx_word' id='word_1_95' title='bbox 706 1470 897 1516; x_wconf 87' lang='lat' dir='ltr'><strong>sancto</strong></span> <span class='ocrx_word' id='word_1_96' title='bbox 935 1476 950 1512; x_wconf 92' lang='lat'><strong>:</strong></span> <span class='ocrx_word' id='word_1_97' title='bbox 987 1457 1253 1525; x_wconf 81' lang='lat' dir='ltr'><strong>Quoniam</strong></span> <span class='ocrx_word' id='word_1_98' title='bbox 1283 1454 1580 1509; x_wconf 81' lang='lat' dir='ltr'><strong>desideravi</strong></span> <span class='ocrx_word' id='word_1_99' title='bbox 1617 1463 1666 1506; x_wconf 91' lang='lat' dir='ltr'><strong>te</strong></span> <span class='ocrx_word' id='word_1_100' title='bbox 1689 1451 1895 1513; x_wconf 90' lang='lat' dir='ltr'><strong>videre,</strong></span> <span class='ocrx_word' id='word_1_101' title='bbox 1926 1450 2046 1504; x_wconf 90' lang='lat' dir='ltr'><strong>ideo</strong></span> <span class='ocrx_word' id='word_1_102' title='bbox 2077 1457 2130 1504; x_wconf 88' lang='lat' dir='ltr'><strong>te</strong></span> 
     </span>
    </p>
   </div>
   <div class='ocr_carea' id='block_1_17' title="bbox 543 1539 2130 1612">
    <p class='ocr_par' dir='ltr' id='par_1_17' title="bbox 543 1539 2130 1612">
     <span class='ocr_line' id='line_1_17' title="bbox 543 1539 2130 1612; baseline -0.012 0"><span class='ocrx_word' id='word_1_103' title='bbox 543 1555 774 1612; x_wconf 76' lang='lat' dir='ltr'><strong>Salutavi</strong></span> <span class='ocrx_word' id='word_1_104' title='bbox 803 1570 816 1606; x_wconf 89' lang='lat'><strong>:</strong></span> <span class='ocrx_word' id='word_1_105' title='bbox 848 1566 948 1605; x_wconf 91' lang='lat' dir='ltr'><strong>cur</strong></span> <span class='ocrx_word' id='word_1_106' title='bbox 982 1561 1036 1602; x_wconf 90' lang='lat' dir='ltr'><strong>tu</strong></span> <span class='ocrx_word' id='word_1_107' title='bbox 1075 1564 1178 1604; x_wconf 90' lang='lat' dir='ltr'><strong>non</strong></span> <span class='ocrx_word' id='word_1_108' title='bbox 1211 1547 1457 1601; x_wconf 89' lang='lat' dir='ltr'><strong>salutasti</strong></span> <span class='ocrx_word' id='word_1_109' title='bbox 1479 1544 1503 1598; x_wconf 74' lang='lat'><strong>‘2</strong></span> <span class='ocrx_word' id='word_1_110' title='bbox 1528 1545 1762 1598; x_wconf 87' lang='lat' dir='ltr'><strong>Sanctus</strong></span> <span class='ocrx_word' id='word_1_111' title='bbox 1787 1553 1963 1595; x_wconf 87' lang='lat' dir='ltr'><strong>autem</strong></span> <span class='ocrx_word' id='word_1_112' title='bbox 1995 1539 2130 1594; x_wconf 87' lang='lat' dir='ltr'><strong>Par-</strong></span> 
     </span>
    </p>
   </div>
   <div class='ocr_carea' id='block_1_18' title="bbox 546 1633 2128 1704">
    <p class='ocr_par' dir='ltr' id='par_1_18' title="bbox 546 1633 2128 1704">
     <span class='ocr_line' id='line_1_18' title="bbox 546 1633 2128 1704; baseline -0.01 -4"><span class='ocrx_word' id='word_1_113' title='bbox 546 1646 762 1700; x_wconf 89' lang='lat' dir='ltr'><strong>thenius</strong></span> <span class='ocrx_word' id='word_1_114' title='bbox 785 1642 916 1695; x_wconf 87' lang='lat' dir='ltr'><strong>dicit</strong></span> <span class='ocrx_word' id='word_1_115' title='bbox 941 1641 988 1695; x_wconf 92' lang='lat' dir='ltr'><strong>ei</strong></span> <span class='ocrx_word' id='word_1_116' title='bbox 1024 1657 1038 1693; x_wconf 95' lang='lat'><strong>:</strong></span> <span class='ocrx_word' id='word_1_117' title='bbox 1079 1639 1217 1693; x_wconf 89' lang='lat' dir='ltr'><strong>Ecce</strong></span> <span class='ocrx_word' id='word_1_118' title='bbox 1245 1637 1425 1691; x_wconf 88' lang='lat' dir='ltr'><strong>vidisti</strong></span> <span class='ocrx_word' id='word_1_119' title='bbox 1461 1651 1572 1703; x_wconf 89' lang='lat' dir='ltr'><strong>me,</strong></span> <span class='ocrx_word' id='word_1_120' title='bbox 1613 1633 1743 1704; x_wconf 87' lang='lat' dir='ltr'><strong>quid</strong></span> <span class='ocrx_word' id='word_1_121' title='bbox 1791 1643 1904 1686; x_wconf 90' lang='lat' dir='ltr'><strong>tum</strong></span> <span class='ocrx_word' id='word_1_122' title='bbox 1935 1633 1957 1685; x_wconf 84' lang='lat'><strong>?</strong></span> <span class='ocrx_word' id='word_1_123' title='bbox 1991 1633 2128 1685; x_wconf 91' lang='lat' dir='ltr'><strong>Dicit</strong></span> 
     </span>
    </p>
   </div>
   <div class='ocr_carea' id='block_1_19' title="bbox 545 1724 2125 1800">
    <p class='ocr_par' dir='ltr' id='par_1_19' title="bbox 545 1724 2125 1800">
     <span class='ocr_line' id='line_1_19' title="bbox 545 1724 2125 1800; baseline -0.009 -9"><span class='ocrx_word' id='word_1_124' title='bbox 545 1740 753 1793; x_wconf 70' lang='lat' dir='ltr'><strong>daemon</strong></span> <span class='ocrx_word' id='word_1_125' title='bbox 788 1752 803 1789; x_wconf 88' lang='lat'>:</span> <span class='ocrx_word' id='word_1_126' title='bbox 839 1734 906 1790; x_wconf 83' lang='lat' dir='ltr'><strong>Et</strong></span> <span class='ocrx_word' id='word_1_127' title='bbox 935 1742 987 1788; x_wconf 87' lang='lat' dir='ltr'><strong>te</strong></span> <span class='ocrx_word' id='word_1_128' title='bbox 1044 1732 1177 1796; x_wconf 90' lang='lat' dir='ltr'><strong>vidi,</strong></span> <span class='ocrx_word' id='word_1_129' title='bbox 1212 1740 1270 1785; x_wconf 90' lang='lat' dir='ltr'><strong>et</strong></span> <span class='ocrx_word' id='word_1_130' title='bbox 1324 1729 1541 1800; x_wconf 76' lang='lat' dir='ltr'><strong>agnovi.</strong></span> <span class='ocrx_word' id='word_1_131' title='bbox 1582 1726 1726 1781; x_wconf 87' lang='lat' dir='ltr'><strong>Dicit</strong></span> <span class='ocrx_word' id='word_1_132' title='bbox 1771 1735 1993 1781; x_wconf 87' lang='lat' dir='ltr'><strong>sanctus</strong></span> <span class='ocrx_word' id='word_1_133' title='bbox 2022 1743 2035 1780; x_wconf 94' lang='lat'>:</span> <span class='ocrx_word' id='word_1_134' title='bbox 2069 1724 2125 1778; x_wconf 91' lang='lat' dir='ltr'><strong>Si</strong></span> 
     </span>
    </p>
   </div>
   <div class='ocr_carea' id='block_1_20' title="bbox 2225 528 3824 597">
    <p class='ocr_par' dir='ltr' id='par_1_20' title="bbox 2225 528 3824 597">
     <span class='ocr_line' id='line_1_20' title="bbox 2225 528 3824 597; baseline -0.005 -11"><span class='ocrx_word' id='word_1_135' title='bbox 2225 534 2644 587; x_wconf 86' lang='grc' dir='ltr'>καταπλεόντων</span> <span class='ocrx_word' id='word_1_136' title='bbox 2669 535 2766 588; x_wconf 69' lang='grc' dir='ltr'><strong>καὶ</strong></span> <span class='ocrx_word' id='word_1_137' title='bbox 2803 531 3206 595; x_wconf 81' lang='grc' dir='ltr'><strong>ἀναπλεόντων,</strong></span> <span class='ocrx_word' id='word_1_138' title='bbox 3255 530 3357 581; x_wconf 78' lang='grc' dir='ltr'><strong>οὐκ</strong></span> <span class='ocrx_word' id='word_1_139' title='bbox 3388 528 3667 597; x_wconf 81' lang='grc' dir='ltr'>ἐνεδέχετο</span> <span class='ocrx_word' id='word_1_140' title='bbox 3715 528 3824 580; x_wconf 80' lang='grc' dir='ltr'>αὺ-</span> 
     </span>
    </p>
   </div>
   <div class='ocr_carea' id='block_1_21' title="bbox 2224 619 3819 694">
    <p class='ocr_par' dir='ltr' id='par_1_21' title="bbox 2224 619 3819 694">
     <span class='ocr_line' id='line_1_21' title="bbox 2224 619 3819 694; baseline -0.004 -16"><span class='ocrx_word' id='word_1_141' title='bbox 2224 630 2334 689; x_wconf 86' lang='grc' dir='ltr'>τοῖς</span> <span class='ocrx_word' id='word_1_142' title='bbox 2362 624 2615 689; x_wconf 78' lang='grc' dir='ltr'><strong>διελθεῖν,</strong></span> <span class='ocrx_word' id='word_1_143' title='bbox 2640 626 2687 676; x_wconf 85' lang='grc' dir='ltr'>εἰ</span> <span class='ocrx_word' id='word_1_144' title='bbox 2723 623 2797 693; x_wconf 84' lang='grc' dir='ltr'>μὴ</span> <span class='ocrx_word' id='word_1_145' title='bbox 2823 623 3090 694; x_wconf 87' lang='grc' dir='ltr'>πρότερον</span> <span class='ocrx_word' id='word_1_146' title='bbox 3120 621 3282 673; x_wconf 76' lang='grc' dir='ltr'>αὑτὸν</span> <span class='ocrx_word' id='word_1_147' title='bbox 3308 619 3650 688; x_wconf 87' lang='grc' dir='ltr'>ἐωράκεισαν</span> <span class='ocrx_word' id='word_1_148' title='bbox 3672 633 3684 644; x_wconf 92' lang='grc'>·</span> <span class='ocrx_word' id='word_1_149' title='bbox 3716 619 3819 672; x_wconf 69' lang='grc' dir='ltr'><strong>καὶ</strong></span> 
     </span>
    </p>
   </div>
   <div class='ocr_carea' id='block_1_22' title="bbox 2225 708 3823 787">
    <p class='ocr_par' dir='ltr' id='par_1_22' title="bbox 2225 708 3823 787">
     <span class='ocr_line' id='line_1_22' title="bbox 2225 708 3823 787; baseline -0.025 0"><span class='ocrx_word' id='word_1_150' title='bbox 2225 719 2324 787; x_wconf 66' lang='grc' dir='ltr'><strong>τῆς</strong></span> <span class='ocrx_word' id='word_1_151' title='bbox 2348 716 2478 785; x_wconf 82' lang='grc' dir='ltr'>παρ’</span> <span class='ocrx_word' id='word_1_152' title='bbox 2515 714 2681 769; x_wconf 78' lang='grc' dir='ltr'>αὐτοῦ</span> <span class='ocrx_word' id='word_1_153' title='bbox 2704 714 2954 780; x_wconf 76' lang='grc' dir='ltr'><strong>εὐλογίας</strong></span> <span class='ocrx_word' id='word_1_154' title='bbox 2986 710 3322 782; x_wconf 79' lang='grc' dir='ltr'>ἀξιούμενοι,</span> <span class='ocrx_word' id='word_1_155' title='bbox 3347 710 3423 772; x_wconf 83' lang='grc' dir='ltr'>ὡς</span> <span class='ocrx_word' id='word_1_156' title='bbox 3446 708 3658 777; x_wconf 73' lang='grc' dir='ltr'>ἐφόδιον</span> <span class='ocrx_word' id='word_1_157' title='bbox 3681 710 3823 760; x_wconf 59' lang='grc' dir='ltr'><strong>ταῦ-</strong></span> 
     </span>
    </p>
   </div>
   <div class='ocr_carea' id='block_1_23' title="bbox 2225 797 3827 880">
    <p class='ocr_par' dir='ltr' id='par_1_23' title="bbox 2225 797 3827 880">
     <span class='ocr_line' id='line_1_23' title="bbox 2225 797 3827 880; baseline -0.008 -16"><span class='ocrx_word' id='word_1_158' title='bbox 2225 828 2326 880; x_wconf 86' lang='grc' dir='ltr'><strong>την</strong></span> <span class='ocrx_word' id='word_1_159' title='bbox 2352 808 2578 877; x_wconf 82' lang='grc' dir='ltr'><strong>ἀγαθῶν</strong></span> <span class='ocrx_word' id='word_1_160' title='bbox 2625 808 3018 879; x_wconf 76' lang='grc' dir='ltr'><strong>ἐπιφερόμενοι</strong></span> <span class='ocrx_word' id='word_1_161' title='bbox 3065 806 3308 860; x_wconf 81' lang='grc' dir='ltr'>ἄπεισιν.</span> <span class='ocrx_word' id='word_1_162' title='bbox 3360 803 3705 872; x_wconf 84' lang='grc' dir='ltr'>Παρεγένετο</span> <span class='ocrx_word' id='word_1_163' title='bbox 3760 797 3827 852; x_wconf 72' lang='grc' dir='ltr'><strong>δὲ</strong></span> 
     </span>
    </p>
   </div>
   <div class='ocr_carea' id='block_1_24' title="bbox 2226 893 3826 974">
    <p class='ocr_par' dir='ltr' id='par_1_24' title="bbox 2226 893 3826 974">
     <span class='ocr_line' id='line_1_24' title="bbox 2226 893 3826 974; baseline -0.008 -17"><span class='ocrx_word' id='word_1_164' title='bbox 2226 903 2516 974; x_wconf 60' lang='grc' dir='ltr'>ἄνθρωπός</span> <span class='ocrx_word' id='word_1_165' title='bbox 2540 919 2624 964; x_wconf 88' lang='grc' dir='ltr'><strong>τις</strong></span> <span class='ocrx_word' id='word_1_166' title='bbox 2648 902 2784 970; x_wconf 63' lang='grc' dir='ltr'>προς</span> <span class='ocrx_word' id='word_1_167' title='bbox 2809 900 2972 952; x_wconf 76' lang='grc' dir='ltr'>αὑτὸν</span> <span class='ocrx_word' id='word_1_168' title='bbox 3003 897 3197 968; x_wconf 81' lang='grc' dir='ltr'>ἔχοντα</span> <span class='ocrx_word' id='word_1_169' title='bbox 3225 895 3505 964; x_wconf 78' lang='grc' dir='ltr'>πνεύμονα</span> <span class='ocrx_word' id='word_1_170' title='bbox 3532 893 3826 962; x_wconf 77' lang='grc' dir='ltr'>δαιμονίου</span> 
     </span>
    </p>
   </div>
   <div class='ocr_carea' id='block_1_25' title="bbox 2229 979 3830 1066">
    <p class='ocr_par' dir='ltr' id='par_1_25' title="bbox 2229 979 3830 1066">
     <span class='ocr_line' id='line_1_25' title="bbox 2229 979 3830 1066; baseline -0.009 -17"><span class='ocrx_word' id='word_1_171' title='bbox 2229 995 2549 1066; x_wconf 75' lang='grc' dir='ltr'><strong>ἀκαθάρτου</strong></span> <span class='ocrx_word' id='word_1_172' title='bbox 2579 994 2636 1045; x_wconf 85' lang='grc' dir='ltr'>ὲν</span> <span class='ocrx_word' id='word_1_173' title='bbox 2666 992 2742 1062; x_wconf 80' lang='grc' dir='ltr'>τῷ</span> <span class='ocrx_word' id='word_1_174' title='bbox 2767 990 3038 1058; x_wconf 79' lang='grc' dir='ltr'>λεληθότι,</span> <span class='ocrx_word' id='word_1_175' title='bbox 3069 990 3128 1042; x_wconf 88' lang='grc' dir='ltr'><strong>ὃν</strong></span> <span class='ocrx_word' id='word_1_176' title='bbox 3158 989 3296 1058; x_wconf 73' lang='grc' dir='ltr'>ἔχων</span> <span class='ocrx_word' id='word_1_177' title='bbox 3329 979 3506 1049; x_wconf 69' lang='grc' dir='ltr'>οὗτος,</span> <span class='ocrx_word' id='word_1_178' title='bbox 3539 985 3830 1053; x_wconf 79' lang='grc' dir='ltr'>θεασάμε-</span> 
     </span>
    </p>
   </div>
   <div class='ocr_carea' id='block_1_26' title="bbox 2227 1075 3829 1154">
    <p class='ocr_par' dir='ltr' id='par_1_26' title="bbox 2227 1075 3829 1154">
     <span class='ocr_line' id='line_1_26' title="bbox 2227 1075 3829 1154; baseline -0.007 -15"><span class='ocrx_word' id='word_1_179' title='bbox 2227 1103 2317 1149; x_wconf 88' lang='grc' dir='ltr'><strong>νος</strong></span> <span class='ocrx_word' id='word_1_180' title='bbox 2341 1086 2432 1138; x_wconf 81' lang='grc' dir='ltr'><strong>τὸν</strong></span> <span class='ocrx_word' id='word_1_181' title='bbox 2467 1087 2623 1149; x_wconf 83' lang='grc' dir='ltr'>ἀγιον</span> <span class='ocrx_word' id='word_1_182' title='bbox 2658 1085 2947 1154; x_wconf 67' lang='grc' dir='ltr'>ἠσπάσατο</span> <span class='ocrx_word' id='word_1_183' title='bbox 2971 1081 3155 1134; x_wconf 77' lang='grc' dir='ltr'>αὐτόν.</span> <span class='ocrx_word' id='word_1_184' title='bbox 3193 1079 3251 1132; x_wconf 85' lang='lat'><strong>&#39;0</strong></span> <span class='ocrx_word' id='word_1_185' title='bbox 3278 1080 3334 1131; x_wconf 80' lang='grc' dir='ltr'><strong>δέ</strong></span> <span class='ocrx_word' id='word_1_186' title='bbox 3375 1078 3666 1148; x_wconf 74' lang='grc' dir='ltr'>ἄνθρωπος</span> <span class='ocrx_word' id='word_1_187' title='bbox 3719 1075 3829 1128; x_wconf 73' lang='grc' dir='ltr'>τοῦ</span> 
     </span>
    </p>
   </div>
   <div class='ocr_carea' id='block_1_27' title="bbox 2227 1169 3829 1248">
    <p class='ocr_par' dir='ltr' id='par_1_27' title="bbox 2227 1169 3829 1248">
     <span class='ocr_line' id='line_1_27' title="bbox 2227 1169 3829 1248; baseline -0.007 -17"><span class='ocrx_word' id='word_1_188' title='bbox 2227 1177 2363 1231; x_wconf 83' lang='grc' dir='ltr'>Θεοῦ</span> <span class='ocrx_word' id='word_1_189' title='bbox 2398 1179 2694 1248; x_wconf 76' lang='grc' dir='ltr'>Παρθένιος</span> <span class='ocrx_word' id='word_1_190' title='bbox 2723 1177 2884 1244; x_wconf 76' lang='grc' dir='ltr'>γνοὺς</span> <span class='ocrx_word' id='word_1_191' title='bbox 2917 1176 3007 1227; x_wconf 79' lang='grc' dir='ltr'><strong>τὸν</strong></span> <span class='ocrx_word' id='word_1_192' title='bbox 3025 1175 3081 1225; x_wconf 88' lang='grc' dir='ltr'><strong>ἐν</strong></span> <span class='ocrx_word' id='word_1_193' title='bbox 3113 1171 3261 1243; x_wconf 85' lang='grc' dir='ltr'><strong>αὺτῷ</strong></span> <span class='ocrx_word' id='word_1_194' title='bbox 3287 1170 3541 1224; x_wconf 77' lang='grc' dir='ltr'>οἰκοῦντα</span> <span class='ocrx_word' id='word_1_195' title='bbox 3563 1169 3829 1237; x_wconf 84' lang='grc' dir='ltr'>δαίμονα,</span> 
     </span>
    </p>
   </div>
   <div class='ocr_carea' id='block_1_28' title="bbox 2229 1261 3833 1340">
    <p class='ocr_par' dir='ltr' id='par_1_28' title="bbox 2229 1261 3833 1340">
     <span class='ocr_line' id='line_1_28' title="bbox 2229 1261 3833 1340; baseline -0.008 -16"><span class='ocrx_word' id='word_1_196' title='bbox 2229 1271 2328 1324; x_wconf 63' lang='grc' dir='ltr'>οὐκ</span> <span class='ocrx_word' id='word_1_197' title='bbox 2375 1270 2764 1340; x_wconf 82' lang='grc' dir='ltr'>ἀντησπάσατο</span> <span class='ocrx_word' id='word_1_198' title='bbox 2818 1268 3004 1319; x_wconf 70' lang='grc' dir='ltr'>αὐτόν.</span> <span class='ocrx_word' id='word_1_199' title='bbox 3048 1266 3109 1318; x_wconf 87' lang='grc' dir='ltr'>Ὁ</span> <span class='ocrx_word' id='word_1_200' title='bbox 3161 1265 3219 1317; x_wconf 81' lang='grc' dir='ltr'>δὲ</span> <span class='ocrx_word' id='word_1_201' title='bbox 3271 1263 3484 1334; x_wconf 79' lang='grc' dir='ltr'>δαίμων</span> <span class='ocrx_word' id='word_1_202' title='bbox 3522 1261 3833 1330; x_wconf 81' lang='grc' dir='ltr'>ταραχθεὶς</span> 
     </span>
    </p>
   </div>
   <div class='ocr_carea' id='block_1_29' title="bbox 2231 1355 3834 1432">
    <p class='ocr_par' dir='ltr' id='par_1_29' title="bbox 2231 1355 3834 1432">
     <span class='ocr_line' id='line_1_29' title="bbox 2231 1355 3834 1432; baseline -0.007 -16"><span class='ocrx_word' id='word_1_203' title='bbox 2231 1361 2350 1416; x_wconf 83' lang='grc' dir='ltr'>εἷπε</span> <span class='ocrx_word' id='word_1_204' title='bbox 2376 1362 2454 1432; x_wconf 86' lang='grc' dir='ltr'>τῷ</span> <span class='ocrx_word' id='word_1_205' title='bbox 2491 1363 2626 1432; x_wconf 85' lang='grc' dir='ltr'>ὁσίῳ</span> <span class='ocrx_word' id='word_1_206' title='bbox 2652 1378 2665 1391; x_wconf 78' lang='grc' dir='ltr'><strong>ο</strong></span> <span class='ocrx_word' id='word_1_207' title='bbox 2705 1360 2926 1430; x_wconf 80' lang='grc' dir='ltr'><strong>Ἐπειδὴ</strong></span> <span class='ocrx_word' id='word_1_208' title='bbox 2967 1359 3265 1428; x_wconf 77' lang='grc' dir='ltr'>ἐπιθυμίαν</span> <span class='ocrx_word' id='word_1_209' title='bbox 3295 1356 3454 1426; x_wconf 83' lang='grc' dir='ltr'>ἔσχον</span> <span class='ocrx_word' id='word_1_210' title='bbox 3480 1355 3573 1408; x_wconf 81' lang='grc' dir='ltr'><strong>τού</strong></span> <span class='ocrx_word' id='word_1_211' title='bbox 3610 1355 3834 1408; x_wconf 84' lang='grc' dir='ltr'>θεάσα-</span> 
     </span>
    </p>
   </div>
   <div class='ocr_carea' id='block_1_30' title="bbox 2233 1447 3832 1526">
    <p class='ocr_par' dir='ltr' id='par_1_30' title="bbox 2233 1447 3832 1526">
     <span class='ocr_line' id='line_1_30' title="bbox 2233 1447 3832 1526; baseline -0.008 -16"><span class='ocrx_word' id='word_1_212' title='bbox 2233 1456 2355 1510; x_wconf 81' lang='grc' dir='ltr'>σθαί</span> <span class='ocrx_word' id='word_1_213' title='bbox 2391 1474 2473 1521; x_wconf 89' lang='grc' dir='ltr'><strong>σε,</strong></span> <span class='ocrx_word' id='word_1_214' title='bbox 2499 1457 2593 1510; x_wconf 70' lang='grc' dir='ltr'><strong>καὶ</strong></span> <span class='ocrx_word' id='word_1_215' title='bbox 2625 1456 2965 1526; x_wconf 79' lang='grc' dir='ltr'>ήσπασάμην</span> <span class='ocrx_word' id='word_1_216' title='bbox 2998 1471 3057 1505; x_wconf 91' lang='grc' dir='ltr'><strong>σε</strong></span> <span class='ocrx_word' id='word_1_217' title='bbox 3079 1469 3094 1484; x_wconf 76' lang='grc' dir='ltr'><strong>ο</strong></span> <span class='ocrx_word' id='word_1_218' title='bbox 3129 1453 3192 1505; x_wconf 79' lang='grc' dir='ltr'><strong>σὺ</strong></span> <span class='ocrx_word' id='word_1_219' title='bbox 3221 1451 3278 1505; x_wconf 86' lang='grc' dir='ltr'><strong>δέ</strong></span> <span class='ocrx_word' id='word_1_220' title='bbox 3307 1468 3374 1520; x_wconf 86' lang='grc' dir='ltr'><strong>με</strong></span> <span class='ocrx_word' id='word_1_221' title='bbox 3410 1450 3508 1502; x_wconf 79' lang='grc' dir='ltr'><strong>οὐκ</strong></span> <span class='ocrx_word' id='word_1_222' title='bbox 3534 1447 3832 1518; x_wconf 79' lang='grc' dir='ltr'>ἀντησπά-</span> 
     </span>
    </p>
   </div>
   <div class='ocr_carea' id='block_1_31' title="bbox 2234 1537 3833 1617">
    <p class='ocr_par' dir='ltr' id='par_1_31' title="bbox 2234 1537 3833 1617">
     <span class='ocr_line' id='line_1_31' title="bbox 2234 1537 3833 1617; baseline -0.006 -17"><span class='ocrx_word' id='word_1_223' title='bbox 2234 1565 2346 1614; x_wconf 87' lang='grc' dir='ltr'>σω;</span> <span class='ocrx_word' id='word_1_224' title='bbox 2395 1549 2454 1602; x_wconf 88' lang='lat'><strong>&#39;0</strong></span> <span class='ocrx_word' id='word_1_225' title='bbox 2481 1549 2536 1601; x_wconf 80' lang='grc' dir='ltr'><strong>δὲ</strong></span> <span class='ocrx_word' id='word_1_226' title='bbox 2565 1549 2712 1612; x_wconf 84' lang='grc' dir='ltr'>ὅσιος</span> <span class='ocrx_word' id='word_1_227' title='bbox 2745 1547 2881 1617; x_wconf 79' lang='grc' dir='ltr'>πρὸς</span> <span class='ocrx_word' id='word_1_228' title='bbox 2911 1545 3076 1598; x_wconf 81' lang='grc' dir='ltr'>αὐτὸν</span> <span class='ocrx_word' id='word_1_229' title='bbox 3113 1544 3240 1614; x_wconf 81' lang='grc' dir='ltr'>ἔφη.</span> <span class='ocrx_word' id='word_1_230' title='bbox 3270 1543 3337 1596; x_wconf 89' lang='grc' dir='ltr'><strong>Τί</strong></span> <span class='ocrx_word' id='word_1_231' title='bbox 3371 1537 3464 1593; x_wconf 81' lang='grc' dir='ltr'><strong>οὖν</strong></span> <span class='ocrx_word' id='word_1_232' title='bbox 3488 1542 3634 1593; x_wconf 83' lang='grc' dir='ltr'>ἐστιν</span> <span class='ocrx_word' id='word_1_233' title='bbox 3659 1556 3674 1605; x_wconf 88' lang='grc'><strong>;</strong></span> <span class='ocrx_word' id='word_1_234' title='bbox 3708 1539 3833 1591; x_wconf 72' lang='grc' dir='ltr'>ἰδοὺ</span> 
     </span>
    </p>
   </div>
   <div class='ocr_carea' id='block_1_32' title="bbox 2233 1629 3835 1710">
    <p class='ocr_par' dir='ltr' id='par_1_32' title="bbox 2233 1629 3835 1710">
     <span class='ocr_line' id='line_1_32' title="bbox 2233 1629 3835 1710; baseline -0.005 -20"><span class='ocrx_word' id='word_1_235' title='bbox 2233 1639 2340 1701; x_wconf 76' lang='grc' dir='ltr'>ἴδες</span> <span class='ocrx_word' id='word_1_236' title='bbox 2381 1657 2472 1710; x_wconf 88' lang='grc' dir='ltr'><strong>με.</strong></span> <span class='ocrx_word' id='word_1_237' title='bbox 2517 1638 2578 1692; x_wconf 97' lang='lat'><strong>&#39;0</strong></span> <span class='ocrx_word' id='word_1_238' title='bbox 2601 1639 2810 1708; x_wconf 83' lang='grc' dir='ltr'>δαίμων</span> <span class='ocrx_word' id='word_1_239' title='bbox 2862 1637 3037 1704; x_wconf 85' lang='grc' dir='ltr'>λέγει.</span> <span class='ocrx_word' id='word_1_240' title='bbox 3095 1636 3222 1700; x_wconf 70' lang='grc' dir='ltr'>Ναὶ,</span> <span class='ocrx_word' id='word_1_241' title='bbox 3281 1635 3375 1688; x_wconf 71' lang='grc' dir='ltr'>καὶ</span> <span class='ocrx_word' id='word_1_242' title='bbox 3410 1631 3551 1686; x_wconf 69' lang='grc' dir='ltr'>εἶδόν</span> <span class='ocrx_word' id='word_1_243' title='bbox 3609 1647 3671 1684; x_wconf 90' lang='grc' dir='ltr'><strong>σε</strong></span> <span class='ocrx_word' id='word_1_244' title='bbox 3723 1629 3835 1683; x_wconf 72' lang='grc' dir='ltr'>καὶ</span> 
     </span>
    </p>
   </div>
   <div class='ocr_carea' id='block_1_33' title="bbox 2233 1725 3838 1800">
    <p class='ocr_par' dir='ltr' id='par_1_33' title="bbox 2233 1725 3838 1800">
     <span class='ocr_line' id='line_1_33' title="bbox 2233 1725 3838 1800; baseline -0.004 -18"><span class='ocrx_word' id='word_1_245' title='bbox 2233 1732 2477 1800; x_wconf 82' lang='grc' dir='ltr'>ἐπέγνων</span> <span class='ocrx_word' id='word_1_246' title='bbox 2509 1749 2601 1786; x_wconf 83' lang='grc' dir='ltr'>σε’</span> <span class='ocrx_word' id='word_1_247' title='bbox 2641 1733 2700 1784; x_wconf 91' lang='lat'><strong>&#39;0</strong></span> <span class='ocrx_word' id='word_1_248' title='bbox 2724 1732 2870 1794; x_wconf 85' lang='grc' dir='ltr'>ὅσιος</span> <span class='ocrx_word' id='word_1_249' title='bbox 2900 1729 3051 1798; x_wconf 87' lang='grc' dir='ltr'>λέγει</span> <span class='ocrx_word' id='word_1_250' title='bbox 3079 1745 3093 1760; x_wconf 79' lang='grc' dir='ltr'><strong>ο</strong></span> <span class='ocrx_word' id='word_1_251' title='bbox 3127 1729 3190 1782; x_wconf 83' lang='lat' dir='ltr'><strong>Ei</strong></span> <span class='ocrx_word' id='word_1_252' title='bbox 3233 1729 3319 1781; x_wconf 80' lang='grc' dir='ltr'>ἐπ’</span> <span class='ocrx_word' id='word_1_253' title='bbox 3356 1726 3614 1796; x_wconf 81' lang='grc' dir='ltr'><strong>ἀληθείας</strong></span> <span class='ocrx_word' id='word_1_254' title='bbox 3645 1725 3838 1794; x_wconf 76' lang='grc' dir='ltr'>ἑωρα-</span> 
     </span>
    </p>
   </div>
   <div class='ocr_carea' id='block_1_34' title="bbox 545 1789 2139 1894">
    <p class='ocr_par' dir='ltr' id='par_1_34' title="bbox 545 1815 2124 1893">
     <span class='ocr_line' id='line_1_34' title="bbox 545 1815 2124 1893; baseline -0.01 -7"><span class='ocrx_word' id='word_1_255' title='bbox 545 1844 737 1886; x_wconf 87' lang='lat' dir='ltr'><strong>revera</strong></span> <span class='ocrx_word' id='word_1_256' title='bbox 811 1841 894 1881; x_wconf 80' lang='lat' dir='ltr'><strong>ine</strong></span> <span class='ocrx_word' id='word_1_257' title='bbox 930 1825 1110 1879; x_wconf 88' lang='lat' dir='ltr'><strong>vidisti</strong></span> <span class='ocrx_word' id='word_1_258' title='bbox 1167 1833 1220 1878; x_wconf 91' lang='lat' dir='ltr'><strong>et</strong></span> <span class='ocrx_word' id='word_1_259' title='bbox 1252 1821 1544 1893; x_wconf 78' lang='lat' dir='ltr'><strong>agnoviSIi,</strong></span> <span class='ocrx_word' id='word_1_260' title='bbox 1575 1821 1835 1890; x_wconf 73' lang='lat' dir='ltr'><strong>egredere</strong></span> <span class='ocrx_word' id='word_1_261' title='bbox 1867 1819 1976 1871; x_wconf 90' lang='lat' dir='ltr'><strong>cito</strong></span> <span class='ocrx_word' id='word_1_262' title='bbox 2007 1830 2034 1868; x_wconf 90' lang='lat' dir='ltr'><strong>a</strong></span> <span class='ocrx_word' id='word_1_263' title='bbox 2061 1815 2124 1870; x_wconf 82' lang='lat' dir='ltr'><strong>ii-</strong></span> 
     </span>
    </p>
   </div>
   <div class='ocr_carea' id='block_1_35' title="bbox 2246 1789 3834 1894">
    <p class='ocr_par' dir='ltr' id='par_1_35' title="bbox 2246 1815 3834 1894">
     <span class='ocr_line' id='line_1_35' title="bbox 2246 1815 3834 1894; baseline -0.013 -6"><span class='ocrx_word' id='word_1_264' title='bbox 2246 1824 2344 1887; x_wconf 72' lang='grc' dir='ltr'><strong>ίὼς</strong></span> <span class='ocrx_word' id='word_1_265' title='bbox 2393 1824 2640 1892; x_wconf 69' lang='grc' dir='ltr'>ἐπέγνως</span> <span class='ocrx_word' id='word_1_266' title='bbox 2676 1841 2766 1894; x_wconf 86' lang='grc' dir='ltr'><strong>με,</strong></span> <span class='ocrx_word' id='word_1_267' title='bbox 2823 1825 3008 1889; x_wconf 77' lang='grc' dir='ltr'>ἔξελθε</span> <span class='ocrx_word' id='word_1_268' title='bbox 3058 1822 3166 1875; x_wconf 76' lang='grc' dir='ltr'><strong>ἀπὸ</strong></span> <span class='ocrx_word' id='word_1_269' title='bbox 3209 1820 3304 1873; x_wconf 84' lang='grc' dir='ltr'><strong>τοῦ</strong></span> <span class='ocrx_word' id='word_1_270' title='bbox 3349 1820 3670 1888; x_wconf 82' lang='grc' dir='ltr'>πλάσματος</span> <span class='ocrx_word' id='word_1_271' title='bbox 3725 1815 3834 1869; x_wconf 78' lang='grc' dir='ltr'>τοῦ</span> 
     </span>
    </p>
   </div>
   <div class='ocr_carea' id='block_1_36' title="bbox 547 1913 2128 1993">
    <p class='ocr_par' dir='ltr' id='par_1_36' title="bbox 547 1913 2128 1993">
     <span class='ocr_line' id='line_1_36' title="bbox 547 1913 2128 1993; baseline -0.007 -18"><span class='ocrx_word' id='word_1_272' title='bbox 547 1933 768 1993; x_wconf 75' lang='lat' dir='ltr'><strong>gmento</strong></span> <span class='ocrx_word' id='word_1_273' title='bbox 822 1920 938 1976; x_wconf 82' lang='lat' dir='ltr'><strong>Dei.</strong></span> <span class='ocrx_word' id='word_1_274' title='bbox 1002 1917 1148 1972; x_wconf 81' lang='lat' dir='ltr'><strong>Dixit</strong></span> <span class='ocrx_word' id='word_1_275' title='bbox 1180 1918 1388 1982; x_wconf 63' lang='lat' dir='ltr'><strong>daemon</strong></span> <span class='ocrx_word' id='word_1_276' title='bbox 1422 1933 1436 1968; x_wconf 88' lang='lat'>:</span> <span class='ocrx_word' id='word_1_277' title='bbox 1469 1913 1584 1968; x_wconf 81' lang='lat' dir='ltr'><strong>Hoc</strong></span> <span class='ocrx_word' id='word_1_278' title='bbox 1612 1920 1780 1967; x_wconf 90' lang='lat' dir='ltr'><strong>totum</strong></span> <span class='ocrx_word' id='word_1_279' title='bbox 1815 1919 1919 1974; x_wconf 85' lang='lat' dir='ltr'><strong>est,</strong></span> <span class='ocrx_word' id='word_1_280' title='bbox 1953 1919 2010 1964; x_wconf 82' lang='lat' dir='ltr'><strong>u&#39;.</strong></span> <span class='ocrx_word' id='word_1_281' title='bbox 2044 1925 2128 1964; x_wconf 87' lang='lat' dir='ltr'><strong>me</strong></span> 
     </span>
    </p>
   </div>
   <div class='ocr_carea' id='block_1_37' title="bbox 546 2003 2131 2082">
    <p class='ocr_par' dir='ltr' id='par_1_37' title="bbox 546 2003 2131 2082">
     <span class='ocr_line' id='line_1_37' title="bbox 546 2003 2131 2082; baseline -0.009 -14"><span class='ocrx_word' id='word_1_282' title='bbox 546 2012 788 2082; x_wconf 79' lang='lat' dir='ltr'><strong>expellas</strong></span> <span class='ocrx_word' id='word_1_283' title='bbox 819 2026 847 2064; x_wconf 90' lang='lat' dir='ltr'><strong>a</strong></span> <span class='ocrx_word' id='word_1_284' title='bbox 892 2024 1009 2064; x_wconf 89' lang='lat' dir='ltr'><strong>mea</strong></span> <span class='ocrx_word' id='word_1_285' title='bbox 1058 2004 1442 2063; x_wconf 81' lang='lat' dir='ltr'><strong>habitatione?</strong></span> <span class='ocrx_word' id='word_1_286' title='bbox 1467 2003 1643 2066; x_wconf 85' lang='lat' dir='ltr'><strong>Nunc.</strong></span> <span class='ocrx_word' id='word_1_287' title='bbox 1690 2016 1820 2073; x_wconf 78' lang='lat' dir='ltr'><strong>rogo</strong></span> <span class='ocrx_word' id='word_1_288' title='bbox 1843 2011 1914 2067; x_wconf 92' lang='lat' dir='ltr'><strong>te,</strong></span> <span class='ocrx_word' id='word_1_289' title='bbox 1943 2015 2010 2054; x_wconf 91' lang='lat' dir='ltr'><strong>ne</strong></span> <span class='ocrx_word' id='word_1_290' title='bbox 2045 2015 2131 2054; x_wconf 88' lang='lat' dir='ltr'><strong>me</strong></span> 
     </span>
    </p>
   </div>
   <div class='ocr_carea' id='block_1_38' title="bbox 547 2093 2129 2173">
    <p class='ocr_par' dir='ltr' id='par_1_38' title="bbox 547 2093 2129 2173">
     <span class='ocr_line' id='line_1_38' title="bbox 547 2093 2129 2173; baseline -0.008 -15"><span class='ocrx_word' id='word_1_291' title='bbox 547 2104 789 2173; x_wconf 69' lang='lat' dir='ltr'><strong>capellas</strong></span> <span class='ocrx_word' id='word_1_292' title='bbox 815 2111 937 2172; x_wconf 91' lang='lat' dir='ltr'><strong>post</strong></span> <span class='ocrx_word' id='word_1_293' title='bbox 968 2111 1177 2154; x_wconf 90' lang='lat' dir='ltr'><strong>tantum</strong></span> <span class='ocrx_word' id='word_1_294' title='bbox 1218 2107 1454 2168; x_wconf 88' lang='lat' dir='ltr'><strong>tempus.</strong></span> <span class='ocrx_word' id='word_1_295' title='bbox 1499 2097 1638 2151; x_wconf 88' lang='lat' dir='ltr'><strong>Dicit</strong></span> <span class='ocrx_word' id='word_1_296' title='bbox 1676 2094 1725 2149; x_wconf 87' lang='lat' dir='ltr'><strong>ei</strong></span> <span class='ocrx_word' id='word_1_297' title='bbox 1761 2097 1951 2149; x_wconf 85' lang='lat' dir='ltr'><strong>beatus</strong></span> <span class='ocrx_word' id='word_1_298' title='bbox 1997 2093 2129 2147; x_wconf 84' lang='lat' dir='ltr'><strong>Par-</strong></span> 
     </span>
    </p>
   </div>
   <div class='ocr_carea' id='block_1_39' title="bbox 550 2184 2130 2262">
    <p class='ocr_par' dir='ltr' id='par_1_39' title="bbox 550 2184 2130 2262">
     <span class='ocr_line' id='line_1_39' title="bbox 550 2184 2130 2262; baseline -0.008 -12"><span class='ocrx_word' id='word_1_299' title='bbox 550 2197 806 2251; x_wconf 89' lang='lat' dir='ltr'><strong>thenius:</strong></span> <span class='ocrx_word' id='word_1_300' title='bbox 842 2195 1004 2249; x_wconf 84' lang='lat' dir='ltr'><strong>Estne</strong></span> <span class='ocrx_word' id='word_1_301' title='bbox 1044 2191 1262 2262; x_wconf 79' lang='lat' dir='ltr'><strong>longum</strong></span> <span class='ocrx_word' id='word_1_302' title='bbox 1302 2200 1537 2258; x_wconf 90' lang='lat' dir='ltr'><strong>tempus,</strong></span> <span class='ocrx_word' id='word_1_303' title='bbox 1571 2203 1635 2243; x_wconf 75' lang='lat' dir='ltr'><strong>ex</strong></span> <span class='ocrx_word' id='word_1_304' title='bbox 1672 2202 1780 2258; x_wconf 89' lang='lat' dir='ltr'><strong>quo</strong></span> <span class='ocrx_word' id='word_1_305' title='bbox 1840 2186 1894 2240; x_wconf 91' lang='lat' dir='ltr'><strong>in</strong></span> <span class='ocrx_word' id='word_1_306' title='bbox 1932 2200 1998 2239; x_wconf 94' lang='lat' dir='ltr'><strong>eo</strong></span> <span class='ocrx_word' id='word_1_307' title='bbox 2029 2184 2130 2238; x_wconf 88' lang='lat' dir='ltr'><strong>ha-</strong></span> 
     </span>
    </p>
   </div>
   <div class='ocr_carea' id='block_1_40' title="bbox 548 2279 2134 2355">
    <p class='ocr_par' dir='ltr' id='par_1_40' title="bbox 548 2279 2134 2355">
     <span class='ocr_line' id='line_1_40' title="bbox 548 2279 2134 2355; baseline -0.008 -11"><span class='ocrx_word' id='word_1_308' title='bbox 548 2289 733 2344; x_wconf 85' lang='lat' dir='ltr'><strong>bitas?</strong></span> <span class='ocrx_word' id='word_1_309' title='bbox 760 2289 904 2342; x_wconf 81' lang='lat' dir='ltr'><strong>Dixit</strong></span> <span class='ocrx_word' id='word_1_310' title='bbox 959 2288 1172 2342; x_wconf 64' lang='lat' dir='ltr'><strong>daemon</strong></span> <span class='ocrx_word' id='word_1_311' title='bbox 1208 2303 1222 2340; x_wconf 89' lang='lat'><strong>:</strong></span> <span class='ocrx_word' id='word_1_312' title='bbox 1264 2286 1308 2338; x_wconf 83' lang='lat' dir='ltr'><strong>A</strong></span> <span class='ocrx_word' id='word_1_313' title='bbox 1339 2285 1591 2355; x_wconf 79' lang='lat' dir='ltr'><strong>pueritia,</strong></span> <span class='ocrx_word' id='word_1_314' title='bbox 1632 2295 1734 2336; x_wconf 91' lang='lat' dir='ltr'><strong>nec</strong></span> <span class='ocrx_word' id='word_1_315' title='bbox 1795 2279 1870 2334; x_wconf 82' lang='lat' dir='ltr'><strong>iui</strong></span> <span class='ocrx_word' id='word_1_316' title='bbox 1904 2279 1994 2332; x_wconf 91' lang='lat' dir='ltr'><strong>ulli</strong></span> <span class='ocrx_word' id='word_1_317' title='bbox 2034 2294 2134 2332; x_wconf 85' lang='lat' dir='ltr'><strong>un-</strong></span> 
     </span>
    </p>
   </div>
   <div class='ocr_carea' id='block_1_41' title="bbox 549 2373 2133 2450">
    <p class='ocr_par' dir='ltr' id='par_1_41' title="bbox 549 2373 2133 2450">
     <span class='ocr_line' id='line_1_41' title="bbox 549 2373 2133 2450; baseline -0.007 -18"><span class='ocrx_word' id='word_1_318' title='bbox 549 2395 712 2450; x_wconf 82' lang='lat' dir='ltr'><strong>quam</strong></span> <span class='ocrx_word' id='word_1_319' title='bbox 749 2380 1026 2450; x_wconf 77' lang='lat' dir='ltr'><strong>cognitus,</strong></span> <span class='ocrx_word' id='word_1_320' title='bbox 1058 2378 1160 2432; x_wconf 87' lang='lat' dir='ltr'><strong>nisi</strong></span> <span class='ocrx_word' id='word_1_321' title='bbox 1200 2391 1345 2430; x_wconf 91' lang='lat' dir='ltr'><strong>nunc</strong></span> <span class='ocrx_word' id='word_1_322' title='bbox 1372 2391 1403 2430; x_wconf 88' lang='lat' dir='ltr'><strong>a</strong></span> <span class='ocrx_word' id='word_1_323' title='bbox 1457 2385 1548 2429; x_wconf 86' lang='lat' dir='ltr'><strong>te:</strong></span> <span class='ocrx_word' id='word_1_324' title='bbox 1587 2383 1639 2428; x_wconf 91' lang='lat' dir='ltr'><strong>tu</strong></span> <span class='ocrx_word' id='word_1_325' title='bbox 1674 2373 1852 2426; x_wconf 89' lang='lat' dir='ltr'><strong>autem</strong></span> <span class='ocrx_word' id='word_1_326' title='bbox 1912 2385 1998 2424; x_wconf 89' lang='lat' dir='ltr'><strong>me</strong></span> <span class='ocrx_word' id='word_1_327' title='bbox 2037 2383 2133 2424; x_wconf 78' lang='lat' dir='ltr'><strong>ex-</strong></span> 
     </span>
    </p>
   </div>
   <div class='ocr_carea' id='block_1_42' title="bbox 554 2462 2131 2542">
    <p class='ocr_par' dir='ltr' id='par_1_42' title="bbox 554 2462 2131 2542">
     <span class='ocr_line' id='line_1_42' title="bbox 554 2462 2131 2542; baseline -0.009 -15"><span class='ocrx_word' id='word_1_328' title='bbox 554 2473 733 2542; x_wconf 79' lang='lat' dir='ltr'><strong>pellis,</strong></span> <span class='ocrx_word' id='word_1_329' title='bbox 761 2480 818 2525; x_wconf 91' lang='lat' dir='ltr'><strong>ut</strong></span> <span class='ocrx_word' id='word_1_330' title='bbox 846 2472 1022 2535; x_wconf 88' lang='lat' dir='ltr'><strong>video,</strong></span> <span class='ocrx_word' id='word_1_331' title='bbox 1051 2479 1104 2524; x_wconf 91' lang='lat' dir='ltr'><strong>et</strong></span> <span class='ocrx_word' id='word_1_332' title='bbox 1136 2483 1242 2538; x_wconf 89' lang='lat' dir='ltr'><strong>quo</strong></span> <span class='ocrx_word' id='word_1_333' title='bbox 1265 2469 1424 2538; x_wconf 87' lang='lat' dir='ltr'><strong>jubes</strong></span> <span class='ocrx_word' id='word_1_334' title='bbox 1465 2481 1550 2520; x_wconf 91' lang='lat' dir='ltr'><strong>me</strong></span> <span class='ocrx_word' id='word_1_335' title='bbox 1592 2464 1791 2518; x_wconf 85' lang='lat' dir='ltr'><strong>abire?</strong></span> <span class='ocrx_word' id='word_1_336' title='bbox 1823 2462 1962 2515; x_wconf 82' lang='lat' dir='ltr'><strong>Dixit</strong></span> <span class='ocrx_word' id='word_1_337' title='bbox 1998 2476 2131 2514; x_wconf 87' lang='lat' dir='ltr'><strong>sau-</strong></span> 
     </span>
    </p>
   </div>
   <div class='ocr_carea' id='block_1_43' title="bbox 551 2555 2134 2631">
    <p class='ocr_par' dir='ltr' id='par_1_43' title="bbox 551 2555 2134 2631">
     <span class='ocr_line' id='line_1_43' title="bbox 551 2555 2134 2631; baseline -0.009 -11"><span class='ocrx_word' id='word_1_338' title='bbox 551 2575 712 2622; x_wconf 87' lang='lat' dir='ltr'><strong>ctus:</strong></span> <span class='ocrx_word' id='word_1_339' title='bbox 741 2563 822 2618; x_wconf 91' lang='lat' dir='ltr'><strong>Do</strong></span> <span class='ocrx_word' id='word_1_340' title='bbox 867 2565 961 2618; x_wconf 86' lang='lat' dir='ltr'><strong>tibi</strong></span> <span class='ocrx_word' id='word_1_341' title='bbox 1009 2563 1208 2628; x_wconf 87' lang='lat' dir='ltr'><strong>locum,</strong></span> <span class='ocrx_word' id='word_1_342' title='bbox 1238 2575 1347 2630; x_wconf 88' lang='lat' dir='ltr'><strong>quo</strong></span> <span class='ocrx_word' id='word_1_343' title='bbox 1386 2558 1774 2631; x_wconf 81' lang='lat' dir='ltr'><strong>proﬁciscaris.</strong></span> <span class='ocrx_word' id='word_1_344' title='bbox 1829 2555 1972 2608; x_wconf 86' lang='lat' dir='ltr'><strong>Dicit</strong></span> <span class='ocrx_word' id='word_1_345' title='bbox 2027 2557 2134 2606; x_wconf 72' lang='lat' dir='ltr'><strong>da:-</strong></span> 
     </span>
    </p>
   </div>
   <div class='ocr_carea' id='block_1_44' title="bbox 553 2643 2130 2717">
    <p class='ocr_par' dir='ltr' id='par_1_44' title="bbox 553 2643 2130 2717">
     <span class='ocr_line' id='line_1_44' title="bbox 553 2643 2130 2717; baseline -0.01 -7"><span class='ocrx_word' id='word_1_346' title='bbox 553 2671 678 2710; x_wconf 89' lang='lat' dir='ltr'><strong>mon</strong></span> <span class='ocrx_word' id='word_1_347' title='bbox 710 2671 725 2708; x_wconf 89' lang='lat'><strong>:</strong></span> <span class='ocrx_word' id='word_1_348' title='bbox 759 2653 996 2709; x_wconf 85' lang='lat' dir='ltr'><strong>Omnino</strong></span> <span class='ocrx_word' id='word_1_349' title='bbox 1027 2653 1177 2707; x_wconf 89' lang='lat' dir='ltr'><strong>dices</strong></span> <span class='ocrx_word' id='word_1_350' title='bbox 1213 2649 1366 2717; x_wconf 91' lang='lat' dir='ltr'><strong>mihi,</strong></span> <span class='ocrx_word' id='word_1_351' title='bbox 1409 2649 1509 2702; x_wconf 86' lang='lat' dir='ltr'><strong>Abi</strong></span> <span class='ocrx_word' id='word_1_352' title='bbox 1545 2649 1598 2702; x_wconf 90' lang='lat' dir='ltr'><strong>in</strong></span> <span class='ocrx_word' id='word_1_353' title='bbox 1655 2660 1871 2716; x_wconf 87' lang='lat' dir='ltr'><strong>porcos.</strong></span> <span class='ocrx_word' id='word_1_354' title='bbox 1912 2643 2051 2698; x_wconf 88' lang='lat' dir='ltr'><strong>Dicit</strong></span> <span class='ocrx_word' id='word_1_355' title='bbox 2081 2643 2130 2695; x_wconf 90' lang='lat' dir='ltr'><strong>ei</strong></span> 
     </span>
    </p>
   </div>
   <div class='ocr_carea' id='block_1_45' title="bbox 551 2737 2134 2811">
    <p class='ocr_par' dir='ltr' id='par_1_45' title="bbox 551 2737 2134 2811">
     <span class='ocr_line' id='line_1_45' title="bbox 551 2737 2134 2811; baseline -0.01 -8"><span class='ocrx_word' id='word_1_356' title='bbox 551 2755 776 2804; x_wconf 81' lang='lat' dir='ltr'><strong>sanctus</strong></span> <span class='ocrx_word' id='word_1_357' title='bbox 805 2762 821 2800; x_wconf 89' lang='lat'><strong>:</strong></span> <span class='ocrx_word' id='word_1_358' title='bbox 854 2745 1094 2811; x_wconf 83' lang='lat' dir='ltr'><strong>Minime,</strong></span> <span class='ocrx_word' id='word_1_359' title='bbox 1127 2743 1220 2800; x_wconf 90' lang='lat' dir='ltr'><strong>sed</strong></span> <span class='ocrx_word' id='word_1_360' title='bbox 1254 2744 1323 2798; x_wconf 91' lang='lat' dir='ltr'><strong>do</strong></span> <span class='ocrx_word' id='word_1_361' title='bbox 1367 2743 1461 2796; x_wconf 91' lang='lat' dir='ltr'><strong>tibi</strong></span> <span class='ocrx_word' id='word_1_362' title='bbox 1501 2743 1774 2796; x_wconf 85' lang='lat' dir='ltr'><strong>hominem</strong></span> <span class='ocrx_word' id='word_1_363' title='bbox 1833 2737 2134 2802; x_wconf 88' lang='lat' dir='ltr'><strong>humilem,-</strong></span> 
     </span>
    </p>
   </div>
   <div class='ocr_carea' id='block_1_46' title="bbox 553 2830 2138 2909">
    <p class='ocr_par' dir='ltr' id='par_1_46' title="bbox 553 2830 2138 2909">
     <span class='ocr_line' id='line_1_46' title="bbox 553 2830 2138 2909; baseline -0.005 -17"><span class='ocrx_word' id='word_1_364' title='bbox 553 2849 610 2893; x_wconf 89' lang='lat' dir='ltr'><strong>et</strong></span> <span class='ocrx_word' id='word_1_365' title='bbox 640 2839 918 2909; x_wconf 79' lang='lat' dir='ltr'><strong>ingressus</strong></span> <span class='ocrx_word' id='word_1_366' title='bbox 954 2837 1007 2891; x_wconf 92' lang='lat' dir='ltr'><strong>in</strong></span> <span class='ocrx_word' id='word_1_367' title='bbox 1035 2851 1182 2900; x_wconf 89' lang='lat' dir='ltr'><strong>eum,</strong></span> <span class='ocrx_word' id='word_1_368' title='bbox 1215 2836 1328 2890; x_wconf 89' lang='lat' dir='ltr'><strong>illic</strong></span> <span class='ocrx_word' id='word_1_369' title='bbox 1365 2834 1574 2888; x_wconf 85' lang='lat' dir='ltr'><strong>habita.</strong></span> <span class='ocrx_word' id='word_1_370' title='bbox 1610 2830 1767 2885; x_wconf 85' lang='lat' dir='ltr'><strong>Nunc</strong></span> <span class='ocrx_word' id='word_1_371' title='bbox 1803 2845 1931 2885; x_wconf 77' lang='lat' dir='ltr'><strong>vero</strong></span> <span class='ocrx_word' id='word_1_372' title='bbox 1977 2845 2042 2884; x_wconf 80' lang='lat' dir='ltr'><strong>ex</strong></span> <span class='ocrx_word' id='word_1_373' title='bbox 2072 2844 2138 2884; x_wconf 91' lang='lat' dir='ltr'><strong>eo</strong></span> 
     </span>
    </p>
   </div>
   <div class='ocr_carea' id='block_1_47' title="bbox 552 2920 2138 2999">
    <p class='ocr_par' dir='ltr' id='par_1_47' title="bbox 552 2920 2138 2999">
     <span class='ocr_line' id='line_1_47' title="bbox 552 2920 2138 2999; baseline -0.006 -17"><span class='ocrx_word' id='word_1_374' title='bbox 552 2930 838 2999; x_wconf 81' lang='lat' dir='ltr'><strong>egredere.</strong></span> <span class='ocrx_word' id='word_1_375' title='bbox 902 2926 1050 2981; x_wconf 80' lang='lat' dir='ltr'><strong>Dixit</strong></span> <span class='ocrx_word' id='word_1_376' title='bbox 1098 2927 1308 2981; x_wconf 69' lang='lat' dir='ltr'><strong>daenwn</strong></span> <span class='ocrx_word' id='word_1_377' title='bbox 1345 2939 1359 2978; x_wconf 89' lang='lat'><strong>:</strong></span> <span class='ocrx_word' id='word_1_378' title='bbox 1394 2921 1450 2976; x_wconf 91' lang='lat' dir='ltr'><strong>lu</strong></span> <span class='ocrx_word' id='word_1_379' title='bbox 1488 2926 1716 2976; x_wconf 82' lang='lat' dir='ltr'><strong>veritate</strong></span> <span class='ocrx_word' id='word_1_380' title='bbox 1749 2921 1852 2974; x_wconf 91' lang='lat' dir='ltr'><strong>hoc</strong></span> <span class='ocrx_word' id='word_1_381' title='bbox 1882 2920 2038 2986; x_wconf 81' lang='lat' dir='ltr'><strong>facis,</strong></span> <span class='ocrx_word' id='word_1_382' title='bbox 2070 2935 2138 2973; x_wconf 87' lang='lat' dir='ltr'><strong>an</strong></span> 
     </span>
    </p>
   </div>
   <div class='ocr_carea' id='block_1_48' title="bbox 552 3013 2137 3086">
    <p class='ocr_par' dir='ltr' id='par_1_48' title="bbox 552 3013 2137 3086">
     <span class='ocr_line' id='line_1_48' title="bbox 552 3013 2137 3086; baseline -0.006 -12"><span class='ocrx_word' id='word_1_383' title='bbox 552 3019 730 3074; x_wconf 85' lang='lat' dir='ltr'><strong>solum</strong></span> <span class='ocrx_word' id='word_1_384' title='bbox 765 3020 866 3074; x_wconf 91' lang='lat' dir='ltr'><strong>hoc</strong></span> <span class='ocrx_word' id='word_1_385' title='bbox 889 3019 1049 3086; x_wconf 90' lang='lat' dir='ltr'><strong>dicis,</strong></span> <span class='ocrx_word' id='word_1_386' title='bbox 1078 3017 1208 3071; x_wconf 88' lang='lat' dir='ltr'><strong>dum</strong></span> <span class='ocrx_word' id='word_1_387' title='bbox 1258 3030 1346 3070; x_wconf 89' lang='lat' dir='ltr'><strong>me</strong></span> <span class='ocrx_word' id='word_1_388' title='bbox 1379 3013 1650 3084; x_wconf 74' lang='lat' dir='ltr'><strong>eieceris?</strong></span> <span class='ocrx_word' id='word_1_389' title='bbox 1678 3013 1823 3067; x_wconf 79' lang='lat' dir='ltr'><strong>Dixit</strong></span> <span class='ocrx_word' id='word_1_390' title='bbox 1877 3021 2137 3067; x_wconf 87' lang='lat' dir='ltr'><strong>sanctus:</strong></span> 
     </span>
    </p>
   </div>
   <div class='ocr_carea' id='block_1_49' title="bbox 2233 1912 3840 1988">
    <p class='ocr_par' dir='ltr' id='par_1_49' title="bbox 2233 1912 3840 1988">
     <span class='ocr_line' id='line_1_49' title="bbox 2233 1912 3840 1988; baseline -0.004 -16"><span class='ocrx_word' id='word_1_391' title='bbox 2233 1920 2392 1977; x_wconf 78' lang='grc' dir='ltr'>Θεοῦ.</span> <span class='ocrx_word' id='word_1_392' title='bbox 2436 1920 2496 1973; x_wconf 91' lang='lat'><strong>&#39;0</strong></span> <span class='ocrx_word' id='word_1_393' title='bbox 2527 1921 2736 1988; x_wconf 85' lang='grc' dir='ltr'>δαίμων</span> <span class='ocrx_word' id='word_1_394' title='bbox 2771 1916 2956 1975; x_wconf 76' lang='grc' dir='ltr'>εἶπενο</span> <span class='ocrx_word' id='word_1_395' title='bbox 3001 1921 3166 1972; x_wconf 80' lang='grc' dir='ltr'>’Ὀλον</span> <span class='ocrx_word' id='word_1_396' title='bbox 3199 1917 3330 1970; x_wconf 86' lang='grc' dir='ltr'>αὐτό</span> <span class='ocrx_word' id='word_1_397' title='bbox 3361 1919 3530 1981; x_wconf 78' lang='grc' dir='ltr'>ἐστιν,</span> <span class='ocrx_word' id='word_1_398' title='bbox 3564 1916 3653 1968; x_wconf 80' lang='grc' dir='ltr'><strong>ἵνα</strong></span> <span class='ocrx_word' id='word_1_399' title='bbox 3693 1912 3840 1967; x_wconf 79' lang='grc' dir='ltr'>διώο</span> 
     </span>
    </p>
   </div>
   <div class='ocr_carea' id='block_1_50' title="bbox 2233 2004 3841 2084">
    <p class='ocr_par' dir='ltr' id='par_1_50' title="bbox 2233 2004 3841 2084">
     <span class='ocr_line' id='line_1_50' title="bbox 2233 2004 3841 2084; baseline -0.014 -7"><span class='ocrx_word' id='word_1_400' title='bbox 2233 2012 2332 2082; x_wconf 79' lang='grc' dir='ltr'><strong>ξης</strong></span> <span class='ocrx_word' id='word_1_401' title='bbox 2367 2030 2473 2083; x_wconf 59' lang='lat' dir='ltr'><strong>iis;</strong></span> <span class='ocrx_word' id='word_1_402' title='bbox 2513 2013 2626 2084; x_wconf 85' lang='grc' dir='ltr'><strong>Μὴ,</strong></span> <span class='ocrx_word' id='word_1_403' title='bbox 2675 2013 2871 2083; x_wconf 85' lang='grc' dir='ltr'>δέομαί</span> <span class='ocrx_word' id='word_1_404' title='bbox 2905 2030 3022 2078; x_wconf 90' lang='grc' dir='ltr'>σου,</span> <span class='ocrx_word' id='word_1_405' title='bbox 3081 2011 3223 2082; x_wconf 86' lang='grc' dir='ltr'><strong>μετά</strong></span> <span class='ocrx_word' id='word_1_406' title='bbox 3253 2008 3509 2063; x_wconf 81' lang='grc' dir='ltr'>τοσοῦτον</span> <span class='ocrx_word' id='word_1_407' title='bbox 3531 2005 3725 2077; x_wconf 83' lang='grc' dir='ltr'>χρόνον</span> <span class='ocrx_word' id='word_1_408' title='bbox 3754 2004 3841 2075; x_wconf 81' lang='grc' dir='ltr'>μὴ</span> 
     </span>
    </p>
   </div>
   <div class='ocr_carea' id='block_1_51' title="bbox 2233 2098 3841 2178">
    <p class='ocr_par' dir='ltr' id='par_1_51' title="bbox 2233 2098 3841 2178">
     <span class='ocr_line' id='line_1_51' title="bbox 2233 2098 3841 2178; baseline 0.007 -21"><span class='ocrx_word' id='word_1_409' title='bbox 2233 2106 2472 2178; x_wconf 77' lang='grc' dir='ltr'>ἐκϐάλῃς</span> <span class='ocrx_word' id='word_1_410' title='bbox 2529 2124 2620 2175; x_wconf 89' lang='grc' dir='ltr'><strong>με.</strong></span> <span class='ocrx_word' id='word_1_411' title='bbox 2653 2107 2818 2175; x_wconf 83' lang='grc' dir='ltr'>Λέγει</span> <span class='ocrx_word' id='word_1_412' title='bbox 2865 2105 3016 2176; x_wconf 85' lang='grc' dir='ltr'>αὑτῷ</span> <span class='ocrx_word' id='word_1_413' title='bbox 3047 2106 3074 2157; x_wconf 85' lang='grc' dir='ltr'>ὁ</span> <span class='ocrx_word' id='word_1_414' title='bbox 3125 2104 3436 2174; x_wconf 83' lang='grc' dir='ltr'>μακάριος·</span> <span class='ocrx_word' id='word_1_415' title='bbox 3473 2102 3685 2172; x_wconf 76' lang='grc' dir='ltr'>Χρόνον</span> <span class='ocrx_word' id='word_1_416' title='bbox 3713 2098 3841 2169; x_wconf 71' lang='grc' dir='ltr'>γὰρ</span> 
     </span>
    </p>
   </div>
   <div class='ocr_carea' id='block_1_52' title="bbox 2233 2187 3839 2270">
    <p class='ocr_par' dir='ltr' id='par_1_52' title="bbox 2233 2187 3839 2270">
     <span class='ocr_line' id='line_1_52' title="bbox 2233 2187 3839 2270; baseline -0.007 -16"><span class='ocrx_word' id='word_1_417' title='bbox 2233 2199 2398 2270; x_wconf 77' lang='grc' dir='ltr'>ἔχεις,</span> <span class='ocrx_word' id='word_1_418' title='bbox 2449 2199 2542 2269; x_wconf 80' lang='grc' dir='ltr'><strong>ἀφ’</strong></span> <span class='ocrx_word' id='word_1_419' title='bbox 2570 2192 2631 2254; x_wconf 72' lang='grc' dir='ltr'>οὗ</span> <span class='ocrx_word' id='word_1_420' title='bbox 2665 2199 2890 2270; x_wconf 75' lang='grc' dir='ltr'>ᾤκησας</span> <span class='ocrx_word' id='word_1_421' title='bbox 2927 2201 2987 2253; x_wconf 86' lang='grc' dir='ltr'><strong>ἐν</strong></span> <span class='ocrx_word' id='word_1_422' title='bbox 3021 2197 3191 2268; x_wconf 81' lang='grc' dir='ltr'>αὐτῷ.</span> <span class='ocrx_word' id='word_1_423' title='bbox 3264 2196 3324 2249; x_wconf 88' lang='lat'><strong>&#39;0</strong></span> <span class='ocrx_word' id='word_1_424' title='bbox 3374 2195 3586 2263; x_wconf 86' lang='grc' dir='ltr'>δαίμων</span> <span class='ocrx_word' id='word_1_425' title='bbox 3630 2187 3839 2246; x_wconf 78' lang='grc' dir='ltr'>εἷπεν’</span> 
     </span>
    </p>
   </div>
   <div class='ocr_carea' id='block_1_53' title="bbox 2247 2284 3842 2358">
    <p class='ocr_par' dir='ltr' id='par_1_53' title="bbox 2247 2284 3842 2358">
     <span class='ocr_line' id='line_1_53' title="bbox 2247 2284 3842 2358; baseline -0.004 -14"><span class='ocrx_word' id='word_1_426' title='bbox 2247 2293 2341 2345; x_wconf 87' lang='grc' dir='ltr'>Ἐκ</span> <span class='ocrx_word' id='word_1_427' title='bbox 2366 2292 2640 2357; x_wconf 86' lang='grc' dir='ltr'>παιδόθεν,</span> <span class='ocrx_word' id='word_1_428' title='bbox 2665 2292 2762 2345; x_wconf 78' lang='grc' dir='ltr'>καὶ</span> <span class='ocrx_word' id='word_1_429' title='bbox 2793 2293 2893 2344; x_wconf 85' lang='grc' dir='ltr'>οὐκ</span> <span class='ocrx_word' id='word_1_430' title='bbox 2912 2289 3214 2358; x_wconf 80' lang='grc' dir='ltr'>ἐγνώσθην,</span> <span class='ocrx_word' id='word_1_431' title='bbox 3245 2288 3294 2341; x_wconf 84' lang='grc' dir='ltr'>εἰ</span> <span class='ocrx_word' id='word_1_432' title='bbox 3321 2287 3397 2357; x_wconf 79' lang='grc' dir='ltr'>μὴ</span> <span class='ocrx_word' id='word_1_433' title='bbox 3425 2285 3520 2340; x_wconf 82' lang='grc' dir='ltr'>νῦν</span> <span class='ocrx_word' id='word_1_434' title='bbox 3550 2284 3657 2338; x_wconf 74' lang='grc' dir='ltr'>ὑπὸ</span> <span class='ocrx_word' id='word_1_435' title='bbox 3692 2284 3796 2338; x_wconf 81' lang='grc' dir='ltr'><strong>σοῦ</strong></span> <span class='ocrx_word' id='word_1_436' title='bbox 3825 2298 3842 2314; x_wconf 74' lang='grc'>⁸</span> 
     </span>
    </p>
   </div>
   <div class='ocr_carea' id='block_1_54' title="bbox 2237 2377 3844 2451">
    <p class='ocr_par' dir='ltr' id='par_1_54' title="bbox 2237 2377 3844 2451">
     <span class='ocr_line' id='line_1_54' title="bbox 2237 2377 3844 2451; baseline -0.006 -13"><span class='ocrx_word' id='word_1_437' title='bbox 2237 2385 2302 2438; x_wconf 80' lang='grc' dir='ltr'><strong>σὺ</strong></span> <span class='ocrx_word' id='word_1_438' title='bbox 2338 2384 2395 2437; x_wconf 80' lang='grc' dir='ltr'>δὲ</span> <span class='ocrx_word' id='word_1_439' title='bbox 2446 2383 2729 2446; x_wconf 79' lang='grc' dir='ltr'>ἐκϐάλλεις</span> <span class='ocrx_word' id='word_1_440' title='bbox 2767 2400 2835 2451; x_wconf 88' lang='grc' dir='ltr'><strong>με</strong></span> <span class='ocrx_word' id='word_1_441' title='bbox 2865 2399 2879 2412; x_wconf 90' lang='grc'><strong>·</strong></span> <span class='ocrx_word' id='word_1_442' title='bbox 2915 2383 3018 2436; x_wconf 83' lang='grc' dir='ltr'>ποῦ</span> <span class='ocrx_word' id='word_1_443' title='bbox 3065 2383 3384 2451; x_wconf 74' lang='grc' dir='ltr'>ἐπιτρέπεις</span> <span class='ocrx_word' id='word_1_444' title='bbox 3432 2377 3692 2432; x_wconf 83' lang='grc' dir='ltr'>ἀπελθεῖν</span> <span class='ocrx_word' id='word_1_445' title='bbox 3721 2393 3844 2448; x_wconf 55' lang='lat' dir='ltr'><strong>pe;</strong></span> 
     </span>
    </p>
   </div>
   <div class='ocr_carea' id='block_1_55' title="bbox 2249 2468 3844 2543">
    <p class='ocr_par' dir='ltr' id='par_1_55' title="bbox 2249 2468 3844 2543">
     <span class='ocr_line' id='line_1_55' title="bbox 2249 2468 3844 2543; baseline -0.006 -15"><span class='ocrx_word' id='word_1_446' title='bbox 2249 2475 2306 2528; x_wconf 90' lang='lat'><strong>&#39;0</strong></span> <span class='ocrx_word' id='word_1_447' title='bbox 2336 2477 2482 2539; x_wconf 77' lang='grc' dir='ltr'>ὅσιος</span> <span class='ocrx_word' id='word_1_448' title='bbox 2526 2471 2677 2528; x_wconf 80' lang='grc' dir='ltr'>εἶπεν</span> <span class='ocrx_word' id='word_1_449' title='bbox 2704 2490 2716 2500; x_wconf 76' lang='grc'><strong>⁸</strong></span> <span class='ocrx_word' id='word_1_450' title='bbox 2754 2473 2960 2543; x_wconf 83' lang='grc' dir='ltr'>Δίδωμί</span> <span class='ocrx_word' id='word_1_451' title='bbox 3005 2490 3088 2525; x_wconf 86' lang='grc' dir='ltr'><strong>σοι</strong></span> <span class='ocrx_word' id='word_1_452' title='bbox 3137 2474 3303 2525; x_wconf 78' lang='grc' dir='ltr'>τόπον</span> <span class='ocrx_word' id='word_1_453' title='bbox 3371 2469 3475 2522; x_wconf 83' lang='grc' dir='ltr'><strong>ποῦ</strong></span> <span class='ocrx_word' id='word_1_454' title='bbox 3518 2468 3844 2540; x_wconf 78' lang='grc' dir='ltr'>πορευθῇςο</span> 
     </span>
    </p>
   </div>
   <div class='ocr_carea' id='block_1_56' title="bbox 2246 2559 3850 2636">
    <p class='ocr_par' dir='ltr' id='par_1_56' title="bbox 2246 2559 3850 2636">
     <span class='ocr_line' id='line_1_56' title="bbox 2246 2559 3850 2636; baseline -0.005 -17"><span class='ocrx_word' id='word_1_455' title='bbox 2246 2565 2306 2619; x_wconf 79' lang='grc' dir='ltr'><strong>Ὀ</strong></span> <span class='ocrx_word' id='word_1_456' title='bbox 2329 2567 2543 2636; x_wconf 86' lang='grc' dir='ltr'>δαίμων</span> <span class='ocrx_word' id='word_1_457' title='bbox 2573 2560 2746 2617; x_wconf 78' lang='grc' dir='ltr'>εἶπενο</span> <span class='ocrx_word' id='word_1_458' title='bbox 2778 2563 3001 2626; x_wconf 78' lang='grc' dir='ltr'>Πάντως</span> <span class='ocrx_word' id='word_1_459' title='bbox 3031 2564 3176 2634; x_wconf 73' lang='grc' dir='ltr'>ἐρεῖς</span> <span class='ocrx_word' id='word_1_460' title='bbox 3199 2580 3286 2632; x_wconf 91' lang='grc' dir='ltr'><strong>μοι</strong></span> <span class='ocrx_word' id='word_1_461' title='bbox 3315 2559 3573 2614; x_wconf 84' lang='grc' dir='ltr'>ἀπελθεῖν</span> <span class='ocrx_word' id='word_1_462' title='bbox 3596 2561 3676 2622; x_wconf 85' lang='grc' dir='ltr'>εἰς</span> <span class='ocrx_word' id='word_1_463' title='bbox 3708 2561 3850 2622; x_wconf 68' lang='grc' dir='ltr'>τοὺς</span> 
     </span>
    </p>
   </div>
   <div class='ocr_carea' id='block_1_57' title="bbox 2238 2652 3851 2728">
    <p class='ocr_par' dir='ltr' id='par_1_57' title="bbox 2238 2652 3851 2728">
     <span class='ocr_line' id='line_1_57' title="bbox 2238 2652 3851 2728; baseline -0.003 -19"><span class='ocrx_word' id='word_1_464' title='bbox 2238 2658 2489 2728; x_wconf 83' lang='grc' dir='ltr'>χοίρους;</span> <span class='ocrx_word' id='word_1_465' title='bbox 2524 2653 2689 2709; x_wconf 82' lang='grc' dir='ltr'>Εἶπεν</span> <span class='ocrx_word' id='word_1_466' title='bbox 2720 2654 2874 2724; x_wconf 81' lang='grc' dir='ltr'>αὐτῷ</span> <span class='ocrx_word' id='word_1_467' title='bbox 2915 2658 2943 2709; x_wconf 85' lang='grc' dir='ltr'>ὁ</span> <span class='ocrx_word' id='word_1_468' title='bbox 2968 2656 3114 2717; x_wconf 83' lang='grc' dir='ltr'>ὅσιος</span> <span class='ocrx_word' id='word_1_469' title='bbox 3134 2671 3146 2684; x_wconf 92' lang='grc'><strong>·</strong></span> <span class='ocrx_word' id='word_1_470' title='bbox 3184 2653 3338 2724; x_wconf 75' lang='grc' dir='ltr'>Οὐχὶ,</span> <span class='ocrx_word' id='word_1_471' title='bbox 3363 2653 3502 2708; x_wconf 67' lang='grc' dir='ltr'>ἀλλὰ</span> <span class='ocrx_word' id='word_1_472' title='bbox 3531 2652 3726 2722; x_wconf 83' lang='grc' dir='ltr'>δίδωμί</span> <span class='ocrx_word' id='word_1_473' title='bbox 3756 2669 3851 2705; x_wconf 86' lang='grc' dir='ltr'><strong>σοι</strong></span> 
     </span>
    </p>
   </div>
   <div class='ocr_carea' id='block_1_58' title="bbox 2239 2744 3849 2819">
    <p class='ocr_par' dir='ltr' id='par_1_58' title="bbox 2239 2744 3849 2819">
     <span class='ocr_line' id='line_1_58' title="bbox 2239 2744 3849 2819; baseline -0.003 -17"><span class='ocrx_word' id='word_1_474' title='bbox 2239 2750 2563 2819; x_wconf 83' lang='grc' dir='ltr'>ἄνθρωπον·</span> <span class='ocrx_word' id='word_1_475' title='bbox 2597 2750 2662 2802; x_wconf 80' lang='grc' dir='ltr'><strong>σὺ</strong></span> <span class='ocrx_word' id='word_1_476' title='bbox 2687 2749 2744 2802; x_wconf 74' lang='grc' dir='ltr'>δὲ</span> <span class='ocrx_word' id='word_1_477' title='bbox 2775 2747 3035 2800; x_wconf 84' lang='grc' dir='ltr'>εἰσελθὼν</span> <span class='ocrx_word' id='word_1_478' title='bbox 3075 2747 3346 2816; x_wconf 75' lang='grc' dir='ltr'>κατῴκεις</span> <span class='ocrx_word' id='word_1_479' title='bbox 3378 2747 3526 2798; x_wconf 81' lang='grc' dir='ltr'>ἐκεῖ’</span> <span class='ocrx_word' id='word_1_480' title='bbox 3566 2744 3664 2797; x_wconf 79' lang='grc' dir='ltr'>νῦν</span> <span class='ocrx_word' id='word_1_481' title='bbox 3694 2745 3751 2798; x_wconf 83' lang='grc' dir='ltr'>δὲ</span> <span class='ocrx_word' id='word_1_482' title='bbox 3780 2746 3849 2798; x_wconf 81' lang='grc' dir='ltr'><strong>ὲκ</strong></span> 
     </span>
    </p>
   </div>
   <div class='ocr_carea' id='block_1_59' title="bbox 2240 2834 3855 2909">
    <p class='ocr_par' dir='ltr' id='par_1_59' title="bbox 2240 2834 3855 2909">
     <span class='ocr_line' id='line_1_59' title="bbox 2240 2834 3855 2909; baseline -0.001 -15"><span class='ocrx_word' id='word_1_483' title='bbox 2240 2840 2432 2894; x_wconf 83' lang='grc' dir='ltr'>τούτου</span> <span class='ocrx_word' id='word_1_484' title='bbox 2467 2840 2672 2904; x_wconf 81' lang='grc' dir='ltr'>ἔξελθε.</span> <span class='ocrx_word' id='word_1_485' title='bbox 2717 2842 2776 2892; x_wconf 88' lang='lat'><strong>&#39;0</strong></span> <span class='ocrx_word' id='word_1_486' title='bbox 2807 2839 3020 2909; x_wconf 82' lang='grc' dir='ltr'>δαίμων</span> <span class='ocrx_word' id='word_1_487' title='bbox 3059 2834 3212 2892; x_wconf 84' lang='grc' dir='ltr'>εἶπεν</span> <span class='ocrx_word' id='word_1_488' title='bbox 3236 2856 3250 2871; x_wconf 79' lang='grc' dir='ltr'><strong>ο</strong></span> <span class='ocrx_word' id='word_1_489' title='bbox 3295 2839 3384 2892; x_wconf 84' lang='grc' dir='ltr'>Ἑν</span> <span class='ocrx_word' id='word_1_490' title='bbox 3413 2838 3645 2908; x_wconf 67' lang='grc' dir='ltr'>ἀληθείᾳ</span> <span class='ocrx_word' id='word_1_491' title='bbox 3677 2838 3855 2893; x_wconf 76' lang='grc' dir='ltr'>τοῦτο</span> 
     </span>
    </p>
   </div>
   <div class='ocr_carea' id='block_1_60' title="bbox 2241 2927 3852 3003">
    <p class='ocr_par' dir='ltr' id='par_1_60' title="bbox 2241 2927 3852 3003">
     <span class='ocr_line' id='line_1_60' title="bbox 2241 2927 3852 3003; baseline -0.001 -17"><span class='ocrx_word' id='word_1_492' title='bbox 2241 2937 2437 2996; x_wconf 75' lang='grc' dir='ltr'>ποιοῖς,</span> <span class='ocrx_word' id='word_1_493' title='bbox 2466 2933 2496 3003; x_wconf 82' lang='grc' dir='ltr'>ἢ</span> <span class='ocrx_word' id='word_1_494' title='bbox 2534 2934 2637 2996; x_wconf 80' lang='grc' dir='ltr'><strong>ἓως</strong></span> <span class='ocrx_word' id='word_1_495' title='bbox 2665 2933 2758 2986; x_wconf 86' lang='grc' dir='ltr'>τοῦ</span> <span class='ocrx_word' id='word_1_496' title='bbox 2789 2933 3044 2986; x_wconf 78' lang='grc' dir='ltr'>ἐκϐαλεῖν</span> <span class='ocrx_word' id='word_1_497' title='bbox 3070 2950 3135 3002; x_wconf 88' lang='grc' dir='ltr'><strong>με</strong></span> <span class='ocrx_word' id='word_1_498' title='bbox 3161 2933 3320 3002; x_wconf 86' lang='grc' dir='ltr'>μόνον</span> <span class='ocrx_word' id='word_1_499' title='bbox 3343 2949 3356 2962; x_wconf 91' lang='grc'><strong>·</strong></span> <span class='ocrx_word' id='word_1_500' title='bbox 3394 2931 3452 2984; x_wconf 90' lang='lat'><strong>&#39;0</strong></span> <span class='ocrx_word' id='word_1_501' title='bbox 3481 2933 3626 2995; x_wconf 81' lang='grc' dir='ltr'>ὅσιος</span> <span class='ocrx_word' id='word_1_502' title='bbox 3645 2927 3813 2984; x_wconf 81' lang='grc' dir='ltr'>εἶπεν</span> <span class='ocrx_word' id='word_1_503' title='bbox 3833 2946 3852 2965; x_wconf 77' lang='grc'><strong><em>⁸</em></strong></span> 
     </span>
    </p>
   </div>
   <div class='ocr_carea' id='block_1_61' title="bbox 2254 3015 3856 3093">
    <p class='ocr_par' dir='ltr' id='par_1_61' title="bbox 2254 3015 3856 3093">
     <span class='ocr_line' id='line_1_61' title="bbox 2254 3015 3856 3093; baseline 0.001 -17"><span class='ocrx_word' id='word_1_504' title='bbox 2254 3022 2413 3093; x_wconf 72' lang='grc' dir='ltr'>Ἐμοὶ</span> <span class='ocrx_word' id='word_1_505' title='bbox 2445 3024 2548 3092; x_wconf 77' lang='grc' dir='ltr'><strong>μὲν</strong></span> <span class='ocrx_word' id='word_1_506' title='bbox 2593 3023 2744 3076; x_wconf 85' lang='grc' dir='ltr'>ἔστιν</span> <span class='ocrx_word' id='word_1_507' title='bbox 2777 3024 2806 3077; x_wconf 82' lang='grc' dir='ltr'>ὁ</span> <span class='ocrx_word' id='word_1_508' title='bbox 2833 3022 3122 3092; x_wconf 72' lang='grc' dir='ltr'>ἄνθρωπος</span> <span class='ocrx_word' id='word_1_509' title='bbox 3165 3023 3382 3092; x_wconf 74' lang='grc' dir='ltr'>ἕτοιμος</span> <span class='ocrx_word' id='word_1_510' title='bbox 3413 3023 3469 3074; x_wconf 87' lang='grc' dir='ltr'><strong>ἐν</strong></span> <span class='ocrx_word' id='word_1_511' title='bbox 3602 3021 3856 3090; x_wconf 78' lang='grc' dir='ltr'>ὀφείλεις</span> 
     </span>
    </p>
   </div>
   <div class='ocr_carea' id='block_1_62' title="bbox 556 3106 2139 3191">
    <p class='ocr_par' dir='ltr' id='par_1_62' title="bbox 556 3106 2139 3175">
     <span class='ocr_line' id='line_1_62' title="bbox 556 3106 2139 3175; baseline -0.009 -7"><span class='ocrx_word' id='word_1_512' title='bbox 556 3112 690 3168; x_wconf 90' lang='lat' dir='ltr'><strong>Dico</strong></span> <span class='ocrx_word' id='word_1_513' title='bbox 722 3111 817 3166; x_wconf 90' lang='lat' dir='ltr'><strong>tibi</strong></span> <span class='ocrx_word' id='word_1_514' title='bbox 859 3111 910 3164; x_wconf 92' lang='lat' dir='ltr'><strong>in</strong></span> <span class='ocrx_word' id='word_1_515' title='bbox 953 3109 1208 3174; x_wconf 86' lang='lat' dir='ltr'><strong>veritate,</strong></span> <span class='ocrx_word' id='word_1_516' title='bbox 1247 3106 1622 3175; x_wconf 88' lang='lat' dir='ltr'><strong>mihiquidem</strong></span> <span class='ocrx_word' id='word_1_517' title='bbox 1667 3115 1753 3161; x_wconf 91' lang='lat' dir='ltr'><strong>est</strong></span> <span class='ocrx_word' id='word_1_518' title='bbox 1794 3106 1954 3158; x_wconf 89' lang='lat' dir='ltr'><strong>homo</strong></span> <span class='ocrx_word' id='word_1_519' title='bbox 1975 3119 2139 3174; x_wconf 85' lang='lat' dir='ltr'><strong>para-</strong></span> 
     </span>
    </p>
   </div>
   <div class='ocr_carea' id='block_1_63' title="bbox 2246 3106 3856 3191">
    <p class='ocr_par' dir='ltr' id='par_1_63' title="bbox 2246 3113 3856 3185">
     <span class='ocr_line' id='line_1_63' title="bbox 2246 3113 3856 3185; baseline 0 -17"><span class='ocrx_word' id='word_1_520' title='bbox 2246 3116 2609 3184; x_wconf 81' lang='grc' dir='ltr'>κατοικῆσαι·</span> <span class='ocrx_word' id='word_1_521' title='bbox 2647 3119 2712 3168; x_wconf 75' lang='grc' dir='ltr'><strong>σὺ</strong></span> <span class='ocrx_word' id='word_1_522' title='bbox 2767 3114 2825 3168; x_wconf 88' lang='grc' dir='ltr'><strong>δὲ</strong></span> <span class='ocrx_word' id='word_1_523' title='bbox 2880 3114 3065 3181; x_wconf 77' lang='grc' dir='ltr'>ἔξελθε</span> <span class='ocrx_word' id='word_1_524' title='bbox 3117 3114 3210 3169; x_wconf 84' lang='grc' dir='ltr'>διὰ</span> <span class='ocrx_word' id='word_1_525' title='bbox 3257 3117 3480 3185; x_wconf 83' lang='grc' dir='ltr'>τάχους.</span> <span class='ocrx_word' id='word_1_526' title='bbox 3524 3113 3585 3169; x_wconf 93' lang='lat'><strong>&#39;0</strong></span> <span class='ocrx_word' id='word_1_527' title='bbox 3628 3115 3856 3185; x_wconf 81' lang='grc' dir='ltr'>δαίμων</span> 
     </span>
    </p>
   </div>
   <div class='ocr_carea' id='block_1_64' title="bbox 556 3197 2135 3273">
    <p class='ocr_par' dir='ltr' id='par_1_64' title="bbox 556 3197 2135 3273">
     <span class='ocr_line' id='line_1_64' title="bbox 556 3197 2135 3273; baseline -0.006 -16"><span class='ocrx_word' id='word_1_528' title='bbox 556 3212 668 3266; x_wconf 89' lang='lat' dir='ltr'><strong>tus,</strong></span> <span class='ocrx_word' id='word_1_529' title='bbox 700 3202 754 3256; x_wconf 92' lang='lat' dir='ltr'><strong>in</strong></span> <span class='ocrx_word' id='word_1_530' title='bbox 787 3216 895 3273; x_wconf 82' lang='lat' dir='ltr'><strong>quo</strong></span> <span class='ocrx_word' id='word_1_531' title='bbox 927 3199 1091 3255; x_wconf 85' lang='lat' dir='ltr'><strong>debes</strong></span> <span class='ocrx_word' id='word_1_532' title='bbox 1146 3199 1438 3254; x_wconf 84' lang='lat' dir='ltr'><strong>habitare:</strong></span> <span class='ocrx_word' id='word_1_533' title='bbox 1482 3197 1657 3253; x_wconf 90' lang='lat' dir='ltr'><strong>solum</strong></span> <span class='ocrx_word' id='word_1_534' title='bbox 1707 3201 1816 3252; x_wconf 93' lang='lat' dir='ltr'><strong>cito</strong></span> <span class='ocrx_word' id='word_1_535' title='bbox 1855 3197 2135 3262; x_wconf 79' lang='lat' dir='ltr'><strong>egredere.</strong></span> 
     </span>
    </p>
   </div>
   <div class='ocr_carea' id='block_1_65' title="bbox 558 3293 2138 3360">
    <p class='ocr_par' dir='ltr' id='par_1_65' title="bbox 558 3293 2138 3360">
     <span class='ocr_line' id='line_1_65' title="bbox 558 3293 2138 3360; baseline -0.006 -9"><span class='ocrx_word' id='word_1_536' title='bbox 558 3299 776 3352; x_wconf 68' lang='lat' dir='ltr'><strong>Dtemon</strong></span> <span class='ocrx_word' id='word_1_537' title='bbox 838 3306 1024 3351; x_wconf 87' lang='lat' dir='ltr'><strong>autem</strong></span> <span class='ocrx_word' id='word_1_538' title='bbox 1060 3294 1234 3349; x_wconf 85' lang='lat' dir='ltr'><strong>sancti</strong></span> <span class='ocrx_word' id='word_1_539' title='bbox 1284 3294 1458 3360; x_wconf 89' lang='lat' dir='ltr'><strong>pactis</strong></span> <span class='ocrx_word' id='word_1_540' title='bbox 1507 3293 1790 3347; x_wconf 78' lang='lat' dir='ltr'><strong>conventis</strong></span> <span class='ocrx_word' id='word_1_541' title='bbox 1823 3304 2138 3360; x_wconf 85' lang='lat' dir='ltr'><strong>persuasus,</strong></span> 
     </span>
    </p>
   </div>
   <div class='ocr_carea' id='block_1_66' title="bbox 554 3381 2143 3458">
    <p class='ocr_par' dir='ltr' id='par_1_66' title="bbox 554 3381 2143 3458">
     <span class='ocr_line' id='line_1_66' title="bbox 554 3381 2143 3458; baseline -0.003 -17"><span class='ocrx_word' id='word_1_542' title='bbox 554 3389 775 3458; x_wconf 85' lang='lat' dir='ltr'><strong>petebat</strong></span> <span class='ocrx_word' id='word_1_543' title='bbox 804 3397 863 3441; x_wconf 91' lang='lat' dir='ltr'><strong>ut</strong></span> <span class='ocrx_word' id='word_1_544' title='bbox 890 3386 1182 3456; x_wconf 89' lang='lat' dir='ltr'><strong>promissio</strong></span> <span class='ocrx_word' id='word_1_545' title='bbox 1228 3385 1584 3440; x_wconf 84' lang='lat' dir='ltr'><strong>deduceretur</strong></span> <span class='ocrx_word' id='word_1_546' title='bbox 1605 3385 1670 3436; x_wconf 84' lang='lat' dir='ltr'><strong>ad</strong></span> <span class='ocrx_word' id='word_1_547' title='bbox 1694 3382 1966 3437; x_wconf 63' lang='lat' dir='ltr'><strong>cile-ctum.</strong></span> <span class='ocrx_word' id='word_1_548' title='bbox 1989 3381 2143 3436; x_wconf 89' lang='lat' dir='ltr'><strong>Tune</strong></span> 
     </span>
    </p>
   </div>
   <div class='ocr_carea' id='block_1_67' title="bbox 555 3473 2140 3548">
    <p class='ocr_par' dir='ltr' id='par_1_67' title="bbox 555 3473 2140 3548">
     <span class='ocr_line' id='line_1_67' title="bbox 555 3473 2140 3548; baseline -0.006 -15"><span class='ocrx_word' id='word_1_549' title='bbox 555 3487 778 3534; x_wconf 83' lang='lat' dir='ltr'><strong>sanctus</strong></span> <span class='ocrx_word' id='word_1_550' title='bbox 811 3495 872 3533; x_wconf 90' lang='lat' dir='ltr'><strong>os</strong></span> <span class='ocrx_word' id='word_1_551' title='bbox 907 3479 1180 3548; x_wconf 86' lang='lat' dir='ltr'><strong>aperiens,</strong></span> <span class='ocrx_word' id='word_1_552' title='bbox 1232 3478 1372 3530; x_wconf 83' lang='lat' dir='ltr'><strong>dixit</strong></span> <span class='ocrx_word' id='word_1_553' title='bbox 1407 3476 1643 3530; x_wconf 73' lang='lat' dir='ltr'><strong>tlzemoni</strong></span> <span class='ocrx_word' id='word_1_554' title='bbox 1680 3491 1692 3529; x_wconf 90' lang='lat'><strong>:</strong></span> <span class='ocrx_word' id='word_1_555' title='bbox 1725 3473 1864 3528; x_wconf 86' lang='lat' dir='ltr'><strong>Ecce</strong></span> <span class='ocrx_word' id='word_1_556' title='bbox 1891 3488 1989 3543; x_wconf 75' lang='lat' dir='ltr'><strong>ego</strong></span> <span class='ocrx_word' id='word_1_557' title='bbox 2023 3489 2140 3525; x_wconf 85' lang='lat' dir='ltr'><strong>sum</strong></span> 
     </span>
    </p>
   </div>
   <div class='ocr_carea' id='block_1_68' title="bbox 557 3566 2141 3638">
    <p class='ocr_par' dir='ltr' id='par_1_68' title="bbox 557 3566 2141 3638">
     <span class='ocr_line' id='line_1_68' title="bbox 557 3566 2141 3638; baseline -0.006 -14"><span class='ocrx_word' id='word_1_558' title='bbox 557 3570 721 3624; x_wconf 84' lang='lat' dir='ltr'><strong>homo</strong></span> <span class='ocrx_word' id='word_1_559' title='bbox 749 3587 763 3623; x_wconf 87' lang='lat'><strong>:</strong></span> <span class='ocrx_word' id='word_1_560' title='bbox 795 3570 1099 3638; x_wconf 87' lang='lat' dir='ltr'><strong>ingredere,</strong></span> <span class='ocrx_word' id='word_1_561' title='bbox 1137 3578 1192 3622; x_wconf 89' lang='lat' dir='ltr'><strong>et</strong></span> <span class='ocrx_word' id='word_1_562' title='bbox 1220 3569 1269 3621; x_wconf 94' lang='lat' dir='ltr'><strong>in</strong></span> <span class='ocrx_word' id='word_1_563' title='bbox 1305 3583 1389 3621; x_wconf 89' lang='lat' dir='ltr'><strong>me</strong></span> <span class='ocrx_word' id='word_1_564' title='bbox 1419 3567 1697 3630; x_wconf 87' lang='lat' dir='ltr'><strong>iuhabita;</strong></span> <span class='ocrx_word' id='word_1_565' title='bbox 1729 3566 1937 3620; x_wconf 61' lang='lat' dir='ltr'><strong>(nemon</strong></span> <span class='ocrx_word' id='word_1_566' title='bbox 1967 3575 2141 3616; x_wconf 89' lang='lat' dir='ltr'><strong>autem</strong></span> 
     </span>
    </p>
   </div>
   <div class='ocr_carea' id='block_1_69' title="bbox 559 3657 2144 3732">
    <p class='ocr_par' dir='ltr' id='par_1_69' title="bbox 559 3657 2144 3732">
     <span class='ocr_line' id='line_1_69' title="bbox 559 3657 2144 3732; baseline -0.006 -16"><span class='ocrx_word' id='word_1_567' title='bbox 559 3673 815 3732; x_wconf 82' lang='lat' dir='ltr'><strong>tauquam</strong></span> <span class='ocrx_word' id='word_1_568' title='bbox 843 3662 911 3715; x_wconf 88' lang='lat' dir='ltr'><strong>ab</strong></span> <span class='ocrx_word' id='word_1_569' title='bbox 941 3663 1063 3729; x_wconf 65' lang='lat' dir='ltr'><strong>igne</strong></span> <span class='ocrx_word' id='word_1_570' title='bbox 1103 3669 1254 3714; x_wconf 91' lang='lat' dir='ltr'><strong>ustus</strong></span> <span class='ocrx_word' id='word_1_571' title='bbox 1289 3659 1360 3713; x_wconf 89' lang='lat' dir='ltr'><strong>ob</strong></span> <span class='ocrx_word' id='word_1_572' title='bbox 1409 3659 1484 3722; x_wconf 88' lang='lat' dir='ltr'><strong>id,</strong></span> <span class='ocrx_word' id='word_1_573' title='bbox 1512 3659 1653 3727; x_wconf 86' lang='lat' dir='ltr'><strong>quod</strong></span> <span class='ocrx_word' id='word_1_574' title='bbox 1674 3667 1895 3712; x_wconf 83' lang='lat' dir='ltr'><strong>sanctus</strong></span> <span class='ocrx_word' id='word_1_575' title='bbox 1915 3657 2144 3720; x_wconf 81' lang='lat' dir='ltr'><strong>dixerat,</strong></span> 
     </span>
    </p>
   </div>
   <div class='ocr_carea' id='block_1_70' title="bbox 556 3750 2147 3820">
    <p class='ocr_par' dir='ltr' id='par_1_70' title="bbox 556 3750 2147 3820">
     <span class='ocr_line' id='line_1_70' title="bbox 556 3750 2147 3820; baseline -0.006 -10"><span class='ocrx_word' id='word_1_576' title='bbox 556 3753 888 3810; x_wconf 79' lang='lat' dir='ltr'><strong>exclamavit</strong></span> <span class='ocrx_word' id='word_1_577' title='bbox 934 3753 1164 3807; x_wconf 88' lang='lat' dir='ltr'><strong>dicens:</strong></span> <span class='ocrx_word' id='word_1_578' title='bbox 1205 3750 1302 3806; x_wconf 88' lang='lat' dir='ltr'><strong>llei</strong></span> <span class='ocrx_word' id='word_1_579' title='bbox 1359 3751 1512 3816; x_wconf 86' lang='lat' dir='ltr'><strong>mihi,</strong></span> <span class='ocrx_word' id='word_1_580' title='bbox 1559 3766 1665 3816; x_wconf 89' lang='lat' dir='ltr'><strong>me,</strong></span> <span class='ocrx_word' id='word_1_581' title='bbox 1695 3751 1787 3820; x_wconf 88' lang='lat' dir='ltr'><strong>qui</strong></span> <span class='ocrx_word' id='word_1_582' title='bbox 1845 3765 1910 3804; x_wconf 83' lang='lat' dir='ltr'><strong>ex</strong></span> <span class='ocrx_word' id='word_1_583' title='bbox 1968 3750 2147 3803; x_wconf 87' lang='lat' dir='ltr'><strong>alieno</strong></span> 
     </span>
    </p>
   </div>
   <div class='ocr_carea' id='block_1_71' title="bbox 559 3840 2146 3914">
    <p class='ocr_par' dir='ltr' id='par_1_71' title="bbox 559 3840 2146 3914">
     <span class='ocr_line' id='line_1_71' title="bbox 559 3840 2146 3914; baseline -0.003 -16"><span class='ocrx_word' id='word_1_584' title='bbox 559 3860 693 3899; x_wconf 85' lang='lat' dir='ltr'><strong>vase</strong></span> <span class='ocrx_word' id='word_1_585' title='bbox 726 3843 858 3906; x_wconf 85' lang='lat' dir='ltr'><strong>abii,</strong></span> <span class='ocrx_word' id='word_1_586' title='bbox 887 3851 1009 3914; x_wconf 80' lang='lat' dir='ltr'><strong>p0st</strong></span> <span class='ocrx_word' id='word_1_587' title='bbox 1043 3853 1249 3896; x_wconf 90' lang='lat' dir='ltr'><strong>tantum</strong></span> <span class='ocrx_word' id='word_1_588' title='bbox 1276 3853 1486 3910; x_wconf 87' lang='lat' dir='ltr'><strong>tempus</strong></span> <span class='ocrx_word' id='word_1_589' title='bbox 1532 3841 1873 3910; x_wconf 85' lang='lat' dir='ltr'><strong>persequeris</strong></span> <span class='ocrx_word' id='word_1_590' title='bbox 1902 3855 1915 3893; x_wconf 93' lang='lat'><strong>:</strong></span> <span class='ocrx_word' id='word_1_591' title='bbox 1940 3851 1991 3894; x_wconf 92' lang='lat' dir='ltr'><strong>et</strong></span> <span class='ocrx_word' id='word_1_592' title='bbox 2019 3840 2146 3910; x_wconf 89' lang='lat' dir='ltr'><strong>quid</strong></span> 
     </span>
    </p>
   </div>
   <div class='ocr_carea' id='block_1_72' title="bbox 561 3932 2147 4004">
    <p class='ocr_par' dir='ltr' id='par_1_72' title="bbox 561 3932 2147 4004">
     <span class='ocr_line' id='line_1_72' title="bbox 561 3932 2147 4004; baseline -0.003 -13"><span class='ocrx_word' id='word_1_593' title='bbox 561 3952 668 3991; x_wconf 88' lang='lat' dir='ltr'><strong>non</strong></span> <span class='ocrx_word' id='word_1_594' title='bbox 705 3938 828 3990; x_wconf 87' lang='lat' dir='ltr'><strong>mali</strong></span> <span class='ocrx_word' id='word_1_595' title='bbox 862 3951 891 3989; x_wconf 86' lang='lat' dir='ltr'><strong>a</strong></span> <span class='ocrx_word' id='word_1_596' title='bbox 925 3946 975 3990; x_wconf 91' lang='lat' dir='ltr'><strong>te</strong></span> <span class='ocrx_word' id='word_1_597' title='bbox 1006 3950 1202 4004; x_wconf 83' lang='lat' dir='ltr'><strong>passus</strong></span> <span class='ocrx_word' id='word_1_598' title='bbox 1231 3934 1427 3989; x_wconf 78' lang='lat' dir='ltr'><strong>fuero?</strong></span> <span class='ocrx_word' id='word_1_599' title='bbox 1455 3932 1739 3999; x_wconf 88' lang='lat' dir='ltr'><strong>Quomodo</strong></span> <span class='ocrx_word' id='word_1_600' title='bbox 1793 3948 1921 3987; x_wconf 88' lang='lat' dir='ltr'><strong>vero</strong></span> <span class='ocrx_word' id='word_1_601' title='bbox 1969 3933 2019 3985; x_wconf 90' lang='lat' dir='ltr'><strong>in</strong></span> <span class='ocrx_word' id='word_1_602' title='bbox 2049 3933 2147 3986; x_wconf 91' lang='lat' dir='ltr'><strong>do-</strong></span> 
     </span>
    </p>
   </div>
   <div class='ocr_carea' id='block_1_73' title="bbox 567 4027 2148 4099">
    <p class='ocr_par' dir='ltr' id='par_1_73' title="bbox 567 4027 2148 4099">
     <span class='ocr_line' id='line_1_73' title="bbox 567 4027 2148 4099; baseline -0.005 -13"><span class='ocrx_word' id='word_1_603' title='bbox 567 4046 713 4086; x_wconf 84' lang='lat' dir='ltr'><strong>mum</strong></span> <span class='ocrx_word' id='word_1_604' title='bbox 754 4031 844 4084; x_wconf 87' lang='lat' dir='ltr'><strong>Dei</strong></span> <span class='ocrx_word' id='word_1_605' title='bbox 876 4028 1197 4099; x_wconf 78' lang='lat' dir='ltr'><strong>ingrediar?</strong></span> <span class='ocrx_word' id='word_1_606' title='bbox 1231 4027 1348 4082; x_wconf 81' lang='lat' dir='ltr'><strong>Non</strong></span> <span class='ocrx_word' id='word_1_607' title='bbox 1390 4029 1517 4082; x_wconf 91' lang='lat' dir='ltr'><strong>licet</strong></span> <span class='ocrx_word' id='word_1_608' title='bbox 1569 4030 1856 4082; x_wconf 89' lang='lat' dir='ltr'><strong>veritatem</strong></span> <span class='ocrx_word' id='word_1_609' title='bbox 1906 4027 2094 4080; x_wconf 86' lang='lat' dir='ltr'><strong>audire</strong></span> <span class='ocrx_word' id='word_1_610' title='bbox 2119 4041 2148 4078; x_wconf 90' lang='lat' dir='ltr'><strong>a</strong></span> 
     </span>
    </p>
   </div>
   <div class='ocr_carea' id='block_1_74' title="bbox 565 4118 2174 4190">
    <p class='ocr_par' dir='ltr' id='par_1_74' title="bbox 565 4118 2174 4190">
     <span class='ocr_line' id='line_1_74' title="bbox 565 4118 2174 4190; baseline -0.003 -16"><span class='ocrx_word' id='word_1_611' title='bbox 565 4124 717 4175; x_wconf 87' lang='lat' dir='ltr'><strong>vobis</strong></span> <span class='ocrx_word' id='word_1_612' title='bbox 737 4121 1086 4175; x_wconf 80' lang='lat' dir='ltr'><strong>Christianis.</strong></span> <span class='ocrx_word' id='word_1_613' title='bbox 1111 4119 1264 4173; x_wconf 87' lang='lat' dir='ltr'><strong>Tunc</strong></span> <span class='ocrx_word' id='word_1_614' title='bbox 1288 4121 1497 4174; x_wconf 64' lang='lat' dir='ltr'><strong>daemon</strong></span> <span class='ocrx_word' id='word_1_615' title='bbox 1526 4135 1777 4190; x_wconf 83' lang='lat' dir='ltr'><strong>egressus</strong></span> <span class='ocrx_word' id='word_1_616' title='bbox 1819 4119 1886 4172; x_wconf 90' lang='lat' dir='ltr'><strong>ab</strong></span> <span class='ocrx_word' id='word_1_617' title='bbox 1910 4118 2174 4181; x_wconf 72' lang='lat' dir='ltr'><strong>ltomine,‘</strong></span> 
     </span>
    </p>
   </div>
   <div class='ocr_carea' id='block_1_75' title="bbox 573 4209 2154 4271">
    <p class='ocr_par' dir='ltr' id='par_1_75' title="bbox 573 4209 2154 4271">
     <span class='ocr_line' id='line_1_75' title="bbox 573 4209 2154 4271; baseline -0.003 -6"><span class='ocrx_word' id='word_1_618' title='bbox 573 4212 709 4265; x_wconf 88' lang='lat' dir='ltr'><strong>abiit</strong></span> <span class='ocrx_word' id='word_1_619' title='bbox 733 4213 786 4263; x_wconf 92' lang='lat' dir='ltr'><strong>in</strong></span> <span class='ocrx_word' id='word_1_620' title='bbox 816 4210 928 4263; x_wconf 86' lang='lat' dir='ltr'><strong>loca</strong></span> <span class='ocrx_word' id='word_1_621' title='bbox 955 4210 1169 4262; x_wconf 87' lang='lat' dir='ltr'><strong>deserta</strong></span> <span class='ocrx_word' id='word_1_622' title='bbox 1195 4217 1246 4261; x_wconf 87' lang='lat' dir='ltr'><strong>et</strong></span> <span class='ocrx_word' id='word_1_623' title='bbox 1280 4209 1576 4271; x_wconf 89' lang='lat' dir='ltr'><strong>inaccessa,</strong></span> <span class='ocrx_word' id='word_1_624' title='bbox 1604 4209 1766 4263; x_wconf 89' lang='lat' dir='ltr'><strong>homo</strong></span> <span class='ocrx_word' id='word_1_625' title='bbox 1785 4219 1959 4260; x_wconf 86' lang='lat' dir='ltr'><strong>autem</strong></span> <span class='ocrx_word' id='word_1_626' title='bbox 1979 4209 2154 4260; x_wconf 78' lang='lat' dir='ltr'><strong>evasit</strong></span> 
     </span>
    </p>
   </div>
   <div class='ocr_carea' id='block_1_76' title="bbox 566 4295 2154 4370">
    <p class='ocr_par' dir='ltr' id='par_1_76' title="bbox 566 4295 2154 4370">
     <span class='ocr_line' id='line_1_76' title="bbox 566 4295 2154 4370; baseline -0.004 -14"><span class='ocrx_word' id='word_1_627' title='bbox 566 4317 734 4356; x_wconf 89' lang='lat' dir='ltr'><strong>sanus</strong></span> <span class='ocrx_word' id='word_1_628' title='bbox 766 4303 971 4354; x_wconf 87' lang='lat' dir='ltr'><strong>virtute</strong></span> <span class='ocrx_word' id='word_1_629' title='bbox 999 4310 1051 4356; x_wconf 90' lang='lat' dir='ltr'><strong>et</strong></span> <span class='ocrx_word' id='word_1_630' title='bbox 1084 4301 1261 4370; x_wconf 68' lang='lat' dir='ltr'><strong>gratia</strong></span> <span class='ocrx_word' id='word_1_631' title='bbox 1302 4297 1516 4353; x_wconf 86' lang='lat' dir='ltr'><strong>Domini</strong></span> <span class='ocrx_word' id='word_1_632' title='bbox 1581 4300 1752 4354; x_wconf 89' lang='lat' dir='ltr'><strong>nostri</strong></span> <span class='ocrx_word' id='word_1_633' title='bbox 1802 4295 1931 4351; x_wconf 84' lang='lat' dir='ltr'><strong>Jesu</strong></span> <span class='ocrx_word' id='word_1_634' title='bbox 1993 4297 2154 4351; x_wconf 86' lang='lat' dir='ltr'><strong>Chri-</strong></span> 
     </span>
    </p>
   </div>
   <div class='ocr_carea' id='block_1_77' title="bbox 567 4389 2153 4467">
    <p class='ocr_par' dir='ltr' id='par_1_77' title="bbox 567 4389 2153 4467">
     <span class='ocr_line' id='line_1_77' title="bbox 567 4389 2153 4467; baseline -0.006 -18"><span class='ocrx_word' id='word_1_635' title='bbox 567 4397 658 4460; x_wconf 86' lang='lat' dir='ltr'><strong>sti,</strong></span> <span class='ocrx_word' id='word_1_636' title='bbox 703 4393 806 4467; x_wconf 74' lang='lat'><strong>[(2)</strong></span> <span class='ocrx_word' id='word_1_637' title='bbox 839 4392 1119 4462; x_wconf 86' lang='lat' dir='ltr'><strong>Deumque</strong></span> <span class='ocrx_word' id='word_1_638' title='bbox 1150 4393 1684 4463; x_wconf 88' lang='lat' dir='ltr'><strong>perpetuolaudabat</strong></span> <span class='ocrx_word' id='word_1_639' title='bbox 1706 4403 1760 4446; x_wconf 87' lang='lat' dir='ltr'><strong>et</strong></span> <span class='ocrx_word' id='word_1_640' title='bbox 1791 4389 2153 4462; x_wconf 72' lang='lat' dir='ltr'><strong>gloriticabat,</strong></span> 
     </span>
    </p>
   </div>
   <div class='ocr_carea' id='block_1_78' title="bbox 567 4484 1766 4556">
    <p class='ocr_par' dir='ltr' id='par_1_78' title="bbox 567 4484 1766 4556">
     <span class='ocr_line' id='line_1_78' title="bbox 567 4484 1766 4556; baseline -0.007 -10"><span class='ocrx_word' id='word_1_641' title='bbox 567 4501 624 4546; x_wconf 85' lang='lat' dir='ltr'><strong>et</strong></span> <span class='ocrx_word' id='word_1_642' title='bbox 654 4499 900 4544; x_wconf 89' lang='lat' dir='ltr'><strong>sanctum</strong></span> <span class='ocrx_word' id='word_1_643' title='bbox 935 4487 1052 4556; x_wconf 81' lang='lat' dir='ltr'><strong>ejus</strong></span> <span class='ocrx_word' id='word_1_644' title='bbox 1077 4487 1337 4542; x_wconf 68' lang='lat' dir='ltr'><strong>[annulum</strong></span> <span class='ocrx_word' id='word_1_645' title='bbox 1362 4484 1766 4556; x_wconf 86' lang='lat' dir='ltr'><strong>Parthenium.]</strong></span> 
     </span>
    </p>
   </div>
   <div class='ocr_carea' id='block_1_79' title="bbox 648 4574 2153 4648">
    <p class='ocr_par' dir='ltr' id='par_1_79' title="bbox 648 4574 2153 4648">
     <span class='ocr_line' id='line_1_79' title="bbox 648 4574 2153 4648; baseline -0.005 -13"><span class='ocrx_word' id='word_1_646' title='bbox 648 4583 709 4635; x_wconf 79' lang='grc' dir='ltr'><strong>ν.</strong></span> <span class='ocrx_word' id='word_1_647' title='bbox 746 4580 996 4636; x_wconf 69' lang='lat' dir='ltr'><strong>Perfecto</strong></span> <span class='ocrx_word' id='word_1_648' title='bbox 1028 4596 1156 4634; x_wconf 89' lang='lat' dir='ltr'><strong>vero</strong></span> <span class='ocrx_word' id='word_1_649' title='bbox 1185 4595 1346 4648; x_wconf 90' lang='lat' dir='ltr'><strong>opere</strong></span> <span class='ocrx_word' id='word_1_650' title='bbox 1371 4578 1749 4633; x_wconf 68' lang='lat' dir='ltr'><strong>mdiﬁcatiouis</strong></span> <span class='ocrx_word' id='word_1_651' title='bbox 1801 4587 2006 4630; x_wconf 72' lang='lat' dir='ltr'><strong>sancta-3</strong></span> <span class='ocrx_word' id='word_1_652' title='bbox 2058 4574 2153 4628; x_wconf 92' lang='lat' dir='ltr'><strong>Dei</strong></span> 
     </span>
    </p>
   </div>
   <div class='ocr_carea' id='block_1_80' title="bbox 572 4663 2156 4741">
    <p class='ocr_par' dir='ltr' id='par_1_80' title="bbox 572 4663 2156 4741">
     <span class='ocr_line' id='line_1_80' title="bbox 572 4663 2156 4741; baseline -0.008 -10"><span class='ocrx_word' id='word_1_653' title='bbox 572 4674 838 4738; x_wconf 61' lang='lat' dir='ltr'><strong>ecclesiae,</strong></span> <span class='ocrx_word' id='word_1_654' title='bbox 872 4673 1108 4727; x_wconf 79' lang='lat' dir='ltr'><strong>Studium</strong></span> <span class='ocrx_word' id='word_1_655' title='bbox 1145 4674 1383 4741; x_wconf 90' lang='lat' dir='ltr'><strong>ponebat</strong></span> <span class='ocrx_word' id='word_1_656' title='bbox 1406 4672 1566 4725; x_wconf 75' lang='lat' dir='ltr'><strong>homo</strong></span> <span class='ocrx_word' id='word_1_657' title='bbox 1602 4663 1697 4722; x_wconf 77' lang='lat' dir='ltr'><strong>Dei</strong></span> <span class='ocrx_word' id='word_1_658' title='bbox 1717 4677 1774 4722; x_wconf 95' lang='lat' dir='ltr'><strong>ut</strong></span> <span class='ocrx_word' id='word_1_659' title='bbox 1803 4677 2156 4736; x_wconf 89' lang='lat' dir='ltr'><strong>reponeretur</strong></span> 
     </span>
    </p>
   </div>
   <div class='ocr_carea' id='block_1_81' title="bbox 575 4758 2156 4833">
    <p class='ocr_par' dir='ltr' id='par_1_81' title="bbox 575 4758 2156 4833">
     <span class='ocr_line' id='line_1_81' title="bbox 575 4758 2156 4833; baseline -0.005 -15"><span class='ocrx_word' id='word_1_660' title='bbox 575 4777 785 4828; x_wconf 79' lang='lat' dir='ltr'><strong>mensa,</strong></span> <span class='ocrx_word' id='word_1_661' title='bbox 816 4766 866 4816; x_wconf 90' lang='lat' dir='ltr'><strong>in</strong></span> <span class='ocrx_word' id='word_1_662' title='bbox 902 4777 1008 4833; x_wconf 90' lang='lat' dir='ltr'><strong>qua</strong></span> <span class='ocrx_word' id='word_1_663' title='bbox 1043 4762 1330 4830; x_wconf 86' lang='lat' dir='ltr'><strong>oportebat</strong></span> <span class='ocrx_word' id='word_1_664' title='bbox 1357 4759 1587 4814; x_wconf 88' lang='lat' dir='ltr'><strong>Domino</strong></span> <span class='ocrx_word' id='word_1_665' title='bbox 1619 4759 1807 4813; x_wconf 69' lang='lat' dir='ltr'><strong>oﬂ‘et‘ri</strong></span> <span class='ocrx_word' id='word_1_666' title='bbox 1838 4758 2080 4828; x_wconf 83' lang='lat' dir='ltr'><strong>spiritale</strong></span> <span class='ocrx_word' id='word_1_667' title='bbox 2101 4764 2156 4811; x_wconf 83' lang='lat' dir='ltr'><strong>ct</strong></span> 
     </span>
    </p>
   </div>
   <div class='ocr_carea' id='block_1_82' title="bbox 577 4841 2153 4909">
    <p class='ocr_par' dir='ltr' id='par_1_82' title="bbox 577 4841 2153 4909">
     <span class='ocr_line' id='line_1_82' title="bbox 577 4841 2153 4909; baseline -0.004 0"><span class='ocrx_word' id='word_1_668' title='bbox 577 4855 922 4909; x_wconf 86' lang='lat' dir='ltr'><strong>incruentum</strong></span> <span class='ocrx_word' id='word_1_669' title='bbox 971 4853 1326 4908; x_wconf 78' lang='lat' dir='ltr'><strong>sacriﬁcium.</strong></span> <span class='ocrx_word' id='word_1_670' title='bbox 1368 4841 1503 4905; x_wconf 88' lang='lat' dir='ltr'><strong>Cum</strong></span> <span class='ocrx_word' id='word_1_671' title='bbox 1557 4863 1736 4904; x_wconf 88' lang='lat' dir='ltr'><strong>autem</strong></span> <span class='ocrx_word' id='word_1_672' title='bbox 1768 4849 2061 4904; x_wconf 80' lang='lat' dir='ltr'><strong>invenisset</strong></span> <span class='ocrx_word' id='word_1_673' title='bbox 2100 4851 2153 4903; x_wconf 88' lang='lat' dir='ltr'><strong>in</strong></span> 
     </span>
    </p>
   </div>
   <div class='ocr_carea' id='block_1_83' title="bbox 576 4941 2159 5018">
    <p class='ocr_par' dir='ltr' id='par_1_83' title="bbox 576 4941 2159 5018">
     <span class='ocr_line' id='line_1_83' title="bbox 576 4941 2159 5018; baseline -0.004 -18"><span class='ocrx_word' id='word_1_674' title='bbox 576 4950 811 5018; x_wconf 84' lang='lat' dir='ltr'><strong>quodam</strong></span> <span class='ocrx_word' id='word_1_675' title='bbox 843 4945 982 5009; x_wconf 92' lang='lat' dir='ltr'><strong>loco,</strong></span> <span class='ocrx_word' id='word_1_676' title='bbox 1007 4946 1258 4999; x_wconf 84' lang='lat' dir='ltr'><strong>dedicato</strong></span> <span class='ocrx_word' id='word_1_677' title='bbox 1289 4942 1470 5007; x_wconf 88' lang='lat' dir='ltr'><strong>idolis,</strong></span> <span class='ocrx_word' id='word_1_678' title='bbox 1503 4941 1738 5012; x_wconf 88' lang='lat' dir='ltr'><strong>lapidem</strong></span> <span class='ocrx_word' id='word_1_679' title='bbox 1776 4944 2072 5010; x_wconf 89' lang='lat' dir='ltr'><strong>pretiosum</strong></span> <span class='ocrx_word' id='word_1_680' title='bbox 2103 4951 2159 4994; x_wconf 92' lang='lat' dir='ltr'><strong>ct</strong></span> 
     </span>
    </p>
   </div>
   <div class='ocr_carea' id='block_1_84' title="bbox 577 5029 2158 5101">
    <p class='ocr_par' dir='ltr' id='par_1_84' title="bbox 577 5029 2158 5101">
     <span class='ocr_line' id='line_1_84' title="bbox 577 5029 2158 5101; baseline -0.004 -11"><span class='ocrx_word' id='word_1_681' title='bbox 577 5047 762 5101; x_wconf 81' lang='lat' dir='ltr'><strong>aptum</strong></span> <span class='ocrx_word' id='word_1_682' title='bbox 795 5036 860 5087; x_wconf 86' lang='lat' dir='ltr'><strong>ad</strong></span> <span class='ocrx_word' id='word_1_683' title='bbox 893 5045 1098 5088; x_wconf 77' lang='lat' dir='ltr'><strong>sancta:</strong></span> <span class='ocrx_word' id='word_1_684' title='bbox 1132 5046 1330 5086; x_wconf 73' lang='lat' dir='ltr'><strong>mensae</strong></span> <span class='ocrx_word' id='word_1_685' title='bbox 1351 5029 1789 5084; x_wconf 86' lang='lat' dir='ltr'><strong>concinnandmn</strong></span> <span class='ocrx_word' id='word_1_686' title='bbox 1821 5045 1980 5100; x_wconf 85' lang='lat' dir='ltr'><strong>opus,</strong></span> <span class='ocrx_word' id='word_1_687' title='bbox 2011 5031 2158 5100; x_wconf 86' lang='lat' dir='ltr'><strong>quod</strong></span> 
     </span>
    </p>
   </div>
   <div class='ocr_carea' id='block_1_85' title="bbox 577 5122 2157 5198">
    <p class='ocr_par' dir='ltr' id='par_1_85' title="bbox 577 5122 2157 5198">
     <span class='ocr_line' id='line_1_85' title="bbox 577 5122 2157 5198; baseline -0.003 -17"><span class='ocrx_word' id='word_1_688' title='bbox 577 5130 950 5198; x_wconf 68' lang='lat' dir='ltr'><strong>quwrebatur,</strong></span> <span class='ocrx_word' id='word_1_689' title='bbox 981 5125 1165 5180; x_wconf 73' lang='lat' dir='ltr'><strong>elTecit</strong></span> <span class='ocrx_word' id='word_1_690' title='bbox 1187 5126 1238 5178; x_wconf 88' lang='lat' dir='ltr'><strong>id</strong></span> <span class='ocrx_word' id='word_1_691' title='bbox 1270 5122 1500 5192; x_wconf 84' lang='lat' dir='ltr'><strong>pulchre</strong></span> <span class='ocrx_word' id='word_1_692' title='bbox 1525 5122 1793 5178; x_wconf 79' lang='lat' dir='ltr'><strong>elaborari</strong></span> <span class='ocrx_word' id='word_1_693' title='bbox 1826 5135 1879 5179; x_wconf 88' lang='lat' dir='ltr'><strong>et</strong></span> <span class='ocrx_word' id='word_1_694' title='bbox 1911 5124 2157 5193; x_wconf 67' lang='lat' dir='ltr'><strong>adoptari</strong></span> 
     </span>
    </p>
   </div>
   <div class='ocr_carea' id='block_1_86' title="bbox 578 5216 2162 5285">
    <p class='ocr_par' dir='ltr' id='par_1_86' title="bbox 578 5216 2162 5285">
     <span class='ocr_line' id='line_1_86' title="bbox 578 5216 2162 5285; baseline -0.003 -11"><span class='ocrx_word' id='word_1_695' title='bbox 578 5223 648 5274; x_wconf 85' lang='lat' dir='ltr'><strong>ab</strong></span> <span class='ocrx_word' id='word_1_696' title='bbox 679 5218 1005 5274; x_wconf 68' lang='lat' dir='ltr'><strong>artiﬁcibus.</strong></span> <span class='ocrx_word' id='word_1_697' title='bbox 1039 5217 1288 5272; x_wconf 82' lang='lat' dir='ltr'><strong>Perfecto</strong></span> <span class='ocrx_word' id='word_1_698' title='bbox 1321 5231 1450 5270; x_wconf 88' lang='lat' dir='ltr'><strong>vero</strong></span> <span class='ocrx_word' id='word_1_699' title='bbox 1475 5231 1660 5285; x_wconf 86' lang='lat' dir='ltr'><strong>opere,</strong></span> <span class='ocrx_word' id='word_1_700' title='bbox 1691 5216 1856 5285; x_wconf 88' lang='lat' dir='ltr'><strong>jussit</strong></span> <span class='ocrx_word' id='word_1_701' title='bbox 1897 5217 1949 5272; x_wconf 91' lang='lat' dir='ltr'><strong>id</strong></span> <span class='ocrx_word' id='word_1_702' title='bbox 1977 5217 2162 5271; x_wconf 75' lang='lat' dir='ltr'><strong>aiferri</strong></span> 
     </span>
    </p>
   </div>
   <div class='ocr_carea' id='block_1_87' title="bbox 580 5309 2160 5380">
    <p class='ocr_par' dir='ltr' id='par_1_87' title="bbox 580 5309 2160 5380">
     <span class='ocr_line' id='line_1_87' title="bbox 580 5309 2160 5380; baseline -0.003 -12"><span class='ocrx_word' id='word_1_703' title='bbox 580 5315 636 5368; x_wconf 83' lang='lat' dir='ltr'><strong>in</strong></span> <span class='ocrx_word' id='word_1_704' title='bbox 674 5312 985 5368; x_wconf 84' lang='lat' dir='ltr'><strong>ecclesiam.</strong></span> <span class='ocrx_word' id='word_1_705' title='bbox 1028 5309 1165 5363; x_wconf 87' lang='lat' dir='ltr'><strong>Cum</strong></span> <span class='ocrx_word' id='word_1_706' title='bbox 1215 5323 1347 5376; x_wconf 83' lang='lat' dir='ltr'><strong>ergo</strong></span> <span class='ocrx_word' id='word_1_707' title='bbox 1400 5309 1640 5363; x_wconf 80' lang='lat' dir='ltr'><strong>artiﬁces</strong></span> <span class='ocrx_word' id='word_1_708' title='bbox 1690 5311 1920 5380; x_wconf 82' lang='lat' dir='ltr'><strong>lapidem</strong></span> <span class='ocrx_word' id='word_1_709' title='bbox 1977 5312 2160 5363; x_wconf 84' lang='lat' dir='ltr'><strong>currui</strong></span> 
     </span>
    </p>
   </div>
   <div class='ocr_carea' id='block_1_88' title="bbox 582 5403 2164 5477">
    <p class='ocr_par' dir='ltr' id='par_1_88' title="bbox 582 5403 2164 5477">
     <span class='ocr_line' id='line_1_88' title="bbox 582 5403 2164 5477; baseline -0.004 -13"><span class='ocrx_word' id='word_1_710' title='bbox 582 5410 992 5477; x_wconf 82' lang='lat' dir='ltr'><strong>imposuissent,</strong></span> <span class='ocrx_word' id='word_1_711' title='bbox 1023 5415 1078 5458; x_wconf 90' lang='lat' dir='ltr'><strong>et</strong></span> <span class='ocrx_word' id='word_1_712' title='bbox 1107 5405 1272 5458; x_wconf 87' lang='lat' dir='ltr'><strong>boves</strong></span> <span class='ocrx_word' id='word_1_713' title='bbox 1328 5403 1660 5472; x_wconf 76' lang='lat' dir='ltr'><strong>junxisscnt,</strong></span> <span class='ocrx_word' id='word_1_714' title='bbox 1696 5405 1963 5459; x_wconf 83' lang='lat' dir='ltr'><strong>ducebant</strong></span> <span class='ocrx_word' id='word_1_715' title='bbox 1993 5406 2058 5458; x_wconf 89' lang='lat' dir='ltr'><strong>ad</strong></span> <span class='ocrx_word' id='word_1_716' title='bbox 2087 5404 2164 5458; x_wconf 87' lang='lat' dir='ltr'><strong>ci-</strong></span> 
     </span>
    </p>
   </div>
   <div class='ocr_carea' id='block_1_89' title="bbox 583 5499 2158 5564">
    <p class='ocr_par' dir='ltr' id='par_1_89' title="bbox 583 5499 2158 5564">
     <span class='ocr_line' id='line_1_89' title="bbox 583 5499 2158 5564; baseline -0.004 -9"><span class='ocrx_word' id='word_1_717' title='bbox 583 5505 828 5557; x_wconf 77' lang='lat' dir='ltr'><strong>vitatem.</strong></span> <span class='ocrx_word' id='word_1_718' title='bbox 868 5499 1124 5553; x_wconf 83' lang='lat' dir='ltr'><strong>invidens</strong></span> <span class='ocrx_word' id='word_1_719' title='bbox 1151 5507 1330 5550; x_wconf 85' lang='lat' dir='ltr'><strong>autem</strong></span> <span class='ocrx_word' id='word_1_720' title='bbox 1357 5506 1410 5549; x_wconf 87' lang='lat' dir='ltr'><strong>et</strong></span> <span class='ocrx_word' id='word_1_721' title='bbox 1437 5499 1699 5550; x_wconf 77' lang='lat' dir='ltr'><strong>bonorum</strong></span> <span class='ocrx_word' id='word_1_722' title='bbox 1736 5511 1962 5564; x_wconf 82' lang='lat' dir='ltr'><strong>operum</strong></span> <span class='ocrx_word' id='word_1_723' title='bbox 1993 5512 2158 5548; x_wconf 70' lang='lat' dir='ltr'><strong>temu-</strong></span> 
     </span>
    </p>
   </div>
   <div class='ocr_carea' id='block_1_90' title="bbox 581 5588 2156 5658">
    <p class='ocr_par' dir='ltr' id='par_1_90' title="bbox 581 5588 2156 5658">
     <span class='ocr_line' id='line_1_90' title="bbox 581 5588 2156 5658; baseline -0.001 -14"><span class='ocrx_word' id='word_1_724' title='bbox 581 5600 665 5649; x_wconf 76' lang='lat' dir='ltr'><strong>lus</strong></span> <span class='ocrx_word' id='word_1_725' title='bbox 705 5595 975 5658; x_wconf 79' lang='lat' dir='ltr'><strong>diabolus,</strong></span> <span class='ocrx_word' id='word_1_726' title='bbox 999 5605 1106 5644; x_wconf 90' lang='lat' dir='ltr'><strong>non</strong></span> <span class='ocrx_word' id='word_1_727' title='bbox 1146 5588 1326 5642; x_wconf 78' lang='lat' dir='ltr'><strong>ferens</strong></span> <span class='ocrx_word' id='word_1_728' title='bbox 1375 5590 1552 5658; x_wconf 77' lang='lat' dir='ltr'><strong>ignem</strong></span> <span class='ocrx_word' id='word_1_729' title='bbox 1596 5590 1761 5645; x_wconf 88' lang='lat' dir='ltr'><strong>divini</strong></span> <span class='ocrx_word' id='word_1_730' title='bbox 1823 5589 1923 5644; x_wconf 87' lang='lat' dir='ltr'><strong>zeli</strong></span> <span class='ocrx_word' id='word_1_731' title='bbox 1983 5592 2156 5645; x_wconf 84' lang='lat' dir='ltr'><strong>sancti</strong></span> 
     </span>
    </p>
   </div>
   <div class='ocr_carea' id='block_1_91' title="bbox 665 5775 2014 5843">
    <p class='ocr_par' dir='ltr' id='par_1_91' title="bbox 665 5775 2014 5843">
     <span class='ocr_line' id='line_1_91' title="bbox 665 5775 2014 5843; baseline 0.006 -18"><span class='ocrx_word' id='word_1_732' title='bbox 665 5777 740 5843; x_wconf 59' lang='grc' dir='ltr'><strong>(εὶ)</strong></span> <span class='ocrx_word' id='word_1_733' title='bbox 772 5775 934 5830; x_wconf 81' lang='lat' dir='ltr'><strong>Uncis</strong></span> <span class='ocrx_word' id='word_1_734' title='bbox 967 5776 1172 5830; x_wconf 78' lang='lat' dir='ltr'><strong>inclusa</strong></span> <span class='ocrx_word' id='word_1_735' title='bbox 1209 5778 1431 5831; x_wconf 68' lang='lat' dir='ltr'><strong>Graccus</strong></span> <span class='ocrx_word' id='word_1_736' title='bbox 1471 5782 1657 5831; x_wconf 83' lang='lat' dir='ltr'><strong>textus</strong></span> <span class='ocrx_word' id='word_1_737' title='bbox 1688 5791 1792 5831; x_wconf 90' lang='lat' dir='ltr'><strong>non</strong></span> <span class='ocrx_word' id='word_1_738' title='bbox 1827 5779 2014 5836; x_wconf 84' lang='lat' dir='ltr'><strong>habet.</strong></span> 
     </span>
    </p>
   </div>
   <div class='ocr_carea' id='block_1_92' title="bbox 2248 3201 3855 3275">
    <p class='ocr_par' dir='ltr' id='par_1_92' title="bbox 2248 3201 3855 3275">
     <span class='ocr_line' id='line_1_92' title="bbox 2248 3201 3855 3275; baseline 0.001 -19"><span class='ocrx_word' id='word_1_739' title='bbox 2248 3203 2491 3266; x_wconf 83' lang='grc' dir='ltr'>πεισθεὶς</span> <span class='ocrx_word' id='word_1_740' title='bbox 2519 3205 2638 3264; x_wconf 86' lang='grc' dir='ltr'>ταῖς</span> <span class='ocrx_word' id='word_1_741' title='bbox 2678 3201 2962 3268; x_wconf 79' lang='grc' dir='ltr'>συντάξεσι</span> <span class='ocrx_word' id='word_1_742' title='bbox 2984 3203 3075 3257; x_wconf 83' lang='grc' dir='ltr'><strong>τού</strong></span> <span class='ocrx_word' id='word_1_743' title='bbox 3103 3204 3282 3272; x_wconf 85' lang='grc' dir='ltr'>ἁγίου,</span> <span class='ocrx_word' id='word_1_744' title='bbox 3317 3207 3398 3265; x_wconf 89' lang='grc' dir='ltr'>εἰς</span> <span class='ocrx_word' id='word_1_745' title='bbox 3421 3202 3581 3273; x_wconf 82' lang='grc' dir='ltr'>ἔργον</span> <span class='ocrx_word' id='word_1_746' title='bbox 3605 3203 3855 3275; x_wconf 80' lang='grc' dir='ltr'>ἀχθῆναι</span> 
     </span>
    </p>
   </div>
   <div class='ocr_carea' id='block_1_93' title="bbox 2248 3294 3855 3367">
    <p class='ocr_par' dir='ltr' id='par_1_93' title="bbox 2248 3294 3855 3367">
     <span class='ocr_line' id='line_1_93' title="bbox 2248 3294 3855 3367; baseline 0.002 -20"><span class='ocrx_word' id='word_1_747' title='bbox 2248 3295 2346 3365; x_wconf 78' lang='grc' dir='ltr'><strong>τὴν</strong></span> <span class='ocrx_word' id='word_1_748' title='bbox 2370 3295 2662 3366; x_wconf 85' lang='grc' dir='ltr'>ὑπόσχεσιν</span> <span class='ocrx_word' id='word_1_749' title='bbox 2691 3294 2914 3367; x_wconf 78' lang='grc' dir='ltr'>ἀπῄτει.</span> <span class='ocrx_word' id='word_1_750' title='bbox 2948 3294 3006 3347; x_wconf 91' lang='lat'><strong>&#39;0</strong></span> <span class='ocrx_word' id='word_1_751' title='bbox 3036 3294 3093 3348; x_wconf 83' lang='grc' dir='ltr'>δὲ</span> <span class='ocrx_word' id='word_1_752' title='bbox 3123 3296 3269 3357; x_wconf 84' lang='grc' dir='ltr'>ὅσιος</span> <span class='ocrx_word' id='word_1_753' title='bbox 3296 3294 3517 3360; x_wconf 76' lang='grc' dir='ltr'>ἀνοίξας</span> <span class='ocrx_word' id='word_1_754' title='bbox 3549 3295 3611 3347; x_wconf 82' lang='grc' dir='ltr'><strong>τὸ</strong></span> <span class='ocrx_word' id='word_1_755' title='bbox 3641 3296 3855 3351; x_wconf 80' lang='grc' dir='ltr'>ἑαυτοῦ</span> 
     </span>
    </p>
   </div>
   <div class='ocr_carea' id='block_1_94' title="bbox 2251 3385 3852 3458">
    <p class='ocr_par' dir='ltr' id='par_1_94' title="bbox 2251 3385 3852 3458">
     <span class='ocr_line' id='line_1_94' title="bbox 2251 3385 3852 3458; baseline 0.001 -18"><span class='ocrx_word' id='word_1_756' title='bbox 2251 3386 2446 3456; x_wconf 83' lang='grc' dir='ltr'>στόμα,</span> <span class='ocrx_word' id='word_1_757' title='bbox 2474 3385 2579 3455; x_wconf 68' lang='grc' dir='ltr'><strong>ἔφη</strong></span> <span class='ocrx_word' id='word_1_758' title='bbox 2607 3385 2682 3456; x_wconf 80' lang='grc' dir='ltr'>τῷ</span> <span class='ocrx_word' id='word_1_759' title='bbox 2713 3387 2961 3456; x_wconf 78' lang='grc' dir='ltr'>δαίμονι·</span> <span class='ocrx_word' id='word_1_760' title='bbox 3007 3387 3141 3440; x_wconf 73' lang='grc' dir='ltr'>Ἰδοὺ</span> <span class='ocrx_word' id='word_1_761' title='bbox 3172 3388 3282 3456; x_wconf 82' lang='grc' dir='ltr'>ἐγώ</span> <span class='ocrx_word' id='word_1_762' title='bbox 3307 3390 3422 3458; x_wconf 86' lang='grc' dir='ltr'>εἰμι</span> <span class='ocrx_word' id='word_1_763' title='bbox 3454 3389 3482 3441; x_wconf 81' lang='grc' dir='ltr'>ὁ</span> <span class='ocrx_word' id='word_1_764' title='bbox 3505 3389 3806 3458; x_wconf 79' lang='grc' dir='ltr'>ἄνθρωπος</span> <span class='ocrx_word' id='word_1_765' title='bbox 3836 3405 3852 3419; x_wconf 80' lang='lat'><strong><em>°</em></strong></span> 
     </span>
    </p>
   </div>
   <div class='ocr_carea' id='block_1_95' title="bbox 2250 3478 3857 3554">
    <p class='ocr_par' dir='ltr' id='par_1_95' title="bbox 2250 3478 3857 3554">
     <span class='ocr_line' id='line_1_95' title="bbox 2250 3478 3857 3554; baseline 0.004 -24"><span class='ocrx_word' id='word_1_766' title='bbox 2250 3478 2510 3532; x_wconf 76' lang='grc' dir='ltr'>εἰσελθὼν</span> <span class='ocrx_word' id='word_1_767' title='bbox 2561 3480 2807 3534; x_wconf 87' lang='grc' dir='ltr'>κατοίκει</span> <span class='ocrx_word' id='word_1_768' title='bbox 2859 3482 2916 3532; x_wconf 85' lang='grc' dir='ltr'><strong>ἐν</strong></span> <span class='ocrx_word' id='word_1_769' title='bbox 2957 3480 3101 3550; x_wconf 86' lang='grc' dir='ltr'>ἐμοί.</span> <span class='ocrx_word' id='word_1_770' title='bbox 3156 3480 3213 3534; x_wconf 83' lang='lat'><strong>&#39;0</strong></span> <span class='ocrx_word' id='word_1_771' title='bbox 3271 3480 3327 3534; x_wconf 84' lang='grc' dir='ltr'>δὲ</span> <span class='ocrx_word' id='word_1_772' title='bbox 3359 3481 3569 3552; x_wconf 71' lang='grc' dir='ltr'>δαίμων</span> <span class='ocrx_word' id='word_1_773' title='bbox 3600 3483 3677 3543; x_wconf 85' lang='grc' dir='ltr'><strong>ὡς</strong></span> <span class='ocrx_word' id='word_1_774' title='bbox 3703 3483 3857 3554; x_wconf 78' lang='grc' dir='ltr'>ὑπὲρ</span> 
     </span>
    </p>
   </div>
   <div class='ocr_carea' id='block_1_96' title="bbox 2252 3569 3857 3643">
    <p class='ocr_par' dir='ltr' id='par_1_96' title="bbox 2252 3569 3857 3643">
     <span class='ocr_line' id='line_1_96' title="bbox 2252 3569 3857 3643; baseline 0.003 -21"><span class='ocrx_word' id='word_1_775' title='bbox 2252 3570 2423 3641; x_wconf 74' lang='grc' dir='ltr'>πυρὸς</span> <span class='ocrx_word' id='word_1_776' title='bbox 2453 3569 2704 3640; x_wconf 70' lang='grc' dir='ltr'>φλεχθεὶς</span> <span class='ocrx_word' id='word_1_777' title='bbox 2737 3572 2827 3622; x_wconf 80' lang='grc' dir='ltr'><strong>ἐπὶ</strong></span> <span class='ocrx_word' id='word_1_778' title='bbox 2855 3570 3119 3641; x_wconf 81' lang='grc' dir='ltr'>τῷλόγῳ,</span> <span class='ocrx_word' id='word_1_779' title='bbox 3151 3572 3447 3643; x_wconf 76' lang='grc' dir='ltr'>ἀνεϐόησεν</span> <span class='ocrx_word' id='word_1_780' title='bbox 3464 3574 3639 3640; x_wconf 86' lang='grc' dir='ltr'>λέγων</span> <span class='ocrx_word' id='word_1_781' title='bbox 3662 3589 3674 3600; x_wconf 86' lang='grc'><strong>·</strong></span> <span class='ocrx_word' id='word_1_782' title='bbox 3708 3575 3857 3628; x_wconf 67' lang='grc' dir='ltr'>Οὐαί</span> 
     </span>
    </p>
   </div>
   <div class='ocr_carea' id='block_1_97' title="bbox 2257 3664 3860 3736">
    <p class='ocr_par' dir='ltr' id='par_1_97' title="bbox 2257 3664 3860 3736">
     <span class='ocr_line' id='line_1_97' title="bbox 2257 3664 3860 3736; baseline 0.002 -19"><span class='ocrx_word' id='word_1_783' title='bbox 2257 3681 2388 3734; x_wconf 91' lang='grc' dir='ltr'>μοι·</span> <span class='ocrx_word' id='word_1_784' title='bbox 2423 3666 2480 3716; x_wconf 86' lang='lat' dir='ltr'><strong>tv</strong></span> <span class='ocrx_word' id='word_1_785' title='bbox 2533 3664 2798 3736; x_wconf 83' lang='grc' dir='ltr'>ἀλλοτρίῳ</span> <span class='ocrx_word' id='word_1_786' title='bbox 2850 3664 2979 3718; x_wconf 78' lang='grc' dir='ltr'>ὄντα</span> <span class='ocrx_word' id='word_1_787' title='bbox 3033 3683 3099 3730; x_wconf 83' lang='grc' dir='ltr'><strong>με</strong></span> <span class='ocrx_word' id='word_1_788' title='bbox 3151 3664 3336 3719; x_wconf 81' lang='grc' dir='ltr'>σκεύει</span> <span class='ocrx_word' id='word_1_789' title='bbox 3401 3667 3540 3735; x_wconf 82' lang='grc' dir='ltr'><strong>μετά</strong></span> <span class='ocrx_word' id='word_1_790' title='bbox 3587 3666 3860 3724; x_wconf 81' lang='grc' dir='ltr'>τοσοῦτον</span> 
     </span>
    </p>
   </div>
   <div class='ocr_carea' id='block_1_98' title="bbox 2255 3754 3856 3828">
    <p class='ocr_par' dir='ltr' id='par_1_98' title="bbox 2255 3754 3856 3828">
     <span class='ocr_line' id='line_1_98' title="bbox 2255 3754 3856 3828; baseline 0.001 -21"><span class='ocrx_word' id='word_1_791' title='bbox 2255 3757 2446 3828; x_wconf 81' lang='grc' dir='ltr'>χρόνον</span> <span class='ocrx_word' id='word_1_792' title='bbox 2466 3754 2707 3820; x_wconf 85' lang='grc' dir='ltr'>διώκεις,</span> <span class='ocrx_word' id='word_1_793' title='bbox 2739 3755 2831 3807; x_wconf 70' lang='grc' dir='ltr'><strong>καὶ</strong></span> <span class='ocrx_word' id='word_1_794' title='bbox 2862 3756 2914 3807; x_wconf 82' lang='grc' dir='ltr'><strong>τί</strong></span> <span class='ocrx_word' id='word_1_795' title='bbox 2941 3755 3042 3808; x_wconf 82' lang='grc' dir='ltr'><strong>ούκ</strong></span> <span class='ocrx_word' id='word_1_796' title='bbox 3065 3755 3130 3808; x_wconf 85' lang='grc' dir='ltr'>ἂν</span> <span class='ocrx_word' id='word_1_797' title='bbox 3167 3756 3398 3823; x_wconf 79' lang='grc' dir='ltr'>πάθοιμι</span> <span class='ocrx_word' id='word_1_798' title='bbox 3425 3757 3575 3824; x_wconf 78' lang='grc' dir='ltr'>παρά</span> <span class='ocrx_word' id='word_1_799' title='bbox 3613 3757 3710 3808; x_wconf 85' lang='grc' dir='ltr'>σοῦ</span> <span class='ocrx_word' id='word_1_800' title='bbox 3744 3773 3856 3809; x_wconf 73' lang='grc' dir='ltr'>κα-</span> 
     </span>
    </p>
   </div>
   <div class='ocr_carea' id='block_1_99' title="bbox 2257 3843 3858 3918">
    <p class='ocr_par' dir='ltr' id='par_1_99' title="bbox 2257 3843 3858 3918">
     <span class='ocr_line' id='line_1_99' title="bbox 2257 3843 3858 3918; baseline 0.001 -18"><span class='ocrx_word' id='word_1_801' title='bbox 2257 3851 2387 3915; x_wconf 76' lang='grc' dir='ltr'>κόνς</span> <span class='ocrx_word' id='word_1_802' title='bbox 2444 3849 2567 3910; x_wconf 85' lang='grc' dir='ltr'><strong>Πῶς</strong></span> <span class='ocrx_word' id='word_1_803' title='bbox 2602 3849 2696 3900; x_wconf 68' lang='grc' dir='ltr'><strong>κα)⁵</strong></span> <span class='ocrx_word' id='word_1_804' title='bbox 2746 3850 2826 3910; x_wconf 82' lang='grc' dir='ltr'>εἱς</span> <span class='ocrx_word' id='word_1_805' title='bbox 2877 3843 3027 3901; x_wconf 84' lang='grc' dir='ltr'>οἷκον</span> <span class='ocrx_word' id='word_1_806' title='bbox 3076 3848 3211 3900; x_wconf 77' lang='grc' dir='ltr'>Θεοῦ</span> <span class='ocrx_word' id='word_1_807' title='bbox 3266 3848 3690 3918; x_wconf 80' lang='grc' dir='ltr'>είσελεύσομαι;</span> <span class='ocrx_word' id='word_1_808' title='bbox 3734 3851 3858 3906; x_wconf 73' lang='grc' dir='ltr'><strong>οὐκ</strong></span> 
     </span>
    </p>
   </div>
   <div class='ocr_carea' id='block_1_100' title="bbox 2257 3939 3854 4011">
    <p class='ocr_par' dir='ltr' id='par_1_100' title="bbox 2257 3939 3854 4011">
     <span class='ocr_line' id='line_1_100' title="bbox 2257 3939 3854 4011; baseline -0.001 -17"><span class='ocrx_word' id='word_1_809' title='bbox 2257 3942 2402 3994; x_wconf 82' lang='grc' dir='ltr'>ἔστιν</span> <span class='ocrx_word' id='word_1_810' title='bbox 2426 3939 2690 4010; x_wconf 78' lang='grc' dir='ltr'>ἀλήθειαν</span> <span class='ocrx_word' id='word_1_811' title='bbox 2723 3939 2954 3992; x_wconf 81' lang='grc' dir='ltr'>ἀκούσαι</span> <span class='ocrx_word' id='word_1_812' title='bbox 2995 3942 3125 4010; x_wconf 87' lang='grc' dir='ltr'>παρ’</span> <span class='ocrx_word' id='word_1_813' title='bbox 3162 3940 3316 4010; x_wconf 84' lang='grc' dir='ltr'>ὑμῶν</span> <span class='ocrx_word' id='word_1_814' title='bbox 3345 3940 3450 3992; x_wconf 83' lang='grc' dir='ltr'>τῶν</span> <span class='ocrx_word' id='word_1_815' title='bbox 3477 3942 3854 4011; x_wconf 83' lang='grc' dir='ltr'>Χριστιανῶν.</span> 
     </span>
    </p>
   </div>
   <div class='ocr_carea' id='block_1_101' title="bbox 2257 4028 3859 4103">
    <p class='ocr_par' dir='ltr' id='par_1_101' title="bbox 2257 4028 3859 4103">
     <span class='ocr_line' id='line_1_101' title="bbox 2257 4028 3859 4103; baseline -0.001 -17"><span class='ocrx_word' id='word_1_816' title='bbox 2257 4033 2392 4086; x_wconf 86' lang='grc' dir='ltr'>Τότε</span> <span class='ocrx_word' id='word_1_817' title='bbox 2429 4028 2664 4094; x_wconf 80' lang='grc' dir='ltr'>ἐξελθὼν</span> <span class='ocrx_word' id='word_1_818' title='bbox 2692 4033 2718 4082; x_wconf 83' lang='grc' dir='ltr'>ὁ</span> <span class='ocrx_word' id='word_1_819' title='bbox 2748 4031 2958 4102; x_wconf 83' lang='grc' dir='ltr'>δαίμων</span> <span class='ocrx_word' id='word_1_820' title='bbox 2991 4033 3099 4085; x_wconf 82' lang='grc' dir='ltr'><strong>ἀπὸ</strong></span> <span class='ocrx_word' id='word_1_821' title='bbox 3150 4033 3243 4086; x_wconf 84' lang='grc' dir='ltr'>τοῦ</span> <span class='ocrx_word' id='word_1_822' title='bbox 3279 4033 3568 4102; x_wconf 86' lang='grc' dir='ltr'>ἀνθρώπου</span> <span class='ocrx_word' id='word_1_823' title='bbox 3603 4035 3684 4096; x_wconf 81' lang='grc' dir='ltr'><strong>είς</strong></span> <span class='ocrx_word' id='word_1_824' title='bbox 3721 4035 3859 4103; x_wconf 85' lang='grc' dir='ltr'>ἐρή-</span> 
     </span>
    </p>
   </div>
   <div class='ocr_carea' id='block_1_102' title="bbox 2262 4122 3859 4195">
    <p class='ocr_par' dir='ltr' id='par_1_102' title="bbox 2262 4122 3859 4195">
     <span class='ocr_line' id='line_1_102' title="bbox 2262 4122 3859 4195; baseline 0 -17"><span class='ocrx_word' id='word_1_825' title='bbox 2262 4143 2394 4195; x_wconf 88' lang='grc' dir='ltr'>μους</span> <span class='ocrx_word' id='word_1_826' title='bbox 2425 4127 2518 4177; x_wconf 84' lang='grc' dir='ltr'>κα“ι</span> <span class='ocrx_word' id='word_1_827' title='bbox 2537 4122 2773 4185; x_wconf 79' lang='grc' dir='ltr'>ἀϐάτους</span> <span class='ocrx_word' id='word_1_828' title='bbox 2803 4125 3003 4187; x_wconf 81' lang='grc' dir='ltr'>τόπους</span> <span class='ocrx_word' id='word_1_829' title='bbox 3033 4125 3306 4195; x_wconf 77' lang='grc' dir='ltr'>ἐπορεύθη</span> <span class='ocrx_word' id='word_1_830' title='bbox 3336 4141 3349 4154; x_wconf 88' lang='grc'><strong>·</strong></span> <span class='ocrx_word' id='word_1_831' title='bbox 3396 4125 3453 4178; x_wconf 85' lang='lat'><strong>&#39;0</strong></span> <span class='ocrx_word' id='word_1_832' title='bbox 3483 4126 3538 4178; x_wconf 84' lang='grc' dir='ltr'><strong>δὲ</strong></span> <span class='ocrx_word' id='word_1_833' title='bbox 3562 4124 3859 4194; x_wconf 76' lang='grc' dir='ltr'>ἄνθρωπος</span> 
     </span>
    </p>
   </div>
   <div class='ocr_carea' id='block_1_103' title="bbox 2260 4215 3860 4288">
    <p class='ocr_par' dir='ltr' id='par_1_103' title="bbox 2260 4215 3860 4288">
     <span class='ocr_line' id='line_1_103' title="bbox 2260 4215 3860 4288; baseline 0 -18"><span class='ocrx_word' id='word_1_834' title='bbox 2260 4219 2479 4285; x_wconf 79' lang='grc' dir='ltr'>ἐγένετο</span> <span class='ocrx_word' id='word_1_835' title='bbox 2510 4215 2668 4285; x_wconf 77' lang='grc' dir='ltr'>ὑγιὴς</span> <span class='ocrx_word' id='word_1_836' title='bbox 2703 4218 2771 4285; x_wconf 83' lang='grc' dir='ltr'>τῇ</span> <span class='ocrx_word' id='word_1_837' title='bbox 2820 4216 3052 4286; x_wconf 84' lang='grc' dir='ltr'>δυνάμει</span> <span class='ocrx_word' id='word_1_838' title='bbox 3100 4217 3194 4270; x_wconf 81' lang='grc' dir='ltr'><strong>τοῦ</strong></span> <span class='ocrx_word' id='word_1_839' title='bbox 3232 4217 3442 4287; x_wconf 81' lang='grc' dir='ltr'>Κυρίου</span> <span class='ocrx_word' id='word_1_840' title='bbox 3499 4215 3678 4287; x_wconf 77' lang='grc' dir='ltr'>Ἰησοῦ</span> <span class='ocrx_word' id='word_1_841' title='bbox 3716 4217 3860 4288; x_wconf 72' lang='grc' dir='ltr'>Χριο</span> 
     </span>
    </p>
   </div>
   <div class='ocr_carea' id='block_1_104' title="bbox 2263 4329 2413 4364">
    <p class='ocr_par' dir='ltr' id='par_1_104' title="bbox 2263 4329 2413 4364">
     <span class='ocr_line' id='line_1_104' title="bbox 2263 4329 2413 4364; baseline -0.007 0"><span class='ocrx_word' id='word_1_842' title='bbox 2263 4329 2413 4364; x_wconf 85' lang='grc' dir='ltr'>στου.</span> 
     </span>
    </p>
   </div>
   <div class='ocr_carea' id='block_1_105' title="bbox 2347 4575 3863 4651">
    <p class='ocr_par' dir='ltr' id='par_1_105' title="bbox 2347 4575 3863 4651">
     <span class='ocr_line' id='line_1_105' title="bbox 2347 4575 3863 4651; baseline 0.004 -24"><span class='ocrx_word' id='word_1_843' title='bbox 2347 4575 2803 4647; x_wconf 78' lang='grc' dir='ltr'>Ἀπαρτισθέντος</span> <span class='ocrx_word' id='word_1_844' title='bbox 2840 4578 2893 4631; x_wconf 84' lang='grc' dir='ltr'>δὲ</span> <span class='ocrx_word' id='word_1_845' title='bbox 2923 4575 3018 4631; x_wconf 74' lang='grc' dir='ltr'>τοῦ</span> <span class='ocrx_word' id='word_1_846' title='bbox 3073 4577 3236 4649; x_wconf 82' lang='grc' dir='ltr'>ἔργου</span> <span class='ocrx_word' id='word_1_847' title='bbox 3277 4576 3375 4647; x_wconf 84' lang='grc' dir='ltr'><strong>τῆς</strong></span> <span class='ocrx_word' id='word_1_848' title='bbox 3407 4577 3702 4648; x_wconf 82' lang='grc' dir='ltr'>οἰκοδομῆς</span> <span class='ocrx_word' id='word_1_849' title='bbox 3758 4580 3863 4651; x_wconf 76' lang='grc' dir='ltr'>τῆς</span> 
     </span>
    </p>
   </div>
   <div class='ocr_carea' id='block_1_106' title="bbox 2264 4666 3864 4740">
    <p class='ocr_par' dir='ltr' id='par_1_106' title="bbox 2264 4666 3864 4740">
     <span class='ocr_line' id='line_1_106' title="bbox 2264 4666 3864 4740; baseline 0.003 -20"><span class='ocrx_word' id='word_1_850' title='bbox 2264 4666 2428 4734; x_wconf 85' lang='grc' dir='ltr'>ἁγίας</span> <span class='ocrx_word' id='word_1_851' title='bbox 2483 4667 2578 4721; x_wconf 84' lang='grc' dir='ltr'>τοῦ</span> <span class='ocrx_word' id='word_1_852' title='bbox 2624 4668 2864 4740; x_wconf 82' lang='grc' dir='ltr'>Χριστοῦ</span> <span class='ocrx_word' id='word_1_853' title='bbox 2923 4670 3239 4738; x_wconf 77' lang='grc' dir='ltr'>ἐκκλησίας,</span> <span class='ocrx_word' id='word_1_854' title='bbox 3300 4669 3538 4739; x_wconf 74' lang='grc' dir='ltr'>σπουδὴν</span> <span class='ocrx_word' id='word_1_855' title='bbox 3589 4668 3864 4725; x_wconf 72' lang='grc' dir='ltr'>ἑτίθετοό</span> 
     </span>
    </p>
   </div>
   <div class='ocr_carea' id='block_1_107' title="bbox 2265 4759 3863 4839">
    <p class='ocr_par' dir='ltr' id='par_1_107' title="bbox 2265 4759 3863 4839">
     <span class='ocr_line' id='line_1_107' title="bbox 2265 4759 3863 4839; baseline 0.003 -28"><span class='ocrx_word' id='word_1_856' title='bbox 2265 4759 2400 4813; x_wconf 80' lang='grc' dir='ltr'>Θεοῦ</span> <span class='ocrx_word' id='word_1_857' title='bbox 2428 4760 2714 4830; x_wconf 77' lang='grc' dir='ltr'>ἅνθρωπος</span> <span class='ocrx_word' id='word_1_858' title='bbox 2759 4763 2854 4816; x_wconf 83' lang='grc' dir='ltr'>τοῦ</span> <span class='ocrx_word' id='word_1_859' title='bbox 2883 4763 3185 4816; x_wconf 81' lang='grc' dir='ltr'>ἀποθέσθαι</span> <span class='ocrx_word' id='word_1_860' title='bbox 3215 4763 3316 4832; x_wconf 82' lang='grc' dir='ltr'>τὴν</span> <span class='ocrx_word' id='word_1_861' title='bbox 3355 4763 3661 4832; x_wconf 76' lang='grc' dir='ltr'>τράπεζαν,</span> <span class='ocrx_word' id='word_1_862' title='bbox 3719 4765 3780 4816; x_wconf 89' lang='lat' dir='ltr'><strong>tv</strong></span> <span class='ocrx_word' id='word_1_863' title='bbox 3828 4759 3863 4839; x_wconf 80' lang='grc' dir='ltr'><strong>ᾖ</strong></span> 
     </span>
    </p>
   </div>
   <div class='ocr_carea' id='block_1_108' title="bbox 2265 4853 3864 4932">
    <p class='ocr_par' dir='ltr' id='par_1_108' title="bbox 2265 4853 3864 4932">
     <span class='ocr_line' id='line_1_108' title="bbox 2265 4853 3864 4932; baseline 0.002 -27"><span class='ocrx_word' id='word_1_864' title='bbox 2265 4853 2371 4906; x_wconf 86' lang='grc' dir='ltr'>ἔδει</span> <span class='ocrx_word' id='word_1_865' title='bbox 2396 4856 2495 4925; x_wconf 79' lang='grc' dir='ltr'>τὴν</span> <span class='ocrx_word' id='word_1_866' title='bbox 2525 4857 2900 4927; x_wconf 81' lang='grc' dir='ltr'>πνευματικὴν</span> <span class='ocrx_word' id='word_1_867' title='bbox 2931 4857 3020 4908; x_wconf 85' lang='grc' dir='ltr'><strong>καί</strong></span> <span class='ocrx_word' id='word_1_868' title='bbox 3053 4854 3392 4932; x_wconf 51' lang='grc' dir='ltr'>ἀναίματον</span> <span class='ocrx_word' id='word_1_869' title='bbox 3425 4855 3616 4909; x_wconf 80' lang='grc' dir='ltr'>θυσίαν</span> <span class='ocrx_word' id='word_1_870' title='bbox 3653 4858 3864 4924; x_wconf 76' lang='grc' dir='ltr'>ἀναφέο</span> 
     </span>
    </p>
   </div>
   <div class='ocr_carea' id='block_1_109' title="bbox 2271 4946 3863 5019">
    <p class='ocr_par' dir='ltr' id='par_1_109' title="bbox 2271 4946 3863 5019">
     <span class='ocr_line' id='line_1_109' title="bbox 2271 4946 3863 5019; baseline -0.001 -21"><span class='ocrx_word' id='word_1_871' title='bbox 2271 4946 2462 5014; x_wconf 87' lang='grc' dir='ltr'>ρεσθαι</span> <span class='ocrx_word' id='word_1_872' title='bbox 2493 4947 2571 5018; x_wconf 80' lang='grc' dir='ltr'>τῷ</span> <span class='ocrx_word' id='word_1_873' title='bbox 2596 4947 2808 5018; x_wconf 81' lang='grc' dir='ltr'>Κυρίῳ.</span> <span class='ocrx_word' id='word_1_874' title='bbox 2846 4946 3036 5016; x_wconf 83' lang='grc' dir='ltr'>Εὑρὼν</span> <span class='ocrx_word' id='word_1_875' title='bbox 3056 4947 3112 5000; x_wconf 85' lang='grc' dir='ltr'>δὲ</span> <span class='ocrx_word' id='word_1_876' title='bbox 3143 4947 3200 4998; x_wconf 85' lang='grc' dir='ltr'><strong>ἔν</strong></span> <span class='ocrx_word' id='word_1_877' title='bbox 3239 4965 3344 4999; x_wconf 88' lang='grc' dir='ltr'>τινι</span> <span class='ocrx_word' id='word_1_878' title='bbox 3369 4947 3520 5017; x_wconf 84' lang='grc' dir='ltr'>τόπῳ</span> <span class='ocrx_word' id='word_1_879' title='bbox 3544 4950 3863 5019; x_wconf 76' lang='grc' dir='ltr'>κατειδὼλῳ</span> 
     </span>
    </p>
   </div>
   <div class='ocr_carea' id='block_1_110' title="bbox 2267 5038 3864 5111">
    <p class='ocr_par' dir='ltr' id='par_1_110' title="bbox 2267 5038 3864 5111">
     <span class='ocr_line' id='line_1_110' title="bbox 2267 5038 3864 5111; baseline 0.003 -21"><span class='ocrx_word' id='word_1_880' title='bbox 2267 5038 2416 5091; x_wconf 82' lang='grc' dir='ltr'>λίθον</span> <span class='ocrx_word' id='word_1_881' title='bbox 2447 5040 2765 5108; x_wconf 67' lang='grc' dir='ltr'>ἐπιτήδειον</span> <span class='ocrx_word' id='word_1_882' title='bbox 2803 5040 2898 5094; x_wconf 74' lang='grc' dir='ltr'><strong>καὶ</strong></span> <span class='ocrx_word' id='word_1_883' title='bbox 2926 5041 3106 5110; x_wconf 79' lang='grc' dir='ltr'>τίμιον</span> <span class='ocrx_word' id='word_1_884' title='bbox 3165 5039 3452 5108; x_wconf 78' lang='grc' dir='ltr'>ὀφείλοντα</span> <span class='ocrx_word' id='word_1_885' title='bbox 3487 5041 3730 5111; x_wconf 76' lang='grc' dir='ltr'>ἁρμόσαι</span> <span class='ocrx_word' id='word_1_886' title='bbox 3782 5043 3864 5104; x_wconf 79' lang='grc' dir='ltr'>εἰς</span> 
     </span>
    </p>
   </div>
   <div class='ocr_carea' id='block_1_111' title="bbox 2267 5129 3866 5204">
    <p class='ocr_par' dir='ltr' id='par_1_111' title="bbox 2267 5129 3866 5204">
     <span class='ocr_line' id='line_1_111' title="bbox 2267 5129 3866 5204; baseline 0 -22"><span class='ocrx_word' id='word_1_887' title='bbox 2267 5129 2328 5182; x_wconf 78' lang='grc' dir='ltr'>τὸ</span> <span class='ocrx_word' id='word_1_888' title='bbox 2358 5131 2790 5199; x_wconf 63' lang='grc' dir='ltr'>ἐπιζητούμενον</span> <span class='ocrx_word' id='word_1_889' title='bbox 2835 5130 2998 5202; x_wconf 76' lang='grc' dir='ltr'>ἔργον</span> <span class='ocrx_word' id='word_1_890' title='bbox 3050 5132 3147 5199; x_wconf 78' lang='grc' dir='ltr'>τῆς</span> <span class='ocrx_word' id='word_1_891' title='bbox 3200 5133 3484 5202; x_wconf 73' lang='grc' dir='ltr'>τραπέζης</span> <span class='ocrx_word' id='word_1_892' title='bbox 3529 5133 3866 5204; x_wconf 73' lang='grc' dir='ltr'>καλλιεργη-</span> 
     </span>
    </p>
   </div>
   <div class='ocr_carea' id='block_1_112' title="bbox 2271 5220 3866 5297">
    <p class='ocr_par' dir='ltr' id='par_1_112' title="bbox 2271 5220 3866 5297">
     <span class='ocr_line' id='line_1_112' title="bbox 2271 5220 3866 5297; baseline 0.004 -24"><span class='ocrx_word' id='word_1_893' title='bbox 2271 5220 2431 5291; x_wconf 78' lang='grc' dir='ltr'>θῆναι</span> <span class='ocrx_word' id='word_1_894' title='bbox 2489 5223 2592 5275; x_wconf 84' lang='grc' dir='ltr'>ὑπὸ</span> <span class='ocrx_word' id='word_1_895' title='bbox 2626 5225 2734 5277; x_wconf 84' lang='grc' dir='ltr'><strong>τῶν</strong></span> <span class='ocrx_word' id='word_1_896' title='bbox 2763 5226 3024 5294; x_wconf 77' lang='grc' dir='ltr'>τεχνιτῶν</span> <span class='ocrx_word' id='word_1_897' title='bbox 3077 5226 3416 5294; x_wconf 84' lang='grc' dir='ltr'>πεποίηκεν·</span> <span class='ocrx_word' id='word_1_898' title='bbox 3479 5227 3619 5295; x_wconf 81' lang='grc' dir='ltr'>μετὰ</span> <span class='ocrx_word' id='word_1_899' title='bbox 3673 5228 3732 5278; x_wconf 82' lang='grc' dir='ltr'>δὲ</span> <span class='ocrx_word' id='word_1_900' title='bbox 3764 5228 3866 5297; x_wconf 75' lang='grc' dir='ltr'>τὴν</span> 
     </span>
    </p>
   </div>
   <div class='ocr_carea' id='block_1_113' title="bbox 2271 5315 3864 5390">
    <p class='ocr_par' dir='ltr' id='par_1_113' title="bbox 2271 5315 3864 5390">
     <span class='ocr_line' id='line_1_113' title="bbox 2271 5315 3864 5390; baseline 0.004 -22"><span class='ocrx_word' id='word_1_901' title='bbox 2271 5315 2594 5386; x_wconf 81' lang='grc' dir='ltr'>ἀπαλλαγὴν</span> <span class='ocrx_word' id='word_1_902' title='bbox 2650 5319 2898 5386; x_wconf 73' lang='grc' dir='ltr'>κομίζειν</span> <span class='ocrx_word' id='word_1_903' title='bbox 2934 5320 3014 5379; x_wconf 80' lang='grc' dir='ltr'>εἰς</span> <span class='ocrx_word' id='word_1_904' title='bbox 3053 5320 3152 5386; x_wconf 77' lang='grc' dir='ltr'>τὴν</span> <span class='ocrx_word' id='word_1_905' title='bbox 3187 5318 3486 5387; x_wconf 81' lang='grc' dir='ltr'>ἐκκλησίαν</span> <span class='ocrx_word' id='word_1_906' title='bbox 3535 5321 3864 5390; x_wconf 70' lang='grc' dir='ltr'>ἐπέτρεψεν.</span> 
     </span>
    </p>
   </div>
   <div class='ocr_carea' id='block_1_114' title="bbox 2285 5409 3869 5483">
    <p class='ocr_par' dir='ltr' id='par_1_114' title="bbox 2285 5409 3869 5483">
     <span class='ocr_line' id='line_1_114' title="bbox 2285 5409 3869 5483; baseline 0.003 -21"><span class='ocrx_word' id='word_1_907' title='bbox 2285 5410 2595 5472; x_wconf 81' lang='grc' dir='ltr'>Ἐπιθέντες</span> <span class='ocrx_word' id='word_1_908' title='bbox 2622 5409 2910 5482; x_wconf 76' lang='grc' dir='ltr'>τοιγαροῦν</span> <span class='ocrx_word' id='word_1_909' title='bbox 2940 5412 2990 5460; x_wconf 85' lang='grc' dir='ltr'>οἱ</span> <span class='ocrx_word' id='word_1_910' title='bbox 3028 5412 3271 5480; x_wconf 79' lang='grc' dir='ltr'>τεχνῖται</span> <span class='ocrx_word' id='word_1_911' title='bbox 3320 5412 3410 5468; x_wconf 68' lang='grc' dir='ltr'>τὸν</span> <span class='ocrx_word' id='word_1_912' title='bbox 3439 5411 3587 5464; x_wconf 82' lang='grc' dir='ltr'>λίθον</span> <span class='ocrx_word' id='word_1_913' title='bbox 3615 5413 3712 5465; x_wconf 76' lang='grc' dir='ltr'>ἐπὶ</span> <span class='ocrx_word' id='word_1_914' title='bbox 3762 5417 3869 5483; x_wconf 69' lang='grc' dir='ltr'><strong>τὴν</strong></span> 
     </span>
    </p>
   </div>
   <div class='ocr_carea' id='block_1_115' title="bbox 2267 5503 3870 5578">
    <p class='ocr_par' dir='ltr' id='par_1_115' title="bbox 2267 5503 3870 5578">
     <span class='ocr_line' id='line_1_115' title="bbox 2267 5503 3870 5578; baseline 0.002 -20"><span class='ocrx_word' id='word_1_915' title='bbox 2267 5504 2507 5573; x_wconf 71' lang='grc' dir='ltr'>ἄμαξαν,</span> <span class='ocrx_word' id='word_1_916' title='bbox 2541 5503 2830 5570; x_wconf 78' lang='grc' dir='ltr'>ζεύξαντες</span> <span class='ocrx_word' id='word_1_917' title='bbox 2882 5511 3009 5570; x_wconf 81' lang='grc' dir='ltr'>τοὺς</span> <span class='ocrx_word' id='word_1_918' title='bbox 3042 5508 3170 5578; x_wconf 79' lang='grc' dir='ltr'>βόας</span> <span class='ocrx_word' id='word_1_919' title='bbox 3220 5504 3356 5578; x_wconf 78' lang='grc' dir='ltr'>ἦγον</span> <span class='ocrx_word' id='word_1_920' title='bbox 3393 5509 3448 5560; x_wconf 82' lang='grc' dir='ltr'><strong>ἐν</strong></span> <span class='ocrx_word' id='word_1_921' title='bbox 3477 5511 3541 5578; x_wconf 82' lang='grc' dir='ltr'>τῇ</span> <span class='ocrx_word' id='word_1_922' title='bbox 3581 5509 3758 5562; x_wconf 78' lang='grc' dir='ltr'>πόλει.</span> <span class='ocrx_word' id='word_1_923' title='bbox 3807 5508 3870 5562; x_wconf 83' lang='grc' dir='ltr'>ὐ</span> 
     </span>
    </p>
   </div>
   <div class='ocr_carea' id='block_1_116' title="bbox 2265 5599 3870 5673">
    <p class='ocr_par' dir='ltr' id='par_1_116' title="bbox 2265 5599 3870 5673">
     <span class='ocr_line' id='line_1_116' title="bbox 2265 5599 3870 5673; baseline 0.006 -22"><span class='ocrx_word' id='word_1_924' title='bbox 2265 5599 2320 5651; x_wconf 79' lang='grc' dir='ltr'>δὲ</span> <span class='ocrx_word' id='word_1_925' title='bbox 2355 5601 2624 5670; x_wconf 73' lang='grc' dir='ltr'>βάσκανος</span> <span class='ocrx_word' id='word_1_926' title='bbox 2656 5602 2752 5656; x_wconf 76' lang='grc' dir='ltr'>καὶ</span> <span class='ocrx_word' id='word_1_927' title='bbox 2781 5602 3065 5672; x_wconf 67' lang='grc' dir='ltr'>ἁντίξηλος</span> <span class='ocrx_word' id='word_1_928' title='bbox 3097 5602 3205 5655; x_wconf 84' lang='grc' dir='ltr'><strong>τῶν</strong></span> <span class='ocrx_word' id='word_1_929' title='bbox 3225 5602 3570 5673; x_wconf 81' lang='grc' dir='ltr'>Χριστιανῶν</span> <span class='ocrx_word' id='word_1_930' title='bbox 3592 5601 3870 5665; x_wconf 62' lang='grc' dir='ltr'>διάϐολος,</span> 
     </span>
    </p>
   </div>
  </div>
