4160 6422
364 355 506 425 1353
1591 356 1772 420 νιΤΑ
1812 354 1871 416 S.
1902 355 1970 415 Pl

2076 354 2352 417 [‘HENII.
3477 352 3622 420 1354'

357 475 460 527 οὐκ
488 472 717 541 ἐνέγκας
751 471 810 526 τὸ
837 470 946 545 πῦρ
987 471 1080 526 τοῦ
1117 472 1260 527 κατά
1298 470 1431 524 Θεὸν
1463 470 1627 542 ζήλου
1660 469 1754 524 τοῦ
1789 469 1968 539 όιγίου⁸

2076 470 2174 534 iri,
2202 467 2544 524 conturbatis
2586 468 2780 534 bobus,
2832 468 3031 536 eﬂecit,
3070 476 3130 523 ut
3182 469 3219 524 ii
3262 479 3483 542 repente
3519 469 3627 527 itu-

360 563 576 636 ἀνδρὸς,
613 564 944 636 διαταράξας
987 565 1115 628 τοὺς
1150 565 1280 636 βόας
1309 562 1593 634 αἰφνιδίως
1635 563 1780 634 ὁρμῇ
1812 564 1949 617 ἀκα-

2076 569 2202 627 tetu,
2227 560 2322 631 qui
2353 561 2597 616 cohiberi
2625 577 2731 617 non
2765 569 2998 633 poterat,
3027 561 3262 630 incitati,
3287 564 3537 635 supinum
3575 565 3628 620 in

359 657 633 728 τασχέτῳ,
668 656 860 711 ὕπτιον
897 657 1122 728 ἔρριψεν
1159 657 1240 721 εἰς
1285 655 1383 728 τὴν
1428 654 1536 725 γῆν
1581 652 1676 708 τὸν
1719 654 1949 710 ἕλκοντα

360 753 488 815 τοὺς
541 749 694 820 βόας,
728 750 955 821 ὀνόματι
998 749 1357 819 Εὖτυχιανὸν,
1387 748 1447 802 δν
1499 746 1887 818 ὑπολαδομένη
1913 749 1948 819 ἡ

364 843 570 916 ἅμαξα,
603 843 784 897 πᾶσαν
829 844 929 913 τὴν
985 842 1094 896 τῶν
1141 842 1468 912 σπλάγχνων
1500 839 1666 894 αὐτοῦ
1699 840 1950 912 διέρρηξε

363 936 458 990 διὰ
482 935 577 989 τοῦ
603 935 801 1007 τροχοῦ
839 933 1178 1002 οἰκονομίαν.
1211 933 1415 988 Μαθὼν
1462 928 1555 987 οῦν
1583 933 1644 985 τὸ
1669 931 1896 1001 γεγονὸς
1925 934 1952 985 6

366 1029 551 1092 δοῦλος
595 1027 690 1081 τοῦ
746 1026 984 1097 Χριστοῦ
1021 1021 1209 1080 εἴπενο
1258 1027 1432 1080 Τοῦτο
1476 1025 1749 1094 Σατανικῆ
1783 1023 1954 1078 κακία

368 1119 692 1188 πεποίηκεν.
752 1119 868 1172 Οὐκ
923 1118 1240 1189 ἐμποδίσεις
1285 1119 1344 1171 ἐν
1385 1115 1584 1187 τούτῳ,
1614 1114 1863 1178 διάδολε,
1890 1114 1954 1167 τὸ

369 1209 530 1281 ἔργον
554 1209 648 1262 τοῦ
685 1207 842 1273 Θεοῦ,
865 1210 960 1262 καὶ
977 1207 1311 1280 παραλαϐὼν
1337 1209 1464 1272 τοὺς
1498 1209 1659 1272 ὄντας
1690 1208 1786 1262 σὺν
1809 1207 1956 1277 αύτῷ

371 1303 576 1374 ἄνδρας
637 1302 935 1368 θεοσεϐεῖς,
987 1301 1332 1373 κατέδραμεν
1367 1302 1459 1355 ἐπὶ
1502 1301 1594 1356 τὸν
1638 1301 1826 1367 τόπον,
1861 1303 1957 1355 καὶ

370 1395 601 1464 πλησίον
629 1394 724 1448 τοῦ
758 1395 1052 1466 πτώματος
1102 1393 1293 1458 κλίνας
1330 1394 1398 1447 τά
1442 1394 1645 1463 γόνατα
1691 1393 1831 1465 μετά
1858 1395 1958 1447 δας

369 1485 556 1556 κρύων
607 1487 958 1557 προσηύξατο
1005 1487 1242 1550 ἐκτενῶς
1276 1486 1413 1558 πρὸς
1443 1487 1536 1540 τὸν
1579 1485 1714 1540 Θεὸν
1745 1486 1919 1555 λέγων
1941 1491 1957 1517 ⁸

372 1581 445 1634 Σὺ
477 1581 728 1633 Δέσποτα
757 1579 956 1644 όΘεὸς,
991 1579 1020 1633 ό
1055 1579 1198 1651 ζωῆς
1219 1580 1317 1634 καὶ
1347 1579 1578 1635 θανάτου
1609 1579 1833 1651 Κύριος,
1863 1579 1964 1634 οὒκ

372 1674 614 1742 ἀγνοεῖς,
645 1672 712 1726 δι’
763 1672 831 1744 ἣν
870 1671 1051 1726 αἰτίαν
1089 1672 1117 1724 ό
1166 1671 1478 1743 ἀρχέκακος
1510 1671 1705 1742 ἐχθρὸς
1736 1671 1965 1726 θάνατον

376 1766 458 1828 είς
489 1765 549 1819 τὸ
576 1765 668 1818 σὸν
699 1764 950 1835 πλάσμα,
977 1763 1093 1818 ἀλλ’
1125 1764 1201 1827 ὡς
1247 1764 1478 1817 πάντοτε
1507 1766 1604 1817 καὶ
1645 1762 1740 1818 νῦν
1789 1761 1961 1829 δεῖξον

377 1852 542 1908 αὑτοῦ
581 1853 820 1924 ματαίαν
849 1853 948 1924 τὴν
997 1853 1363 1924 ἐπιχείρησιν,
1427 1851 1574 1923 ζωῆς
1622 1852 1680 1907 δέ
1733 1853 1959 1924 μέτοχον

378 1944 469 1998 τὸν
502 1945 594 1999 σὸν
647 1945 836 2000 δοῦλον
875 1943 1138 2015 Εὐτύχιον
1197 1944 1446 2016 ποίησον,
1508 1945 1690 2010 δείξας
1737 1948 1848 2008 τοῖς
1880 1947 1962 2009 εἰς

382 2036 442 2088 σὲ
481 2037 830 2091 πιστεύουσιν
858 2038 956 2108 τὴν
981 2037 1238 2107 ἀνίκητόν
1266 2054 1361 2090 σου
1391 2037 1620 2106 δύναμιν
1642 2053 1658 2069 ·
1686 2037 1844 2091 ἔτιδὲ
1869 2037 1962 2092 τοῦ

379 2129 588 2183 δικαίου
614 2130 715 2192 τὴν
742 2129 907 2200 εὐχὴν
934 2127 1011 2200 τῷ
1037 2128 1154 2200 Θεῷ
1179 2129 1616 2199 ἀναπέμποντος,
1651 2129 1712 2182 τὸ
1746 2129 1967 2200 πνεῦμα

379 2219 474 2272 τοῦ
509 2219 832 2290 τεθνηκότος
862 2221 1166 2292 ἐπέστρεψε
1195 2221 1332 2292 πρὸς
1360 2221 1422 2273 τὸ
1454 2220 1612 2290 σῶμα
1628 2221 1722 2274 τοῦ
1748 2219 1964 2293 ἀνθρώ-

382 2330 484 2366 που
535 2315 761 2383 ὲπόψεσι
811 2313 1014 2377 παντὸς
1060 2313 1156 2367 τοῦ
1189 2312 1318 2367 λαοῦ
1369 2313 1654 2382 λέγοντος·
1689 2313 1826 2379 Δόξα
1858 2332 1966 2382 σοι,

394 2405 565 2477 Ἰησοῦ
593 2407 820 2478 Χριστέ,
861 2410 889 2460 ὁ
929 2408 1158 2478 νεκροὺς
1194 2406 1463 2460 ἀνιστῶν·
1507 2410 1604 2461 καὶ
1636 2408 1969 2478 ἐπιλαϐόμε-

382 2519 471 2565 νος
501 2503 625 2566 τοὺς
663 2501 792 2572 βόας
822 2496 973 2554 εἷλκε
1025 2502 1126 2571 τὴν
1159 2499 1380 2570 ἅμαξαν
1414 2499 1519 2564 ἕως
1545 2499 1640 2557 τοῦ
1683 2501 1831 2554 οἴκου
1869 2501 1969 2571 τῆς

383 2595 546 2663 ἁγίας
580 2594 899 2664 ἐκκλησίας.
1939 2584 1942 2585 ν

2051 661 2252 707 terram
2286 651 2615 723 proiecerint
2637 668 2781 717 eum,
2804 653 2896 724 qui
2922 655 3173 712 trahebat
3201 657 3389 723 boves,
3413 660 3634 714 nomine

2049 741 2491 814 Eutychianum;
2529 759 2692 815 quem
2734 745 3015 814 excipiens
3068 761 3284 814 currus,
3318 763 3416 818 per
3461 758 3629 804 totam
3687 801 3691 804 .

2053 837 2311 906 perfregit
2335 851 2551 892 omnem
2585 838 2853 893 viscerum
2878 837 2996 906 ejus
3053 854 3398 910 compagem,
3438 841 3634 911 sicque

2057 929 2104 983 is
2124 929 2442 998 exspiravit.
2463 929 2601 984 Cum
2624 939 2806 984 autem
2836 931 3134 1000 accepisset
3162 933 3302 1000 quod
3335 932 3632 997 acciderat,

2059 1034 2253 1076 servus
2283 1020 2376 1076 Dei
2405 1019 2753 1088 Parthenius,
2796 1021 2973 1075 dixit:
3012 1021 3127 1076 lloc
3170 1023 3428 1079 Satanica
3479 1025 3639 1092 plane
3737 1014 3740 1018 ’

2059 1116 2192 1172 fecit
2221 1114 2456 1170 malitia.
2501 1112 2620 1169 Non
2655 1114 2920 1185 impedies
2971 1113 3024 1169 itt
3074 1113 3196 1179 hoc,
3226 1115 3466 1180 diabole,
3494 1130 3637 1186 Opus

2061 1209 2178 1274 Dei,
2203 1218 2259 1263 et
2283 1207 2467 1262 statim
2495 1221 2781 1263 assumens
2812 1223 2994 1262 secum
3029 1209 3146 1278 pios
3187 1207 3358 1272 viros,
3387 1209 3479 1278 qui
3512 1225 3636 1265 cum

2060 1303 2180 1373 ipso
2236 1314 2412 1364 erant,
2437 1299 2683 1356 cucurrit
2735 1300 2803 1354 ad
2833 1299 3010 1354 locum
3045 1315 3058 1351 :
3095 1310 3149 1355 et
3173 1310 3325 1356 stans
3346 1316 3516 1372 prope
3545 1317 3641 1359 ca-

2063 1395 2249 1461 daver,
2282 1402 2544 1448 etsancta
2575 1408 2672 1448 sua
2700 1392 2974 1448 inclinans
3006 1407 3206 1464 genua,
3236 1409 3358 1449 cum
3383 1395 3642 1465 lacrymis

2065 1490 2278 1545 intense
2335 1488 2512 1544 oravit
2581 1487 2648 1541 ad
2702 1484 2895 1552 Deum,
2952 1484 3324 1550 dicenszTu,
3388 1485 3640 1543 Domine.

2063 1583 2415 1652 omnipotens
2442 1577 2818 1649 suppeditatur
2858 1577 2984 1633 vitae
3018 1589 3074 1633 et
3103 1579 3315 1644 mortis,
3354 1595 3461 1635 non
3493 1579 3642 1650 igno—
3671 1615 3696 1638 .

2064 1691 2154 1730 ras
2209 1683 2429 1744 propter
2473 1687 2638 1742 quam
2671 1685 2891 1727 causam
2923 1679 3115 1727 auctor
3149 1671 3416 1729 malorum
3457 1672 3639 1728 inimi-

2067 1782 2182 1834 cus,
2213 1765 2561 1821 machinatus
2605 1773 2690 1820 est
2730 1772 2963 1818 mortem
3020 1764 3072 1818 in
3108 1775 3256 1820 tuum
3299 1763 3642 1836 figmentum.

2073 1857 2202 1921 Sed,
2240 1872 2274 1912 ο
2306 1854 2718 1924 benignissime,
2751 1868 2897 1909 nunc
2924 1868 3139 1924 quoque
3169 1855 3393 1910 ostende
3428 1857 3648 1909 inanem

2070 1949 2190 2021 ejus
2225 1957 2528 2003 conatum:
2562 1947 2686 2001 vita:
2744 1955 2927 2002 autem
2973 1948 3299 2017 participem
3360 1946 3448 2004 fac
3497 1958 3650 2002 tuum

2071 2057 2288 2098 servum
2313 2041 2734 2112 Eutychiauum,
2767 2041 3063 2098 ostendens
3100 2041 3188 2109 iis,
3221 2042 3310 2110 qui
3345 2041 3399 2096 in
3446 2051 3498 2097 te
3529 2057 3654 2098 crc-

2074 2135 2226 2200 duut,
2281 2135 2542 2188 invictam
2599 2143 2746 2187 tuam
2801 2133 3124 2202 potentiam.
3163 2133 3431 2201 Quoniam
3500 2143 3556 2189 tu
3591 2148 3654 2190 es

2074 2227 2220 2281 solus
2272 2224 2436 2292 Deus,
2464 2234 2521 2281 et
2581 2235 2634 2280 te
2673 2228 2826 2281 decet
2875 2225 3047 2295 gloria
3105 2225 3160 2280 in
3213 2226 3428 2281 saecula.
3451 2227 3650 2282 Amen.

2075 2317 2211 2372 Cum
2253 2326 2436 2371 autem
2483 2315 2571 2370 vir
2626 2317 2807 2387 justus
2839 2316 2949 2371 Deo
2992 2317 3262 2372 emisisset
3291 2317 3390 2373 has
3442 2332 3654 2389 preces,

2079 2424 2330 2466 reversus
2355 2419 2438 2465 est
2469 2410 2666 2463 mortui
2689 2409 2910 2478 spiritus
2941 2409 2995 2463 in
3015 2424 3212 2477 corpus
3231 2408 3374 2480 ejus,
3391 2420 3446 2466 et
3467 2411 3655 2479 cmpit,

2078 2504 2168 2573 qui
2199 2502 2380 2556 fuerat
2431 2512 2699 2566 mortuus,
2735 2501 2918 2556 dicere
2968 2501 3022 2555 in
3077 2512 3370 2570 conspectu
3421 2503 3660 2559 universi

2080 2594 2264 2666 populi
2301 2611 2314 2645 :
2345 2592 2529 2649 Gloria
2574 2592 2691 2658 tibi,
2713 2592 2938 2660 Christe
2965 2591 3131 2659 Deus,
3164 2595 3255 2665 qui
3279 2596 3444 2650 etiam
3478 2595 3660 2651 susci-

390 2703 470 2744 tas
500 2699 777 2756 tnortuos;
820 2701 876 2744 et
906 2704 1027 2744 cum
1055 2689 1305 2760 protinus
1333 2690 1682 2757 surrexisset,
1714 2701 1769 2746 et
1831 2691 2006 2748 factus
2042 2702 2186 2748 esset
2252 2703 2420 2744 sanus
2447 2689 2589 2744 sicut
2621 2688 2796 2757 prius,
2825 2697 2880 2743 et
2906 2689 3209 2760 accepisset
3246 2691 3432 2756 boves,
3492 2692 3662 2748 traxit

385 2797 604 2839 currum
641 2797 814 2852 usque
846 2781 912 2836 ad
947 2783 1118 2837 sedem
1158 2781 1423 2839 ecclesiae.

455 2882 544 2946 (τ’.
575 2880 783 2941 Πάντες
816 2878 908 2932 οῦν
951 2879 1150 2941 ἰδόντες
1172 2880 1234 2932 τὸ
1268 2881 1572 2951 παράδοξον
1603 2884 1831 2954 σημεῖον
1849 2883 1972 2937 τοῦ-

385 2990 466 3040 το,
502 2971 840 3042 πανταχόθεν
895 2971 1092 3043 ἔφερον
1123 2973 1249 3038 τοὺς
1305 2973 1670 3038 ἀσθενοῦντας
1700 2975 1797 3028 καὶ
1843 2976 1972 3039 τοὺς

385 3062 762 3134 ὀχλουμένους
824 3063 929 3115 ὑπὸ
987 3064 1319 3134 πνευμάτων
1385 3063 1674 3135 πονηρῶν·
1735 3067 1830 3118 καὶ
1905 3067 1972 3137 τῇ

2151 2879 2412 2936 VLTunc
2433 2891 2639 2943 omnes,
2655 2875 2747 2948 qui
2767 2875 3129 2932 videranthoc
3162 2875 3484 2933 miraculum
3520 2877 3660 2936 adeo

2080 2983 2276 3042 praeter
2312 2972 2643 3042 opinionem,
2694 2968 2992 3025 ali‘erebant
3041 2971 3281 3042 undique
3306 2981 3662 3043 mgrotantes,

2082 3073 2136 3115 et
2163 3062 2254 3132 qui
2278 3061 2612 3116 vexabantur
2639 3059 2706 3114 ab
2733 3059 3028 3144 immundis
3043 3061 3322 3130 Spiritibus
3353 3081 3366 3118 :
3402 3073 3456 3119 et
3485 3065 3662 3133 gratia

386 3155 616 3226 δυνάμει
637 3155 732 3208 τοῦ
755 3155 961 3226 Κυρίου
991 3154 1394 3227 ἐθεραπεύοντο
1424 3157 1684 3219 ἅπαντες.
1736 3157 1894 3209 Πᾶσα
1921 3157 1970 3208 δὲ

2085 3164 2138 3208 et
2171 3155 2371 3208 virtute
2395 3152 2606 3208 Domini
2656 3151 2785 3206 Jesu
2837 3151 3174 3207 curabuntur
3219 3168 3434 3212 omnes.
3469 3156 3663 3212 Omnis

391 3247 616 3316 ἰατρικὴ
666 3244 831 3316 τέχνη
892 3247 951 3299 ἐν
991 3247 1108 3309 ταῖς
1144 3247 1382 3318 ἡμέραις
1427 3248 1521 3300 τοῦ
1564 3249 1721 3318 ἁγίου
1777 3249 1973 3303 τούτου

390 3338 585 3408 ἀνδρὸς
608 3338 844 3408 ἠσθένει,
899 3338 987 3392 διὰ
1013 3340 1071 3393 τὸ
1093 3343 1323 3393 παντοῖα
1350 3341 1496 3413 πάθη
1528 3343 1621 3394 ἐπὶ
1648 3341 1723 3412 τῷ
1749 3343 1976 3413 ὀνόματι

388 3429 481 3482 τοῦ
507 3430 712 3500 Κυρίου
735 3430 892 3500 ἡμῶν
920 3429 1096 3500 Ἰησοῦ
1127 3431 1368 3502 Χριστοῦ
1392 3433 1719 3505 άναργύρως
1754 3420 1970 3488 ἰᾶσθαι·

391 3523 448 3573 ἐν
480 3515 562 3584 οἷς
593 3521 879 3592 Διονύσιος.
914 3522 1010 3575 τοῦ
1052 3525 1415 3596 πραιποσίτου
1448 3524 1736 3596 βασιλικῆς
1771 3526 1976 3596 βαστα-

391 3612 517 3680 γῆς,
557 3611 838 3682 θυγατέρα
892 3614 1185 3683 παρθένον,
1240 3614 1467 3685 ὀνόματι
1499 3618 1738 3687 Δάφνην,
1786 3617 1979 3680 δεινῶς

393 3704 496 3756 ὑπὸ
525 3704 780 3773 δαίμονος
811 3705 1232 3775 παιδευομένην,
1265 3708 1323 3758 ἐν
1350 3708 1500 3770 ὅλαις
1523 3708 1704 3778 τρισὶν
1737 3709 1976 3778 ἡμέραις

392 3796 786 3868 ἐθεράπευσεν.
857 3795 1084 3864 Ἑτέραν
1133 3797 1191 3849 δὲ
1255 3797 1549 3868 Μαμαλίου
1607 3799 1979 3869 πρωτεύοντός

391 3905 536 3950 τινος
603 3887 704 3959 τῆς
759 3887 1051 3958 Σμυρνέων
1115 3887 1324 3953 πόλεως
1391 3888 1695 3960 θυγατέρα,
1751 3891 1980 3961 ὀνόματι

406 3978 781 4050 ’Δγαλματίαν
821 3979 926 4032 ὑπὸ
977 3979 1289 4050 πνεύματος
1321 3980 1636 4052 ἀκαθάρτου
1663 3985 1980 4053 καταρῤησ-

397 4073 634 4142 σομένην
668 4072 762 4126 καὶ
789 4070 1126 4139 άφρίζουσαν
1150 4073 1242 4125 καὶ
1267 4072 1663 4143 ξηραινομένην
1687 4073 1984 4144 ἐθεράπευ-

399 4180 489 4214 σεν
515 4178 527 4190 ·
557 4161 764 4216 Ζωῖλαν
795 4163 851 4215 δὲ
880 4162 1106 4232 ὀνόματι
1157 4162 1265 4216 ἀπὸ
1293 4165 1417 4226 τοὺς
1468 4165 1686 4235 Πέρσας
1716 4165 1979 4220 ἐλθοῦσαν

397 4257 496 4310 καὶ
524 4255 629 4308 ὑπὸ
657 4255 911 4326 δαίμονος
967 4255 1235 4327 μαντικοῦ
1265 4255 1515 4320 ἐλεεινῶς
1550 4259 1980 4332 συντριϐομένην

397 4348 500 4400 οὐκ
529 4348 609 4410 εἰς
641 4347 854 4418 μακρὸν
890 4347 1079 4418 χρόνον
1128 4347 1504 4420 ἠλευθέρωσεν
1527 4353 1593 4421 τῇ
1633 4351 1727 4404 τοῦ
1775 4353 1980 4424 Κυρίου

401 4441 584 4512 χάριτι
605 4457 620 4470 ⁸
649 4440 808 4492 ἄλλον
837 4440 893 4493 δέ
939 4441 1100 4495 πάλιν
1133 4440 1400 4513 νεώτερον
1426 4442 1534 4496 ἀπὸ
1569 4443 1774 4515 Ὀρνῶν
1799 4445 1980 4515 όρμώο

2080 3258 2262 3300 autem
2324 3261 2416 3300 ars
2452 3244 2739 3300 medicina:
2773 3244 2826 3298 in
2863 3243 3055 3300 diebus
3107 3246 3266 3316 hujus
3319 3249 3496 3304 sancti
3557 3250 3663 3305 viri

2080 3348 2196 3394 erat
2224 3336 2516 3400 imbecilla,
2552 3348 2838 3406 propterea
2863 3339 3005 3406 quod
3056 3353 3219 3395 omne
3266 3356 3440 3411 genus
3481 3345 3661 3399 morbi

2081 3431 2136 3485 in
2163 3431 2408 3508 ,nomine
2466 3430 2684 3485 Domini
2715 3431 2890 3486 nostri
2914 3431 3043 3487 Jesu
3098 3431 3302 3489 Christi
3359 3435 3530 3506 gratis
3588 3438 3662 3494 ab

2085 3520 2208 3590 ipso
2294 3528 2606 3576 curaretur.
2673 3521 2824 3576 Inter
2895 3535 3036 3591 quos
3093 3522 3389 3594 Dionysius
3437 3542 3665 3598 quoque

2081 3610 2356 3679 praepositi
2417 3611 2579 3674 lilins,
2634 3610 2805 3680 stirpe
2857 3610 3242 3680 imperatoria,
3301 3629 3422 3669 cum
3492 3617 3664 3674 habe-

2085 3714 2165 3756 ret
2211 3704 2375 3756 tiliam
2423 3703 2711 3777 virginem,
2773 3704 2990 3757 nomine
3021 3705 3298 3774 Daphnen,
3326 3722 3447 3776 qua:
3479 3725 3508 3762 a
3555 3711 3665 3770 dte-

2083 3807 2243 3847 mone
2270 3794 2506 3864 graviter
2533 3795 2922 3863 castigabatur,
2963 3795 3074 3864 ipse
3134 3810 3254 3851 eam
3319 3798 3446 3854 totis
3488 3801 3662 3856 tribus

2083 3885 2275 3940 diebus
2349 3887 2577 3939 curavit.
2638 3885 2878 3940 Alteram
2948 3897 3126 3940 autent
3186 3887 3424 3946 Mamalii
3486 3891 3666 3961 cujus-

2084 3979 2205 4031 dam
2264 3975 2452 4041 liiiam,
2531 3978 2624 4047 qui
2688 3985 2806 4032 erat
2861 3979 3111 4050 princeps
3167 3981 3405 4039 civitatis
3467 3984 3660 4057 Smyr-

2085 4069 2353 4132 nensium,
2402 4071 2624 4124 nomine
2673 4069 3055 4141 Agalmatiam,
3115 4089 3235 4143 qua:
3292 4075 3361 4132 ab
3420 4077 3659 4136 immun-

2085 4161 2152 4215 do
2220 4160 2419 4231 spiritu
2486 4171 2701 4228 vexata,
2749 4177 2996 4232 spumam
3054 4165 3363 4232 emittebat,
3419 4172 3657 4228 curavit.

2086 4251 2300 4308 Zoeletn
2323 4267 2452 4309 vero
2472 4254 2714 4318 nomine,
2747 4268 2869 4324 qua:
2907 4253 2974 4309 ad
3009 4253 3206 4313 Persas
3249 4270 3494 4326 venerat,
3549 4275 3604 4318 et
3628 4279 3658 4314 ιι

2086 4345 2329 4400 dmmone
2406 4347 2741 4402 vaticinante
2787 4347 3173 4406 miserabiliter
3220 4357 3609 4412 conterebatur
3638 4397 3655 4423 ,

2087 4439 2228 4493 haud
2267 4438 2342 4494 ita
2378 4438 2540 4510 longo
2578 4448 2703 4510 post
2754 4449 3018 4511 tempore,
3059 4441 3273 4499 Domini
3318 4447 3493 4516 gratia
3523 4448 3660 4506 libe-

406 4547 566 4600 μενον
592 4532 707 4586 υἱὸν
737 4530 1114 4601 πρεσδυτέρου
1144 4530 1374 4600 ὀνόματι
1414 4531 1640 4588 Νίκωνα
1681 4533 1786 4587 ὑπὸ
1816 4536 1970 4588 πνεύ-

2087 4530 2248 4587 ravit.
2281 4530 2461 4586 Alium
2491 4541 2672 4587 autem
2707 4547 2897 4589 rursus
2921 4535 3180 4604 juvenem
3225 4549 3292 4592 ex
3325 4535 3536 4596 liunnis
3562 4556 3662 4598 or-

407 4637 575 4691 ματος
626 4618 800 4674 δεινοῦ
857 4619 1287 4690 παιδευόμενον,
1329 4621 1632 4689 ἀγαγόντες
1691 4623 1741 4676 οἰ
1787 4623 1979 4678 τούτου

403 4717 604 4782 γονεῖς,
640 4711 870 4786 ἔρριψαν
909 4712 988 4776 εἰς
1035 4712 1163 4777 τοὺς
1194 4713 1360 4778 πόδας
1393 4713 1487 4767 τοῦ
1523 4715 1706 4783 ἁγίου,
1734 4715 1982 4788 δεόμενοι

403 4807 500 4858 τοῦ
531 4805 753 4876 ἐλεῆσαι
783 4805 882 4875 τὴν
907 4803 1002 4858 τοῦ
1036 4803 1223 4858 ἀθλίου
1261 4804 1492 4876 νεότητα
1537 4807 1632 4859 καὶ
1681 4807 1984 4879 ἐλευθερῶ-

406 4915 498 4953 σαι
526 4898 693 4952 αὑτὸν
728 4898 822 4951 τοῦ
848 4898 1159 4968 ἀκαθάρτου
1183 4897 1454 4966 δαίμονος.
1477 4898 1556 4959 ¹Ὀ
1589 4900 1646 4953 δέ
1674 4901 1822 4965 ὅσιος
1843 4901 1982 4972 ἀνὴρ

403 4994 508 5063 ἔφη
539 4993 754 5057 αὐτοῖς·
791 4994 908 5047 Ούκ
937 4992 1086 5047 ἐστιν
1111 4992 1262 5058 ἄξιος
1288 4991 1385 5045 τοῦ
1419 4993 1654 5064 ἰαθῆναι.
1703 4995 1845 5066 Πρὸς
1873 4996 1982 5068 γάρ

404 5085 653 5139 παιδείαν
694 5085 924 5156 ἐπεδόθη
955 5084 1158 5157 αὑτῷό
1203 5082 1438 5154 σκὼλωψ
1499 5083 1594 5138 τοῦ
1650 5087 1980 5157 πνεύματος,

402 5178 540 5232 διότι
578 5177 906 5248 πατρολοίας
935 5176 1102 5231 ἐστίν.
1146 5177 1534 5247 Ἀθετηθέντες
1560 5176 1671 5248 γὰρ
1716 5179 1980 5244 πολλάκις

406 5270 499 5324 ὑπ’
527 5271 694 5324 αὑτοῦ
728 5271 786 5323 ἐν
813 5270 1012 5340 πικρίᾳ
1051 5268 1230 5340 ψυχῆς
1274 5267 1429 5339 ὑμῶν
1451 5309 1467 5336 ,
1499 5269 1659 5339 ὑμεῖς
1703 5269 1980 5340 ᾐτήσασθε

403 5364 496 5418 τὸν
523 5362 658 5419 Θεὸν
689 5361 1047 5433 παιδευθῆναι
1090 5360 1276 5415 αὐτόν.
1312 5361 1513 5428 ’Ἄφετε
1537 5361 1724 5426 αὑτὸν,
1775 5365 1985 5433 συμφέ-

409 5474 492 5529 ρει
513 5457 622 5527 γάρ
651 5456 818 5527 αὐτῷ.
859 5455 924 5509 Οἱ
964 5455 1022 5508 δέ
1044 5454 1119 5517 ὡς
1166 5455 1344 5523 γονεῖς
1377 5453 1715 5525 ὑπάρχοντες
1746 5456 1842 5509 καὶ
1870 5458 1983 5520 τοῖς

407 5549 741 5620 σπλάγχνοις
797 5546 1114 5618 νικώμενοι,
1167 5545 1473 5617 ἀνεϐόησαν
1515 5547 1656 5619 μετά
1706 5547 1979 5620 δακρύων,

367 5654 378 5660 '
405 5645 649 5716 δεόμενοι
674 5641 933 5713 εὔχεσθαι.
971 5641 1110 5714 πρὸς
1139 5640 1230 5694 τὸν
1283 5640 1416 5694 Θεὸν
1442 5641 1572 5712 περὶ
1612 5641 1799 5707 αὐτοῦ,
1834 5645 1981 5708 ὅπως

407 5735 658 5806 λυτρωθῇ
692 5734 802 5787 ἀπὸ
825 5734 919 5786 τοῦ
946 5733 1222 5803 δαίμονος.
1265 5729 1324 5786 ’0
1357 5731 1416 5784 δέ
1449 5732 1719 5802 μακάριος
1756 5750 1978 5804 συμπαι-

409 5827 578 5902 θήσας
609 5830 722 5892 τοῖς
755 5823 1148 5896 ἀκατασχέτοις
1168 5823 1400 5896 δάκρυσι
1429 5823 1538 5877 τῶν
1571 5827 1791 5894 γονέων,
1824 5827 1978 5881 ἐκτε-

812 5923 1084 5983 Pyram"
1134 5921 1252 5983 Gtt.
1293 5920 1513 5982 CXIV-

2088 4633 2226 4688 tum,
2292 4623 2592 4695 presbyteri
2658 4623 2849 4690 ﬁlium,
2900 4625 3118 4682 nomine
3149 4625 3432 4697 Niconetn,
3462 4634 3558 4705 qui
3589 4637 3661 4691 ab

2087 4715 2364 4770 immundo
2383 4717 2573 4786 spiritu
2614 4717 2852 4784 graviter
2896 4719 3282 4789 castigabantur,
3325 4722 3660 4784 adducentes

2087 4810 2204 4876 ejus
2260 4818 2534 4878 parentes,
2567 4806 2820 4878 jeceruut
2871 4808 2938 4865 ad
2973 4811 3138 4880 pedes
3168 4813 3366 4878 sancti,
3410 4828 3661 4885 rogantes

2085 4910 2146 4956 ut
2173 4901 2291 4969 ejus
2339 4899 3031 4970 miserereturjuventutis,
3063 4912 3117 4957 et
3137 4917 3260 4958 eum
3307 4904 3560 4964 liberaret
3590 4910 3662 4965 ab

2088 4992 2367 5048 immundo
2428 4994 2689 5048 dannone.
2730 4991 2825 5048 Vir
2879 5003 3060 5050 autem
3109 5004 3332 5054 sanctus
3361 4999 3496 5054 dixit
3523 5001 3654 5056 eis:

2085 5084 2200 5140 Non
2228 5095 2313 5140 est
2335 5083 2528 5156 dignus
2559 5085 2651 5154 qui
2684 5097 2944 5154 curetur;
2973 5085 3041 5142 ad
3064 5089 3480 5158 castigationem
3508 5094 3654 5166 enim

2087 5180 2248 5232 datus
2273 5177 2321 5232 ei
2354 5176 2458 5231 fuit
2481 5177 2735 5232 stimulus
2766 5178 3026 5248 spiritus;
3053 5191 3135 5234 est
3182 5183 3326 5237 enim
3361 5185 3656 5252 parricida.

2087 5267 2197 5324 Vos
2244 5268 2392 5323 enim
2421 5283 2563 5340 saepe
2591 5269 2661 5324 ab
2688 5284 2754 5325 eo
2775 5269 2946 5326 habiti
2983 5273 3337 5339 contemptui,
3375 5274 3429 5330 in
3459 5277 3658 5334 anima

2086 5374 2282 5420 vestrae
2317 5377 2567 5419 amarore
2599 5378 2630 5417 a
2681 5362 2792 5420 Deo
2831 5364 3088 5433 petiistis,
3129 5376 3187 5420 ut
3218 5366 3331 5434 ipse
3359 5367 3658 5440 castigare-

2088 5468 2191 5514 tur.
2231 5458 2409 5512 Sinite
2435 5472 2558 5512 eum
2590 5457 2670 5512 sic
2713 5471 2869 5524 esse,
2898 5459 3118 5528 expedit
3166 5460 3335 5514 cnim.
3381 5459 3459 5516 illi
3501 5477 3655 5530 vero,

2087 5562 2145 5605 ut
2185 5552 2277 5620 qui
2325 5560 2508 5606 essent
2557 5561 2811 5619 parentes
2838 5559 2893 5605 et
2932 5552 3282 5606 vincerentur
3323 5553 3657 5620 visceribus.

2084 5643 2531 5697 exclamaverunt
2592 5649 2844 5708 rogantes
2898 5640 3332 5710 cum-lacrymis
3377 5640 3659 5698 :Preeare

2085 5733 2255 5787 Dcutn
2288 5747 2386 5803 pro
2419 5733 2555 5798 ipso,
2606 5739 2663 5785 ut
2694 5729 2954 5786 liberetur
2979 5746 3008 5783 a
3045 5745 3186 5786 saevo
3210 5741 3265 5786 et
3289 5730 3514 5786 immani
3545 5730 3658 5787 dar-

2086 5839 2268 5882 mone.
2305 5825 2505 5882 Beatus
2536 5832 2714 5879 autem
2768 5821 3090 5880 Parthenius
3137 5823 3391 5879 misertus
3443 5821 3659 5879 abunde

3260 5917 3334 5979 43
