4160 6424
433 383 587 448 ’1357

1688 382 1868 442 VlTA
1907 383 1966 443 S.
2005 375 2468 444 ΡἈΒΊἮΕΝΧΙ.

3529 393 3531 396 ’
3571 389 3708 452 133.8

443 495 594 567 αὑτῷ
626 472 785 568 χεῖρα
833 496 1132 568 ἀνέστησεν
1193 499 1290 552 καὶ
1337 497 1592 552 ἀπέδωκε
1621 500 1732 562 τοῖς
1759 494 2024 565 γονεῦσιν,

2139 511 2328 552 versus
2373 506 2457 552 est
2505 498 2730 568 Spiritus
2763 513 2778 552 :
2809 508 2860 556 et
2892 500 3078 558 statim
3135 504 3357 569 assedit,
3395 504 3486 573 qni
3540 503 3716 560 fuerat

441 588 516 651 ὡς
549 589 725 640 πᾶσαν
749 585 845 658 τὴν
877 588 1033 642 πόλιν
1061 589 1308 654 δοξάζειν
1328 589 1421 642 τὸν
1450 587 1585 642 Θεὸν
1632 587 1728 640 ἐπὶ
1770 587 1846 657 τῷ
1871 605 2030 656 γεγο-

444 680 577 734 νότι.
623 678 765 750 Γυνὴ
821 678 880 732 δέ
929 697 1014 743 τις
1063 681 1333 745 διάκονος,
1389 680 1673 750 Ἀσήρμου
1708 678 1901 750 κώμης
1931 680 2029 749 τῆς

443 771 814 841 Χερσονήσου,
845 770 1072 840 ὀνόματι
1101 772 1338 840 Θεοφίλα
1359 773 1455 825 καὶ
1477 773 1575 825 σὺν
1603 773 1741 842 αὑτῇ
1775 770 2030 839 Ῥουιρῖνα

443 863 665 925 ἀείπαις
721 861 787 913 ὲκ
821 861 919 930 τῆς
945 862 1114 930 αὑτῆς
1151 863 1368 933 κώμης,
1398 862 1506 916 ὑπὸ
1549 861 1861 931 πνεύματος
1887 864 2028 914 ἀκα-

443 954 644 1022 θάρτου
673 953 913 1022 πάρετος
940 956 1219 1021 γεγονυῖα,
1247 954 1557 1024 ἠνέχθησαν
1579 951 1658 1024 τῷ
1684 953 1826 1022 ἁγίῳ
1849 952 2026 1023 ἀνδρὶ,

439 1044 507 1107 ἃς
543 1045 601 1097 ὲν
625 1045 864 1114 ἡμέραις
894 1044 1128 1113 ὀλίγαις,
1163 1045 1308 1116 ὕδωρ
1337 1045 1650 1115 ἐπιϐρέχων
1671 1044 1764 1096 καὶ
1794 1044 2027 1113 ἐπευχό-

444 1154 626 1208 μενος,
658 1141 723 1208 τῇ
757 1137 987 1208 δυνάμει
1010 1137 1106 1191 τοῦ
1134 1139 1341 1209 Κυρίου
1374 1138 1546 1205 ὑγιεῖς
1588 1135 1919 1206 ἀπέπεμψεν
1946 1136 2029 1199 είς

437 1230 508 1280 τὰ
540 1229 668 1283 ἴδια.
711 1227 945 1298 Ἱλαρίου
978 1230 1122 1293 τινὸς
1148 1228 1524 1300 πρεσῦυτέρου
1556 1228 1666 1280 ἀπὸ
1701 1226 2024 1290 Σανσαδίας,

439 1323 553 1386 υίὸς
578 1325 895 1394 μονογενὴς,
929 1324 1158 1395 ὀνόματι
1187 1324 1515 1386 Θαλάσσιος,
1558 1322 1665 1376 ὑπὸ
1715 1321 2027 1390 πνεύματος

437 1413 678 1484 πονηροῦ
740 1399 845 1480 ἔξω
900 1416 1009 1470 τῶν
1072 1418 1292 1490 φρενῶν
1349 1415 1663 1485 γενόμενος,
1717 1411 1923 1484 ἠνέχθη
1950 1411 2026 1482 τῷ

435 1506 568 1577 ὁσίῳ
593 1524 608 1540 ο
643 1505 702 1561 ὃν
725 1510 820 1561 καὶ
849 1508 1218 1580 ἐπευχόμενος
1248 1511 1306 1561 ὲν
1337 1509 1489 1571 ὅλαις
1518 1507 1659 1560 ἐπτά
1685 1505 1924 1577 ἡμέραις
1947 1508 2028 1568 εἰς

433 1597 497 1652 τὸ
524 1599 667 1652 κατά
689 1599 852 1669 φύσιν
882 1602 1112 1672 ἢγαγεν,
1142 1603 1238 1656 καὶ
1264 1602 1696 1673 εὑχαριστοῦντα
1729 1598 1806 1669 τῷ
1837 1598 2028 1668 Κυρίῳ

437 1693 536 1746 σὺν
573 1693 652 1764 τῷ
683 1695 860 1766 Πατρὶ
886 1695 1189 1750 ἀπέλυσεν.
1238 1695 1441 1764 Γραῖδα
1476 1695 1535 1748 δέ
1590 1710 1712 1747 τινα
1764 1692 2026 1762 πενιχρὰν

431 1784 660 1855 ὀνόματι
695 1787 984 1858 Καλιόπην
1010 1787 1107 1841 καὶ
1147 1788 1244 1842 σὺν
1276 1787 1415 1857 αὑτῇ
1456 1785 1650 1871 ἑτέραν
1682 1786 1872 1857 κόραν,
1906 1783 2023 1836 όνόο

439 1894 573 1945 ματι
601 1880 912 1948 Κυριακὴν,
939 1882 1263 1951 ἀμφοτέρας
1291 1881 1398 1934 ὑπὸ
1430 1881 1744 1951 πνεύματος
1779 1876 2025 1948 ἀκαθάρο

433 1979 527 2022 'tou
563 1971 961 2040 παιδευομένας
1014 1973 1256 2042 ἤνεγκαν
1305 1971 1440 2042 πρὸς
1479 1972 1664 2036 αὑτὸν,
1693 1971 1788 2025 καὶ
1811 1971 1902 2024 διὰ
1927 1971 2026 2038 τῆς

2053 1842 2101 1901 Β

2135 598 2403 652 mortuus,
2439 601 2494 645 et
2540 593 2703 662 coepit
2741 593 2910 664 loqui.
2944 595 3073 650 Data
3123 606 3303 650 autem
3340 596 3389 652 ei
3428 613 3612 664 manu,
3637 598 3714 652 te-

2133 681 2208 736 cit
2233 695 2355 736 eum
2385 682 2629 754 surgere,
2649 694 2703 738 et
2726 699 2920 740 sanum
2953 688 3185 742 reddidit
3220 690 3556 760 parentibus,
3580 691 3716 744 adeo

2133 782 2192 826 ut
2222 773 2471 828 universa
2514 776 2703 830 civitas
2739 779 2905 832 Deum
2935 778 3182 835 laudaret
3233 793 3455 850 propter
3499 780 3705 836 factum

2133 866 2479 922 miraculum.
2505 866 2765 935 Quaedam
2795 881 2974 925 autem
3015 873 3210 927 mulier
3251 873 3582 938 diaconissa,
3614 890 3715 929 no-

2132 959 2280 1014 mine
2332 959 2654 1030 Theophila,
2685 977 2750 1016 ex
2811 962 3040 1018 Asermo
3075 966 3195 1018 vico
3247 965 3600 1028 Cherronesi,
3660 975 3714 1020 et

2132 1064 2254 1104 cum
2294 1051 2432 1121 ipsa,
2485 1051 2678 1108 Ruﬁna
2723 1053 2966 1123 irnpubcs
2997 1069 3061 1110 ex
3107 1057 3294 1110 eodem
3330 1059 3468 1120 vico,
3511 1058 3577 1112 ab
3607 1060 3711 1110 im-

2133 1142 2335 1196 mundo
2398 1143 2592 1214 spiritu
2656 1145 2944 1211 dissoluta,
2972 1154 3027 1201 et
3056 1146 3247 1202 eﬂecta
3283 1149 3602 1219 paralytica,
3637 1152 3715 1204 al-

2131 1233 2254 1288 latae
2286 1245 2414 1290 sunt
2461 1237 2526 1291 ad
2563 1245 2811 1292 sanctum
2874 1239 3070 1294 virum.
3100 1239 3247 1306 Quas
3312 1242 3713 1311 paucisdiebns

2132 1339 2269 1396 aqua
2321 1327 2555 1398 irrigans
2613 1337 2668 1383 et
2704 1344 2958 1399 precans,
3014 1332 3218 1388 virtute
3267 1332 3480 1388 Domini
3551 1349 3713 1388 sanas

2131 1416 2313 1470 emisit
2346 1419 2412 1472 ad
2435 1433 2584 1474 suos.
2620 1417 2810 1474 Hilarii
2846 1421 3132 1491 cujusdam
3160 1425 3461 1493 presbyteri
3489 1439 3556 1480 ex
3595 1425 3714 1478 Au-

2133 1508 2283 1562 sadia
2313 1509 2454 1563 lilins
2479 1511 2731 1579 unigena,
2764 1513 2984 1567 nomine
3045 1513 3383 1579 Thalassius,
3408 1515 3500 1584 qui
3533 1531 3563 1569 a
3591 1531 3712 1570 ma-

2130 1598 2277 1668 ligno
2309 1600 2506 1670 spiritu
2534 1601 2712 1658 fuerat
2761 1613 2942 1659 mente
2969 1615 3168 1668 motas,
3211 1615 3456 1674 portatus
3503 1616 3589 1662 est
3641 1609 3708 1662 ad

2129 1702 2396 1747 sanctum.
2429 1693 2603 1761 Quem
2630 1710 2752 1751 cum
2786 1697 3106 1766 accepisset,
3131 1713 3296 1755 orans
3328 1707 3469 1753 totos
3500 1709 3709 1770 septem

2129 1783 2266 1852 dies,
2295 1784 2512 1841 reduxit
2543 1789 2610 1842 ad
2657 1798 2928 1858 naturam,
2969 1800 3023 1844 et
3051 1790 3280 1846 Domino
3304 1791 3551 1862 agentem
3585 1806 3710 1860 gra-

2133 1877 2257 1943 tias,
2281 1893 2401 1932 cum
2450 1891 2605 1949 patre
2650 1863 2866 1937 remisit
2917 1883 2984 1938 ad
3039 1884 3292 1953 patriam.
3327 1883 3548 1939 Vetulas
3579 1898 3710 1938 vero

2131 1969 2394 2037 quasdam
2421 1970 2555 2026 duas
2594 1986 2886 2042 pauperes,
2925 1989 3156 2043 quarum
3216 1977 3306 2030 nni
3345 1991 3540 2030 nomen
3587 1987 3708 2030 erat

435 2062 574 2130 πρὸς
608 2062 742 2118 Θεδν
784 2066 950 2134 εὐχῆς
996 2065 1402 2134 ἐθεράπευσεν·
1438 2065 1561 2128 δούς
1592 2081 1653 2118 τε
1710 2065 1905 2127 αὑταῖς
1934 2061 2024 2114 καὶ

2130 2059 2393 2127 Calliope,
2442 2062 2600 2118 alteri
2648 2080 2778 2120 vero
2824 2066 3076 2137 Cyriaca,
3112 2083 3234 2137 quae
3285 2072 3458 2123 amba:
3510 2069 3578 2123 ab
3612 2068 3712 2121 im-

437 2153 504 2205 τὰ
529 2155 663 2224 πρὸς
696 2155 994 2227 διατροφὴν
1024 2156 1316 2212 ἀπέλυσεν.

2138 2153 2338 2207 mundo
2358 2154 2554 2223 spiritu
2584 2157 3016 2228 castigabantur,
3045 2161 3288 2214 tulerunt
3315 2161 3380 2213 ad
3407 2159 3665 2214 Sanctum
3691 2182 3706 2219 ;

433 2244 528 2311 qui
561 2259 656 2314 per
681 2260 808 2300 suas
859 2247 926 2300 ad
959 2247 1126 2302 Deum
1169 2263 1364 2316 preces
1397 2250 1587 2304 ambas
1614 2245 1850 2303 curavit.
1884 2243 2016 2300 Cu:n
2051 2255 2230 2297 autem
2294 2245 2375 2300 eis
2413 2261 2628 2316 quoque
2674 2248 2912 2306 dedisset
2966 2265 3027 2304 ea
3056 2266 3175 2320 quae
3203 2261 3360 2307 erant
3411 2252 3477 2307 ad
3509 2252 3706 2306 victum

441 2336 776 2401 necessaria,
807 2335 1014 2390 dimisit
1047 2338 1097 2390 in
1123 2351 1278 2405 pace.

510 2422 585 2479 ϐ’.
615 2425 760 2496 Πρὸς
783 2426 840 2478 δὲ
868 2425 1079 2490 τούτοις
1103 2429 1333 2493 καὶτοῖς
1355 2426 1539 2491 ἄλλοις
1559 2427 1674 2490 τοῖς
1697 2423 2022 2494 ἀνεκδιηγή-

2206 2421 2299 2479 ΙΧ.
2325 2421 2526 2479 Prmter
2552 2423 2664 2478 haec.
2689 2425 3066 2492 autemetalia,
3085 2443 3204 2496 quae
3224 2431 3431 2484 narrari
3452 2445 3556 2486 non
3586 2449 3719 2502 pos-

432 2527 548 2580 ’θοις
575 2518 906 2588 θαυμασίοις
941 2520 1139 2589 συνέϐη
1197 2519 1320 2573 τότε
1368 2520 1429 2573 τὸ
1471 2519 1745 2590 ταῼιακον
1802 2517 2024 2588 βαφεῖον

2129 2526 2272 2579 sunt,
2306 2517 2481 2571 sancti
2522 2517 2686 2586 hujus
2724 2519 2824 2572 viri
2855 2519 3141 2584 miracula,
3171 2523 3370 2576 accidit
3399 2531 3456 2577 nt
3499 2524 3708 2580 oﬂicina

433 2609 535 2679 τῆς
561 2611 850 2682 πορφύρας
880 2609 986 2664 ὑπὸ
1009 2611 1323 2682 πνεύματος
1367 2613 1683 2684 ἀκαθάρτου
1713 2611 2028 2679 ἐνσκήψαν-

433 2714 546 2767 τος,
599 2700 1013 2770 ἐμποδίζεσθαι,
1049 2703 1145 2754 καὶ
1195 2703 1271 2772 μὴ
1300 2703 1588 2756 ἀποτελεῖν
1641 2703 1740 2771 τὴν
1773 2701 1833 2767 ἐξ
1871 2700 2028 2763 ἔθους

435 2791 636 2863 βαφὴν,
665 2791 802 2845 ἀλλά
825 2793 918 2846 καὶ
954 2793 1208 2863 φανερῶς
1241 2794 1628 2863 ἐπιφαίνεσθαι
1654 2794 1748 2846 τὸν
1778 2792 2025 2861 ἀκάθαρ-

433 2893 526 2937 τον
555 2883 788 2952 δαίμονα
815 2885 927 2946 τοῖς
957 2882 1224 2952 βαφεῦσιν
1253 2886 1350 2937 καὶ
1383 2885 1458 2956 μὴ
1487 2886 1793 2954 συγχωρεῖν
1825 2882 1885 2935 τὸ
1920 2881 2021 2951 βα⁴

437 2975 644 3029 σιλικδν
689 2975 1074 3028 ἀποτελεῖσθαι
1122 2977 1304 3048 ἔργον,
1361 2977 1436 3040 ὠς
1490 2978 1554 3031 ὲκ
1601 2976 1792 3030 τούτου
1853 2976 2023 3028 πολὺν

432 3068 680 3122 κίνδυνον
711 3069 804 3121 καὶ
823 3067 1028 3138 ζημίαν
1057 3069 1357 3138 ὑπομένειν
1389 3071 1516 3132 τοὺς
1546 3069 1900 3131 δουλεύοντας
1925 3067 2020 3121 καὶ

2130 2621 2369 2676 quoque,
2398 2608 2450 2661 in
2484 2622 2589 2678 qua
2621 2609 2932 2678 tingebatur
2961 2627 3223 2682 purpura,
3265 2614 3617 2682 impediretur
3641 2619 3711 2672 ab

2130 2702 2406 2755 imnmndo
2469 2701 2690 2769 spiritu,
2717 2703 2808 2771 qui
2846 2703 2896 2756 in
2949 2719 3066 2757 eam
3127 2703 3472 2772 incubuerat,
3505 2718 3559 2760 et
3601 2724 3709 2762 non

2131 2789 2367 2845 eﬂiceret
2405 2806 2522 2846 eam
2582 2807 2744 2860 quant
2803 2794 3014 2848 solebat
3051 2795 3341 2848 tincturarn
3374 2811 3387 2848 :
3418 2795 3514 2852 sed
3541 2798 3708 2851 etiam

2131 2882 2440 2938 immundus
2500 2884 2712 2938 daemon
2777 2894 3064 2953 appareret
3117 2885 3464 2955 tinctorihus,
3489 2898 3546 2943 et
3574 2903 3710 2958 Opus

2131 2973 2474 3041 imperatoris
2505 2990 2610 3028 non
2639 2975 2845 3030 sineret
2891 2975 3146 3031 ellectum
3181 2979 3445 3033 reddere:
3474 2978 3612 3036 adeo
3647 2992 3708 3034 ut

2128 3080 2192 3119 ex
2233 3067 2336 3121 hac
2393 3082 2451 3121 re
2511 3082 2766 3134 magnum
2804 3067 3102 3138 periculum
3146 3077 3200 3122 et
3255 3071 3512 3124 damnum
3562 3072 3705 3127 servi

431 3164 559 3224 τοὺς
599 3161 812 3229 βαφεῖς.
848 3160 1034 3213 Ταῦτα
1063 3161 1251 3230 μαθὼν
1281 3163 1310 3214 ὁ
1347 3162 1495 3224 ὅσιος
1520 3162 1683 3232 ἀνὴρ,
1722 3159 2022 3231 προθύμως

2129 3159 2462 3214 sustinerent
2483 3169 2539 3214 et
2571 3163 2856 3216 tinctores.
2901 3161 3264 3228 Quamobrem
3294 3179 3418 3218 cum
3454 3163 3708 3219 rescivis-

431 3256 513 3314 οἱς
534 3253 626 3307 τὸν
656 3253 749 3307 τοῦ
779 3251 1008 3322 βαφείου
1037 3254 1370 3322 παρεγένετο
1419 3255 1604 3321 τόπον,
1649 3256 1747 3308 καὶ⁹
1776 3271 2023 3326 προσκα-

432 3342 730 3413 λεσάμενος
779 3343 871 3397 τὸν
899 3344 1232 3415 ἐνεργοῦντα
1283 3345 1598 3418 ἀκάθαρτον
1633 3344 1890 3414 δαίμονα,
1926 3345 2022 3398 καὶ

377 3431 382 3435 ’
432 3435 767 3506 ἐπιτιμήσας
800 3435 966 3488 αὑτὸν
995 3437 1089 3488 ἐπὶ
1119 3435 1198 3507 τῷ
1234 3437 1455 3509 φοὸερῷ
1495 3438 1591 3492 καὶ
1626 3439 1767 3508 ἁγίῳ
1795 3437 2023 3508 ὀνόματι

433 3526 526 3579 τοῦ
555 3525 716 3586 Θεοῦ,
750 3526 991 3594 ἄφαντον
1021 3528 1186 3584 αὑτὸν
1220 3531 1531 3599 πεποίηκεν
1561 3530 1672 3583 άπὸ
1700 3529 1886 3602 πάσης
1925 3532 2024 3600 τῆς

431 3619 742 3688 ἐνεργείας,
769 3621 978 3673 ἐκείνου
1003 3621 1304 3690 κράξαντος
1325 3625 1406 3685 είς
1431 3623 1760 3688 ἐξάκουστον
1779 3625 2020 3686 πάντων,

430 3710 513 3761 ὅτι
545 3709 649 3761 ὑπὸ
683 3709 854 3779 πυρὸς
879 3710 1166 3764 ἐλαύνεται
1195 3713 1276 3775 είς
1308 3712 1409 3782 τὴν
1441 3712 1671 3780 γέενναν
1709 3713 1804 3766 τοῦ
1828 3713 2019 3782 πυρός.

434 3799 812 3864 Κελεύσαντος
852 3801 910 3852 δὲ
942 3800 1035 3854 τοῦ
1077 3801 1236 3870 ἀγίου
1284 3803 1554 3872 ἐγέμισαν
1583 3804 1630 3856 oi
1664 3802 1858 3872 βαφεῖς
1895 3805 2023 3866 τοὺς

436 3890 695 3962 λέὸητας,
738 3893 833 3945 καὶ
873 3892 1140 3962 παρόντος
1173 3892 1342 3945 αὑτοῦ
1372 3892 1580 3962 ἐχάλων
1618 3893 1763 3963 ἔριον
1804 3895 1900 3947 καὶ
1925 3893 2024 3964 τὴν

432 3984 661 4038 δέουσαν
693 3985 873 4055 βαφῆν
895 3985 1313 4056 ἀνεμποδίστως
1339 3984 1397 4050 ἐξ
1429 3985 1641 4038 ἐκείνου
1686 3986 1901 4056 ἐδέχετο
1930 3989 2024 4040 καὶ

434 4078 514 4138 ιίς
539 4075 629 4128 τὸν
671 4075 973 4145 μετέπειτα
1001 4078 1192 4146 χρόνον
1211 4091 1226 4108 ·
1255 4078 1350 4129 καὶ
1391 4076 1565 4140 οὓτως
1601 4075 1950 4148 ὲρῤύσθησαν
1973 4076 2025 4130 οἵ

433 4179 493 4218 τε
525 4166 937 4239 πολιτευόμενοι
962 4167 1059 4220 καὶ
1086 4165 1138 4221 οἱ
1163 4166 1357 4237 βαφεῖς
1390 4166 1593 4230 πάντες
1618 4165 1712 4219 τοῦ
1741 4165 2021 4235 βασιλικοῦ

442 4275 713 4314 κινουνου.

2126 3256 2208 3303 set
2235 3249 2398 3304 homo
2437 3247 2532 3305 Dei
2570 3249 2899 3307 Parthenius
2926 3263 2978 3306 et
3015 3253 3083 3308 ab
3127 3254 3207 3307 eis
3239 3252 3432 3308 fuisset
3464 3265 3706 3324 rosatus,

2126 3352 2382 3412 prompto
2406 3351 2462 3398 et
2514 3342 2676 3400 alacri
2712 3345 2895 3399 animo
2927 3345 3074 3399 venit
3106 3349 3173 3399 ad
3216 3346 3396 3401 locum
3434 3345 3659 3402 ollicina:
3689 3364 3706 3403 :

2127 3440 2181 3486 et
2206 3447 2328 3487 cum
2344 3431 2670 3489 advocasset
2689 3434 3030 3490 immundum
3047 3447 3363 3505 operantem
3383 3437 3709 3503 da‘tnoncm,

2125 3534 2180 3580 et
2219 3540 2343 3580 eum
2378 3525 2714 3595 increpasset
2745 3527 2970 3582 terribili
2997 3537 3051 3582 et
3087 3538 3279 3583 sancto
3306 3529 3525 3584 nomine
3546 3527 3711 3584 Chri-

2127 3616 2220 3680 ειί,
2273 3615 2402 3671 fecit
2445 3631 2568 3670 eum
2625 3632 2953 3672 evanescere
2995 3618 3062 3672 ab
3088 3621 3342 3674 omnibus
3370 3621 3588 3688 ﬁnibus,
3618 3621 3710 3676 illo

2127 3709 2400 3762 clamante
2433 3707 2686 3762 omnibus
2719 3708 3066 3764 audientibus
3100 3725 3116 3763 :
3153 3709 3435 3778 Tanquam
3489 3711 3558 3765 ab
3585 3713 3709 3782 igne

2126 3799 2370 3868 expellor
2425 3804 2476 3853 in
2512 3803 2818 3869 gehennam
2877 3785 3038 3870 ignis.
3065 3801 3200 3856 Cum
3235 3814 3416 3857 autem
3452 3803 3710 3871 jnssisset

2130 3887 2383 3954 Sanctus,
2421 3890 2684 3945 tinctores
2724 3889 3088 3961 impleverunt
3124 3893 3356 3959 lebetes,
3389 3905 3443 3948 et
3479 3908 3545 3948 eo
3571 3909 3710 3964 prte-

2127 3990 2282 4036 scnte
2336 3982 2680 4036 immiserunt
2705 3982 2908 4036 lanam.
2939 3983 3011 4038 Ea
3038 3999 3170 4040 vero
3219 3987 3285 4038 ab
3319 3986 3412 4040 illo
3443 3995 3706 4058 tempore,

2127 4088 2268 4140 cam,
2305 4089 2468 4142 quam
2499 4075 2786 4144 oportebat
2831 4076 3120 4130 tincturam
3162 4076 3298 4132 citra
3341 4077 3506 4132 ullum
3537 4079 3711 4150 impe~

2127 4163 2427 4224 diruentum
2458 4165 2856 4233 accepitetiam
2897 4165 2952 4218 in
2984 4163 3249 4222 futurum.
3291 4165 3487 4240 Sicque
3519 4180 3573 4223 et
3615 4171 3705 4240 qui

2126 4261 2388 4325 gerebant
2425 4258 2838 4328 rempublicam,
2873 4269 2929 4316 et
2953 4262 3219 4318 tinctores
3251 4277 3441 4319 omnes
3485 4262 3698 4319 liberati

2129 4347 2347 4403 fuerunt
2382 4365 2410 4402 a
2447 4351 2686 4419 periculo
2714 4351 3082 4421 imperatoris.

514 4442 569 4497 l'.
611 4443 910 4514 Τεράστιον
941 4442 1124 4513 θέαμα
1149 4445 1444 4514 γενόμενον
1474 4443 1580 4496 ὑπὸ
1600 4442 1693 4497 τοῦ
1724 4441 1874 4498 ὁσίου
1897 4441 2011 4496 τού-

2203 4440 2269 4496 Χ.
2297 4443 2490 4498 Audite
2512 4445 2657 4499 aliud
2689 4459 2903 4515 qnoque
2925 4461 3178 4516 magnum
3198 4446 3546 4512 miraculum,
3564 4450 3707 4518 quod

432 4551 528 4590 του
557 4535 764 4606 Πατρος
794 4534 951 4604 ήμῶν
975 4534 1279 4605 Παρθενίου
1302 4535 1596 4592 ἀκούσατε.
1637 4535 1726 4590 Ἐν
1750 4535 1826 4606 τῷ
1848 4535 2025 4605 καιρῷ

431 4629 536 4701 τῆς
563 4627 673 4682 τῶν
700 4627 876 4681 θύνων
907 4626 1094 4690 ἁλείας
1115 4627 1204 4680 ὅτε
1241 4627 1292 4680 οἱ
1326 4627 1427 4696 μὲν
1464 4627 1649 4697 ἰχθύες
1689 4628 1894 4697 ὁρῶντο
1914 4631 2026 4690 τοῖς

431 4721 698 4785 ἁλιεῦσιν,
740 4702 816 4785 ὡς
842 4720 945 4790 ήδη
972 4721 1030 4773 έν
1057 4717 1251 4788 χερσὶν
1281 4720 1624 4790 ὑπάρχοντες
1652 4736 1665 4750 ο
1692 4720 2026 4792 χαλωμένων

430 4814 489 4867 δὲ
520 4814 628 4867 τῶν
665 4811 899 4866 δικτύων
938 4811 1096 4864 οὐδὲν
1132 4809 1295 4864 πλέον
1327 4811 1490 4882 ήνυον
1526 4811 1559 4883 ἢ
1615 4811 1707 4864 τὸν
1737 4813 1903 4866 κόπον
1929 4811 2025 4882 μό-

433 4923 525 4961 νον
579 4907 874 4976 ὑπέμενον.
927 4903 1100 4957 Τοῦτο
1137 4904 1196 4957 δὲ
1256 4903 1364 4956 ὑπὸ
1417 4902 1735 4973 διαϐολικῆς
1760 4901 1935 4974 αὔρας
1965 4903 2026 4957 τὸ

433 4999 692 5070 ἐμπόδιον
730 4999 998 5068 ὑπῆρχεν,
1047 4999 1148 5050 οὑκ
1199 4998 1278 5060 είς
1326 4996 1384 5051 ἓν
1415 4997 1448 5069 ἢ
1475 4996 1729 5068 δεύτερον
1760 4998 2024 5067 ἐμπόριον

441 5092 762 5163 γενόμενον,
821 5091 935 5146 ἀλλ’
967 5093 1046 5154 είς
1076 5091 1203 5159 ὃλην
1230 5093 1326 5161 τὴν
1350 5091 1644 5161 παραλίαν,
1673 5090 1831 5162 ἄχρις
1860 5087 2022 5143 Ἀδύ-

429 5186 544 5240 δου.
580 5185 692 5239 Καὶ
749 5184 1116 5254 συναχθέντες
1146 5184 1388 5246 ἆπαντες
1423 5184 1516 5236 ἐπὶ
1548 5181 1626 5252 τῷ
1659 5181 1832 5253 αὐτῷ,
1872 5183 2025 5254 ἐδεή-

431 5275 606 5348 θησαν
657 5274 750 5330 τοῦ
801 5273 1012 5330 δικαίου
1040 5274 1255 5346 ἀνδρὸς,
1291 5273 1554 5339 εὔξασθαι
1597 5273 1732 5344 πρὸς
1766 5275 1856 5328 τὸν
1888 5274 2022 5328 Θεὸν

432 5370 566 5437 περὶ
592 5369 793 5424 αὑτῶν.
827 5367 1140 5438 Εὑχομένου
1182 5368 1239 5420 δὲ
1271 5366 1440 5420 αὑτοῦ
1485 5365 1626 5437 μετά
1650 5365 1902 5438 νηστείας
1925 5367 2022 5420 καὶ

431 5460 741 5532 κλαυθμοῦ,
770 5463 1118 5533 ἐφανέρωσεν
1183 5459 1332 5531 αὑτῷ
1359 5463 1386 5514 ό
1425 5460 1554 5523 Θεὸς
1594 5459 1694 5530 τὴν
1723 5460 2023 5532 σατανικὴν

431 5557 737 5626 ἐνέργειαν.
782 5552 844 5606 Ὀ
873 5552 931 5606 δὲ
970 5553 1272 5623 διεγερθεὶς
1299 5552 1399 5606 οὑκ
1430 5551 1677 5624 ὤκνησεν
1711 5552 2021 5624 παραγενέ-

431 5652 558 5702 σθαι
587 5649 645 5702 sv
682 5647 897 5717 ἑκάστῳ
925 5647 1176 5718 ἐμπορίῳ
1226 5646 1332 5710 ἓως
1363 5645 1614 5710 Ἀϐύδου,
1652 5646 1746 5700 καὶ
1777 5645 2018 5714 εὐλογῶν

431 5739 579 5812 ὕδωρ
637 5740 736 5794 καὶ
785 5739 1073 5810 ἐμϐάλλων
1110 5739 1264 5801 ἃλας,
1313 5739 1744 5808 ἐπικαλούμενος
1772 5738 1865 5794 τὸν
1887 5738 2019 5792 Θεὸν

523 5857 598 5926 (ὅ)
635 5854 768 5911 Vide
797 5855 886 5912 hic
914 5869 1110 5924 aquam
1139 5853 1386 5910 benedici
1414 5869 1532 5910 cum
1561 5854 1692 5908 sale.

2134 4533 2334 4589 factum
2363 4541 2447 4590 est
2485 4552 2515 4590 a
2550 4544 2741 4591 sancto
2771 4535 2932 4592 Patre
2963 4547 3149 4592 nostro
3190 4537 3507 4594 Parthenio.
3544 4537 3709 4595 Tem-

2131 4643 2261 4696 pore
2323 4629 2641 4698 piscationis
2688 4629 3038 4702 thynnornm,
3071 4635 3431 4686 cernebantur
3487 4631 3706 4703 quidem

2131 4721 2310 4791 pisces
2356 4738 2386 4776 a
2438 4723 2820 4792 piscatoribus,
2856 4733 3114 4792 tanquam
3152 4725 3245 4793 qui
3287 4723 3402 4794 jam
3431 4736 3616 4781 essent
3653 4727 3707 4781 in

2133 4815 2403 4870 manibus.
2447 4815 2580 4871 Cum
2615 4815 2935 4869 laxarentur
2983 4827 3162 4870 autem
3203 4820 3362 4884 retia,
3391 4818 3528 4873 nihil
3581 4835 3710 4890 pro-

2131 4907 2406 4974 ﬁciebant,
2451 4909 2545 4962 sed
2600 4908 2838 4962 laborem
2890 4907 3105 4962 inanem
3167 4909 3527 4966 sustinebant.
3585 4910 3709 4968 Fuit

2131 5014 2264 5055 vero
2296 5003 2398 5056 hoc
2430 5016 2459 5055 a
2514 5000 2783 5056 diabolica
2835 5015 2968 5055 aura
3020 5001 3464 5072 impedimentum
3505 5020 3612 5060 non
3654 5006 3705 5057 in

2129 5108 2237 5148 uno
2267 5103 2474 5148 tantum
2500 5104 2592 5147 aut
2618 5093 2788 5148 altero
2814 5095 3082 5164 emporio,
3113 5096 3208 5150 sed
3243 5096 3296 5151 in
3348 5105 3458 5151 tota
3489 5097 3708 5167 regione

2134 5184 2406 5238 maritima
2462 5199 2635 5254 usque
2687 5186 2755 5240 ad
2806 5187 3080 5258 Abydum.
3107 5186 3309 5244 Omnes
3341 5199 3522 5244 autem
3546 5191 3706 5244 simul

2127 5275 2464 5345 congregati,
2499 5287 2761 5346 rogarunt
2814 5277 2992 5332 virum
3021 5279 3250 5347 justum,
3281 5289 3339 5334 ut
3383 5279 3553 5335 Deum
3611 5296 3709 5348 pro

2127 5365 2208 5420 eis
2239 5377 2576 5435 precaretur.
2608 5367 2684 5424 Eo
2728 5383 2856 5424 vero
2909 5377 3180 5440 precante
3214 5387 3335 5426 cum
3402 5371 3608 5442 jejunio
3654 5382 3710 5425 et

2127 5455 2279 5524 ﬂetu,
2312 5456 2453 5514 Deus
2482 5458 2532 5514 ei
2578 5461 2792 5528 aperuit
2838 5473 3060 5516 causam
3108 5470 3163 5516 et
3213 5461 3526 5518 Satanicam
3571 5478 3706 5534 ope-

2129 5552 2419 5605 rationem.
2451 5549 2819 5619 Experrectus
2850 5564 3054 5620 autem,
3081 5555 3218 5610 citra
3266 5569 3473 5620 moram
3526 5554 3708 5623 prol‘e-

2125 5653 2245 5699 ctus
2273 5653 2357 5699 est
2387 5644 2443 5698 in
2479 5661 2644 5699 unum
2671 5648 2925 5714 quodque
2947 5647 3247 5717 emporium
3273 5661 3443 5715 usque
3474 5645 3541 5700 ad
3559 5646 3708 5717 Aby-

2124 5737 2277 5804 dum,
2315 5747 2369 5793 et
2399 5752 2594 5808 aquam
2632 5738 2980 5805 benedicens,
3014 5749 3070 5795 et
3127 5739 3205 5795 sal
3242 5739 3491 5811 injiciens
3520 5737 3623 5811 (5),
3652 5751 3706 5792 (εἰ
