4160 6430
464 382 601 450 1359

1660 376 1944 441 MENSIS
1982 376 2501 443 FEBRUARIUS.

3586 379 3729 449 1360

447 504 617 559 Deum
644 476 933 568 invocans,
954 498 1121 569 jussit
1146 496 1329 554 all‘erri
1369 494 1525 561 retia,
1561 503 1615 551 et
1646 509 1711 549 eo
1753 484 2033 563 praesente

2139 493 2437 565 ἐπέρραινε
2464 491 2577 556 τοῖς
2611 488 2851 554 δικτύοις
2881 491 2976 546 καὶ
3007 490 3280 567 ἐπέτρεπε
3328 491 3598 566 παρόντος
3617 495 3727 549 αὗ·
3758 489 3799 529 ν’

444 595 677 667 piscium
739 603 1053 649 consuetam
1095 591 1275 647 facere
1298 590 1677 660 piscationem.
1721 585 1872 642 Tunc
1901 600 2024 639 cum

444 702 639 757 ritagno
688 685 883 754 gaudio
939 699 1036 738 sua
1076 686 1210 739 retia
1255 683 1525 747 laxantes,
1558 679 1773 734 Domini
1825 679 2027 733 virtute

440 787 500 833 et
531 776 704 831 sancti
733 774 1007 844 precibus,
1046 783 1197 828 tanta
1219 773 1362 827 bona
1397 771 1674 825 consecuti
1705 778 1829 823 sunt
1864 768 1915 820 in
1938 766 2027 837 pi-

447 869 708 932 scatione,
730 876 789 922 ut
822 866 1085 936 praeteriti
1128 867 1386 936 temporis
1427 863 1697 919 defectum
1745 859 2026 930 suppleve-

445 961 575 1015 rint.
608 959 841 1014 Sedente
866 968 1045 1013 autem
1070 958 1187 1012 viro
1213 967 1406 1013 sancto
1423 956 1474 1009 in
1495 954 1742 1024 emporio
1766 953 2024 1020 Catapte-

441 1053 564 1120 lem,
592 1067 714 1107 cum
738 1051 968 1121 piscatio
1000 1051 1152 1105 lieret
1170 1049 1423 1121 piscium,
1448 1056 1670 1117 reteque
1690 1045 2022 1106 traheretur,

445 1140 681 1216 thynnus
735 1142 1006 1198 maximus
1044 1157 1075 1198 e
1113 1142 1215 1196 reti
1280 1138 1558 1203 exsiliens,
1596 1151 1658 1193 se
1709 1133 1934 1206 projecit
1957 1133 2023 1187 ad

446 1238 608 1305 pedes
631 1234 828 1292 sancti.
850 1234 1023 1302 Quem
1045 1248 1167 1289 cum
1189 1233 1479 1304 signasset,
1501 1238 1554 1286 et
1574 1238 1828 1300 precatus
1851 1234 2022 1293 esset,

439 1329 602 1400 jussit
630 1328 803 1386 scindi
833 1337 888 1384 et
911 1327 1160 1383 distribui
1183 1324 1444 1381 fratribus
1475 1323 1541 1378 ad
1565 1321 1794 1395 gloriam
1828 1318 1946 1377 Dei.

515 1608 606 1666 XI.
658 1605 966 1677 Aliquando
1028 1603 1403 1660 Heracleotem
1450 1600 1741 1673 quemdam
1804 1613 2023 1655 nomine

442 1703 747 1765 Callistum,
772 1702 858 1755 cui
892 1714 921 1753 a
954 1697 1221 1754 diabolica
1261 1695 1584 1766 operatione
1615 1693 1833 1748 fuerant
1861 1692 2023 1762 pedes

444 1795 631 1859 soluti,
660 1795 934 1849 duxerunt
965 1791 1030 1845 ad
1062 1768 1280 1845 beatum
1312 1786 1692 1842 Parthenium.
1713 1787 1884 1851 Quem
1902 1784 2023 1854 qni-

443 1892 589 1953 dem,
621 1894 743 1942 cum
783 1891 930 1939 esset
960 1889 1241 1952 precatus,
1293 1888 1347 1934 et
1379 1888 1625 1933 curasset
1657 1876 1862 1931 virtute
1921 1876 2025 1931 Do-

445 1980 601 2047 mini,
648 1976 889 2050 propriis
940 1975 1169 2045 pedibus
1193 1970 1561 2027 ambulantem
1594 1970 1808 2026 remisit
1843 1974 1894 2024 in
1931 1970 2028 2024 do-

445 2087 590 2127 mum
618 2084 795 2133 suam,
822 2068 1089 2123 laetantem
1130 2074 1188 2121 et
1219 2063 1383 2119 Deum
1410 2063 1825 2135 gloriﬁcantcm.
1845 2062 2024 2117 Alium

445 2174 629 2220 autem
662 2160 972 2232 quemdam,
1003 2157 1224 2212 nomine
1248 2154 1508 2220 Lesbum,
1548 2169 1613 2210 ex
1670 2154 1873 2220 insula,
1904 2169 2026 2224 quae

446 2256 642 2313 dicitur
671 2253 771 2320 0a,
807 2253 1083 2308 duxerunt
1108 2247 1176 2304 ad
1205 2247 1479 2302 hominem
1524 2247 1638 2301 Dei.
1672 2243 1775 2313 Qui
1810 2245 2026 2315 quidem

447 2364 476 2401 a
519 2345 748 2416 pedibus
786 2343 852 2397 ad
904 2348 1073 2410 caput
1129 2352 1300 2406 usque
1329 2343 1448 2391 erat
1482 2342 1630 2390 totus
1660 2336 1959 2401 ulceratus,
1997 2349 2028 2389 a

446 2438 662 2505 leproso
692 2433 825 2488 nihil
855 2429 1133 2486 differens.
1161 2428 1297 2482 Eum
1330 2426 1451 2481 oleo
1479 2440 1689 2496 ungens
1720 2434 1775 2481 et
1802 2441 2031 2495 preeans

448 2530 620 2583 tribus
642 2523 851 2591 diebus,
882 2533 1075 2577 sanum
1131 2518 1341 2575 remisit
1386 2517 1453 2571 ad
1493 2531 1644 2572 suos.
1693 2516 1768 2571 Ex
1819 2518 2031 2588 magnis

444 2633 579 2688 ergo
604 2626 658 2672 et
685 2614 868 2670 multis
893 2611 1194 2676 miraculis,
1221 2624 1343 2681 quae
1365 2624 1394 2663 a
1437 2607 1628 2664 sancto
1656 2609 1818 2665 Patre
1843 2620 2030 2665 nostro

444 2708 741 2765 Parthenio
776 2705 868 2761 Dei
902 2706 1081 2775 gratia
1121 2703 1267 2757 facta
1311 2710 1458 2766 sunt,
1484 2700 1908 2771 partem,'prout
1938 2716 2030 2769 po-

446 2803 548 2867 tui,
580 2797 885 2871 significavi
922 2806 1119 2852 vestrae
1171 2793 1425 2848 cbaritati
1455 2809 1469 2846 :
1516 2806 1622 2846 non
1678 2802 1932 2862 tanquam
1965 2792 2032 2847 de

448 2895 614 2952 Patre
653 2902 708 2948 et
734 2891 960 2946 doctore
987 2888 1156 2944 verba
1196 2884 1402 2941 faciens
1432 2887 1498 2941 ad
1548 2900 1672 2941 eum
1700 2888 2030 2952 ornandum,

447 2997 672 3058 propter
702 2985 778 3052 id,
804 2983 948 3054 quod
984 2981 1186 3037 dicitur
1211 2997 1225 3035 :
1264 2997 1284 3032 ι
1314 2981 1510 3035 Perdet
1534 2979 1796 3035 Dominus
1820 2992 2030 3044 onmes,

448 3082 543 3150 qui
573 3079 870 3147 loquuntur
896 3074 1235 3147 mendacium
1256 3073 1277 3103 ’
1302 3089 1316 3126 :
1346 3090 1365 3124 ι
1412 3076 1507 3127 sed
1545 3086 1632 3127 res
1665 3072 1795 3139 ipsae
1823 3079 2029 3127 testan-

448 3186 558 3238 tur,
589 3173 753 3228 etiam
780 3183 902 3240 quae
939 3167 1076 3222 ﬁunt
1105 3175 1228 3236 post
1272 3165 1390 3235 ejus
1419 3165 1649 3219 obitum.
1675 3162 1832 3235 Unde
1861 3164 2027 3219 etiam
2060 3203 2106 3258 α

447 3282 573 3323 cum
599 3280 664 3320 eo
692 3263 872 3318 adhuc
907 3262 1032 3316 vivo
1060 3274 1191 3314 usus
1244 3258 1535 3328 aliquando
1582 3271 1706 3311 eum
1761 3265 2031 3323 vocasset,

453 3358 550 3413 irit
586 3356 639 3410 in
696 3351 944 3407 Thracia:
981 3348 1318 3419 metropolim
1360 3346 1674 3402 Heracleam
1709 3363 1723 3400 :
1756 3355 1811 3400 et
1839 3362 2037 3402 conve-

453 3449 612 3503 triens
648 3442 1140 3512 archiepiscopum,
1168 3439 1261 3509 qui
1286 3437 1399 3493 illic
1434 3449 1578 3506 erat,
1608 3439 1825 3494 nomine
1852 3438 2033 3512 llypa-

455 3536 793 3606 tianu.m,qui
818 3533 887 3589 ad
918 3543 1161 3588 extrema
1191 3533 1303 3587 fere
1341 3539 1459 3587 erat
1492 3531 1766 3595 redactus,
1827 3532 2036 3601 rOgavit

452 3647 675 3689 causam
736 3630 934 3685 morbi.
969 3627 1103 3684 Cum
1145 3641 1240 3696 per
1276 3626 1515 3681 divinam
1546 3624 2037 3681 autemrevelatio-

454 3740 577 3781 nem
612 3721 957 3792 cognovisset
984 3721 1174 3772 beatus
1210 3715 1563 3779 Parthenius,
1593 3730 1716 3769 eum
1774 3714 2034 3785 castigari

454 3826 678 3889 propter
699 3812 1010 3875 avaritiam,
1040 3820 1099 3865 ut
1122 3810 1225 3880 qui
1254 3822 1341 3862 res
1380 3822 1679 3877 pauperum
1721 3816 2034 3877 usurparet,

453 3921 509 3965 ct
532 3925 628 3966 eos
651 3907 757 3962 illis
783 3905 1046 3974 privaret,
1073 3916 1231 3956 mane
1273 3900 1373 3955 ivit
1396 3915 1587 3955 rursus
1610 3901 1678 3954 ad
1707 3916 1828 3953 eum
1855 3900 2037 3954 visen-

455 4006 606 4067 dum,
645 4008 700 4054 et
729 3999 779 4052 ei
804 3997 933 4051 dicit
967 4013 980 4048 :
1012 3992 1208 4063 Surge,
1243 4007 1437 4064 magne
1478 3993 1715 4047 domine.
1746 3992 1860 4047 Non
1889 3993 2034 4046 enim

458 4095 674 4149 laboras
708 4088 1024 4144 inﬁrmitate
1056 4087 1324 4155 corporis,
1352 4086 1444 4146 sed
1480 4084 1766 4154 castigaris
1818 4092 2037 4153 propter

460 4183 709 4241 morbum
734 4181 951 4234 animus.
981 4177 1107 4232 llaec
1132 4191 1260 4245 ergo
1280 4177 1514 4246 depone,
1547 4183 1600 4229 et
1626 4190 1818 4230 rursus
1838 4175 2037 4231 evades

457 4288 642 4330 sanus.
677 4269 975 4340 Respondit
1002 4276 1241 4339 aegrotus
1267 4267 1477 4322 etdixit
1505 4284 1519 4322 :
1549 4265 1676 4321 Scio
1696 4282 1795 4335 ego
1820 4279 2037 4336 quoque

459 4382 545 4424 me
590 4381 717 4423 esse
755 4371 1124 4436 peccatorem,
1187 4369 1244 4415 et
1288 4359 1410 4414 ideo
1465 4358 1748 4429 castigari.
1783 4357 1890 4414 Sed
1940 4374 2035 4415 ora

454 4474 554 4531 pro
580 4472 688 4523 me,
730 4471 861 4525 I'Ogo
891 4465 967 4520 te,
1000 4463 1057 4507 ut
1086 4452 1231 4507 lever
1275 4450 1414 4506 meis
1447 4448 1847 4521 iniquitatibus.
1896 4451 2035 4508 Dicit

454 4553 502 4607 ei
535 4558 759 4607 sanctus
810 4544 1140 4602 Parthenius
1178 4561 1192 4599 :
1227 4542 1286 4599 Si
1349 4541 1472 4613 quis
1511 4544 1565 4596 in
1598 4543 1869 4599 hominem
1903 4558 2031 4614 pec-
2071 4542 2113 4598 D

380 4639 387 4648 ’
454 4648 683 4708 caverit,
717 4642 783 4697 de
809 4655 873 4695 co
897 4639 1129 4694 fortasse
1173 4636 1499 4691 exaudietur
1556 4634 1731 4690 oratio
1762 4654 1778 4692 :
1812 4638 2035 4693 morbus

456 4748 639 4792 autem
670 4744 792 4788 tuus
817 4733 883 4787 ad
908 4732 1074 4787 Deum
1111 4729 1301 4785 tendit.
1341 4728 1471 4796 Quae
1508 4735 1638 4785 sunt
1665 4743 1795 4801 ergo
1830 4744 2034 4800 paupe-

459 4843 599 4895 rum,
623 4827 787 4881 redde
814 4826 945 4890 Deo,
977 4833 1032 4879 et
1052 4822 1163 4877 eris
1196 4823 1410 4891 semper
1437 4836 1605 4877 sanus
1629 4823 1811 4877 animo
1836 4832 1888 4876 et
1913 4835 2038 4876 cor-

457 4932 612 4991 pore.
634 4916 794 4973 Tunc
817 4917 864 4972 is
898 4916 966 4970 ad
993 4928 1052 4969 se
1081 4914 1318 4981 rediens,
1348 4914 1522 4969 dixit:
1561 4913 1796 4982 Revera,
1847 4912 2032 4979 Pater,

458 5009 675 5081 peccavi
728 5005 955 5061 Domino
1002 5020 1125 5061 meo
1176 5022 1192 5060 :
1230 5004 1492 5059 Dominus
1548 5018 1676 5058 vero
1717 5003 1935 5073 justus:
1983 5014 2038 5059 et

457 5102 705 5173 protinus
741 5097 1008 5153 accersito
1067 5110 1165 5152 suo
1192 5094 1682 5164 meonomo,jussit
1708 5094 1761 5148 in
1799 5096 2033 5149 medium

458 5193 659 5258 all‘erri,
687 5188 949 5262 quidquid
980 5187 1098 5242 auri
1123 5187 1411 5242 collectum
1456 5186 1633 5240 fuerat
1656 5201 1723 5239 ex
1777 5186 2034 5256 pauperi-

457 5292 578 5346 bus.
609 5288 743 5344 Cum
774 5293 954 5338 autem
984 5284 1118 5338 satis
1138 5280 1256 5336 auri
1288 5279 1483 5335 fuisset
1514 5280 2033 5344 allatum,sanetum

459 5380 669 5452 rogavit
724 5379 1032 5450 episcopus,
1079 5383 1139 5429 ut
1190 5376 1242 5429 id
1296 5372 1650 5429 distribueret
1683 5374 2032 5443 pauperibus.

458 5477 550 5531 llle
571 5488 703 5529 vero
728 5487 834 5527 non
865 5469 1146 5534 sustinuit,
1188 5466 1377 5521 dicens
1410 5481 1425 5518 :
1450 5463 1583 5519 Cum
1632 5464 1775 5522 Deus
1805 5466 1899 5522 tibi
1922 5538 1925 5541 _
1946 5468 2037 5523 det

461 5567 631 5631 vires,
665 5571 721 5617 tu
785 5555 882 5632 per
948 5560 1175 5629 teipsutn
1214 5557 1379 5613 redde
1411 5558 1513 5623 eis,
1555 5572 1674 5629 quae
1727 5573 1823 5614 sua
1886 5572 2031 5620 sunt.

526 5703 546 5732 ⁸
580 5701 722 5755 Psal.
750 5717 805 5764 v,
836 5700 890 5754 7.

530 5821 607 5890 t4)
642 5820 753 5877 Sic.
784 5836 887 5880 ms.
913 5839 929 5889 ;
955 5822 1081 5877 fort.
1118 5822 1218 5895 οὐχ
1250 5820 1447 5879 εἵλετο.

2134 584 2230 636 τοῦ
2269 585 2369 655 τὴν
2400 583 2609 655 συνήθη
2638 584 2817 655 ἄγραν
2846 585 2954 640 τῶν
2985 585 3184 657 ἰχθύων
3211 586 3725 658 ποιήσασθαι.Τότε

2134 674 2413 745 χαλῶντες
2451 675 2592 746 μετά
2616 677 2820 746 πολλῆς
2839 677 3114 748 χαρᾶς·τά
3139 678 3356 744 δίκτυα,
3390 681 3456 749 τῇ
3487 677 3722 750 δυνάμει

2130 766 2224 820 τοῦ
2258 767 2466 838 Κυρίου
2504 769 2602 823 καλ⁸
2632 772 2699 839 τῇ
2726 770 2858 841 εὐχῇ
2894 770 2989 825 τοῦ
3024 771 3173 823 ὁσίου
3204 767 3478 830 τοσούτων
3500 770 3726 840 ἀγαθῶν

2130 860 2282 925 ἐντὸς
2313 862 2562 930 ἐγένοντο
2594 863 2838 929 ἅπαντες
2866 867 2927 919 ἐν
2950 867 3013 937 τῇ
3039 865 3206 938 ἄγρᾳ,
3236 866 3311 929 ὡς
3336 866 3429 919 καὶ
3458 866 3552 919 τοῦ
3578 883 3727 938 παρ-

2131 950 2379 1015 ελθόντος
2409 952 2604 1023 χρόνου
2637 954 3039 1025 ἀναπληρῶσαι
3068 955 3131 1009 τὸ
3156 954 3365 1009 λεῖπον.
3394 956 3726 1027 Καθημένου

2129 1044 2186 1098 δὲ
2223 1044 2318 1097 τοῦ
2368 1045 2528 1114 ἁγίου
2557 1047 2750 1117 ἀνδρὸς
2780 1050 2838 1102 ἐν
2861 1064 2943 1119 τῳ
2971 1048 3115 1102 κατά
3142 1048 3414 1113 Πτελαίας
3446 1040 3725 1121 ἐμπορίῳ,

2129 1136 2226 1190 καὶ
2255 1137 2551 1210 γινομένης
2580 1139 2679 1208 τῆς
2709 1139 2887 1211 ἄγρας
2915 1140 3026 1195 τῶν
3054 1140 3277 1212 ἰχθύων,
3304 1142 3601 1213 ἑλκομένου
3624 1143 3725 1197 τοῦ

2127 1230 2370 1297 δικτύου,
2405 1230 2568 1296 θῦνος
2624 1234 2885 1304 μέγιστος
2920 1237 2986 1289 ἐκ
3015 1237 3111 1290 τοῦ
3149 1238 3369 1291 δικτύου
3401 1226 3728 1309 προσπηδή-

2130 1340 2249 1391 σας,
2274 1322 2499 1396 ἔρριψεν
2518 1325 2714 1380 ἑαυτὸν
2738 1329 2820 1391 είς
2838 1328 2967 1392 τοὺς
2991 1327 3161 1393 πόδας
3191 1327 3286 1382 τοῦ
3321 1328 3479 1399 ἁγίου
3508 1327 3725 1399 ἀνδρὸς,

2126 1416 2298 1488 ὅνπερ
2338 1417 2653 1488 σφραγίσας
2709 1418 2807 1473 καὶ
2837 1419 3216 1491 ἐπευξάμενος
3266 1421 3553 1475 ἐκέλευσεν
3579 1438 3729 1493 πτη-

2130 1508 2290 1580 θῆναι
2326 1512 2421 1565 καὶ
2448 1513 2563 1575 τοῖς
2603 1510 2855 1581 ἀδελφοῖς
2894 1513 3213 1586 διαδοθῆναι
3236 1515 3318 1577 είς
3346 1513 3506 1579 δόξαν
3527 1512 3689 1568 Θεοῦ.

2201 1601 2306 1656 IA'.
2342 1601 2736 1673 Ἡρακλεώτην
2778 1603 3028 1674 μονηρίῳ
3083 1605 3150 1657 ἐκ
3205 1603 3523 1676 διαὸολικῆς
3576 1605 3733 1677 ἐνερ-

2127 1694 2284 1763 γείας
2336 1693 2651 1765 παρεθέντα
2699 1693 2828 1758 τοὺς
2903 1695 3073 1759 πόδας
3129 1695 3361 1766 ὀνόματι
3415 1696 3726 1751 Κάλλιστον

2128 1787 2337 1856 ἠγαγον
2368 1778 2505 1856 πρὸς
2540 1786 2966 1858 τὸνμακάριον,
2990 1786 3049 1841 ὃν
3076 1787 3376 1858 ἰασάμενος
3398 1791 3466 1861 τῇ
3492 1789 3728 1860 δυνάμει

2127 1876 2222 1931 τοῦ
2252 1877 2458 1948 Κυρίου
2492 1877 2647 1941 ίδίοις
2700 1880 2862 1932 ποσὶν
2933 1879 3351 1951 περιπατοῦντα
3394 1881 3731 1951 ἀπέπεμψεν

2129 1969 2209 2031 είς
2226 1967 2319 2021 τὸν
2338 1963 2489 2021 οἷκον
2515 1967 2706 2022 αὑτοῦ.
2740 1969 2971 2042 Ἕτερον
2994 1970 3052 2023 δέ
3077 1988 3204 2024 τινα
3239 1971 3469 2042 ὀνόματι
3494 1971 3731 2026 Λέσὸιον

2129 2060 2239 2115 ἀπὸ
2276 2061 2375 2130 τῆς
2408 2060 2580 2131 νήσου
2604 2062 2704 2130 τῆς
2740 2061 3044 2131 λεγομένης
3075 2062 3209 2126 Ὠας
3238 2063 3444 2133 ἤγαγον
3470 2063 3607 2134 πρὸς
3631 2062 3730 2116 τὸν

2128 2154 2417 2226 ἄνθρωπον
2441 2152 2540 2208 τοῦ
2569 2154 2709 2208 Θεοῦ
2736 2154 2858 2209 ὅλον
2907 2153 3227 2225 ἡλκωμένον
3260 2155 3368 2208 ἀπὸ
3394 2156 3501 2208 τῶν
3547 2153 3733 2208 ποδῶν

2110 2246 2235 2314 ,ἕως
2268 2246 2539 2318 κεφαλῆς,
2572 2244 2740 2317 μηδὲν
2771 2246 3104 2317 διαφέροντα
3125 2245 3355 2316 λεπροῦ,
3392 2245 3454 2299 ὃν
3485 2245 3733 2314 ἀλείφων

2131 2337 2321 2408 ἐλαίῳ,
2351 2338 2446 2391 καὶ
2471 2338 2844 2408 ἐπευχόμενος
2874 2340 2932 2391 ἐν
2954 2338 3134 2407 τρισὶν
3152 2338 3305 2398 ὅλαις
3326 2338 3564 2407 ἡμέραις
3594 2337 3734 2409 ὑγιῆ

2133 2430 2472 2484 ἀπέστειλεν.
2522 2430 2626 2502 Ἐκ
2660 2431 2875 2485 πολλῶν
2909 2432 2965 2485 δέ
2991 2432 3089 2485 καὶ
3120 2430 3375 2502 μεγάλων
3402 2430 3733 2500 θαυμασίων

2137 2522 2232 2576 ὑπ’
2258 2522 2427 2576 αὐτοῦ
2457 2501 2644 2594 χάριθ
2676 2523 2917 2595 Χριστοῦ
2948 2501 3255 2593 γεγονότων
3281 2525 3340 2576 ἐν
3367 2525 3526 2595 μέρει
3561 2522 3685 2576 καθ’
3704 2520 3739 2576 δ

2138 2614 2412 2686 ἠδυνήθην
2441 2615 2718 2685 ἐγνώρισα
2743 2618 2808 2687 τῇ
2830 2617 3023 2688 ἀγάπῃ
3044 2617 3223 2686 ὑμῶν,
3248 2617 3345 2687 οὐχ
3366 2616 3443 2680 ὡς
3470 2614 3739 2669 διδασκά-

2138 2705 2231 2759 λου
2256 2710 2580 2777 ποιούμενος
2610 2708 2768 2777 λόγον
2798 2710 2894 2762 ἐπὶ
2925 2709 2987 2763 τὸ
3011 2708 3295 2780 σεμνῦναι,
3328 2708 3463 2762 διότι
3486 2728 3504 2759 ι
3534 2707 3739 2761 ἀπολεῖ

2134 2800 2339 2870 Κύριος
2359 2799 2570 2863 πάντας
2589 2800 2717 2862 τοὺς
2735 2798 3029 2864 λαλοῦντας
3063 2800 3123 2853 τὸ
3142 2800 3359 2870 ψεῦδος,
3401 2819 3420 2852 ι
3445 2798 3562 2853 ἀλλ’
3584 2798 3732 2852 αὐτά

2135 2892 2204 2946 τὰ
2231 2891 2539 2963 πράγματα
2602 2893 2876 2962 μαρτυρεῖ
2931 2891 3022 2944 καὶ
3049 2890 3188 2962 μετά
3245 2891 3398 2954 τέλος
3427 2891 3693 2960 γινόμενα
3712 2903 3733 2920 ·

2136 2983 2326 3054 χρείας
2347 2984 2510 3037 αὑτὸν
2540 2983 2871 3053 καλεσάσης,
2907 2983 3180 3040 κατέλαϐε
3226 2986 3327 3056 τὴν
3391 2982 3738 3055 μητρόπολιν

2148 3075 2478 3144 Ἡράκλειαν
2530 3078 2632 3146 τῆς
2675 3075 2919 3145 Θρᾴκης,
2974 3076 3068 3128 καὶ
3103 3074 3383 3146 συντυχὼν
3431 3075 3509 3147 τῷ
3547 3078 3734 3129 ἐκεῖσε

2140 3168 2559 3239 ἀρχιεπισκόπῳ
2607 3169 2856 3238 ἐσχάτως
2901 3167 3102 3238 ἔχοντι,
3149 3168 3382 3221 ἐπύθετο
3404 3168 3504 3238 τῆς
3539 3168 3734 3241 ἀρρω-

2140 3259 2295 3320 στίας
2317 3260 2379 3311 τὸ
2417 3260 2612 3313 αἴτιον.
2639 3259 2808 3323 Γνοὺς
2833 3259 2890 3312 δὲ
2921 3259 3011 3312 διὰ
3033 3259 3184 3324 θείας
3210 3260 3611 3330 ἀποκαλύψεως
3641 3261 3732 3313 ὅτι

2139 3349 2507 3422 φιλαργυρίας
2541 3351 2696 3404 ἐνεκε
2736 3350 3074 3416 παιδεύεται,
3104 3352 3497 3422 νοσφιζόμενος
3524 3354 3594 3406 τὰ
3613 3352 3733 3406 τῶν

2140 3448 2392 3517 πτωχῶν,
2424 3448 2519 3500 καὶ
2548 3447 2776 3511 τούτους
2818 3446 3143 3517 στερίσκων,
3170 3449 3236 3515 τῇ
3291 3445 3464 3499 ἕωθεν
3510 3442 3732 3515 ἀπῆλθε

2138 3536 2301 3592 πάλιν
2325 3539 2400 3600 είς
2428 3537 2718 3607 ἐπίσκεψιν
2753 3537 2919 3591 αὐτοῦ
2950 3539 3047 3592 καὶ
3070 3534 3225 3590 εἶπεν
3248 3536 3397 3606 αὐτῷ
3422 3551 3436 3565 ·
3473 3534 3729 3604 Ἔγειρε,

2137 3631 2166 3682 6
2200 3630 2399 3699 μέγας.
2434 3630 2509 3682 Οὐ
2538 3630 2646 3702 γὰρ
2677 3631 2992 3703 ἀῤῥωστίαν
3043 3630 3366 3701 σωματικὴν
3401 3628 3569 3700 ἔχεις,
3591 3627 3736 3683 ἀλλά

2138 3720 2275 3792 νόσῳ
2320 3720 2521 3792 ψυχικῇ
2585 3724 2852 3793 παιδεύῃ·
2894 3721 3101 3791 ταύτην
3151 3719 3387 3785 ἀπόθου,
3439 3722 3533 3773 καὶ
3571 3714 3736 3782 αὖθις

2139 3814 2426 3882 ὑγιαίνεις.
2483 3802 2649 3884 λέγει
2680 3815 2833 3885 αὑτῷ
2858 3817 3100 3877 ἐκεῖνος’
3134 3810 3264 3867 Οἶδα
3299 3814 3393 3867 καὶ
3431 3812 3596 3875 αὐτὸς
3643 3812 3733 3866 ὅτι

2139 3908 2464 3980 ἁμαρτωλός
2493 3912 2609 3981 εἰμι
2641 3910 2738 3965 καὶ
2770 3909 2962 3963 τούτου
3008 3908 3169 3979 χάριν
3217 3906 3577 3978 παιδεύομαι·
3612 3906 3733 3960 ἀλλ’

2139 4000 2290 4068 εὖξαι
2320 4002 2459 4073 ὑπὲρ
2500 4002 2634 4072 ἐμοῦ
2673 4004 2819 4065 ὅπως
2874 3999 3155 4069 κουφισθῶ
3185 4002 3294 4052 τῶν
3321 3988 3565 4071 ἀνομιῶν
3597 4016 3730 4071 μου.

2137 4086 2471 4164 Ᾱέγειαύτῷ
2500 4097 2527 4147 6
2561 4095 2708 4156 ὅσιος
2728 4111 2745 4125 ν
2779 4092 2907 4146 Ἐἀν
2938 4095 3020 4157 εἰς
3048 4091 3338 4160 ἄνθρωπόν
3368 4109 3453 4154 τις
3483 4092 3736 4165 ἁμάρτῃ,

2141 4186 2269 4249 ἴσως
2286 4188 2319 4256 ἡ
2344 4187 2473 4258 περὶ
2495 4186 2660 4240 αὐτοῦ
2678 4186 2814 4259 εὐχὴ
2841 4185 3245 4256 ἀκουσθήσεται
3273 4198 3290 4215 ⁶
3312 4186 3377 4240 τὸ
3405 4186 3499 4240 σὺν
3517 4186 3736 4257 νόσημα

2139 4280 2219 4342 εἰς
2249 4280 2384 4333 Θεὸν
2416 4280 2702 4334 συντείνει.
2737 4279 2963 4342 ’Λπόδος
3009 4277 3104 4332 οῦν
3138 4279 3207 4333 τὰ
3235 4280 3347 4333 τῶν
3378 4279 3614 4350 πτωχῶν
3652 4278 3739 4350 τῷ

2138 4372 2278 4443 Θεῷ,
2313 4374 2408 4427 καὶ
2433 4373 2534 4445 ἔσῃ
2556 4374 2715 4442 ὑγιὴς
2771 4372 2918 4446 ψυχῇ
2946 4391 3005 4427 τε
3054 4374 3149 4428 καὶ
3195 4372 3434 4444 σώματι.
3483 4375 3617 4426 Τότε
3651 4376 3739 4438 είς

2140 4467 2301 4521 αὑτὸν
2330 4467 2500 4521 ἐλθὼν
2524 4464 2707 4522 εἶπεν⁸
2738 4468 2859 4522 Ἐπ’
2883 4468 3169 4541 ἀληθείας,
3190 4469 3397 4541 Πάτερ,
3430 4470 3741 4542 ἡμάρτηκα

2139 4558 2218 4630 τῷ
2248 4560 2469 4631 Κυρίῳο
2502 4561 2530 4613 6
2558 4560 2614 4614 δὲ
2640 4560 2845 4633 Κύριος
2869 4561 3104 4622 δίκαιος.
3139 4565 3248 4618 Καὶ
3276 4564 3740 4635 προσκαλεσάμε-

2141 4669 2229 4715 νος
2259 4653 2350 4705 τὸν
2382 4650 2643 4708 διέποντα
2679 4654 2873 4719 αὐτοῦ,
2928 4655 3216 4709 ἐκέλευσεν
3242 4657 3324 4719 είς
3354 4656 3524 4726 μέσον
3553 4655 3738 4709 ἐλθεῖν

2142 4744 2252 4797 πᾶν
2311 4743 2373 4797 τὸ
2409 4744 2637 4815 χρυσίον
2692 4746 2753 4800 τὺ
2777 4749 2843 4802 ἐκ
2895 4748 3006 4802 τῶν
3038 4749 3273 4818 πτωχῶν
3304 4749 3593 4820 συναχθὲν,
3630 4748 3736 4803 καὶ

2144 4835 2351 4907 ἠνέχθη
2399 4837 2620 4909 χρυσίον
2682 4838 2890 4893 ἱκανόν.
2942 4841 3256 4927 Παρεκάλει
3307 4843 3365 4896 δὲ
3416 4845 3509 4895 τὸν
3538 4841 3738 4897 ὅσιονὸ

2141 4929 2463 4991 ἐπίσκοπος,
2531 4928 2807 4983 διαδοῦναι
2857 4930 2989 4984 αὐτὸ
3021 4934 3134 4996 τοῖς
3161 4936 3398 5004 πτωχοῖς
3422 4949 3437 4965 ο
3470 4933 3499 4986 ὁ
3528 4935 3585 4987 δὲ
3623 4936 3733 4989 οὐκ

2137 5020 2307 5089 ἥλατο
2341 5023 2419 5091 (4)
2478 5022 2670 5086 είπὼν,
2704 5023 2810 5077 Τοῦ
2841 5023 2978 5077 Θεοῦ
3029 5025 3372 5097 ἐνισχύοντός
3421 5044 3504 5090 σε,
3567 5028 3634 5080 σὺ
3663 5027 3739 5081 δι’
3850 5085 3856 5089 ,

2142 5111 2339 5165 ἐαυτοῦ
2364 5112 2561 5174 ἀπόδος
2585 5114 2772 5178 αὐτοῖς
2809 5115 2880 5169 τά
2909 5111 3111 5172 αὐτῶν.
3144 5117 3281 5171 Τότε
3316 5117 3609 5182 καθεσθεὶς
3637 5118 3738 5172 ἐπὶ

2143 5204 2315 5275 φορίῳ
2340 5205 2581 5277 ἀπῆλθεν
2612 5209 2692 5271 εἰς
2715 5209 2775 5261 τὸ
2809 5209 3108 5280 μαρτύριον
3129 5212 3227 5281 τῆς
3257 5212 3422 5280 ἁγίας
3454 5212 3738 5283 μάρτυρος

2142 5294 2466 5367 Γλυκερίας,
2499 5299 2594 5351 κει)⁹
2622 5301 2955 5370 συναγαγὼν
2996 5306 3209 5366 πάντας
3244 5305 3368 5367 τοὺς
3402 5302 3740 5373 πενομένους

2143 5385 2245 5455 τῆς
2275 5386 2508 5452 πόλεως,
2570 5390 2705 5442 πᾶσι
2747 5390 3008 5446 διέδωκεν
3056 5393 3314 5463 ἀφειδῶς.
3368 5392 3431 5445 '0
3463 5392 3521 5446 δέ
3551 5392 3739 5462 φιλάν-

2146 5475 2365 5547 θρωπος
2390 5477 2523 5542 Θεὸς
2553 5482 2580 5533 6
2610 5481 2679 5534 τὰ
2701 5481 2796 5535 δύο
2819 5482 2995 5539 λεπτά
3025 5487 3126 5557 τῆς
3153 5488 3421 5559 πενιχρᾶς
3447 5486 3624 5559 χήρας
3654 5485 3735 5558 μὴ

2145 5568 2413 5639 παριδὼν,
2442 5573 2537 5627 καὶ
2560 5572 2675 5645 ⁸τὴν
2725 5574 2990 5635 πλουσίαν
3014 5581 3278 5650 πρόθεσιν
3310 5579 3410 5652 τῆς
3435 5580 3613 5652 χήρας
3638 5579 3739 5635 ἐπὶ
