4160 6412
469 327 603 395 1361

1695 336 1878 429 vim
1919 338 1978 398 s.
2024 338 2478 402 PARTHENII.

3581 336 3720 403 13ῐὲ

472 444 655 498 Ἠλίου
682 443 777 500 τοῦ
807 447 1087 519 προφήτου
1110 449 1542 522 ἀποδεξάμενος,
1562 450 1659 505 καί¹
1685 450 1788 520 τῆς
1813 450 2043 519 ἐναγοῦς

2167 454 2302 509 l‘unc
2336 454 2384 510 is
2413 453 2610 510 sedens
2651 454 2704 510 in
2757 454 2968 521 lectica,
2996 456 3096 512 ivit
3129 459 3196 511 ad
3232 456 3489 525 templum
3523 465 3726 512 sanctae

461 533 669 606 πόρνης
691 535 761 589 τά
787 536 997 609 δάκρυα
1032 538 1107 611 μὴ
1128 540 1527 618 ἀποστραφεὶς,
1549 546 1645 594 καὶ
1676 540 1771 595 τοῦ
1806 541 2041 595 τελώνου

460 626 554 680 τὸν
576 627 881 697 στεναγμὸν
901 628 1219 697 δικαιώσας,
1254 632 1417 697 αὑτὸς
1446 633 1541 686 καὶ
1569 631 1664 688 τοῦ
1691 634 2042 706 προρρηθὲν.

459 732 553 800 τος
580 718 1010 788 ἁρχιεπισκόπου
1059 721 1152 775 τὸν
1212 724 1518 795 μετάμελον
1547 724 1949 794 είσδεξάμενος,
1985 728 2043 779 ἐν

459 810 641 881 τρισὶν
668 813 907 883 ἡμέραις
923 813 1137 868 τελείαν
1170 819 1413 889 παρέσχε
1442 818 1540 889 τὴν
1567 817 1779 887 ὑγείαν.

2152 546 2408 618 martyris
2464 546 2731 620 Glyceriae
2765 567 2778 603 :
2811 557 2868 603 et
2919 564 3044 604 cum
3101 555 3484 620 congregasset
3534 562 3727 604 omnes

2150 649 2415 706 pauperes
2442 636 2701 701 civitatis,
2730 635 2935 691 affatim
2972 635 3225 691 omnibus
3247 634 3545 690 distribuit.
3569 632 3725 688 Beuio

2153 742 2289 796 gnus
2323 735 2502 784 autem
2532 739 2583 783 et
2610 729 2851 784 clemens
2881 728 3046 796 Deus,
3073 713 3377 799 qui'vidua:
3395 729 3502 783 duo
3520 726 3729 782 minuta

2153 834 2262 873 non
2324 819 2574 890 despexit
2625 822 2978 886 numismata,
3021 826 3077 876 et
3122 836 3314 876 rursus
3348 819 3505 877 dives
3552 820 3731 876 vidua:

466 906 805 976 propositum
822 919 1099 977 acceptum
1124 908 1576 980 habuittempore
1616 911 1746 967 Elite
1786 911 2086 982 prophetae,
2134 921 2189 967 et
2217 915 2474 984 pauperis
2528 914 2915 985 ﬂagitiosaaque
2977 914 3280 971 meretricis
3332 915 3600 987 lacrymas
3623 929 3729 970 non

462 1010 546 1054 est
606 1009 908 1065 aversatus,
942 1011 998 1057 et
1050 1003 1319 1073 publicani
1368 1005 1663 1075 suspirium
1699 1007 2093 1075 comprobavit,
2129 1007 2246 1075 ipse
2273 1023 2490 1081 quoque
2537 1009 2782 1078 praedicti
2810 1006 3202 1078 archiepiscopi
3227 1016 3505 1077 acceptam
3526 1006 3732 1063 habens

464 1091 863 1157 pcnnitentiam,
900 1093 953 1149 in
978 1095 1155 1151 tribus
1195 1098 1384 1153 diebus
1407 1098 1456 1152 ei
1482 1097 1780 1168 perfectam
1810 1098 2039 1168 przcbuit
2068 1101 2380 1156 sanitatem.

535 1184 638 1239 IB'.
682 1183 740 1238 '0
777 1184 835 1238 δὲ
865 1184 961 1240 τοῦ
985 1186 1120 1241 Θεοῦ
1145 1187 1403 1257 θεράπων
1447 1191 1753 1262 Παρθένιος
1779 1193 2050 1267 περιῆγεν

463 1278 551 1347 ἐφ’
580 1278 821 1349 ἑκάστης
852 1279 980 1343 τοὺς
1001 1280 1326 1352 εὐκτηρίους
1350 1282 1534 1345 οἴκους
1552 1283 1654 1354 τῆς
1683 1282 1915 1348 πόλεως,
1949 1284 2051 1347 τάς

466 1368 718 1440 συνήθεις
771 1370 939 1442 εὐχὰς
987 1372 1291 1427 ἐπιτελῶν·
1344 1375 1405 1429 ἐν
1456 1371 1538 1438 οἷς
1587 1373 1846 1429 εἰσελθὼν
1882 1376 1939 1428 ἐν
1972 1373 2052 1445 τῷ

463 1462 608 1515 κατά
637 1462 807 1527 Χίλας
853 1465 1154 1536 μαρτύριον
1183 1465 1357 1530 οὕτως
1415 1466 1808 1537 ἐπιλεγόμενον
1829 1508 1846 1533 ,
1890 1458 2052 1537 εῦρεν

2225 1191 2341 1249 XII.
2376 1193 2471 1249 Dei
2505 1208 2635 1251 vero
2661 1208 2857 1250 servus
2891 1191 3219 1249 Parthenius
3270 1191 3514 1261 quotidie
3546 1191 3736 1248 obibat

2155 1301 2343 1342 sacras
2368 1285 2512 1342 aedes
2539 1279 2798 1350 civitatis,
2843 1296 3132 1341 consuetas
3184 1297 3376 1355 preces
3413 1285 3466 1339 in
3496 1285 3577 1341 eis
3613 1298 3735 1354 per-

2154 1392 2342 1449 agens.
2373 1376 2614 1445 Quodam
2644 1389 2822 1433 autem
2851 1378 3009 1436 diein
3039 1377 3387 1445 martyrium,
3406 1376 3551 1447 quod
3570 1375 3734 1430 Achi-

2155 1467 2240 1522 las
2262 1468 2485 1534 dicitur,
2524 1469 2733 1524 invenit
2782 1468 2891 1523 illic
2918 1467 3194 1525 hominem
3220 1468 3512 1536 quemdam
3544 1465 3737 1536 jacen-

466 1554 584 1607 ἐκεῖ
600 1571 724 1608 τινα
745 1556 1143 1626 κατακείμενον
1167 1557 1293 1612 ὅλον
1317 1557 1500 1630 ξηρόν.
1521 1559 1765 1629 Αίτήσας
1785 1560 1843 1613 δέ
1871 1559 2052 1614 ἔλαιον

2167 1570 2275 1615 tem
2318 1561 2546 1615 omnino
2585 1560 2821 1616 aridum.
2857 1559 3023 1629 Cujus
3069 1560 3347 1624 misertus,
3401 1573 3524 1614 cum
3557 1558 3737 1613 oleum

464 1646 557 1699 καὶ
587 1644 984 1717 ἐπευξάμενος,
1028 1649 1217 1714 κλίνας
1272 1666 1332 1703 τε
1373 1650 1443 1704 τά
1477 1650 1705 1719 γόνατα,
1769 1652 1906 1721 μετᾶ
1958 1652 2051 1706 δα-

464 1736 649 1807 κρύων
677 1737 860 1792 ἐδέετο
888 1739 982 1793 τοῦ
1008 1739 1145 1793 Θεοῦ
1178 1741 1307 1811 περὶ
1344 1741 1538 1807 αὑτοῦ,
1584 1743 1679 1795 καὶ
1710 1742 1952 1805 ἀναστὰς
1990 1745 2056 1797 ἐκ

463 1832 565 1901 τῆς
596 1832 929 1902 προσευχῆς,
999 1833 1098 1903 ὴρέ
1110 1851 1184 1903 μα
1217 1833 1311 1887 καὶ
1344 1834 1488 1888 κατά
1521 1836 1715 1906 μικρὸν
1762 1834 1953 1889 τοῦτον
1978 1836 2057 1907 τῷ

463 1922 632 1994 ἐλαίῳ
658 1923 1069 1991 διαμαλάσσων,
1111 1923 1273 1987 εὐθὺς
1309 1923 1406 1977 καὶ⁵
1446 1924 1791 1995 παραχρῆμα
1820 1925 2055 1995 ἀνέστη-

462 2032 581 2081 σεν,
618 2016 713 2071 καὶ
751 2016 878 2088 ὑγιῆ
925 2018 1004 2080 είς
1058 2016 1127 2070 τὰ
1159 2017 1268 2071 ἴδια
1325 2015 1478 2081 ἰδίοις
1505 2019 1665 2070 ποσὶν
1696 2016 1919 2070 ἀπιέναι
1951 2020 2058 2071 ἁπ-

470 2108 721 2185 ἐτρςψεν.
748 2107 953 2161 Τούτου
1002 2107 1060 2161 δέ
1124 2108 1420 2179 γενομένου
1454 2108 1549 2161 τοῦ
1583 2108 1892 2180 παραδόξου
1925 2110 2057 2163 θαύ-

470 2215 641 2269 ματος
690 2199 748 2251 ὲν
821 2198 1131 2271 Ἡρακλείᾳ.
1165 2201 1233 2270 τῇ
1293 2199 1470 2263 πόλει,
1522 2199 1724 2262 πάντες
1764 2201 1880 2253 ὅσοι
1908 2195 2057 2270 εἶχον

467 2288 774 2355 ἀσθενείας,
801 2289 1152 2361 κατέδραμον
1176 2290 1313 2362 πρὸς
1336 2290 1428 2343 τὸν
1459 2290 1746 2362 ἄνθρωπον
1772 2291 1866 2345 τοῦ
1894 2290 2053 2357 Θεοῦ,

468 2385 563 2436 καὶ
617 2385 686 2453 τῇ
735 2382 967 2453 δυνάμει
1028 2382 1123 2435 τοῦ
1180 2380 1419 2453 Χριστοῦ
1481 2383 1656 2449 ὑγιεῖς
1713 2383 2057 2454 ὑπέστρεφον

469 2473 731 2535 ἅπαντες.
763 2473 1070 2543 Συμπαρῆν
1090 2472 1145 2524 δὲ
1184 2470 1332 2542 αὑτῷ
1362 2469 1458 2523 καὶ
1484 2470 1834 2540 ’Υπατιανὸς,
1872 2473 1900 2524 6
1935 2472 2054 2524 κατ’

469 2566 681 2621 ἐκείνου
703 2564 900 2635 καιροῦ
926 2563 1305 2635 ἀρχιδιάκονος
1335 2563 1434 2628 τῆς
1463 2563 1674 2625 πόλεως
1703 2562 2056 2633 Ἡρακλείας,

470 2659 561 2711 ὅτε
594 2656 664 2709 τὰ
697 2655 981 2725 θαυμάσια
1017 2640 1312 2723 ἐγένοντο.⁶
1348 2652 1530 2725 Ὅπερ
1579 2653 1938 2722 θεασάμενος,
1972 2655 2060 2706 πί-

473 2767 591 2805 στει
621 2749 704 2813 είς
747 2749 915 2812 πόδας
971 2747 1072 2800 τοῦ
1102 2746 1261 2815 ἁγίου
1302 2745 1495 2814 ἀνδρὸς
1526 2743 1865 2815 παρακαλῶν
1897 2744 2060 2798 αὑτὸν

475 2837 615 2907 μιτά
670 2834 947 2906 δακρύων,
998 2835 1082 2889 ὅτι
1136 2836 1195 2887 ἐν
1244 2835 1487 2903 κτήματι
1559 2832 1724 2887 αὑτοῦ
1784 2833 2059 2903 ἔσπαρται

2159 1650 2431 1722 petiisset,
2472 1650 2627 1706 (lexis
2658 1652 2910 1721 genibus,
2944 1666 3068 1708 cum
3122 1649 3381 1719 lacrymis
3420 1648 3599 1704 oravit
3640 1663 3740 1718 pro

2160 1743 2281 1814 ipso
2308 1742 2600 1813 benignum
2637 1752 2692 1796 et
2723 1743 3045 1798 clementem
3084 1741 3281 1797 Deum.
3309 1740 3515 1794 Etcum
3545 1739 3742 1794 deinde

2159 1837 2494 1892 Surrexisset
2528 1851 2557 1889 a
2607 1835 2942 1905 precatione,
2973 1834 3176 1890 sensim
3208 1843 3263 1889 et
3316 1832 3575 1903 paulatim
3614 1846 3738 1885 eum

2160 1936 2356 1983 sancto
2417 1927 2537 1982 oleo
2580 1926 2852 1990 molliens,
2879 1925 3128 1996 protinus
3155 1934 3212 1979 et
3251 1925 3366 1995 ipsa
3426 1924 3557 1977 hora
3606 1920 3742 1978 fecit

2159 2034 2281 2073 eum
2309 2034 2501 2075 sanum
2536 2033 2783 2088 surgere,
2809 2028 2865 2074 et
2900 2018 3067 2088 jussit
3106 2031 3230 2073 eum
3275 2017 3392 2071 suis
3416 2015 3646 2084 pedibus
3672 2014 3739 2069 ad

2159 2128 2289 2169 suos
2319 2113 2499 2168 redire
2559 2111 2728 2168 Deum
2767 2111 3193 2182 gloriﬁcantem.
3227 2109 3365 2165 Cum
3421 2108 3524 2164 hoc
3559 2118 3741 2163 autem

2160 2204 2409 2260 terribile
2435 2211 2491 2259 et
2520 2204 2663 2273 quod
2705 2203 3023 2270 opinionem
3055 2207 3278 2268 superat
3309 2196 3632 2253 miraculum
3658 2193 3743 2249 fa-

2158 2305 2303 2349 ctum
2328 2301 2472 2348 esset
2496 2292 2549 2348 in
2572 2290 2831 2347 Heraclea
2849 2290 3088 2355 civitate,
3106 2278 3416 2357 quicunque
3470 2285 3745 2341 habebant

2159 2391 2415 2450 aegrotos,
2457 2395 2581 2434 cum
2634 2381 2716 2433 eis
2764 2379 3166 2433 concurrebant
3221 2377 3286 2430 ad
3326 2375 3419 2429 Dei
3468 2374 3741 2429 hominem

2162 2472 2543 2536 Parthenium,
2599 2481 2656 2528 et
2693 2472 2897 2527 virtute
2925 2470 3136 2525 Domini
3174 2469 3341 2523 nostri
3367 2465 3497 2522 Jesu
3514 2465 3740 2526 Christi.

2159 2578 2350 2619 omnes
2415 2565 2826 2619 revertebantur
2877 2563 3016 2619 sani.
3087 2560 3260 2616 Simul
3317 2575 3447 2615 vero
3498 2572 3622 2614 cum
3682 2572 3748 2611 eo

2162 2657 2355 2712 aderat
2381 2657 2545 2713 etiam
2589 2654 2944 2727 llypatianus,
2971 2653 3063 2724 qui
3095 2654 3187 2708 illo
3222 2663 3469 2722 tempore
3504 2657 3626 2706 erat
3658 2665 3748 2704 ar-

2159 2750 2511 2805 chidiaconus
2554 2748 2790 2803 civitatis
2850 2746 3144 2808 ilcraclme,
3206 2744 3424 2814 quando
3479 2742 3595 2797 haec
3642 2740 3745 2794 tie-

2163 2836 2608 2893 bantrniracula.
2643 2836 2773 2904 Qua:
2810 2850 2935 2891 cum
2973 2832 3242 2897 vidisset,
3276 2832 3511 2901 procidit
3550 2830 3619 2886 ad
3644 2844 3742 2899 pe-

472 2925 667 2992 πολλὰ,
701 2927 807 2980 ὑπὸ
836 2926 894 2980 δὲ
922 2927 1021 2997 τῆς
1051 2924 1314 2996 ἀϐροχίας
1339 2925 1557 2980 ἅπαντα
1587 2925 1862 2996 ἐξηράνθη
1883 2941 1896 2956 ’
1930 2925 2063 2980 ἀλλὰ

2169 2929 2266 2985 des
2284 2928 2471 2984 sancti
2503 2928 2628 2992 viri,
2668 2940 2864 2996 rogans
2891 2940 3016 2981 eum
3039 2940 3159 2978 cum
3180 2923 3439 2994 lacrymis
3463 2931 3518 2978 et
3537 2921 3744 2987 dicens,

474 3017 794 3090 παραγενοῦ
823 3018 918 3072 ἐπὶ
941 3016 1035 3071 τὸν
1076 3017 1244 3071 τόπον
1290 3017 1386 3071 καὶ
1442 3017 1742 3086 πρόσευξαι
1790 3017 1929 3087 πρὸς
1973 3018 2066 3071 τὸν

482 3111 638 3178 Θεὸν,
691 3112 839 3176 ὅπως
878 3110 1142 3182 παράσχῃ
1195 3109 1351 3163 ὑετὸν
1386 3111 1453 3180 τῇ
1485 3112 1580 3178 γῇ,
1612 3107 1700 3162 ἴνα
1730 3109 1876 3180 σωθῇ
1915 3110 2065 3164 πᾶσα

476 3205 512 3271 ἡ
551 3201 775 3275 πατρίς.
822 3202 882 3256 '0
933 3202 991 3255 δὲ
1019 3201 1167 3266 ὅσιος
1216 3200 1357 3272 ἀνὴρ
1384 3199 1685 3272 προθύμως
1717 3201 1811 3253 ἐπὶ⁹
1841 3201 1903 3255 τὸ
1933 3218 2069 3273 προν-

476 3295 730 3367 κείμενον
778 3295 1031 3360 ἐϐάδιζε·
1091 3296 1188 3349 καὶ
1239 3296 1536 3365 γενόμενος
1584 3295 1727 3349 κατά
1758 3294 1850 3349 τὸν
1873 3294 2067 3359 τόπον,

476 3391 574 3444 καὶ
601 3388 725 3443 ἰδὼν
755 3389 974 3443 ἅπαντα
996 3388 1383 3460 ἐξηραμμένα,
1419 3388 1610 3453 κλίνας
1641 3389 1712 3442 τὰ
1743 3389 1947 3457 γόνατα
1973 3392 2069 3442 καὶ

476 3481 574 3546 τὰς
603 3481 793 3552 χεῖρας
823 3481 904 3545 είς
947 3481 1217 3552 οὐρανοὺς
1275 3481 1588 3547 ἀνατείνας,
1649 3481 1789 3559 με.τά
1814 3480 2071 3553 δακρύων

479 3571 659 3626 ἐδέετο
691 3571 787 3627 τοῦ
814 3572 951 3626 Θεοῦ
986 3572 1351 3643 καταπέμψαι.
1400 3572 1557 3626 ὑετὸν
1610 3576 1676 3643 τῇ
1717 3575 1789 3644 γῇ
1820 3576 1899 3636 εἰς
1934 3591 2072 3643 καρ-

481 3665 773 3735 ποφορίαν.
822 3664 882 3717 '0
904 3664 961 3717 δὲ
990 3664 1379 3735 φιλάνθρωπος
1408 3664 1542 3728 Θεὸς
1561 3666 1590 3719 6
1623 3665 1712 3718 ἀεὶ
1747 3664 1809 3717 τὸ
1855 3664 2071 3734 θέλημα

479 3757 591 3811 τῶν
642 3756 997 3827 φοϐουμένων
1029 3757 1193 3811 αὐτὸν
1224 3756 1418 3823 ποιῶν,
1451 3756 1532 3809 ἔτι
1570 3756 1672 3827 τῆς
1704 3757 1872 3827 εὐχῆς
1903 3757 1960 3809 ἐν
1992 3755 2071 3826 τῷ

482 3854 718 3923 στόματι
770 3850 865 3905 τοῦ
911 3851 1070 3918 ἁγίου
1130 3848 1319 3920 οὑσης,
1364 3849 1667 3919 συνεσχέθη
1698 3848 1804 3902 ὑπὸ
1835 3849 2013 3917 νεφῶν
2043 3850 2072 3902 6

481 3943 711 4016 οὐρανὸς
740 3943 837 3996 καὶ
885 3941 1134 3996 κάτεισιν
1188 3939 1344 4003 ὑετὸς
1388 3939 1485 3993 καὶ
1514 3939 1740 4010 ἐκόρεσε
1765 3940 1945 3992 πᾶσαν
1972 3938 2071 4010 τὴν

482 4036 614 4107 γῆν.
647 4034 1010 4090 Εἱσελθόντων
1039 4033 1098 4087 δέ
1122 4032 1302 4087 αὐτῶν
1326 4034 1389 4087 ἐν
1410 4030 1488 4102 τῷ
1519 4030 1697 4100 ἀγρῷ,
1729 4030 2073 4105 ἐπεζήτηεξεν

484 4130 715 4201 οἴκημα,
744 4131 801 4182 ἐν
828 4122 873 4198 ᾧ
903 4128 1001 4190 τάς
1037 4125 1205 4198 εὑχάς
1261 4124 1560 4180 ἐκτελέσει.
1609 4124 1720 4185 Καὶ
1773 4125 2074 4193 εἰσήγαγεν

486 4223 651 4277 αὑτὸν
679 4224 708 4276 6
735 4221 1112 4292 ἀρχιδιάκονος
1136 4221 1166 4272 6
1195 4218 1388 4292 κύριος
1416 4217 1510 4271 τοῦ
1543 4214 1718 4287 ἀγροῦ
1742 4218 1822 4281 είς
1846 4216 1944 4270 ἕνα
1965 4215 2075 4269 τῶν

2168 3021 2313 3092 quod
2355 3021 2407 3074 in
2436 3020 2639 3090 praedio
2692 3034 2791 3074 suo
2835 3018 3002 3072 multa
3049 3018 3267 3089 quidem
3299 3025 3426 3071 sunt
3455 3015 3748 3078 seminata,

2169 3121 2390 3183 propter
2419 3110 2617 3182 pluvia:
2653 3117 2836 3165 autem
2868 3118 3163 3180 egestatem
3191 3109 3374 3164 omnia
3405 3117 3534 3164 sunt
3567 3105 3750 3161 exsic-

2169 3213 2308 3261 cata.
2378 3203 2508 3268 Sed,
2535 3203 2653 3257 veni
2700 3201 2765 3256 ad
2825 3201 3024 3268 locum,
3080 3200 3318 3264 dicebat,
3355 3214 3388 3252 ο
3442 3197 3753 3252 venerande

2171 3296 2353 3360 Pater,
2386 3305 2441 3350 et
2468 3309 2562 3349 ora
2613 3293 2809 3359 Deum,
2834 3302 2892 3349 ut
2919 3304 3079 3348 terrae
3120 3291 3361 3363 praebeat
3392 3289 3655 3360 pluviam,
3692 3298 3755 3342 ut

2172 3396 2527 3445 conservetur
2578 3387 2831 3443 universa
2901 3393 3087 3440 nostra
3141 3383 3341 3453 patria.
3402 3380 3753 3437 Venerandus

2174 3498 2304 3538 vero
2355 3491 2412 3538 et
2466 3489 2691 3537 sanctus
2725 3480 2809 3534 vir
2853 3477 3205 3542 Parthenius,
3259 3476 3357 3531 ivit
3414 3482 3663 3545 prompto
3701 3482 3756 3529 et

2174 3573 2342 3629 alacri
2373 3572 2580 3627 animo.
2609 3571 2855 3639 Cumque
2884 3567 3126 3624 venisset
3158 3567 3226 3622 ad
3267 3566 3473 3629 locum,
3505 3571 3562 3619 et
3589 3562 3757 3619 vidis-

2172 3672 2258 3722 set
2289 3662 2471 3718 omnia
2498 3661 2793 3725 exsiccata,
2836 3660 3164 3730 lacrymatus
3192 3667 3305 3722 est,
3368 3654 3631 3725 ﬂexisque
3658 3669 3754 3726 ge-

2175 3755 2334 3811 nibus
2366 3753 2459 3809 diu
2486 3767 2715 3822 precaris
2745 3766 2868 3807 eum
2898 3750 3177 3821 lacrymis,
3223 3748 3547 3803 clementem
3586 3744 3751 3800 Deum

2150 3846 2409 3917 rogavit,
2443 3853 2501 3900 ut
2524 3844 2762 3916 pluviam
2793 3843 2847 3897 in
2875 3852 3076 3897 terram
3103 3841 3415 3895 demitteret
3447 3838 3516 3893 ad
3545 3837 3756 3892 fructus

2175 3937 2572 4009 producendos.
2603 3937 2876 4008 Benignus
2900 3945 3083 3990 autem
3116 3942 3172 3989 et
3203 3934 3443 3988 clemens
3469 3930 3636 3993 Deus,
3660 3930 3754 3999 qui

2177 4046 2393 4102 semper
2421 4029 2555 4086 facit
2583 4029 2916 4085 voluntatem
2940 4041 3131 4084 eorum
3162 4025 3257 4097 qui
3289 4026 3464 4094 ipsum
3496 4024 3688 4078 timent
3709 4023 3754 4085 ³,

2176 4140 2299 4182 cum
2348 4122 2526 4179 adhuc
2560 4134 2753 4193 preces
2779 4128 2963 4176 essent
3007 4120 3060 4175 in
3107 4133 3204 4173 ore
3235 4117 3376 4185 eius,
3411 4125 3616 4171 tectum
3653 4114 3758 4169 fuit

2179 4216 2378 4273 coelum
2430 4215 2690 4283 nubibus,
2736 4225 2792 4269 et
2824 4211 3112 4269 descendit
3144 4206 3315 4267 multa
3356 4209 3558 4283 pluvia,
3590 4217 3643 4265 et
3669 4224 3761 4264 sa-

486 4313 880 4380 κοιτωνίσκων,
917 4313 1013 4367 καὶ
1037 4309 1483 4381 διενυκτέρευσεν
1512 4309 1630 4362 ἐκεῖ
1663 4308 1724 4361 ἐν
1752 4309 1874 4371 ταῖς
1902 4323 2063 4377 προσ-

2179 4308 2333 4364 tiavit
2355 4317 2581 4363 terram.
2608 4304 2876 4378 Ingressis
2905 4314 3085 4361 autem
3130 4304 3260 4373 ipsis
3298 4304 3349 4358 in
3394 4317 3604 4373 agrum,
3640 4315 3762 4370 quae

487 4406 697 4473 ευχαῖς,
722 4404 819 4457 καὶ
845 4407 911 4472 τῇ
942 4390 1113 4455 ἕωθεν
1151 4385 1669 4473 προσκαλεσάμενος
1702 4398 1794 4452 τὸν
1822 4398 2073 4467 ἀρχιδιά·

489 4512 668 4560 κονον,
698 4494 804 4565 ἔφη
828 4492 1009 4563 αὐτῷ⁶
1062 4494 1309 4564 Πρόσεχε
1337 4490 1514 4562 ἐαυτῷ
1538 4506 1551 4521 ·
1587 4491 1651 4545 οὑ
1682 4492 1793 4562 γὰρ
1829 4491 2073 4557 ἀγνοεῖς.

488 4588 566 4653 ὡς
592 4586 890 4657 ἐπαιδεύθη
923 4588 952 4641 6
981 4586 1281 4647 ἐπίσκοπος
1307 4584 1396 4638 διὰ
1427 4583 1797 4655 φιλαργυρίαν
1821 4600 1834 4613 ·
1868 4583 2075 4648 ἔδειξεν

492 4680 601 4750 γάρ
643 4696 732 4751 μοι
759 4678 787 4731 6
837 4676 968 4740 Θεὸς
997 4677 1053 4730 ἐν
1083 4678 1150 4748 τῇ
1182 4676 1337 4729 νυκτὶ
1383 4674 1581 4746 ταύτῃ,
1638 4675 1721 4728 ὅτι
1773 4673 2076 4736 ἐπίσκοπος

493 4774 702 4846 γενήσῃ
747 4772 809 4825 οὐ
841 4770 981 4843 μετά
1011 4768 1212 4832 πολλὰς
1260 4769 1494 4839 ἡμέρας.
1520 4768 1665 4839 Ὅρα
1702 4767 1817 4831 οὖν,
1848 4765 1937 4822 ἵνα
1967 4767 2079 4821 τῶν

495 4867 729 4938 πτωχῶν
756 4867 1013 4936 πρόνοιαν
1047 4863 1217 4918 ποιῶν
1242 4864 1340 4934 ἔσῃ
1362 4879 1374 4893 ·
1404 4861 1565 4916 τοῦτο
1590 4860 1700 4933 γὰρ
1733 4861 1875 4934 ὑπὲρ
1898 4863 2077 4918 πάντα

496 4961 590 5015 τὸν
625 4959 759 5014 Θεὸν
786 4960 1106 5029 θεραπεύει.

2177 4402 2306 4458 sivit
2336 4400 2733 4463 habitaculum,
2774 4398 2826 4453 in
2857 4412 2964 4466 quo
3013 4410 3207 4468 preces
3265 4408 3395 4450 suas
3451 4404 3759 4464 perageret.

2179 4494 2616 4551 Archidiaconus
2644 4506 2772 4546 vero
2794 4489 3155 4562 llypatianus,
3190 4487 3282 4556 qui
3314 4484 3418 4539 fuit
3445 4485 3614 4539 etiam
3646 4482 3760 4554 agri

2179 4587 2455 4651 dominus,
2477 4582 2782 4639 introduxit
2812 4597 2938 4638 eum
2972 4581 3024 4634 in
3057 4592 3223 4633 unum
3247 4592 3312 4631 ex
3331 4577 3447 4632 suis
3470 4573 3758 4630 cubiculis.

2181 4678 2284 4746 Qui
2327 4677 2668 4749 pernoctavit
2701 4675 2811 4730 illic
2853 4675 2906 4729 in
2946 4670 3282 4729 orationibus
3318 4687 3332 4724 :
3362 4679 3570 4724 etcum
3594 4679 3756 4721 mane

2187 4769 2535 4826 accersiisset
2574 4767 3049 4831 archidiaconum,
3077 4762 3215 4817 dixit
3260 4761 3309 4817 ei
3347 4760 3620 4816 :Attende
3640 4756 3769 4821 tibi,

2184 4876 2218 4916 ο
2240 4860 2411 4916 frater
2437 4876 2454 4927 ;
2481 4876 2588 4916 non
2620 4859 2765 4914 enim
2798 4858 3017 4929 ignoras
3058 4856 3371 4926 episcopum
3401 4862 3552 4908 tuum
3593 4850 3765 4905 fuisse

2183 4954 2509 5025 castigatum
2566 4962 2790 5023 prOpter
2840 4948 3153 5005 avaritiam.
3178 4943 3594 5001 Ostenditenim
3629 4941 3760 4997 mihi

497 5058 642 5114 Deus
672 5059 773 5114 hac
818 5066 1000 5122 nocte,
1032 5064 1084 5111 te
1110 5071 1217 5111 non
1252 5052 1440 5109 multis
1469 5053 1811 5123 postdiebus
1870 5051 2112 5108 futurum
2151 5052 2490 5124 episcopum.
2532 5050 2669 5106 Vide
2715 5062 2867 5120 ergo,
2901 5056 2962 5102 ut
2996 5059 3214 5115 semper
3242 5056 3430 5099 curam
3449 5053 3607 5112 geras
3632 5053 3766 5110 pau—

497 5166 711 5224 perum,
745 5151 850 5207 hoc
882 5149 1027 5206 enim
1059 5147 1229 5204 Deum
1262 5149 1445 5217 placat
1473 5162 1638 5219 super
1656 5147 1859 5202 omnia.

573 5243 677 5300 ll".
707 5241 1023 5315 Παρεκάλει
1085 5236 1181 5296 οῦν
1233 5238 1398 5294 αὑτὸν
1449 5240 1478 5293 6
1531 5237 1930 5308 ἀρχιδιάκονος,
1991 5238 2080 5292 ἵνα

501 5336 715 5412 ἀπέλθῃ
735 5338 814 5401 εἰς
852 5337 914 5390 τὸ
942 5334 1129 5404 κτῆμα
1156 5333 1253 5388 καὶ
1275 5331 1576 5400 ἐπεύξηται
1599 5332 1720 5394 ταῖς
1746 5329 1953 5401 χώραις
1982 5330 2083 5384 καὶ

502 5433 625 5495 ταῖς
678 5430 980 5501 ἀμπέλοις
1015 5431 1073 5482 ἐν
1111 5422 1195 5491 οἷς
1243 5423 1503 5481 εἰσελθὼν
1541 5423 1621 5487 εἰς
1652 5421 1782 5494 μίαν
1815 5425 2083 5494 μεγίστην

2256 5236 2390 5295 Xill.
2425 5236 2686 5293 Sanctum
2721 5240 2907 5289 autem
2954 5228 3166 5300 rogavit
3211 5221 3653 5287 archidiaconus,
3708 5232 3767 5274 ιιι

2185 5333 2400 5389 veniret
2433 5330 2486 5386 in
2514 5344 2671 5384 suum
2720 5326 3003 5398 pratdium,
3034 5331 3090 5379 et
3113 5321 3251 5378 bene
3278 5327 3595 5390 precaretur
3622 5318 3769 5386 agris

2186 5432 2242 5480 et
2262 5422 2489 5479 vitibus.
2512 5419 2795 5491 ingressus
2829 5430 2959 5471 vero
2980 5414 3171 5470 beatus
3202 5413 3256 5468 in
3284 5426 3445 5465 unam
3471 5406 3787 5461 maximam!

506 5523 691 5596 χώραν
724 5500 891 5595 μηδὲν
927 5520 1160 5593 ἔχουσαν
1187 5517 1343 5575 εἶπεν
1362 5518 1513 5589 αὐτῷ
1532 5534 1546 5550 υ
1577 5516 1680 5571 Διά
1698 5515 1751 5570 τί
1787 5515 1960 5587 αὐτὴν
1984 5516 2063 5570 οὑι

2189 5518 2489 5589 regionem,
2550 5527 2671 5585 qua:
2728 5510 2863 5568 nihil
2922 5509 3176 5572 habebat,
3207 5500 3610 5596 dix‘iteirtiur
3660 5512 3768 5552 ncn
3854 5532 3860 5536 ~

504 5587 765 5687 ἐσπειρας
789 5587 1068 5686 ⁷μεγίστην
1096 5608 1292 5681 οῦσαν;
1333 5612 1392 5666 '0
1422 5587 1496 5667 6s
1515 5610 1816 5675 σύνδακους
1855 5609 2056 5681 γενόμε

2195 5587 2484 5666 seminasti
2551 5620 2696 5667 eam,
2726 5618 2852 5660 cum
2901 5600 2973 5657 sit
3029 5587 3779 5679 maxima?Architliacon:is

583 5771 765 5831 'Psal.
800 5792 977 5848 csLtv,
1022 5777 1105 5833 19.
