4160 6416
454 347 547 410 136
556 348 589 407 3

1576 304 1859 408 messis
1900 337 2418 403 FEBRUARIUS.

3584 314 3732 381 1366

448 469 628 516 autem
688 473 1017 532 .acrymans,
1049 461 1188 516 dixit
1217 479 1237 516 :~
1263 462 1541 517 Semiusta
1597 461 1814 532 quidem
1863 467 1967 523 est,
1999 470 2032 509 ο

2136 468 2227 515 νος
2280 450 2424 520 ἔφη·
2493 445 2835 513 Ἐσπαρται,
2887 440 3082 512 δέομαί
3143 452 3279 492 σου·
3336 433 3454 490 ἀλλ’
3485 432 3543 488 αἱ
3561 432 3730 532 -ιμαὶ

448 551 588 606 bane
618 567 637 609 ι
667 553 765 607 sed
792 566 910 606 mea
942 563 1162 623 peccata
1191 563 1244 608 et
1276 553 1471 624 pluviae
1499 553 1744 609 defectus
1801 568 1945 617 eam,
1969 563 2028 605 ιιι

447 640 621 708 vides,
681 641 1011 710 exsiccavit.,
1030 642 1173 700 Dicit
1203 644 1250 697 ei
1299 646 1520 699 sanctus
1554 662 1566 698 :
1606 643 1751 710 Quot
1814 642 2026 697 modios

447 734 542 788 tibi
575 735 801 803 prmltttil
828 734 970 791 Deus
997 751 1063 791 ex
1099 739 1201 791 hac
1232 737 1451 807 regione
1473 736 1500 790 ἓ
1526 736 1616 791 lli:
1656 737 1790 791 dixit
1817 754 1830 790 :
1860 735 2027 800 Mille,

449 842 481 879 ο
517 826 678 884 bene.
715 826 946 883 Sanctus
983 840 1165 885 autem
1201 830 1338 883 dixit
1365 830 1414 885 ei
1459 848 1477 885 ;-
1509 827 1584 884 Ne
1633 829 1709 885 sis
1769 828 1966 892 tristis,
1996 842 2030 882 o

449 919 636 973 frater.
665 917 860 974 Omnia
909 929 1038 975 sunt
1101 920 1378 991 possibilia
1405 920 1670 976 credenti.
1714 918 1821 975 Sed
1880 919 2026 973 Deus

450 1010 545 1064 tibi
572 1011 704 1065 dicit
756 1026 853 1082 per
881 1027 973 1067 me
1001 1026 1367 1081 peccatorem,
1406 1015 1549 1085 quod
1588 1017 1634 1068 si
1687 1014 1742 1068 in
1789 1023 2034 1081 tempore

449 1100 655 1155 aestatis
718 1100 955 1155 fructum
995 1101 1089 1171 qui
1145 1117 1209 1158 ex
1257 1103 1359 1157 ltoc
1406 1118 1536 1173 agro
1566 1102 1827 1164 nascitur,
1855 1098 2033 1153 solum

452 1193 690 1257 triveris,
716 1192 962 1249 invenies
991 1194 1133 1249 sicut
1183 1193 1393 1258 dixisti,
1425 1192 1574 1247 mille
1621 1192 1854 1256 modios,
1888 1206 2029 1259 quo-

452 1286 595 1339 niam
623 1285 748 1341 leve
764 1295 849 1342 est
879 1286 933 1341 in
965 1298 1258 1356 conspectu
1283 1286 1491 1339 Domini
1524 1265 1639 1340 haec
1667 1282 1868 1340 facere.
1896 1283 2033 1338 Eum

449 1389 668 1445 quoque
731 1375 1032 1431 introduxit
1068 1376 1121 1431 in
1178 1376 1391 1431 vineam
1440 1390 1634 1431 recens
1682 1375 2028 1447 plantatam:

448 1478 568 1520 erat
599 1478 778 1522 autem
802 1468 1024 1523 omnino
1064 1467 1341 1531 exsiccata
1375 1479 1429 1522 et
1449 1481 1610 1521 exesa
1643 1483 1674 1522 ο
1728 1458 2028 1533 vermibus,

450 1565 673 1626 propter
719 1557 914 1625 pluvia:
959 1566 1255 1628 egestatem
1307 1573 1321 1610 :
1364 1556 1486 1612 erat
1535 1571 1669 1612 vero
1715 1566 1859 1612 totus
1900 1556 2036 1612 satis

448 1647 680 1714 amplus,
714 1658 774 1702 ut
800 1659 1022 1717 caperet
1052 1657 1352 1704 sementem
1388 1651 1664 1719 octoginta
1701 1648 2031 1728 modiorum.

449 1737 646 1794 Beatus
665 1750 844 1794 autem
877 1741 993 1797 sale
1026 1742 1251 1810 injecto,
1275 1752 1441 1798 totam
1472 1744 1636 1799 vitem
1681 1742 2030 1811 conspersit,

2128 540 2398 614 ἁμαρτίαι
2432 538 2528 594 καὶ
2561 539 2594 608 ἡ
2625 534 2862 606 ἀϐροχία
2900 532 3134 604 ταύτην,
3158 530 3235 594 ὡς
3265 528 3420 600 ὁρᾷς,
3447 525 3732 596 ἀπεξήρα-

2128 651 2239 688 νεν.
2272 632 2439 701 Λέγει
2470 628 2621 698 αὑτῷ
2654 629 2683 682 6
2710 628 2865 690 ὅσιος
2885 643 2900 660 ο
2965 625 3178 688 Πόσους
3213 621 3435 694 μοδίους
3462 617 3730 690 παρεῖχέν

2131 742 2214 779 σοι
2243 726 2271 778 6
2299 723 2432 787 Θεὸς
2470 723 2536 775 ὲκ
2574 720 2672 790 τῆς
2707 717 2892 789 χώρας
2915 715 3159 787 ταύτης;
3230 713 3295 767 '0
3324 712 3382 765 δὲ
3412 705 3597 765 εἶπενο
3628 709 3733 762 Χι-

2127 815 2298 880 λίους,
2330 810 2527 881 δέομαί
2560 825 2677 863 σου.
2723 807 2785 860 '0
2814 806 2871 860 δὲ
2902 806 3049 867 ὅσιος
3075 798 3232 856 εἶπεν
3255 800 3436 870 αὐτῷ’
3473 798 3567 870 Μὴ
3596 797 3731 851 ἀθύ-

2134 924 2223 978 μει
2248 921 2263 935 ·
2320 905 2503 959 πάντα
2532 900 2739 956 δυνατὰ
2767 898 2847 970 τῷ
2893 896 3231 951 πιστεύοντι.
3284 893 3436 961 Πλὴν
3457 892 3610 960 λέγει
3642 906 3730 943 σοι

2128 998 2195 1051 δι’
2219 995 2352 1067 ἐμοῦ
2381 994 2477 1049 τοῦ
2513 990 2866 1064 ἀμαρτωλοῦ,
2899 991 2982 1043 ὅτι
3004 990 3062 1041 ὲν
3094 987 3174 1056 τῷ
3200 984 3382 1055 καιρῷ
3408 983 3505 1037 τοῦ
3531 982 3730 1053 θέρους

2129 1089 2222 1143 τὸν
2253 1088 2542 1158 γινόμενον
2566 1084 2780 1157 καρπὸν
2813 1082 2915 1151 τῆς
2947 1082 3133 1153 χώρας
3152 1077 3361 1147 ταύτης
3383 1074 3526 1129 κατά
3553 1073 3729 1141 μόνας

2131 1182 2397 1252 ἀλοήσας,
2431 1180 2714 1250 εὑρήσεις,
2746 1174 2930 1239 καθὼς
2958 1174 3211 1242 εἴρηκας,
3238 1171 3364 1233 τοὺς
3386 1167 3594 1239 χιλίους
3625 1183 3730 1236 μο-

2131 1272 2298 1339 δίους,
2363 1271 2503 1325 διότι
2565 1270 2773 1338 κοῦφον
2827 1266 3064 1321 ἐνώπιον
3107 1262 3247 1318 θεοῦ
3272 1263 3499 1331 ποιῆσαι
3526 1259 3727 1313 ταῦτα.

2133 1367 2440 1437 Είσήγαγεν
2468 1363 2527 1417 δὲ
2556 1361 2722 1416 αὐτὸν
2754 1359 2849 1415 καὶ
2874 1361 2955 1424 είς
2989 1355 3298 1427 ἀμπελῶνα
3328 1354 3612 1423 νεόφυτον,
3633 1352 3732 1404 καὶ
3785 1376 3793 1383 ·

2132 1451 2202 1527 ἦν
2244 1456 2630 1529 ἑξηραμμένος
2682 1451 2803 1516 ὅλος
2855 1450 2954 1504 καὶ
3010 1445 3479 1517 σκωληκόδρωτος
3533 1443 3599 1497 ὲκ
3627 1441 3736 1512 τῆς

2134 1551 2423 1622 ἀϐροχίας.
2475 1543 2586 1601 Ἦν
2630 1544 2688 1599 δὲ
2712 1546 2742 1598 6
2776 1542 2943 1605 τόπος
2980 1539 3168 1603 ἱκανὸς
3194 1538 3271 1602 ὡς
3303 1535 3504 1607 μοδίων
3544 1533 3739 1604 ὁγδοή-

2135 1658 2304 1696 κοντα
2331 1640 2537 1711 σπόρου
2564 1656 2578 1669 ’
2610 1638 2707 1693 καὶ
2726 1633 2987 1707 ἐμϐαλὼν
3016 1632 3154 1696 ἃλας
3184 1630 3528 1703 κατέῥρανεν
3550 1627 3735 1681 πάντα

2134 1725 2240 1787 τὸν
2262 1731 2587 1804 ἀμπελῶνα,
2616 1727 2713 1782 καὶ
2738 1722 2893 1781 εἶπεν
2919 1723 2997 1796 τῷ
3027 1721 3429 1795 ἀρχιδιακόνῳ·
3478 1718 3735 1788 Εὔθυμος

450 1838 507 1884 et
534 1830 672 1886 dixit
699 1804 1095 1891 archidiacono
1121 1852 1134 1888 :
1168 1804 1297 1891 Esto
1315 1835 1455 1890 bono
1480 1834 1665 1889 animo
1698 1851 1712 1888 :
1744 1804 1866 1888 nam
1891 1804 2032 1888 Deus

2136 1826 2249 1890 ἔσο,
2289 1825 2427 1879 διότι
2479 1822 2697 1879 δίδωσίν
2733 1839 2820 1876 σοι
2876 1822 2905 1875 6
2933 1819 3068 1882 Θεὸς
3097 1822 3163 1872 ὲκ
3194 1815 3289 1871 τοῦ
3341 1816 3510 1869 τόπου
3538 1813 3736 1866 τούτου

447 1923 541 1976 dat
575 1922 669 1976 tibi
697 1937 763 1978 ex
792 1923 899 1979 hoc
925 1923 1045 1982 loco
1100 1925 1234 1979 satis
1299 1939 1548 1995 magnam
1575 1922 2029 1989 benedictionem,

448 2015 593 2069 sicut
611 2014 659 2069 ei
678 2016 872 2084 placet.
897 2015 1035 2070 Cum
1062 2031 1190 2072 vero
1210 2018 1441 2088 ingressi
1465 2027 1647 2073 essent
1663 2018 1715 2070 in
1737 2016 2031 2082 civitatem,

447 2106 547 2159 ivit
584 2106 653 2162 ad
685 2109 1023 2180 episcopum,
1056 2118 1116 2165 ut
1139 2111 1190 2166 ei
1233 2109 1588 2176 valediceret,
1617 2120 1674 2166 et
1725 2111 2028 2179 navigaret.

444 2196 544 2254 ille
570 2209 751 2255 autem
779 2201 828 2257 ei
855 2205 1123 2274 processit
1158 2204 1397 2269 obviam,
1427 2214 1483 2259 et
1513 2218 1637 2260 eum
1671 2213 1755 2259 est
1780 2203 2025 2272 comple-

448 2308 569 2349 xus.
596 2292 638 2349 li
664 2309 795 2350 vero
813 2312 934 2350 cum
955 2297 1311 2362 assedissent,
1332 2304 1552 2353 sanctus
1579 2297 1711 2352 dixit
1735 2297 1989 2367 episcopo
2016 2313 2029 2350 :

445 2383 729 2438 Annuntio
754 2383 872 2450 tibi,
900 2399 934 2440 ο
959 2386 1197 2452 domine,
1228 2386 1371 2456 quod
1406 2392 1529 2455 post
1557 2399 1662 2440 non
1705 2385 1904 2441 multos
1933 2385 2034 2439 bos

447 2472 569 2526 dies
588 2475 823 2529 excedes
876 2489 906 2528 e
928 2489 1181 2544 corpore,
1212 2485 1267 2528 et
1307 2474 1571 2545 migrabis
1602 2474 1668 2528 ad
1719 2473 2030 2529 Dominum.

449 2563 590 2620 Ecce
611 2566 755 2619 enim
783 2567 1035 2623 Christus
1065 2578 1117 2623 te
1147 2568 1425 2634 accersiit,
1457 2567 1551 2637 qui
1589 2576 1671 2621 est
1699 2581 1863 2621 verus
1893 2566 2035 2622 Deus

447 2667 658 2723 noster,
690 2665 745 2713 et
781 2658 980 2712 bonum
1027 2674 1403 2715 successorem
1440 2659 1736 2729 relinques,
1785 2666 1845 2713 ut
1899 2658 2031 2713 mihi

444 2751 710 2805 revelavit
769 2752 1050 2817 Dominus,
1108 2752 1392 2808 dominum
1444 2751 1832 2822 Hypatianum,
1883 2760 2032 2806 tuum

392 2830 399 2838 “
447 2841 913 2898 arcltidiaconum.
955 2843 1100 2898 Dixit
1123 2845 1452 2912 episc0pus:
1496 2843 1617 2898 Fiat
1647 2844 1897 2897 voluntas
1927 2842 2027 2896 Do-

442 2932 602 2986 mini.
638 2931 703 2987 Et
739 2948 862 2988 cum
901 2949 961 2989 se
998 2935 1228 2990 invicem
1258 2935 1486 2990 osculati
1542 2944 1725 2989 essent
1765 2934 1818 2988 in
1844 2933 2033 2989 osculo

440 3032 659 3090 sancto,
695 3025 956 3082 Heraclea
1008 3038 1231 3083 sanctus
1279 3027 1557 3098 navigavit
1603 3024 1951 3093 Parthenius,
1979 3035 2035 3080 et

447 3119 593 3173 venit
619 3119 674 3173 in
710 3133 861 3173 suam
891 3119 1168 3175 civitatem
1218 3117 1615 3190 Lampsacum,

520 3208 660 3267 XIV.
691 3210 902 3264 Accidit
962 3222 1144 3265 autem
1201 3225 1306 3266 non
1364 3211 1548 3267 multis
1576 3220 1700 3281 post
1731 3211 1943 3275 diebus,
1976 3220 2035 3264 ut

450 3303 640 3358 morbo
697 3312 982 3372 correptus
1043 3301 1318 3358 Heracleae
1362 3304 1673 3373 cpiscopus,
1706 3304 1759 3358 in
1812 3303 2035 3358 Christo

449 3397 841 3466 requiesceret.
871 3393 978 3449 Pro
1002 3395 1119 3466 ipso
1144 3410 1275 3449 vero
1304 3394 1484 3450 factus
1507 3403 1593 3450 est
1614 3397 1901 3464 episcopus
1932 3397 2032 3450 do-

451 3489 634 3543 minus
688 3484 1026 3559 llypatianus
1074 3486 1511 3550 archidiaconus,
1544 3487 1935 3542 convenienter
1983 3486 2033 3542 ei

451 3581 597 3650 quod
635 3579 851 3634 dixerat
880 3593 1070 3633 servus
1094 3577 1188 3633 Dei
1218 3575 1565 3634 Parthenius.
1600 3578 1734 3633 Cum
1764 3589 1907 3633 esset
1935 3595 2032 3633 au-

453 3684 558 3728 tem
585 3683 770 3736 aestas,
802 3685 1053 3739 egressus
1075 3670 1369 3740 episcopus
1394 3668 1735 3743 Hypatianus
1759 3671 1810 3724 in
1840 3684 2032 3740 agrum

449 3778 608 3819 suum
646 3762 713 3816 ad
747 3760 1078 3830 colligendos
1131 3759 1340 3815 fructus
1395 3771 1577 3826 terrae,
1608 3771 1663 3815 et
1719 3761 2033 3816 metendum

450 3855 505 3910 id
528 3852 679 3924 ‘quod
707 3863 825 3909 erat
844 3861 1027 3907 natum
1054 3866 1118 3907 ex
1145 3852 1421 3907 exsiccata
1444 3862 1499 3907 et
1518 3853 1768 3924 squalida
1792 3855 2033 3924 regione,

451 3946 661 4001 invenit
692 3945 836 4000 mille
864 3945 1076 4000 modios
1091 3943 1281 4013 plenos
1311 3945 1610 4016 frumento,
1641 3947 2037 4004 convenienter

447 4040 618 4097 verbo
649 4040 791 4096 servi
839 4039 934 4095 Dei
986 4038 1291 4097 Parthenii.
1321 4038 1586 4095 Similiter
1621 4054 1749 4096 vero
1799 4041 1854 4096 in
1895 4051 2037 4098 tem-

451 4149 583 4204 pore
602 4148 818 4204 quoque
857 4131 1271 4198 vindemiarum,
1298 4147 1364 4186 ex
1426 4131 1761 4200 plantatione
1791 4135 2039 4189 exsicca-

451 4236 634 4281 tarum
664 4224 950 4279 vinearum
976 4220 1120 4277 Deus
1150 4223 1300 4277 dedit
1331 4238 1581 4294 magnam
1611 4224 1722 4278 vini
1761 4226 2037 4294 quantita-

452 4328 585 4372 tem.
608 4316 711 4385 Qui
747 4331 871 4371 cum
903 4315 1241 4385 experientia
1276 4319 1578 4387 accepisset
1608 4329 1865 4373 eventum
1895 4320 2032 4390 ejus,

450 4412 593 4481 quod
629 4419 852 4466 sanctus
883 4411 1231 4479 przedixerat,
1269 4410 1541 4465 decimam
1573 4410 1848 4467 fructuum
1884 4422 2038 4468 utro-

2138 1915 2327 1989 ἱκανὴν
2368 1915 2624 1985 εὐλογίαν
2649 1914 2793 1968 κατά
2826 1912 2890 1965 τὸ
2925 1908 3078 1981 αὑτῷ
3123 1907 3381 1980 ἀρεστόν.
3408 1905 3521 1960 Καὶ
3551 1903 3734 1958 είσελ·

2135 2008 2338 2063 θόντων
2367 2008 2448 2072 εἰς
2491 2008 2591 2079 τὴν
2652 2006 2830 2071 πόλιν,
2868 2002 3069 2074 ἀνῆλθε
3117 2000 3257 2068 πρὸς
3288 1999 3381 2051 τδν
3432 1996 3739 2050 ἐπίσκοπον

2137 2102 2507 2169 συντάξασθαι
2536 2100 2687 2172 αὐτῷ
2710 2101 2807 2153 καὶ
2831 2095 3205 2153 ἀποπλεῦσαι.
3246 2094 3306 2146 '0
3335 2093 3393 2146 δὲ
3417 2092 3737 2173 ὑπήντησεν

2134 2195 2311 2264 αὐτῷ,
2365 2196 2459 2251 καί¹
2528 2191 2955 2264 περιεπτύξατο.
3016 2188 3381 2242 Καθισάντων
3437 2184 3495 2238 δὲ
3527 2183 3736 2249 αὐτῶν,

2134 2287 2347 2345 εἷπενό
2398 2290 2548 2352 ὅσιος
2595 2285 2677 2355 τῷ
2737 2281 3073 2351 ὲπισκόπῳ·
3130 2274 3575 2348 Εὐαγγελίζομαί
3625 2291 3733 2341 σοι,

2134 2383 2266 2455 κύρι
2315 2384 2346 2436 6
2381 2381 2578 2452 μέγας,
2612 2380 2696 2433 ὅτι
2734 2378 2798 2432 ού
2836 2376 2977 2449 μετά
3011 2373 3215 2437 πολλὰς
3246 2369 3455 2434 ταύτας
3512 2369 3734 2439 ἡμέρας

2134 2476 2396 2547 ἐκδημεῖς
2445 2475 2512 2526 ὲκ
2564 2470 2663 2527 τοῦ
2708 2468 2985 2540 σώματος,
3045 2467 3142 2520 καὶ
3189 2464 3446 2533 ὲνδημεῖς
3479 2461 3618 2533 πρὸς
3639 2458 3741 2515 τὸν

2133 2568 2365 2639 Κύριον.
2410 2564 2542 2619 Ἰδοὺ
2578 2562 2692 2633 γάρ
2749 2557 3167 2633 προσκέκληταί
3198 2573 3260 2610 σε
3296 2556 3393 2609 καὶ
3424 2553 3594 2609 καλὸν
3619 2552 3740 2606 διὰ-

2132 2661 2287 2732 δοχον
2342 2655 2708 2727 καταλείπῃς,
2741 2654 2818 2718 ὡς
2862 2650 3217 2731 ἀπεκάλρψέν
3255 2665 3347 2720 μοι
3374 2650 3404 2702 6
3431 2648 3589 2712 θεὸς,
3639 2646 3739 2701 τὸν

2134 2752 2296 2823 κύριν
2334 2748 2671 2803 ’Υπατιανδν
2718 2746 2810 2800 τὸν
2838 2743 3224 2816 ἀρχιδιάκονόν
3258 2757 3374 2795 σου.
3419 2739 3479 2793 Ὁ
3511 2740 3570 2793 δὲ
3608 2738 3738 2794 ὲπί-

2137 2859 2341 2906 σκοπος
2391 2840 2532 2912 ἔφη·
2571 2839 2644 2895 Τὸ
2695 2838 2908 2910 θέλημα
2935 2836 3032 2892 τοῦ
3069 2833 3277 2906 Κυρίου
3303 2831 3552 2902 γενέσθω
3584 2848 3601 2862 ’
3637 2833 3741 2885 καὶ

2135 2936 2518 3008 ἀσπασάμενοι
2585 2932 2851 3005 ἀλλήλους
2921 2933 2981 2986 ὲν
3041 2924 3314 3000 φιλήματι
3366 2925 3508 2996 ἁγίῳ
3558 2923 3742 2989 οὕτως

2135 3033 2480 3086 ἀπέπλευσεν
2519 3032 2546 3085 6
2597 3031 2742 3094 ὅσιος
2801 3026 2910 3082 ἀπὸ
2952 3023 3284 3099 Ἡρακλείας
3332 3021 3431 3076 καὶ
3461 3021 3739 3076 κατέλαϐε

2134 3123 2234 3195 τὴν
2264 3123 2405 3177 ἰδίαν
2436 3122 2593 3177 πόλιν
2624 3121 2978 3191 Λαμψάκων.

2209 3217 2308 3270 ῐΔ’.
2362 3216 2615 3285 Ἐγένετο
2667 3214 2726 3269 δὲ
2792 3211 2912 3282 μετ’
2968 3213 3031 3267 οὐ
3067 3213 3275 3276 πολλὰς
3328 3209 3564 3283 ἡμέρας,
3595 3208 3745 3280 νόσῳ

2134 3307 2362 3378 ληφθεὶς
2385 3309 2413 3361 6
2435 3308 2736 3372 ἐπίσκοπος
2774 3306 3108 3376 Ἡρακλείας
3133 3304 3488 3359 ἀνεπαύσατο
3517 3304 3575 3357 ὲν
3603 3302 3744 3373 Χριφ

2136 3401 2271 3470 στῷ,
2336 3400 2431 3454 καὶ
2487 3400 2707 3469 ἐγένετο
2759 3399 2878 3452 ἀντ’
2935 3398 3106 3452 αὐτοῦ
3143 3397 3446 3460 ἐπίσκοπος
3479 3396 3509 3448 6
3567 3393 3735 3463 κύρις

2146 3490 2477 3554 Ὑπατιανδς
2501 3493 2529 3544 6
2556 3490 2937 3561 ἀρχιδι-ἀκονος
2961 3491 3108 3543 κατά
3141 3489 3236 3543 τὸν
3265 3488 3425 3556 λόγον
3450 3488 3545 3541 τοῦ
3568 3485 3741 3558 θερά-

2136 3602 2330 3649 ποντος
2355 3583 2448 3639 τοῦ
2482 3583 2618 3638 Θεοῦ
2667 3582 3003 3653 Παρθενίου.
3083 3583 3464 3651 ’Λκμάσαντος
3501 3579 3595 3635 τοῦ
3647 3579 3743 3634 θέο

2137 3694 2284 3749 ρους,
2318 3674 2555 3741 ἐξελθὼν
2588 3676 2616 3728 6
2637 3674 2940 3738 ἐπίσκοπος
2977 3672 3313 3737 Ὑπατιανὸς
3341 3674 3422 3735 είς
3449 3672 3542 3726 τὸν
3566 3670 3743 3741 ἀγρὸν

2134 3770 2302 3825 αὐτοῦ
2337 3770 2430 3823 ἐπὶ
2466 3771 2529 3822 τὸ
2584 3769 2813 3836 συνάξαι
2853 3769 2982 3831 τοὺς
3043 3767 3295 3838 καρποὺς
3344 3767 3446 3836 τῆς
3502 3766 3606 3836 γῆς
3639 3765 3743 3820 καὶ

2137 3863 2365 3933 ἀλοῆσαι
2417 3861 2479 3914 τὸ
2527 3861 2779 3930 γέννημα
2804 3860 2908 3928 τῆς
2939 3859 3126 3929 χώρας
3155 3858 3256 3929 τῆς
3315 3856 3741 3928 ἐξηραμμένης.

2135 3950 2451 4027 εὗρεντοὺς
2470 3953 2682 4023 χιλίους
2710 3951 2928 4023 μοδίους
2963 3950 3060 4004 τοῦ
3115 3949 3266 4003 σίτου
3329 3950 3563 4021 πλήρεις
3594 3948 3746 4002 κατά

2134 4046 2198 4100 τδ
2227 4045 2382 4118 ῥῆμα
2417 4046 2513 4098 τοῦ
2543 4045 2736 4099 δούλου
2758 4043 2855 4097 τού
2888 4043 3026 4096 Θεοῦ
3082 4043 3411 4115 Παρθενίου.
3457 4041 3745 4106 Ὡσαύτως

2136 4134 2194 4190 δὲ
2220 4136 2314 4189 καὶ
2344 4139 2403 4190 ὲν
2432 4135 2510 4208 τῷ
2536 4134 2721 4206 καιρῷ
2745 4136 2842 4207 τῆς
2875 4134 3089 4206 τρύγης
3120 4135 3186 4186 ἐκ
3219 4134 3324 4204 τῆς
3354 4133 3583 4202 φυτείας
3628 4134 3746 4187 τῶν

2138 4227 2520 4300 Εηρανθέντων
2585 4226 2852 4297 ἀμπέλων
2896 4225 3034 4280 πολὺ
3086 4224 3295 4294 πλῆθος
3327 4225 3476 4280 οῐνου
3525 4229 3554 4281 6
3602 4225 3743 4290 Θεὸς

2136 4319 2452 4391 ἐδωρήσατο
2472 4338 2487 4352 ο
2509 4319 2567 4380 ὃς
2586 4321 2654 4389 τῇ
2682 4318 2772 4370 πεί
2780 4334 2850 4389 ρᾳ
2870 4314 3232 4387 παρειληφὼς
3251 4316 3354 4386 τῆς
3377 4319 3743 4390 προρρήσεως

2137 4411 2233 4464 τοῦ
2265 4411 2415 4466 ὁσίου
2444 4411 2544 4482 τὴν
2574 4409 2825 4475 ἔκὸασιν,
2861 4410 3196 4480 ἀμφοτέρων
3221 4410 3334 4464 τῶν
3373 4411 3608 4483 καρπῶν
3638 4412 3743 4475 τὰς

453 4517 704 4572 rumque,
737 4517 933 4573 nempe
982 4512 1090 4557 tam
1144 4502 1420 4557 aridorum
1453 4518 1618 4573 quam
1668 4503 2032 4571 ltumidorum,

2144 4504 2378 4568 δεκάτας
2407 4508 2508 4576 τῆς
2531 4522 2593 4558 τε
2632 4504 2804 4577 ξηρᾶς
2835 4506 2928 4559 καὶ
2958 4504 3135 4577 ὑγρᾶς
3160 4503 3419 4577 ἐμϐαλὼν
3449 4509 3508 4559 ὲν
3542 4505 3741 4576 πλοίῳ,

454 4599 577 4652 navi
611 4597 922 4666 impositam
951 4596 1104 4651 duxit
1134 4594 1492 4666 Lampsacum
1511 4639 1526 4664 ,
1568 4606 1627 4651 ut
1648 4607 1841 4652 sancto
1871 4595 2037 4652 οσον-

456 4700 558 4757 ret,
586 4689 854 4744 maximas
887 4689 935 4743 ei
995 4702 1162 4757 agens
1206 4688 1429 4757 gratias.
1481 4689 1575 4744 Ille
1638 4701 1818 4745 autem
1864 4688 2040 4743 noluit

455 4783 724 4850 accipere.
755 4781 944 4835 dicens
974 4781 1195 4834 domino
1221 4777 1531 4852 Hypatiano
1583 4782 1844 4852 episcopo
1879 4799 1893 4835 :
1926 4781 2037 4837 Deo

454 4890 625 4943 agens
654 4874 860 4945 gratias
889 4877 940 4927 in
980 4875 1255 4941 omnibus,
1281 4888 1376 4929 eas
1398 4874 1661 4929 distribuc
1689 4875 1894 4930 nostris
1926 4873 2037 4928 l‘ra-

456 4968 649 5032 tribus,
680 4976 734 5022 et
763 4981 888 5021 cum
919 4981 979 5019 se
1005 4965 1235 5020 invicem
1277 4966 1634 5031 salutassent,
1669 4980 1925 5023 reversus
1954 4977 2037 5022 est

451 5069 677 5114 sanctus
717 5058 1009 5128 episcopus
1042 5054 1386 5123 Heracleam,
1417 5058 1767 5113 etdistribuit
1793 5058 2036 5113 frumen-

371 5190 375 5194 -
456 5166 565 5207 tum
607 5161 660 5207 et
684 5151 869 5206 vinum
895 5153 1011 5206 suis
1047 5150 1331 5217 fratribus,
1375 5150 1690 5219 utjusserat
1718 5152 1880 5207 homo
1912 5151 2030 5207 Dei.

452 5246 753 5316 Episcopus
811 5260 940 5315 ergo
998 5235 1335 5316 Hypatianus
1373 5259 1477 5298 non
1515 5244 1743 5299 cessavit
1770 5259 1940 5315 usque
1966 5245 2035 5301 ad

352 5384 361 5393 κ
454 5340 613 5391 tinem
656 5337 792 5403 vitm,
824 5333 1059 5392 narrare
1087 5337 1339 5392 omnibus
1366 5335 1459 5392 Dei
1493 5338 1759 5407 magnalia
1788 5352 1909 5408 qua:
1938 5338 1990 5392 l'e
2010 5365 2034 5378 -

453 5434 530 5484 ι’ἱι
563 5446 684 5485 cum
719 5430 836 5499 ipso
872 5445 968 5499 per
996 5444 1214 5485 servum
1252 5445 1408 5484 suum
1440 5426 1814 5485 Parthenium.

523 5518 639 5575 XV.
658 5520 790 5574 Cum
809 5534 938 5590 ergo
964 5519 1017 5573 in
1037 5520 1137 5574 hac
1154 5519 1238 5587 pia
1257 5529 1311 5573 et
1334 5519 1571 5587 angelica
1594 5522 1703 5575 vita
1727 5521 2036 5578 remisisset

453 5618 507 5669 in
554 5622 699 5668 terra
758 5612 853 5666 Dei
888 5627 1080 5667 servus
1111 5622 1165 5666 ct
1190 5613 1276 5666 vir
1318 5614 1661 5669 venerandus
1684 5612 2031 5681 Parthenius,

452 5715 504 5759 et
539 5705 736 5761 multos
763 5704 1125 5763 convertisset
1152 5720 1181 5759 a
1211 5705 1519 5762 simulacris
1540 5705 1607 5761 ad
1629 5706 1796 5763 Deum
1837 5707 2032 5774 virum,

458 5794 684 5863 perinde
714 5810 777 5852 ac
802 5796 991 5852 morbo
1020 5807 1288 5868 arreptus,
1319 5786 1346 5856 ἁ
1393 5799 1501 5856 Deo
1538 5810 1784 5869 vocatus,
1820 5801 2037 5871 rcquic-

2143 4599 2431 4667 ἀπήγαγεν
2470 4598 2530 4650 ἐν
2584 4597 2879 4667 Λαμψάκῳ
2913 4600 3236 4670 προσφορᾶς
3264 4599 3429 4669 χάριν
3453 4598 3532 4669 τῷ
3579 4598 3739 4670 ὁσίῳ.

2153 4688 2212 4744 '0
2243 4690 2299 4744 δὲ
2324 4689 2424 4742 οὐκ
2444 4689 2612 4762 ἥλατο
2631 4687 2888 4753 δέξασθαι
2916 4689 3089 4743 εἰπὼν
3117 4688 3196 4761 τῷ
3219 4688 3377 4760 κυρῷ
3419 4687 3742 4760 ’Υπατιανῷ

2140 4780 2218 4853 τῷ
2287 4782 2607 4853 ὲπισκόπῳ·
2636 4781 2996 4852 Εὐχαριστῶν
3046 4781 3126 4852 τῷ
3188 4782 3381 4853 Κυρίῳ
3441 4784 3501 4834 ἐν
3530 4781 3741 4845 πᾶσιν,

2138 4875 2317 4938 διάδος
2356 4876 2495 4929 αὐτά
2521 4877 2634 4936 τοῖς
2681 4872 2933 4942 ἀδελφοῖς
2964 4891 2979 4904 ·
3016 4875 3110 4927 καὶ
3154 4875 3539 4945 ἀσπασάμενοι
3572 4874 3742 4944 ἀλλής

2138 4971 2284 5035 λους,
2315 4967 2658 5039 ὑπέστρεζλεν
2703 4968 2732 5018 ὁ
2762 4967 3066 5031 ἐπίσκοπος
3089 4969 3147 5021 ὲν
3194 4965 3501 5038 Ἡρακλεία
3539 4969 3606 5037 τῇ
3639 4967 3742 5020 1:6-

2139 5064 2245 5128 λει,
2301 5063 2397 5116 καὶ
2427 5061 2651 5116 διέδωκε
2701 5060 2794 5114 τὸν
2831 5062 2978 5114 σῖτον
3007 5060 3103 5115 καὶ
3131 5061 3226 5113 τὸν
3261 5055 3405 5113 οἶνον
3433 5061 3547 5122 τοῖς
3576 5060 3740 5113 ἀδελ-υ

2141 5155 2263 5223 φοῐς
2309 5153 2451 5206 κατὰ
2479 5153 2577 5222 τὴν
2623 5152 2876 5206 κέλευσιν
2903 5151 3002 5205 τοῦ
3033 5150 3323 5223 ἀνθρώπου
3349 5151 3444 5205 τοῦ
3467 5151 3625 5205 θεοῦ.
3674 5151 3737 5205 ὐ

2139 5242 2234 5300 οὖν
2288 5245 2589 5307 ἐπίσκοπος
2637 5244 2967 5308 ’λ”πατιανὸς
3021 5246 3125 5299 οὐκ
3179 5245 3420 5298 ἐπαύετο
3478 5246 3607 5315 ἄχρι
3637 5247 3737 5312 τῆς

2140 5339 2286 5409 ζωῆς
2316 5336 2480 5391 αὑτοῦ
2512 5339 2649 5391 πᾶσι
2673 5335 3033 5408 διηγούμενος
3056 5338 3127 5390 τά
3153 5338 3419 5408 μεγαλεῖα
3452 5338 3547 5393 τοῦ
3573 5339 3735 5405 Θεοῦ,

2137 5432 2176 5487 ἃ
2205 5432 2462 5503 ἐποίησεν
2500 5430 2618 5501 μετ’
2658 5430 2825 5483 αὐτοῦ
2853 5429 3177 5500 Παρθενίου.

2212 5523 2315 5580 1Ε¹.
2361 5523 2450 5577 ἰοἰν
2485 5523 2661 5595 ταύτῃ
2705 5525 2773 5594 τῇ
2807 5523 3079 5595 ἀγγελικῇ
3122 5523 3369 5596 πολιτείᾳ
3417 5522 3737 5594 διαλάμᾷας

2140 5617 2234 5672 ἐπὶ
2265 5617 2368 5688 γῆς
2401 5618 2497 5670 καὶ
2520 5616 2751 5680 πολλοὺς
2779 5616 3120 5687 ἐπιστρέψας
3151 5618 3220 5671 ὲκ·
3238 5617 3351 5670 τῶν
3377 5616 3614 5671 είδὼλων
3636 5618 3735 5671 ἐπὶ

2142 5710 2233 5764 τον
2270 5707 2529 5781 ἀληθινὸν
2560 5708 2694 5762 Θεὸν
2750 5706 2844 5761 τὸν
2880 5707 3063 5772 ζῶντα
3104 5708 3201 5762 καὶ
3246 5706 3438 5781 ὥσπερ
3465 5708 3606 5781 νόσῳ
3633 5708 3735 5776 λη-

2145 5802 2322 5873 φθεὶς,
2360 5799 2581 5872 κληθεὶς
2622 5800 2727 5855 ὑπὸ
2747 5799 2842 5855 τοῦ
2875 5798 3011 5855 Θεοῦ
3044 5801 3391 5860 ἀνεπαύσατο
3431 5805 3490 5860 ὲν
3515 5800 3729 5877 εἰρήνῃ.
