4160 6470
481 353 619 418 1365

1710 353 1889 415 VITA
1923 353 1986 415 S.
2022 354 2470 419 NICEPHORI.
2516 380 2523 385 ·

3597 352 3734 423 1366

443 490 462 509 .
484 461 545 515 '0
569 461 663 515 οὖν
687 458 990 523 ἐπίσκοπος
1026 460 1053 513 ὁ
1083 459 1421 532 προρῤηθεὶς
1467 458 1796 522 Ὑπατιανὺς
1823 460 2066 525 ἀκούσας

2172 466 2249 518 vit
2287 465 2341 519 in
2373 479 2527 535 pace.
2561 462 2857 519 Przedictus
2885 476 3016 532 ergo
3064 460 3407 534 llypatianus
3458 461 3748 534 episcOpus

471 549 569 604 τοῦ
594 548 842 618 ἀοιδίμου
866 550 924 603 ὲν
961 548 1187 620 Χριστῷ
1213 551 1312 620 τὴν
1347 548 1702 618 μετάστασιν,
1736 549 2061 603 καταλιπὼν

471 644 543 697 τὰ
588 645 646 699 ὲν
699 643 910 715 χερσὶν,
943 644 1165 714 ἀπάρας
1210 645 1275 697 ὲκ
1307 643 1410 713 τῆς
1456 642 1665 706 πόλεως
1705 643 2061 714 Ἡρακλείας,

475 737 642 809 οὐρίῳ
703 737 1004 808 πνεύματι,
1065 738 1159 791 τοῦ
1199 737 1336 791 Θεοῦ
1397 736 1779 805 κελεύσαντος,
1824 740 1892 809 τῇ
1926 738 2064 809 αὐτῇ

474 832 632 883 νυκτὶ
667 828 1081 899 καταλαμϐάνει
1112 828 1214 900 τὴν
1243 828 1570 899 Λάμψακον.
1609 830 1885 893 Ὡσαύτως
1918 829 2018 884 καὶ
2040 831 2068 883 ό

476 919 720 984 Κυζίκου
745 919 1188 989 ἀρχιεπίσκοπος
1220 920 1314 974 καὶ
1358 922 1388 973 ὁ
1423 918 1663 974 Μελίτου
1691 920 1902 983 πόλεως
1931 922 1991 973 ὲν

478 1013 574 1064 καὶ
606 1010 905 1080 ἐγεννήθη,
940 1010 1038 1064 καὶ
1059 1013 1086 1064 ὁ
1119 1011 1324 1080 Παρίου
1352 1009 1651 1074 Εὐστάθιος
1679 1011 1774 1064 καὶ
1813 1011 1863 1063 οἱ
1892 1011 2071 1064 λοιποὶ

473 1102 586 1155 τῶν
629 1099 793 1172 πέριξ
857 1101 1090 1167 πόλεων,
1140 1103 1232 1157 καὶ
1291 1101 1464 1165 οὕτως
1521 1101 1659 1173 μετὰ
1704 1100 1939 1171 ψαλμῶν
1975 1102 2070 1155 καὶ

478 1194 668 1265 ὓμνων
730 1193 1024 1247 κατέθεντο
1072 1193 1237 1248 αὑτὸν
1281 1192 1513 1263 πλησίον
1544 1193 1646 1263 τῆς
1680 1192 1975 1264 ἐκκλησίας
2009 1195 2069 1248 ὲν

476 1287 556 1359 τῷ
591 1285 903 1358 εὐκτηρίῳ,
950 1286 979 1339 ὃ
1034 1287 1197 1350 αὐτὸς
1254 1285 1630 1356 ᾠκοδόμησεν.
1672 1284 2000 1355 Ἐτελειώθη
2040 1288 2069 1340 ὁ

478 1378 741 1447 θεράπων
771 1376 866 1430 τοῦ
905 1376 1041 1431 Θεοῦ
1075 1376 1376 1448 Παρθένιος
1409 1375 1555 1431 κατά
1594 1376 1908 1448 Ῥωμαίους
1935 1378 2068 1451 μηνὶ

476 1465 830 1538 Φεϐρουαρίῳ
858 1472 935 1532 ς’,
974 1466 1117 1521 κατὰ
1142 1466 1199 1520 δὲ
1241 1467 1529 1530 Ἀσιανοὺς
1580 1469 2069 1541 πεντεκαιδεκάτῃ,

476 1559 784 1628 διδάγματα
810 1558 870 1612 οὐ
900 1558 1074 1630 μικρὰ
1095 1557 1429 1627 καταλείψας
1446 1560 1579 1630 ἡμῖν
1606 1558 1696 1614 διὰ
1719 1559 1821 1630 τῆς
1850 1562 2070 1625 τελείας

2166 570 2289 610 cum
2335 555 2631 610 audivisset
2687 553 2946 625 inclytum
3000 561 3056 608 et
3112 551 3480 607 venerandum
3533 549 3747 609 Patrem

2166 655 2411 703 nostrum
2437 645 2790 702 Parthenium
2832 646 2898 699 ad
2925 643 3200 700 Christum
3227 645 3510 714 migrasse,
3542 644 3751 700 relictis

2167 737 2420 792 omnibus
2442 752 2563 807 quin
2591 737 2825 792 habebat
2856 737 2909 792 in
2960 736 3236 801 manibus,
3270 736 3488 792 solvens
3511 750 3578 791 ex
3611 735 3739 791 civi-

2169 838 2281 884 tate
2310 827 2598 895 Heraclea,
2625 828 2866 884 secundo
2896 837 3059 884 vento
3109 842 3235 884 cum
3270 827 3418 883 Deus
3472 825 3750 894 iussisset,

2169 922 2356 978 eadem
2390 931 2549 979 nocte
2574 921 2824 993 pervenit
2860 919 3248 992 Lampsacum.
3283 920 3546 991 Similiter
3583 919 3751 975 etiam

2168 1015 2353 1086 Cyzici
2384 1016 2697 1086 episcopus,
2731 1024 2787 1071 et
2805 1015 3098 1085 episcopus
3128 1013 3319 1079 Meliti,
3352 1013 3406 1069 in
3438 1029 3544 1084 qua
3578 1012 3754 1069 fuerat

2171 1115 2354 1169 natus,
2386 1114 2441 1160 et
2475 1103 2621 1159 Parii
2665 1104 2951 1174 episcopus
2979 1102 3198 1158 nomine
3214 1103 3561 1167 Eustachius,
3590 1111 3645 1159 et
3663 1117 3755 1159 re-

2170 1195 2303 1267 liqui
2337 1210 2403 1251 ex
2437 1195 2751 1252 civitatibus
2773 1210 2893 1266 qum
2928 1202 3087 1252 erant
3136 1194 3518 1252 circumcirca.
3552 1191 3754 1265 Sicque

2170 1304 2294 1345 cum
2328 1289 2553 1358 psalmis
2586 1297 2644 1343 et
2673 1287 2892 1359 hymnis
2913 1295 2968 1342 et
3008 1286 3345 1357 spiritalibus
3380 1284 3609 1342 canticis
3660 1286 3755 1341 de-

2171 1391 2467 1453 posuerunt
2490 1395 2613 1436 eum
2635 1393 2802 1451 prope
2818 1378 3106 1436 ecclesiam
3128 1379 3184 1434 in
3205 1379 3456 1434 oratorio
3478 1377 3623 1450 quod
3637 1378 3755 1448 ipso

2172 1472 2482 1529 :edilicavit.
2530 1462 2767 1528 Dormiit
2809 1480 2994 1542 autem
3053 1479 3274 1527 sanctus
3317 1470 3523 1527 Christi
3566 1482 3757 1526 servus

2171 1562 2497 1619 Parthenius
2557 1563 2790 1632 septimo
2829 1562 3034 1618 mensis
3082 1561 3392 1626 Februarii,
3446 1576 3552 1616 non
3586 1573 3756 1631 parva

476 1653 559 1716 είς
589 1653 681 1705 τὸν
711 1651 848 1707 Θεὸν
907 1652 1003 1706 καὶ
1058 1649 1313 1715 ἀκλινοῦς
1347 1651 1588 1715 πίστεως
1641 1651 1834 1719 αὐτοῦ,
1864 1652 1924 1718 ὃς
1972 1654 2067 1708 καὶ

2172 1652 2335 1708 nobis
2363 1652 2554 1708 relicta
2582 1654 2831 1709 doctrina
2858 1668 2957 1725 per
2984 1652 3280 1724 perfectam
3319 1660 3375 1709 et
3422 1650 3752 1708 immobilem

481 1744 623 1813 μετὰ
674 1743 829 1807 τέλος
885 1746 951 1815 τῇ
989 1744 1128 1814 πρὸς
1185 1744 1280 1798 τὸν
1333 1743 1469 1797 Θεὸν
1516 1744 1698 1815 ἱκεσίᾳ
1749 1744 1849 1799 οὐκ
1870 1746 2067 1816 ¹ιιρεμεῖ

2175 1741 2293 1811 ejus
2320 1744 2373 1797 in
2400 1742 2566 1799 Deum
2604 1743 2788 1800 fidem.
2821 1743 2924 1812 Qui
2967 1745 3133 1798 etiam
3186 1749 3309 1812 post
3336 1741 3618 1798 decessum
3656 1753 3755 1795 sua

480 1813 949 1907 Oauparoupydw,
1016 1813 1281 1906 δαίμονας
1346 1813 1684 1889 ἀπελαύνων
1724 1836 1821 1890 καὶ
1876 1813 2066 1892 στᾶσαν

2175 1835 2245 1891 ad
2277 1835 2446 1891 Deum
2475 1835 2877 1907 supplicatione
2906 1850 3013 1891 non
3051 1842 3230 1890 cessat
3261 1832 3442 1887 facere
3465 1830 3751 1894 miracula,

478 1927 637 1980 νόσον
676 1925 927 1998 ἰώμενος,
959 1930 1028 2000 τῇ
1077 1928 1307 1998 δυνάμει
1341 1927 1437 1981 τοῦ
1483 1927 1692 1997 Κυρίου
1711 1929 1871 1999 ἡμῶν
1885 1930 2066 2001 Ἰησοῦ

2176 1923 2452 1978 daemones
2485 1923 2782 1992 expellens,
2811 1923 3056 1993 leprosos
3113 1922 3406 1986 mundana,
3437 1928 3493 1977 et
3534 1934 3754 1977 omnem

480 2012 741 2083 Χριστοῦ,
798 2013 921 2084 μεθ’
960 2009 1025 2070 οὗ
1053 2015 1132 2086 τῷ
1168 2015 1347 2088 [lat-pl.
1375 2014 1526 2083 δόξα,
1562 2017 1937 2089 προσκύνησις
1975 2023 2067 2077 καὶ

2174 2014 2422 2070 morbum
2457 2024 2509 2070 et
2561 2014 2942 2085 aegritudinem
2993 2029 3196 2071 curans
3230 2014 3430 2071 virtute
3466 2019 3522 2068 et
3580 2010 3754 2081 gratia

478 2105 562 2175 τῷ
595 2106 847 2175 παναγίῳ
871 2107 1177 2180 Πνεύματι,
1195 2107 1292 2163 νῦν
1320 2110 1415 2162 καὶ
1442 2108 1530 2162 ἀεὶ
1556 2109 1651 2164 καὶ
1672 2110 1753 2175 είς
1780 2111 1905 2178 τοὺς
1937 2114 2067 2168 αίῶ-

2172 2107 2388 2162 Domini
2418 2116 2472 2163 et
2513 2108 2612 2164 Dei
2655 2118 2712 2164 et
2748 2107 3060 2164 Servatoris
3099 2107 3269 2164 nostri
3315 2105 3447 2162 Iesu
3503 2103 3704 2161 Christi
3736 2120 3752 2157 :

480 2215 577 2261 νας
607 2197 716 2251 τῶν
740 2198 974 2255 αἰώνων.
1015 2201 1210 2272 Ἀμήν.

2172 2201 2261 2258 cui
2303 2202 2474 2272 gloria
2515 2210 2570 2257 et
2598 2203 2864 2274 potentia,
2899 2217 3047 2258 nunc
3073 2211 3128 2256 et
3149 2214 3362 2272 semper
3388 2208 3445 2256 et
3475 2200 3529 2256 in
3558 2195 3754 2254 saecula

2173 2294 2519 2348 saeculorum.
2551 2294 2750 2350 Amen.

509 2481 3744 2520 ω

1067 2670 1174 2728 DE
1208 2669 1270 2728 S.
1320 2666 1780 2734 NICEPHORO
1828 2669 2227 2731 MARTYBE
2269 2668 2720 2731 ANTIOCHUE
2766 2668 2846 2729 ΙΝ
2893 2666 3158 2729 SYRIA.

1158 2833 1316 2897 (Circa
1337 2849 1420 2887 an.
1445 2836 1555 2897 258,
1579 2836 1842 2889 Februarii
1863 2837 2016 2903 die-9.
2042 2862 2105 2874 —
2137 2839 2256 2887 Acta
2281 2838 2377 2887 SS.
2407 2834 2639 2888 Bolland.
2665 2836 2726 2887 ad
2742 2837 2869 2888 hanc
2897 2835 3078 2899 diem.)

556 3162 610 3217 l.
637 3161 788 3216 inter
818 3170 1030 3219 atroces
1081 3164 1490 3234 persecutiones
1522 3163 1714 3231 primis
1750 3162 1962 3219 saeculis
1992 3179 2024 3219 a
2068 3165 2331 3221 Romanis
2355 3164 2771 3234 imperatoribus
2805 3162 2983 3218 illatas
3006 3161 3354 3231 Christianis,
3406 3171 3598 3220 octava
3625 3179 3754 3219 cett-

484 3265 636 3309 setur
664 3267 695 3307 a
734 3252 1040 3321 Valeriano,
1068 3271 1191 3312 cum
1249 3255 1360 3311 tilio
1418 3255 1666 3312 Gallieno
1701 3257 2024 3326 imperante,
2059 3272 2224 3323 anno,
2252 3257 2465 3328 imperii
2503 3266 2716 3328 quarto,
2738 3256 2937 3312 Christi
2967 3254 3074 3310 257
3100 3293 3116 3319 ,
3152 3263 3317 3322 mota,
3417 3256 3471 3311 in
3504 3268 3608 3326 qua
3635 3255 3756 3310 illu-

488 3349 718 3405 striores
751 3358 1017 3421 martyres
1038 3352 1415 3406 occubuerunt
1453 3351 1637 3405 Romae
1677 3347 1779 3404 SS.
1814 3351 2123 3419 Stephanus
2155 3360 2211 3405 et
2274 3349 2461 3406 Sixtus
2511 3349 2820 3421 pontifices,
2873 3347 3201 3406 Laurentius
3298 3348 3755 3415 archidiaconus;

481 3449 833 3520 Carthagine,
863 3444 921 3500 S.
956 3445 1287 3516 Cyprianus;
1315 3444 1367 3498 in
1397 3443 1642 3508 Oriente.
1661 3442 1722 3498 S.
1766 3440 2130 3512 Nicephorus,
2153 3442 2218 3498 dc
2243 3456 2353 3513 quo
2384 3443 2472 3497 hic
2497 3443 2732 3514 agimus,
2761 3441 2890 3497 alibi
2914 3440 3031 3497 alii.

556 3561 613 3618 2.
652 3561 786 3615 Acta
820 3561 979 3629 hujus
1009 3560 1262 3631 martyris
1294 3563 1438 3617 nacti
1480 3576 1670 3616 sumus
1710 3559 1946 3629 duplicia
1981 3574 2048 3615 ex
2082 3558 2273 3614 Graeco
2297 3573 2400 3613 ms.
2443 3558 2631 3614 codice
2683 3558 2824 3627 regis
2856 3557 3122 3623 Francius,
3182 3559 3508 3631 perantiqua
3557 3559 3760 3630 diuque

479 3662 604 3707 ante
634 3662 874 3720 tempora
915 3649 1291 3721 Meta‘phrastae
1321 3650 1634 3720 conscripta
1682 3667 1696 3704 :
1745 3651 1934 3722 priora
1987 3650 2205 3704 incerto
2251 3660 2479 3705 auctore
2529 3655 2680 3711 sunt,
2736 3662 2862 3718 quae
2915 3646 3261 3718 Mephrastes
3291 3650 3539 3706 nonnihil
3582 3650 3757 3706 inter-

478 3742 659 3811 polata
691 3741 881 3806 edidit,
907 3756 1188 3812 qumquea
1219 3742 1486 3797 Gcntiano
1509 3742 1746 3798 Herveto
1781 3742 1973 3797 Latine
2005 3756 2159 3798 versa
2192 3741 2480 3810 vulgarunt
2512 3740 2841 3811 Lipomanus
2864 3748 2916 3795 et
2947 3740 3162 3796 Surius.
3196 3739 3304 3796 Nos
3325 3742 3515 3797 eadem
3544 3741 3756 3798 damus:
3858 3772 3867 3775 ν

479 3836 574 3892 scd
638 3851 759 3906 quae
820 3838 1027 3919 desunt
1062 3837 1115 3891 in
1169 3853 1272 3892 ms.
1322 3838 1533 3904 Graeco,
1600 3846 1697 3892 aut
1743 3847 2002 3906 tanquam
2053 3846 2240 3908 postea
2302 3838 2575 3908 adjuncta,
2612 3837 2723 3891 alio
2749 3836 3135 3904 distinguimus
3169 3837 3508 3899 charactere.
3538 3853 3604 3892 ac
3644 3837 3759 3895 fere

482 3941 534 3996 in
579 3931 950 3986 notationibus
982 3930 1336 4000 explicamus.
1359 3929 1574 3987 Titulus
1609 3932 1800 3986 horum
1860 3931 2050 3987 Grzece

2221 3940 2304 3985 est
2341 3946 2356 3984 :
2386 3930 2646 4002 Ἀθλησις
2683 3926 2777 3982 τοῦ
2804 3929 2963 3996 ἁγίου
2999 3931 3486 4003 μεγαλομάρτυρος
3507 3931 3757 4004 Νικηφό-

482 4038 600 4092 pou,
621 4025 715 4077 καὶ
732 4025 874 4078 κατά
895 4024 1287 4101 μνησικακίας.
1314 4024 1631 4080 «Certamen
1650 4024 1825 4080 sancti
1843 4025 2058 4096 magniq

2169 4035 2325 4096 narty
2335 4025 2408 4079 ris
2426 4022 2737 4095 Nicephori,
2758 4034 2813 4078 et
2830 4034 3020 4079 contra
3038 4024 3355 4094 iniuriarum
3377 4025 3715 4082 memoriam.
3732 4045 3751 4078 υ

553 4137 613 4193 5.
643 4136 817 4194 Grzeci
849 4138 1129 4194 celebrant
1161 4138 1194 4195 9
1224 4136 1488 4194 Februar.
1516 4136 1691 4193 cilicio
1714 4136 2087 4195 ecclesiastico
2123 4139 2180 4195 S.
2209 4136 2576 4209 Nicephorum
2613 4146 2931 4210 martyrem,
2964 4144 3023 4192 ut
3068 4151 3258 4193 eorum
3287 4137 3609 4212 Menoiogia,
3642 4139 3757 4195 Hu-

482 4228 705 4300 rologia,
735 4230 1080 4302 Anthoiogia,
1111 4232 1341 4297 Menaea,
1382 4230 1644 4286 indicant.
1676 4229 1732 4285 ln
1758 4230 2062 4303 Menologio
2100 4232 2397 4288 cardinalis
2451 4230 2659 4298 Sirleti,
2707 4246 2740 4285 a
2785 4229 3008 4303 Canisiq
3058 4230 3225 4299 edito,
3282 4231 3396 4287 haec
3454 4230 3754 4304 leguntur:

487 4341 505 4374 ι
565 4321 748 4397 Sancti
779 4326 1038 4397 martyris
1075 4324 1384 4395 Nicephori,
1413 4325 1503 4393 qni
1537 4324 1822 4381 Valeriano
1847 4337 1902 4381 et
1934 4325 2177 4383 Gallieno
2208 4326 2631 4397 imperatoribus
2665 4325 2988 4398 martyrium
3017 4340 3308 4398 perpessus
3337 4336 3442 4384 est.
3475 4346 3494 4381 ι
3531 4327 3610 4383 Ex
3638 4328 3759 4399 plu-

484 4415 634 4471 ribus
664 4417 948 4483 encomiis,
974 4432 1094 4486 quae
1122 4419 1174 4473 in
1197 4417 1413 4473 Menaeis
1432 4427 1672 4483 exstant,
1702 4434 1870 4474 unum
1902 4420 2003 4474 hoc
2032 4431 2259 4475 auctore
2284 4418 2493 4475 Joanne
2518 4420 2789 4474 monacho
2828 4433 2860 4475 e
2891 4415 3147 4488 Vesperis
3173 4411 3703 4489 decerptum’damus
3733 4435 3757 4475 ιι

489 4525 507 4556 ς
545 4505 828 4563 Manifeste
859 4509 1114 4565 omnibus
1146 4511 1456 4577 ostendisti,
1496 4525 1529 4567 ο
1561 4512 1764 4567 invicte
1805 4509 2137 4582 Nicephore,
2170 4527 2318 4577 eum,
2370 4511 2460 4582 qui
2506 4510 2814 4583 proximum
2860 4524 2970 4563 non
3021 4518 3191 4575 autat,
3242 4524 3419 4581 neque
3467 4511 3754 4568 Dominum

485 4612 644 4668 posse
673 4599 920 4670 diligere.
953 4599 1295 4672 Quapropter
1314 4602 1440 4673 quia
1473 4602 1690 4658 sincero
1718 4618 1904 4658 amore
1930 4604 2248 4674 complexus
2292 4619 2352 4659 es
2396 4603 2704 4674 Sapricium
2757 4614 3084 4657 conservum
3142 4611 3317 4665 tuum.
3371 4601 3438 4657 ad
3501 4601 3746 4660 divinum

486 4691 682 4746 alacris
712 4703 1025 4764 assumptus
1053 4708 1113 4749 es
1139 4709 1405 4763 amorem,
1433 4698 1783 4767 animamque
1815 4708 1964 4754 tuam
2000 4700 2069 4755 ob
2110 4700 2272 4755 fidem
2305 4698 2814 4767 confessionemque
2858 4695 3067 4751 Christi
3095 4696 3313 4752 dedisti.
3371 4694 3565 4755 infelix
3624 4710 3757 4755 vero

487 4780 790 4854 Saprieius,
824 4786 950 4858 quia
987 4786 1436 4854 irreconciliabile
1472 4792 1734 4848 adversus
1783 4800 1834 4848 te
1871 4792 2057 4849 odium
2086 4792 2344 4859 detinuit,
2372 4791 2544 4849 etiam
2576 4789 2855 4848 Christum
2890 4787 3062 4845 Deum
3096 4788 3331 4860 negavit.
3366 4807 3391 4843 ι
