4160 6424
518 302 655 372 1367

1708 307 1994 373 MENSIS
2027 313 2419 379 FEBRUAR]
2429 318 2547 380 US.

3657 323 3803 390 1368
3835 414 3861 439 θ

1560 468 3789 506 -—-——-————..____...__...__..____________,

1795 628 2480 751 ΑΘΛΗΣΙΣ

899 852 1131 943 ΤΟΥ
1200 852 1542 942 amor
1576 815 1581 822 ’
1616 850 2659 949 ΜΕΓΑΛΟΜΑΡΤΥΡΟΣ
2737 867 3406 959 ΝΙΚΗΦΟΡΟΥ

1704 1040 1826 1095 ΚΑΙ
1864 1041 2054 1096 ΚΑΤΑ
2092 1042 2591 1103 ΜΝΗΣῙΚΛΚΙΑΣ

1745 1379 2464 1493 CERTAMEN

858 1606 1281 1700 SANCTI
1355 1602 1508 1697 ET
1579 1606 1956 1702 MAGNI
2039 1609 2661 1705 MARTYRIS
2734 1618 3409 1719 NICEPHORI

1385 1802 1485 1863 ET
1523 1800 1849 1869 CONTRA
1892 1804 2389 1871 INJURIARUM
2421 1810 2804 1874 MEMORIA
2820 1815 2896 1876 Μ.

946 1968 1135 2031 (Graeca
1161 1982 1223 2019 ex
1247 1971 1358 2021 cod.
1381 1948 1505 2034 Reg.
1540 1984 1632 2021 ms.
1657 1970 1817 2021 Paris.
1847 1984 1897 2020 η.
1924 1971 2064 2033 1455,
2090 1986 2208 2023 suae.
2232 1988 2282 2036 ιι,
2321 1988 2452 2026 nunc
2474 1975 2683 2039 primum
2706 1982 2973 2045 prodeunt.
3003 1984 3144 2037 Eutr.
3170 1986 3350 2052 Pun.)

1980 2262 2211 2320 CAPUT
2236 2265 2274 2323 Ι.

1108 2382 1170 2439 S.
1200 2384 1486 2455 Niccpltori
1510 2398 1557 2442 et
1592 2388 1824 2457 Sapricii
1868 2405 1932 2442 ea:
1965 2401 2173 2440 summa
2225 2390 2464 2446 amicitia
2509 2393 2692 2448 odium
2754 2396 3180 2467 infestissimum.

579 2521 691 2580 l.|u
732 2523 826 2580 illo
853 2532 1103 2597 tempore
1150 2538 1271 2583 erat
1327 2532 1546 2600 quidam
1584 2532 1869 2602 presbyter
1895 2494 1971 2601 (l)
2036 2534 2091 2586 in

2270 2530 2347 2587 A'.
2385 2528 2494 2587 Ἦν
2525 2553 2610 2599 τις
2638 2536 3013 2610 πρεσβύτερος
3031 2539 3258 2610 ὀνόματι
3282 2540 3584 2613 Σαπρίκιος
3639 2543 3799 2600 οὕτω

509 2631 703 2686 magna
724 2615 1006 2674 Antiochia
1025 2618 1219 2691 Syriae,
1251 2623 1475 2681 nomine
1520 2625 1819 2696 Saprieius.
1839 2626 1967 2682 Erat
1995 2642 2093 2681 au-

516 2717 624 2765 tem
659 2710 881 2780 quidam
909 2726 1125 2784 quoque
1153 2713 1314 2782 alius,
1349 2716 1442 2787 qui
1469 2718 1847 2788 appellabatur
1873 2720 2089 2789 quidem

513 2799 852 2872 Nieephorns
887 2823 901 2860 :
934 2814 1053 2861 erat
1085 2821 1218 2862 vero
1245 2809 1433 2865 ordine
1462 2809 1659 2876 laicus,
1691 2822 1745 2868 et
1797 2814 2087 2870 admodum

510 2908 807 2964 germanos
840 2899 1049 2954 amicus
1079 2898 1319 2970 ejusdem
1367 2904 1691 2975 presbyteri.
1724 2904 1904 2977 Seque
1931 2908 2095 2967 ambo.

509 2986 590 3042 sic
618 2998 808 3043 mutuo
838 2989 1152 3062 diligebant,
1187 3003 1245 3048 ut
1274 2994 1718 3053 existimarentur
1750 3013 1872 3055 esse
1891 2999 2092 3057 fratres

508 3083 778 3153 germani,
811 3085 922 3139 nati
947 3101 1014 3142 ex
1040 3103 1148 3143 uno
1182 3097 1371 3159 utero;
1413 3093 1548 3147 adeo
1590 3101 1648 3148 ut
1708 3103 1854 3151 esset
1912 3096 2092 3151 excel-

509 3174 630 3230 lens
681 3190 836 3231 amor
880 3193 1071 3235 eorum
1106 3193 1348 3238 mutnus.
1380 3183 1515 3239 Cum
1549 3184 1708 3256 longo
1735 3200 1916 3243 autem
1951 3198 2092 3245 tem-

510 3281 644 3337 pore
684 3269 941 3326 vixissent
972 3272 1026 3327 in
1059 3273 1161 3330 hac
1211 3273 1518 3343 aﬂeetione,
1558 3277 1701 3333 bono
1746 3291 1803 3336 et
1864 3281 2093 3337 honesto

511 3357 740 3416 infestus
767 3371 822 3418 et
850 3364 1307 3423 sceleratissimus
1321 3368 1542 3425 humani
1575 3374 1793 3439 generis
1816 3374 2090 3441 inimicus,

468 3516 473 3523 ι
511 3450 593 3506 eis
623 3450 894 3520 invidens,
928 3457 1089 3513 talem
1123 3458 1266 3514 inter
1297 3474 1390 3515 eos
1420 3464 1631 3532 peperit
1670 3465 2088 3534 dissensionem,

480 3618 483 3619 ν
517 3549 578 3595 ut
603 3557 701 3597 nee
720 3543 772 3599 in
804 3544 980 3615 platea
1012 3548 1232 3619 quidem
1261 3550 1458 3608 vellent
1506 3554 1608 3611 sibi
1640 3556 1869 3612 invicem
1898 3574 2092 3615 occur-

517 3624 666 3700 rere,
694 3650 760 3692 ex
795 3640 1098 3697 damonico
1123 3641 1268 3708 odio,
1298 3646 1440 3715 quod
1460 3646 1602 3704 inter
1626 3664 1684 3705 se
1709 3649 1939 3708 invicem
1963 3668 2095 3709 cou-

509 3736 791 3793 ceperant.

2196 2623 2555 2695 καλούμενος,
2587 2629 2684 2682 καὶ
2710 2624 2779 2700 ἧν
2813 2629 2975 2695 ἄλλος
3000 2632 3317 2704 Νικηφόρος
3366 2633 3684 2707 λεγόμενος.
3717 2640 3789 2709 τῇ

2194 2718 2346 2784 τάξει
2368 2720 2578 2785 λαϊκδς,
2604 2722 2758 2790 φίλος
2782 2725 3049 2795 ὑπάρχων
3090 2726 3184 2781 τοῦ
3208 2727 3374 2781 αὑτοῦ
3405 2731 3793 2802 πρεσϐυτέρου

2158 2882 2161 2886 Α
2198 2813 2454 2883 γνήσιος-
2517 2815 2613 2868 καὶ
2664 2815 2841 2882 οὕτως
2873 2817 3139 2890 ἀλλήλους
3186 2820 3420 2888 ἠγάπων
3452 2824 3788 2894 ἀμφότεροι,

2195 2904 2272 2969 ὡς
2301 2906 2622 2976 νομίζεσθαι
2655 2908 2922 2981 ἀδελφοὺς
2944 2911 3205 2982 γνησίους
3236 2913 3506 2985 ὑπάρχειν
3545 2916 3612 2971 ὲκ
3652 2917 3792 2986 μιᾶς

2195 2999 2405 3063 κοιλίας
2455 3003 2838 3074 γεννηθέντας,
2897 3005 2975 3068 ὡς
3007 3005 3374 3077 ὑπερϐαίνειν
3413 3008 3516 3079 τὴν
3559 3010 3793 3084 ἀγάπην

2197 3093 2263 3164 ἣν
2288 3087 2436 3164 εἶχον
2467 3095 2606 3166 πρὸς
2640 3095 2907 3167 ἀλλήλους
2940 3098 3079 3152 κατὰ
3102 3098 3200 3168 τὴν
3227 3099 3578 3171 ἀνθρωπείαν
3598 3103 3788 3172 φύσιν.

2207 3185 2298 3239 Ἐν
2324 3185 2402 3256 τῷ
2427 3185 2521 3241 οὑν
2549 3187 2757 3256 διάγειν
2787 3189 2987 3254 αὑτοὺς
3014 3187 3190 3254 οὑτως
3225 3191 3321 3244 ἐπὶ
3369 3191 3538 3246 π)λὺν
3585 3195 3788 3266 χρόνον

2195 3281 2255 3335 ὲν
2279 3283 2344 3352 τῇ
2367 3280 2595 3354 τοιαύτῃ
2628 3279 2892 3347 διαθέσει,
2927 3284 2955 3336 ὁ
2991 3284 3293 3356 μισόχαλος
3344 3286 3540 3357 ἐχθρὸς
3569 3287 3662 3341 τοῦ
3692 3288 3793 3341 ἀν-

2197 3372 2471 3444 θρωπίνου
2501 3375 2696 3443 γένους
2729 3374 3104 3448 ὲπιφθονήσας
3137 3378 3340 3443 αὑτοῖς,
3374 3379 3633 3451 ἐποίησεν
3680 3381 3795 3436 ἀνὰ

2199 3465 2364 3537 μέσον
2394 3466 2576 3519 αὐτῶν
2610 3466 2868 3538 τοιαύτην
2885 3466 3348 3538 διχόνοιαν,’ὦστε
3386 3472 3524 3541 μήτε
3555 3472 3613 3524 ὲν
3644 3470 3788 3527 πλατ-

2195 3555 2316 3628 τείᾳ
2335 3556 2513 3611 θέλειν
2537 3558 2792 3631 ἀλλήλοις
2818 3562 3071 3636 ἀπαντᾷν
3106 3562 3172 3615 ἐκ
3201 3562 3297 3617 τοῦ
3338 3562 3656 3635 δαιμονικοῦ
3692 3565 3785 3637 μί-

2198 3667 2345 3720 σους,
2372 3650 2400 3705 ὃ
2431 3651 2680 3726 ὑπῆρχεν
2701 3655 2910 3721 αὐτοῖς.

579 3817 645 3877 ΙΙ.
676 3820 811 3880 Cum
849 3826 982 3882 satis
1010 3842 1138 3897 vero
1170 3830 1329 3901 longo
1363 3841 1607 3904 tempore
1635 3835 1707 3891 ita
1750 3837 1980 3897 fuissent
2008 3843 2087 3896 af-

2270 3841 2347 3895 B'.
2386 3841 2496 3895 Καὶ
2531 3842 2590 3895 ἐν
2617 3840 2695 3913 τῷ
2725 3841 2899 3907 οὑτως
2931 3835 3073 3897 εἶναι
3104 3845 3304 3908 αὑτοὺς
3333 3846 3392 3899 ἐν
3436 3847 3503 3916 τῇ
3546 3846 3793 3917 πονηρίᾳ.

512 3915 662 3984 fecti,
725 3917 793 3972 ad
851 3934 911 3975 se
967 3922 1183 3978 rediens
1240 3925 1601 3997 Nicephorus,
1660 3940 1714 3985 et
1753 3947 2087 4004 cognoscens

508 4007 693 4064 odium
720 4025 841 4066 esse
863 4011 1215 4085 diabolieum,
1242 4021 1452 4089 rogavit
1485 4020 1690 4077 amicos
1712 4027 2000 4092 quosdam,
2036 4035 2093 4081 ot

511 4101 655 4159 irent
690 4101 759 4158 ad
791 4104 1167 4175 presbyterum
1202 4108 1534 4180 Saprieinm.
1572 4124 1628 4169 et
1682 4128 1940 4188 regarent
1965 4135 2089 4175 eum

468 4186 471 4189 ⁷
512 4206 613 4262 pro
657 4191 988 4263 Nicephoro,
1019 4204 1082 4253 ut
1136 4200 1188 4257 ei
1234 4202 1447 4274 culpam
1504 4186 1859 4273 condonaret.
1889 4220 1945 4266 et
1968 4199 2107 4269 eum.

519 4280 834 4371 pauitantia
896 4283 1121 4340 ductum
1169 4290 1443 4359 acciperet
1505 4307 1721 4365 propter
1787 4297 2099 4359 Dominum.

518 4373 614 4428 llle
643 4385 825 4431 autem
854 4377 1032 4434 noluit
1058 4380 1107 4435 ei
1134 4382 1467 4441 condonare.
1498 4385 1548 4441 Is
1577 4403 1708 4445 vero
1732 4377 1925 4450 rursus
1954 4397 2105 4453 misit

514 4467 653 4524 alios
676 4469 912 4535 amicos,
944 4481 1003 4527 ut
1024 4473 1074 4528 ei
1102 4475 1574 4535 reconciliarelur.
1596 4480 1890 4556 Presbyter
1914 4500 2101 4547 autem

514 4562 800 4634 Sapricius
840 4581 908 4623 ne
937 4581 1035 4624 eos
1062 4568 1281 4639 quidem
1312 4582 1568 4643 rogantes
1592 4577 1784 4634 audire
1811 4583 2097 4641 sustinuit.

513 4657 726 4716 Rursus
792 4674 922 4732 ergo
964 4658 1311 4733 Nicephorus
1371 4669 1586 4736 rogavit
1637 4670 1774 4730 alios
1826 4675 2097 4744 quosdam

511 4754 742 4816 amicos,
776 4762 831 4809 et
857 4754 1007 4811 misit
1035 4758 1102 4812 ad
1132 4756 1336 4827 ipsum,
1362 4769 1424 4814 ut
1453 4761 1504 4817 ei
1541 4763 1860 4835 dignaretur
1891 4772 1977 4825 sui
2002 4770 2098 4826 de.-

510 4844 627 4898 licti
668 4845 878 4901 veniam
905 4849 1210 4906 concedere
1245 4867 1261 4906 :
1293 4860 1352 4907 ut
1380 4837 1745 4912 convenienter
1773 4860 1951 4914 divino
1981 4862 2097 4916 elo-

508 4926 633 4997 quia
658 4927 700 4996 ί,
735 4948 754 4982 ι
795 4929 850 4987 in
880 4946 978 4990 ore
1032 4934 1262 4995 duorum
1294 4941 1382 4997 vel
1432 4944 1594 5002 trium
1649 4949 1870 5005 testium
1920 4962 2093 5008 staret

508 5032 673 5075 omne
722 5023 969 5081 verbum.
1004 5044 1025 5081 ι
1059 5028 1158 5086 Ille
1185 5041 1365 5089 autem
1394 5050 1517 5092 cum
1558 5048 1707 5096 esset
1741 5043 1879 5098 duro
1900 5046 2089 5111 corde,

509 5119 565 5166 et
592 5112 975 5186 implacabilis,
1013 5132 1069 5179 et
1092 5124 1294 5183 oblitus
1328 5138 1476 5187 esset
1506 5131 1719 5189 Domini
1748 5138 1925 5194 nostri
1958 5136 2087 5196 Jesu

2195 3932 2387 4006 χρόνον
2435 3933 2640 4000 ἱκανὸν,
2699 3936 2781 3999 είς
2817 3934 3013 3990 ἑαυτὸν
3048 3935 3223 3992 ἐλθὼν
3268 3938 3298 3990 ὀ
3326 3937 3643 4010 Νικηφόρος
3690 3939 3794 3992 καὶ

2195 4025 2379 4095 γνοὺς,
2421 4026 2502 4080 ὅτι
2554 4025 2862 4080 διαϐολικόν
2924 4027 3040 4080 ἐστι
3083 4026 3145 4081 τὸ
3199 4028 3396 4099 μῖσος,
3438 4026 3792 4099 παρεκάλεσε

2196 4117 2385 4186 φίλους
2427 4119 2605 4186 τινὰς,
2661 4119 2752 4174 ἵνα
2799 4118 3081 4173 ἀπέλθωσι
3112 4119 3253 4192 πρὸς
3284 4120 3376 4176 τὸν
3413 4119 3788 4192 πρεσόύτερον

2195 4211 2515 4282 Σαπρίκιον,
2547 4211 2642 4265 καὶ
2671 4212 3136 4282 παρακαλέσωσιν
3167 4212 3333 4267 αὑτὸν
3364 4212 3508 4284 ὑπὲρ
3538 4213 3791 4283 Νικηφὰο

2198 4319 2314 4374 ρου,
2341 4302 2490 4366 ὅπως
2511 4302 2662 4373 αὑτῷ
2710 4306 2810 4374 τὴν
2854 4305 3037 4359 αἰτίαν
3074 4305 3412 4379 συγχωρήσῃ
3438 4306 3539 4391 καὶ,
3561 4305 3789 4376 δέξηται

2193 4395 2356 4450 αὑτὸν
2386 4395 2773 4467 μετανοοῦντα.
2841 4398 3083 4462 Ἐκεῖνος
3123 4398 3183 4453 δὲ
3225 4399 3330 4453 οὑκ
3358 4399 3620 4470 ἠνέσχετο
3649 4416 3789 4468 συγ-

2192 4490 2443 4565 χωρῆσαι
2468 4492 2636 4562 αὐτῷ.
2669 4493 2780 4547 Καὶ
2803 4492 2966 4548 πάλιν
2993 4493 3058 4547 ἐκ
3080 4492 3337 4562 δευτέρου
3364 4492 3573 4564 πέμπει
3588 4492 3791 4558 ἄλλους

2195 4584 2386 4656 φίλους
2446 4585 2542 4640 τοῦ
2599 4586 2959 4658 διαλλαγῆναι
2988 4586 3141 4657 αὑτῷ
3165 4602 3179 4616 ⁸
3222 4588 3252 4641 ὁ
3278 4586 3336 4640 δὲ
3357 4586 3657 4659 Σαπρίκιος
3688 4589 3791 4639 καὶ

2191 4679 2399 4733 τούτων
2428 4679 2896 4753 παρακαλούντων
2924 4680 3026 4734 οὑκ
3057 4680 3342 4751 ἠνέσχετο.
3413 4678 3470 4734 '0
3526 4679 3584 4732 δὲ
3627 4678 3793 4745 ἅγιος

2193 4771 2512 4844 Νικηφόρος
2563 4773 2658 4827 καὶ
2722 4771 2886 4827 πάλιν
2938 4772 3317 4843 παρεκάλεσεν
3353 4772 3550 4835 ἄλλους
3593 4770 3792 4840 φίλους

2195 4865 2536 4933 ἀγαπητοὺς,
2571 4864 2658 4918 ἵνα
2706 4863 2914 4935 ἀξιωθῇ
2946 4865 3043 4918 τοῦ
3085 4864 3405 4936 σφάλματος
3433 4861 3788 4935 συγχώρησιν

2192 4956 2404 5022 λαϐεῖν,
2432 4976 2451 5009 ι
2475 4958 2623 5021 ὅπως
2650 4958 2743 5009 ἐπὶ
2770 4956 3039 5027 στόματος
3053 4955 3148 5011 δύο
3173 4955 3469 5028 μαρτύρων
3498 4957 3592 5011 καὶ
3614 4954 3789 5027 τριῶν

2195 5047 2364 5119 σταθῇ
2406 5050 2514 5102 πᾶν
2561 5049 2733 5120 ῥῆμα.
2765 5068 2784 5100 ι
2839 5048 3076 5113 Ἐκεῖνος
3111 5047 3172 5103 δὲ
3226 5046 3657 5119 σκληῳκάρδιος
3706 5045 3787 5101 ὢν

2194 5144 2289 5198 καὶ
2313 5142 2650 5213 ἀμείλικτος,
2684 5141 3080 5212 ἐπιλαθόμενος
3107 5139 3203 5195 τοῦ
3226 5141 3436 5212 Κυρίου
3476 5139 3635 5212 ἡμῶν
3672 5138 3784 5208 ’1η-

404 5200 446 5214 ”
507 5202 732 5272 Christi,
777 5209 870 5280 qui
901 5211 1079 5271 dicit:
1132 5214 1485 5289 «Remittite,
1538 5232 1592 5279 et
1628 5227 1934 5285 remittetur
1985 5248 2082 5287 vo-

2200 5233 2296 5289 σοῦ
2342 5200 2583 5306 igneo?)
2609 5200 2930 5302 ’λέγοντοςοι
2965 5252 2983 5286 ι
3031 5200 3253 5303 Ἄφετε,
3304 5200 3397 5287 atat
3443 5200 3785 5302 ἁῷεθήσεται

510 5298 594 5354 bis
614 5301 658 5364 ’,
693 5319 712 5352 ι
740 5310 789 5356 et
811 5303 889 5375 (2)
912 5322 1096 5364 rursus
1127 5325 1148 5365 :
1176 5309 1241 5369 Si
1269 5313 1466 5383 offeras
1493 5315 1689 5372 donum
1722 5329 1874 5375 tuum
1903 5326 1974 5378 ad
1999 5328 2083 5381 al-

423 5420 451 5502 ἦ
507 5400 640 5455 tare,
672 5402 720 5446 et
750 5399 1061 5454 recordatus
1092 5401 1278 5471 fuerit,
1309 5408 1451 5474 quod
1469 5406 1630 5463 habes
1660 5411 1863 5481 aliquid
1893 5416 2080 5472 adver-

386 5517 442 5539 δι,

538 5499 542 5502 ’
585 5512 601 5543 ¹
626 5510 789 5589 Deut.
822 5531 938 5584 xu,
972 5518 1076 5587 I7;
1130 5520 1335 5579 Matth-
1382 5540 1539 5593 xvm,
1578 5528 1678 5597 l6;
1730 5528 1864 5589 Luc.
1900 5549 1977 5603 vr,
2006 5537 2094 5593 37.

552 5682 657 5765 ⁴(1.)
686 5684 892 5772 Desunt
922 5689 974 5743 in
995 5706 1113 5772 .ms.
1144 5692 1334 5772 Graeco
1362 5695 1483 5772 haec
1500 5699 1669 5772 verba
1689 5700 1754 5754 de
1786 5700 1904 5757 loco
1937 5720 2080 5764 mar-

512 5760 660 5821 tyrii,
696 5760 773 5812 uti
794 5760 956 5814 etiam
994 5760 1047 5816 in
1081 5766 1330 5834 sequenti
1362 5766 1479 5823 Vita
1517 5778 1571 5825 et
1625 5769 1859 5831 Men-ais.

2197 5328 2358 5398 ὑμῖν*
2390 5327 2485 5380 καὶ
2536 5325 2634 5379 ἐὰν
2689 5327 2764 5396 μὴ
2797 5325 2976 5396 ἀφῆτε
3002 5328 3114 5391 τοῖς
3166 5326 3478 5396 ἀνθρώποις
3503 5324 3571 5378 τὰ
3596 5340 3783 5395 παρα-

2193 5420 2465 5491 πτώματα
2522 5418 2726 5486 αὑτῶν,
2763 5419 2885 5474 οὑδὲ
2945 5421 2975 5474 ὁ
3025 5419 3216 5491 Πατὴρ
3245 5420 3399 5490 ὑμῶν
3456 5423 3484 5472 ὁ
3525 5417 3782 5490 οὐράνιος

2209 5541 2229 5571 ²
2272 5539 2465 5596 Matth.
2492 5553 2547 5604 ν,
2582 5537 2690 5605 25ς
2722 5546 2778 5593 et
2808 5553 2858 5593 c.
2896 5554 2971 5605 v1,
3008 5537 3095 5593 15.

2262 5706 2339 5778 (2)
2376 5705 2582 5778 Desunt
2615 5704 2731 5778 lucc
2751 5718 2995 5778 ‘quoque
3028 5702 3080 5760 in
3124 5718 3224 5761 ms.
3253 5704 3439 5762 Graeco
3472 5722 3487 5767 :
3519 5712 3575 5763 et
3599 5714 3781 5777 recte,

2192 5774 2327 5848 quia
2351 5776 2493 5833 infra
2532 5777 2720 5832 eadem
2750 5774 3025 5845 leguntur.
