4160 6422
391 314 530 392 1369

1624 337 1802 400 γιΤΑ
1844 338 1905 399 S.
1959 339 2417 406 NICEPHORI.

3518 340 3657 408 1370

384 435 589 510 ἀφήσει
639 439 772 511 ὑμῖν
834 442 905 498 τὰ
953 444 1378 518 παραπτώματα
1432 446 1620 519 ὑμῶν·
1660 466 1681 503 ι
1742 452 2005 512 πάντωνλ

2088 468 2159 506 ms
2181 453 2402 522 fratrem
2432 464 2603 523 tuum,
2635 458 2844 514 dimitte
2866 459 2945 525 id,
2986 469 3036 513 et
3064 472 3281 524 uadens,
3316 460 3657 516 reconciliare

387 528 690 589 αίτούντων
735 534 835 589 καὶ
902 534 1371 607 παρακαλούντων
1398 578 1415 604 ,
1468 538 1532 592 οὐ
1590 538 1973 611 συνεχώρησεν

385 622 562 677 αὐτῶ.

2081 544 2239 613 fratri
2268 554 2381 612 tuo,
2412 556 2468 605 et
2505 565 2693 607 rursus
2728 570 2743 607 :
2783 570 2802 605 ι
2840 551 2954 608 Nisi
2978 552 3306 609 remiseritis
3334 551 3647 607 hominibus

2080 636 2275 693 delicta
2306 654 2519 709 eorum,
2554 659 2656 699 nec
2696 643 2861 701 Pater
2888 655 3070 701 vester
3125 646 3367 702 ctelestis
3412 645 3656 701 remittet

389 717 546 773 vobis
568 716 763 774 delicta
786 728 968 778 vestra
1001 740 1015 778 :
1044 741 1065 775 ι
1103 724 1359 781 omnibus
1417 738 1541 780 eum
1585 724 1905 796 rogantibus
1943 732 2000 781 et
2060 729 2388 796 petentibus,
2450 748 2558 788 non
2589 737 2916 792 condonavit
2949 735 3028 811 (3)
3055 738 3214 807 fratri
3250 750 3303 793 et
3333 739 3502 793 amico
3532 753 3651 804 suo,

394 812 514 872 Non
542 815 683 870 enim
710 814 1012 872 habebatin
1033 835 1089 874 se
1103 819 1413 876 cltoritatem
1439 830 1488 876 et
1509 821 1924 877 misericordiam
1943 835 1963 874 :
1984 824 2321 892 quamobrem
2350 828 2470 895 iure
2502 831 2608 899 fuit
2625 833 2862 903 privatus
2892 848 3049 901 regno
3079 833 3349 887 calorum.

459 908 533 964 Γ.
579 906 640 965 Ὀ
670 909 729 964 δὲ
775 909 1173 977 εὐλαϐέστατος
1223 912 1320 967 τοῦ
1362 913 1502 969 Θεοῦ
1526 914 1624 968 καὶ
1654 914 1975 978 πιστότατος

390 1000 729 1073 Νικηφόρος,
751 1002 829 1067 ὡς
865 1001 1007 1059 εἶδεν
1037 1006 1120 1059 ὅτι
1173 1006 1594 1078 κατεφρόνησεν
1612 1008 1642 1061 6
1671 1007 1973 1078 Σαπρίκιος

387 1092 498 1147 τῶν
547 1095 746 1150 κοινῶν
785 1095 981 1167 φίλων,
1028 1097 1229 1164 οἵτινες
1254 1099 1399 1172 ὑπὲρ
1421 1100 1591 1155 αὐτοῦ
1639 1101 1972 1172 συγγνώμην

388 1185 669 1250 αίτοῦντες
713 1188 816 1243 οὐκ
864 1188 1082 1257 ἔλαϐον,
1118 1191 1287 1258 αὐτὸς
1335 1192 1563 1264 δραμὼν
1591 1193 1672 1258 είς
1700 1188 1971 1247 τδνοϊκον

390 1276 712 1347 Σαπρικίου,
743 1278 925 1349 ῥίπτει
944 1281 1140 1336 ἑαυτὸν
1178 1284 1260 1348 είς
1296 1285 1426 1349 τοὺς
1474 1284 1641 1349 πόδας
1668 1283 1835 1340 αὐτοῦ
1883 1285 1974 1339 λέ-

390 1383 504 1436 γων
522 1385 538 1399 ο
560 1368 927 1443 Συγχώρησόν
967 1390 1081 1445 μοι,
1111 1375 1319 1448 Πάτερ,
1353 1376 1442 1432 διὰ
1473 1376 1569 1433 τὸν
1586 1378 1795 1450 Κύριον
1817 1396 1833 1413 ο
1861 1380 1889 1434 6
1921 1376 1980 1434 δὲ

387 1458 511 1514 οὐδὲ
543 1459 719 1528 οὕτως
771 1463 1038 1537 ἠθέλησεν
1088 1467 1448 1541 διαλλαγῆναι
1498 1470 1650 1541 αὐτῷ
1701 1472 1779 1537 ώς
1828 1471 1982 1541 φίλος

392 1552 555 1625 φίλῳ,
604 1554 699 1609 καὶ
755 1556 993 1626 μάλιστα
1025 1561 1519 1634 παρακαλούμενος
1564 1564 1661 1619 καὶ
1686 1566 1982 1637 χρεωστῶν

390 1646 559 1716 χωρὶς
598 1648 1001 1722 παρακλήσεως
1023 1654 1089 1706 ὲκ
1124 1651 1354 1726 πρώτης
1386 1655 1690 1726 ἀπολογίας
1719 1656 1980 1723 δέξασθαι

395 1738 562 1792 αὐτὸν
577 1739 652 1803 ώς
678 1741 1007 1811 Χριστιανὸς
1024 1743 1122 1797 καὶ
1150 1746 1529 1818 πρεσϐύτερος
1560 1748 1654 1802 καὶ
1684 1747 1761 1820 τῷ
1789 1749 1980 1822 Κυρίῳ

393 1830 669 1887 δουλεύειν
706 1832 1196 1907 ἐπαγγειλάμενος.

2154 919 2244 976 Ill.
2281 920 2563 978 Piissimus
2606 934 2784 978 autem
2834 934 2883 979 et
2931 925 3273 994 ﬁdelissimus
3304 925 3656 995 Nicephorus.

2080 1013 2445 1084 Nicephorus,
2478 1033 2603 1073 cum
2653 1018 2789 1073 vidit
2823 1017 3127 1087 Sapricium
3161 1018 3474 1087 despexisse
3505 1032 3661 1073 com-

2082 1122 2274 1164 munes
2301 1108 2528 1176 amicos,
2555 1112 2648 1180 qui
2683 1124 2781 1180 pro
2805 1124 2873 1165 eo
2908 1118 3180 1181 petentes,
3200 1109 3412 1163 veniam
3434 1123 3542 1164 non
3568 1124 3659 1162 ac-

2081 1208 2364 1270 ceperunt,
2392 1199 2508 1270 ipse
2531 1214 2756 1256 currens
2782 1200 2849 1254 ad
2870 1200 3015 1256 edes
3054 1199 3309 1271 Sapricii,
3346 1214 3407 1254 se
3445 1198 3662 1269 projicit

2079 1290 2147 1343 ad
2181 1296 2348 1360 pedes
2372 1291 2516 1362 ejus,
2542 1292 2729 1346 dicens
2764 1309 2780 1347 :
2824 1290 3084 1347 Condona
3127 1291 3282 1357 mihi,
3318 1290 3502 1353 Pater.
3533 1305 3662 1360 pro-

2080 1389 2201 1451 pter
2230 1380 2540 1439 Dominunt.
2567 1382 2662 1439 llle
2716 1397 2847 1440 vero
2898 1385 2948 1440 ei
3015 1384 3189 1439 noluit
3222 1383 3564 1440 reconciliari
3606 1391 3667 1435 ut

2082 1474 2280 1540 amico,
2306 1483 2363 1530 et
2392 1474 2627 1531 maxime
2663 1490 2787 1532 cum
2828 1484 3118 1548 rogaretur
3153 1494 3167 1531 :
3197 1485 3247 1531 et
3286 1476 3513 1530 maxime
3539 1489 3662 1529 cum

2082 1567 2329 1632 deberet,
2356 1567 2571 1623 etiamsi
2618 1584 2735 1624 non
2789 1569 2980 1625 fuisset
3013 1579 3253 1639 rogatus,
3286 1584 3316 1622 a
3358 1567 3528 1638 prima
3568 1582 3667 1623 ex-

2087 1659 2366 1714 cusatione
2393 1675 2517 1715 eum
2543 1661 2815 1730 accipere,
2840 1670 2898 1716 ut
2921 1661 3267 1718 Christianus
3284 1670 3337 1716 et
3357 1661 3663 1733 presbyter,

2086 1760 2141 1807 et
2172 1752 2264 1823 qui
2304 1752 2584 1822 professus
2610 1761 2728 1812 erat
2755 1753 2961 1810 servire
2998 1755 3251 1811 Domino.

1739 1955 1746 1964 ’
1836 2000 2168 2058 CAPUTIL

1216 2115 1492 2186 Sapricius
1517 2133 1740 2173 renuens
1760 2118 1939 2172 odium
1962 2119 2246 2188 deponere,
2296 2123 2555 2193 martyrio
2597 2122 2818 2176 excidit.

465 2232 540 2290 A'.
591 2233 680 2297 Ὠς
714 2226 809 2287 οὖν
837 2232 1009 2287 ταῦτα
1038 2232 1212 2298 οὕτως
1251 2234 1667 2306 διεπράττοντο,
1711 2234 1977 2307 ἐξαίφνης

2155 2237 2247 2293 ιν.
2281 2237 2416 2293 Cutn
2451 2240 2566 2294 lucc
2594 2249 2778 2293 autem
2813 2237 2895 2293 sic
2948 2238 3158 2303 licrent,
3208 2244 3429 2307 repente
3458 2235 3668 2291 exsistit

396 2324 608 2393 γίνεται
647 2325 885 2396 διωγμὸς
919 2326 1015 2379 καὶ
1074 2325 1256 2397 θλίψις
1317 2327 1529 2398 μεγάλη
1590 2330 1648 2381 ὲν
1687 2332 1753 2400 τῇ
1803 2329 1982 2394 πόλει,

395 2416 533 2471 ὅπου
563 2416 865 2487 ἀμφότεροι
891 2416 1197 2488 κατῴκουν.
1228 2418 1527 2488 Κρατεῖται
1551 2417 1609 2472 δὲ
1632 2420 1658 2469 6
1683 2418 1984 2488 Σκπρίκιος

396 2507 494 2563 καὶ
542 2507 901 2576 παραδίδοται
938 2507 1018 2578 τῷ
1055 2507 1311 2579 ἡγεμόνι,
1370 2507 1466 2562 καὶ
1498 2508 1574 2572 ὡς
1606 2506 1735 2581 ἔστη
1771 2511 1985 2579 ἐμπρο-

398 2599 525 2655 σθεν
562 2598 753 2663 αὑτοῦ,
781 2601 810 2655 6
838 2600 1063 2672 ἡγεμὼν
1097 2596 1251 2656 εἶπεν
1282 2622 1298 2636 ο
1327 2601 1393 2655 Τί
1420 2601 1480 2656 τὸ
1516 2600 1688 2672 ὄνομά
1716 2619 1845 2669 σου;
1877 2603 1983 2657 Σα-

396 2691 616 2764 πρίκιος
640 2691 746 2763 ἔφη
768 2709 782 2724 ·
806 2692 1104 2763 Σαπρίκιος
1140 2692 1436 2764 καλοῦμαι.
1474 2694 1533 2749 Ὀ
1559 2694 1783 2765 ἡγεμὼν
1811 2695 1982 2763 λέγει·

397 2785 561 2840 Ποίου
588 2786 784 2855 γένους
813 2783 898 2853 εἷς
934 2786 1234 2858 Σαπρίκιος
1262 2783 1422 2841 εἶπεν
1442 2804 1455 2817 ·
1480 2788 1812 2857 Χριστιανός
1842 2790 1983 2857 εἰμι.

406 2878 469 2933 '0
487 2879 712 2950 ἡγεμὼν
727 2874 880 2933 εἶπεν
901 2895 914 2910 ·
946 2879 1275 2950 Κληρικὸςῆ
1331 2879 1517 2943 λαῖκός
1544 2897 1560 2945 ;
1598 2879 1658 2933 '0
1692 2880 1750 2933 δὲ
1784 2878 1988 2948 Σαπρί-

397 2987 513 3033 κιος
538 2969 641 3040 ἔφη
663 2983 679 3001 ·
716 2969 1098 3040 Πρεσόυτέρου
1131 2971 1285 3039 τάξιν
1321 2971 1447 3040 ἔχω.
1467 2970 1527 3027 '0
1544 2970 1767 3042 ἡγεμὼν
1796 2971 1945 3040 λέγει
1968 2987 1983 3004 ·

398 3065 463 3119 οι
492 3062 794 3134 Αὕγουστοι
822 3066 855 3136 ἡ
866 3064 981 3135 μῶν
1012 3064 1107 3119 καὶ
1128 3064 1308 3136 κύριοι
1336 3065 1543 3135 ταύτης
1563 3065 1664 3133 τῆς
1681 3065 1861 3136 χώρας
1893 3064 1988 3119 καὶ

396 3153 506 3209 τῶν
529 3155 694 3226 όρίων
717 3154 1008 3226 Ῥωμαίων
1030 3155 1398 3227 Οὐαλεριανὸς
1417 3157 1509 3209 καὶ
1535 3155 1735 3220 Γάλλος
1768 3155 1988 3209 ἐκέλευε-

400 3264 524 3314 σαν,
546 3249 696 3314 ὅπως
714 3250 764 3303 οί
788 3250 1016 3313 ἑαυτοὺς
1043 3250 1298 3318 λέγοντες
1327 3250 1690 3319 Χριστιανοὺς
1711 3251 1827 3313 τοῖς
1853 3247 1989 3303 ἀθα-

398 3341 584 3405 νάτοις
612 3341 710 3395 καὶ
731 3341 924 3405 ἀϊδίοις
949 3340 1090 3406 θεοῖς
1119 3340 1359 3395 θύσωσιν
1381 3358 1395 3372 ο
1425 3343 1474 3396 εί
1501 3341 1557 3395 δέ
1591 3358 1676 3404 τις
1710 3358 1991 3412 καταφρο-

396 3430 507 3487 νῶν
534 3431 786 3487 διαπτύει
807 3473 822 3499 ,
853 3431 1175 3501 γινωσκέτω
1205 3431 1389 3503 ἑαυτῷ
1417 3431 1698 3502 διαφόροις
1736 3432 1990 3501 βασάνων

396 3525 696 3599 τιμωρίαις
738 3525 1087 3596 καμφθῆναι,
1144 3525 1242 3579 καὶ
1280 3524 1455 3588 οὕτως
1476 3525 1851 3596 χαλεπωτάτῳ
1890 3523 1987 3578 θα-

395 3591 560 3691 νάτῳ,
590 3591 1020 3691 κατακριθῆναι.
1068 3618 1128 3673 '0
1180 3618 1237 3672 δὲ
1269 3591 1573 3690 Σαπρίκιος
1623 3591 1988 3689 παρεστηκὼς
2015 3591 2060 3651 c

397 3708 553 3767 εἶπεν
578 3711 714 3784 πρὸς
743 3711 836 3766 τὸν
866 3710 1115 3783 ἡγεμόνα
1140 3729 1156 3743 ’
1192 3710 1388 3781 Ἡμεῖς
1417 3712 1468 3763 οἱ
1498 3711 1817 3781 Χριστιανοὶ
1848 3711 1988 3781 Χρι-

400 3806 525 3860 στὸν
563 3806 655 3859 τὸν
687 3804 933 3877 ’βασιλέα
982 3803 1201 3875 ἔχομεν,
1257 3804 1338 3858 ὅτι
1395 3803 1650 3874 ἀληθινὸς
1677 3802 1810 3866 Θεός
1840 3803 1988 3856 ἐστιν

400 3896 498 3950 καὶ
517 3894 758 3967 Ποιητής
783 3891 1016 3966 οὐρανοῦ
1049 3892 1145 3946 καὶ
1167 3892 1270 3962 γῆς
1299 3894 1395 3944 καὶ
1422 3891 1702 3961 θαλάσσης
1728 3894 1823 3945 καὶ
1848 3892 1987 3946 πάν-

398 4007 509 4044 των
538 3988 649 4042 τῶν
678 3982 737 4040 ιν
759 3986 944 4049 αὐτοῖς
965 4001 980 4016 ο
1006 3985 1208 4047 πάντες
1237 3984 1296 4038 δὲ
1319 3985 1369 4036 οί
1400 3983 1514 4036 θεοὶ
1534 3983 1643 4038 τῶν
1672 3982 1844 4038 ἐθνῶν
1868 3984 1988 4037 δαι-

406 4082 567 4155 μόνιά
622 4080 785 4136 εἰσιν.
839 4076 1258 4132 Ἀπολέσθωσαν
1311 4075 1494 4130 τοίνυν
1525 4075 1634 4131 ἀπὸ
1688 4076 1987 4147 προσώπου

403 4175 588 4243 πάσης
621 4173 722 4243 τῆς
743 4171 850 4242 γῆς
882 4172 933 4226 οί
966 4169 1160 4242 μηδενὶ
1191 4169 1483 4238 δυνάμενοι
1505 4166 1773 4240 βοηθῆσαι
1800 4168 1835 4240 ἦ
1864 4185 1988 4223 τινα

403 4266 662 4339 βλάψαιῆ
694 4262 1024 4332 συμποδίσαι
1049 4262 1188 4332 ἔργα
1220 4262 1421 4334 χειρῶν
1456 4261 1610 4319 owe:
1658 4260 1984 4332 ἀνθρώπων.

472 4360 550 4415 E'.
579 4360 714 4413 Τότε
744 4356 1023 4429 ὀργισθεὶς
1078 4357 1108 4410 6
1137 4355 1364 4427 ἡγεμὼν
1395 4355 1682 4409 ἐκέλευσεν
1723 4353 1987 4426 βληθῆναι

402 4453 565 4509 αὐτὸν
598 4454 679 4516 είς
720 4450 963 4522 κοχλίαν,
1005 4447 1103 4503 καὶ
1129 4448 1375 4521 σφοδρῶς
1408 4446 1795 4519 βασανίζεσθαι
1825 4446 1988 4501 αὑτὸν

401 4546 577 4608 οὕτως
602 4544 837 4617 πικρῶς.
865 4538 1037 4596 Εἶπεν
1070 4543 1100 4595 ό
1128 4543 1432 4614 Σαπρίκιος
1455 4540 1536 4613 τῷ
1572 4542 1804 4612 ἡγεμόνι
1825 4558 1839 4573 ·
1892 4541 1989 4605 Είς

400 4641 501 4711 τὴν
523 4640 704 4711 σάρκα
728 4654 831 4709 μου
849 4635 1101 4701 ἐξουσίαν
1126 4633 1272 4706 ἔχεις
1298 4633 1563 4705 πράττειν
1589 4632 1689 4704 τὴν
1726 4632 1989 4705 ὠμότητά

405 4752 524 4800 σου,
556 4735 614 4787 ἐν
665 4732 722 4786 δὲ
752 4733 819 4802 τῇ
845 4728 993 4800 ψυχῇ
1021 4745 1125 4799 μου
1156 4725 1417 4797 οὐδεμίαν
1444 4723 1718 4791 ἐξουσίαν,
1767 4726 1817 4778 εί
1861 4722 1936 4796 μὴ
1958 4726 1988 4779 6

401 4826 610 4900 Κύριος
652 4824 858 4896 Ἰησοῦς
880 4822 1139 4894 Χριστὸς,
1166 4820 1196 4874 6
1219 4818 1411 4883 κτίσας
1435 4819 1628 4887 αὐτήν.
1678 4818 1789 4871 Καὶ
1813 4818 1987 4889 βασα-

402 4919 610 4984 νισθεὶς
638 4919 732 4972 ἐπὶ
770 4916 928 4981 πολὺ,
964 4914 1259 4985 ὑπέμεινεν
1281 4911 1378 4975 τὰς
1410 4910 1701 4983 βασάνους.
1755 4908 1902 4963 Ἰδὼν
1929 4910 1987 4965 δὲ

404 5013 434 5067 6
461 5009 743 5079 δικαστὴς,
799 5008 882 5061 ὅτι
938 5006 999 5059 οὔ
1050 5004 1229 5058 πείθει
1273 5001 1458 5066 αὑτὸν,
1495 5000 1868 5074 ἔδωκεναῦτῷ
1892 5002 1991 5075 τὴν

404 5104 680 5174 ἀπόφασιν
701 5099 874 5156 εἰπών
906 5116 921 5132 ·
963 5097 1262 5170 Σαπρίκιον
1287 5095 1378 5150 τὸν
1405 5094 1801 5168 πρεσϐύτερον,
1839 5096 1994 5166 βασι-

406 5198 575 5253 λικῶν
632 5192 1080 5267 προσταγμάτων
1129 5188 1580 5261 καταφρονοῦντα
1630 5188 1726 5242 καὶ
1759 5187 1990 5259 ἀνήκοον

324 5318 329 5323 ν
407 5289 670 5361 γεγονότα
727 5289 844 5351 τοῖς
902 5303 963 5340 τε
1014 5283 1306 5348 ἀθανάτοις
1351 5283 1494 5348 θεοῖς
1555 5284 1655 5354 μὴ
1684 5280 1989 5355 θελήσαντα

384 5452 392 5464 ’
479 5460 560 5532 (5)
586 5457 769 5541 Intus.
806 5476 826 5511 ι
863 5457 989 5514 Non
1012 5457 1341 5515 condonavit
1367 5456 1416 5513 ci
1451 5475 1467 5525 ;
1502 5474 1521 5509 ι
1559 5455 1784 5529 reliquis
1816 5458 1881 5513 ad
1918 5457 1986 5512 li-

407 5544 532 5587 nem
563 5545 799 5585 011113818-

478 5601 558 5669 (6)
594 5601 754 5655 Deest
794 5598 857 5671 in
890 5614 992 5654 ms.
1034 5608 1090 5653 et
1132 5601 1183 5653 in
1218 5598 1450 5656 Joannis
1478 5613 1693 5671 quoque
1728 5596 1982 5657 Sardium

410 5670 809 5739 archiepiscopi
831 5671 1099 5731 oratione,
1129 5671 1285 5724 urbis
1317 5685 1535 5726 nomen.

484 5740 564 5814 (5)
598 5739 697 5799 Ms.
720 5742 965 5799 Graecum
987 5757 1002 5797 :
1027 5757 1046 5793 ι
1078 5741 1147 5797 Es
1175 5740 1405 5798 clericus
1430 5756 1497 5797 an
1532 5739 1746 5799 laicus?
1778 5760 1798 5793 ι

2085 2331 2394 2401 persecutio
2439 2339 2494 2385 et
2525 2345 2720 2399 magna
2760 2330 2981 2385 aﬂlictio
3023 2330 3077 2384 in
3124 2328 3411 2384 Antiochia
3470 2327 3546 2394 (4)
3590 2329 3670 2382 ci-

2088 2425 2276 2489 vitate,
2304 2421 2397 2477 ubi
2442 2422 2601 2476 ambo
2629 2404 2952 2476 habitabant
2978 2437 2992 2474 :
3028 2429 3083 2474 et
3111 2418 3538 2489 apprehenditur
3567 2417 3670 2470 Sa-

2087 2511 2290 2582 pricius
2320 2518 2379 2565 ut
2401 2510 2763 2574 Christianus,
2795 2517 2851 2563 et
2884 2507 3117 2563 traditur
3149 2504 3363 2577 prmsidi
3396 2513 3488 2559 :et
3524 2506 3670 2558 stetit

2089 2598 2217 2659 an'te
2253 2606 2455 2672 ipsum,
2492 2614 2547 2660 et
2585 2603 2731 2676 dixit
2759 2604 2807 2658 ei
2857 2606 3110 2671 praeses:
3149 2601 3304 2667 Quod
3351 2608 3436 2653 est
3469 2612 3667 2651 nomen

2090 2707 2243 2752 tumn
2274 2696 2298 2750 ?
2333 2695 2429 2750 Ille
2480 2703 2662 2751 autem
2723 2695 2904 2750 dixit:
2940 2693 3119 2749 Vocor
3184 2689 3482 2759 Sapricius.
3533 2685 3671 2741 Dicit

2089 2801 2289 2853 praeses
2326 2803 2341 2840 :
2374 2785 2668 2854 Cujusnam
2703 2799 2762 2841 es
2816 2783 3030 2853 generis
3071 2780 3280 2835 ?'Dixit
3333 2776 3611 2846 Sapricius
3650 2794 3666 2833 :

2091 2879 2221 2935 Sum
2278 2879 2644 2934 Christianus.
2686 2877 2897 2933 Praeses
2946 2875 3130 2931 dixit:
3169 2872 3241 2928 Es
3290 2871 3525 2927 clericus
3558 2869 3674 2941 (5)?

2090 2971 2238 3027 Dixit
2289 2971 2618 3042 Sapricius:
2665 2969 2868 3026 Locum
2925 2977 3082 3023 teneo
3130 2963 3459 3036 presbyteri.
3535 2952 3672 3016 Dicit

2091 3080 2296 3137 praeses
2329 3082 2342 3118 :
2378 3065 2608 3133 Augusti
2658 3063 2832 3119 nostri
2863 3069 2916 3117 et
2961 3058 3172 3116 domini
3235 3057 3394 3127 hujus
3434 3054 3673 3125 regionis

2089 3164 2144 3211 et
2174 3155 2363 3209 [inium
2398 3153 2792 3219 Romanorum,
2821 3150 3142 3207 Valerianus
3170 3158 3224 3202 et
3260 3146 3466 3211 Gallus,
3498 3145 3671 3216 jusse-

2092 3259 2243 3314 runt,
2278 3256 2360 3314 ut,
2385 3248 2477 3318 qui
2509 3263 2570 3302 se
2601 3247 2788 3303 dicunt
2824 3261 2948 3301 esse
2970 3242 3333 3306 Christianos,
3368 3238 3671 3295 sacriﬁcent

2091 3341 2195 3396 diis
2223 3341 2630 3396 immortalibus
2660 3338 2762 3411 (6).
2800 3338 2856 3393 Si
2899 3338 3022 3408 quis
3049 3350 3175 3392 vero
3219 3334 3551 3403 despiciens,
3586 3344 3670 3385 re-

2092 3435 2238 3502 spuit
2300 3435 2404 3490 hoc
2456 3434 2720 3499 edicutm,
2759 3432 2890 3489 sciat
2927 3447 2987 3489 se
3038 3430 3270 3487 diversis
3300 3426 3586 3483 tormentis
3623 3434 3672 3478 et

2093 3526 2371 3597 suppliciis
2410 3525 2775 3595 plectendum,
2804 3531 2858 3579 et
2885 3523 2967 3580 sic
2994 3522 3316 3593 gravissima
3350 3527 3523 3574 morte
3558 3531 3673 3572 esse

2097 3618 2593 3673 condemnandum.
2626 3615 2906 3686 Sapricius
2935 3627 3117 3669 autem
3144 3622 3350 3679 astans,
3372 3611 3509 3664 dixit
3538 3624 3672 3680 prte-

2096 3712 2244 3765 sidi:
2288 3710 2396 3767 Nos
2445 3709 2766 3777 Christiani,
2814 3726 2844 3764 o
2899 3725 3114 3778 praeses,
3171 3694 3450 3761 Christum
3501 3704 3672 3759 Deum

2096 3805 2357 3860 habemus
2375 3804 2604 3874 Regem,
2624 3805 2879 3874 quoniam
2904 3805 3020 3874 ipse
3044 3814 3129 3859 est
3154 3802 3304 3859 solus
3335 3816 3497 3856 verus
3518 3798 3674 3862 Deus,

2095 3907 2150 3953 et
2185 3896 2416 3965 Greater
2443 3897 2568 3954 coeli
2600 3906 2654 3953 et
2687 3905 2846 3952 terra:
2870 3903 2923 3952 et
2963 3896 3151 3957 maris.
3183 3903 3236 3950 et
3265 3893 3507 3950 omnium
3558 3907 3674 3961 quae

2095 4000 2223 4047 sunt
2278 3990 2333 4046 in
2365 3990 2466 4047 eis.
2500 3989 2705 4047 Omnes
2736 4004 2870 4045 vero
2910 3989 2984 4044 dii
3031 3987 3273 4059 gentium
3306 3984 3596 4050 daemonia,
3626 3996 3674 4038 et

2096 4091 2325 4154 pereant
2380 4098 2408 4137 a
2471 4082 2613 4138 facie
2673 4083 2945 4139 universas
2983 4090 3165 4147 terrae,
3191 4081 3281 4150 qui
3317 4094 3422 4133 non
3452 4085 3674 4148 possunt

2096 4174 2258 4231 alicui
2282 4189 2438 4244 opem
2473 4172 2641 4243 ferre,
2680 4183 2775 4228 aut
2803 4173 3037 4244 aliquem
3064 4172 3258 4227 laedere
3276 4179 3368 4225 aut
3393 4168 3675 4239 impedire.

2096 4282 2220 4323 cum
2246 4267 2359 4321 sint
2381 4282 2544 4336 opera
2571 4282 2834 4322 manuum
2873 4267 3178 4323 hominum.

2166 4358 2236 4418 ν.
2272 4358 2425 4417 Tunc
2458 4362 2632 4416 iratus
2659 4376 2884 4432 praeses,
2921 4360 3086 4429 jussit
3124 4375 3246 4416 eum
3279 4359 3470 4430 projici
3503 4358 3555 4415 in
3583 4373 3674 4414 co-

2096 4452 2332 4521 chleam,
2369 4451 2573 4522 iubens
2603 4467 2723 4509 eam
2780 4453 3131 4508 vehementer
3165 4452 3374 4507 versari
3409 4450 3507 4521 (7).
3539 4449 3675 4505 Cum

2095 4545 2145 4601 is
2178 4561 2309 4618 ergo
2336 4551 2475 4602 adeo
2501 4547 2700 4603 acerbe
2729 4556 2786 4601 et
2812 4546 3111 4601 inhumane
3145 4552 3514 4615 torqueretur,
3542 4543 3674 4597 dixit

2098 4636 2380 4709 Sapricius
2412 4639 2629 4709 praesidi
2659 4657 2673 4694 :
2704 4639 2902 4695 Carnis
2932 4655 3068 4695 mea:
3108 4640 3278 4696 hahes
3309 4647 3673 4708 potestatem,

2096 4733 2294 4789 anima:
2325 4742 2507 4790 autem
2537 4748 2673 4790 mea:
2707 4743 3032 4805 petestatem
3076 4749 3185 4790 non
3217 4733 3404 4797 habes,
3439 4732 3532 4787 sed
3571 4731 3672 4786 Do-

2095 4826 2277 4881 minus
2306 4824 2467 4883 Jesus
2491 4826 2767 4892 Christus,
2803 4827 2897 4897 qui
2927 4842 3047 4882 eam
3077 4825 3308 4883 creavit.
3342 4823 3527 4893 Longo
3547 4838 3675 4878 vero

2024 4962 2068 5019 υ
2098 4928 2345 4990 tempore
2379 4929 2578 4987 tortus,
2605 4921 2863 4976 sustinuit
2918 4929 3211 4976 tormenta.
3266 4917 3401 4975 Cum
3452 4916 3671 4972 vidisset

2096 5023 2278 5065 autem
2308 5012 2637 5080 improbuset
2673 5015 2973 5070 maliliows
3006 5012 3176 5085 judex
3220 5027 3345 5068 eum
3398 5025 3507 5065 non
3554 5023 3650 5079 per

2093 5105 2332 5170 suaderi,
2378 5106 2498 5160 tulit
2546 5107 2599 5162 in
2648 5122 2774 5164 eum
2836 5106 3190 5172 sententiam,
3232 5106 3419 5161 dicens
3449 5102 3676 5172 :Sapri-

2092 5194 2234 5251 cium
2263 5199 2659 5269 presbyterum,
2706 5203 2799 5271 qui
2848 5202 3023 5257 edicta
3082 5197 3388 5255 contemnit
3436 5197 3675 5265 impera-

2093 5300 2296 5359 ιοτυιη,
2331 5303 2387 5350 et
2416 5309 2523 5349 non
2552 5294 2757 5364 paruit,
2795 5309 2896 5351 nec
2923 5294 3027 5351 diis
3074 5290 3472 5349 immortalibus
3510 5286 3677 5343 voluit

2167 5469 2246 5541 (6)
2282 5471 2446 5527 Addit
2471 5486 2573 5526 ms.
2608 5488 2626 5522 ι
2664 5479 2720 5527 et
2740 5469 2987 5541 aeternis.
3010 5484 3030 5518 ι

2168 5527 2401 5617 (ﬁliam
2456 5543 2637 5598 minus
2686 5540 2927 5617 perfecte
2977 5539 3031 5594 in
3082 5551 3183 5617 ms.
3213 5527 3677 5617 leguntur:

2096 5599 2451 5672 vehementer
2521 5599 2729 5671 versai'i
2793 5613 2928 5669 adeo
2969 5608 3225 5682 superbe.
3267 5599 3426 5662 'Dixit
3486 5599 3678 5670 Sapri-

2055 5688 2232 5745 cius.
2278 5705 2296 5739 ι
2344 5746 2349 5749 Α
