4160 6422
565 324 697 393 1371

1722 329 2004 391 MENSIS
2037 330 2134 390 FE
2146 327 2564 389 BRUARIUS.

3695 330 3843 397 13τῖ

564 443 899 507 sacriﬁcare,
939 451 997 498 ut
1024 443 1115 513 qui
1149 458 1179 498 a
1210 457 1307 513 spe
1337 442 1774 500 Christianorum
1818 459 1927 499 non
1958 445 2145 500 tulerit

2253 442 2432 504 θῦσαι,
2460 440 2537 503 ὡς
2562 439 2662 510 τῆς
2696 440 2913 505 ἐλπίδος
2946 440 3055 495 τῶν
3092 443 3437 515 Χριστιανῶν
3470 446 3732 502 ἐκπεσεῖν
3758 451 3843 521 μὴ

564 538 838 604 excidere,
860 536 1116 606 iubemus
1153 539 1291 594 tradi
1319 537 1593 609 supplicio
1638 538 1858 609 capitis.

645 716 735 771 Vi.
767 716 903 774 Cum
927 732 1059 789 ergo
1084 720 1202 788 ipse
1221 727 1388 774 .esset
1439 732 1713 789 egressus,
1744 728 1964 789 accepta
2005 735 2147 775 mar-

571 809 693 879 tyrii
725 810 1014 877 sententia,
1040 819 1096 864 et
1125 808 1489 877 festinaretjad
1518 810 1800 867 caelestem
1831 826 2095 866 coronam
2126 829 2142 879 ;

569 899 873 954 audivisset
924 911 1103 955 autem
1141 900 1201 955 S.
1235 898 1592 970 Nicephorus,
1652 918 1878 958 currens
1923 904 1973 958 ei
2017 918 2146 971 pro-

571 989 733 1043 cessit
770 989 1010 1051 obviam,
1039 999 1097 1045 et
1123 1006 1185 1046 se
1208 991 1424 1059 proiicit
1446 994 1513 1048 ad
1553 995 1715 1062 pedes
1743 993 1879 1064 ejus,
1917 992 2143 1049 dicens:

570 1078 776 1151 Martyr
799 1080 1025 1145 Christi,
1054 1083 1271 1153 ignosce
1303 1084 1458 1148 mihi,
1479 1086 1733 1153 quoniam
1755 1086 1974 1155 peccavi
1996 1085 2048 1140 in
2073 1094 2144 1140 te.

545 1169 667 1248 .llle
721 1181 904 1226 autem
954 1172 1093 1227 nihil
1157 1177 1206 1227 ei
1270 1176 1946 1243 respondit:exctecatum
2004 1180 2144 1233 enim

571 1261 748 1330 fuerat
788 1277 880 1316 cor
907 1263 1022 1332 ejus
1053 1282 1087 1318 a
1116 1265 1254 1318 malo
1274 1267 1535 1320 dwmone.
1571 1264 1630 1322 S.
1663 1266 2001 1337 Nicephorus
2021 1285 2148 1324 eum

571 1367 765 1408 rursus
800 1356 1064 1421 praevenit
1110 1370 1206 1425 per
1248 1357 1414 1411 aliam
1474 1359 1639 1425 viam,
1675 1368 1731 1415 et
1774 1363 1822 1414 el
1877 1361 2147 1429 occurrit,

572 1445 885 1515 priusquam
931 1448 1047 1515 ipse
1105 1449 1457 1518 egrederetur
1483 1466 1515 1506 e
1564 1451 1806 1517 civitate,
1843 1461 1898 1508 et
1933 1453 2144 1523 rogavit

569 1551 717 1600 eitum,
766 1537 951 1591 dicens
984 1555 1000 1594 :
1031 1537 1237 1610 Martyr
1272 1540 1522 1605 ,Christi,
1564 1545 1830 1600 .condona
1891 1545 2024 1600 mihi
2060 1561 2146 1607 ea.

571 1646 694 1697 quin
718 1630 770 1684 in
805 1638 856 1683 te
889 1632 1107 1699 peccavi
1137 1644 1195 1686 ut
1222 1635 1404 1689 homo.
1440 1633 1579 1690 Ecce
1626 1636 1772 1690 enim
1828 1636 1895 1692 de
1951 1646 2149 1692 caetero

571 1723 698 1776 data
722 1732 806 1777 est
835 1723 929 1779 tibi
963 1739 1162 1779 corona
1196 1740 1226 1779 a
1254 1726 1498 1793 Christo,
1536 1744 1697 1798 quem
1750 1745 1857 1784 non
1913 1732 2145 1800 negasti,

2249 533 2645 603 ἀνασχόμενον,
2679 536 2955 607 κεφαλικῇ
2984 535 3230 608 τιμωρίᾳ
3254 537 3631 609 παραδοθῆναι
3662 556 3844 610 προσ-

2247 627 2447 679 τάττω.
3177 649 3183 658 ·
3510 650 3513 653 ·

2319 721 2409 785 ς’.
2451 719 2541 773 Ἐν
2571 720 2649 791 τῷ
2681 714 2775 773 οὖν
2802 719 3041 786 ἐξελθεῖν
3094 720 3258 774 αὐτὸν
3305 719 3540 774 λαϐόντα
3568 722 3668 793 τὴν
3694 724 3847 778 ἀπό-

2249 827 2411 878 φασιν
2431 812 2527 864 τοῦ
2566 811 2871 884 μαρτυρίου
2905 812 3003 864 καλ⁵
3035 811 3176 881 πρὸς
3200 811 3295 865 τὸν
3339 812 3592 883 οὐράνιον
3630 814 3851 884 στέφα-

2248 918 2340 955 νον
2371 903 2692 968 σπεύδοντα,
2725 903 2966 968 ἀκούσας
2988 905 3016 957 6
3042 902 3199 972 ἅγιος
3225 903 3562 975 Νικηφόρος,
3584 907 3684 961 καὶ
3704 905 3849 975 δρα-

2251 990 2368 1061 μὼν
2403 993 2713 1063 ὑπήντησεν
2767 992 2938 1061 αὐτῷ,
2992 993 3087 1046 καὶ
3121 994 3308 1065 ῥίπτει
3342 994 3537 1048 ἑαυτὸν
3587 998 3669 1058 εἰς
3709 997 3849 1060 τοὺς

2248 1082 2417 1146 πόδας
2456 1083 2622 1137 αὑτοῦ
2654 1083 2864 1152 λέγων·
2897 1084 3126 1156 Μάρτυς
3180 1082 3275 1137 τοῦ
3323 1080 3584 1155 Χριστοῦ,
3619 1084 3856 1154 συγχώ-

2250 1174 2417 1245 ρησόν
2445 1191 2535 1245 μοι
2564 1174 2667 1236 ἔτι,
2699 1174 2951 1245 ἥμαρτον
2990 1174 3072 1235 είς
3100 1172 3162 1226 σέ
3186 1189 3203 1205 ·
3252 1175 3461 1237 ἐκεῖνος
3490 1173 3546 1226 δὲ
3590 1175 3690 1227 οὐκ
3735 1174 3851 1227 ἀπ-

2250 1266 2443 1336 εκρίθη
2499 1266 2650 1337 αὐτῷ
2695 1267 2880 1334 λόγον.
2941 1265 3000 1318 '0
3028 1266 3085 1318 δὲ
3119 1266 3276 1334 ἅγιος
3321 1265 3642 1335 Νικηφόρος
3673 1265 3850 1320 πάλιν

2251 1352 2630 1422 προλαμϐάνει
2658 1355 2853 1407 ἑαυτὸν
2879 1353 2945 1408 δι’
2968 1352 3137 1423 ἄλλης
3163 1353 3285 1407 ὁδοῦ
3311 1355 3406 1406 καὶ
3425 1356 3664 1425 συναντᾷ
3685 1353 3850 1423 αὐτῷ

2251 1444 2365 1515 πρὸ
2396 1443 2491 1496 τοῦ
2520 1444 2756 1509 ἐξελθεῖν
2788 1445 2892 1515 τὴν
2922 1445 3077 1498 πόλιν
3116 1444 3213 1498 καλ⁸
3240 1445 3420 1498 ἐδέετο
3448 1443 3611 1498 αὐτοῦ
3636 1445 3846 1512 λέγων’

2253 1535 2453 1603 Δέομαί
2480 1552 2594 1601 σου,
2618 1537 2829 1606 μάρτυς
2859 1536 2952 1589 τοῦ
2977 1537 3239 1608 Χριστοῦ,
3263 1536 3350 1600 δός
3377 1554 3467 1606 μοι
3502 1536 3852 1607 συγγνώμην

2252 1628 2350 1683 καὶ
2392 1627 2771 1699 συγχώρησον,
2821 1622 2895 1682 ὧν
2918 1629 2998 1692 είς
3026 1629 3086 1681 σὲ
3133 1629 3388 1699 ἥμαρτον
3416 1628 3492 1691 ὡς
3520 1629 3848 1699 ἄνθρωπος.

2267 1720 2400 1774 Ἰδοὺ
2429 1718 2618 1775 λοιπὸν
2643 1722 2672 1773 6
2697 1720 2965 1789 στέφανός
3006 1738 3090 1774 σοι
3145 1722 3349 1775 δίδοται
3400 1721 3552 1792 παρὰ
3604 1721 3851 1790 Κυρίου,

572 1812 667 1866 sed
707 1812 988 1870 confessus
1013 1829 1072 1871 es
1109 1832 1302 1872 nomen
1321 1819 1438 1888 ejus
1479 1829 1724 1875 sanctum
1746 1835 1926 1876 coram
1962 1822 2146 1878 multis

2253 1809 2308 1863 ὃν
2362 1810 2464 1863 οὐκ
2512 1810 2757 1880 ἠρνήσω,
2808 1786 2929 1863 ἀλλ’
2977 1810 3341 1881 ὡμολόγησας
3376 1786 3541 1865 αὐτόν
3599 1786 3847 1865 ἐνώπιον

573 1905 822 1960 testibus.
856 1904 946 1961 llle
973 1917 1151 1962 autem
1181 1909 1350 1964 durus
1381 1921 1428 1964 et
1473 1912 1848 1981 implacabilis,
1894 1914 2022 1969 odio
2052 1930 2146 1968 cor

576 1992 784 2049 habens
813 1995 1169 2060 obcazcatum,
1218 2014 1393 2068 neque
1423 2000 1471 2055 ei
1522 2001 1670 2055 dedit
1698 2004 1931 2069 veniam,
1972 2018 2147 2073 neque

569 2087 620 2139 ei
652 2087 875 2141 verbum
908 2089 1078 2143 voluit
1104 2078 1455 2160 respondere,
1489 2092 1626 2152 adeo
1657 2103 1715 2148 ut
1755 2094 1855 2165 ipsi
1910 2095 2139 2152 lictores

570 2176 816 2231 dicerent
863 2180 922 2234 S.
987 2179 1346 2250 Nicephoro:
1404 2183 1536 2257 Tam
1589 2184 1815 2240 stultum
1865 2185 2148 2243 hominem

568 2281 848 2336 nunquam
900 2269 1151 2324 vidimus.
1188 2269 1342 2326 Vadit
1372 2271 1440 2327 ad
1475 2273 1800 2343 supplicium
1822 2277 2045 2347 capitis,
2093 2285 2150 2332 et

570 2360 845 2428 quomodo
877 2363 1015 2430 petis
1040 2364 1253 2418 veniam
1285 2365 1351 2420 ab
1378 2380 1465 2432 eo,
1501 2368 1592 2438 qui
1637 2366 1747 2435 jam
1780 2379 1866 2424 est
1922 2373 2148 2427 moritu-

571 2450 720 2504 rus?
758 2452 892 2506 Dicit
928 2454 1009 2509 cis
1060 2454 1120 2510 S.
1176 2452 1514 2526 Nicephosz
1551 2475 1567 2515 :
1598 2459 1855 2528 Nescitis,
1890 2463 2020 2533 quid
2049 2478 2145 2535 pec

573 2550 684 2598 tam
713 2559 742 2599 a
777 2545 1092 2604 coniessore
1116 2548 1320 2607 Christi
1357 2569 1372 2606 :
1407 2551 1549 2609 Deus
1587 2560 1770 2609 autem
1813 2556 1943 2611 scit.
1982 2618 1994 2625 λ
2026 2583 2033 2590 -

643 2720 754 2778 VII.
795 2724 1012 2780 Etcum
1044 2727 1286 2783 venisset
1316 2727 1382 2782 ad
1416 2727 1616 2795 locum,
1653 2729 1708 2782 in
1745 2744 1855 2799 quo
1897 2739 2018 2785 erat
2061 2731 2148 2786 in-

528 2890 532 2894 ι
576 2816 910 2872 terimendus
944 2817 1246 2885 Sapricius,
1282 2835 1470 2874 rursus
1503 2821 1553 2876 ei
1583 2821 1721 2876 dixit
1766 2821 2104 2892 Nicephorus
2132 2841 2146 2877 :

571 2906 721 2977 llogo
762 2918 832 2977 te,
865 2919 1068 2981 martyr
1106 2910 1325 2978 Christi,
1355 2915 1562 2982 ignosce
1614 2915 1744 2968 mihi
1787 2914 1836 2969 si
1875 2915 2002 2986 quid
2033 2931 2153 2985 pec-

2246 1901 2459 1956 πολλῶν
2494 1901 2813 1973 μαρτύρων.
2867 1903 3108 1966 Ἐκεῖνος
3169 1903 3226 1957 δὲ
3293 1904 3710 1974 πεπωρωμένην
3740 1903 3852 1974 τὴν

2245 1992 2476 2064 καρδίαν
2519 1992 2682 2062 ἔχων,
2722 1991 2848 2046 οὔτε
2895 1992 3230 2065 συγγνώμην
3260 1994 3413 2065 αὐτῷ
3451 1996 3683 2048 δέδωκεν
3712 1993 3852 2047 οὔτε

2246 2085 2368 2139 τινὰ
2391 2083 2551 2153 λόγον
2571 2084 2836 2154 ἠθέλησεν
2864 2084 3015 2156 αὐτῷ
3058 2084 3453 2156 ἀποκριθῆναι,
3488 2084 3562 2150 ὡς
3602 2087 3697 2139 καὶ
3738 2086 3857 2138 αὖ·

2246 2177 2375 2240 τοὺς
2431 2175 2560 2240 τοὺς
2612 2175 2842 2246 δημίους
2901 2176 3083 2245 λέγειν
3140 2177 3279 2248 πρὸς
3331 2176 3425 2229 τὸν
3482 2177 3851 2247 Νικηφόρον·

2249 2266 2506 2322 Τοιοῦτον
2540 2266 2724 2339 μωρὸν
2760 2266 3051 2338 ἄνθρωπον
3082 2269 3182 2321 οὐκ
3210 2267 3425 2338 είδομέν
3460 2284 3591 2322 ποτε
3618 2284 3631 2298 ·
3672 2270 3756 2332 είς
3789 2268 3856 2331 τὸ

2249 2359 2763 2430 ἀποκεφαλισθῆναι
2796 2361 3000 2430 ὑπάγει
3022 2360 3119 2414 καὶ
3150 2361 3303 2432 παρὰ
3336 2358 3628 2431 ἀνθρώπου
3671 2360 3854 2416 θανα-

2252 2453 2411 2524 σίμου
2439 2452 2790 2523 συγχώρησιν
2821 2455 3034 2520 αἰτείς;
3078 2452 3174 2509 καὶ
3208 2452 3357 2522 λέγει
3394 2455 3423 2507 6
3475 2454 3629 2521 ἅγιος
3663 2453 3855 2524 Νικη-

2252 2544 2417 2616 φόρος
2440 2560 2454 2574 ο
2489 2543 2605 2596 Οὐκ
2628 2544 2829 2608 οἴδατε,
2865 2544 2918 2598 τί
2950 2544 3209 2616 αἰτοῦμαι
3244 2544 3336 2598 τὸν
3379 2544 3722 2618 όμολογητὴν
3745 2545 3853 2599 τοῦ

2249 2633 2489 2706 Χριστοῦ
2512 2651 2526 2665 ·
2552 2637 2580 2688 6
2608 2633 2739 2697 Θεὸς
2764 2634 3043 2704 γινώσκει.

2319 2724 2393 2781 Z'.
2432 2727 2543 2782 Καὶ
2573 2726 2744 2780 ἐλθὼν
2793 2728 2889 2780 ἐπὶ
2916 2728 3006 2780 τὸν
3032 2728 3197 2781 τόπον
3233 2727 3368 2781 ὅπου
3415 2726 3650 2798 ἤμελλεν
3683 2729 3851 2782 ἀναι-

2253 2821 2463 2893 ρεῖσθαι
2488 2823 2516 2874 ό
2551 2819 2876 2890 Σαπρίκιος,
2908 2820 3064 2888 ἔλεγε
3094 2819 3257 2873 πάλιν
3286 2822 3315 2873 6
3339 2819 3495 2887 ἆγιος
3524 2802 3853 2891 Νικηφόρος

2252 2913 2388 2984 πρὸς
2415 2913 2601 2978 αὑτὸν.
2635 2913 2760 2967 Ὀτι
2789 2913 3126 2983 γέγραπται,
3165 2930 3184 2963 ι
3228 2909 3461 2977 Αίτείτε,
3489 2914 3583 2965 καὶ
3611 2911 3851 2981 δοθήσε-

583 3003 721 3065 cari,
760 3012 815 3054 ut
860 3003 1034 3057 homo.
1069 3002 1344 3074 Scriptum
1389 3015 1474 3060 est
1508 3005 1652 3060 enim
1691 3006 1713 3038 ³
1752 3026 1765 3061 :
1803 3025 1822 3059 t
1865 3005 2062 3074 Potite,
2098 3018 2148 3064 et

2253 3022 2344 3058 ται
2375 3006 2534 3075 ὑμῖν·
2563 3005 2800 3076 ζητεῖτε,
2828 3006 2919 3057 καὶ
2948 3004 3214 3075 εὑρήσετε
3241 3020 3255 3034 ·
3286 3002 3541 3075 κρούετε.
3569 3004 3665 3058 καὶ⁵
3688 3004 3852 3058 ἀνοι-

567 3091 792 3145 dabitur
817 3091 973 3148 vobis
1001 3092 1101 3164 (8).
1151 3112 1171 3145 ι
1201 3094 1305 3150 Sed
1327 3110 1392 3150 eo
1410 3095 1525 3150 haec
1551 3097 1773 3152 dicente
1795 3106 1849 3152 et
1881 3115 2003 3169 qua:
2029 3107 2148 3155 sunt

2258 3098 2485 3165 γήσεται
2518 3098 2670 3168 ὑμῖν.
2713 3116 2732 3149 ι
2779 3095 2943 3150 Ἀλλὰ
2966 3095 3139 3149 ταῦτα
3175 3096 3361 3149 καὶτὰ
3391 3095 3616 3150 τοιαῦτα
3650 3095 3853 3164 λέγον-

573 3185 662 3239 his
687 3184 906 3252 similia,
937 3203 1042 3241 non
1067 3187 1273 3241 audivit
1295 3202 1472 3243 saevus
1491 3198 1549 3243 et
1569 3189 1736 3244 durus
1767 3191 2016 3246 amicus:
2052 3207 2148 3247 nec

2258 3204 2348 3251 τος
2369 3187 2554 3255 αὐτοῦ,
2586 3189 2687 3241 οὐκ
2718 3189 2917 3259 ἧκουεν
2961 3190 2989 3243 6
3033 3189 3401 3260 σκληρότατος
3428 3190 3602 3258 φίλος,
3635 3187 3759 3242 οὔτε
3787 3191 3853 3244 δὲ

569 3278 741 3345 ﬂexus
764 3290 847 3331 est
868 3277 1073 3335 sodalis
1099 3280 1570 3349 asperritnus,'uec
1609 3282 1711 3351 fuit
1731 3282 1973 3335 mollitus
2011 3292 2154 3336 totus

567 3367 895 3437 inﬂexibilis.
967 3368 1091 3423 Non
1135 3370 1274 3423 enim
1307 3369 1506 3424 audivit
1543 3371 1677 3424 illud
1701 3386 1718 3423 :
1740 3370 1935 3440 Diliges
1968 3370 2156 3424 Domi-

570 3476 697 3512 rmm
729 3459 888 3513 Deum
920 3477 983 3514 ea:
1004 3470 1112 3514 toto
1140 3464 1294 3516 corde
1318 3471 1428 3526 tuo,
1453 3464 1815 3529 etproximum
1859 3464 2154 3516 tuttmst'cut

571 3551 830 3619 teipsum‘
858 3570 872 3606 :
898 3551 989 3606 sed
1018 3553 1215 3609 clausit
1240 3569 1397 3607 aures
1422 3554 1594 3608 cordis
1621 3559 1706 3608 sui
1725 3563 1773 3607 et
1808 3553 2067 3623 corporis,
2098 3561 2158 3606 ut

572 3643 721 3714 aspis
757 3646 920 3698 surda
949 3654 1004 3699 et
1039 3644 1252 3711 clauda,
1292 3659 1411 3712 quae
1467 3660 1574 3699 non
1623 3645 1905 3700 exaudivit
1961 3658 2148 3697 vocem

2257 3280 2574 3350 ἐκάμπτετο
2623 3281 2651 3331 6
2689 3280 3030 3353 τραχύτατος
3088 3282 3412 3353 ἀγαπητός·
3455 3282 3699 3335 ἔκλεισεν
3731 3282 3855 3353 γὰρ

2258 3371 2328 3424 τὰ
2373 3365 2488 3425 ὦτα
2515 3371 2680 3425 αὑτοῦ
2739 3372 2813 3436 ώς
2868 3373 3036 3435 ἀσπὶς
3068 3372 3227 3444 κωφὴ
3266 3375 3363 3429 καὶ
3392 3372 3564 3444 βωϐὴ,
3594 3374 3712 3443 ἥτις
3737 3375 3853 3428 οὐκ

2258 3461 2644 3523 είσακούσεται
2707 3460 2891 3533 φωνὴν
2954 3462 3269 3533 ὲπᾴδοντος.
3328 3462 3427 3526 Διά
3455 3463 3613 3516 τοῦτο
3662 3464 3758 3517 καὶ
3815 3464 3848 3516 6

2258 3551 2496 3621 ἀψευδὴς
2526 3550 2729 3623 Κύριος
2758 3547 2911 3606 εἶπεν
2937 3568 2950 3582 ⁸
2981 3571 2998 3606 t
3042 3553 3168 3607 Ἐὰν
3193 3554 3267 3625 μὴ
3289 3555 3487 3625 ἀφῆτε,
3507 3555 3605 3608 οὐκ
3630 3554 3848 3627 ἀφεθή-

2263 3661 2414 3699 σεται
2451 3645 2605 3715 ὑμῖν.
2641 3662 2661 3696 ι

572 3741 988 3795 incantantium.
1011 3740 1303 3811 Propterea
1327 3742 1418 3812 qui
1442 3758 1725 3810 personam
1748 3757 1850 3795 non
1891 3740 2164 3810 respicit“,
2195 3750 2250 3796 et
2287 3757 2450 3797 verus
2472 3753 2558 3796 est
2583 3739 2846 3796 Dominus
2876 3742 2966 3812 qui
3006 3741 3140 3795 dixit
3177 3760 3191 3798 :
3231 3759 3251 3795 ι
3293 3741 3349 3798 Si
3381 3759 3485 3799 non
3521 3743 3853 3800 remiseritis

573 3834 883 3888 hominibus
913 3834 1108 3890 delicta
1135 3849 1348 3902 eorum,
1399 3851 1562 3903 neque
1598 3834 1759 3889 Pater
1808 3844 1974 3887 vester
2026 3833 2250 3889 caelestis
2316 3835 2539 3888 remittet
2583 3834 2723 3888 vobis
2778 3834 2972 3889 delicta
3038 3846 3211 3892 uestra
3262 3836 3283 3868 ⁸
3317 3855 3329 3891 :
3361 3847 3410 3891 et
3447 3837 3499 3891 in
3538 3854 3644 3893 aua
3692 3857 3846 3903 men-
3889 3903 3897 3908 ,

570 3942 697 3978 sura
724 3927 953 3980 metieris
978 3927 1138 3997 fratri
1159 3938 1268 3993 tuo,
1298 3930 1354 3982 in
1380 3944 1441 3981 ea
1486 3928 1792 3983 remetietur
1812 3927 1928 3982 tibi.
1954 3946 1995 3979 ι·

648 4021 779 4077 Vlll.
809 4024 1070 4078 Dominus
1099 4039 1219 4079 cum
1241 4023 1469 4079 vidisset
1495 4040 1623 4080 eum
1660 4025 1805 4080 nulla
1830 4025 1984 4094 tangi
2020 4039 2150 4095 pro-

2333 4017 2414 4075 ll'.
2459 4018 2605 4072 Ἰδὼν
2633 4018 2796 4073 αὐτὸν
2824 4017 3028 4072 ὅτιούκ
3059 4015 3321 4089 ἐκάμφθη
3343 4014 3470 4071 οὔτε
3491 4011 3638 4088 εἶχεν
3667 4016 3850 4087 ἔλεον,

573 4115 709 4168 limi
749 4115 1120 4170 misericordia
1153 4115 1254 4185 (9),
1285 4116 1407 4186 jure
1433 4133 1556 4172 eum
1583 4118 1818 4188 privavit
1847 4133 2015 4186 regno
2054 4132 2148 4173 suo

2259 4111 2385 4166 οὗτε
2443 4110 2786 4181 συμπάθειαν
2844 4109 2981 4182 πρὸς
3026 4109 3120 4164 τὸν
3180 4109 3412 4181 πλησίον
3464 4110 3654 4176 αὐτοῦ,
3707 4110 3852 4167 ἀλλὰ

574 4206 952 4262 cmlestissitno
970 4207 1103 4276 (10),
1129 4207 1217 4263 ille
1244 4223 1373 4264 vero
1388 4187 1629 4279 vseipsum
1654 4210 1907 4265 alienavit
1930 4226 1958 4263 a
1979 4211 2148 4281 gratia

2258 4204 2617 4261 ἀδιάλλακτον
2682 4206 2863 4276 μῖσος,
2929 4202 3226 4276 ἐστέρησεν
3274 4202 3438 4258 αὐτὸν
3488 4201 3591 4274 τῆς
3647 4203 3851 4259 ἑαυτοῦ

573 4298 787 4354 caelesti
821 4307 877 4353 et
900 4298 969 4352 ab
1003 4300 1224 4355 aeternis
1266 4299 1361 4354 Dei
1400 4302 1577 4368 bonis,
1611 4312 1833 4372 propter
1883 4301 2093 4371 injuria:
2119 4317 2150 4357 a

575 4388 745 4444 fratre
774 4397 1014 4460 acceptae
1051 4391 1479 4446 recordationem
1509 4407 1523 4446 :
1556 4400 1611 4448 et
1641 4394 1876 4449 maxime
1919 4394 2065 4465 quod
2097 4393 2151 4448 in

570 4496 890 4553 germanum
923 4492 979 4538 et
1034 4492 1271 4544 veterem
1324 4485 1559 4541 amicum
1594 4485 1783 4543 fuisset
1820 4481 2002 4542 animo
2025 4503 2151 4543 cru-

571 4572 702 4638 deli,
738 4574 959 4629 immani
984 4585 1037 4630 et
1069 4577 1533 4633 irreconciliabili.
1562 4576 1717 4634 Tunc
1767 4579 1958 4635 dicunt
1986 4580 2145 4636 licto-

573 4680 665 4720 res
693 4665 983 4736 Sapricio:
1022 4664 1209 4723 Flecte
1237 4684 1408 4738 genua
1441 4680 1554 4735 tua,
1584 4681 1638 4726 ut
1689 4679 1855 4743 caput
1899 4672 1992 4726 tibi
2018 4687 2149 4726 am-

573 4767 813 4829 putetur.
846 4759 988 4814 Dicit
1017 4769 1197 4815 autetn
1238 4762 1318 4817 eis
1349 4759 1629 4830 Sapricius
1658 4781 1671 4817 :
1699 4761 1877 4830 Quare
1900 4765 1923 4818 ?
1950 4763 2153 4820 Dicunt

574 4851 623 4902 ci
660 4850 881 4905 liotores
916 4866 931 4905 :
963 4851 1228 4917 Quoniam
1267 4847 1483 4908 noluisti
1529 4853 1633 4908 diis
1675 4854 2012 4917 sacriﬁcare,
2057 4854 2154 4909 sed

575 4941 951 5009 contempsisti
974 4941 1210 4995 edictum
1238 4943 1583 5011 imperatoris
1605 4954 1827 5014 propter
1850 4943 2149 5009 hominem,

573 5033 665 5101 qui
698 5032 895 5086 dicitur
920 5032 1190 5088 Christus.
1224 5033 1352 5088 Haec
1384 5049 1505 5090 cum
1554 5035 1816 5090 audiisset
1852 5035 2014 5088 miser
2053 5035 2156 5090 Sa-

578 5125 807 5192 pricius,
853 5127 1133 5195 respondit
1169 5128 1474 5193 lictoribus,
1512 5129 1648 5182 hanc
1679 5130 1934 5182 miseram
1960 5139 2008 5182 et
2053 5130 2153 5181 tri-

573 5226 705 5270 stem
737 5234 934 5284 vocem,
967 5219 1154 5275 dicens
1189 5238 1203 5275 :
1234 5219 1412 5276 Nolite
1443 5235 1527 5274 me
1557 5220 1742 5275 ferire.
1774 5220 1939 5274 Facio
1980 5222 2149 5285 enim,

573 5328 695 5382 quae
748 5313 1031 5382 jusserunt
1092 5311 1475 5382 imperatores,
1507 5320 1563 5366 et
1592 5311 1696 5366 diis
1746 5311 2021 5367 sacriﬁco.
2066 5310 2157 5367 Sic

2254 4297 2406 4361 θείας
2437 4297 2682 4366 χάριτος,
2719 4294 2923 4365 μᾶλλον
2948 4294 3005 4347 δὲ
3062 4296 3269 4360 ἐκεῖνος
3326 4295 3606 4367 ἀλλότριον
3649 4295 3850 4350 ἑαυτὸν

2255 4388 2515 4458 ἐποίησεν
2544 4388 2646 4455 τῆς
2673 4385 2763 4440 ἐπ’
2793 4386 3049 4459 οὐρανίου
3080 4388 3302 4459 χάριτος
3323 4387 3412 4441 διὰ
3450 4386 3548 4459 τὴν
3576 4387 3715 4457 πρὸς
3751 4389 3851 4441 τὶν

2254 4478 2481 4547 ἀδελφὸν
2540 4477 2635 4532 καὶ
2703 4479 2939 4549 μάλιστα
3006 4477 3162 4547 φίλον
3216 4480 3444 4551 γνήσιον
3473 4479 3568 4533 καὶ
3614 4479 3850 4551 ἀρχαῖον

2255 4571 2517 4642 ὠμότητα
2550 4572 2644 4625 καὶ
2675 4569 3053 4641 ἀσπλαγχνίαν
3094 4572 3191 4644 κα).
3246 4571 3604 4627 ἀδιάλλακτον
3645 4572 3851 4640 προαί-

2259 4680 2433 4734 ρεσιν.
2459 4662 2596 4717 Τότε
2621 4662 2875 4732 λέγουσιν
2896 4664 2947 4715 οἱ
2983 4663 3170 4734 δήμιοι
3196 4664 3332 4735 πρὸς
3363 4664 3456 4718 τὸν
3503 4663 3809 4736 Σαπρίκιον
3831 4681 3846 4696 ·

2258 4755 2492 4826 Κάμψον
2520 4757 2589 4810 τὰ
2621 4756 2826 4825 γόνατά
2886 4772 3003 4821 σου,
3067 4756 3157 4810 ἵνα
3199 4755 3670 4827 ἀποκεφαλισθῇς.
3734 4757 3850 4810 Καὶ

2257 4847 2408 4915 λέγει
2429 4850 2455 4902 6
2478 4847 2777 4919 Σαπρίκιος
2797 4864 2811 4879 ·
2843 4849 2940 4902 Atii
2964 4847 3018 4900 τί
3040 4864 3054 4913 ;
3086 4847 3356 4915 Λέγουσιν
3377 4847 3526 4918 αὐτῷ
3547 4863 3560 4877 ’
3593 4847 3720 4900 Ὅτι
3746 4850 3851 4902 οὐκ

2256 4939 2534 5012 ἠθέλησας
2560 4939 2746 5003 θῦσαι,
2774 4938 2914 4993 ἀλλὰ
2940 4938 3375 5015 προστάγματος
3423 4938 3849 5010 κατεφρόνησας

2256 5033 2324 5086 δι’
2355 5032 2646 5103 ἄνθρωπον
2672 5032 2971 5103 λεγόμενον
3001 5031 3261 5101 Χριστόν.
3318 5012 3512 5086 Ταῦτα
3542 5032 3788 5095 ἀκούσας
3820 5033 3851 5083 6

2257 5124 2439 5188 ἄθλιος
2472 5124 2796 5193 Σαπρίκιος,
2850 5123 3125 5195 ἀπεκρίθη
3159 5124 3296 5197 πρὸς
3332 5124 3460 5186 τοὺς
3493 5124 3724 5195 δημίους
3758 5122 3852 5176 λέ-

2256 5233 2394 5287 γων·
2420 5216 2512 5287 Μὴ
2536 5216 2792 5287 θελήσετέ
2824 5232 2891 5287 με
2922 5215 3187 5288 κροῦσαι·
3222 5216 3364 5270 ποιῶ
3403 5216 3503 5289 γὰρ
3531 5215 3601 5270 τὰ
3627 5214 3854 5269 κελευό-

2270 5326 2410 5380 μενα
2433 5290 2585 5378 παρὰ
2612 5310 2720 5362 τῶν
2752 5307 3016 5379 βασιλέων
3054 5308 3231 5379 ὑμῶν,
3270 5310 3365 5363 καὶ
3402 5307 3515 5363 θύω
3537 5309 3651 5371 τοῖς
3681 5306 3850 5370 θεοῖς.

653 5494 674 5527 ⁸
705 5493 895 5550 Matth.
923 5510 1014 5562 νη,
1043 5496 1093 5551 7.
1145 5496 1166 5527 ⁵
1187 5495 1380 5551 Matth.
1406 5510 1537 5561 xxn,
1566 5492 1658 5550 37.
1738 5491 1758 5523 ⁵
1788 5491 1982 5547 Matth.
2016 5507 2090 5559 vr,
2128 5491 2212 5546 l5.
2286 5493 2304 5522 "
2331 5490 2523 5547 Matth.
2558 5506 2653 5559 vn,
2690 5492 2745 5546 2.

653 5659 729 5726 (8)
760 5657 920 5711 Addit
947 5672 1049 5710 ms.
1083 5672 1099 5711 :
1131 5676 1148 5708 ς
1189 5655 1426 5724 Quaerite
1455 5663 1510 5711 ct
1533 5652 1840 5722 invenietis,
1874 5651 2083 5724 pulsate
2111 5661 2164 5708 ct

585 5731 863 5791 aperietur
888 5727 1060 5783 vobis.
1096 5745 1113 5779 ι

2348 5658 2423 5718 tu)
2456 5650 2617 5705 Addit
2645 5665 2747 5705 ms.
2788 5669 2806 5700 ι
2841 5650 2934 5704 sed
2966 5649 3307 5717 implacabile
3327 5649 3511 5710 odium
3541 5662 3797 5708 servare.
3826 5666 3849 5700 ι

2351 5722 2463 5792 (l0)
2498 5720 2599 5778 Ms.
2634 5738 2653 5773 ι
2692 5722 2864 5792 gratia
2901 5719 3129 5777 cmlesti.
3168 5738 3187 5773 ι
