4160 6420
327 334 465 396 1373

1555 336 1734 396 νιΤΑ
1781 335 1845 394 S.
1894 335 2317 400 NICEPﬂORI
2328 381 2343 393 .

3442 343 3582 408 1TH

320 442 507 506 οὕτως
528 443 837 513 ἐτύφλωσεν
866 446 1032 500 αὑτὸν
1059 449 1091 518 ἡ
1120 444 1478 518 μνησικακία,
1508 445 1603 498 καὶ
1627 445 1903 515 ἀπέστησε

2027 462 2133 502 tum
2159 449 2455 505 excusavit
2477 449 2687 516 odium,
2717 459 2771 506 et
2801 451 2868 506 ab
2889 464 2954 506 eo
2971 451 3198 508 abduxit
3223 451 3316 508 Dei
3333 456 3588 525 gratiam.

317 538 419 606 τὴν
456 535 616 606 χάριν
649 537 745 590 ἀπ’
766 537 954 592 αὐτοῦ.
1001 537 1058 591 Ὀ
1088 539 1198 609 γὰρ
1225 537 1313 591 διά
1343 535 1616 590 τοσούτων
1649 536 1902 607 βα”σάνων

321 630 398 701 μὴ
417 631 796 702 ἀρνησάμενος
834 630 926 695 τὸν
963 630 1169 700 Κύριον
1201 630 1359 702 ἡμῶν
1411 629 1620 700 Ἰησοῦν
1644 630 1904 700 Χριστὸν,

318 719 488 774 nos».
513 723 594 784 είς
629 721 689 774 τὸ
725 720 876 786 τέλος
904 722 999 776 τοῦ
1041 722 1297 788 θανάτου,
1330 721 1539 792 μέλλων
1559 722 1620 774 τὸ
1653 721 1906 794 βραϐεῖον

320 814 414 866 καὶ
448 812 538 864 τὶν
570 812 671 882 τῆς
699 812 858 883 δόξης
917 814 1183 884 στέφανον
1236 814 1571 886 λαμϐάνειν,
1605 816 1904 886 ἠρνήσατο,

319 906 415 958 καὶ
437 905 670 974 γέγονεν’
691 906 1032 978 ἀποστάτης.

2011 536 2114 604 Qui
2167 538 2312 593 enim
2348 535 2740 610 per'ejusmodi
2779 552 3048 598 tormenta
3089 557 3197 598 non
3249 545 3466 615 negavit
3488 544 3593 600 Ito-

2011 634 2222 687 minum
2257 643 2498 687 nostrum
2525 631 2709 688 Jesum
2749 633 3050 700 Christum,
3085 651 3208 691 cum
3253 637 3494 693 venisset
3523 639 3592 693 ad

2013 725 2178 780 finem
2211 724 2426 788 mortis,
2459 735 2683 780 etesset
2735 735 3060 795 accepturus
3109 730 3390 798 praemium
3415 738 3471 784 et
3496 743 3594 784 oo-

2015 829 2203 868 ronam
2237 815 2424 884 gloria:
2451 823 2506 870 et
2535 817 2666 884 spei,
2688 817 2908 888 negavit
2931 818 3093 873 vitam
3117 829 3396 886 talentum,
3417 829 3471 876 et
3495 819 3596 876 fuit

2017 922 2044 960 a
2051 915 2204 977 posta
2214 918 2260 961 ta
2273 945 2287 961 .

1850 1067 2082 1126 CAPUT
2104 1068 2194 1123 111.

1637 1184 1965 1255 Martyrium
1994 1183 2054 1239 S.
2087 1184 2403 1254 Nicephori.

393 1306 470 1361 θ’.
505 1306 692 1362 Ταῦτα
722 1307 969 1373 ἀκούσας
1001 1311 1028 1362 6
1059 1309 1217 1377 ἅγιος
1249 1309 1568 1379 Νικηφόρος
1602 1309 1906 1380 παρεκάλει

319 1401 412 1453 τὸν
441 1401 739 1470 Σαπρίκιον
764 1401 938 1469 λέγων
962 1419 976 1434 ο
1012 1401 1127 1472 Μὴ,
1150 1401 1367 1472 ἀδελφὲ,
1407 1403 1481 1472 μὴ
1529 1401 1772 1472 ζητήσῃς
1800 1417 1906 1453 πα-

327 1491 560 1561 ραϐῆναι
616 1492 710 1544 καὶ
741 1493 1087 1564 ἀρνήσασθαι
1144 1495 1236 1546 τὸν
1263 1495 1545 1564 Δεσπότην
1581 1493 1739 1565 ἡμῶν
1768 1495 1904 1564 Χρι-

327 1585 484 1638 στόν
516 1586 593 1656 μὴ
631 1585 792 1657 θέλῃς
813 1587 972 1652 ὅλως,
998 1587 1305 1658 παρακαλῶ
1344 1605 1426 1651 σε,
1455 1587 1764 1656 ἀποστῆναι
1811 1587 1905 1640 ἀπ’

325 1675 491 1728 αὑτοῦ
515 1692 529 1706 ⁸
561 1677 638 1746 μὴ
669 1676 948 1747 ἀπολέσῃς
982 1677 1249 1745 στέφανον
1283 1678 1560 1748 οὐράνιον,
1609 1677 1668 1728 ὂν
1697 1677 1914 1743 ἐκτήσω

325 1769 414 1822 διὰ
440 1768 654 1822 πολλῶν
689 1768 959 1839 βασάνων.
1003 1769 1244 1833 Ἐκεῖνος
1273 1768 1330 1822 δὲ
1357 1769 1457 1821 οὐκ
1487 1768 1722 1838 ἤκουσεν
1751 1767 1910 1831 ὅλως,

327 1859 442 1912 ἁλλ’
485 1861 819 1915 ἐσπούδασεν
852 1861 932 1922 είς
963 1861 1241 1914 ἀπώλειαν
1293 1859 1387 1914 τοῦ
1420 1861 1651 1929 ἐσχάτου
1683 1858 1914 1913 θανάτου

325 1950 606 2013 ἀπελθεῖν,
633 1951 691 2015 ὃς
722 1951 996 2022 τοσαύτην
1023 1951 1184 2016 δόξαν
1213 1953 1272 2006 ὲν
1299 1954 1440 2024 ῥοπῇ
1477 1953 1606 2021 μιᾶς
1636 1950 1788 2021 ὥρας
1817 1951 1916 2020 τῆς

325 2044 500 2111 τομῆς
537 2045 637 2110 τῆς
692 2043 910 2114 σπάθης
948 2042 1255 2109 ἀπώλεσεν,
1291 2043 1466 2107 οὔτως
1505 2043 1774 2113 ὲκωφώθη
1819 2043 1916 2095 καὶ

327 2134 614 2206 ἐτυφλώθη
652 2137 679 2188 6
703 2136 1052 2208 ταλαίπωρος
1078 2129 1236 2200 οὗτος
1271 2137 1376 2190 ὑπὸ
1411 2135 1806 2208 μνησικακίας.

398 2313 454 2368 1’.
483 2315 558 2367 Οὐ
583 2314 694 2387 γὰρ
717 2317 953 2386 ἡκουσεν
977 2316 1073 2370 τοῦ
1103 2317 1310 2388 Κυρίου
1343 2316 1501 2387 ἡμῶν
1535 2317 1596 2369 ὲν
1633 2314 1710 2385 τῷ
1735 2314 1917 2381 Εὐαγ-

327 2406 494 2478 γελίῳ
517 2406 814 2478 κρὰζοντος
837 2409 933 2461 καὶ
953 2406 1204 2476 λέγοντος
1229 2425 1244 2439 ο
1283 2429 1301 2461 s
1354 2409 1480 2469 Ἐἀν
1512 2409 1832 2482 προσφέρῃς
1855 2412 1916 2463 τὸ

326 2499 498 2568 δῶρον
529 2499 622 2551 ἐπὶ
652 2499 712 2551 τὸ
742 2499 1132 2570 θυσιαστήριον
1159 2501 1254 2554 καὶ
1281 2500 1482 2568 ὕπαγε,
1519 2501 1738 2569 πρῶτον
1766 2501 1918 2555 διαλ-

327 2589 528 2659 λάγηθι
553 2590 631 2660 τῷ
659 2590 878 2661 ἀδελφῷ
911 2608 1030 2657 σου,
1063 2594 1160 2647 καὶ
1188 2593 1311 2646 τότε
1339 2591 1511 2646 ἐλθὼν
1536 2594 1817 2664 πρόσφερε
1854 2593 1917 2646 τὺ

328 2682 498 2753 δῶρόν
552 2701 666 2736 σου.
714 2705 735 2736 ι
804 2685 914 2738 Καὶ
944 2685 1107 2738 πάλιν
1140 2687 1331 2757 Πέτρῳ
1360 2686 1439 2754 τῷ
1479 2685 1765 2756 κορυφαίῳ
1807 2686 1916 2739 τῶν

327 2776 646 2829 ἀποστόλων
679 2778 1014 2847 ἐρωτήσαντι
1035 2792 1049 2807 ⁸
1082 2796 1101 2830 ι
1137 2778 1514 2844 Ποσάκις,ὲάν
1548 2781 1770 2850 ἁμάρτῃ
1823 2783 1904 2842 εἰς

330 2870 428 2938 ἐμὲ
484 2872 511 2922 ὁ
548 2869 776 2938 ἀδελφός
844 2887 970 2939 μου,
1023 2871 1222 2941 ἀφήσω
1282 2871 1470 2943 αύτῷ;
1509 2871 1613 2934 ἕως
1651 2874 1914 2938 ὲπτάκις;

2092 1305 2181 1360 IX.
2223 1306 2348 1364 Haec
2409 1321 2532 1360 cum
2591 1306 2834 1360 audisset
2863 1305 2926 1362 S.
2971 1302 3336 1374 Nicephorius,
3389 1303 3603 1373 rogavit

2018 1399 2324 1466 Sapricinm
2383 1415 2504 1452 cum
2543 1397 2820 1468 lacrymis,
2874 1398 3064 1452 dicens
3109 1413 3122 1453 :
3161 1395 3308 1462 Noli,
3342 1412 3375 1451 ο
3404 1395 3597 1462 frater,

2018 1492 2127 1546 noli
2155 1492 2457 1560 transgredi
2493 1501 2548 1545 et
2582 1506 2782 1561 negaro
2819 1490 3108 1545 Dominum
3137 1501 3382 1544 nostrum
3410 1486 3598 1544 Jesum

2015 1585 2318 1641 Christum.
2349 1582 2468 1638 Noli
2501 1585 2747 1651 omnino,
2783 1598 2914 1652 rogo
2936 1593 3010 1648 te,
3055 1584 3124 1638 ab
3173 1597 3239 1637 eo
3265 1582 3520 1648 deiicere,
3547 1591 3603 1634 et

2018 1681 2248 1748 perdere
2285 1677 2564 1733 cmlestcm
2594 1663 2874 1742 coronam,
2904 1690 3069 1746 quam
3103 1690 3199 1746 per
3225 1673 3389 1730 multa
3418 1674 3604 1744 acqui-

2020 1769 2162 1825 siisti
2187 1779 2460 1824 tormenta
2486 1780 2541 1825 et
2572 1768 2914 1825 amictit-nes.
2951 1767 3042 1823 Ille
3073 1778 3254 1822 autem
3275 1766 3446 1821 noluit
3478 1781 3601 1820 eum

2017 1861 2239 1916 omnino
2261 1861 2470 1927 audire,
2507 1861 2601 1916 sed
2634 1859 2914 1916 contendit
2935 1858 3086 1914 abire
3114 1859 3180 1913 ad
3222 1857 3500 1912 interitum
3552 1867 3602 1910 et

2019 1959 2258 2008 tenebras
2294 1953 2501 2008 ultimae
2524 1954 2735 2019 mortis,
2763 1963 2817 2007 et
2849 1954 2918 2005 ad
2953 1953 3148 2022 ignem,
3173 1952 3263 2022 qui
3295 1967 3400 2005 non
3436 1960 3602 2019 potest

2017 2047 2299 2116 exstingui.
2332 2047 2432 2114 Qui
2507 2047 2642 2101 tanti
2698 2046 2852 2114 pretii
2921 2044 3150 2116 gloriam
3218 2045 3271 2099 in
3328 2051 3606 2099 molnento

2020 2138 2181 2192 unius
2211 2140 2359 2193 hora:
2401 2138 2542 2194 ictus
2575 2137 2736 2207 gladii
2773 2138 3027 2208 perdidit,
3050 2152 3236 2192 revera
3280 2138 3380 2191 fuit
3411 2139 3602 2202 miser,

2020 2220 2330 2284 excaecatus
2369 2229 2440 2284 ab
2471 2230 2616 2284 odio.
3155 2221 3160 2226 ’

2095 2320 2165 2378 Χ.
2200 2319 2318 2376 Νοη
2349 2323 2493 2378 enim
2516 2321 2724 2377 audivit
2752 2321 3040 2378 Dominum
3077 2319 3264 2378 Jesum
3303 2321 3604 2389 Christum,

2020 2412 2291 2468 dicentem
2313 2413 2366 2467 in
2393 2422 2584 2468 sancto
2604 2412 2898 2482 Evangelio
2926 2413 2948 2445 ⁷
2975 2429 2990 2466 ι
3025 2429 3046 2464 ι
3077 2410 3134 2466 Si
3184 2410 3382 2466 afferas
3412 2427 3608 2467 munus

2023 2514 2177 2558 tuum
2215 2505 2282 2558 ad
2309 2503 2506 2567 altare,
2535 2512 2590 2558 et
2627 2504 2935 2558 recorderis
2965 2501 3108 2572 quod
3151 2499 3326 2556 frater
3361 2511 3483 2556 tuus
3506 2503 3608 2554 ha-

2023 2598 2114 2652 bet
2151 2597 2358 2666 aquuid
2395 2597 2660 2652 adversus
2688 2605 2762 2659 te,
2802 2595 3016 2650 dimitte
3045 2609 3244 2649 munus
3294 2603 3445 2647 tuum
3482 2602 3609 2648 ante

2023 2689 2198 2743 altare
2226 2706 2241 2744 :
2270 2697 2325 2744 et
2354 2688 2488 2741 vade
2515 2675 2775 2758 primum,
2810 2697 2866 2742 et
2902 2685 3260 2741 reconciliare
3296 2686 3452 2740 fratri
3494 2695 3608 2750 tuo.

2026 2791 2083 2835 et
2121 2790 2252 2836 tunc
2292 2779 2546 2843 veniens,
2583 2777 2720 2834 offer
2779 2794 2978 2833 munus
3029 2787 3202 2832 tuum.
3233 2796 3254 2830 ι
3290 2776 3356 2831 Ει
3416 2793 3610 2834 rursus

2022 2873 2185 2928 Petro
2219 2871 2445 2943 principi
2477 2871 2864 2942 apostolorum,
2889 2887 3011 2926 cum
3032 2881 3279 2943 rogasset
3300 2871 3610 2934 Dominum,

341 2961 639 3032 Ἀπεκρίθη
670 2961 818 3032 αύτῷ
848 2965 874 3015 6
903 2962 1104 3034 Κύριος
1133 2980 1147 2994 ο
1190 2964 1264 3016 Οὐ
1311 2963 1457 3031 λέγω
1488 2981 1570 3017 σοι
1605 2963 1710 3026 ἓως
1746 2965 1913 3018 ἑπτά.-

2027 2983 2047 3016 ι
2077 2963 2321 3030 Quoties,
2345 2962 2391 3017 si
2417 2964 2723 3030 peccaverit
2751 2963 2804 3016 in
2838 2978 2922 3016 me
2945 2961 3116 3016 frater
3137 2977 3309 3030 meus,
3336 2956 3610 3016 dimittam

329 3072 439 3121 κις,
470 3054 586 3108 ἀλλ’
638 3055 742 3118 ἓως
777 3055 1244 3126 ὲὸδομηκοντάκις
1270 3055 1435 3110 ἑπτά.
1463 3075 1482 3108 ι
1530 3058 1768 3120 Ἐκεῖνος
1801 3057 1857 3110 δὲ
1893 3059 1920 3110 6

331 3147 679 3217 ταλαιπωρος
726 3147 849 3199 οὐδὲ
914 3145 1065 3213 ἅπαξ
1109 3145 1372 3216 ἠθέλησεν
1439 3148 1796 3218 συγχωρῆσαι
1843 3147 1922 3218 τῷ

331 3238 547 3310 ἀδελφῷ
575 3239 763 3303 αὑτοῦ,
796 3239 892 3291 καὶ
920 3239 1155 3308 μάλιστα
1181 3240 1515 3310 συγγνώμην
1548 3240 1788 3294 αἰτοῦντι
1826 3241 1923 3294 καὶ

334 3333 505 3385 πολλά
535 3332 983 3402 παρακαλοῦντι·
1015 3333 1112 3385 καὶ
1148 3335 1177 3386 6
1238 3334 1336 3403 μὲν
1373 3333 1575 3404 Κύριος
1619 3334 1924 3388 ἐνετείλατο

335 3424 444 3477 ἀπὸ
466 3425 695 3494 καρδίας
726 3425 1031 3494 συγχωρεῖν
1062 3425 1303 3494 ἑκάστῳ,
1340 3425 1436 3477 καὶ
1467 3427 1557 3478 ἐπὶ
1586 3425 1682 3488 τὰς
1717 3425 1924 3478 καταλ-

335 3517 507 3585 λαγὰς
545 3515 606 3569 τὸ
635 3515 778 3568 θεῖον
825 3516 997 3586 δῶρον
1029 3517 1124 3568 ἐπὶ
1163 3517 1222 3568 τὸ
1261 3518 1652 3589 θυσιαστήριον
1684 3517 1924 3586 ἀφέντας

334 3609 715 3681 προστρέχειν.
781 3606 1020 3672 Ἐκεῖνος
1055 3609 1112 3661 δὲ
1147 3609 1269 3661 οὐδὲ
1316 3609 1510 3680 ἄκροις
1533 3610 1738 3680 χείλεσι
1765 3609 1924 3677 λόγον

335 3703 739 3772 συγχωρήσεως
764 3699 843 3770 τῷ
871 3698 1226 3768 μετανοοῦντι
1248 3698 1474 3762 ἔδωκεν,
1507 3701 1630 3754 οὐδὲ
1664 3717 1925 3771 παρακα-

335 3795 514 3846 λοῦντι
566 3793 824 3862 ἠνέσχετο
872 3791 1059 3845 δοῦναι
1117 3792 1316 3860 ἄφεσιν
1345 3808 1360 3824 ο
1415 3791 1534 3844 ἀλλ’
1583 3792 1798 3845 ἔκλεισε
1856 3792 1926 3845 τὰ

335 3888 622 3956 σπλάγχνα
646 3886 813 3940 αὑτοῦ
846 3886 954 3941 ἀπὸ
985 3884 1080 3940 τοῦ
1107 3884 1342 3950 ἀδελφοῦ
1389 3882 1579 3937 αὐτοῦ.
1637 3883 1740 3936 Διά
1767 3883 1927 3936 τοῦτο

336 3981 780 4050 ἀπεκλείσθησαν
838 3979 988 4051 αύτῷ
1046 3981 1101 4032 αἱ
1157 3978 1324 4032 πύλαι
1365 3978 1464 4047 τῆς
1512 3975 1793 4047 βασιλείας
1816 3975 1926 4028 τῶν

335 4071 604 4143 οὐρανῶν,
631 4073 726 4124 καὶ
755 4071 971 4140 ἀπέστη
1016 4068 1113 4124 ἀπ’
1164 4069 1332 4123 αὐτοῦ
1357 4067 1451 4123 τοῦ
1484 4067 1633 4121 θείου
1662 4068 1759 4120 καὶ
1788 4065 1929 4131 ζωο-

337 4165 493 4220 ποιοῦ
550 4164 892 4232 Ηνεύματος,
925 4165 1022 4216 καὶ
1072 4162 1328 4217 ἀπώλεσε
1362 4161 1459 4214 τοῦ
1493 4161 1803 4232 μαρτυρίου
1834 4160 1928 4214 τὸν

337 4257 548 4324 ἔνδοξον
574 4258 859 4327 στέφανον.
892 4257 1005 4322 Διὸ,
1043 4255 1323 4325 ἀγαπητοὶ
1355 4255 1596 4324 ἀδελφοὶ,
1638 4257 1732 4308 καὶ
1765 4254 1928 4324 ἡμεῖς

2025 3053 2118 3108 ei?
2162 3053 2404 3123 septies?
2453 3053 2734 3122 respondit
2795 3051 3054 3119 Dominus
3095 3051 3258 3108 :Non
3314 3052 3438 3106 dico
3491 3051 3612 3116 tibi,

2027 3145 2228 3215 septies
2255 3182 2270 3209 ,
2302 3145 2396 3198 sed
2429 3146 2738 3214 septuagies
2763 3146 2962 3215 septies
2988 3145 3031 3199 ⁸.
3073 3164 3092 3198 ι
3123 3143 3218 3199 Ille
3245 3157 3423 3198 autem
3448 3144 3614 3200 miser

2026 3251 2098 3290 ne
2134 3236 2306 3290 semel
2335 3235 2558 3306 quidem
2597 3235 2770 3291 voluit
2822 3238 3130 3292 condonare
3183 3235 3339 3290 fratri
3375 3251 3498 3301 suo,
3557 3245 3616 3290 et

2026 3329 2261 3384 maxime
2324 3327 2534 3397 petenti
2590 3329 2806 3382 veniam
2864 3339 2918 3384 et
2967 3329 3206 3399 roganti.
3244 3325 3306 3381 Et
3347 3327 3612 3383 Dominus

2027 3422 2246 3493 quidem
2272 3433 2460 3476 noster
2484 3431 2540 3476 et
2571 3419 2716 3476 Deus
2744 3420 2905 3490 jussit
2949 3437 3017 3477 ex
3066 3424 3249 3476 animo
3294 3421 3612 3476 condonare.

2029 3514 2345 3582 unicuique,
2387 3521 2443 3568 et
2496 3514 2726 3568 dimisso
2763 3529 3009 3579 munere,
3041 3514 3182 3584 quod
3220 3514 3329 3569 Deo
3367 3523 3450 3568 est
3479 3511 3616 3568 oﬂe-

2029 3606 2282 3668 rendum,
2311 3619 2533 3658 currere
2567 3604 2634 3658 ad
2682 3604 3210 3659 reconciliationem.
3239 3603 3330 3659 Ille
3366 3618 3496 3659 vero
3545 3620 3615 3659 ne

2027 3695 2261 3750 summis
2295 3695 2514 3764 quidem
2558 3693 2726 3748 labris
2779 3693 3109 3748 condonavit
3145 3696 3219 3759 ei,
3249 3710 3410 3765 quem
3439 3700 3615 3765 poeni-

2031 3789 2178 3842 tebat
2211 3806 2223 3841 :
2254 3801 2354 3842 nec
2377 3787 2432 3840 in
2471 3787 2710 3840 animum
2744 3787 2979 3852 induxit,
3005 3797 3062 3842 nt
3099 3789 3147 3841 ei
3182 3789 3397 3858 roganti
3428 3788 3618 3842 remit-

2029 3889 2166 3935 teret
2192 3897 2207 3945 ;
2238 3880 2333 3936 sed
2373 3880 2570 3936 clausit
2603 3881 2816 3935 viscera
2840 3896 2939 3935 sua
2969 3896 2997 3934 a
3021 3879 3189 3936 fratre
3210 3897 3333 3947 suo,
3365 3891 3617 3952 propter-

2027 3988 2090 4026 ea
2118 3975 2314 4029 clausa:
2344 3981 2470 4028 sunt
2509 3973 2560 4027 ei
2620 3971 2766 4028 fores
2816 3973 2969 4044 regni
3003 3975 3289 4044 cmlorum,
3337 3983 3394 4030 et
3437 3989 3620 4031 reces-

2029 4066 2104 4119 sit
2126 4064 2195 4118 ab
2227 4080 2292 4120 eo
2327 4065 2500 4135 gratia
2531 4064 2700 4119 divini
2728 4073 2783 4121 et
2810 4067 3013 4122 vivifici
3036 4067 3296 4138 Spiritus,
3333 4076 3390 4123 et
3427 4068 3619 4136 ρει-ὀξυ

2032 4156 2109 4211 dit
2138 4173 2410 4226 magnam,
2429 4159 2739 4227 pretiosam,
2771 4169 2824 4213 et
2854 4158 3147 4230 gloriosam
3181 4174 3440 4216 coronam
3468 4175 3618 4214 mar-

2035 4247 2188 4318 tyrii.
2213 4250 2604 4315 Quamobrem,
2635 4264 2669 4302 ο
2693 4250 2900 4311 dilecti,
2934 4267 3034 4306 nos
3076 4266 3296 4322 quoque
3327 4251 3618 4322 diligenter

336 4349 790 4423 ἀσφαλισώμεθα,
838 4351 935 4403 καὶ
987 4349 1110 4403 λίαν
1159 4348 1532 4419 φυλαξώμεθα
1562 4348 1788 4409 ἑαυτοὺς
1818 4346 1919 4399 ἀπὴ

2035 4338 2330 4397 caveamus
2391 4341 2463 4397 ab
2527 4343 2630 4398 hac
2685 4343 2956 4399 diabolica
2987 4345 3328 4414 operatione,
3362 4345 3498 4410 odii,
3534 4345 3626 4399 ina

336 4444 436 4514 τῆς
481 4443 796 4513 διαϐολικῆς
826 4441 1030 4511 ταύτης
1080 4441 1389 4512 ἐνεργείας,
1419 4441 1516 4497 καὶ
1558 4442 1695 4495 πᾶσι
1745 4439 1928 4495 πάντα

339 4536 816 4604 συγχωρήσωμεν,
882 4532 968 4584 ἵνα
1007 4531 1102 4584 καὶ
1130 4535 1267 4601 ἡμῖν
1298 4531 1495 4598 ἄφεσις
1525 4530 1751 4603 γένηται
1777 4529 1930 4599 παρά

336 4628 429 4680 τοῦ
447 4627 718 4680 Δεσπότου
737 4624 996 4696 Χριστοῦ,
1019 4624 1164 4676 κατὰ
1187 4624 1270 4689 τὸ,
1295 4641 1314 4674 ι
1339 4626 1513 4692 Ἀφες
1532 4625 1664 4693 ἡμῖν
1684 4623 1752 4676 τά
1775 4622 1929 4690 ὀφει-

339 4721 562 4791 λήματα
593 4721 786 4795 ἡμῶνο
830 4737 850 4772 ι
890 4718 1082 4782 πιστὸς
1114 4719 1224 4790 γὰρ
1255 4719 1282 4772 6
1319 4716 1812 4788 ἐπαγγειλάμενος.

415 4989 516 5041 ΙΑ’.
565 4986 624 5041 Ὀ
657 4987 714 5041 δὲ
759 4987 1034 5058 μακάριος
1063 4985 1406 5057 Νικηφόρος,
1435 4986 1509 5048 ὡς
1534 4983 1684 5044 ,εἶδεν
1719 4987 1930 5057 Σαπρίο

342 5097 457 5132 κίον
513 5080 861 5150 παραϐάντα.
920 5079 1069 5147 λέγει
1105 5081 1242 5150 πρὸς
1297 5079 1424 5142 τοὺς
1469 5078 1740 5148 δημίουςο
1790 5079 1932 5148 Ἐγὼ

343 5173 668 5242 Χριστιανός
694 5173 834 5243 είμι,
888 5172 985 5225 καί⁸
1025 5172 1356 5242 πιστεύομαι
1395 5173 1476 5234 εἰς
1516 5172 1576 5224 τὸ
1639 5170 1810 5241 ὄνομα
1835 5171 1928 5224 τοῦ

344 5266 553 5334 Κυρίου
590 5265 753 5336 ἡμῶν
807 5265 983 5336 Ἰησοῦ
1037 5265 1301 5335 Χριστοῦ,
1334 5265 1392 5316 ὃν
1439 5259 1592 5327 οὗτος
1629 5265 1926 5334 ἠρνήσατο.

355 5355 486 5426 Ἐμὲ
511 5353 603 5409 οὖν
631 5358 924 5426 κρούσατε.
965 5359 1194 5411 Ἐκεῖνοι
1218 5359 1273 5411 δὲ
1297 5359 1396 5412 ούκ
1425 5358 1732 5428 ἐτόλμησαν
1763 5356 1928 5428 κροῦ-

340 5464 431 5499 σαι
465 5449 626 5502 αὑτὸν
658 5449 787 5502 ἄνευ
816 5449 1123 5514 κελεύσεωζ
1141 5449 1234 5504 τοῦ
1265 5453 1558 5521 ἡγεμόνος.
1582 5450 1929 5522 Ἐθαύμαζον

343 5540 397 5592 δὲ
435 5542 583 5610 ὅμως
608 5541 832 5607 πάντες,
873 5544 956 5596 ὅτι
976 5544 1149 5607 οὕτως
1187 5545 1504 5615 παρέδωκεν
1539 5545 1729 5598 ἑαυτὸν
1759 5547 1840 5609 είς
1869 5545 1930 5597 τὸ

343 5632 653 5704 ἀποθανεῖν.
693 5635 888 5705 Ἔλεγε
918 5636 1046 5707 γὰρ,
1070 5637 1152 5691 ὅτι
1203 5637 1542 5707 Χριστιανός
1584 5639 1700 5708 είμι
1737 5640 1831 5692 καὶ
1865 5641 1926 5692 ού

401 5802 422 5835 ⁷
453 5801 643 5861 Matth.
676 5819 726 5869 ν,
757 5804 847 5859 ‘25.

2033 4452 2219 4504 quam,
2253 4445 2308 4492 et
2343 4437 2558 4507 injuria
2603 4446 2840 4508 acceptae
2888 4437 3288 4504 recordatione,
3314 4447 3372 4492 nt
3397 4448 3618 4493 nostro-

2037 4545 2154 4583 rum
2188 4545 2403 4599 quoque
2431 4539 2779 4600 peccatorum
2813 4531 2976 4584 detur
3003 4530 3160 4584 nobis
3190 4529 3442 4586 remissio
3461 4546 3490 4583 a
3515 4530 3621 4585 Do-

2034 4623 2182 4676 mino
2215 4618 2348 4685 Jesu
2397 4621 2641 4686 Christo,
2677 4621 3091 4680 {convenienter
3118 4621 3166 4676 ei
3203 4623 3346 4691 quod
3379 4623 3618 4678 dicitur:
3668 4671 3674 4676 .

2034 4712 2256 4767 Dimitte
2293 4712 2454 4768 nobis
2484 4713 2666 4768 debita
2695 4725 2906 4776 nostra,
2937 4716 3071 4768 sicut
3102 4723 3153 4768 et
3183 4730 3279 4769 nos
3302 4715 3619 4770 dimittimus

2041 4807 2361 4861 debitoribus
2419 4806 2613 4862 nostris
2646 4806 2689 4861 ’.
2746 4807 2946 4862 Fidelis
3008 4816 3094 4862 est
3148 4807 3294 4862 enim
3348 4809 3442 4878 qui
3497 4823 3628 4878 proo'

2037 4899 2208 4956 tnisit.
2465 4905 2468 4908 ’

2108 4989 2201 5046 XI.
2249 4990 2456 5047 Beatus
2515 5001 2698 5048 autem
2758 4989 3103 5059 Nicephorus
3160 5001 3447 5061 postquam
3482 4990 3622 5047 vidit

2041 5095 2444 5155 transgressum
2503 5099 2626 5141 esse
2691 5083 3027 5154 Sapricium,
3076 5100 3268 5153 magna
3316 5100 3438 5139 uoce
3489 5084 3621 5139 dicit

2041 5178 2326 5234 lictoribus
2371 5197 2386 5234 :
2419 5179 2530 5250 Ego
2579 5193 2698 5233 sum
2747 5177 3114 5240 Christianus,
3142 5188 3196 5231 et
3225 5179 3394 5232 credo
3428 5177 3481 5230 in
3518 5191 3620 5232 no-

2045 5286 2166 5326 men
2203 5271 2418 5326 Domini
2450 5273 2616 5326 nostri
2639 5271 2764 5326 Josu
2795 5271 3020 5335 Christi,
3043 5285 3204 5341 quem
3248 5271 3353 5325 iste
3382 5267 3619 5338 negavit.

2043 5367 2124 5419 Me
2189 5381 2316 5436 ergo
2363 5367 2477 5436 jam
2529 5381 2625 5435 pro
2685 5366 2798 5435 ipso
2843 5363 3026 5419 ferite.
3053 5363 3300 5418 Lictores
3343 5373 3476 5418 vero
3513 5376 3618 5422 non

2040 5459 2154 5512 ausi
2209 5469 2337 5512 sunt
2363 5473 2485 5512 eum
2519 5456 2688 5512 ferire
2711 5458 2917 5526 absque
2940 5456 3092 5526 jussu
3113 5454 3358 5525 praesidis
3388 5470 3403 5508 :
3435 5451 3616 5507 mirati

2039 5559 2168 5605 sunt
2217 5561 2398 5606 autem
2435 5566 2646 5616 omnes,
2689 5554 2831 5622 quod
2866 5563 2924 5606 se
2971 5549 3048 5604 ita
3081 5549 3148 5603 ad
3185 5557 3416 5604 mortem
3453 5545 3622 5601 tradi-

2039 5643 2200 5698 derit.
2245 5641 2444 5701 Libero
2497 5643 2639 5700 enim
2688 5644 2901 5702 diccbat
2939 5662 2951 5700 :
2987 5642 3118 5699 Sum
3165 5639 3532 5706 Christianus,
3564 5646 3619 5693 ct

938 5805 956 5836 ⁸
989 5803 1178 5859 Matth.
1229 5820 1380 5866 xvnt,
1425 5804 1514 5859 9.2.
1579 5806 1598 5836 ⁹
1639 5804 1826 5864 Matth.
1862 5822 1934 5874 vx,
1979 5807 2064 5862 12.
