4160 6434
601 342 745 410 1315
1768 334 2054 397 MENSIS
2092 331 2623 395 FEBRUARIUS.
3727 329 3875 396 1376

588 451 697 507 diis
730 450 929 507 vestris
953 463 1060 505 non
1091 447 1366 504 sacriﬁco.
1398 444 1551 503 Unus
1576 455 1760 503 autem
1796 461 1861 502 ex
1886 446 2171 503 lictoribus
2201 453 2231 508 Α

2221 453 2246 508 ι
2273 442 2521 505 θύωτοῖς
2545 443 2688 507 θεοῖς
2720 439 2900 511 ὑμῶν.
2934 436 3028 505 Εἷς
3050 441 3108 495 δέ
3134 458 3217 505 τις
3246 442 3357 497 τῶν
3379 443 3593 515 δημίων
3609 444 3864 517 δραμὼν,

582 558 837 610 currens,
899 540 1228 597 renuntiavit
1282 539 1526 612 praesidi,
1583 540 1776 596 dicens
1828 557 1842 594 :
1890 537 2172 609 Saprieius

2274 533 2584 606 ἁπήγῩειλε
2616 533 2694 606 τῷ
2725 534 2958 604 ἡγεμόνι
2982 533 3159 601 λέγων
3180 551 3194 566 ·
3227 535 3352 588 Ὅτι
3375 539 3403 589 ὁ
3439 536 3538 604 μὲν
3561 537 3870 606 Σαπρίκιος

586 635 809 705 quidem
837 634 1126 705 pollicetur
1156 648 1219 690 se
1257 632 1362 688 diis
1413 631 1850 688 sacriﬁcaturum
1886 648 1901 685 :
1929 640 2015 686 est
2045 644 2174 686 vero

2277 627 2545 697 ὑπέσχετο
2581 626 2733 679 θύειν
2760 629 2873 685 τοῖς
2905 626 3069 689 θεοῖς,
3095 626 3255 690 ἄλλος
3283 628 3342 682 δέ
3375 630 3526 682 ἐστιν
3550 629 3670 682 ἐκεῖ
3691 627 3870 680 θέλων

580 728 704 784 illic
731 727 952 798 quidam
997 726 1141 781 alius
1174 726 1269 795 qui
1316 726 1431 781 vult
1473 725 1608 779 mori
1646 734 1868 795 propter
1891 739 2040 790 eum,
2080 723 2172 789 qui

2274 716 2572 774 ἀποθανεῖν
2610 718 2678 771 δι’
2718 719 2930 773 ἐκεῖνον
2983 718 3405 789 τὺν’λεγόμενον
3437 720 3697 790 Χριστὸν,
3728 721 3874 788 κρά-

586 821 789 883 dicitur
803 819 1074 884 Christus,
1102 819 1347 875 clamans
1364 827 1421 873 et
1437 817 1624 873 dicens
1647 817 1821 873 libere
1853 834 1867 871 :
1901 815 2171 872 Christiao

2275 811 2385 877 ξων
2422 812 2517 864 καὶ
2554 811 2731 877 λέγων
2778 810 3091 882 παρρησίᾳ·
3128 810 3454 879 Χριστιανός
3496 814 3635 881 ειμι,
3670 814 3766 865 καὶ
3803 811 3869 865 οὐ

590 927 697 967 nus
739 927 882 976 sum,
932 918 989 967 et
1028 911 1132 966 diis
1163 911 1360 966 vestris
1391 925 1498 965 non
1545 910 1816 976 sacriﬁco,
1854 925 1955 965 nec
1976 908 2173 965 obcdio

2276 901 2390 955 θύω
2410 904 2521 964 τοῖς
2543 900 2687 963 θεοῖς
2711 900 2887 970 ὑμῶν,
2911 901 3037 979 οὐδὲ.
3062 903 3176 963 τοῖς
3212 903 3608 971 προστάγμασι
3636 902 3745 955 τῶν
3771 902 3875 972 βχ-

590 1003 790 1060 edictis
817 1003 1239 1072 imperatorum.

2277 994 2474 1049 σιλέων
2500 995 2655 1064 ὑμῶν
2687 993 2969 1048 ὑπακούω.
3665 1035 3671 1042 .
3891 1014 3899 1062 ;

571 1126 577 1132 -
660 1092 781 1149 XII.
812 1095 1110 1162 Postquam
1135 1094 1249 1149 haec
1282 1102 1462 1150 autem
1493 1094 1665 1148 audiit
1697 1106 1923 1163 praeses,
1963 1092 2017 1148 in
2045 1106 2170 1147 eum

2348 1084 2449 1141 ΠΥ.
2500 1087 2589 1149 Ὣς
2723 1084 2897 1139 ταῦτα
2941 1086 3175 1157 ἤκουσεν
3202 1085 3232 1137 ὁ
3267 1087 3513 1156 ἡγεμὼν,
3544 1087 3874 1158 ἀπεφήνατο

593 1184 722 1240 tulit
746 1184 1102 1247 sententiam,
1136 1183 1324 1239 dicens
1353 1202 1368 1239 :
1396 1183 1452 1238 Si
1496 1198 1604 1237 non
1634 1182 1908 1239 sacriﬁcat
1928 1183 2031 1239 diis
2071 1183 2174 1238 im-

2277 1178 2400 1233 κατ’
2427 1177 2594 1233 αὐτοῦ
2619 1177 2825 1246 λέγων’
2870 1178 2996 1231 Ἐὰν
3030 1180 3148 1241 τοῖς
3176 1179 3319 1242 θεοῖς
3373 1181 3433 1232 οὐ
3490 1179 3592 1254 θύῃ
3622 1180 3765 1233 κατὰ
3800 1180 3871 1234 τὰ

590 1270 935 1338 mortalibus,
951 1284 1111 1342 prout
1133 1273 1412 1342 jusserunt
1436 1273 1817 1343 imperatores,
1859 1272 2025 1343 iubeo
2049 1289 2172 1329 eum

2276 1271 2686 1353 προστάγματα
2716 1271 2824 1324 τῶν
2861 1270 3154 1339 βασιλέων,
3206 1271 3300 1325 διὰ
3335 1272 3525 1342 Eleos;
3578 1274 3868 1349 ἀποθάνῃ·

591 1365 731 1420 mori
764 1365 945 1434 gladio
979 1382 998 1420 ;
1041 1362 1344 1432 Sapricittm
1382 1379 1501 1418 vero
1531 1364 1688 1418 sinite
1713 1362 2042 1418 abire.Tunc
2081 1378 2172 1420 ac-

2277 1364 2375 1417 καὶ
2405 1363 2734 1426 ἀπελθόντες
2769 1363 3179 1432 ἁπεκεφάλισαν
3228 1364 3322 1417 τὸν
3365 1365 3521 1434 ἆγιον
3551 1367 3872 1437 Νικηφόρον

591 1456 855 1526 cipientes
882 1455 940 1510 S.
973 1455 1359 1524 Nicephorum,
1410 1469 1534 1510 eum
1587 1454 1767 1523 capite
1802 1465 2127 1510 truncarunt
2154 1493 2171 1518 ,

2278 1453 2423 1509 κατὰ
2447 1454 2547 1525 τὴν
2564 1454 2814 1508 κέλευσιν
2845 1454 2938 1507 τοῦ
2970 1456 3258 1525 ἡγεμόνος.
3281 1457 3390 1509 Καὶ
3413 1455 3587 1521 οὕτως
3622 1456 3873 1512 ἐτελειώ-

594 1558 650 1601 ut
674 1561 873 1616 praeses
902 1543 1164 1613 jnsserat,
1192 1562 1330 1601 nono
1360 1546 1556 1601 mensis
1613 1544 1902 1601 Februarii
1943 1547 2057 1619 (ll)
2086 1555 2175 1601 :et

2278 1547 2346 1617 θη
2372 1550 2397 1600 ὁ
2433 1547 2595 1615 ἅγιος
2625 1547 2962 1618 Νικηφόρος,
2998 1550 3092 1623 καὶ
3140 1551 3473 1619 στεφανίτης
3522 1550 3758 1619 ἀνῆλθεν
3790 1553 3872 1614 εἰς

591 1638 674 1692 sic
730 1647 1138 1693 consummatus
1200 1639 1301 1695 luit
1334 1639 1393 1694 in
1448 1638 1659 1694 Christo
1700 1648 1923 1693 sanctus
1967 1648 2175 1708 martyr

2278 1639 2575 1708 οὐρανοὺς,
2600 1638 2686 1691 διὰ
2716 1639 2955 1701 πίστεως
2987 1641 3087 1709 τῆς
3113 1641 3193 1701 είς
3222 1641 3460 1710 Χριστὸν
3488 1641 3583 1693 καὶ
3612 1641 3873 1711 ὁμονοίας

590 1728 795 1787 (ἐιπίειί
837 1727 1174 1798 Nicephorns
1198 1749 1214 1788 :
1239 1740 1293 1788 et
1319 1732 1565 1787 ascendit
1589 1732 1640 1786 in
1667 1730 1837 1786 cmlos
1858 1739 2171 1796 coronatus,
2208 1792 2233 1805 _

2230 1793 2247 1805 ‘
2279 1735 2375 1786 καὶ
2397 1732 2921 1803 ταπεινοφροσύνης.
2971 1732 3190 1803 Ἐπειδὴ
3219 1734 3327 1803 γὰρ
3355 1734 3493 1804 πρὸς
3511 1734 3612 1804 τὴν
3646 1735 3873 1805 ἀγάπην

576 1838 692 1893 .per
722 1823 881 1878 ﬁdem
947 1824 1002 1878 in
1057 1824 1359 1892 Christum,
1391 1825 1825 1895 charitatemque
1859 1833 1915 1879 et
1958 1824 2178 1880 humili-
2208 1792 2219 1847 ¹

2234 1794 2249 1847 ι
2278 1827 2581 1896 ὑποκλινὴς
2605 1828 2820 1897 γέγονε,
2852 1829 2941 1882 διὰ
2965 1828 3125 1882 τοῦτο
3151 1830 3241 1882 τὸν
3270 1830 3366 1882 τοῦ
3405 1831 3711 1902 μαρτυρίου
3747 1831 3877 1884 στέ-

594 1922 782 1970 tatem.
812 1915 1079 1982 Quoniam
1116 1918 1261 1973 enim
1296 1932 1595 1988 propensus
1634 1914 1818 1970 fuitad
1849 1916 2172 1971 charitatetn

2280 1934 2448 1987 φανον
2467 1918 2766 1990 ἀνεδήσατο
2792 1920 2887 1972 καὶ
2908 1920 3023 1982 τοῖς
3044 1919 3222 1986 ἁγίοις
3257 1919 3501 1989 μάρτυσι
3525 1919 3753 1989 συναριθ
3762 1936 3879 1988 μη-

592 2016 648 2062 et
688 2008 1071 2076 humilitatem,
1114 2010 1240 2066 ideo
1297 2012 1397 2065 fuit
1444 2010 1728 2065 redimitus
1776 2024 1977 2066 corona
2032 2025 2177 2065 mar-

2279 2013 2439 2084 θῆναι
2472 2014 2810 2085 κατηξιώθη,
2845 2016 2925 2077 είς
2954 2015 3178 2069 ἔπαινον
3202 2014 3362 2084 δόξης
3400 2015 3502 2085 τῆς
3546 2015 3877 2085 μεγαλωσύ-

594 2100 818 2170 tyrii,et
846 2102 1100 2173 dignatus
1125 2113 1208 2158 est
1229 2102 1422 2160 referri
1450 2105 1503 2158 in
1535 2116 1817 2158 numerum
1855 2112 2172 2176 martyrum,

2279 2124 2378 2178 νης
2405 2110 2497 2159 καὶ
2527 2108 2749 2177 χάριτος
2781 2106 2877 2160 τοῦ
2910 2109 3112 2178 Κυρίου
3150 2111 3245 2162 καὶ
3302 2107 3438 2161 Θεοῦ
3496 2109 3591 2162 καὶ
3614 2108 3880 2178 Σωτῆρος

593 2192 663 2247 ad
697 2191 910 2248 laudem
950 2203 1004 2249 et
1054 2195 1282 2265 gloriam
1316 2197 1494 2267 magni
1530 2195 1623 2251 Dei
1658 2207 1712 2252 et
1741 2196 2053 2251 Servatoris
2076 2211 2176 2249 no-

2281 2199 2440 2269 ήμῶν
2486 2199 2664 2268 Ἰησοῦ
2695 2199 2959 2271 Χριστοῦ,
2993 2199 3113 2270 μεθ’
3141 2194 3203 2254 οὗ
3237 2203 3315 2269 τῷ
3356 2200 3534 2271 Πατρὶ
3560 2200 3713 2265 δόξα,
3739 2202 3883 2270 κρά-

598 2285 697 2340 stri
747 2284 876 2341 Jesu
918 2287 1120 2344 Christi
1150 2289 1287 2360 (12),
1322 2288 1428 2345 ὀυἰ
1474 2292 1647 2362 gloria
1697 2300 1753 2346 et
1799 2289 2035 2358 potentia
2068 2289 2179 2358 (i3)

2289 2307 2402 2355 τος,
2431 2289 2587 2361 τιμὴ,
2643 2289 2738 2344 νῦν
2777 2290 2873 2345 καὶ
2921 2291 3014 2345 ἀεὶ
3063 2292 3159 2344 καὶ
3213 2294 3294 2354 εἰς
3347 2292 3473 2356 τοὺς
3525 2290 3734 2355 αἰῶνας
3767 2292 3884 2344 τῶν

596 2392 741 2434 nunc
768 2387 824 2435 et
853 2395 1068 2451 semper
1093 2391 1148 2437 et
1181 2385 1234 2438 in
1266 2385 1461 2439 saecula
1500 2384 1847 2441 saeculorum.
1877 2385 2069 2440 Amen.

1131 2391 1148 2435 ι
1181 2385 1234 2438 in
1266 2385 1461 2439 saecula
1500 2384 1847 2441 saeculorum.
1877 2385 2069 2440 Amen.
2295 2381 2531 2438 αἰώνων.
2578 2383 2774 2453 Ἀμήν.

673 2539 787 2616 (ll)
822 2526 987 2616 Pecst
1021 2544 1073 2597 in
1116 2554 1347 2611 utroque
1392 2562 1498 2600 ms.
1534 2546 1650 2600 dies
1674 2544 1875 2602 obitus.
2293 2550 2483 2616 gratia:
2517 2546 2804 2602 Dominiet
2832 2546 2949 2602 Dei.
2991 2566 3009 2597 ι

664 2610 779 2682 (12)
818 2609 921 2668 Ms.
958 2633 976 2666 ι
1011 2619 1078 2668 ad
1114 2609 1324 2670 laudem
1383 2616 1588 2686 glmizc,
1646 2616 2068 2683 magniﬁcentia:
2128 2623 2185 2670 et
2294 2609 2319 2616 ⁷
2362 2617 2475 2689 (15)
2511 2617 2611 2672 Ms.
2650 2636 2670 2670 ι
2709 2617 2902 2686 gloria,
2933 2617 3176 2688 potentia
3206 2624 3261 2671 et
3294 2616 3491 2672 honor.
3538 2635 3559 2668 ι

599 2796 881 2826 ,___,

885 2798 3871 2827 Μ

648 3030 908 3184 DE
1028 3029 1191 3188 s.
1317 3002 2321 3192 AUXENTIO
2392 3028 3833 3233 'PRESBYTERO,

1599 3303 2283 3367 AllCHlMANDRITA
2329 3303 2414 3366 ΙΝ
2458 3304 2883 3366 ΒΙΤΗΥΝΙΑ.

1212 3468 1380 3535 (Circa
1411 3484 1593 3522 annum
1622 3471 1728 3532 ΠΟ,
1758 3471 2019 3523 Februarii
2040 3470 2124 3522 die
2150 3472 2224 3522 lt.
2248 3498 2309 3509 —-
2330 3475 2448 3523 Acta
2481 3472 2581 3522 SS.
2608 3470 2835 3522 Bolland.
2862 3472 2923 3523 ad
2943 3471 3071 3522 hanc
3090 3470 3279 3533 diem.)

681 3784 741 3840 1.
760 3786 1092 3843 Auxentium
1115 3784 1409 3844 Orientalis
1427 3783 1585 3855 plaga
1607 3793 1794 3841 natum
1822 3785 2458 3858 suscepiteducavitque,
2480 3786 2602 3843 aula
2621 3785 2865 3843 Junioris
2881 3784 3793 3857 Theodosiitlonstantinopolitana
3817 3784 3898 3841 in-

606 3885 697 3933 ter
728 3877 931 3935 milites
951 3882 1126 3936 virum
1152 3880 1421 3951 suspexit,
1440 3882 1644 3936 virtute
1660 3888 1936 3943 ornatum,
1960 3888 2124 3948 atque
2147 3879 2213 3933 ad
2234 3880 2553 3935 miraculum
2580 3880 2920 3936 daemonibus
2946 3880 3243 3935 terribilem
3268 3896 3283 3946 ;
3316 3878 3550 3949 denique
3567 3879 3894 3934 archiman-

566 4008 569 4013 -
607 3971 808 4028 dritam
832 3972 1290 4048 habuitBithynia
1311 3977 1779 4045 thaumaturgum,
1819 3987 1886 4029 ac
1917 3983 2041 4044 post
2066 3974 2250 4043 plures
2282 3973 2449 4028 variis
2476 3973 2529 4027 in
2559 3971 2695 4029 locis
2731 3972 3080 4028 exantlantos
3111 3972 3327 4028 labores
3381 3971 3521 4028 ctelo
3557 3972 3893 4035 transmisit.

611 4064 703 4119 ubi
730 4063 988 4137 deinceps
1021 4070 1363 4142 experiretur
1392 4078 1701 4139 patronum.
1724 4067 1858 4135 Quae
1887 4067 1953 4121 de
1976 4080 2043 4121 eo
2064 4074 2359 4121 narrantur
2381 4063 2523 4134 apud
2566 4065 2928 4121 Sozomenum
2953 4064 3046 4120 lib.
3064 4063 3205 4118 Hist.
3226 4064 3355 4119 secl.
3386 4064 3619 4135 cap.2l,
3641 4063 3897 4128 indicant

570 4192 575 4197 -
613 4156 926 4226 prOgeniem
942 4157 1060 4227 ejus
1079 4157 1635 4214 acmilitiatn.Relata
1660 4172 1900 4228 namque
1960 4156 2284 4212 inventione
2338 4162 2424 4226 ac]
2444 4156 2803 4213 translatione
2843 4156 3039 4225 capitis
3078 4153 3138 4212 S.
3162 4156 3392 4213 Joannis
3431 4156 3711 4227 Baptistae,
3738 4155 3889 4212 facta

614 4248 719 4307 sub
756 4246 1064 4305 Theodosio
1110 4250 1325 4322 Magno,
1380 4250 1585 4308 dicitur
1614 4270 1634 4303 ι
1664 4249 1982 4306 Vincentius
2005 4252 2286 4320 presbyter
2318 4251 2538 4306 natione
2558 4249 2749 4317 Persa,
2778 4265 2901 4305 cum
2939 4259 3184 4321 tempore
3213 4249 3518 4307 Constantii
3544 4252 3899 4323 imperatoris

500 4330 507 4338 ’
617 4344 929 4434 persecutio
964 4343 1017 4397 in
1052 4343 1279 4401 Perside
1305 4344 1652 4401 Christianos
1682 4342 1968 4412 alliigeret,
2007 4341 2222 4414 fugiens
2249 4359 2357 4399 una
2386 4359 2510 4399 cum
2546 4344 2695 4399 Adda
2724 4343 3056 4401 consobrino
3079 4360 3178 4401 suo
3207 4345 3273 4399 ad
3304 4343 3582 4402 Romanos
3614 4346 3837 4402 venisse
3865 4368 3880 4404 :

612 4445 784 4509 atque
805 4437 919 4508 ipse
941 4440 1159 4510 quidem
1190 4440 1248 4496 in
1277 4441 1484 4495 clerum
1504 4446 1817 4510 assumptus
1845 4449 1949 4507 est,
1976 4449 2033 4496 et
2052 4442 2119 4496 ad
2142 4438 2468 4511 presbyterii
2492 4438 2811 4509 dignitatem
2834 4440 3100 4508 pervenit.
3127 4440 3305 4495 Addas
3337 4448 3703 4496 autetnuxore
3720 4442 3891 4498 ducta

617 4526 912 4599 plurimum
958 4532 1169 4603 proluit
1190 4532 1470 4597 Ecclesiae,
1513 4543 1568 4587 et
1593 4532 1761 4590 lilium
1784 4533 2007 4604 reliquit
2024 4533 2378 4599 Auxentium,
2395 4537 2571 4589 virum
2589 4545 2719 4605 erga
2741 4533 2904 4590 Deum
2924 4533 3051 4601 title,
3071 4549 3199 4604 erga
3228 4533 3433 4588 amicos
3451 4535 3886 4605 promptitudine

509 4670 517 4677 .
619 4622 911 4694 insignem,
942 4626 1055 4682 vita
1097 4628 1390 4701 integrum,
1424 4628 1745 4686 litterarum
1776 4640 2105 4691 amatorem,
2138 4638 2196 4685 et
2228 4629 2518 4698 omnigena
2548 4639 2659 4684 tum
2686 4628 2991 4699 gentilium,
3045 4638 3158 4682 tum
3196 4626 3694 4683 ecclesiasticorum
3736 4629 3876 4683 scri-

620 4729 840 4792 ptorum
870 4722 1183 4779 eruditione
1215 4723 1527 4795 praeditum,
1564 4725 1811 4782 moribus
1835 4722 2162 4787 commodis,
2192 4720 2321 4787 licet
2346 4722 2661 4792 imperatori
2693 4732 2749 4778 et
2783 4722 2975 4777 aulicis
3001 4719 3283 4776 familiaris
3310 4730 3473 4785 esset,
3506 4732 3559 4777 et
3586 4723 3639 4777 in
3676 4721 3892 4776 bellicis

618 4816 1064 4888 expeditionibus
1088 4818 1374 4887 splendide
1403 4834 1463 4877 se
1496 4820 1759 4892 gessisset
1793 4838 1807 4876 :
1842 4834 2032 4875 verum
2060 4818 2203 4873 illius
2228 4816 2448 4887 quidem
2481 4816 2673 4873 crebra
2704 4819 2909 4873 mentio
2967 4827 3053 4873 est
3105 4820 3217 4871 tu'm
3275 4816 3418 4885 apud
3463 4815 3886 4886 probatissimos

621 4924 872 4982 quosque
898 4913 1219 4977 monachos.
1259 4922 1370 4968 tum
1430 4914 1573 4984 apud
1607 4913 1855 4971 homines
1909 4910 2204 4975 studiosos,
2238 4910 2330 4980 qni
2366 4909 2491 4977 ejus
2524 4911 2781 4965 virtutem
2813 4911 3020 4980 experti
3086 4917 3233 4966 sunt.
3274 4926 3294 4960 ι
3332 4908 3458 4963 Haec
3514 4906 3877 4976 Sozomenus,

622 5003 718 5075 qui
757 5001 1065 5060 Theodosio
1097 5002 1309 5061 Juniori
1342 5019 1498 5060 suam
1533 5001 1819 5059 historiam
1850 5001 2155 5072 inscripsit,
2178 5016 2342 5073 quam
2372 5002 2471 5056 sub
2498 5002 2702 5058 calcem
2728 5001 3084 5057 dedicationis
3126 4999 3322 5056 asserit
3351 5014 3413 5056 se
3468 5002 3533 5054 ad
3577 5016 3692 5055 xvu
3761 5002 3881 5071 ejus

621 5095 991 5163 consulatum,
1020 5096 1073 5152 id
1107 5106 1193 5155 est
1223 5114 1425 5154 annum
1453 5096 1583 5165 459.
1618 5096 1940 5168 Perdnxisse
1970 5114 1984 5152 :
2015 5111 2079 5151 ac
2124 5096 2436 5152 necessario
2468 5104 2594 5151 ante
2636 5095 2755 5165 ejus
2815 5095 3050 5161 obitum,
3085 5095 3201 5150 sive
3240 5109 3442 5148 annum
3495 5093 3606 5150 450
3628 5095 3885 5164 absolvit,

623 5188 841 5259 quando
864 5192 976 5259 jam
1007 5192 1477 5264 Constantinopoli
1521 5192 1583 5247 S.
1624 5191 1931 5247 Anxentius
1969 5198 2272 5248 secesserat
2305 5190 2359 5246 in
2412 5190 2745 5262 Bithyniam.
2788 5189 2864 5246 De
2918 5190 3037 5259 ejus
3084 5190 3451 5245 familiaritate
3505 5206 3631 5248 cum
3655 5196 3714 5253 S.
3750 5195 3899 5251 hlar—

625 5283 786 5341 ciano
816 5285 1047 5356 aliisque
1072 5287 1206 5342 viris
1230 5286 1495 5343 studiosis
1529 5286 1715 5357 agitur
1752 5285 1892 5341 intra
1929 5285 1984 5339 in
2014 5284 2174 5353 hujus
2202 5283 2321 5340 Vita
2351 5301 2505 5341 num.
2540 5285 2596 5349 2,
2633 5284 2725 5340 ubi
2756 5295 2947 5340 auctor
3009 5286 3199 5340 eodem
3261 5300 3370 5357 quo
3434 5287 3778 5345 Sozomenus
3805 5291 3889 5347 lo-

624 5377 824 5448 quendi
847 5391 1048 5447 genere
1073 5392 1224 5447 usus,
1249 5378 1369 5449 ejus
1394 5377 1698 5434 familiares
1729 5379 1892 5433 etiam
1927 5379 2133 5450 ἄνδρας
2169 5394 2267 5431 σπε

1136 5392 1224 5447 ηυε,
1249 5378 1369 5449 ejus
1394 5377 1698 5434 familiares
1729 5379 1892 5433 etiam
1927 5379 2133 5450 ἄνδρας
2169 5378 2501 5442 σπουδαίους
2524 5377 2779 5449 appellat.

693 5496 752 5555 2.
778 5499 911 5555 Acta
935 5499 992 5555 S.
1021 5497 1274 5553 Auxentii
1297 5498 1712 5570 magnoj'udicio
1727 5498 1925 5568 scripta
1944 5499 2011 5553 ab
2043 5505 2265 5554 auctore
2291 5513 2492 5569 comm,
2514 5498 2605 5568 qui
2639 5513 2793 5553 suam
2819 5497 3025 5553 indicat
3049 5506 3286 5562 aetatem,
3304 5498 3429 5553 dum
3454 5513 3483 5552 a
3505 5496 3695 5568 Sergio
3732 5496 3908 5552 disci~

626 5592 756 5660 pulo
776 5593 913 5663 ejus,
936 5607 1097 5663 quem
1118 5592 1191 5647 illi
1220 5601 1274 5647 et
1302 5592 1354 5646 in
1372 5606 1571 5660 genere
1599 5592 1721 5647 vitae
1738 5602 1791 5647 et
1810 5592 1861 5646 in
1881 5602 2040 5647 antro
2068 5591 2400 5647 successisse
2427 5591 2686 5656 diximus,
2707 5607 2855 5646 num.
2888 5588 2958 5644 57
2982 5607 3040 5646 se
3066 5591 3248 5660 aliqua
3302 5590 3580 5659 accepisse
3634 5597 3897 5644 testatur.

630 5675 803 5747 οὗτος
840 5684 973 5755 γὰρ,
995 5684 1197 5753 inquit,
1230 5677 1389 5749 οὗτος
1420 5685 1448 5739 ὁ
1480 5686 1610 5757 περὶ
1641 5683 1837 5739 τούτου
1875 5686 2026 5755 ἡμᾶς
2060 5682 2437 5754 στοιχειώσας,
2474 5686 2541 5755 τῇ
2572 5684 2787 5756 γλώττῃ
2826 5686 2926 5756 μὲν
2956 5684 3230 5756 βάρϐαρος
3259 5682 3528 5754 ὑπῆρχεν,
3562 5682 3627 5734 ὲκ
3652 5683 3748 5751 τῆς
3770 5683 3897 5736 Μυ-

636 5777 758 5841 σίας
783 5775 1128 5849 ὀρμώμενος,
1171 5779 1236 5849 τῇ
1269 5775 1463 5849 γνώμῃ
1487 5776 1543 5833 δὲ
1567 5778 1902 5849 πάνσεμνος,
1932 5776 2008 5841 ὡς
2040 5774 2472 5848 προσκαρτερῶν
2498 5773 2573 5847 τῷ
2628 5775 2885 5849 μακαρεῳ
2926 5774 3297 5849 Λὺξεντίῳηη
3331 5776 3424 5831 καὶ
3467 5773 3606 5846 μετὰ
3655 5773 3753 5845 τὴν
3780 5774 3879 5829 τοῦ
