4160 6458
373 384 510 450 1377
1633 389 1811 451 VITA
1845 389 1906 450 S.
1955 389 2040 450 Αἱ

2057 391 2357 454 ΧΕΝΤῙΙ.
3498 393 3634 462 1378

373 499 653 573 μακαρίου
685 499 946 572 κοίμησιν
984 501 1083 556 σὺν
1103 500 1182 573 τῷ
1210 500 1399 574 τρόπῳ
1427 501 1522 556 καὶ
1541 503 1642 572 τὴν
1671 502 1840 556 τόπον
1868 503 2040 567 διἀδεξ

2057 504 2279 574 άμενος.
2327 525 2345 559 ι
2387 505 2480 562 Ille
2497 505 2664 572 enim,
2702 505 2793 576 qui
2829 519 2929 561 nos
2952 505 3018 560 de
3045 504 3147 561 hoc
3187 504 3469 572 instruxit,
3494 517 3616 562 erat

367 594 588 660 quidem
622 595 800 665 lingua
835 596 1128 663 barbarus,
1160 606 1217 650 ut
1247 596 1339 667 qui
1371 606 1524 652 ortus
1546 605 1692 652 esset
1721 613 1787 651 ex
1823 596 2015 668 Mysia,
2044 611 2224 653 mente
2264 610 2442 654 autem
2479 600 2921 664 honestissimus,
2947 598 3039 667 qui
3074 599 3449 668 perseveravit
3487 597 3630 666 apud

367 683 429 740 Β.
459 687 905 742 Auxentium.....
949 696 1000 740 et
1034 700 1322 758 postquam
1380 692 1568 743 beatus
1612 689 1965 755 obdormivit,
1997 705 2120 744 cmn
2150 689 2391 744 moribus
2424 690 2476 744 in
2503 689 2622 744 loco
2651 703 2868 759 quoque
2896 689 3178 743 successit.
3217 705 3238 740 ι
3265 687 3418 742 Hanc
3451 685 3631 740 Vitam

369 781 563 835 damus
590 795 656 834 ex
688 783 914 850 antiquo
942 782 1132 837 codice
1162 778 1276 834 MS.
1306 780 1648 836 bibliotheca:
1698 781 1841 850 regis
1863 781 2350 845 Christianissimi,
2377 780 2629 835 collatam
2679 794 2804 834 cum
2863 780 3323 850 interpretatione
3375 768 3631 834 Gentiani

367 875 612 940 llerveti,
648 891 811 944 quam
852 876 1075 932 edidere
1111 875 1369 947 Aloysius
1399 873 1730 943 Lipomanus
1752 885 1807 930 et
1836 874 2163 947 Laurentius
2192 875 2410 941 Surius,
2437 889 2504 930 ex
2535 875 2859 932 collectione
2884 865 3286 945 Metaphrastze,
3315 875 3404 944 qui
3439 871 3619 926 Vitam

367 969 529 1032 hanc,
561 977 746 1038 utpote
778 981 1033 1025 accurate
1053 968 1335 1035 scriptam,
1375 969 1488 1022 fere
1515 969 1775 1024 intactam
1836 969 2075 1041 reliquit,
2117 969 2364 1040 pauculis
2413 969 2541 1025 hinc
2591 969 2717 1025 inde
2767 977 2859 1025 aut
2892 969 3092 1026 additis
3147 979 3242 1024 aut
3304 966 3632 1034 immutatis,

368 1061 472 1114 nisi
499 1061 612 1114 haec
635 1059 802 1116 variis
831 1061 1256 1116 amanuensibus
1285 1061 1395 1115 sint
1429 1060 1794 1115 attribuenda.

440 1154 495 1207 5.
522 1152 764 1207 Meminit
797 1152 1040 1224 ejusdem
1083 1152 1260 1208 sancti
1295 1153 1634 1222 Nicephorus
1674 1151 1953 1216 Callistus,
1985 1150 2081 1209 lib.
2118 1168 2233 1220 xw,
2266 1153 2410 1208 Hist.
2442 1158 2571 1211 εδει.
2603 1171 2723 1227 cap.
2764 1155 2834 1211 52
2871 1172 2886 1211 :
2915 1172 2934 1207 ι
2967 1155 3168 1212 Eodem
3197 1156 3359 1211 etiam
3387 1163 3634 1224 tempore

367 1246 799 1317 inquit,_virtutis
855 1247 1210 1300 incrementis
1242 1245 1401 1316 longe
1454 1245 1720 1316 processit
1744 1244 2129 1299 celeberrimus
2158 1246 2247 1300 ille
2298 1248 2599 1303 monachus
2632 1248 2935 1302 Auxentins
2955 1249 3009 1304 in
3041 1259 3226 1304 monte
3256 1247 3522 1317 Bithyniae
3543 1260 3633 1314 eo,

369 1341 460 1409 qui
485 1354 548 1394 ex
589 1339 819 1394 adverso
846 1339 1348 1411 Constantinopolis
1383 1340 1550 1403 situs,
1584 1354 1774 1395 omnes
1798 1339 1943 1394 circa
1976 1337 2142 1394 colles
2186 1340 2478 1396 altitudine
2496 1349 2741 1412 superat.
2781 1359 2800 1393 ι
2837 1340 2963 1398 llaec
2996 1339 3358 1412 Nicephorus,
3386 1341 3632 1412 quicum

372 1431 679 1486 Sozomeno
715 1430 784 1484 ad
842 1441 1078 1501 tempora
1106 1422 1397 1488 Theodosii
1429 1433 1672 1490 Junioris
1699 1447 1762 1487 ea
1793 1433 1981 1497 refert,
2008 1441 2132 1501 post
2158 1433 2313 1502 cujus
2348 1433 2560 1487 obitum
2590 1433 2857 1503 superfuit
2891 1433 2991 1488 sub
3025 1432 3254 1502 imperio
3292 1431 3554 1488 Marciani
3581 1441 3639 1486 et

371 1521 570 1577 Leonis
602 1523 990 1591 imperatorum
1026 1524 1094 1577 ad
1124 1540 1325 1580 annum
1354 1525 1578 1582 circiter
1610 1525 1741 1581 470.
1775 1523 1832 1579 ln
1865 1525 2020 1581 Actis
2070 1527 2211 1594 apud
2265 1523 2665 1594 Metaphrastcn
2722 1525 2955 1580 traditur
3011 1523 3214 1581 obiisse
3246 1526 3348 1582 sub
3404 1523 3634 1596 imperio

372 1615 628 1683 Zenonis,
661 1617 757 1673 sed
788 1617 906 1687 ejus
932 1619 1052 1674 loco
1080 1618 1315 1674 Leonem
1351 1619 1556 1673 habent
1581 1620 1715 1674 Acta
1753 1617 1964 1683 Graeca,
2000 1620 2202 1688 quibus
2241 1621 2320 1672 usi
2360 1633 2572 1673 smnus.

1223 1959 1582 2078 ΒΙΟΣ
1658 1962 1940 2077 ΚΑΙ
2030 1954 2787 2078 ΠΟΛΙΤΕΙΑ

1710 2172 1712 2175 ’
1776 2182 1900 2239 ΚΑΙ
1937 2183 2242 2238 ΑΣΚΗΣΙΣ

532 2350 762 2439 ΤΟΥ
831 2351 1473 2439 ΑΓΙΩΤΑΤΟΥ
1544 2349 1743 2437 ΚΑΙ
1814 2346 2698 2442 ΜΑΚΑΡΙΩΤΑΤΟΥ
2770 2337 3452 2436 ΑΥΞΕΝΤΙΟΥ.

1221 2713 1351 2820 Vl
1368 2709 1540 2816 TA
1613 2713 1783 2816 ET
1866 2708 2783 2820 CONVEBSATIO

1637 2920 1742 2982 ET
1783 2920 2193 2984 EXERCITA
2207 2921 2254 2980 Τ
2259 2921 2343 2982 ΙΟ

755 3033 1502 3192 SANCTISSI'MI
1552 3087 1735 3186 ἘΤ
1807 3097 2026 3186 BEA

2057 3098 2498 3189 I‘lSSIMI
2593 3101 3246 3196 AUXENTII.

653 3303 855 3366 (Graeca
875 3309 1009 3350 nunc
1034 3297 1246 3361 primum
1280 3295 1416 3359 typis
1445 3291 1745 3343 mandantur
1777 3304 1842 3342 ex
1877 3291 1984 3340 cod.
2021 3306 2115 3343 ms.
2151 3292 2279 3357 Reg.
2319 3295 2480 3345 Paris.
2515 3308 2567 3345 n.
2603 3294 2743 3358 H52,
2768 3311 2883 3349 saec.
2911 3312 2962 3350 ι.
2985 3298 3124 3350 Enn.
3160 3300 3350 3365 Pun.)

1805 3584 2032 3644 CAPUT
2069 3584 2362 3643 PRIMUM.

921 3706 1042 3761 Vita
1085 3703 1146 3763 S.
1190 3704 1443 3766 Auxentii
1494 3703 1954 3772 Constantinopoli
1999 3711 2140 3756 acta.
2188 3700 2422 3756 Virtutes
2491 3703 2628 3757 inter
2687 3718 2847 3785 opera
2887 3702 3174 3759 militaria.

449 3831 528 3882 A'.
550 3826 672 3880 Τῶν
712 3823 1085 3894 ἀρχαιοτέρων
1117 3819 1378 3887 Πατέρων
1427 3817 1613 3887 ἔργοις
1643 3819 1739 3872 καὶ
1771 3816 1954 3885 λόγοις
1985 3831 2028 3886 Α

2131 3817 2173 3872 1.
2224 3817 2360 3872 Cum
2397 3818 2608 3886 antiqui
2639 3815 2830 3872 Patres
2861 3829 2915 3872 et
2943 3816 3103 3873 factis
3132 3829 3187 3875 et
3215 3819 3392 3876 verbis
3431 3819 3637 3880 fuerint

373 3917 792 3990 διαπρεψάντων
823 3917 916 3969 καὶ
950 3911 1228 3982 διαφόροις
1257 3911 1604 3979 συντάγμασι
1645 3908 1754 3961 τῶν
1783 3909 1842 3960 ὲν
1870 3907 1950 3975 τῷ

2057 3912 2319 3981 insignes,
2355 3919 2407 3966 et
2439 3912 2668 3966 diversis
2716 3911 2974 3981 operibus
3026 3927 3214 3967 eorum
3249 3914 3341 3984 qui
3393 3913 3444 3970 in
3479 3917 3633 3971 vinea

375 4011 552 4084 νοητῷ
597 4008 881 4081 ἀμπελῶνι
930 4005 1047 4076 ἅμα
1097 4003 1243 4075 πρωῒ
1287 4003 1382 4056 καὶ
1414 4003 1608 4072 τρίτην
1644 4000 1814 4071 ὤραν,
1857 3999 1952 4052 καὶ

373 4108 538 4176 ἕκτην
569 4102 717 4174 ὥραν
747 4100 966 4171 ὁμοίως,
1001 4098 1097 4152 καὶ
1129 4097 1359 4167 ὲννάτην
1391 4094 1745 4164 κεκληκότων
1777 4092 1951 4160 ἁγίων

373 4200 469 4254 καὶ
499 4199 578 4260 εἰς
607 4193 896 4264 οἰκοδομὴν
915 4190 1010 4244 τοῦ
1044 4189 1298 4258 σώματος
1327 4188 1426 4256 τῆς
1469 4185 1802 4250 Ἐκκλησίας
1821 4201 1954 4251 συγ-

373 4287 743 4359 γραψαμένων
769 4283 896 4347 τοὺς
921 4283 1142 4348 πόνους,
1176 4281 1277 4334 οὐκ
1300 4279 1501 4334 ἄτοπον
1523 4277 1618 4330 καὶ
1654 4276 1800 4347 ἡμᾶς
1823 4276 1952 4338 τοὺς

372 4380 459 4433 διὰ
498 4377 774 4449 ῥᾳθυμίαν
808 4376 903 4430 καὶ
935 4370 1300 4427 ἀπαιδευσίαν
1331 4369 1522 4441 πόρρω
1567 4367 1748 4421 αὐτῶν
1779 4366 1954 4436 ὑπάρ-

375 4479 590 4543 χοντας,
655 4469 783 4530 τοὺς
834 4466 944 4518 τῶν
972 4465 1104 4535 περὶ
1134 4463 1233 4535 τὴν
1263 4463 1558 4532 ἑνδεκάτην
1609 4459 1759 4530 ὤραν
1789 4461 1846 4514 ἐν
1875 4457 1953 4529 τῷ

375 4561 527 4634 αὑτῷ
559 4557 844 4630 ἀμπελῶνι
885 4555 1322 4625 ἀγωνισαμένων
1369 4553 1596 4631 διιεαίων
1629 4550 1778 4622 βίους
1818 4550 1954 4620 πρὸς

373 4653 646 4723 ὠφέλειαν
692 4651 803 4703 τῶν
863 4665 922 4702 τε
971 4647 1416 4717 ἐντυγχανόντων
1461 4643 1560 4699 καὶ
1588 4641 1953 4714 ἀκροωμένων

375 4745 584 4799 πιστῶν
631 4739 1056 4812 συγγράψασθαι
1110 4737 1348 4808 ἀληθῶς,
1375 4737 1518 4791 ὥστε
1542 4736 1670 4799 τοὺς
1698 4733 1956 4806 βουλομέ-

375 4852 500 4898 νους
542 4833 790 4905 ἡγεμόνα
843 4828 1147 4899 κεκτῆσθαι
1197 4829 1294 4898 τῆς
1352 4825 1638 4898 παρούσης
1692 4823 1837 4894 ζωῆς
1862 4823 1954 4877 τδν

376 4925 575 4994 εὐσεϐῆ
605 4921 891 4992 λογισμὸν,
919 4919 1153 4981 ἀκλινῶς
1176 4916 1410 4971 ἕπεσθαι
1433 4920 1500 4988 τῇ
1530 4915 1642 4970 τῶν
1676 4928 1955 4986 πατριαρο

375 5015 485 5088 χῶν
516 5016 609 5069 καὶ
631 5013 926 5083 προφητῶν
947 5013 1042 5065 καὶ
1071 5007 1387 5064 ἀποστόλων
1411 5009 1508 5061 καὶ
1536 5007 1830 5079 μαρτύρων
1861 5006 1956 5059 καὶ

373 5107 602 5163 δικαίων
633 5105 760 5175 ὁδῷ,
793 5103 1282 5174 ὲφαμιλλωμένους
1318 5101 1419 5172 μὲν
1438 5103 1558 5164 ταῖς
1591 5100 1796 5153 τούτων
1821 5101 1954 5172 ἀρε-

2054 4021 2174 4075 qua:
2212 4004 2511 4075 percipitur
2571 4003 2955 4074 intelligentia,
2993 4019 3154 4060 mane
3213 4006 3373 4060 simul
3415 4017 3471 4062 et
3500 4009 3634 4064 hora

2053 4098 2212 4152 tertia
2270 4107 2323 4150 et
2354 4106 2504 4151 sexta
2543 4095 2800 4150 similiter
2825 4105 2880 4150 et
2935 4111 3076 4151 ttona
3106 4098 3280 4151 vocati
3311 4107 3456 4163 sunt,
3491 4114 3636 4153 san-

2054 4200 2264 4246 ctorum
2321 4190 2388 4244 ad
2414 4188 2830 4245 aediﬁcationem
2865 4190 3114 4259 corporis
3141 4187 3399 4246 Ecclesizn
3422 4205 3640 4247 sermo-

2057 4296 2153 4336 nes
2177 4281 2609 4349 conscripserint
2646 4296 2661 4335 :
2693 4293 2803 4334 non
2867 4289 2953 4334 est
3000 4281 3321 4347 absurdum,
3369 4297 3469 4338 nos
3501 4298 3640 4352 quo—

2055 4387 2182 4443 que,
2235 4372 2326 4442 qui
2377 4381 2598 4442 propter
2653 4371 2960 4428 socordiam
3019 4380 3076 4427 et
3119 4373 3390 4428 inscitiam
3440 4375 3508 4428 ab
3555 4376 3639 4431 eis

2056 4463 2214 4532 longe
2243 4477 2431 4517 sumus
2463 4460 2678 4529 remoti,
2715 4474 2845 4516 vere
2876 4461 3228 4517 conscribere
3252 4461 3526 4530 iustorum
3557 4463 3637 4518 vi-

2057 4568 2245 4610 rorum
2287 4551 2492 4619 Vitam,
2535 4555 2627 4623 qui
2680 4553 2829 4610 circa
2850 4554 3043 4608 horam
3073 4540 3414 4608 undecimam
3447 4553 3501 4607 in
3536 4568 3636 4609 ea-

2056 4645 2177 4700 dem
2225 4645 2381 4699 vinea
2435 4644 2772 4712 laborarunt,
2806 4646 2874 4700 ad
2929 4645 3223 4700 utilitatem
3268 4644 3504 4700 fidelium
3538 4647 3635 4717 qui

2056 4737 2244 4809 legunt
2295 4745 2352 4792 et
2383 4738 2615 4793 audiunt
2656 4754 2671 4792 :
2711 4747 2770 4794 ut
2797 4737 2890 4809 qui
2921 4738 3110 4792 volunt
3133 4738 3335 4795 habere
3371 4740 3514 4808 piam
3542 4755 3636 4795 ra-

2059 4831 2258 4884 tionem
2291 4831 2484 4885 ducem
2513 4829 2636 4884 vitae
2660 4829 2968 4900 praesentis,
2996 4839 3312 4886 constanter
3337 4841 3638 4901 sequantur

2058 4921 2201 4974 viam
2235 4919 2692 4989 patriarcharum,
2733 4919 3123 4989 prophetarum
3155 4929 3209 4975 et
3240 4922 3637 4992 apostolorum,

2059 5021 2468 5082 martyrumque
2523 5019 2577 5066 et
2625 5011 2899 5081 iustorum
2946 5029 2960 5066 :
2999 5027 3122 5066 cunt
3169 5027 3355 5068 eorum
3417 5013 3636 5082 quidem

2059 5103 2350 5160 virtutibus
2381 5105 2795 5169 contendentes,
2839 5102 3042 5159 sull‘ulti
3099 5116 3280 5160 autem
3331 5114 3386 5161 et
3413 5105 3637 5161 stabiliti

374 5203 516 5269 ταῖς,
557 5173 1090 5268 ὑποστηριζομένους
1121 5193 1177 5246 δὲ
1205 5195 1328 5256 ταῖς
1377 5191 1560 5246 αὐτῶν
1601 5195 1954 5262 προσευχαῖς.
1985 5173 2032 5230 Β

2059 5208 2249 5250 eorum
2279 5195 2642 5250 orationibus.
2675 5212 2694 5247 ι
2732 5194 3086 5266 Quaecunque
3120 5195 3264 5256 enim
3311 5196 3464 5266 prius
3495 5196 3638 5251 scri-

381 5309 400 5344 t
432 5291 575 5344 Ὅσοι
605 5289 715 5360 γὰρ
747 5286 1098 5358 προεγράφη,
1129 5303 1148 5336 ι
1185 5285 1329 5338 κατὰ
1366 5283 1458 5337 τὸν
1490 5282 1776 5336 θεσπέσιον
1808 5283 1956 5337 Παῦ-

374 5381 487 5446 λον,
544 5398 564 5431 ι
618 5379 696 5441 εἰς
741 5377 839 5446 τὴν
893 5373 1174 5446 ἡμετέραν
1202 5371 1488 5427 νουθεσίαν
1539 5370 1889 5443 προεγράφη.
1930 5392 1949 5424 ι

376 5469 706 5532 Πεποιθότες
737 5465 829 5523 οὖν
855 5466 934 5537 τῷ
980 5464 1224 5537 εἰρηκότι
1248 5479 1263 5494 ·
1318 5483 1338 5516 ι
1382 5465 1658 5519 [Ιλάτυνον
1687 5464 1746 5518 τὸ
1777 5463 1952 5533 στόμα

378 5582 494 5632 σου,
528 5563 622 5619 καὶ
654 5561 929 5637 πληρώσω
953 5561 1109 5629 αὐτὸ,
1161 5578 1180 5613 ι
1217 5561 1310 5615 ἐπὶ
1356 5559 1458 5632 τὴν
1480 5561 1850 5633 προκειμένην
1874 5560 1953 5615 δι-

376 5661 484 5732 ήγη
493 5676 576 5714 σιν
606 5655 942 5729 τρεπόμεθα.
1663 5647 1671 5655 ’

452 5819 478 5851 ⁸-
499 5816 659 5874 Rom.
702 5831 788 5885 xv,
816 5816 871 5872 4.
951 5818 970 5849 ³
1006 5813 1155 5874 Psal.
1213 5829 1378 5884 uxx,
1407 5813 1496 5872 11.

2059 5294 2152 5356 pta
2182 5296 2328 5354 sunt,
2377 5304 2397 5338 ›
2430 5297 2488 5342 ιιι
2514 5286 2650 5342 dicit
2697 5287 2916 5343 divinus
2943 5286 3166 5354 Paulus,
3204 5307 3223 5342 ι
3270 5287 3474 5358 scripta
3512 5297 3641 5342 sunt

2059 5379 2130 5437 ad
2192 5387 2432 5435 nostram
2482 5379 2908 5435 admonitionem
2936 5380 2977 5434 ί.
3014 5398 3034 5432 ι
3087 5379 3166 5435 Eo
3197 5394 3327 5453 ergo
3355 5379 3505 5446 freti,
3543 5379 3638 5449 qui

2063 5473 2273 5530 dixilzt
2304 5472 2478 5527 Dilata
2507 5487 2571 5529 os
2600 5480 2852 5537 tuum,.et
2879 5471 3115 5542 implebo
3139 5471 3270 5529 illud
3294 5473 3372 5540 ’,ι
3402 5483 3640 5528 conver-

2062 5574 2246 5623 tamur
2273 5566 2340 5622 ad
2371 5564 2706 5636 propositam
2742 5564 3130 5624 narrationem.
