4160 6430
609 323 710 392 137

1777 313 2063 382 MENSIS
2105 313 2626 381 FEBRUARIUS.

3723 321 3871 387 1380

663 445 734 497 l-I.
773 440 1042 511 Tempore
1104 435 1394 492 Theodosii
1448 432 1712 498 Junioris,
1768 430 1965 486 XXXV
2031 445 2175 486 anno

2349 429 2426 488 θ’.
2463 431 2552 484 Ἐν
2581 433 2692 496 τοῖς
2731 434 2938 511 καιροῖς
2973 434 3256 491 Θεοδοσίου
3299 435 3395 490 τοῦ
3431 437 3594 503 Νέου,
3627 439 3785 503 ἔτους
3811 443 3875 495 δέ

591 536 714 607 ejus
744 531 954 603 imperii
980 529 1080 601 (l),
1106 528 1209 582 fuit
1237 529 1322 582 vir
1345 525 1564 598 quidam
1596 523 1817 580 nomine
1847 523 2172 586 Anxentius,

594 626 691 696 qui
724 630 844 679 erat
885 621 1086 677 relatus
1121 622 1172 674 in
1217 635 1500 674 numerum
1523 626 1733 687 quartae
1769 614 1970 669 scholae
1991 613 2174 667 fortis-

597 721 860 776 simorum
894 727 950 769 et
986 713 1190 769 Christi
1246 712 1547 766 amantium
1579 709 1912 763 scltolarium
1947 705 2024 778 (2)
2062 723 2076 759 :
2108 721 2173 759 ex

596 823 796 879 genere
827 807 1043 875 quidem
1104 803 1384 868 orientali,
1417 803 1469 856 in
1507 801 1705 869 pietate
1735 808 1914 854 autem
1950 806 2004 853 et
2028 796 2172 850 omni

593 901 908 955 Christiana
935 899 1182 953 doctrina
1214 896 1484 958 eruditus,
1516 894 1792 963 roburque
1843 891 2089 961 corporis
2122 897 2177 944 et

595 992 968 1048 fortitudinem
1045 991 1100 1045 in
1161 990 1276 1060 ipsa
1330 990 1502 1042 forma
1554 996 1797 1056 gestans,
1852 997 2176 1054 morumque

595 1086 919 1142 modestiam
952 1091 1006 1138 et
1036 1086 1292 1136 virtutem
1324 1094 1524 1150 gerens
1561 1080 1613 1132 in
1642 1080 1846 1141 animo,
1871 1077 2176 1146 dogmaque

593 1179 800 1235 habens
827 1192 1020 1232 sanum
1059 1176 1110 1229 in
1147 1174 1250 1228 [ide
1298 1172 1620 1242 apostolica,
1647 1181 1702 1225 et
1736 1170 2030 1241 plurimum
2058 1180 2177 1224 stu-

593 1273 741 1327 dium
770 1271 822 1325 in
874 1268 1218 1341 generalibus
1265 1265 1466 1336 vigiliis
1498 1249 1997 1334 peruectationum.
2036 1261 2178 1328 Quo-

595 1365 744 1418 niam
781 1377 912 1417 vero
943 1376 1062 1430 qua:
1098 1369 1226 1412 ante
1257 1359 1372 1411 lucc
1409 1356 1478 1410 ab
1511 1370 1576 1410 eo
1605 1355 1748 1410 facta
1777 1361 1924 1420 sunt,
1959 1369 2059 1410 nos
2096 1354 2175 1407 Ia-

594 1462 838 1513 tuernnt,
865 1451 933 1504 ab
969 1450 1071 1504 hoc
1110 1447 1465 1501 luridamento
1496 1445 1715 1499 initium
1754 1445 2020 1499 ducamus
2047 1458 2174 1497 ora-

597 1546 782 1599 tionis.
813 1542 913 1598 Hie
939 1557 1068 1613 ergo
1095 1551 1316 1595 sanctus
1351 1549 1407 1594 et
1454 1539 1674 1595 divinus
1729 1537 1814 1593 vir
1869 1537 2176 1592 Auxentius

594 1635 830 1688 habebat
891 1615 1148 1702 patruum
1207 1630 1454 1701 Byzantii
1520 1631 1573 1684 in
1617 1629 1866 1684 militiam
1924 1629 2174 1694 relatum,

591 1727 872 1798 optionem
935 1727 1167 1780 numeri.
1201 1724 1371 1790 Quem
1409 1723 1698 1793 requirens
1727 1736 1849 1775 eum
1887 1721 2176 1776 ascendis-

2283 520 2610 589 τριακοστοῦ
2643 506 2918 590 πέμπτου,
2948 524 3230 597 ἀνεδείχθη
3285 544 3369 590 τις
3419 529 3708 594 Λύξέντιος
3749 530 3876 586 ὀνό-

2286 624 2418 676 ματι
2446 608 2502 660 ἐν
2524 612 2591 680 τῇ
2615 612 2850 682 τετάρτῃ
2881 612 3043 684 σχολῇ
3097 615 3537 688 καταλεγόμενος
3574 620 3684 674 τῶν
3742 638 3875 691 γεν-

2283 700 2583 754 ναιοτάτων
2633 703 2729 754 καὶ
2785 704 3147 775 φιλοχρίστων
3201 708 3525 780 σχολαρίων,
3577 713 3641 764 ἐκ
3673 713 3876 782 γένους

2285 790 2387 860 μὲν
2424 793 2532 846 τῶν
2580 795 2677 864 ἀφ’
2707 794 2857 865 ἡλίου
2888 797 3187 864 ἀνατολῶν,
3219 800 3472 872 εὐσεϐείᾳ
3495 803 3551 858 δὲ
3584 806 3677 856 καὶ
3713 807 3874 879 πάσῃ

2284 885 2650 957 Χριστιανικῇ
2682 887 2902 958 παιδείᾳ
2940 889 3264 960 ἡγούμενος,
3298 889 3492 964 ῥώμην
3525 911 3585 947 τε
3614 894 3875 965 σώματνς

2284 974 2377 1025 καὶ
2405 976 2656 1045 ἀνδρείαν
2712 976 2896 1048 φέρων
2926 981 2984 1032 ἐν
3029 980 3107 1052 τῷ
3136 982 3268 1035 εῖδει
3290 1000 3303 1013 ·
3335 985 3430 1036 καὶ
3464 980 3594 1056 ἦθος
3624 989 3871 1051 ἐπιεικὲς

2283 1065 2379 1116 καὶ
2420 1067 2629 1138 σφόδρα
2678 1069 3023 1139 ἐνάρετον-ἐν
3057 1075 3124 1142 τῇ
3158 1073 3574 1145 γνὼμῃ,δόγμα
3601 1077 3659 1131 δὲ
3713 1080 3872 1145 ὐγιές

2284 1159 2622 1228 κεκτημένος
2650 1160 2708 1212 ἐν
2740 1165 2807 1232 τῇ
2830 1161 3166 1236 ἁποστολικῇ
3218 1166 3420 1232 πίστει,
3451 1169 3548 1222 καὶ
3605 1169 3873 1241 πλείστην

2286 1251 2524 1317 σπουδὴν
2571 1251 2629 1305 ἐν
2660 1255 2781 1317 ταῖς
2840 1255 3157 1320 καθολικαῖς
3186 1258 3294 1310 τῶν
3327 1259 3666 1332 παννυχίδων
3694 1265 3874 1335 ἀγρυ-

2284 1343 2484 1405 πνίαις.
2521 1344 2673 1397 Ἐπεὶ
2697 1345 2791 1398 οὖν
2831 1346 2900 1400 τὰ
2946 1350 3353 1421 προγενέστερα
3400 1352 3567 1406 αὐτοῦ
3611 1355 3871 1426 δράματα

2283 1431 2507 1502 λέληθεν
2539 1436 2706 1505 ἡμᾶς,
2734 1436 2842 1490 ἀπὺ
2876 1439 3083 1509 ταύτης
3139 1442 3238 1511 τῆς
3293 1443 3602 1508 ὑποθέσεως
3654 1449 3872 1516 ποιησο-

2287 1522 2428 1592 μεθα
2461 1525 2553 1579 τὸν
2587 1524 2766 1593 λόγον.
2796 1520 2967 1590 Οὗτος
2995 1529 3022 1580 ὁ
3049 1529 3191 1600 ἀνὴρ
3240 1529 3364 1601 ἔσχε
3395 1531 3537 1585 θεῖον
3567 1534 3646 1593 είς
3672 1535 3732 1586 τὸ
3759 1535 3870 1587 Βυ-

2285 1613 2500 1680 ζάντιον
2523 1615 2583 1670 ἐν
2611 1619 2872 1690 στρατείᾳ
2902 1621 3340 1692 καταλεγόμενον
3379 1624 3606 1678 ὀπτίονα
3641 1627 3870 1697 Νουμέ-

2287 1726 2404 1777 ρου,
2431 1709 2491 1763 δν
2523 1710 2799 1781 ἐπιζητῶν
2824 1713 3032 1778 ἀναϐὰς
3057 1715 3168 1768 ἀπὸ
3191 1714 3418 1786 Συρίας,
3446 1719 3540 1772 καὶ
3564 1719 3638 1789 μὴ
3661 1719 3868 1790 εὑρὼν,

594 1794 680 1876 set
733 1835 800 1874 ex
854 1818 1034 1889 Syria,
1077 1827 1134 1873 et
1188 1833 1294 1873 non
1345 1816 1667 1879 invenisset,
1695 1823 1982 1884 propterea
2036 1814 2176 1883 quod

2281 1799 2369 1855 διὰ
2397 1801 2458 1854 τὺ
2508 1802 3068 1876 προτετελευτηκέναι
3118 1807 3524 1878 ἐστρατεύσατο
3554 1812 3866 1884 σχολάριος.

594 1913 746 1983 prius
787 1913 1197 1976 discessisset,‘
1227 1910 1483 1964 militavit
1537 1908 1827 1964 scholaris.
1869 1907 2003 1964 Cum
2049 1923 2180 1978 ergo

593 2017 742 2061 esset
771 2005 826 2060 in
855 2007 1101 2059 exercitu
1152 2003 1406 2074 insignis,
1439 2004 1756 2071 frequenter
1792 2003 1957 2056 etiam
1993 2016 2180 2056 versa-

597 2098 760 2151 batur
821 2112 943 2150 eum
977 2095 1043 2149 iis
1081 2110 1314 2166 quorum
1367 2094 1750 2149 celebrabatur
1773 2093 2096 2148 exercitatio
2124 2103 2180 2147 et

596 2190 772 2242 virtus
805 2205 817 2242 :
846 2188 1084 2241 maxime
1111 2198 1292 2240 autem
1318 2201 1439 2240 cum
1472 2189 1704 2254 quodam
1741 2185 1954 2240 Joanne
1991 2200 2181 2239 mona-

592 2281 716 2342 ebo,
736 2281 825 2349 qui
849 2295 1016 2351 prope
1029 2280 1364 2334 Hebdomum
1392 2281 1467 2349 (5)
1488 2281 1667 2334 stabat
1686 2279 1738 2332 in
1765 2279 1935 2332 Clubo
1959 2277 2058 2349 (4),
2084 2293 2180 2333 cu-

589 2373 679 2442 jus
698 2374 864 2427 etiam
888 2373 1133 2442 vestigiis
1159 2371 1464 2437 insistebat,
1495 2381 1749 2441 tanquam
1778 2371 1931 2424 miles
1952 2371 2176 2434 Christi,

596 2463 756 2517 simul
785 2478 908 2517 cum
941 2463 1202 2532 quodam,
1237 2464 1328 2532 qui
1356 2463 1654 2516 vocabatur
1685 2461 1862 2529 Selas,
1882 2463 2000 2515 viro
2030 2462 2178 2516 omni

597 2571 663 2610 ex
700 2565 852 2626 parte
886 2556 1132 2620 h0uesto,
1165 2564 1218 2610 et
1257 2553 1556 2621 Marciano,
1582 2553 1671 2621 qui
1704 2564 1833 2607 tunc
1861 2561 1981 2606 erat
2010 2551 2179 2607 laicus

598 2653 763 2699 sectae
822 2644 1274 2706 Novatianorum,
1324 2643 1467 2697 haud
1499 2644 1572 2697 ita
1600 2642 1768 2697 multo
1798 2650 1922 2711 post
1949 2653 2177 2696 mortem

600 2737 789 2791 nnitus
819 2735 924 2789 fuit
957 2734 1214 2790 Ecclesiae
1247 2735 1559 2801 Catholicae,
1599 2745 1655 2788 et
1687 2733 1865 2789 factus
1896 2735 1997 2788 fuit
2032 2749 2180 2788 (eco-

597 2841 792 2882 nomus
818 2827 1178 2881 sanctissimae
1210 2825 1414 2897 Magna:
1455 2827 1699 2882 ecclesia:
1723 2827 2177 2896 Constantinopo-

596 2919 778 2972 litanae
808 2933 822 2983 ;
851 2929 903 2972 et
933 2918 1191 2972 Anthimo
1225 2919 1339 2972 viro
1397 2933 1592 2988 magno
1641 2928 1696 2972 et
1741 2917 2053 2973 admirabili
2087 2917 2177 2986 qui

600 3020 728 3064 tunc
748 3020 868 3064 erat
893 3005 1212 3064 ordinarius
1242 3010 1484 3066 decanus
1525 3010 1693 3064 divini
1739 3009 1950 3080 palatii,
1983 3009 2180 3064 deinde

597 3102 778 3158 factus
823 3103 928 3156 fuit
978 3103 1262 3169 diaconus,
1325 3111 1381 3157 et
1424 3111 1611 3173 postea
1657 3103 1820 3157 etiam
1877 3103 2178 3173 presbyter,

595 3195 690 3264 qui
730 3195 892 3250 etiam
927 3207 1044 3264 post
1071 3194 1354 3250 decessum
1379 3209 1565 3248 eorum
1589 3195 1678 3264 qui
1709 3195 1859 3262 prius
1885 3194 2014 3248 dicti
2033 3205 2174 3258 sunt,

596 3286 833 3350 ornavit,
866 3295 922 3340 et
976 3301 1100 3340 cum
1134 3285 1321 3340 laetitia
1360 3285 1411 3338 in
1447 3285 1663 3354 hymnis
1697 3296 1752 3340 et
1781 3285 2032 3348 canticis,
2084 3300 2180 3352 per

597 3378 799 3432 choros
867 3377 1110 3431 virorum
1147 3386 1201 3430 et
1258 3377 1571 3440 mulierum,
1604 3377 1904 3432 celebravit
1955 3377 2177 3432 easdem

598 3469 1061 3537 pernoctationes,
1091 3469 1291 3538 quibus
1316 3468 1594 3522 assidebat
1636 3467 1828 3523 beatus
1851 3470 2176 3525 Auxentius.

601 3559 672 3615 Ut
709 3559 1000 3626 plurimum
1027 3566 1207 3612 autem
1234 3559 1396 3612 ambo
1429 3557 1590 3614 simul
1629 3561 2101 3629 congregabantur
2124 3561 2176 3614 in

599 3650 804 3706 Sancta
842 3651 1021 3716 lrene,
1049 3660 1169 3719 quae
1189 3651 1293 3704 sita
1324 3660 1410 3706 est
1438 3650 1504 3706 ad
1541 3666 1714 3717 mare,
1740 3651 1888 3706 humi
1912 3655 2179 3710 cubantes

579 3751 653 3798 .et
711 3741 1016 3811 vigilantes,
1074 3739 1340 3796 etfontes
1387 3741 1749 3812 lacryntarnm
1807 3740 2174 3808 eﬂ'undentes,

595 3843 1010 3904 perseverantes
1038 3833 1091 3886 in
1114 3832 1340 3904 jejuniis
1369 3841 1423 3888 et
1452 3831 1818 3889 orationibus.

665 3925 755 3980 Ill.
784 3925 923 3980 Cum
954 3940 1083 3996 ergo
1129 3926 1362 3995 quodam
1415 3925 1502 3979 die
1541 3939 1663 3979 cum
1715 3924 1798 3979 eis
1851 3925 2093 3980 venisset
2123 3927 2176 3980 in

595 4033 760 4073 unam
785 4017 1292 4087 congregationem,
1321 4027 1614 4086 antequam
1674 4017 1940 4087 inciperet
1973 4018 2179 4088 gloriﬁ-

595 4111 889 4176 cationem,
921 4121 1083 4166 noctu
1118 4112 1207 4165 siti
1233 4126 1357 4165 eum
1409 4121 1663 4178 vexante,
1695 4126 1891 4180 aquam
1923 4113 2080 4180 petiit
2110 4115 2178 4167 ab

597 4214 707 4253 uno
769 4214 836 4254 ex
897 4199 1214 4255 ministris:
1259 4201 1350 4270 qui
1413 4216 1639 4256 currens
1698 4203 1751 4256 in
1811 4203 2175 4269 diaconicum,

595 4291 729 4346 dicit
759 4307 1068 4360 meonomo,
1099 4291 1379 4347 dominum
1423 4294 1754 4349 Auxentium
1790 4309 1912 4349 cum
1953 4287 2178 4365 reliquis

594 4381 730 4434 viris
762 4382 921 4435 bonis
952 4393 1138 4451 petere
1167 4391 1373 4450 potum.
1407 4379 1601 4438 Jussus
1630 4397 1759 4452 ergo
1796 4384 1849 4437 in
1882 4399 2012 4438 vase
2038 4394 2176 4439 tem—

2282 1892 2612 1964 Διαπρέπων
2645 1894 2722 1948 ὣν
2745 1898 2803 1950 ἐν
2835 1899 2900 1968 τῇ
2935 1899 3195 1969 στρατεία
3224 1900 3316 1952 καὶ
3368 1903 3482 1964 τοῖς
3534 1904 3592 1955 ἐν
3629 1905 3864 1974 ἀσκήσει

2282 1987 2377 2040 καὶ
2409 1988 2578 2058 ἀρετῇ
2653 1989 3001 2061 περιϐοήτοις
3056 1991 3378 2061 ἐσύχναζεν,
3429 1995 3724 2065 ἐξαιρέτως
3761 1999 3874 2068 μά-

2280 2078 2439 2132 λιστα
2483 2082 2704 2154 Ἰωάννῃ
2753 2084 2860 2136 τινὶ
2905 2085 3146 2154 μοναχῷ,
3186 2087 3418 2156 πλησίον
3451 2088 3546 2142 τοῦ
3595 2091 3874 2162 Έϐδόμου

2280 2171 2477 2224 ἑστῶτι
2509 2175 2566 2225 ἐν
2597 2173 2850 2244 Κλουϐᾠ,
2879 2171 2941 2229 οὗ
2970 2178 3092 2231 κατ’
3143 2179 3290 2246 ἴχνος
3349 2179 3597 2234 ὲϐἀδισεν
3626 2185 3656 2235 ὁ
3701 2199 3874 2256 στρεια⁵

2279 2266 2477 2336 τιώτης
2509 2267 2603 2320 τοῦ
2628 2268 2890 2340 Χριστοῦ.
2928 2269 3082 2339 ’Ἅμα
3106 2267 3200 2325 οὖν
3233 2273 3365 2328 Σιτᾱ
3383 2292 3487 2327 τινι
3512 2275 3654 2330 οὕτω
3692 2295 3875 2348 προσ-

2280 2361 2685 2430 αγορευομένῳ,
2723 2361 2880 2432 ἀνδρὶ
2921 2364 3216 2435 πανσέμνῳ
3237 2365 3303 2419 τὰ
3334 2367 3534 2433 πάντα,
3580 2373 3678 2423 καὶ
3713 2373 3876 2441 Μαβ-

2282 2451 2457 2519 κιανῲ
2485 2450 2568 2520 τῷ
2593 2453 2899 2520 τηνικαῦτα
2924 2453 3099 2523 λα’ίκῷ
3129 2455 3243 2509 ὄντι
3273 2457 3370 2526 τῆς
3404 2459 3514 2512 τῶν
3542 2460 3876 2516 Ναυτιανῶν

2283 2544 2602 2614 θρησκείας,
2633 2546 2751 2615 μετ’
2770 2548 2831 2599 οὐ
2868 2548 3004 2602 πολὺ
3036 2550 3093 2602 δὲ
3132 2553 3198 2620 τῇ
3231 2551 3496 2624 καθολικῇ
3522 2557 3708 2609 πίστει
3735 2559 3876 2612 ἐνωο

2281 2635 2428 2690 θέντι
2473 2636 2569 2690 καὶ
2603 2636 2702 2706 τὴν
2748 2638 3065 2708 οἰκονομίαν
3105 2641 3206 2708 τῆς
3259 2643 3574 2715 ἁγιωτάτης
3608 2648 3874 2717 Μεγάλης

2282 2728 2576 2798 ἐκκλησίας
2617 2730 3245 2796 Κωνσταντινουπόλεως
3289 2735 3738 2805 ἐμπιστευθέντι,
3772 2742 3872 2795 καὶ

2294 2817 2533 2890 ’Λνθίμῳ
2555 2817 2630 2889 τῷ
2654 2820 2876 2890 μεγάλῳ
2898 2821 2993 2874 καὶ
3015 2822 3314 2894 Θαυμαστῷ
3336 2825 3492 2897 ἀνδρὶ
3514 2828 3635 2882 τότε
3655 2829 3874 2903 δεκάνφ

2280 2910 2394 2964 ὄντι
2428 2913 2486 2965 ἐν
2511 2913 2706 2984 ὀρδίνῳ
2732 2914 2826 2967 τοῦ
2847 2913 2994 2968 θείου
3015 2916 3300 2984 παλατίου,
3324 2919 3518 2974 ἔπειτα
3547 2923 3604 2975 δὲ
3633 2923 3874 2995 διακόνῳ

2282 3005 2550 3073 γεγονότι,
2591 3004 2778 3060 λοιπὸν
2799 3007 2855 3062 δὲ
2883 3012 2978 3064 καὶ
3009 2991 3391 3083 πρεσϐυτέρῳ,
3450 3013 3529 3084 τῷ
3558 3016 3654 3068 καὶ
3700 2991 3874 3072 καταί-

2283 3098 2624 3168 κοσμήσαντι
2645 3099 2787 3169 μετὰ
2810 3100 2910 3173 τὴν
2937 3103 3272 3172 μετάστασιν
3297 3105 3406 3156 τῶν
3423 3122 3652 3178 προειρη
3663 3109 3868 3178 μένων,

2248 3197 2256 3218 "
2282 3191 2377 3244 καὶ
2409 3191 2764 3264 φαιδρύναντι
2792 3197 2850 3249 ἐν
2879 3199 2997 3260 ταῖς
3020 3198 3320 3269 ὑμνῳδίαις
3341 3200 3430 3253 διὰ
3455 3203 3632 3272 χορῶν
3654 3204 3871 3275 ἀνδρῶν

2279 3297 2340 3332 τε
2399 3283 2492 3334 καὶ
2526 3285 2804 3350 γυναικῶν
2853 3285 2954 3349 τὰς
2985 3288 3157 3352 αὐτὰς
3192 3291 3526 3360 παννυχίδας
3559 3288 3647 3356 αἷς
3693 3309 3874 3364 προσο

2280 3373 2514 3443 ήδρυσεν
2570 3377 2599 3429 ὁ
2655 3377 2930 3446 μακάριος
2983 3379 3298 3445 Αὐξέντιος.
3359 3383 3442 3436 Τὰ
3473 3383 3530 3436 δὲ
3554 3385 3786 3438 πλεῖστα
3818 3388 3872 3439 οι

2279 3465 2581 3536 ἀμφότεροι
2625 3469 2684 3520 ἐν
2739 3471 2807 3540 τῇ
2848 3468 3005 3543 Ἀγίᾳ
3046 3471 3250 3544 Είρήνῃ
3303 3477 3370 3545 τῇ
3406 3477 3556 3546 παρὰ
3587 3476 3873 3532 θάλασσαν

2280 3555 2376 3608 ἐπὶ
2400 3556 2460 3608 τὸ
2487 3557 2616 3610 αὐτὸ
2645 3560 3067 3631 συνηθροίζοντο
3098 3565 3506 3634 χαμευνοῦντες
3545 3570 3642 3621 καὶ
3691 3572 3873 3641 ἀγρυ-

2281 3649 2565 3718 πνοῦντες,
2627 3650 2882 3725 δακρύων
2929 3655 3114 3726 πηγὰς
3142 3657 3449 3729 ἐκχέοντες,
3496 3662 3555 3716 ἐν
3585 3664 3872 3732 νηστείαις

2279 3746 2374 3798 καὶ
2403 3744 2589 3816 εὐχαῖς
2617 3745 3017 3814 διατελοῦντες.

2351 3916 2426 3972 Γ’.
2457 3918 2675 3984 Φθὰσας
2699 3920 2881 3974 τοίνυν
2911 3923 3008 3977 σὺν
3028 3924 3212 3989 αὐτοῖς
3234 3929 3292 3981 ὲν
3320 3930 3421 4002 μιᾷ
3448 3929 3556 3985 τῶν
3588 3934 3872 4000 συνάξεων

2281 4009 2388 4077 πρὸ
2429 4009 2523 4062 τοῦ
2573 4013 2950 4084 κατάρξασθαι
2983 4016 3085 4086 τῆς
3120 4018 3452 4091 δοξολογίας,
3483 4027 3540 4080 ἐν
3576 4030 3643 4099 τῇ
3678 4028 3875 4084 διανυ-

2280 4100 2563 4172 κτερεύσει
2592 4102 2753 4174 δίψης
2797 4106 2950 4177 αὐτῷ
3014 4111 3485 4186 παρενοχλούσης,
3530 4118 3734 4189 ᾔτησεν
3774 4122 3875 4175 εὔ-

2280 4211 2482 4265 κρατον
2503 4197 2636 4267 παρ’
2659 4198 2790 4268 ἐνὸς
2815 4199 2925 4252 τῶν
2979 4199 3295 4274 ὑπηρετῶν.
3335 4208 3396 4260 ’0
3446 4209 3503 4261 δὲ
3549 4213 3874 4286 είσδραμὼν

2281 4288 2341 4342 ἐν
2388 4287 2467 4358 τῷ
2519 4289 2816 4361 διακονικῴ
2870 4293 2950 4358 τῷ
2997 4297 3268 4369 οἰκονόμῳ
3317 4304 3524 4372 φησίν*
3574 4306 3667 4359 τὸν
3701 4309 3873 4380 κύριν

2279 4380 2568 4446 Δύξέντιον
2601 4385 2697 4434 σὺν
2731 4386 2844 4447 τοῖς
2871 4385 3079 4452 λοιποῖς
3113 4392 3426 4454 σπουδαίοις
3467 4395 3620 4467 πόμα
3658 4402 3869 4458 αἰτεῖν.

595 4487 787 4541 perare
813 4474 1005 4527 vinum
1039 4473 1458 4539 benedictionis,
1499 4475 1567 4528 ad
1613 4489 1737 4528 eum
1779 4475 1984 4529 attulit.
2011 4476 2171 4532 Post-

2293 4473 2649 4546 Ἐπιτραπεὶς
2698 4474 2792 4530 οὖν
2842 4479 2944 4548 τῆς
3003 4481 3260 4550 εὐλογίας
3312 4481 3456 4541 οἶνον
3492 4493 3873 4563 συνεκέρασεν

593 4579 756 4634 quam
822 4575 1004 4620 autem
1065 4565 1116 4619 id
1152 4566 1364 4635 accepit
1415 4567 1796 4636 magnanimus
1845 4567 2176 4638 Auxentius,

593 4659 675 4712 ori
703 4657 1004 4714 admovens
1042 4657 1232 4714 refecit
1269 4659 1576 4713 naturalem
1599 4659 1718 4714 sitis
1749 4662 2127 4737 necessitatem
2160 4679 2174 4716 :

590 4755 649 4805 et
678 4749 756 4803 sic
810 4749 960 4817 prius
992 4749 1138 4804 dicto
1157 4750 1245 4818 pio
1276 4747 1583 4812 Marciano,
1619 4749 1709 4816 qui
1766 4750 2024 4817 petierat,
2057 4751 2178 4805 reli-

591 4861 756 4914 quum
789 4847 1032 4901 tradidit.
1065 4845 1161 4901 llle
1200 4861 1330 4901 vero
1358 4836 1479 4900 cum
1527 4845 1700 4901 labris
1738 4847 2090 4912 admovisset,
2123 4857 2178 4904 et

591 4937 855 4992 sensisset
880 4952 999 4993 esse
1028 4941 1235 5003 vinum,
1263 4953 1405 5009 aegre
1439 4938 1640 5003 ferens,
1668 4939 1811 5007 quod
1849 4948 2043 5008 praeter
2062 4954 2175 4994 mo-

592 5043 708 5081 rem
746 5030 870 5085 talis
906 5041 1067 5099 potus
1113 5041 1262 5086 esset
1317 5032 1396 5085 eis
1427 5031 1646 5094 allatus,
1685 5031 1936 5101 proximo
1987 5047 2172 5088 vocem

589 5121 812 5175 emisit:
849 5120 1044 5176 Vinum
1076 5133 1182 5184 est,
1226 5137 1259 5177 o
1306 5121 1496 5179 frater.
1532 5123 1865 5180 Memoratus
1907 5134 2088 5181 autem
2124 5126 2174 5180 ei

590 5210 724 5265 dicit
765 5212 1068 5271 Auxentius
1109 5233 1122 5269 :
1161 5213 1240 5271 Ne
1261 5231 1407 5288 aegre
1433 5215 1600 5282 feras,
1627 5218 1824 5286 inquit,
1851 5217 1945 5273 Dei
1981 5222 2120 5274 dona
2153 5235 2168 5285 ;

591 5393 880 5519 sua:
901 5398 1034 5455 Chr.
1061 5399 1186 5466 442,
1219 5400 1357 5456 Nam
1392 5401 1633 5458 Arcadio
1679 5405 1824 5474 patri
1881 5420 2023 5462 anno
2061 5403 2169 5460 408

663 5479 880 5523 ccessit.

669 5535 1080 5618 (2)”8chularii”
1121 5557 1187 5618 ex
1232 5542 1455 5618 militiae
1491 5545 1682 5618 peritis
1717 5545 2174 5618 exercitatisque

591 5611 799 5684 pragmii
838 5614 955 5665 loco
988 5613 1138 5682 seligi
1167 5613 1436 5678 solebant,
1471 5611 1604 5669 utin
1643 5615 1762 5668 aula
1799 5611 2173 5684 versarentur,

591 5692 757 5748 atque
785 5680 1168 5753 imperatoriam
1201 5686 1253 5736 in
1291 5685 1566 5751 publicum
1610 5687 1967 5753 prodeuntem
2001 5680 2174 5740 comi;

593 5759 858 5818 terentur,
897 5769 928 5806 a
969 5752 1244 5809 Gordiano
1271 5753 1495 5812 Juniore
1535 5752 1640 5810 una
1699 5770 1822 5810 cum
1853 5755 2179 5812 Candidatis

2287 4566 2472 4620 σκεύει
2502 4571 2596 4620 καὶ
2628 4569 2943 4640 ἀπήγαγεν.
2989 4572 3076 4637 Ὠς
3103 4574 3159 4626 δὲ
3193 4576 3413 4641 ἐδέξατο
3442 4582 3470 4634 ὁ
3501 4586 3873 4657 μεγαλόφρων

2282 4657 2597 4727 Αὐξέντιος,
2635 4662 2713 4732 τῷ
2741 4663 2970 4734 στόματι
3004 4668 3392 4738 προσαγαγὼν,
3425 4674 3525 4744 τήν
3550 4677 3613 4728 ἐκ
3643 4681 3872 4744 φύσεως

2285 4753 2384 4843 τῆς
2417 4749 2576 4822 δίψης
2613 4753 2860 4826 ἀνάγκην
2894 4756 3083 4810 ίοὶσατο
3106 4773 3119 4788 ·
3161 4762 3256 4812 καὶ
3300 4761 3476 4828 οὕτως
3512 4766 3590 4837 τῷ
3615 4773 3871 4843 προρρη-

2286 4842 2430 4897 θέντι
2459 4843 2696 4915 θεοφιλεῖ
2718 4849 3024 4920 Μαρκιανῷ
3051 4854 3340 4923 αἰτήσαντι
3371 4857 3432 4911 τὸ
3460 4859 3650 4916 λοιπὸν
3677 4842 3868 4918 ἐπιδέ-

2283 4935 2481 5028 δωκενἶ
2531 4936 2590 4990 '0
2612 4938 2669 5028 δέ
2698 4941 3068 5011 προσαγαγὼν
3102 4947 3216 5010 τοῖς
3247 4948 3452 5018 χείλεσι
3479 4956 3576 5008 καὶ
3601 4956 3870 5028 αίσθόμε-

2284 5046 2373 5092 νος
2437 5025 2581 5084 οἶνον
2611 5027 2769 5088 ⁸εῐναι
2799 5075 2815 5101 ,
2874 5037 3291 5110 ἀγανακτήσας,
3324 5044 3407 5098 δτι
3458 5047 3612 5119 παρὰ
3643 5050 3703 5102 τὸ
3744 5025 3871 5116 ἔθος

2282 5123 2526 5178 τοιοῦτον
2557 5125 2742 5189 αὐτοῖς
2781 5131 3125 5202 προσηνέχθη
3180 5135 3367 5198 ποτὸν,
3399 5141 3586 5210 φωνὴν
3650 5144 3871 5214 ἀφῆκεν

2282 5213 2360 5284 τῷ
2389 5213 2619 5286 πλησίον
2641 5233 2655 5246 ·
2683 5215 2840 5283 om;
2864 5220 3032 5289 ἐστιν,
3059 5223 3278 5296 ἀδελφέ.
3308 5229 3416 5282 Καὶ
3435 5229 3500 5301 δὴ
3536 5233 3670 5304 πρὸς
3698 5213 3872 5289 αὐτὸν

2273 5415 2328 5459 et
2361 5404 2774 5480 Brotectoribns
2804 5409 3042 5480 primum
3081 5414 3335 5472 instituti.

2350 5477 2428 5548 (5)
2452 5477 2546 5561 _De
2569 5477 2853 5561 Hebdomo
2877 5485 3138 5561 suburbio
3169 5477 3740 5561 Constantinopoleos,
3769 5498 3870 5552 ubi

2276 5545 2634 5636 The-otiosius
2657 5548 2899 5636 seiugatis
2955 5556 3310 5636 templumnS.
3345 5545 3870 5636 Joannis—Eanum;

2276 5620 2724 5757 ῗίῒιῗιξυκέἓροελι
2751 5620 2946 5677 Cillius
2979 5620 3080 5679 lib.
3102 5642 3156 5680 IV
3194 5627 3573 5700 Tapographia:
3595 5620 3870 5693 Constitit;

2359 5756 2439 5826 (4)
2467 5756 2740 5830 Sigillum,
2771 5775 2923 5833 pera,
2957 5763 3277 5824 claustrum.
