4160 6414
352 338 487 405 tast
1044 356 1049 361 -
1623 335 1799 397 VITA
1836 332 1896 393 s.
1939 330 2350 398 AUXENTIL
3483 318 3625 402 mea

348 453 847 525 ὀμνημονευθείςο
909 452 1002 524 Μὴ
1057 450 1404 524 δυσχέραινε,
1454 450 1641 522 φησὶν,
1697 451 1792 504 ἐπὶ
1822 451 1939 514 ταῖς

2065 462 2175 503 tam
2209 464 2312 504 nos
2363 446 2581 519 quidem
2637 461 2835 519 aquam
2870 447 3144 519 petiimus.
3177 446 3270 503 Sin
3303 458 3484 505 autem
3518 452 3625 506 Dn-

353 548 450 601 τοῦ
516 545 653 600 Θεοῦ
719 545 971 618 δωρεαῖς.
1019 544 1209 615 Ἡμεῖς
1247 544 1348 614 μὲν
1390 542 1502 613 γὰρ
1537 541 1689 612 ὕδωρ
1726 542 1934 613 ᾐτήσα-

2065 543 2225 595 uinus
2265 541 2520 596 Christus
2559 541 2678 611 ejus
2738 540 2858 596 loco
2893 541 3097 595 viuum'
3128 540 3379 611 praebuit,
3417 547 3624 615 gratias

358 650 481 703 μεν,
503 632 626 686 εἰδὲ
648 635 676 686 6
693 633 973 702 Δεσπότης
1004 627 1148 685 οἶνον
1168 630 1589 701 άντιπαρέσχεν,
1612 632 1939 702 εὐχαριστὴ-

2065 647 2296 702 igamus,
2321 639 2377 689 et
2431 646 2498 688 ne
2535 648 2678 705 aegre
2733 630 2993 688 feramus.
3038 633 3253 688 Etenim
3280 648 3403 689 cum
3432 636 3621 691 vinum

362 742 547 796 σωμεν
573 726 668 779 καὶ
695 724 772 796 μὴ
788 726 1269 795 ἀγανακτήσωμεν
1290 741 1303 756 ο
1338 725 1433 778 καὶ
1456 724 1564 797 γὰρ
1584 726 1642 777 ἐν
1670 725 1748 795 τῷ
1775 725 1940 795 γάμῳ

2065 724 2334 779 lefecisset
2357 725 2410 779 in
2448 725 2670 794 nuptiis,
2703 739 2801 793 per
2821 740 2969 779 suam
2997 727 3231 796 gratiam
3263 742 3460 796 aquam
3494 744 3615 782 mu-

355 814 644 885 λείψαντος
704 816 850 869 οἴνου
876 817 936 869 τὸ
964 815 1110 887 ὕδωρ
1144 815 1235 870 διὰ
1259 816 1359 886 τῆς
1385 815 1581 871 ἑαυτοῦ
1604 816 1828 886 χάριτος
1859 815 1939 877 εἰς

2065 817 2182 871 ,ονῑι
2212 818 2265 870 in
2296 816 2481 870 viuum
2511 816 2553 870 ³.
2591 816 2683 871 Sic
2709 817 2845 872 alter
2885 818 3102 887 quidem
3133 820 3373 873 ostendit
3423 820 3625 874 invitus

355 904 499 961 οἶνον
521 907 878 979 μετεποίηθη.
906 906 1092 971 Οὕτως
1120 910 1148 961 6
1176 908 1275 979 μὲν
1298 907 1399 979 τὴν
1425 907 1736 979 ἀκρίϐειαν,
1766 922 1940 975 προσ-

2065 907 2368 972 )ετῐθοιειιη,
2398 921 2519 975 quae
2548 907 2597 962 ei
2630 909 2841 973 aderat,
2866 909 3250 964 abstinentiam
3280 924 3296 962 :
3328 911 3468 967 alter
3493 925 3625 968 vero

356 998 526 1066 ούσης
582 1001 768 1065 αὐτοῖς
821 1000 1174 1071 ἐγκρατείας,
1233 1004 1385 1056 ἄκων
1438 1000 1776 1065 ἐπεδείξατο,
1827 996 1941 1051 όδὲ

2070 1001 2220 1055 ibens
2248 1001 2587 1056 coneulcavit
2612 1000 2812 1056 fastum
2848 1015 2999 1055 vanae
3031 1001 3238 1072 gloriae.

358 1092 450 1144 τὸν
471 1091 641 1159 τύφσν
668 1091 769 1158 τῆς
791 1090 1100 1154 κενοδοξίας
1125 1089 1269 1143 ἑκὼν
1299 1092 1713 1159 κατεπάτησεν.

429 1184 504 1238 Δ⁸.
547 1184 772 1253 Πτωχδν
813 1183 871 1236 δὲ
914 1183 1079 1236 πάλιν
1117 1184 1306 1237 ἑαυτόν
1332 1201 1416 1246 τις
1446 1182 1806 1252 ἐπαγγέλλων
1830 1181 1944 1236 τῶν

2120 1173 2210 1232 IV.
2237 1176 2443 1232 Rursus
2460 1177 2879 1250 autenthnidam
2902 1193 2965 1234 ex
2984 1179 3117 1236 viris
3145 1181 3301 1236 bouis
3317 1181 3409 1251 qui
3433 1196 3625 1253 seque.

362 1274 646 1345 ἑπομένων
673 1275 978 1329 σπουδαίων
1006 1275 1073 1329 δι’
1105 1275 1268 1347 δχλου
1294 1277 1505 1347 ἐγίνετο
1538 1276 1617 1347 τῷ
1657 1274 1943 1347 μακαρίτῃ

2065 1278 2271 1335 dantur,
2305 1282 2364 1322 se
2392 1283 2687 1338 pauperem
2715 1283 2835 1325 esse
2864 1270 3197 1340 significans,
3225 1272 3487 1327 molestus
3506 1281 3628 1328 erat

361 1365 655 1437 Αὐξεντίῳ,
693 1368 804 1418 τῶν
852 1366 1080 1436 χρωτῶν
1112 1365 1279 1419 αὐτοῦ
1322 1346 1761 1436 σαρκοκάλυμμα
1792 1346 1949 1418 stilo-

2065 1367 2212 1414 aeato
2243 1358 2539 1425 Auxentio,
2576 1372 2767 1429 petens
2785 1361 2856 1414 ab
2896 1375 2965 1414 eo
2989 1360 3261 1415 indusium
3289 1362 3632 1417 benedictio-

364 1457 490 1527 γίας
519 1459 684 1530 χάριν
716 1458 811 1511 καὶ
845 1458 1039 1522 πενίας
1088 1458 1339 1524 ἐξαιτῶν.
1384 1460 1494 1512 Καὶ
1516 1457 1582 1530 δὴ
1617 1457 1752 1528 πρὸς
1780 1456 1946 1510 αὐτόν

2065 1451 2138 1505 nis
2167 1453 2343 1521 gratia
2366 1463 2424 1507 et
2471 1453 2833 1523 paupertatis.
2862 1450 2912 1507 ls
2943 1469 3077 1509 vero
3117 1453 3251 1508 dicit
3272 1455 3321 1507 ei
3347 1470 3363 1509 :
3394 1453 3524 1521 Ora,
3572 1460 3632 1509 ut

366 1566 573 1621 φησινῖ
605 1547 796 1615 Εὐξαι,
842 1550 931 1604 ἵνα
987 1552 1015 1603 6
1050 1550 1255 1622 Κύριος
1284 1550 1501 1623 πέμψῃ,
1542 1550 1637 1604 καὶ
1666 1549 1811 1621 λήψῃ
1835 1567 1850 1581 ο
1880 1549 1946 1603 οὐ

2065 1544 2319 1600 Dominus
2369 1546 2570 1609 mittat,
2604 1556 2658 1600 et
2698 1560 2727 1599 a
2763 1560 2850 1602 me
2903 1546 3165 1617 accipies.
3205 1544 3321 1601 Non
3366 1547 3511 1602 enim
3539 1562 3636 1602 su-

367 1641 479 1714 γὰρ
519 1637 588 1715 ἧν
641 1643 790 1711 αὐτῷ
844 1644 909 1696 ἑκ
961 1646 1284 1715 περιουσίας
1319 1645 1716 1714 ἀμφιάσματα,
1767 1644 1856 1696 διὰ
1884 1643 1948 1696 τὸ

2065 1645 2380 1706 peraveraut
2402 1636 2450 1691 ei
2482 1637 2835 1703 veSIimenta,
2865 1648 3151 1708 propterea
3191 1637 3337 1708 quod
3366 1653 3632 1707 quaecun-

370 1731 587 1786 ἃπαντα
614 1732 682 1785 τὰ
714 1733 1067 1802 ἐμπίπτοντα
1096 1733 1245 1804 αὐτῷ
1267 1737 1380 1797 τοῖς
1410 1734 1610 1805 πένησι
1647 1732 1940 1788 διαδοῦναι.

2065 1740 2160 1797 que
2181 1726 2237 1782 in
2277 1740 2402 1782 eum
2433 1727 2767 1791 incidebant,
2796 1728 2954 1783 daret
2993 1729 3344 1798 pauperibus.
3378 1729 3472 1783 ille
3500 1743 3633 1784 vero

384 1820 444 1874 '0
463 1821 520 1875 δὲ
541 1823 641 1890 τῆς
677 1823 1029 1894 ὑποσχέσεως
1058 1825 1135 1889 ὡς
1159 1826 1512 1896 γραμματίου
1537 1824 1949 1895 ἐπιλαβόμενος.

2065 1818 2471 1889 promissionem
2493 1819 2768 1889 arripiens
2786 1829 3039 1889 tauquam
3061 1820 3398 1885 achedulam,
3414 1818 3636 1876 assidue

372 1912 770 1984 ἀκαταλήκτως
803 1915 901 1987 τὴν
935 1917 1233 1988 ἀπαίτησιν
1262 1919 1517 1971 ἐποιεῖτοο
1550 1919 1673 1973 ὅθεν
1699 1919 1794 1974 ἐπὶ
1815 1919 1951 1974 πολύ

375 2005 708 2076 παρενοχλού
717 2023 875 2076 μενος
891 2009 947 2062 έν
967 2009 1070 2079 μιᾷ
1084 2008 1293 2080 ἑσπέρᾳ
1311 2009 1475 2064 πάλιν
1492 2012 1623 2083 παρ’
1641 2011 1805 2066 αὐτοῦ
1824 2012 1956 2064 ὐπο-

378 2097 661 2168 μνησθεὶς,
688 2098 879 2169 Δεῦρο,
911 2099 1099 2169 φησὶν,
1128 2101 1353 2170 ἀδελφὲ,
1422 2105 1481 2154 ὲν
1534 2103 1775 2174 εὐκαίρῳ
1802 2103 1954 2171 τόπῳ

375 2189 791 2262 ἀποληψόμενος
816 2195 916 2262 τὴν
971 2194 1190 2266 αἴτησιν
1226 2198 1321 2248 καὶ
1349 2195 1711 2251 ἀπαλλάττων
1748 2214 1815 2268 με
1856 2198 1955 2268 τῆς

372 2280 625 2352 τοιαύτης
657 2285 1055 2353 περιστάσεως.
1079 2287 1165 2350 Ὠς
1187 2287 1246 2340 δὲ
1270 2287 1576 2360 ἀποκρύφῳ
1599 2290 1751 2361 τόπῳ
1772 2290 1954 2359 ἐγίνε-

375 2389 458 2435 το,
476 2374 617 2445 ὅπερ
632 2376 870 2445 ὴμφίετο
894 2379 1170 2448 στιχάριον
1190 2378 1600 2446 ἀποδυσάμενος
1614 2378 1844 2434 δέδωκεν
1865 2382 1960 2434 αὐ-

376 2462 458 2533 τῷ
492 2466 585 2518 καὶ
614 2464 681 2517 ἐκ
716 2463 810 2518 τοῦ
851 2466 1097 2535 φελονίου
1130 2467 1294 2537 μόνον
1314 2467 1522 2538 διῆγεν.
1548 2470 1658 2522 Καὶ
1693 2475 1830 2539 μετά
1860 2471 1958 2541 τὴν

379 2553 703 2624 ὐμνολογίαν
761 2556 1195 2628 ἀναχωρούντων
1225 2558 1576 2629 ἀμφοτέρων,
1609 2559 1808 2630 ᾔσθετο
1862 2561 1957 2615 τοῦ

378 2643 655 2715 δράματος
701 2650 730 2700 6
781 2648 1043 2718 ἀνωτέρω
1097 2651 1431 2721 προῤῥηθεὶς
1463 2652 1663 2721 εὐήθης
1690 2654 1830 2723 ἀνὴρ
1866 2656 1959 2706 καὶ

379 2733 529 2802 λέγει
551 2735 704 2807 αὐτῷ
724 2753 739 2769 ·
774 2737 933 2791 Πᾶτά
966 2754 1060 2792 σου
1084 2740 1117 2809 ἡ
1149 2740 1398 2794 πολιτεία
1420 2740 1514 2795 καὶ
1546 2743 1580 2812 ἡ
1605 2743 1795 2813 ἀγάπη
1819 2741 1958 2813 αὕτη

383 2826 676 2898 ὲστὶριύρι
706 2827 993 2896 Αὐξέντιε,
1026 2831 1113 2883 ἵνα
1147 2831 1542 2902 ὐστερούμενος
1575 2834 1804 2902 χιτῶνος
1827 2836 1960 2904 ἡμῖν

385 2916 461 2989 μὴ
494 2919 801 2993 θαρῤήσῃς.
845 2921 934 2983 Ὠς
969 2920 1192 2992 μειδιῶν
1214 2922 1270 2975 δέ
1292 2938 1424 2993 φησι
1462 2922 1597 2992 πρὸς
1628 2923 1756 2987 τοὺς
1781 2926 1960 2995 ἀμφο-

383 3011 606 3083 τέρους
643 3012 754 3066 Τοῦ
802 3012 1116 3076 πλειστάκις
1157 3029 1224 3083 με
1275 3013 1547 3084 ἑπίὐμῶν
1579 3015 1791 3083 ἰταμῶς
1839 3015 1966 3085 μεθ·

384 3102 683 3170 οδεύοντος,
706 3104 860 3175 μόλις
883 3104 1213 3175 ἀπηλλάγην
1235 3122 1248 3135 ’
1275 3104 1416 3159 ἀλλά
1450 3106 1758 3176 παρακαλῶ
1790 3106 1961 3160 ἀπελ-

386 3197 500 3252 θεῖν
554 3199 706 3270 ήμᾶς
758 3198 896 3270 πρὸς
964 3200 1057 3255 τὸν
1114 3198 1274 3271 κύριν
1350 3199 1609 3272 Ἰωάννην
1658 3202 1751 3255 τὸν
1806 3202 1865 3257 ὲν
1883 3202 1962 3273 τῷ

384 3291 616 3363 Κλουόᾦ
643 3294 902 3362 μοναχὸν,
929 3291 1231 3362 ὀψομένους
1261 3293 1360 3363 τὴν
1386 3292 1545 3359 δόξαν
1570 3294 1665 3347 τοῦ
1696 3293 1854 3351 Θεοῦ.

458 3386 534 3438 Ε’.
559 3384 872 3449 Συντάξεως
901 3380 996 3440 οὖν
1025 3386 1346 3456 γενομένης,
1391 3386 1531 3454 μετὰ
1574 3385 1675 3456 τὴν
1701 3385 1830 3455 μίαν
1860 3402 1967 3440 πα-

390 3479 702 3550 ραγίνονται
735 3480 875 3551 πρὸς
905 3480 1068 3535 αὐτὸν
1122 3480 1217 3535 καὶ
1256 3479 1428 3551 ὁρῶσι
1457 3481 1550 3534 τὸν
1588 3480 1850 3551 εἰληφότα
1874 3480 1966 3535 τὸν

388 3571 711 3641 χιτωνίσκον
746 3571 1074 3641 παρεστῶτα
1113 3573 1379 3640 στυγνόνο
1428 3575 1525 3627 καὶ
1559 3573 1701 3643 μετά
1740 3572 1852 3642 τὴν
1875 3589 1965 3625 τε-

388 3662 606 3717 λείωσιν
652 3663 753 3733 τῆς
795 3662 962 3734 εὐχῆς
1022 3662 1172 3731 λέγει
1214 3664 1244 3718 6
1270 3664 1546 3735 μακάριος
1602 3664 1855 3733 Ἰωάννης
1889 3663 1965 3727 ὡς

388 3754 527 3824 πρὸς
554 3754 810 3825 συνήθεις
835 3753 1001 3808 αὐτοῦ
1029 3755 1125 3809 καὶ
1151 3757 1493 3825 προσφιλεῖς·
1517 3755 1787 3823 Εὐξασθε,
1811 3755 1967 3810 ἁδελ-

389 3845 504 3916 φοὶ,
525 3848 652 3918 περὶ
684 3845 780 3900 τοῦ
808 3845 1024 3918 πτωχοῦ
1050 3847 1268 3912 τούτου,
1288 3848 1372 3903 ὅτι
1408 3848 1479 3902 τά
1514 3849 1790 3920 προσόντα
1816 3845 1966 3916 αὐτῷ

388 3937 625 4010 πενιχρὰ
660 3939 800 4010 ἄρας
849 3956 931 4002 τις
989 3939 1318 4010 ἀπέδρασεν.
1374 3939 1435 3992 '0
1461 3939 1519 3994 δὲ
1556 3940 1828 4009 μακάριος
1853 3940 1965 3992 Αὐ-

390 4030 595 4097 ξέντιος
621 4035 868 4102 χαρίεντι
891 4030 1172 4103 προσώπῳ
1193 4031 1399 4102 ἤρξατο
1421 4033 1668 4100 εὐλογεῖν
1684 4030 1778 4084 τὸν
1804 4028 1966 4084 τοῦτο

388 4122 668 4196 δράσαντα
684 4140 700 4156 ·
737 4124 829 4178 καί
847 4141 1012 4196 φησιν
1035 4123 1173 4194 πρὸς
1194 4123 1357 4177 αὐτὸν
1382 4125 1412 4178 6
1435 4122 1644 4186 δίκαιος
1673 4122 1814 4194 ἀνὴρ
1838 4122 1913 4186 ὡς
1938 4123 1967 4177 6

387 4215 578 4270 Βαλὰκ
617 4216 755 4288 πρὸς
800 4218 893 4270 τὸν
952 4217 1200 4287 Βαλαὰμ,
1234 4216 1599 4288 Καταρᾶσθαί
1634 4232 1694 4269 σε
1725 4216 1967 4287 προσκέο

390 4311 624 4381 κλημαι,
654 4312 748 4367 καὶ
770 4313 834 4366 σὺ
859 4312 1102 4380 εὐλογεῖς
1128 4329 1146 4380 ;
1180 4310 1529 4382 ’ἀποκριθεὶς
1554 4309 1612 4365 δὲ
1641 4310 1669 4363 6
1697 4310 1967 4380 μακάριος

387 4404 677 4470 Αὐξέντιος
701 4403 851 4472 λέγει
878 4403 955 4473 τῷ
982 4403 1140 4472 δῆθεν
1166 4402 1369 4474 πτωχῷ
1385 4419 1399 4433 ·
1424 4402 1534 4466 Τὰς
1558 4401 1723 4472 εὐχάς
1745 4388 1843 4454 σου
1873 4397 1964 4453 τοῦ

2054 1910 2327 1982 exigebat.
2371 1909 2741 1978 Quamobrem
2802 1926 2929 1966 eum
2970 1912 3197 1966 multum
3252 1911 3301 1966 ei
3341 1922 3485 1967 esset
3515 1926 3636 1966 mo-

2056 2001 2246 2067 lestus,
2287 2012 2342 2057 et
2372 2018 2480 2057 una
2514 2017 2738 2072 vespera
2775 2005 2966 2057 rursu‘s
2992 2005 3060 2058 ab
3092 2018 3157 2058 eo
3187 2015 3336 2059 esset
3383 2004 3637 2058 admoni-

2059 2105 2165 2160 tus,
2199 2094 2335 2149 dicit
2383 2096 2472 2150 ei:
2512 2096 2697 2162 Adsis,
2743 2095 2934 2159 frater,
2972 2098 3026 2150 in
3060 2096 3178 2151 loco
3207 2105 3513 2166 opportuno
3552 2110 3639 2151 ac-

2055 2197 2315 2258 cepturus
2370 2189 2710 2257 petitionem.
2738 2187 3033 2257 Postquam
3079 2198 3260 2242 autem
3293 2189 3395 2243 fuit
3424 2192 3479 2243 in
3514 2188 3639 2243 loco

2056 2280 2293 2346 occulto,
2317 2283 2470 2337 exuit
2498 2297 2558 2336 se
2601 2281 2785 2336 tunica
2817 2295 2925 2351 qua
2965 2289 3081 2334 erat
3111 2281 3354 2344 indutus,
3392 2292 3447 2335 et
3489 2281 3637 2335 dedit

2052 2375 2129 2440 ei,
2154 2383 2213 2430 et
2235 2375 2436 2429 mansit
2466 2375 2519 2428 in
2558 2373 2670 2428 sola
2701 2374 2917 2444 penula.
2950 2373 3081 2428 Post
3096 2373 3356 2443 hymnum
3393 2388 3524 2428 vero
3556 2374 3640 2428 di-

2057 2477 2206 2522 ctum
2256 2468 2522 2522 ambobus
2575 2466 2974 2531 recedentibus,
3027 2466 3200 2521 sensit
3244 2466 3387 2535 quod
3436 2466 3638 2520 factum

2058 2560 2256 2621 fuerat,
2293 2560 2384 2630 qui
2413 2560 2563 2631 prius
2600 2558 2779 2615 dictus
2835 2569 2919 2614 est
2971 2558 3050 2613 vir
3086 2558 3229 2628 pius,
3259 2570 3308 2614 et
3351 2558 3483 2614 dicit
3536 2559 3586 2613 ei
3622 2576 3639 2613 :

2064 2655 2401 2711 Universane
2454 2656 2562 2707 vita
2597 2660 2686 2706 tua
2721 2652 2794 2705 ita
2830 2653 3031 2746 agifur,
3071 2661 3127 2705 et
3168 2651 3412 2705 ebaritas
3440 2661 3553 2715 tua,
3582 2663 3644 2705 ut

2061 2761 2255 2803 carens
2296 2746 2502 2812 tunica,
2559 2745 2714 2801 nobis
2780 2759 2888 2799 non
2917 2743 3228 2799 'coniidas?
3276 2743 3641 2811 Quamobrem

2064 2849 2318 2908 tanquam
2349 2837 2659 2899 subridens,
2688 2837 2821 2892 dicit
2854 2836 3122 2890 ambobus
3148 2853 3161 2889 :
3197 2835 3362 2890 Abeo
3388 2838 3479 2903 qui
3510 2835 3640 2889 mihi

2062 2932 2360 3000 saepissime
2410 2929 2564 2985 vobis
2616 2929 2973 2998 praesentibus
3025 2929 3369 2999 impudenter
3415 2928 3644 2998 parabat

2063 3022 2317 3086 insidias,
2359 3022 2448 3078 vix
2505 3023 2722 3076 tandem
2752 3038 2874 3077 sutn
2906 3021 3186 3077 liberatus.
3221 3020 3328 3077 Sed
3354 3036 3485 3089 rogo
3517 3036 3642 3081 vos,

2067 3125 2127 3172 ut
2157 3131 2346 3171 eamus
2379 3117 2446 3170 ad
2500 3114 2781 3169 dominum
2835 3112 3103 3169 Joannem
3163 3116 3518 3181 monachum,
3549 3116 3643 3184 qui

2063 3219 2148 3264 est
2181 3211 2233 3262 in
2260 3207 2452 3274 Clubo,
2487 3207 2653 3262 visuri
2686 3207 2781 3262 Dei
2811 3207 3064 3292 gloriam.

2144 3376 2213 3433 γ.
2239 3377 2374 3432 Cum
2408 3378 2591 3448 itaque
2644 3379 2786 3435 inter
2829 3392 2925 3435 eos
2946 3380 3309 3443 convenisset.
3335 3387 3456 3448 post
3479 3394 3644 3435 unum

2065 3469 2208 3526 diem
2261 3470 2333 3526 ad
2383 3484 2506 3525 eum
2531 3470 2776 3539 veniunt,
2805 3480 2861 3528 et
2897 3472 3085 3527 vident
3124 3486 3249 3528 eum
3272 3473 3368 3541 qui
3399 3474 3645 3529 tunicam

2066 3571 2378 3633 acceperat,
2410 3564 2605 3619 adesse
2640 3566 2877 3619 tristem.
2911 3562 3110 3620 Finitis
3135 3576 3318 3620 autem
3364 3565 3645 3635 precibus.

2066 3656 2200 3712 dicit
2230 3652 2424 3708 beatus
2446 3652 2711 3718 Joannes,
2743 3664 3002 3723 tanquam
3043 3655 3236 3710 amicis
3266 3656 3382 3711 suis
3402 3666 3457 3710 et
3485 3654 3649 3711 fatui-

2066 3748 2294 3807 liaribus
2313 3767 2326 3802 :
2346 3745 2535 3813 Orate,
2562 3748 2786 3816 fratres,
2808 3761 2906 3817 pro
2930 3746 3033 3801 hoc
3058 3748 3331 3804 mendico.
3351 3746 3488 3803 Nam
3509 3762 3650 3820 quos

2066 3840 2305 3896 habebat
2359 3839 2497 3894 viles
2528 3852 2762 3908 pannos,
2787 3836 3015 3893 abstulit
3048 3837 3250 3906 aliquis
3299 3848 3354 3894 ct
3412 3837 3645 3908 aufugit.

2065 3932 2127 3988 Β.
2156 3947 2288 3987 vero
2315 3931 2619 3986 Auxentius
2643 3928 2772 3984 laeto
2793 3928 2942 3982 vultu
2983 3930 3152 4000 cmpit
3193 3928 3266 3996 ei,
3298 3929 3390 3999 qui
3421 3929 3474 3985 id
3504 3929 3655 3987 fece-

2066 4031 2175 4090 rat,
2219 4022 2559 4077 benedicere.
2627 4019 2768 4075 Dicit
2817 4029 3002 4075 autem
3064 4019 3113 4074 ei
3169 4018 3476 4087 virjustus,
3507 4020 3650 4083 sicut

2066 4114 2285 4172 Balaam
2313 4111 2476 4166 Baiae
2502 4114 2525 4143 ⁵
2560 4128 2574 4165 :
2607 4107 2755 4166 Jussi
2790 4119 2842 4165 te
2899 4110 3212 4176 exsecrari;
3241 4119 3297 4164 et
3326 4121 3380 4163 tu
3409 4111 3457 4165 ei
3488 4110 3649 4165 bene-

2068 4206 2239 4263 dicis?
2277 4204 2632 4273 Respondens
2682 4214 2866 4258 autem
2926 4202 3120 4258 beatus
3160 4201 3487 4267 Auxentius,
3514 4201 3652 4257 dicit

2070 4296 2581 4355 mendicozliedde
2638 4308 2760 4351 vota
2819 4304 2909 4351 tua
2965 4295 3220 4361 Domino,
3296 4296 3490 4362 frater,
3517 4302 3654 4365 quot

2070 4393 2309 4448 habebas
2364 4391 2746 4448 indusiaillle
2794 4404 2926 4445 vero
2970 4389 3253 4459 respondit
3299 4402 3422 4443 cum
3472 4386 3645 4443 ﬂetu:

394 4496 626 4569 Κυρίου,
664 4495 882 4564 άδελφὲ,
913 4494 1056 4551 πόσα
1087 4492 1231 4565 εἶχες
1247 4494 1522 4565 στιχάριας
1561 4494 1618 4547 Ὀ
1641 4494 1699 4549 δὲ
1728 4492 1962 4561 ἀπεκρί-

2072 4482 2318 4550 Septem,
2349 4493 2404 4539 et
2436 4483 2487 4536 id
2519 4482 2664 4551 quod
2688 4480 2819 4535 mihi
2861 4480 3161 4550 preebuisti.
3210 4479 3349 4533 Dicit
3376 4479 3425 4534 ei
3456 4477 3650 4533 beatus

391 4606 524 4644 νατο
574 4588 690 4658 μετ’
720 4585 990 4658 ὀδυρμοῦ⁸
1013 4584 1185 4639 Ἐπτά
1212 4585 1322 4638 τῶν
1354 4584 1533 4638 ποδῶν
1565 4600 1659 4637 σου
1691 4587 1785 4638 καὶ
1813 4584 1841 4635 ὃ
1875 4600 1967 4653 μοι

393 4681 691 4751 παρέσχες.
724 4680 890 4746 Λέγει
918 4676 1066 4747 αὐτῷ
1105 4678 1134 4730 6
1160 4676 1432 4747 μακάριος
1453 4693 1466 4707 ·
1509 4676 1664 4730 Ἐπεὶ
1694 4670 1789 4729 οὖν
1828 4675 1970 4729 ἑπτὰ

394 4768 533 4840 ἔχων
577 4771 678 4821 οὐκ
728 4766 1027 4839 ἠρκέσθης,
1084 4764 1221 4820 ἀλλά
1258 4764 1320 4818 τὸ
1352 4765 1598 4836 ὑπάρχον
1636 4782 1728 4835 μοι
1771 4764 1830 4817 ἓν
1872 4765 1969 4818 ἐπὶ

390 4859 646 4914 τοσοῦτον
672 4858 1087 4928 παρενοχλήσας
1106 4858 1355 4928 εἴληφας,
1384 4856 1590 4913 παῦσαι
1606 4855 1966 4926 λυπούμενος.

393 4950 569 5006 Τοῦτο
582 4952 692 5021 γάρ
718 4953 946 5004 κάκεῖνα
976 4948 1264 5020 διαδράσαι
1296 4947 1732 5020 παρεσκεύασεν.
1756 4947 1969 5012 Ἦιπίως

393 5039 489 5098 οὖν
523 5042 619 5097 καὶ
646 5041 834 5095 τοῦτον
866 5041 1143 5110 διελέγξας
1198 5040 1504 5111 παράθεσιν
1545 5043 1683 5110 μετὰ
1705 5039 1815 5094 τῶν
1840 5057 1969 5095 συν-

393 5137 563 5191 όντων
585 5135 958 5205 κομισάμενος
997 5134 1190 5205 ἀπῄει.

468 5235 559 5300 ς’.
591 5231 708 5302 Μιᾷ
734 5229 791 5283 δὲ
820 5229 928 5283 τῶν
959 5231 1180 5302 ἡμερῶν
1232 5233 1290 5286 ὲν
1322 5230 1401 5303 τῷ
1436 5230 1686 5302 παλατίῳ
1744 5231 1969 5302 προῖὼν,

393 5323 501 5395 ὁρᾷ
533 5339 656 5376 τινα
694 5320 1071 5393 κρατούμενον
1096 5320 1203 5375 ὐπδ
1225 5322 1577 5395 στρατιωτῶν
1600 5321 1695 5375 καὶ
1720 5337 1973 5394 σφετερι-

397 5416 651 5487 ζόμενον.
693 5417 1147 5487 Προσευξάμενος
1213 5412 1307 5471 οὖν
1355 5416 1506 5486 λέγει
1562 5400 1847 5487 συνήθωςο
1911 5416 1971 5469 '0

399 5510 665 5582 ῥυόμενος
729 5511 945 5581 πτωχὸν
1005 5512 1070 5565 ὲκ
1125 5510 1308 5582 χειρὸς
1348 5509 1736 5581 στερεωτέρων
1781 5507 1972 5572 αὐτοῦ,

396 5600 522 5654 ἐλθὲ
557 5601 653 5655 καλ⁵
683 5600 781 5655 νῦν
811 5601 945 5671 πρὸς
980 5601 1256 5672 βοήθειαν.
1310 5601 1421 5654 Καὶ
1454 5601 1630 5655 ταῦτα
1671 5599 1844 5656 εἰπὼν
1872 5617 1972 5671 με·

398 5688 570 5754 σάσας
598 5690 858 5762 ἀνεθῆναι
885 5689 1269 5763 παρεσκεύασε
1294 5691 1386 5745 τὸν
1421 5690 1612 5762 ἄνδρα.

468 5805 665 5864 'Joan.
699 5821 760 5864 tt.
836 5807 859 5841 ⁸
890 5805 1047 5865 Nunt.
1101 5822 1254 5876 um,
1295 5807 1384 5864 ll.
1465 5807 1658 5866 'Psal.
1703 5808 1949 5880 xxv,10.

2070 4574 2375 4630 Auxentius
2413 4589 2428 4627 :
2460 4572 2729 4639 Quoniam
2782 4586 2913 4643 ergo
2973 4586 3095 4624 cum
3157 4578 3366 4639 septem
3398 4570 3652 4637 haberes,

2072 4682 2182 4722 non
2234 4666 2383 4721 fuisti
2440 4673 2753 4728 contentus,
2781 4664 2875 4718 sed
2933 4677 3121 4730 unum,
3171 4663 3313 4732 quod
3361 4661 3649 4727 habebam,

2073 4765 2279 4813 tantam
2315 4757 2446 4811 mihi
2479 4755 2783 4812 molestiam
2806 4755 3094 4820 exhibens,
3119 4754 3407 4822 accepisti,
3439 4754 3543 4810 hoc
3568 4753 3652 4809 ef-

2072 4848 2204 4908 fecit
2239 4860 2297 4907 ut
2324 4850 2417 4905 illa
2439 4862 2659 4920 quoque
2688 4848 2960 4916 fugerent.
2983 4844 3118 4901 Cum
3144 4860 3268 4901 eum
3286 4860 3418 4916 ergo
3442 4846 3655 4920 placide

2074 4943 2466 5014 redarguisset,
2506 4918 2716 4998 etwcum
2743 4940 2812 4996 iis
2845 4940 2938 5009 qui
2964 4937 3128 4995 simul
3172 4946 3332 4996 erant
3387 4918 3653 4994 ferculum

2077 5037 2399 5107 accepisset,
2431 5033 2680 5090 recessit.

2151 5235 2243 5292 Vl.
2277 5235 2521 5305 Quodam
2551 5247 2681 5289 vero
2731 5231 2818 5286 die
2846 5231 2900 5287 in
2927 5228 3126 5303 palatio
3158 5236 3479 5300 procedens,
3513 5229 3663 5313 videt

2080 5328 2369 5399 quemdam
2409 5324 2582 5380 teneri
2611 5332 2667 5376 et
2699 5321 2838 5376 trahi
2871 5337 2900 5376 a
2931 5321 3213 5376 militibus.
3251 5316 3430 5374 Orans
3473 5327 3660 5372 autem

2079 5419 2300 5477 dicitde
2333 5433 2484 5474 more
2521 5434 2534 5470 :
2568 5414 2669 5483 Qui
2700 5415 2900 5470 liberas
2924 5413 3233 5468 mendicum
3266 5427 3294 5465 a
3326 5425 3492 5465 manu
3516 5410 3660 5475 ejus,

2077 5512 2171 5583 qui
2201 5521 2332 5567 sunt
2386 5512 2504 5582 ipso
2530 5508 2808 5574 fortiores,
2840 5506 2964 5562 veni
3001 5520 3149 5560 nunc
3172 5517 3394 5574 quoque
3419 5501 3484 5555 ad
3516 5500 3662 5555 dan-

2079 5607 2205 5661 dum
2268 5605 2532 5660 auxilium
2566 5600 2768 5668 “.Qttte
2822 5616 2948 5658 eum
3001 5598 3256 5664 dixisset,
3300 5594 3482 5652 eiTecit
3528 5602 3588 5647 ut
3616 5592 3664 5647 is

2081 5701 2442 5756 relaxaretur.
