4160 6424
544 309 565 372 i
577 309 680 370 383

1703 309 1864 370 ΜΕΝ
1872 307 1988 369 SIS
2026 305 2549 368 FEBRUARIUS.

3645 303 3800 372 1384

610 421 719 476 V'll.
774 420 1074 477 Transieus
1138 428 1320 476 autem
1382 434 1480 492 per
1533 422 1921 493 Battopoliuin,
1979 422 2114 478 vidit

2288 420 2342 474 Z'
2390 421 2490 474 Διὰ
2527 416 2898 473 Βαττοπολιοῦ
2921 418 2977 473 δὲ
3014 418 3227 490 παριὼν
3268 418 3532 475 ἐθεάσατο
3550 419 3678 486 τοὺς
3703 423 3804 494 ἐρ-

531 513 801 582 quosdam
852 514 1074 582 Opilices
1136 511 1398 568 dedentes
1452 523 1508 568 et
1534 513 1816 569 dicentes:
1855 513 2016 570 Venit
2039 517 2107 569 ad

535 622 638 660 nos
687 615 900 676 tempus
962 619 1072 674 quo
1118 604 1290 660 simus
1343 607 1530 671 Otiosi,
1561 617 1618 662 ct
1673 607 1809 660 nihil
1860 621 2106 676 agamus,

535 699 854 754 ciaudamus
915 707 1136 753 nostras
1191 697 1458 753 ollicinas.
1485 698 1618 754 Cum
1665 715 1794 754 veru
1825 700 2109 766 audiisset,

535 800 590 846 ct
615 806 806 869 eorum
839 801 988 850 esset
1021 790 1276 845 misertus
1307 790 1514 846 Christi
1567 792 1726 846 miles
1780 792 2111 855 Auxentius,

535 884 622 938 die
645 884 899 954 {sequenti
938 882 1164 937 divertit
1203 883 1255 936 in
1281 899 1442 937 unam
1473 899 1537 937 cx
1569 883 1676 938 illis
1705 883 1959 949 oliiciuis,
1996 900 2114 938 mu-

539 983 652 1028 tato
686 975 895 1041 habitu,
935 987 992 1028 ut
1023 975 1198 1030 iertur
1222 975 1288 1028 de
1316 975 1634 1044 Serapione,
1663 985 1717 1030 et
1743 977 1908 1031 dicit:
1940 975 2112 1042 Quam

536 1070 846 1121 mercedem
882 1067 1012 1120 midi
1045 1067 1267 1131 dabitis,
1302 1075 1357 1120 et
1375 1071 1532 1122 Slabo
1561 1068 1614 1121 iu
1645 1081 1826 1123 veSIra
1855 1067 2114 1122 olliciua?

537 1157 616 1212 Illi
655 1168 835 1212 autem
868 1159 1127 1213 dixerunt
1158 1177 1172 1212 :
1203 1159 1524 1214 Ludiﬁcaris
1557 1160 1931 1228 nos,juvenis.
1961 1161 2111 1226 Quo-

537 1253 698 1304 modo
728 1251 1089 1306 tibidabimus
1110 1251 1436 1315 mercedem,
1459 1267 1580 1305 cum
1607 1253 1778 1306 simus
1801 1253 2114 1322 pauperes?

537 1339 897 1411 Respondeas
955 1357 1109 1407 vero,
1137 1343 1279 1398 dixit
1314 1343 1396 1398 eis
1424 1359 1439 1400 ;
1471 1343 1755 1398 Laborabo
1808 1343 2111 1411 vobiscum,

537 1434 816 1503 accipiens
863 1433 1107 1501 quotidie
1134 1443 1246 1489 tres
1277 1433 1488 1492 obolos.
1521 1433 1601 1488 llli
1639 1445 1822 1490 autem
1848 1437 1954 1490 latti
1985 1451 2112 1492 eum

537 1533 891 1593 acceperunt.
935 1523 1037 1590 Qui
1085 1540 1208 1578 cum
1253 1524 1450 1580 luisset
1480 1525 1590 1580 illic
1646 1534 1757 1580 tres
1783 1525 1921 1591 dies,
1957 1527 2116 1582 valde

535 1619 715 1670 crevit
741 1625 797 1670 et
826 1613 1010 1668 ﬂoruit
1043 1616 1130 1669 illa
1162 1615 1399 1671 oﬂicina.
1434 1617 1686 1686 Acceptis
1717 1619 1901 1687 itaque
1919 1633 2113 1672 novem

537 1707 734 1772 obolis,
763 1707 996 1762 recessit
1017 1705 1255 1763 abillis.
1283 1708 1335 1763 ls
1365 1718 1547 1764 autem
1575 1723 1637 1763 ea
1679 1709 1826 1764 dedit
1863 1710 2109 1779 pauperi-

538 1802 665 1856 bus.
701 1799 896 1856 Dolore
918 1815 1050 1856 νει-ο
1079 1799 1261 1856 aﬂecti
1303 1800 1670 1870 suntOpiiices
1696 1801 1841 1856 illius
1864 1802 2113 1868 oﬂiciuae,
2147 1783 2190 1838 Β

536 1907 760 1962 egresso
791 1891 1198 1947 admirabilium
1223 1892 1786 1949 eﬂ‘ectoreAuxentio.
1813 1891 1949 1949 Tres
1970 1896 2115 1949 enim

539 1986 678 2050 dies,
708 2001 846 2055 quos
885 1985 998 2040 illic
1031 1987 1162 2052 egit,
1193 2001 1303 2040 non
1333 1987 1572 2056 gustavit
1601 2002 1775 2056 neque
1799 2001 1992 2056 panem
2017 2001 2116 2043 ne-

539 2093 645 2148 que
667 2080 872 2145 viuum,
901 2095 1000 2134 nec
1024 2079 1232 2149 aliquid
1260 2079 1407 2134 aliud
1435 2097 1450 2133 :
1480 2079 1620 2144 adeo
1667 2089 1725 2134 ut
1759 2081 2117 2146 mirarentur,

541 2171 634 2238 qui
675 2170 786 2225 illic
826 2179 1007 2236 erant,
1041 2180 1098 2225 et
1145 2170 1384 2227 dicerent
1441 2172 1489 2226 ei
1527 2171 1683 2226 :Cur
1713 2187 1819 2226 non
1875 2174 2121 2228 comedis

541 2274 596 2317 et
627 2264 768 2318 bibis
822 2265 1102 2318 nobiscum
1129 2264 1151 2316 ?
1181 2263 1232 2318 is
1263 2279 1392 2318 vero
1432 2265 1648 2319 dicebat
1681 2264 1762 2319 eis
1797 2282 1809 2318 :
1843 2283 1861 2316 ι
1897 2263 2016 2320 Non
2067 2265 2120 2320 in

543 2361 660 2413 solo
686 2374 821 2426 pane
849 2359 982 2412 vivit
1007 2359 1190 2424 homo,
1216 2359 1389 2414 sed'in
1412 2359 1560 2414 omni
1585 2362 1772 2425 verbo,
1798 2360 1942 2429 quod
1970 2375 2124 2430 egre-

547 2451 694 2504 ditur
745 2465 844 2519 per
899 2466 962 2505 os
1003 2450 1096 2505 Dei
1131 2451 1172 2506 ⁸.
1215 2469 1234 2504 ι
1269 2451 1348 2504 Illi
1384 2466 1512 2507 vero
1538 2452 1826 2518 siluerunt,
1859 2469 1964 2508 non
2004 2453 2122 2508 ausi

551 2541 786 2608 amplius
816 2541 864 2596 ei
893 2557 1016 2597 esse
1041 2542 1278 2608 molesti,
1305 2543 1682 2598 renuntiarunt
1704 2553 1882 2598 autem
1905 2557 2122 2598 omnem

549 2634 761 2704 copiam
797 2643 850 2689 et
880 2635 1320 2703 prosperitatem,
1352 2650 1472 2704 qum
1517 2635 1657 2690 facta
1693 2642 1777 2690 est
1807 2649 1903 2705 per
1935 2649 2122 2704 preces

547 2727 666 2795 ejus
699 2728 750 2780 in
787 2726 998 2782 oliiciua
1033 2742 1153 2792 sua,
1185 2726 1351 2782 Deum
1398 2727 1784 2797 gloriﬁcantes.

618 2926 756 2982 γιιι.
795 2926 1004 2982 Rursus
1032 2942 1162 2983 vero
1209 2927 1419 2998 aliquot
1467 2935 1588 2998 post
1635 2927 1851 2994 diebus,
1885 2927 2121 2982 venienti

549 3021 651 3090 ipsi
684 3022 736 3074 iu
777 3021 1035 3089 palatium
1061 3022 1300 3076 occurrit
1325 3021 1572 3090 quaedam
1599 3021 1792 3074 mulier
1816 3034 2120 3090 prmgnans,

2215 513 2626 584 γαστηριακοὺς
2648 505 3092 582 άποδύρομένους
3121 512 3216 565 καὶ
3248 511 3543 580 λέγοντας·
3590 514 3807 587 Καιρὸς

2214 607 2347 676 ἡμῖν
2375 605 2608 674 ἔφθασεν
2639 603 2918 674 άπραγίας
2937 621 2949 634 ο
3003 604 3308 675 κλείσωμεν
3338 605 3408 658 τά
3452 607 3804 678 ἐργαστήρια

2213 697 2393 766 ήμῶν.
2439 695 2701 758 Ἀκούσας
2731 695 2788 748 δὲ
2841 697 2934 749 καὶ
2987 697 3364 766 συμπαθήσας
3417 697 3600 761 αὐτοῖς
3635 699 3666 752 ὁ
3701 701 3804 754 τοῦ

2215 789 2452 862 Χριστοῦ
2488 788 2851 862 στρατιώτης,
2879 790 3145 844 κατέλυσε
3181 793 3248 861 τῇ
3292 789 3420 860 ἑξῆς
3439 791 3499 844 ἐν
3529 790 3608 862 τῷ
3630 793 3804 864 ἐργα-

2218 882 2422 952 στηρίῳ
2471 882 2685 950 ἐκείνῳ,
2745 879 2978 944 ἀλλάξας
3014 880 3075 933 τὸ
3104 880 3291 951 σχῆμα
3321 878 3511 946 αὐτοῦ,
3538 883 3680 935 κατὰ
3707 881 3805 936 τὸν

2217 975 2332 1045 βίον
2385 973 2754 1044 Σεραπίονος,
2820 973 2917 1026 ita).
2955 971 3104 1040 λέγει
3151 972 3371 1036 αύτοῖςο
3399 973 3466 1025 Τί
3516 991 3604 1044 μοι
3626 974 3803 1028 δίδοτε

2219 1067 2434 1137 μισθὸν,
2478 1066 2575 1120 καὶ
2619 1065 2850 1136 ἵσταμαι
2903 1066 2963 1119 ἐν
2991 1065 3071 1134 τῷ
3124 1065 3478 1138 ἐργαστηρίῳ
3505 1067 3699 1136 ήμῶνς
3736 1066 3804 1121 Οί

2215 1160 2272 1213 δὲ
2322 1155 2516 1212 εἷπονο
2572 1156 2954 1222 Καταπαίζεις
2982 1157 3163 1228 ἡμῶν,
3219 1157 3471 1228 νεώτερε.
3515 1159 3687 1213 Πόθεν
3717 1177 3804 1214 σοι

2215 1250 2459 1320 δώσομεν
2522 1249 2733 1320 μισθὸν,
2783 1249 2981 1320 ἄποροι
3046 1248 3237 1314 ὕντες;
3307 1249 3421 1303 Καὶ
3477 1251 3806 1321 ἀποκριθεὶς

2215 1338 2369 1396 εἶπεν
2405 1343 2589 1404 αὐτοῖς
2609 1360 2624 1376 -
2661 1342 2872 1414 Κάμνω
2908 1343 3007 1396 σὺν
3037 1342 3167 1412 ύμῖν
3195 1341 3487 1414 λαμϐάνων
3515 1343 3638 1396 καθ’
3659 1345 3805 1414 ήμέ-

2218 1451 2318 1504 ραν
2376 1433 2590 1502 φόλλεις
2627 1434 2816 1502 τρεῒςο
2866 1433 2915 1486 οἱ
2941 1433 3000 1486 δὲ
3042 1433 3304 1504 χαρέντες
3325 1433 3576 1498 ἐδέξαντο
3610 1435 3801 1499 αὐτόν,

2217 1526 2312 1578 καὶ
2367 1525 2603 1594 ποιήσας
2659 1525 2774 1577 ἐκεῖ
2807 1526 2960 1595 τρεῖς
3014 1525 3232 1595 ἡμέρας
3293 1525 3647 1595 ύπερηύξατο
3703 1529 3804 1580 καὶ

2216 1616 2478 1672 ἁνέθαλεν
2533 1617 2594 1670 τὸ
2633 1617 3002 1690 ἐργαστήριον
3041 1618 3242 1672 ἐκεῖνο.
3304 1617 3504 1672 Λαϐὼν
3551 1612 3644 1670 οῦν
3672 1616 3805 1679 τοὺς

2218 1711 2374 1764 ἐννέα
2405 1710 2646 1780 φόλλεις,
2667 1707 2892 1778 ἐξῆλθεν
2928 1707 3024 1761 ἀπ’
3057 1706 3265 1771 αὐτῶν,
3311 1708 3408 1761 καὶ
3428 1707 3629 1762 ἔδωκεν
3661 1708 3806 1762 αὐτὰ

2220 1805 2480 1874 πτωχοῖς.
2530 1801 2917 1871 Ἐλυπήθησαν
2939 1803 2990 1854 oi
3017 1799 3114 1854 τοῦ
3147 1800 3514 1873 ἐργαστηρίου
3551 1801 3805 1866 ἐξελθόν-

2219 1915 2311 1962 τος
2337 1897 2432 1951 τοῦ
2481 1894 2928 1968 θαυματουργοῦ.
2969 1895 3082 1960 Τὰς
3115 1895 3226 1967 γὰρ
3284 1898 3434 1967 τρεῖς
3487 1896 3702 1968 ἡμέρας
3733 1896 3805 1961 ἃς

2221 1989 2480 2060 ἐποίησεν
2510 1990 2652 2055 ἐκεῖ,
2681 1989 2782 2043 οὐκ
2807 1989 3133 2057 ἐνοσφίσατο
3161 1987 3285 2042 οὔτε
3309 1989 3476 2060 ἄρτου
3509 1989 3633 2043 οὔτε
3652 1990 3806 2044 οἴνου

2219 2083 2343 2138 οὔτε
2397 2085 2559 2139 ἄλλου
2596 2085 2759 2149 τινὸς,
2813 2083 2956 2139 ὥστε
2991 2083 3299 2155 θαυμάζειν
3341 2085 3467 2149 τοὺς
3501 2087 3677 2138 ἐκεῖσε
3705 2085 3812 2139 καὶ

2221 2176 2403 2245 λέγειν
2461 2175 2646 2247 αὐτῷ’
2700 2178 2802 2230 Διὰ
2853 2178 2911 2230 τί
2970 2175 3071 2230 οὐκ
3110 2175 3317 2239 ἐσθίεις
3355 2176 3452 2229 σὺν
3499 2177 3667 2248 ήμῖνς
3707 2177 3810 2232 καὶ

2223 2263 2376 2322 εἶπεν
2399 2269 2584 2332 αὐτοῖς
2609 2286 2620 2298 ·
2650 2288 2669 2321 ι
2701 2268 3044 2338 Γέγραπται,
3087 2266 3201 2320 Οὐκ
3241 2266 3327 2320 ἐπ’
3354 2267 3506 2337 ἄρτῳ
3527 2267 3675 2338 μόνῳ
3705 2267 3810 2338 ζή-

2227 2381 2380 2416 σεται
2406 2363 2710 2434 άνθρωπος,
2743 2363 2862 2417 ἀλλ’
2885 2364 2979 2416 ἐπὶ
3019 2363 3187 2416 παντὶ
3237 2363 3447 2434 ῥήματι
3503 2365 3808 2435 ἐκπορευο-

2228 2456 2376 2526 μένῳ
2408 2455 2499 2509 διὰ
2531 2457 2800 2526 στόματος
2828 2454 2988 2510 Θεοῦ.
3025 2475 3044 2508 ι
3088 2457 3152 2509 Οἱ
3173 2456 3230 2508 δὲ
3255 2455 3572 2528 ἐσιώπησαν
3604 2457 3812 2527 μηκέτι

2224 2547 2598 2618 τολμήσαντες
2633 2548 2862 2619 ὀχλῆσαι
2899 2547 3089 2618 αὐτῷ·
3142 2549 3489 2619 ἀπήγγειλαν
3533 2548 3592 2602 δὲ
3635 2551 3814 2604 πᾶσιν

2225 2641 2323 2711 τὴν
2355 2641 2621 2710 εὐπορίαν
2661 2657 2721 2693 τε
2754 2641 2850 2694 καὶ
2904 2639 3224 2694 εύσθένειαν
3249 2640 3347 2711 τὴν
3379 2642 3681 2712 γενομένην
3720 2641 3814 2695 διὰ

2223 2732 2333 2787 τῶν
2359 2733 2535 2803 εὐχῶν
2569 2732 2736 2786 αὐτοῦ
2771 2734 2828 2787 ἐν
2869 2733 3224 2806 ἐργαστηρίῳ
3271 2734 3424 2805 αὐτῷ
3477 2732 3810 2801 δοξάσαντες

2225 2827 2318 2880 τὸν
2350 2827 2503 2880 Θεόν.

2299 2920 2382 2975 H'.
2414 2919 2585 2974 Πάλιν
2615 2919 2672 2973 δὲ
2704 2917 2823 2989 μεθ’
2857 2918 3071 2991 ἡμέρας
3114 2918 3269 2983 τινὰς
3310 2919 3608 2990 ἐρχομένου
3639 2918 3814 2974 αὑτοῦ

2226 3012 2285 3063 ἐν
2315 3009 2392 3080 τῷ
2418 3009 2687 3081 παλατίῳ,
2730 3011 3038 3064 ὑπαντᾶται
3071 3009 3221 3080 αὐτῷ
3255 3011 3395 3079 γυνὴ
3427 3009 3623 3078 ἔγκυος
3645 3009 3812 3078 οῦσα,

559 3115 732 3180 passis
784 3113 1050 3180 crinibus,
1105 3114 1350 3167 clamans
1384 3130 1396 3166 :
1433 3111 1477 3167 Ο
1523 3112 1623 3177 vis,
1655 3127 1774 3181 qua:
1802 3111 2028 3166 ati‘ertur
2055 3111 2119 3167 ab

2227 3102 2536 3174 λυσίτριχος
2559 3142 2573 3165 ,
2634 3102 2915 3173 κράζουσα
2941 3119 2955 3134 ο
2986 3097 3056 3155 Ὦ
3117 3101 3208 3170 βία
3252 3101 3362 3156 άπὸ
3388 3101 3677 3166 Αύξεντίου
3709 3101 3813 3158 τοῦ

545 3205 839 3266 Auxentio,
873 3205 963 3272 qui
1007 3204 1244 3258 comedit
1274 3203 1562 3258 daemonia.
1601 3203 1802 3272 Viginti
1834 3219 2006 3258 annos
2040 3204 2121 3258 la-

549 3296 627 3348 tui
672 3296 722 3347 in
779 3295 876 3348 hac
930 3305 1202 3357 creatura,
1240 3303 1295 3348 et
1328 3293 1448 3360 ejus
1487 3294 1746 3347 transitus
1784 3308 1870 3346 me
1896 3294 2123 3348 abduxit

549 3387 619 3438 ab
651 3383 814 3454 hujus
847 3387 1138 3455 unguibus.
1170 3385 1262 3438 Sic
1296 3384 1442 3438 enim
1496 3399 1591 3453 per
1619 3399 1704 3439 me
1748 3386 1966 3438 transiit
2000 3397 2123 3439 tan-

547 3496 712 3551 quam
747 3482 917 3546 ensis,
947 3490 1002 3535 et
1031 3495 1115 3534 me
1139 3481 1430 3549 discerpsit
1458 3497 1472 3538 :
1507 3489 1561 3535 et
1591 3495 1720 3535 ecce
1779 3495 2003 3550 separor
2055 3479 2124 3535 ab

551 3574 652 3627 bac
675 3582 922 3626 creatura
973 3580 1096 3642 post
1149 3572 1380 3641 spatium
1419 3571 1606 3642 viginti
1643 3586 1933 3625 annorum.
1973 3571 2122 3640 Equo

549 3676 729 3721 autem
771 3681 869 3719 suo
914 3664 1144 3719 subditis
1187 3665 1491 3720 calcaribus
1541 3665 1742 3719 Christi
1794 3680 1985 3720 servus
2011 3667 2124 3719 Au-

550 3760 788 3824 xentius,
821 3773 890 3812 ne
920 3767 1338 3828 cognosceretur
1364 3757 1432 3813 ab
1459 3757 1796 3824 hominibus,
1829 3758 2125 3812 fes1inabat

551 3851 808 3916 transire,
847 3850 1029 3905 celans
1073 3865 1192 3919 quae
1221 3851 1274 3903 in
1307 3864 1364 3905 se
1413 3859 1551 3914 erat,
1583 3851 1834 3919 gratiam.
1877 3849 2122 3903 Immun-

550 3945 651 3997 dus
674 3953 854 3997 autem
883 3944 1110 4012 spiritus
1160 3942 1494 4012 sequebatur
1524 3957 1672 4006 eum,
1706 3940 1898 3996 dicens
1937 3959 1949 3996 :
1983 3941 2123 4008 Quid

553 4048 639 4088 me
693 4033 899 4088 trabis?
929 4035 1196 4104 egredior.
1229 4024 1582 4102 Gongrcgatae
1647 4045 1773 4086 vero
1807 4041 1933 4087 sunt
1979 4033 2124 4086 circa

553 4139 674 4176 eum
716 4124 900 4178 multae
935 4126 1126 4190 turba},
1159 4126 1296 4180 adeo
1329 4134 1388 4178 ut
1431 4125 1714 4193 suspirans
1750 4135 1806 4180 et
1834 4123 1968 4180 ﬂens
1997 4125 2125 4180 bea-

555 4226 643 4268 tus
670 4218 933 4282 craverit,
961 4222 1020 4270 ut
1053 4231 1115 4270 ea
1168 4227 1470 4272 curaretur.
1507 4198 1621 4271 iloc
1661 4225 1841 4273 autem
1879 4218 2044 4283 facto,
2070 4225 2125 4272 et

551 4325 615 4364 ea
642 4309 825 4362 statim
859 4306 1136 4371 mundata,
1171 4305 1338 4361 ilizeso
1363 4305 1496 4361 iaetu
1524 4306 1826 4377 (eratenim
1849 4306 2118 4377 gravida),

552 4401 848 4469 stupebant
871 4413 1058 4454 onmes
1080 4407 1134 4454 et
1163 4399 1594 4465 admirabantur,
1621 4397 1790 4454 Deum
1814 4398 2126 4469 glorifican-

2223 3193 2686 3263 δαιμονιοφάγου·
2723 3195 2900 3246 εἰκοσι
2948 3192 3044 3262 ἔτη
3083 3192 3192 3264 ἔχω
3235 3194 3610 3264 κρυπτόμενος
3652 3194 3712 3246 ἐν
3737 3195 3809 3265 τῇ

2225 3285 2421 3338 πλάσει
2447 3283 2640 3354 ταύτῃ,
2664 3287 2760 3338 καὶ
2786 3287 2818 3353 ἠ
2849 3284 3084 3354 πάροδος
3107 3285 3270 3337 αὑτοῦ
3287 3285 3579 3355 ·ἀνήγαγέν
3605 3303 3672 3356 με
3697 3286 3812 3340 ἀπὸ

2223 3377 2332 3430 τῶν
2361 3375 2570 3447 ὀνύχων
2601 3376 2772 3446 αὐτῆς
2798 3395 2813 3408 ·
2847 3375 3020 3439 οὕτως
3053 3377 3163 3448 γὰρ
3194 3376 3377 3447 διῆλθε
3403 3376 3472 3430 δι’
3505 3376 3662 3448 ἐμοῦ,
3694 3376 3811 3431 ὦσ-

2225 3483 2333 3538 περ
2359 3467 2512 3537 ξίφος
2550 3469 2644 3522 καὶ
2669 3467 3040 3539 διεσπάραξεν
3069 3485 3160 3538 με,
3219 3469 3314 3523 καὶ
3357 3469 3468 3524 ίδοὺ
3499 3470 3812 3543 χωρίζομαι

2224 3560 2333 3613 ἀπὸ
2361 3560 2460 3629 τῆς
2486 3559 2736 3622 πλάσεως
2761 3560 2968 3629 ταύτης
3020 3561 3111 3614 διὰ
3141 3562 3346 3614 εἴκοσιν
3383 3561 3545 3614 ἐτῶν.
3579 3562 3813 3632 Πτερνί-

2227 3670 2326 3716 σας
2370 3654 2428 3707 δὲ
2484 3654 2576 3707 τὸν
2623 3654 2787 3706 ἵππον
2833 3653 2999 3706 αὑτοῦ
3027 3656 3056 3708 ὁ
3100 3655 3390 3726 ἄνθρωπος
3441 3654 3535 3708 τοῦ
3567 3655 3811 3727 Χριστοῦ

2226 3746 2363 3815 πρὸς
2391 3748 2452 3798 τὸ
2482 3747 2555 3815 μὴ
2585 3745 2895 3816 γνωσθῆναι
2927 3746 3035 3799 ὑπὸ
3079 3745 3191 3798 τῶν
3221 3744 3528 3815 ἀνθρώπων
3554 3785 3569 3810 ,
3611 3747 3816 3798 ἐσπευ-

2226 3839 2315 3892 δεν
2349 3838 2640 3909 παρελθεῖν
2695 3839 2959 3909 κρύπτων
3013 3840 3114 3910 τὴν
3141 3841 3199 3893 ἐν
3244 3839 3394 3909 αὐτῷ
3421 3839 3616 3910 χάριν·
3656 3839 3720 3892 τὺ
3751 3837 3813 3893 ὁὶ

2226 3932 2535 4002 ἀκάθαρτον
2591 3932 2812 4002 πνεῦμα
2849 3933 3038 4002 σχεδὸν
3088 3932 3384 3999 ἠκολούθει
3417 3932 3565 4002 αὐτῷ
3599 3931 3812 4000 λέγων’

2228 4024 2293 4076 Τί
2325 4040 2394 4093 με
2421 4023 2642 4090 ἓλκειςς
2676 4025 2995 4097 ἐξέρχομαι.
3030 4024 3386 4096 Συνήχθησαν
3406 4025 3463 4078 δὲ
3495 4025 3624 4095 περὶ
3645 4022 3815 4078 αὑτὸν

2227 4117 2375 4190 δχλοι
2405 4119 2619 4184 πολλοὶ,
2659 4119 2735 4184 ὡς
2772 4120 3102 4186 στενάξαντα
3148 4120 3240 4173 τὸν
3295 4122 3566 4193 μακάριον
3593 4120 3687 4174 καὶ
3715 4119 3820 4174 δα-

2227 4212 2511 4283 κρύσαντα
2560 4211 2821 4278 εὔξασθαι
2852 4213 2946 4266 τοῦ
2981 4211 3202 4284 ίαθῆναι
3229 4215 3424 4286 αὑτήν.
3459 4215 3662 4268 Τούτου
3715 4210 3817 4268 οῦν

2229 4303 2521 4373 γενομένου
2548 4304 2643 4356 καὶ
2676 4303 3024 4375 παραχρῆμα
3047 4305 3480 4376 καθαρισθείσης
3507 4305 3701 4376 αὐτῆς,
3732 4304 3816 4376 μὴ

2229 4395 2582 4467 ἀδικηθέντος
2600 4395 2696 4448 τοῦ
2726 4395 2962 4466 βρέφους
2978 4397 3388 4470 (ἐγκύμωνξγὰρ
3405 4394 3496 4470 ἦν)
3529 4397 3819 4462 ἐξίσταντο

551 4464 763 4563 κε’ᾳυί
795 4492 954 4547 talem
989 4499 1316 4562 potestatem
1351 4489 1498 4547 dedit
1519 4464 1694 4548 servis
1717 4464 1842 4550 suis
1857 4493 2119 4550 adversus

2230 4464 2453 4551 πάντες,
2487 4489 2584 4542 καὶ
2637 4464 2994 4558 ἐθαύμαζον,⁷
3030 4464 3369 4556 δοξάζοντες-
3528 4487 3685 4554 Θεὸν,
3718 4487 3816 4542 τὸν

551 4586 860 4644 immundos
899 4585 1146 4656 spiritus.

2230 4579 2484 4651 τοιαύτην
2513 4579 2762 4647 ἐξουσίαν
2794 4580 2937 4634 κατὰ
2977 4582 3308 4653 ἀκαθάρτων
3352 4581 3682 4654 πνευμάτων
3732 4580 3819 4636 δι-

2229 4674 2394 4728 δόντα
2421 4675 2534 4738 τοῖς
2570 4673 2780 4738 δούλοις
2806 4673 2996 4730 αὐτοῦ.

2047 4828 2276 4887 LAPUT
2302 4831 2370 4887 11.

863 4940 1142 4999 Habitatio
1171 4942 1229 4999 S.
1271 4943 1522 5002 Auxentii
1551 4945 1712 5016 juxta
1757 4943 1950 5002 Oxiam
1981 4953 2208 4998 montem
2243 4959 2263 4997 :
2295 4959 2436 4998 cccca
2477 4944 2807 5014 illuminala,
2842 4947 3430 5017 energumem’liberali.

625 5082 718 5138 IX.
753 5081 1048 5152 Postquam
1081 5093 1264 5140 autem
1296 5086 1411 5141 haec
1441 5084 1580 5141 facta
1610 5097 1755 5152 sunt,
1784 5100 1892 5140 non
1938 5085 2119 5140 volens

2303 5083 2381 5142 Θτ.
2415 5083 2570 5139 Μετὰ
2621 5085 2680 5139 δὲ
2713 5085 2776 5139 τὸ
2802 5086 3060 5154 γενέσθαι
3095 5086 3291 5155 ταῦτα,
3327 5087 3403 5158 μὴ
3434 5086 3760 5159 βουλόμενος
3787 5092 3819 5144 6

551 5175 755 5231 Christi
789 5175 946 5232 miles
971 5176 1275 5234 Auxentius
1304 5177 1513 5234 laudari
1545 5179 1613 5234 ab
1657 5178 1996 5243 hominibus,
2026 5179 2119 5234 sed

2230 5176 2325 5232 τοῦ
2349 5177 2588 5249 Χριστοῦ
2614 5177 2956 5250 στρατιώτης
2999 5181 3154 5251 παρὰ
3176 5179 3287 5232 τῶν
3315 5177 3622 5250 ἀνθρώπων
3649 5179 3818 5232 ἐπαί-

549 5269 814 5323 eucomiis
848 5267 1116 5324 celebrari
1151 5272 1220 5326 ab
1251 5271 1482 5340 angelis,
1509 5271 1706 5340 Spiritu
1738 5271 2040 5341 prmvidens
2066 5271 2119 5326 in

2235 5269 2444 5341 psallat,
2507 5269 2646 5324 ἀλλὰ
2703 5270 2856 5343 παρὰ
2888 5269 3001 5324 τῶν
3050 5271 3302 5341 ἀγγέλων
3334 5270 3817 5343 ἐγκωμιάζεσθαι,

551 5359 893 5416 sanctissima
919 5359 1160 5418 Ecclesia
1192 5363 1528 5419 nascituram
1557 5363 1684 5418 vani
1708 5364 1975 5434 dogmatis
2008 5366 2116 5418 hac-

2231 5361 2484 5434 προορῶν
2515 5380 2578 5416 τε
2611 5361 2692 5432 τῷ
2724 5363 3000 5431 πνεύματι
3031 5365 3130 5434 τὴν
3159 5363 3460 5432 μέλλουσαν
3487 5363 3726 5433 φύεσθαι
3755 5366 3818 5418 ἐν

550 5453 739 5517 resitn,
797 5449 1058 5517 Nestorii,
1100 5454 1419 5522 inquam,et
1454 5452 1738 5524 Eutychis,
1782 5453 1969 5509 relicta
2014 5463 2119 5508 ter-

2226 5455 2293 5524 τῇ
2317 5451 2598 5524 ἁγιωτάτῃ
2634 5452 2932 5524 Ἐκκλησία
2960 5453 3150 5508 καινοῦ
3198 5455 3472 5525 δόγματος
3521 5456 3816 5525 αἱρεσιαρ-

496 5565 505 5577 ι
551 5556 678 5594 rena
705 5541 896 5596 militia
926 5552 980 5597 et
1005 5542 1126 5597 aula
1156 5541 1524 5612 imperatoris,
1557 5559 1682 5600 cum
1706 5559 1902 5614 magno
1926 5543 2119 5615 gaudio

2229 5545 2376 5616 χίαν,
2405 5544 2551 5613 λέγω
2582 5543 2648 5615 δὴ
2687 5545 2990 5617 Νεστορίου
3017 5547 3114 5600 καὶ
3146 5545 3445 5618 Εὑτυχοῦς,
3490 5544 3816 5600 καταλιπὼν

551 5633 760 5702 peregit
791 5633 843 5688 id
875 5634 1019 5705 quod
1042 5634 1173 5692 olim
1201 5635 1564 5696 desiderabat.
1595 5635 1730 5695 Nam
1774 5641 1840 5696 ab
1870 5638 2119 5696 omnibus

2230 5640 2328 5713 τὴν
2359 5639 2600 5711 ἐπίγειον
2633 5642 2926 5714 στρατείαν
2956 5644 3048 5697 καὶ
3070 5644 3168 5707 τὰς
3201 5641 3482 5714 βασιλικὰς
3508 5641 3696 5709 αὐλάς,
3721 5642 3816 5695 τδν

631 5769 651 5799 ⁸
681 5767 873 5826 Mullil.
911 5785 985 5840 IV,
1017 5773 1072 5828 4.
