4160 6416
410 272 433 334 ί
447 268 550 346 235

1674 284 1851 347 \‘ITA
1896 287 1957 372 ε,
1995 246 2405 355 ΛΗΧἙΝΤΙΙ.

3544 313 3678 378 1386

409 385 644 440 ἔκπαλαι
703 386 869 442 πόθον
903 386 1052 459 αὐτῷ
1081 387 1281 460 ἧνυσεν
1314 411 1458 462 μετα
1486 394 1735 459 πλείονος
1785 400 1966 469 χαρᾶς

2098 419 2219 474 qua:
2244 408 2312 461 ad
2341 408 2505 462 vitam
2541 408 2702 480 hujus
2732 415 2916 470 mundi
2957 417 3233 485 pertinent
3253 432 3309 480 et
3333 439 3533 499 magno
3557 444 3679 489 stu-

406 479 635 533 Πάντων
664 480 776 551 γὰρ
823 480 935 535 τῶν
965 481 1240 551 βιωτικῶν
1294 487 1645 560 πραγμάτων
1702 490 1796 543 καὶ
1819 490 1994 560 αὐτῆς

376 568 503 641 ,τῆς
555 569 951 644 βασιλευούσης
993 571 1204 637 πόλεως
1235 577 1430 631 ἑαυτὸν
1473 578 1736 650 χωρίσας.
1792 581 1892 655 ἐπί
1924 582 1996 636 τὰ

402 662 715 734 ἐρημότερα
742 664 886 735 μέρη
913 665 1061 736 ὁρμᾷ
1083 664 1185 736 τῆς
1224 667 1503 733 Βιθυνίας,
1532 671 1724 742 καὶ-δὴ
1762 674 1828 726 ἐκ
1852 674 1993 741 πλα-

400 751 522 820 γίου
548 754 645 822 τῆς
683 753 860 820 Ὀξὲας
883 755 1029 812 οὕτω
1055 762 1610 834 προσαγορευομένου
1632 763 1817 833 ὅρους,
1838 765 1993 818 ἀνελ-

402 840 510 894 θων
530 841 605 906 ὡς
632 845 742 897 ἀπὸ
770 846 903 899 δέκα
953 847 1148 918 μιλίων
1199 851 1543 918 Χαλκηδόνος
1603 853 1736 925 ἔστη
1768 856 1861 908 ἐπὶ
1895 856 1996 910 πέ-

399 949 557 1005 τραν,
587 936 832 1008 ἐπαίρων
862 938 1016 1001 όσίας
1069 943 1282 1012 χεῖρας,
1333 944 1575 1008 δοξάζων
1607 946 1705 998 τὸν
1733 945 1866 999 Θεὸν
1899 947 1992 1000 καὶ

406 1028 582 1096 λέγων
627 1032 732 1095 ὅτι,
788 1050 807 1083 ι
845 1033 942 1097 Σὺ,
972 1033 1197 1107 Κύριος,
1241 1036 1386 1091 κατά
1439 1038 1609 1109 μόνας
1660 1040 1751 1094 ἐπ’
1814 1041 1991 1096 ἐλπέδι

404 1118 737 1191 κατῴκησάς
775 1139 865 1192 με.
906 1141 925 1174 υ

473 1206 528 1263 l'.
564 1213 896 1277 Ποιήσαντος
922 1215 981 1269 δὲ
1015 1216 1182 1271 αὐτοῦ
1217 1218 1293 1282 ὡς
1340 1222 1489 1292 μῆνα
1517 1222 1748 1294 ἡμερῶν
1793 1226 1888 1279 ἐπὶ
1919 1228 1985 1299 τῇ

400 1300 613 1373 πλευρᾷ
646 1303 741 1356 τοῦ
781 1304 942 1376 ὅρους
971 1309 1065 1362 ἐπὶ
1104 1309 1205 1380 τὴν
1245 1312 1478 1383 πέτραν,
1536 1315 1773 1385 ἀνῆλθεν
1801 1320 1987 1372 ἐκεῖσε

400 1395 589 1449 παιδία
644 1399 902 1453 στένοντα
942 1402 1037 1454 καὶ
1089 1403 1367 1471 κλαίοντα,
1421 1407 1579 1473 διότι,
1638 1408 1715 1473 ὡς
1769 1409 1984 1483 ἔνεμον,

397 1486 691 1540 ἀπώλεσαν
741 1488 809 1542 τὰ
869 1492 1100 1560 ποίμνια
1155 1494 1356 1550 αὐτῶν.
1394 1498 1506 1551 Καὶ
1552 1498 1866 1572 θεασάμενα
1894 1502 1986 1557 τὸν

397 1575 568 1647 ἄνδρα
620 1579 970 1651 ὲπτοήθησαν
1004 1583 1233 1654 σφόδρα,
1264 1588 1569 1657 νομίσαντα
1599 1590 1767 1645 αὑτὸν
1793 1593 1985 1664 θηρίον

396 1666 592 1737 ἄγριον
616 1665 782 1735 εἶναι,
820 1674 914 1726 καὶ
944 1673 1167 1744 ἔφυγον.
1224 1679 1629 1750 Μετημφίαστο
1658 1682 1768 1753 γάρ
1804 1684 1984 1755 τριχί-

395 1775 508 1823 νοις
557 1761 651 1812 καὶ
683 1760 918 1833 δέρμασι
948 1763 1049 1835 τὴν
1079 1767 1308 1837 ἐσθῆτα,
1372 1771 1555 1840 ζηλῶν
1603 1773 1851 1828 Ἰωάννου
1885 1774 1980 1829 τοῦ
2014 1763 2059 1819 Β

397 1848 713 1921 Προδρόμου
741 1856 836 1906 καὶ
859 1853 1172 1908 Βατιτιστοῦ
1206 1856 1305 1928 τὴν
1328 1858 1633 1915 πολιτείαν.
1670 1862 1978 1932 Προσκαλε·

397 1939 632 2010 σάμενος
665 1942 722 1995 δὲ
746 1943 887 1997 αύτά
914 1947 943 1999 ὁ
977 1946 1249 2019 μακάριος
1268 1948 1372 2020 ἔφη
1393 1968 1406 1981 ·
1432 1952 1524 2022 Μὴ
1561 1952 1815 2023 φοϐεῖσθε
1846 1956 1979 2028 γὰρ,

391 2030 595 2085 τέκνα·
630 2034 916 2107 ἄνθρωπός
942 2041 1060 2108 εἰμι
1090 2040 1272 2110 ὅμοιος
1306 2044 1462 2112 ὑμῶν
1484 2061 1498 2074 ·
1540 2047 1593 2099 τί
1620 2046 1676 2101 δὲ
1710 2047 1925 2116 ζητεῖτε
1962 2067 1976 2117 ;

392 2122 658 2191 Λέγουσιν
692 2128 759 2179 τά
782 2130 994 2196 παιδία,
1025 2132 1108 2184 ὅτι
1139 2133 1220 2186 Τὰ
1253 2135 1478 2205 ποίμνια
1506 2138 1664 2208 ἡμῶν
1691 2140 1981 2196 ἀπωλέσα-

394 2233 496 2284 μεν
523 2219 618 2271 καὶ
661 2218 753 2273 διὰ
800 2220 960 2276 τοῦτο
983 2222 1311 2295 ,θλιϐόμεθα
1331 2243 1345 2258 ·
1388 2230 1448 2283 '0
1477 2230 1534 2284 δὲ
1594 2230 1852 2302 θεράπων
1878 2234 1976 2289 τοῦ

389 2309 631 2380 Χριστοῦ
665 2312 1112 2385 σπλαγχνισθεὶς,
1168 2321 1518 2392 προσηύξατο
1547 2324 1637 2378 ἐπὶ
1659 2326 1809 2398 ὥρας
1843 2328 1976 2382 πολ·

390 2400 510 2469 λάς,
538 2404 635 2456 καὶ
668 2404 970 2479 εὐλογήσας
995 2409 1064 2463 τά
1093 2411 1303 2477 παιδία,
1330 2413 1479 2482 λέγει
1513 2417 1694 2479 αὐτοῖς
1717 2435 1733 2451 ’
1786 2420 1975 2473 ’Λπέλ-

389 2492 520 2548 θατε
574 2496 668 2549 ἐπὶ
717 2498 816 2567 τὴν
867 2501 1166 2573 ἀριστερὰν
1228 2504 1475 2575 πλευρὰν
1522 2508 1617 2562 τοῦ
1670 2509 1975 2580 δρους,καὶ

389 2587 678 2658 εὖρίσκετε
739 2593 809 2644 τά
863 2593 1094 2665 ποίμνια
1150 2595 1328 2667 ὑμῶν.
1375 2597 1773 2670 ’Ᾱποκριθέντα
1803 2604 1861 2657 δὲ
1905 2604 1974 2658 τὰ

388 2682 578 2736 παιδία
611 2682 866 2752 λέγουσιν
890 2687 1075 2759 αύτῷ-
1119 2689 1316 2761 Τρίτον
1349 2693 1701 2764 προήλθομεν
1749 2696 1812 2749 τὸ
1840 2696 1973 2750 ἄσα-

384 2789 478 2826 τον
502 2774 628 2846 ὅρος
656 2776 836 2839 τοῦτο,
872 2778 969 2832 καὶ
1019 2780 1121 2833 οὐκ
1154 2782 1512 2855 ἠδυνήθημεν
1564 2786 1706 2840 αύτά
1766 2788 1970 2857 εὑρεῖν,

386 2868 481 2920 καὶ
511 2868 628 2931 πῶς
646 2868 770 2939 ἄρτι
800 2869 1016 2941 ἔχουσιν
1045 2872 1373 2943 εύρεθῆναι;
1409 2876 1469 2929 Ὀ
1501 2877 1557 2930 δὲ
1579 2874 1733 2931 εἶπεν
1762 2883 1967 2943 αὐτοῖς’

397 2960 713 3029 Ἀπέλθετε,
730 2964 827 3017 καὶ
857 2964 933 3026 ὡς
961 2958 1116 3019 εἷπον
1143 2966 1271 3038 ὑμῖν
1295 2969 1352 3020 ἐν
1380 2968 1457 3039 τῷ
1482 2970 1706 3040 ὀνόματι
1733 2972 1828 3026 τοῦ
1854 2975 1968 3027 Κυ-

389 3052 529 3121 ρίου,
552 3054 648 3106 ὲπὶ
667 3055 766 3126 τὴν
788 3055 1083 3127 ἀριστερὰν
1107 3056 1350 3128 πλευρὰν
1379 3060 1474 3112 τοῦ
1492 3059 1652 3130 δρους
1678 3061 1966 3132 εὑρίσκετε

384 3143 548 3199 αὐτά.
597 3145 929 3201 ’Λπελθόντα
959 3149 1015 3200 δὲ
1039 3141 1196 3220 εὗρον
1222 3148 1363 3203 αὐτὰ
1391 3151 1614 3217 εὐθέως.
1640 3154 1751 3207 Κὰί
1784 3171 1965 3226 παρα-

384 3241 655 3310 γενόμενα
674 3241 1022 3314 ἀπήγγειλαν
1045 3245 1155 3306 τοῖς
1183 3243 1435 3311 γονεῦσιν
1458 3246 1757 3313 αύτῶν,ὅτι
1779 3248 1965 3304 Ἀπω-

382 3328 657 3385 λεσάντων
687 3333 845 3402 ἡμῶν
898 3333 966 3388 τά
994 3334 1224 3406 ποίμνια
1267 3337 1362 3390 καὶ
1397 3337 1490 3390 ἐπὶ
1532 3339 1721 3409 τρίτοι
1747 3341 1966 3411 περιελ-

383 3422 584 3479 θόντων
616 3423 677 3477 τὸ
713 3422 837 3495 δρος
865 3424 968 3495 τῆς
992 3426 1195 3491 Ὀξίας,
1220 3429 1316 3479 καὶ
1344 3428 1419 3500 μὴ
1440 3429 1774 3501 εὑρηκότων,
1794 3432 1965 3505 ἄνδρα

382 3517 441 3568 ἐν
471 3517 737 3588 τριχίνοις
763 3518 1114 3590 ἐθεασάμεθα
1145 3523 1243 3576 καὶ
1264 3520 1639 3589 δειλιάσαντες
1662 3526 1961 3596 ἐφύγομεν.

395 3609 453 3664 '0
480 3609 537 3663 δὲ
569 3609 1087 3681 προσκαλεσάμενος
1118 3613 1267 3684 ἡμᾶς
1296 3617 1573 3688 ἐπηύξατο
1593 3657 1608 3680 ,
1646 3618 1742 3671 καὶ
1774 3616 1964 3688 μαθὼν

382 3700 480 3775 τὴν
539 3703 722 3756 αἰτίαν
758 3703 827 3757 δι’
869 3702 936 3773 ἣν
992 3701 1320 3774 ὀδυρόμεθα,
1353 3706 1651 3777 ἐπέτρεψεν
1701 3709 1836 3778 ἡμῖν
1869 3709 1963 3760 ἐπὶ

381 3794 481 3864 τὴν
510 3794 805 3864 ἀριστεραν
832 3793 1074 3865 πλευρὰν
1106 3792 1203 3846 τοῦ
1223 3792 1386 3864 ὄρους
1412 3796 1749 3861 ἀπελθόντας
1781 3798 1963 3868 εὑρεῖν

380 3886 450 3939 τὰ
483 3884 797 3956 θρέμματα.
830 3886 1017 3949 Οὕτως
1053 3885 1146 3939 οὖν
1172 3889 1501 3958 ποιήσαντες
1530 3888 1776 3961 ηὕρομεν
1796 3891 1958 3947 αὑτά.

452 3974 554 4031 IA'.
591 3976 951 4043 Ἀκούσαντες
992 3979 1050 4033 δὲ
1077 3982 1251 4035 ταῦτα
1285 3983 1334 4036 οἱ
1363 3985 1542 4050 γονεῖς
1573 3983 1683 4036 τῶν
1727 3984 1962 4038 παιδίων

379 4070 626 4135 ἐκείνων,
682 4072 1083 4140 συναγαγόντες
1131 4072 1243 4127 τῶν
1286 4073 1448 4145 πέριξ
1504 4076 1804 4146 κτημάτων
1834 4078 1961 4142 τοὺς

377 4159 599 4233 ἄνδρας,
624 4163 997 4228 λιτανεύοντες
1025 4165 1258 4233 ἀνῆλθον
1284 4168 1420 4238 πρὸς
1452 4168 1635 4234 αὐτὸν,
1683 4171 1780 4223 καὶ
1800 4162 1960 4242 εὗρον

381 4255 543 4328 μόνον
601 4256 694 4309 τὸν
743 4257 1014 4329 μακάριον
1068 4258 1285 4312 ἑστῶτα
1318 4261 1414 4313 ἐπὶ
1470 4261 1571 4331 τὴν
1611 4260 1818 4333 πέτραν
1864 4261 1960 4315 καὶ

381 4349 818 4418 προσευχόμενον
880 4349 956 4419 τῷ
1010 4349 1163 4420 Quir
1213 4353 1308 4404 καὶ
1354 4353 1559 4416 πάντες
1613 4353 1959 4424 ὁμοθυμαδὸν

378 4439 618 4507 ἠξίωσαν
669 4441 853 4503 αὐτὸν,
887 4440 1028 4494 ὥστε
1077 4443 1368 4498 ἀνελθόντα
1422 4445 1617 4516 στῆναι
1670 4446 1834 4500 αὐτὸν
1860 4446 1956 4501 ἐπὶ
1990 4465 2032 4520 D

376 4535 477 4604 τὴν
504 4537 750 4604 κορυφὴν
795 4535 892 4588 τοῦ
925 4535 1086 4608 ὅρους
1141 4537 1543 4609 προσεύχεσθαι
1574 4540 1718 4611 ὑπὲρ
1750 4541 1954 4597 αὐτῶν.

389 4625 450 4679 't)
477 4627 534 4679 δὲ
570 4627 813 4690 πεισθεὶς
839 4630 959 4692 ταῖς
985 4629 1369 4699 παρακλήσεσι
1423 4631 1535 4684 τῶν
1564 4632 1796 4705 ἀνδρῶν,
1834 4633 1958 4687 ἐκέ-

377 4718 571 4772 λευσεν
595 4720 779 4783 αὐτοῖς
808 4720 1023 4774 κελλίον
1048 4720 1404 4792 οἰκοδομῆσαι
1430 4724 1647 4795 μικρὸν,
1677 4727 1769 4778 καὶ
1799 4724 1959 4778 κλου-

380 4813 478 4867 6δν
512 4812 712 4880 ἔξωθεν
741 4811 837 4868 τοῦ
869 4814 1102 4877 κελλίου,
1134 4815 1192 4866 ὲν
1245 4807 1289 4882 ᾧ
1321 4815 1416 4868 καὶ
1446 4815 1779 4887 ἀπεκλείσθη
1832 4816 1958 4888 χαί-

383 4921 492 4977 ρων
526 4907 592 4977 τῇ
623 4905 820 4977 καρδία
855 4906 947 4959 καὶ
970 4905 1189 4976 ψάλλων
1217 4906 1311 4959 καὶ
1340 4904 1516 4975 λέγων
1540 4922 1554 4936 ·
1595 4925 1614 4959 ι
1657 4908 1960 4980 Ἐγενόμην

376 4997 762 5068 ὡςστρουθίον
787 4998 1019 5068 μονάζον
1070 4999 1164 5052 ἐπὶ
1213 4997 1444 5070 δώματι.
1486 5018 1505 5051 ι
1567 5000 1823 5073 Συνὴθως
1864 4999 1958 5056 οὖν

377 5088 619 5150 ἀνιόντες
668 5089 1010 5157 ἐκαρποῦντο
1032 5088 1133 5153 τὰς
1163 5090 1337 5160 εύχάς
1368 5087 1558 5144 αὑτοῦ.
1604 5091 1705 5144 Διά
1727 5093 1839 5162 γάρ
1862 5092 1957 5146 τοῦ

379 5179 622 5252 θυριδίου
645 5180 992 5248 κατευλογῶν
1030 5180 1230 5246 αὐτοὺς
1270 5181 1367 5235 καὶ
1403 5181 1473 5236 τὰ
1508 5181 1644 5253 πρὸς
1678 5184 1959 5254 σωτηρίαν

382 5268 791 5338 συμῦουλεύων,
824 5273 1113 5343 χαίροντας
1143 5273 1400 5327 ἀπέλυεν.

446 5360 549 5415 lB’.
585 5361 749 5416 Ὅθεν
778 5364 878 5432 τῆς
931 5362 1152 5432 χάριτος
1184 5363 1278 5416 τοῦ
1335 5365 1470 5419 Θεοῦ
1508 5366 1866 5438 πηγαζούσης
1900 5368 1958 5421 ἐν

377 5450 526 5522 αὐτῷ
558 5455 653 5506 καὶ
702 5456 801 5525 τῆς
828 5458 1021 5526 φήμης
1071 5459 1350 5527 πανταχοῦ
1391 5458 1819 5532 διαδραμούσης,
1852 5463 1961 5516 ἀπὸ

379 5542 765 5616 Νικομηδείας
797 5549 1107 5617 κομήτισσά
1159 5565 1244 5611 τις
1303 5550 1548 5620 ἀπῆλθεν
1590 5554 1726 5622 προς
1772 5553 1959 5620 αὑτὸν,

452 5709 645 5767 7Psal.
707 5727 780 5775 Iv,
816 5711 898 5765 l0.
975 5709 996 5739 ⁸
1031 5710 1177 5767 Psal.
1227 5729 1300 5782 CI,
1352 5718 1405 5773 8.

625 5814 898 5877 Pnnou.
930 5817 1045 5877 Gn.
1078 5814 1176 5874 CX
1195 5813 1213 5873 l
1229 5818 1321 5893 γι

2098 501 2189 554 dio
2249 502 2583 567 ambiuntur,
2645 509 2842 577 copiis,
2908 512 3158 582 inquam,
3199 526 3254 572 et
3288 518 3602 589 splendore;
3624 534 3681 579 et

2099 592 2224 648 aliis
2259 596 2420 650 rebus
2456 599 2854 667 materialibus,
2896 612 2953 659 et
2985 605 3053 659 ab
3105 606 3222 675 ipsa
3269 611 3417 681 regia
3454 613 3679 671 civitate

2097 701 2156 739 se
2190 703 2472 757 separaas,
2506 692 2870 761 proficiscitur
2902 697 2970 752 ad
3009 708 3189 767 partes
3214 693 3459 759 desertas
3492 704 3679 780 Billty"

2097 779 2199 832 uia:
2233 791 2327 834 :et
2360 797 2480 835 cum
2508 786 2849 841 ascendisset
2877 802 2943 842 ex
2976 796 3289 849 transverso
3319 798 3543 864 montis,
3576 779 3671 870 qui

2096 881 2321 924 vocatur
2384 873 2551 940 Osca,
2610 878 2702 945 qui
2756 878 2923 934 distat
2949 881 3092 937 circa
3132 885 3321 941 decem
3360 889 3609 948 milliaria
3640 909 3669 948 ιι

2095 961 2438 1022 Chalcedone
2493 969 2648 1023 stetit
2704 986 2868 1041 supra
2896 984 3131 1042 petram,
3158 981 3429 1038 extollens
3458 996 3673 1043 sant-tas

2095 1070 2313 1124 manus,
2346 1057 2623 1129 Deumque
2646 1063 2981 1143 glorificans,
3017 1077 3073 1124 et
3095 1070 3323 1129 dicens:
3358 1093 3379 1127 ι
3415 1074 3522 1143 τυ,
3560 1079 3671 1134 Do-

2093 1147 2260 1212 mine,
2290 1150 2639 1219 singulariter
2670 1135 2724 1208 in
2758 1171 2855 1226 spe
2879 1159 3160 1217 collocasti
3190 1179 3276 1219 me
3303 1166 3347 1219 ".
3396 1186 3417 1219 ι

2164 1241 2234 1296 Χ.
2263 1242 2397 1297 Cum
2431 1246 2546 1314 ipse
2604 1263 2736 1305 vero
2778 1250 2924 1313 cii'ca
2962 1270 3145 1323 -unum
3181 1273 3427 1314 mensem
3479 1261 3671 1319 fuisset

2104 1333 2157 1388 in
2192 1335 2392 1390 montis
2424 1339 2592 1395 latere
2621 1357 2785 1410 supra
2844 1354 3080 1413 petram,
3115 1351 3483 1408 ascenderunt
3546 1356 3672 1410 illuc

2090 1429 2241 1495 pueri
2271 1444 2550 1498 gementes
2578 1445 2633 1490 et
2656 1436 2985 1507 clamantes,
3031 1444 3294 1509 quoniam
3327 1462 3449 1500 cum
3477 1463 3672 1516 pasce-

2090 1530 2210 1574 rent
2236 1536 2389 1589 oves,
2415 1539 2508 1579 eas
2530 1527 2929 1596 perdidissent;
2956 1538 3011 1587 et
3045 1548 3168 1589 eum
3198 1537 3462 1594 vidissent
3490 1543 3667 1597 virum

2081 1610 2314 1679 justum,
2366 1614 2520 1672 valde
2559 1628 2689 1674 sunt
2749 1622 2953 1686 mirati,
2981 1626 3362 1685 existimantes
3395 1632 3519 1687 eum
3545 1650 3667 1689 esse

2089 1700 2259 1758 feram
2318 1719 2610 1777 agrestem,
2647 1721 2703 1768 et
2758 1713 3304 1783 fugerunt:indutus
3350 1724 3496 1779 enim
3548 1736 3670 1781 erat

2088 1805 2238 1851 veste
2270 1809 2523 1855 contexta
2552 1816 2617 1857 ex
2663 1804 2787 1874 pilis
2845 1816 2901 1862 et
2944 1810 3194 1882 pellibus,
3230 1813 3453 1872 imitans
3497 1820 3664 1874 vitam

2082 1883 2309 1942 Joannis
2350 1888 2714 1951 Prmcursoris
2762 1904 2818 1950 et
2849 1894 3126 1967 Baptistae.
3163 1901 3299 1957 Cum
3338 1918 3434 1959 eos
3485 1916 3664 1962 autem

2084 1981 2406 2040 advocasset
2440 1985 2636 2043 beatus
2668 1987 2994 2056 Auxentius,
3035 1992 3214 2049 dixit:
3241 1994 3418 2052 Nolite
3447 1998 3661 2057 timere.

2085 2075 2203 2141 lilii,
2257 2094 2376 2132 sum
2433 2081 2579 2136 enim
2635 2083 2800 2139 homo
2843 2087 3003 2143 vobis
3057 2089 3278 2146 similis.
3334 2092 3474 2159 Quid
3536 2111 3665 2152 vero

2080 2169 2363 2238 qumritis}
2391 2171 2591 2229 Dicunt
2619 2176 2772 2242 pueri
2805 2194 2820 2231 :
2851 2176 3062 2251 Greges
3103 2191 3344 2247 nostros,
3385 2201 3479 2242 eos
3515 2187 3660 2243 enim

2080 2266 2387 2331 amisimus,
2418 2277 2473 2322 et
2507 2268 2631 2325 ideo
2682 2270 2995 2341 afﬂigimur.
3026 2275 3229 2332 Christi
3255 2292 3437 2335 autem
3473 2291 3664 2339 servus

2079 2353 2384 2413 Auxentius
2407 2358 2690 2426 misertus,
2725 2366 2905 2420 oravit
2934 2368 3138 2425 multas
3162 2371 3348 2428 horas.
3367 2374 3504 2429 Cum
3532 2394 3660 2432 vero

2080 2446 2210 2516 ipsis
2250 2450 2432 2517 pueris
2459 2452 2852 2521 benedixisset,
2882 2457 3017 2513 dicit
3039 2458 3119 2515 eis
3141 2479 3154 2514 :
3176 2461 3256 2517 lte
3283 2464 3350 2515 ad
3376 2465 3659 2520 sinistrum

2079 2539 2218 2594 latus
2248 2543 2471 2605 montis,
2501 2555 2556 2599 et
2587 2545 2881 2604 invenietis
2910 2561 3129 2609 vestros
3159 2570 3377 2627 greges.
3412 2557 3661 2629 Respon-

2076 2634 2268 2691 dentes
2310 2647 2490 2694 autem
2526 2641 2682 2710 pueri
2720 2641 2921 2698 dicunt
2956 2645 3006 2699 ei
3043 2663 3057 2700 :
3093 2644 3201 2702 Ter
3250 2648 3662 2709 circumivimus
3700 2713 3707 2719 ,

2074 2735 2314 2784 montem
2380 2732 2526 2787 hunc
2587 2732 2961 2803 inaccessum,
2996 2746 3053 2792 et
3104 2755 3209 2794 non
3264 2743 3540 2810 potuimus
3566 2761 3661 2799 eos

2075 2819 2319 2875 invenire
2352 2839 2366 2876 :
2403 2832 2456 2876 et
2490 2827 2769 2892 quomodo
2802 2844 2948 2883 nunc
2997 2831 3344 2887 invenientur
3369 2834 3393 2887 ?
3417 2835 3653 2893 Sanctus

2074 2920 2254 2967 autem
2294 2914 2431 2969 dixit
2476 2918 2558 2971 eis
2589 2939 2603 2973 :
2638 2916 2735 2981 lte,
2769 2928 2827 2974 ut
2855 2921 2964 2975 dixi
2999 2922 3175 2989 vobis,
3203 2925 3255 2979 in
3314 2929 3532 2983 nomine
3556 2928 3659 2983 Deo

2074 3003 2206 3058 mini
2240 3006 2308 3058 ad
2351 3006 2636 3063 sinistrum
2671 3010 2814 3068 latus
2867 3016 3089 3082 montis,
3126 3026 3180 3072 et
3222 3034 3316 3074 eos
3344 3020 3655 3079 invenietis.

1995 3108 2038 3167 α
2076 3094 2277 3151 Euntes
2292 3111 2446 3164 vero,
2479 3114 2574 3156 eos
2600 3103 2785 3156 statim
2817 3104 3181 3162 invenerunt:
3208 3118 3262 3164 ct
3284 3125 3406 3167 eum
3433 3114 3653 3173 domum

2068 3187 2367 3254 venissent,
2402 3195 2788 3249 renuntiarunt
2818 3197 2935 3252 suis
2968 3201 3285 3267 parentibus
3321 3221 3335 3260 :
3364 3204 3501 3260 Cum
3529 3224 3654 3277 pcr-

2068 3280 2391 3338 didissemus
2416 3298 2626 3354 greges,
2655 3295 2711 3341 et
2752 3297 2836 3344 ter
2866 3286 3031 3345 Osem
3065 3302 3304 3349 montem
3358 3298 3656 3357 circuisse-

2068 3388 2211 3442 mus,
2241 3384 2295 3429 et
2323 3390 2419 3430 eos
2450 3394 2556 3432 non
2587 3379 2981 3447 inveniremus,
3006 3384 3323 3452 aspeximus
3367 3391 3545 3447 virum
3596 3393 3652 3449 in

2067 3475 2218 3522 veste
2244 3483 2309 3523 ex
2345 3468 2490 3539 pilis,
2533 3480 2587 3525 et
2616 3473 2769 3542 gravi
2815 3474 3015 3531 timore
3043 3477 3249 3549 affecti,
3283 3478 3650 3552 fugiebamus.

2068 3556 2163 3614 Ille
2198 3570 2376 3616 autem
2411 3561 2567 3618 nobis
2598 3565 2882 3622 advocatis
2909 3580 3167 3638 precatus
3193 3583 3299 3638 est,
3330 3586 3382 3630 et
3409 3591 3532 3631 cum
3560 3594 3654 3633 ae-

2067 3649 2303 3717 cepisset
2364 3664 2584 3707 causam
2643 3666 2867 3726 propter
2921 3674 3086 3727 quam
3135 3661 3432 3730 flebamus,
3487 3665 3654 3734 jussit

2068 3754 2166 3794 nos
2196 3750 2390 3796 euntes
2438 3743 2505 3798 ad
2555 3745 2837 3801 sinistrum
2875 3749 3018 3823 latus
3046 3753 3251 3807 montis
3290 3754 3539 3813 invenire
3560 3772 3652 3827 pe-

2067 3830 2255 3888 cudes.
2286 3831 2422 3889 Cum
2454 3834 2534 3890 sic
2586 3849 2717 3907 ergo
2752 3837 3098 3905 fecissemus,
3134 3857 3230 3898 eas
3278 3845 3464 3900 statim
3502 3847 3654 3905 inve-

2065 3924 2269 3981 nimus.

2132 4014 2226 4072 XI.
2262 4017 2397 4075 Cum
2435 4021 2548 4076 haec
2575 4030 2757 4078 autem
2792 4024 3094 4082 audiissent
3125 4037 3381 4097 parentes
3427 4031 3647 4090 illorum

2066 4122 2381 4179 puerorum,
2415 4115 2764 4184 congregatis
2804 4116 2940 4172 viris
2966 4132 3036 4173 ex
3082 4121 3168 4191 iis,
3197 4136 3320 4191 qua;
3350 4132 3511 4180 erant
3538 4125 3651 4181 cir-

2064 4201 2363 4269 cumcirca,
2423 4205 2664 4272 praediis,
2712 4207 3087 4278 supplicantes
3125 4208 3190 4266 ad
3250 4228 3377 4271 eum
3413 4215 3646 4281 ivernm,

2063 4302 2117 4350 et
2140 4294 2466 4351 invenerunt
2494 4297 2712 4353 beatum
2752 4299 2930 4355 solum
2967 4313 3202 4360 stantem
3230 4321 3394 4376 supra
3417 4319 3649 4377 petram,

2062 4395 2118 4440 et
2157 4388 2323 4443 Deum
2380 4399 2695 4459 precantem
2730 4408 2744 4447 :
2777 4403 2834 4449 et
2866 4409 3061 4452 omnes
3091 4412 3203 4453 uno
3268 4414 3366 4455 ore
3407 4415 3532 4455 eum
3563 4417 3653 4457 l0-

2060 4491 2279 4550 garnnt,
2316 4491 2376 4537 ut
2429 4485 2755 4540 ascenderet
2801 4502 2966 4554 supra
3016 4488 3280 4545 verticem
3337 4491 3539 4548 montis
3594 4505 3651 4549 et

2059 4583 2242 4628 oraret
2271 4588 2366 4642 pro
2396 4575 2498 4630 eis.
2531 4575 2768 4632 Sanctus
2803 4593 2958 4643 vero,
3009 4594 3301 4648 persuasus
3333 4596 3520 4638 eorum
3548 4585 3650 4642 ad-

2064 4664 2486 4731 hortationibus,
2512 4667 2679 4734 jussit
2712 4669 2793 4723 eis
2827 4670 3101 4727 aediﬁcare
3153 4687 3377 4742 parvam
3431 4674 3646 4740 cellam,

2060 4764 2116 4809 et
2145 4756 2362 4811 clubum
2399 4767 2552 4813 extra
2585 4759 2800 4826 cellam,
2844 4758 2898 4814 in
2935 4776 3044 4830 quo
3066 4764 3230 4819 etiam
3265 4763 3369 4819 fuit
3407 4765 3650 4833 inclusus

2065 4844 2219 4902 laetus
2238 4849 2425 4915 corde,
2443 4851 2696 4919 psallens
2723 4860 2779 4906 et
2807 4851 3001 4908 dicens
3031 4870 3047 4909 :
3078 4872 3097 4905 ι
3135 4851 3334 4912 Factus
3361 4872 3481 4913 sum
3505 4859 3650 4915 sicut

2064 4953 2256 5009 passer
2271 4939 2548 4997 solitarius
2568 4944 2621 4999 in
2644 4951 2786 4999 tecto
2807 4943 2854 5000 ⁸.
2896 4962 2918 4997 ι
2945 4945 3192 5016 Frequen
3202 4958 3284 5005 ter
3300 4964 3430 5020 ergo
3451 4965 3648 5006 ascen-

2068 5031 2281 5098 dentes,
2315 5032 2641 5090 fruebantnr
2673 5037 2791 5106 ejus
2826 5040 3106 5109 precibus.
3146 5041 3281 5097 Nam
3310 5057 3407 5113 per
3427 5058 3648 5114 parvam

2063 5122 2359 5179 fenestram
2396 5129 2476 5183 eis
2529 5129 2881 5206 benedicens,
2915 5142 2969 5187 et
3003 5133 3299 5191 consulens
3335 5151 3454 5205 quae
3475 5137 3619 5206 perti

2063 5225 2189 5270 ncut
2228 5217 2294 5271 ad
2317 5198 2575 5286 salutem,
2600 5220 2754 5276 laetos
2794 5223 3125 5280 dimittebat.

2146 5373 2276 5429 XII.
2313 5374 2451 5430 Cum
2511 5391 2638 5448 ergo
2688 5377 2780 5433 Dei
2839 5378 2892 5432 in
2923 5394 2989 5435 eo
3039 5382 3331 5437 scaturiret
3365 5382 3561 5454 gratia,
3594 5397 3649 5439 ct

2062 5465 2182 5536 ejus
2215 5466 2355 5521 fama
2394 5468 2447 5522 in
2498 5484 2714 5523 onmem
2767 5482 2975 5541 partem
3030 5477 3373 5544 pervaderet,
3399 5478 3646 5546 quaedam

2064 5559 2347 5614 cumitissa
2401 5560 2466 5616 ad
2521 5577 2643 5617 eum
2685 5565 2886 5621 venite
2923 5563 3263 5632 N3comcdia,
3303 5579 3521 5639 repente
3557 5584 3653 5623 ex-

3248 5826 3326 5887 Μ
