4160 6428
532 321 674 387 1387

1676 311 1963 376 MENSIS
2002 308 2523 372 FEBBUARIUS.

3651 302 3795 369 1338

524 449 753 498 caecata.
820 434 1123 493 Procidens
1154 434 1220 489 ad
1264 432 1382 502 ejus
1414 430 1601 504 pedes,
1633 427 1770 486 dixit
1807 447 1820 485 :
1852 427 2108 483 Miserere

2217 424 2495 496 αἰφνιδίως
2517 422 2884 495 τυφλωθεῖσω
2923 422 3019 478 καλ⁵
3049 419 3293 475 πεσοῦσα
3327 421 3516 490 ἔλεγεν
3540 437 3555 452 ο
3600 421 3798 493 Ἐλέη-

461 564 484 593 a-
530 531 659 596 mei,
695 543 851 586 serve
875 527 970 583 Dei
999 524 1259 590 Auxenti,
1291 532 1347 581 et
1368 536 1499 581 sana
1530 536 1682 578 meos
1722 520 1931 577 oculos.
1969 520 2107 576 Bea-

464 597 481 630 ’
526 633 618 680 tus
643 632 825 679 autem
850 608 1210 692 praesentibus
1238 616 1305 673 iis
1346 617 1439 688 qui
1485 624 1877 680 convenerant,
1922 613 2105 669 dixit:

529 708 645 781 Ego
667 710 883 781 quidem
907 721 1030 764 sum
1054 706 1217 761 homo
1237 716 1516 775 peccator,
1543 716 1596 760 et
1620 705 1813 760 iisdem
1859 702 2108 759 aﬂ‘ectio-

532 803 715 870 nibus,
748 802 944 871 quibus
965 814 1085 865 vos,
1110 799 1397 855 obnoxius.
1435 798 1492 854 Si
1524 812 1653 853 vero
1686 796 1930 863 creditis,
1963 793 2107 865 quod

539 892 636 963 qui
675 906 802 948 eum
835 891 928 963 qui
975 890 1215 958 eratﬁab
1264 887 1412 945 ortu‘
1433 902 1639 953 caecus,
1673 886 1919 953 curavit,
1971 889 2110 941 hanc

535 998 757 1055 quoque
814 992 1096 1055 rogantem
1143 997 1256 1038 non
1304 981 1562 1050 despicit,
1614 979 1826 1035 sincere
1858 994 1954 1047 pro
1991 978 2112 1049 ejus

534 1077 714 1132 salute
766 1076 1146 1146 deprecemur.
1187 1060 1326 1132 Cum
1361 1083 1540 1128 autem
1583 1086 1776 1127 omnes
1834 1079 2109 1138 orassent,

526 1180 756 1225 sanctus
792 1179 1019 1239 tangens
1039 1168 1156 1240 ejus
1187 1165 1399 1232 oculos,
1436 1164 1575 1220 dixit
1602 1181 1620 1221 :
1660 1162 1837 1220 sanat
1868 1172 1920 1219 te
1952 1163 2111 1220 Jesus

522 1259 787 1316 Christus
841 1257 935 1314 lux
964 1273 1116 1314 vera.
1152 1248 1400 1329 Cumque
1440 1269 1504 1310 ea
1534 1255 1724 1310 statim
1753 1254 2110 1325 respexisset.

524 1361 588 1409 et
621 1350 951 1423 pauperibus
1001 1349 1094 1421 qui
1134 1349 1191 1404 in
1243 1362 1309 1403 eo
1343 1346 1463 1404 loco
1521 1347 1835 1403 assidebant
1875 1347 2110 1417 plurima

532 1452 834 1516 erogasset,
864 1457 983 1498 eam
1015 1442 1220 1497 dimisit
1260 1447 1481 1497 sanctus
1533 1440 1808 1497 laetantem
1845 1450 1903 1496 et
1939 1439 2109 1497 Deum

532 1537 947 1604 gloriﬁcantem.
993 1532 1107 1591 Hoc
1168 1532 1274 1591 fuit
1323 1533 1655 1606 principium
1718 1534 2110 1591 miraculorum

530 1626 651 1696 ejus
675 1627 728 1682 in
756 1634 942 1683 monte
971 1624 1157 1682 Oxem.
1766 1630 1771 1635 ’

601 1735 980 1838 XIIIa-Eorum
1013 1745 1195 1793 autem
1225 1735 1316 1838 qui
1352 1737 1422 1791 ab
1435 1736 1741 1838 immundis
1771 1736 2111 1838 vexabant-ur
2139 1776 2187 1838 Β

531 1828 889 1895 daemonibus,
948 1842 1148 1899 magna
1198 1827 1527 1883 adventabat
1578 1826 1884 1895 multitudo,
1915 1828 2111 1899 partim

528 1921 751 1992 quidem
801 1935 869 1976 ex
936 1920 1229 1991 indigenis,
1278 1919 1480 1990 partim
1531 1928 1716 1975 autem
1765 1934 1834 1975 ex
1862 1920 2109 1977 alienis:

530 2025 596 2065 ex
633 2009 831 2081 quibus
858 2010 1080 2080 plurimi
1126 2025 1225 2081 per
1265 2011 1385 2080 ejus
1441 2024 1656 2081 preces,
1695 2010 1928 2065 lideliter
1954 2025 2113 2066 acce-

530 2104 743 2169 dentes,
769 2112 824 2158 et
849 2103 1010 2174 digne
1062 2102 1439 2173 paenitentiam
1465 2112 1714 2173 agentes,
1748 2111 1874 2157 sunt
1905 2102 2108 2158 curati.

529 2192 650 2251 Non
700 2195 980 2250 sustinens
1044 2208 1173 2250 vero
1203 2193 1409 2249 nullam
1435 2208 1624 2249 curam
1650 2194 1766 2264 geri
1805 2209 1994 2250 eorum
2021 2195 2113 2265 qui

530 2285 851 2343 assidebam
882 2285 936 2340 in
973 2293 1178 2350 monte,
1211 2292 1269 2339 et
1300 2298 1492 2339 eorum
1529 2287 1621 2354 qui
1648 2286 1791 2354 longi
1841 2278 2113 2341 intervalli

533 2383 723 2436 labore
778 2388 936 2434 erant
964 2376 1172 2445 aﬂlicti,
1210 2391 1332 2431 cum
1380 2377 1497 2446 ipse
1527 2376 1676 2431 nullo
1709 2387 1893 2447 egeret
1921 2391 2112 2432 eorum

531 2486 654 2541 qus:
683 2470 862 2526 oblata
892 2470 1130 2534 fuerant,
1166 2469 1333 2537 jussit
1361 2482 1530 2539 panes
1549 2466 1733 2523 aﬂerri
1770 2468 1905 2525 hora
1932 2479 2111 2538 sexta,

532 2572 590 2617 et
618 2563 734 2617 dari
769 2562 835 2618 iis
863 2560 1141 2618 omnibus.

603 2696 746 2755 XIV.
780 2697 915 2755 Cum
943 2699 1129 2753 decem
1149 2706 1327 2753 autem
1357 2711 1531 2754 annos
1546 2697 1657 2753 illic
1674 2706 1818 2755 esset
1842 2707 2113 2766 versatus,

529 2798 588 2845 et
622 2788 845 2860 plurima
886 2790 1185 2859 peregisset
1207 2789 1529 2854 certamina,
1561 2804 1669 2844 non
1704 2790 1967 2845 adversus
1996 2804 2117 2844 car-

532 2897 656 2937 nem
686 2891 740 2936 et
768 2881 1108 2951 sanguinem,
1157 2880 1253 2936 sed
1307 2881 1570 2935 adversus
1625 2879 1987 2951 principatus,
2021 2878 2118 2935 ad-

531 2988 724 3028 versus
769 2981 1066 3043 potestates
1104 2980 1160 3027 et
1192 2971 1466 3043 principes
1520 2971 1871 3028 tenebrarum
1929 2972 2114 3028 mundi

2218 2965 2346 3028 τοὺς
2382 2966 2837 3037 κοσμοκράτορας
2867 2964 2960 3019 τοῦ
2988 2966 3233 3031 σκότους,
3264 2965 3340 3030 ῶς
3371 2985 3537 3041 φησιν
3571 2969 3600 3021 ό
3646 2971 3821 3024 Ἀπό-

531 3065 716 3135 hujus,
748 3073 809 3118 ut
829 3064 962 3119 dicit
1006 3063 1301 3135 Apostolus
1325 3063 1369 3131 ⁶,
1407 3064 1672 3121 adversus
1710 3064 1980 3135 spiritalia
2013 3079 2114 3120 ne-

2211 515 2305 567 σόν
2337 531 2427 584 με,
2454 512 2611 567 δοῦλε
2637 511 2733 566 τοῦ
2767 511 2903 565 Θεοῦ
2936 511 3030 566 τοῦ
3058 510 3304 581 ὑψίστου.
3346 510 3405 563 '0
3431 509 3487 564 δὲ
3520 509 3800 583 μακάριος

2209 606 2302 659 ἐπὶ
2332 605 2441 658 τῶν
2473 604 2837 659 συνελθόντων
2873 603 2978 675 ἔφη
3002 618 3015 633 ⁸
3062 602 3204 671 Ἐγὼ
3226 601 3326 673 μέν
3352 603 3470 671 είμι
3507 603 3800 674 ἄνθρωπος

2210 695 2537 767 ἀμαρτωλδς
2570 697 2666 750 καὶ
2712 695 3049 767 ὁμοιοπαθὴς
3081 695 3212 765 ὑμῖν
3233 709 3248 725 ⁸
3298 694 3348 747 εί
3373 693 3430 747 δὲ
3468 694 3757 747 πιστεύετε
3778 735 3796 760 ,

2210 789 2293 841 ὅτι
2323 789 2351 840 ό
2377 788 2469 842 τὸν
2500 789 2563 842 ὲκ
2592 775 2859 858 γεννητῆς
2906 786 3111 857 τυφλὸν
3148 786 3441 854 ἰασάμενος
3467 787 3563 840 καὶ
3586 785 3797 854 ταύτην

2210 869 2472 951 δεομένην
2524 879 2693 934 αὑτοῦ
2757 879 2819 932 ού
2861 880 3105 950 παρορᾷ,
3135 876 3429 949 εὐξώμεθα
3479 877 3798 948 εἰλικρινῶς

2211 975 2355 1046 ὑπὲρ
2386 976 2487 1046 τῆς
2514 975 2788 1047 σωτηρίας
2811 975 3005 1045 αὐτῆς.
3043 975 3134 1037 Ὠς
3190 974 3249 1028 δὲ
3280 974 3481 1038 πάντες
3532 972 3798 1044 ηὔξαντο,

2213 1066 2489 1138 ἁψάμενος
2542 1067 2651 1121 τῶν
2706 1067 3005 1138 ὀφθαλμῶν
3057 1066 3252 1137 αὐτῆς,
3279 1066 3421 1137 ἔφη·
3463 1065 3697 1131 Ἰάσεταί
3732 1081 3796 1118 σε

2212 1160 2446 1231 Χριστὸς
2476 1163 2539 1214 τὸ
2570 1162 2687 1231 φῶς
2719 1163 2782 1214 τὸ
2807 1153 3084 1233 ἀληθινόν.
3110 1162 3221 1216 Καὶ
3252 1160 3458 1224 εὐθέως
3485 1159 3799 1228 άναϐλεψά-

2215 1266 2317 1321 σης
2342 1250 2512 1322 αὐτῆς
2542 1254 2638 1305 καὶ
2669 1253 2900 1307 πλεῖστα
2931 1253 3278 1324 ρογευσάσης
3310 1254 3426 1317 τοῖς
3460 1251 3798 1323 προσεδρεύ-

2212 1358 2334 1396 ουσι
2363 1344 2502 1396 κατὰ
2527 1343 2618 1397 τὸν
2642 1345 2808 1399 τόπον
2846 1346 3110 1416 πτωχοῖς,
3136 1345 3412 1399 ἀπέλυσεν
3444 1343 3620 1415 αὐτὴν
3668 1343 3797 1413 χαί-

2217 1450 2416 1505 ρουσαν
2436 1434 2529 1488 καὶ
2559 1434 2890 1500 δοξάζουσαν
2918 1437 3010 1492 τὸν
3031 1436 3185 1492 Θεόν.
3206 1435 3379 1490 Τοῦτο
3409 1437 3635 1507 γέγονεν
3650 1434 3800 1507 ἀρχὴ

2213 1525 2324 1580 τῶν
2351 1525 2650 1597 θαυμάτων
2676 1528 2844 1582 αὑτοῦ
2877 1530 2936 1581 ὲν
2961 1527 3037 1599 τῷ
3064 1527 3183 1598 ὄρει
3208 1529 3308 1599 τῆς
3350 1527 3553 1594 Ὀξίας.

2287 1725 2389 1783 ll".
2422 1726 2545 1781 Τῶν
2595 1727 2652 1781 δὲ
2683 1729 3098 1801 ἐνεργουμένων
3155 1729 3263 1783 ὑπὸ
3296 1730 3623 1801 πνευμάτων
3653 1731 3805 1786 ἀκα-

2218 1812 2433 1884 θάρτων
2484 1814 2691 1884 πλῆθος
2725 1817 2909 1871 ίκανὸν
2980 1818 3437 1889 προσεκαρτέρει,
3479 1817 3640 1875 τοῦτο
3690 1822 3798 1890 μὲν

2216 1907 2314 1962 καὶ
2340 1908 2406 1961 ἐκ
2436 1908 2547 1962 τῶν
2577 1909 2914 1980 ἐπιχωρίων,
2957 1909 3116 1964 τοῦτο
3155 1910 3214 1964 δὲ
3244 1913 3337 1966 καὶ
3367 1910 3427 1978 ἐξ
3459 1902 3802 1978 ἀλλοδαπῶν,

2216 1997 2303 2063 ὡς
2331 1997 2623 2064 πλείστους
2655 2000 2714 2066 ἐξ
2763 1999 2946 2054 αὐτῶν
2977 2000 3069 2054 διὰ
3118 2001 3229 2054 τῶν
3257 2002 3427 2056 αὐτοῦ
3477 2006 3806 2076 προσευχῶν

2218 2089 2428 2153 πιστῶς
2479 2091 2805 2160 προσιόντας
2850 2092 2969 2145 κατ’
2994 2091 3163 2160 ἀξίως
3200 2094 3601 2163 μετανοοῦντας
3629 2096 3806 2167 θερα-

2217 2182 2504 2240 πεύεσθαι.
2564 2186 2679 2238 Οὐκ
2708 2184 3037 2258 ἀνεχόμενος
3076 2186 3133 2240 δὲ
3171 2188 3300 2250 τοὺς
3328 2190 3807 2260 προσεδρεύοντας

2216 2276 2276 2330 ὲν
2313 2275 2390 2347 τῷ
2427 2276 2545 2349 δρει
2571 2278 2666 2331 καὶ
2697 2280 2827 2342 τοὺς
2847 2282 2912 2332 ἐκ
2938 2279 3335 2350 διαστημάτων
3366 2283 3805 2353 κεκοπωμένους

2216 2371 2593 2442 ἀπρονοήτους
2627 2369 2789 2438 εἶναι,
2816 2372 3045 2442 μηδενὸς
3075 2372 3186 2427 τῶν
3224 2374 3618 2443 ἐμπιπτόντων
3666 2376 3810 2446 χρῄ-

2216 2462 2327 2528 ζων
2358 2461 2544 2527 αὐτὸς,
2594 2462 2795 2533 ἄρτους
2832 2460 3277 2533 παρεκελεύσατο
3332 2463 3393 2515 ὲν
3423 2466 3491 2533 τῇ
3515 2461 3651 2533 εκτῃ
3682 2462 3812 2535 ὥρᾳ

2216 2551 2503 2623 φέρεσθαι,
2534 2551 2629 2605 καὶ
2669 2553 2881 2615 τούτοις
2914 2553 3050 2604 πᾶσι
3079 2550 3341 2605 δίδοσθαι.

2291 2684 2389 2740 1Δ⁹.
2422 2685 2560 2756 Περὶ
2615 2687 2683 2739 τὰ
2715 2684 2848 2739 δέκα
2894 2685 2991 2740 οῦν
3051 2686 3146 2759 ἔτη
3199 2656 3589 2761 διατρίψαντος
3637 2689 3811 2745 αὑτοῦ

2217 2779 2420 2841 ἐκεῖσε,
2470 2778 2565 2830 καὶ
2598 2776 2887 2841 πλείστους
2944 2777 3186 2848 ἀγῶνας,
3222 2781 3283 2834 ού
3340 2782 3476 2854 πρὸς
3530 2778 3671 2853 αἷμα
3712 2784 3818 2839 καὶ

2219 2870 2421 2942 σάρκα,
2454 2869 2595 2923 άλλὰ
2635 2869 2773 2939 πρὸς
2804 2869 2899 2933 τὰς
2927 2869 3101 2941 ἀρχὰς
3132 2872 3228 2925 καὶ
3269 2872 3396 2937 τοὺς
3416 2872 3673 2939 ἐξουσίας
3707 2877 3815 2930 καὶ

2223 3058 2431 3123 στολος,
2482 3058 2618 3128 πρὸς
2664 3057 2733 3111 τὰ
2759 3058 3115 3129 πνευματικά
3148 3057 3252 3129 τῆς
3283 3061 3555 3132 πονηρίας
3591 3062 3818 3115 ἐκτελέ⁹

3854 1880 3891 1903 ,Ι

530 3125 715 3225 quinae
743 3173 758 3210 :
796 3164 848 3212 et
881 3170 944 3211 ea
975 3125 1196 3211 vicisset
1222 3154 1330 3212 ﬁde
1353 3125 1474 3225 iper
1500 3125 1840 3227 patientiam,
1875 3157 1959 3211 vir
1990 3157 2114 3226 qui-

2224 3167 2417 3213 σαντος
2451 3151 2547 3203 καλ⁵
2570 3151 2636 3221 τῇ
2671 3148 2851 3203 πίστει
2877 3149 2946 3203 δι’
2969 3150 3257 3221 ὑπομονῆς
3289 3153 3639 3223 νικήσαντος,
3697 3155 3816 3207 τῶν
3852 3188 3869 3203 .

531 3250 655 3303 dam
689 3246 1039 3304 fidelissimus
1065 3261 1133 3303 ex
1164 3247 1232 3303 iis
1283 3247 1374 3319 qui
1420 3246 1718 3317 aliquando
1749 3246 1972 3303 fuerant
2000 3246 2120 3318 ejus

531 3336 847 3403 familiares,
864 3350 985 3390 cum
1009 3334 1205 3391 soleret
1223 3336 1289 3390 ad
1310 3350 1434 3390 eum
1447 3334 1728 3402 accedere,
1750 3346 1807 3391 et
1825 3352 1892 3392 ex
1916 3351 1982 3392 eo
2000 3352 2117 3391 ma-

528 3444 690 3501 gnam
714 3437 935 3499 caperet
957 3428 1268 3491 utilitatem,
1302 3426 1435 3482 dicit
1461 3428 1677 3482 cuidam
1698 3428 1790 3483 alii
1828 3443 1895 3484 ex
1927 3429 2116 3485 eadem

529 3524 724 3587 quarta
756 3516 947 3573 schola
979 3529 994 3569 :
1034 3513 1165 3571 Volo
1201 3516 1290 3571 die
1330 3517 1583 3587 sequenti
1618 3518 1699 3573 ire
1734 3518 1800 3571 ad
1838 3519 2118 3573 dominum

529 3610 880 3665 Auxentium.
909 3607 1045 3664 Veni
1100 3619 1154 3663 tu
1209 3623 1450 3678 quoque,
1486 3618 1543 3664 et
1577 3608 1813 3680 plurima
1873 3608 2119 3665 fruamur

531 3702 787 3757 utilitate.
820 3699 918 3757 Ille
950 3710 1134 3755 autem
1165 3698 1437 3757 diabolica
1479 3700 1717 3771 quodam
1752 3701 2014 3757 instinctu
2049 3702 2119 3758 ab

528 3809 595 3850 eo
620 3794 853 3862 alienus,
889 3809 994 3849 non
1053 3793 1229 3849 solum
1287 3809 1394 3849 non
1427 3793 1527 3848 fuit
1558 3808 1850 3864 persuasus
1891 3803 1952 3850 ut
1993 3796 2114 3863 iret,

426 3896 427 3899 ‘
529 3886 627 3943 sed
649 3888 813 3941 etiam
834 3901 959 3940 eum
982 3885 1151 3956 coepit
1171 3883 1472 3940 maledictis
1497 3884 1769 3941 incessere
1791 3894 1842 3941 et
1867 3886 2115 3956 irridere,

533 3991 660 4031 eum
700 3991 900 4032 vocans
929 3977 1153 4047 planum
1210 3984 1268 4031 et
1296 3975 1672 4046 impostorem,
1699 3985 1756 4030 et
1810 3978 2115 4031 mercedem

529 4060 862 4140 praebentem
890 4069 957 4124 iis
1002 4069 1096 4138 qui
1131 4083 1191 4124 se
1224 4068 1487 4123 simulant
1507 4082 1629 4123 esse
1657 4070 2023 4125 dacmoniacos
2048 4085 2115 4126 ex

533 4163 704 4217 tribus
721 4170 777 4217 et
808 4176 904 4217 sex
925 4160 1121 4226 obplis,
1151 4170 1210 4215 ut
1238 4159 1524 4215 videantur
1545 4162 1697 4231 argui
1729 4160 1797 4214 ad
1827 4161 2115 4214 multorum

531 4252 932 4322 deccptionem.
966 4250 1101 4305 Cum
1139 4250 1276 4305 alter
1310 4265 1437 4306 vero
1492 4251 1576 4307 liis
1606 4260 1750 4308 esset
1803 4250 2119 4321 obstUpel‘a-

531 4353 673 4411 ctus,
707 4355 761 4399 et
787 4344 965 4414 majus
1010 4345 1245 4399 studium
1282 4343 1643 4407 adhibuisset,
1673 4329 1958 4414 postquam
1989 4359 2115 4401 eum

532 4437 833 4508 increpavit
858 4444 913 4492 et
937 4435 1098 4507 juvit,
1134 4435 1408 4491 moderate
1430 4450 1553 4491 cum
1583 4449 1648 4490 eo
1676 4437 1808 4506 egit,
1834 4436 1908 4491 ita
1940 4447 1999 4492 ut
2029 4437 2115 4492 in-

2216 3257 2353 3294 -ποτε
2400 3238 2607 3310 ἑτέρων
2662 3239 2827 3294 αὐτοῦ
2884 3256 2972 3305 τις
3021 3241 3343 3305 πιστότατος
3370 3243 3512 3315 ἀνὴρ
3558 3244 3816 3315 συνήθως

2219 3330 2384 3387 ἀνιὼν
2417 3333 2514 3387 καὶ
2547 3333 2751 3406 σφόδρα
2801 3332 3204 3405 ὠφελούμενος,
3247 3335 3392 3408 ἄλλῳ
3442 3337 3552 3391 τινὶ
3591 3338 3701 3393 τῶν
3743 3342 3817 3395 ὲκ

2219 3425 2317 3495 τῆς
2369 3424 2540 3495 αὐτῆς
2574 3425 2845 3497 τετάρτης
2895 3426 3097 3496 σχολῆς
3158 3443 3363 3498 φησιν·
3428 3427 3705 3500 Βούλομαι
3737 3433 3811 3501 τῇ

2219 3516 2349 3585 ἑξῆς
2400 3515 2541 3587 πρὸς
2591 3516 2684 3571 τὸν
2732 3519 2893 3589 κύριν
2924 3518 3239 3586 Αὐξέντιον,
3281 3519 3543 3574 ἀπελθεῖν
3568 3535 3584 3550 ⁸
3618 3520 3808 3593 δεῦρο,

2219 3611 2316 3663 καὶ⁸
2365 3611 2528 3673 αὐτὸς
2559 3609 2826 3683 πλείστης
2881 3610 3196 3666 άπόλαυσον
3232 3612 3528 3684 ὠφελείας.
3567 3611 3628 3667 Ὀ
3651 3615 3710 3667 δὲ.
3742 3617 3816 3667 ἐκ

2218 3699 2534 3771 διαϐολικῆς
2584 3703 2969 3774 προσπαθείας
3013 3704 3475 3775 άποδιακείμενος
3535 3705 3693 3776 αύτῴ
3745 3708 3814 3759 οὐ

2224 3792 2386 3864 μόνον
2406 3794 2507 3846 οὐκ
2529 3795 2760 3866 ἐπείσθη
2792 3795 2887 3850 τοῦ
2916 3797 3197 3862 ἀπελθεῖν,
3222 3797 3361 3854 ἀλλὰ
3385 3801 3479 3852 καὶ
3512 3798 3816 3870 λοιδορίαις

2220 3882 2424 3955 ἤρξατο
2493 3884 2768 3939 σκώπτειν
2822 3889 3020 3957 αὑτὸν,
3056 3890 3261 3943 πλάνον
3284 3891 3448 3944 αὑτὸν
3508 3891 3815 3945 ἀποκαλῶν

2220 3974 2317 4027 καὶ
2370 3974 2653 4045 ὲπιθέτην,
2688 3976 2918 4046 μισθοὺς
2948 3978 3241 4050 παρέχοντι
3272 3983 3385 4044 τοῖς
3430 3981 3524 4033 ἐπὶ
3561 3983 3812 4052 σχήματι

2218 4068 2575 4137 δαιμονιῶσιν
2604 4070 2713 4122 άπὸ
2740 4069 2906 4141 τριῶν
2942 4062 3035 4124 καὶ
3060 4072 3120 4138 ἒξ
3174 4073 3415 4141 φόλλεων
3454 4075 3590 4145 πρὶς
3632 4074 3695 4127 τὸ
3726 4079 3815 4140 είς

2219 4159 2438 4232 ἀπάτην
2482 4162 2592 4216 τῶν
2627 4162 2838 4217 πολλῶν
2860 4165 3039 4217 δοκεῖν
3074 4164 3416 4234 ἐλέγχεσθαι.
3459 4165 3565 4219 Τοῦ
3587 4165 3644 4219 δὲ
3682 4166 3810 4218 ἑτέ-

2223 4267 2317 4322 ρου
2349 4252 2443 4304 ἐπὶ
2466 4252 2674 4307 τούτων
2720 4255 3174 4324 καταπλαγέντος
3209 4259 3306 4311 καὶ
3337 4258 3575 4330 σπουδὴν
3601 4258 3815 4329 μᾶλλον

2220 4341 2449 4413 θεμένου
2488 4346 2628 4415 μετὰ
2681 4345 2745 4398 τὸ
2800 4348 3133 4420 ἐπιτιμῆσαι
3165 4350 3261 4403 καὶ
3285 4350 3566 4422 ὠφελῆσαι
3614 4352 3811 4418 αὐτὸν,

2222 4433 2644 4506 ὲπιεικεστέρως
2683 4438 2971 4511 ἐκέχρητο,
3021 4440 3163 4495 ὥστε
3225 4443 3677 4514 συμπαραλαδεῖν
3710 4445 3814 4501 τὸν

531 4530 812 4585 credulum
848 4544 1034 4585 secum
1063 4535 1387 4593 assumeret,
1418 4537 1474 4582 et
1517 4540 1643 4582 cum
1674 4542 1740 4583 eo
1771 4529 2113 4584 ascenderet.

2223 4526 2474 4592 ἄπιστον,
2520 4496 2580 4582 όν
2625 4496 2728 4584 καὶ
2778 4496 3071 4587 πεισθέντα
3099 4496 3498 4607 συνανέιφερεν.
3558 4539 3699 4593 Ἀλλ’

532 4623 701 4690 Quem
732 4623 898 4679 etiam
930 4636 1251 4693 persuasum
1284 4622 1373 4676 vix
1409 4621 1625 4676 tandem
1657 4636 1843 4677 secum
1899 4638 2115 4678 sursum

531 4717 709 4771 duxit.
745 4716 849 4771 Sed
879 4729 1001 4770 cum
1032 4715 1098 4769 ad
1126 4729 1252 4769 eum
1286 4712 1584 4778 venissent,
1619 4722 1677 4768 ut
1714 4708 1943 4780 solebat,
1978 4714 2112 4770 hora

535 4809 695 4863 tertia
725 4808 940 4875 excepit
992 4820 1088 4863 eos
1142 4806 1232 4876 qui
1268 4805 1620 4861 accedebant.
1663 4804 1850 4876 Neque
1877 4806 2024 4862 enim
2050 4804 2116 4860 li-

531 4900 693 4955 cebat
726 4900 1202 4956 indiscriminatim
1234 4901 1282 4955 ei
1333 4900 1596 4955 exhibere
1641 4899 1967 4966 molestiam,
2010 4899 2116 4955 nisi

535 4993 591 5045 in
617 5003 860 5062 tempore
891 4992 1054 5048 solito
1087 5012 1099 5047 :
1137 4993 1189 5047 in
1222 5008 1330 5062 quo
1359 5008 1453 5048 eos
1499 4992 1592 5064 qui
1619 4994 1848 5047 aderant
1875 4993 2110 5058 primum

530 5085 925 5140 adhortabatur
954 5086 1021 5140 ad
1054 5084 1509 5156 gloriﬁcationem
1536 5102 1551 5152 ;
1579 5084 1780 5139 deinde
1826 5084 1906 5140 sic
1939 5085 2110 5140 verbo

535 5176 726 5246 gratiae
759 5175 1054 5230 adhortans
1089 5185 1142 5231 et
1171 5175 1523 5242 benedicens,
1562 5189 2008 5246 unumquemque
2030 5175 2113 5231 di-

532 5268 802 5322 mittebat.
858 5266 1028 5336 Cujus
1083 5267 1302 5338 quidem
1349 5267 1761 5338 glorilicationis
1820 5281 2111 5338 expressas

501 5372 747 5429 .quoque
799 5360 868 5414 ab
918 5373 984 5414 eo
1045 5358 1236 5415 laudes
1282 5358 1527 5414 dicemus
1554 5370 1766 5427 postea.
1800 5356 1949 5413 Laeto
1979 5372 2110 5429 ergo

432 5440 439 5449 “
529 5450 680 5505 vultu
703 5450 753 5505 ei
780 5450 872 5518 qui
922 5451 991 5506 ad
1038 5465 1162 5506 eum
1186 5450 1481 5506 accedebat
1505 5465 1629 5507 cum
1666 5449 1791 5517 (ide,
1824 5450 1963 5506 dixit
1992 5465 2113 5522 quae

534 5552 687 5597 erant
712 5541 1079 5617 conducibilia
1102 5561 1117 5601 :
1139 5558 1262 5599 cum
1286 5541 1480 5612 altero,
1513 5544 1603 5614 qui
1631 5551 1752 5600 crat
1778 5541 2111 5614 incredulus,

602 5723 624 5756 ⁸
653 5722 848 5794 Epltes.
893 5741 962 5793 vr,
1005 5726 1091 5785 t2.

2219 4617 2466 4687 ἔφθασαν
2491 4620 2621 4690 παρ’
2644 4622 2793 4694 αὐτῷ
2815 4624 2959 4679 κατὰ
2988 4626 3049 4680 τδ
3083 4626 3205 4690 ἔθος
3230 4632 3296 4699 τῇ
3326 4630 3485 4702 τρίτῃ
3518 4631 3658 4702 ὥρᾳ,
3677 4635 3812 4698 τοὺς

2220 4712 2748 4782 παρατυγχάνοντας
2778 4716 3018 4782 ἐδέξατο.
3057 4719 3193 4773 Οὐδὲ
3235 4722 3345 4793 γὰρ
3398 4718 3465 4794 ἦν
3491 4723 3813 4795 ἀδιαφόρως

2217 4801 2495 4874 ὀχλεῖσθαι
2525 4806 2710 4871 αὐτὸν,
2753 4809 2804 4861 εί
2842 4810 2920 4880 μὴ
2952 4812 3009 4864 ὲν
3037 4812 3114 4883 τῷ
3144 4813 3370 4882 συνήθει
3419 4806 3619 4887 καιρῷ,
3654 4819 3715 4871 ἐν
3763 4817 3811 4888 ᾧ

2219 4895 2348 4959 τοὺς
2400 4897 2680 4969 παρόντας
2702 4900 2785 4965 εἰς
2814 4900 3128 4971 δοξολωίίαν
3154 4906 3527 4977 προετρέπετο
3560 4908 3807 4977 πρῶτον,

2221 4980 2322 5040 εἷθ’
2352 4986 2528 5052 οὕτως
2555 4990 2633 5060 τῷ
2655 4990 2802 5063 λόγῳ
2851 4994 2952 5064 τῆς
2993 4996 3214 5066 χάριτος
3251 4997 3533 5068 παραινῶν
3568 4999 3807 5054 ἕκαστον

2221 5078 2318 5131 καὶ
2379 5079 2729 5150 κατευλογῶν
2770 5084 3069 5150 ἀπέλυσεν,
3123 5083 3307 5160 ἧσπερ
3345 5088 3657 5157 δοξολογίας
3710 5091 3809 5146 καὶ

2220 5170 2345 5235 τοὺς
2385 5175 2514 5244 παρ’
2544 5174 2694 5246 αὐτῷ
2746 5192 2806 5230 τε
2833 5180 3193 5249 τυπωμένους
3229 5182 3413 5247 αῖνους
3452 5185 3534 5247 εις
3576 5184 3813 5256 ὓστερον

2220 5262 2468 5335 λέξομεν.
2516 5267 2783 5338 Χαρίεντι
2844 5267 2940 5325 οὗν
2976 5274 3255 5346 προσώπῳ
3279 5275 3357 5347 τῷ
3406 5277 3545 5345 μετὰ
3569 5278 3814 5345 πίστεως

2220 5358 2503 5429 ἐρχομένῳ
2542 5361 2678 5431 πρὸς
2699 5362 2864 5418 αὐτὸν
2888 5365 3179 5436 πρόσφορα
3201 5367 3483 5441 διηλέχθη,
3523 5369 3647 5441 μηδ’
3669 5370 3813 5434 ὅλως

2220 5447 2299 5518 τῷ
2335 5448 2509 5520 ἑτέρῳ
2544 5451 2640 5506 καὶ
2693 5453 2910 5525 ἀπίστῳ
2967 5457 3074 5511 κᾶν
3132 5457 3307 5530 βραχὺ
3356 5463 3805 5533 προσομιλήσας·

2224 5539 2416 5612 διόπερ
2444 5543 2581 5612 μετὰ
2634 5545 2695 5600 τὸ
2718 5547 3059 5621 ἀπολυθῆναι
3101 5554 3275 5607 πλείω
3327 5554 3491 5609 πάλιν
3544 5554 3807 5624 ἐλοιδόρει
