4160 6416
393 351 531 420 1389

379 559 481 632 τῆς
504 576 558 614 τι
586 559 1074 638 διαπραττόμενον.

447 819 548 876 ῐΕ’.
581 823 1020 897 Κατερχομένων
1045 829 1140 885 οὖν
1163 833 1343 888 αὐτῶν
1364 837 1458 890 ἐπὶ
1486 838 1566 911 τῷ
1611 840 1833 917 Ἦμέρῳ
1863 848 1957 902 ἐπὶ

372 915 437 968 τδ
473 913 704 971 πλεῦσαι
733 918 1036 991 (ἐμπόριον
1058 924 1117 978 δὲ
1162 926 1323 982 τοῦτό
1357 930 1509 985 ἐστιν
1539 932 1640 998 τῆς
1669 913 1956 1009 Καλχηδό-

374 1005 500 1078 νος)
554 1007 651 1061 τοῦ
708 1011 942 1066 ἀπίστου
1003 1019 1133 1081 παῖς
1173 1020 1503 1093 διερρωγὼς
1544 1027 1672 1091 τοὺς
1718 1030 1956 1098 χιτῶνας

371 1097 671 1176 δπηντᾶτο,
709 1103 979 1169 ὸλολὺζων
1013 1108 1109 1163 καὶ
1141 1110 1377 1181 θρηνῶν.
1422 1114 1513 1178 Ὦς
1541 1115 1599 1170 δὲ
1639 1097 1740 1188 τὴν
1770 1123 1956 1178 αἰτίαν

369 1192 677 1263 πυθόμενος
705 1198 735 1249 6
765 1200 958 1252 τούτου
1017 1200 1309 1276 δεσπότης,
1345 1206 1407 1260 οὗ
1443 1208 1608 1279 τάχος
1646 1211 1954 1283 ἐμάνθανεν

367 1279 464 1336 τοῦ
493 1283 682 1349 παιδὸς
730 1287 837 1341 ὑπὸ
886 1289 1042 1356 δέους
1076 1296 1171 1349 καὶ
1221 1294 1399 1368 λύπης
1437 1300 1500 1352 τὸ
1533 1279 1750 1372 συμὸἀν
1788 1306 1953 1373 ἑξαγ-

367 1372 583 1440 γέλλειν
637 1377 1101 1450 ἀναϐαλλομένου,
1155 1385 1316 1440 τοῦτο
1367 1389 1426 1442 δὲ
1460 1391 1624 1460 μόνον
1671 1372 1948 1465 λέγοντος,

372 1464 456 1517 ὅτι
496 1467 683 1522 Κακὸν
721 1470 855 1541 ἡμῖν
909 1477 1166 1544 πρᾶγμα,
1223 1478 1484 1547 δέσποτα,
1532 1483 1752 1555 συνέϐη.
1799 1487 1950 1540 Ἐπι-

368 1555 815 1632 πληκτικὼτερον
846 1563 1172 1636 ἀποκριθεὶς
1201 1568 1229 1621 ὁ
1254 1570 1526 1643 δεσπότης
1561 1577 1728 1631 αὐτοῦ
1759 1596 1947 1648 φησιν’

367 1647 502 1701 Εἰπὲ
539 1648 593 1703 τί
639 1653 828 1707 ἐστιν’
857 1656 1175 1729 ὲσυλώθηνς
1218 1663 1598 1736 ὲνεπρήσθην;
1641 1668 1699 1722 Ὀ
1727 1669 1783 1723 δὲ
1819 1647 1950 1736 παῖς

362 1736 546 1807 λέγει’
614 1741 745 1796 Ἰδοὺ
810 1746 843 1816 ἡ
894 1746 1141 1819 θυγάτηρ
1172 1768 1266 1806 σου
1297 1755 1356 1807 ἐν
1402 1756 1482 1827 τῷ
1518 1758 1665 1829 ⁸οίκῳ
1693 1761 1948 1841 χαλεπῶς

361 1827 779 1900 δαιμονίζεται,
828 1836 903 1900 ὡς
949 1839 1025 1908 μὴ
1083 1844 1474 1911 περιγενέσθαι
1528 1849 1700 1920 αὐτῆς
1738 1850 1947 1920 ίσχύειν

361 1922 534 1992 ἡμᾶς.
579 1926 715 1979 Τότε
766 1927 831 1999 δή
875 1933 954 1994 εἰς
990 1935 1350 2006 συναίσθησιν
1393 1937 1694 2010 ἐληλυθὼς,
1742 1943 1950 2015 ἤρξατο

358 2010 590 2069 τύπτειν
647 2018 710 2069 τὸ
761 2020 1057 2090 πρόσωπον
1111 2025 1279 2080 αὐτοῦ
1332 2029 1428 2083 καὶ
1471 2032 1818 2088 κατατίλλειν
1848 2035 1947 2096 τὰς

359 2103 557 2176 τρίχας
600 2108 766 2162 αὐτοῦ
796 2112 891 2164 καὶ
937 2113 1069 2189 βοᾷν
1130 2120 1345 2193 μεγάλῃ
1380 2125 1446 2194 τῇ
1480 2128 1670 2197 φωνῇ·
1707 2127 1847 2182 Οὐαὶ
1875 2132 1943 2201 τῇ

356 2195 465 2267 ﬁt?)
497 2198 729 2272 ἀπιστίᾳ
752 2219 763 2230 ’
798 2204 915 2258 ἀλλ’
938 2208 1034 2261 ἐπὶ
1089 2210 1227 2265 πολὺ
1264 2195 1713 2282 κατακόπτοντος
1744 2195 1944 2277 ἑαυτὸν

356 2290 453 2341 καὶ
478 2289 771 2363 ἀφορήτως
801 2295 1152 2368 θρηνοῦντος,
1177 2305 1204 2357 6
1236 2306 1332 2360 σὺν
1365 2307 1516 2380 αὑτῷ
1556 2312 1748 2377 πιστὸς
1791 2314 1943 2368 ἑταῖ-

355 2395 450 2449 ρος
483 2376 637 2435 εἶπεν
698 2386 834 2456 πρὸς
888 2389 1075 2454 αὐτὸν,
1138 2393 1325 2459 καθὼς
1382 2376 1628 2470 ὁΣωτὴρ
1687 2400 1825 2473 πρὸς
1848 2403 1943 2458 τὸν

343 2468 593 2542 ’Ἰάῖρονο
636 2476 729 2546 Μὴ
782 2480 973 2548 φοϐοῦ,
1027 2483 1192 2552 μόνον
1224 2486 1474 2554 πίστευε,
1507 2468 1609 2544 και
1631 2468 1941 2565 σωθήσεται

353 2562 389 2625 ὴ
418 2566 569 2628 παῖς.
599 2566 847 2623 Ἐκείνου
879 2571 935 2625 δὲ
965 2575 1066 2645 τὴν
1107 2576 1368 2632 ἀπιστίαν
1396 2579 1584 2654 τελείᾳ.
1625 2562 1806 2637 πίστει
1851 2585 1940 2640 διὰ

351 2653 459 2724 τῆς
490 2658 827 2728 προφάσεως
851 2663 1056 2735 ταύτης
1077 2666 1536 2740 διωρθωσαμένου
1561 2653 1666 2728 καὶ
1706 2676 1937 2747 κράζον-

351 2760 480 2809 τος·
537 2749 827 2815 Πιστεύω,
877 2753 1064 2825 βοήθει
1121 2775 1226 2828 μου
1284 2764 1351 2833 τῇ
1387 2762 1639 2837 ἀπιστίᾳ,
1670 2767 1936 2840 διαπερά-

351 2850 547 2902 σαντες
590 2841 711 2911 ἅμα
762 2839 927 2916 ἦλθον
965 2849 1059 2902 ἐπὶ
1087 2850 1188 2922 τὴν
1218 2855 1398 2908 οἰκίαν
1429 2871 1443 2885 ·
1499 2860 1596 2912 καὶ
1638 2858 1702 2929 δὴ
1736 2839 1937 2916 θεασά-

352 2944 510 2998 μενοι
538 2930 639 3002 τὴν
663 2942 955 3009 συμφορὰν
980 2944 1078 2995 καὶ
1105 2944 1396 3016 ἀφορήτως
1432 2948 1802 3024 ἐλεγχομένην
1835 2956 1936 3026 τὴν

348 3019 519 3092 κόρην
558 3025 775 3082 καὶτὸν
805 3032 1081 3101 μακάριον
1134 3037 1430 3101 Αὐξέντιον
1467 3019 1930 3117 ἐπικαλουμένην,

349 3114 620 3184 οἰμωγαῖς
670 3121 765 3175 καὶ
813 3123 1071 3195 ὀδυρμοῖς
1101 3129 1474 3200 ἐκραύγαζον.
1524 3131 1665 3191 Εἶτα
1722 3114 1874 3206 λέγεί
1901 3141 1930 3193 ὁ

348 3198 535 3273 lupo;
594 3206 674 3279 τῷ
732 3191 926 3284 πατρὶ*
951 3191 1052 3284 τῆς
1087 3191 1257 3290 κόρης
1275 3191 1305 3252 ο.
1325 3191 1497 3294 Δεῦρο
1540 3225 1604 3299 δὴ
1637 3191 1808 3294 εὐθὺς.
1955 3191 2002 3253 C

347 3299 695 3370 παραχρῆμα
751 3304 1052 3377 οίῳδηποτε
1098 3312 1290 3384 τρόπῳ
1332 3317 1672 3388 πεδήσαντες
1732 3323 1928 3395 αὐτὴν,

348 3382 484 3457 πρὸς
510 3391 602 3445 τὸν
643 3394 791 3450 ὅσιον
834 3398 1216 3475 ἀπαγάγωμεν
1262 3382 1468 3480 ἀνδρα,
1513 3382 1700 3467 ίκανοῢ
1758 3382 1928 3471 aerei;

344 3477 502 3544 ὄντος
528 3483 852 3558 δυσωπῆσαι
884 3492 975 3545 τὸν
1000 3494 1133 3549 Θεὸν
1163 3499 1294 3570 περὶ
1321 3477 1423 3571 της
1453 3503 1650 3570 ίάσεως
1678 3507 1871 3578 αὐτῆς.
1957 3493 1974 3509 ’

400 3568 519 3638 lC.".
562 3572 653 3637 Ὧς
691 3575 749 3629 δὲ
780 3579 940 3633 τοῦτο
983 3568 1330 3655 τελέσαντες,
1374 3568 1455 3663 τῷ
1494 3568 1653 3666 ἀνδρί
1680 3568 1929 3669 προσηγ-

344 3659 520 3729 γιζον,
552 3664 758 3735 ἧρξατο
786 3669 1164 3740 ἀγριαίνεσθαι
1211 3659 1492 3750 περισσέός
1542 3659 1639 3740 καὶ
1674 3659 1928 3751 ὑλακτείν

343 3753 442 3804 καὶ
493 3752 569 3815 ὡς
620 3756 892 3831 ἑλκομένη
945 3764 1085 3832 μετὰ
1133 3766 1342 3839 δρόμον
1375 3772 1626 3840 πλείονος
1678 3779 1925 3835 ἀνιέναι·

345 3840 605 3912 φθάσασα
631 3844 725 3902 οὖν
772 3851 1037 3923 ἄντικρυς
1080 3860 1177 3912 τοῦ
1207 3860 1451 3932 θυριδίου
1480 3865 1582 3936 τῆς
1610 3869 1805 3941 κέλλης
1832 3873 1927 3927 τοῦ

346 3937 623 4008 μακαρίου
670 3943 920 4017 παρέστη
957 3946 1360 4024 βασανιζομένη
1396 3955 1587 4021 δεινῶς
1613 3974 1626 3989 ο
1659 3937 1927 4034 ὀδυρομὲ-

342 4043 452 4087 νων
495 4030 604 4085 τῶν
638 4033 925 4107 ἑπομένων
988 4040 1090 4112 τὴν
1140 4046 1452 4117 συμφοράν.
1521 4050 1644 4105 Ἐπὶ
1669 4030 1805 4106 πολὺ
1826 4030 1927 4110 οὖν

340 4121 710 4198 ἐλεγχομένης
747 4130 952 4201 αὐτῆς,
999 4135 1222 4201 ἀνοίξας
1244 4138 1345 4210 τὴν
1378 4139 1570 4212 θυρίδα
1599 4145 1628 4196 ὁ
1660 4146 1719 4198 ὲν
1748 4147 1927 4218 ἁγίοις

344 4213 531 4287 Πατὴρ
563 4219 1072 4301 ἡμῶνηὲμὸλέψας
1096 4232 1163 4300 τῇ
1201 4230 1341 4303 κόρῃ
1369 4233 1653 4306 ἑμϐριθῶς
1698 4213 1921 4308 ἔλεγενέ

339 4305 523 4377 Τριῶν
547 4311 786 4381 φόλλεων
816 4317 849 4388 ἢ
873 4317 933 4384 ἐξ
960 4320 1229 4388 φόλλεωνς
1262 4327 1323 4378 υἱ
1349 4327 1406 4380 δὲ
1436 4305 1702 4400 παρόντες
1722 4333 1785 4388 ἐκ
1801 4305 1927 4388 δευ-

339 4401 500 4472 τέρου
557 4406 658 4476 τὴν
693 4411 877 4481 φωνὴν
907 4414 1115 4485 ταύτην
1141 4417 1249 4470 ἀπὸ
1302 4418 1402 4473 τοῦ
1459 4425 1609 4478 ὁσίου
1640 4426 1923 4499 λεχθεῖσαν

1652 365 1832 427 νιΤΑ
1873 369 1936 429 S.
1979 370 2382 437 AUXENTII.

380 468 473 521 τὸν
497 465 769 541 μακάριον
794 486 839 525 ω
864 469 1111 540 ἄπιστος,
1138 475 1213 541 ὡς
1240 475 1398 550 δόξης
1418 456 1582 535 ἕνεκα
1604 482 1697 536 καὶ
1715 483 1813 539 οὐκ
1839 484 1937 553 ἀρε

2039 537 2041 546 .
2074 504 2141 544 ne
2170 494 2391 548 verbum
2415 482 2633 565 quidem
2664 499 2895 559 locutus.

3511 398 3650 471 1390

2945 505 3308 573 Quamobrem
3362 526 3646 589 postquam

2067 580 2169 637 fuit
2200 583 2475 654 dimissus,
2523 589 2771 659 pluribus
2825 612 3015 655 rursus
3077 580 3380 663 maledictis
3429 580 3647 669 beatum

2062 670 2397 731 Auxentium
2426 680 2726 739 insectatus
2775 697 2857 741 est
2884 689 3216 760 incredulus,
3253 709 3311 752 ιιι
3337 703 3431 771 qui
3462 704 3650 774 gloriae

2063 775 2252 832 causa,
2285 774 2341 820 et
2372 784 2477 824 non
2510 773 2727 829 virtutis
2752 778 3046 848 quidquam
3088 785 3310 844 faceret.

2131 854 2253 911 XV.
2282 859 2417 914 Cum
2456 860 2556 930 ipsi
2582 873 2769 921 autem
2823 870 2888 925 ad
2923 871 3212 932 Ilemerum
3252 882 3646 945 descenderent

2060 946 2129 1003 ad
2176 951 2541 1022 navigandum
2576 955 2704 1028 (hoc
2742 971 2827 1017 est
2859 973 3040 1020 autem
3079 974 3381 1037 emporium
3408 976 3642 1034 Chalce-

2059 1040 2260 1111 donis).
2294 1060 2427 1114 puer
2448 1047 2713 1106 increduli
2756 1052 2820 1110 ιιι
2854 1055 3070 1113 obviam
3102 1062 3270 1125 scissa
3300 1069 3504 1136 tunica,
3530 1072 3644 1141 eju-

2062 1130 2179 1188 lans
2208 1136 2755 1199 etlamentans.Cum
2788 1161 2915 1204 vero
2931 1163 3151 1207 causam
3180 1156 3492 1217 sciscitatus
3516 1165 3637 1234 ejus

2055 1223 2332 1294 dominus,
2383 1244 2490 1285 non
2537 1246 2701 1301 quam
2731 1239 2969 1305 primum
3000 1242 3290 1313 intellexit,
3331 1264 3500 1318 puero
3530 1223 3641 1320 pra:

2058 1321 2255 1376 timore
2282 1334 2336 1378 et
2369 1340 2606 1383 merere
2634 1330 2686 1385 id
2722 1334 2870 1401 quod
2900 1337 3175 1393 acciderat
3213 1357 3447 1400 narrare
3480 1347 3639 1402 dill‘e-

2057 1424 2238 1480 rente,
2290 1417 2395 1473 boc
2449 1431 2629 1476 autem
2679 1425 2857 1480 solum
2896 1428 3145 1502 dicente,
3168 1431 3274 1489 Res
3308 1436 3446 1491 mala
3480 1441 3647 1495 nobis

2054 1507 2272 1573 accidit,
2318 1524 2351 1565 ο
2378 1512 2639 1579 domine,‘
2665 1518 2845 1573 acrius
2880 1530 2936 1574 et
2958 1523 3363 1588 ~.vehementius
3407 1544 3637 1598 respon-

2010 1648 2019 1657 ,
2054 1597 2187 1652 deus
2210 1600 2329 1670 ejus
2356 1603 2628 1672 dominus,
2663 1609 2800 1663 dixit
2834 1628 2848 1664 :
2885 1611 3001 1678 Dic,
3050 1616 3182 1683 quid
3209 1618 3281 1672 sit
3309 1636 3324 1673 :
3360 1597 3637 1678 furtumne

2054 1686 2107 1740 in
2141 1704 2228 1744 me
2261 1701 2346 1745 est
2375 1693 2697 1764 admissum,
2729 1714 2798 1754 an
2851 1716 3044 1771 passus
3094 1721 3216 1762 sum
3283 1709 3636 1768 incendium?

2051 1776 2197 1834 Puer
2225 1783 2358 1837 dicit
2384 1802 2397 1838 :
2427 1784 2820 1860 Nequaquam:
2851 1795 2948 1850 sed
2980 1796 3089 1851 filia
3115 1810 3207 1854 tua
3226 1801 3370 1856 domi
3393 1806 3634 1874 graviter

2053 1880 2281 1928 vexatur
2305 1888 2336 1927 a
2392 1875 2654 1943 daemone,
2696 1884 2831 1939 adeo
2867 1894 2927 1940 ut
2950 1902 3048 1943 nos
3072 1902 3193 1945 eam
3220 1906 3327 1948 non
3358 1896 3634 1964 possimus

2049 1973 2330 2031 superare.
2363 1966 2519 2024 Tunc
2580 1970 2691 2037 ille,
2738 1974 2965 2030 stimulo
3017 1988 3197 2036 motus
3250 1985 3629 2054 conscientiae,

2048 2055 2216 2124 coepit
2262 2056 2459 2114 faciem
2512 2074 2817 2132 percutere,
2835 2077 2891 2123 et
2924 2069 3126 2126 vellere
3148 2075 3396 2143 capillos,
3431 2087 3487 2134 et
3512 2096 3631 2135 ma-

2046 2158 2148 2212 gna
2184 2159 2315 2201 voce
2346 2148 2625 2208 clamare:
2654 2153 2747 2210 Vae
2798 2173 2934 2214 mea:
2991 2161 3377 2221 incredulitati.
3414 2168 3490 2224 Eo
3525 2185 3628 2224 au-

2048 2241 2153 2287 tem
2184 2250 2245 2290 se
2274 2237 2365 2292 diu
2394 2239 2669 2298 lacerante
2692 2254 2749 2301 et
2785 2246 3120 2306 lamenlante
3180 2254 3622 2327 intolerabiliter,

2045 2323 2207 2389 alter,
2244 2330 2332 2397 qui
2368 2345 2488 2385 cum
2518 2333 2633 2402 ipso
2656 2347 2771 2392 erat
2803 2340 2997 2407 fidelis,
3023 2343 3158 2397 dixit
3185 2345 3234 2399 ei
3259 2323 3621 2405 sicutServa;

2045 2423 2131 2471 tor
2158 2415 2307 2474 Jairo
2337 2421 2379 2453 ¹⁰
2410 2439 2425 2477 ι
2459 2423 2645 2479 Solum
2677 2432 2860 2495 crede,
2880 2434 3098 2489 etsalva
3126 2437 3232 2491 erit
3254 2440 3453 2507 puella.
3481 2442 3620 2500 Cum

2044 2507 2135 2564 ille
2187 2523 2317 2566 vero
2372 2513 2808 2575 incredulitatem
2873 2524 3114 2592 perfecta
3159 2528 3265 2584 fide
3288 2535 3624 2592 correxisset

2044 2610 2265 2671 propter
2303 2610 2442 2660 hanc
2465 2610 2831 2676 occasionem,
2864 2625 2918 2668 et
2938 2615 3237 2675 clamaret:
3277 2620 3473 2690 Credo,
3517 2625 3620 2680 Do-

2045 2689 2213 2755 mine,
2243 2689 2324 2745 fer
2364 2707 2524 2762 Opem
2560 2712 2693 2751 mea:
2727 2699 3095 2760 incredulitati
3130 2725 3146 2761 :
3178 2689 3512 2780 trajicieutes
3538 2715 3619 2769 si-

2043 2780 2152 2835 mul
2177 2785 2706 2843 veneruntdumuin.
2743 2791 2843 2859 Qui
2872 2810 2994 2849 cum
3034 2797 3302 2855 vidissent
3330 2804 3619 2861 calamita-

2040 2879 2172 2937 tem,
2205 2883 2259 2928 et
2299 2877 2531 2945 puellam
2593 2896 2714 2950 qua:
2745 2887 3050 2950 vexabatur
3097 2889 3535 2963 intolerabiliter,
3563 2909 3621 2956 et

2040 2962 2389 3045 invocantem
2450 2969 2667 3026 beatum
2696 2974 3051 3046 Auxentium,
3085 2983 3394 3042 clamabant
3424 3001 3617 3045 omnes

2036 3070 2158 3110 cum
2191 3054 2410 3115 fletibus
2441 3069 2495 3116 et
2516 3061 2828 3131 ejulatibus.
2864 3068 3071 3128 Deinde
3116 3074 3248 3130 dicit
3276 3076 3484 3134 amicus
3515 3096 3614 3151 pa-

2035 3147 2102 3203 tri
2124 3149 2344 3218 puellae:
2362 3153 2494 3222 Age,
2513 3167 2546 3210 ο
2563 3158 2756 3224 amice,
2773 3165 3261 3237 quomodocunque
3287 3172 3613 3240 poterimus.

2035 3253 2155 3294 eam
2217 3242 2544 3312 vinciamus,
2581 3256 2637 3302 et
2689 3253 3126 3311 transmittentes
3188 3259 3498 3319 deferamus
3541 3266 3613 3322 ad

2034 3340 2283 3387 sanctum
2345 3335 2540 3403 virum,
2574 3353 2700 3394 cum
2732 3341 2847 3413 ipse
2876 3362 2906 3400 ιι
2942 3343 3053 3403 Deo
3083 3350 3257 3418 possit
3312 3351 3612 3424 impetrare

2034 3421 2152 3491 ejus
2183 3426 2551 3485 curationem.

2106 3602 2249 3659 XVI.
2282 3605 2416 3661 Cum
2475 3608 2577 3665 hoc
2614 3620 2794 3667 autem
2829 3612 3106 3685 fecissent,
3155 3626 3211 3673 et
3263 3621 3381 3679 viro
3418 3638 3613 3685 saneto

2034 3697 2554 3767 appropinquarent,
2582 3703 2755 3772 puella
2776 3705 2938 3774 cmpit
2960 3706 3197 3776 efferari,
3224 3723 3280 3767 et
3300 3716 3610 3776 mirandum

2032 3787 2086 3841 in
2122 3789 2340 3843 modum
2400 3789 2602 3857 furere,
2642 3802 2695 3848 et
2746 3793 2949 3853 latrare
2987 3808 3045 3852 ut
3077 3802 3252 3869 canis,
3303 3815 3359 3862 et
3384 3809 3610 3878 perinde

2031 3893 2097 3933 ac
2150 3880 2194 3934 si
2252 3882 2562 3938 traheretur
2605 3884 2674 3940 ab
2707 3886 2912 3957 aliquo,
2944 3891 3135 3960 majori
3164 3909 3327 3952 cursu
3362 3914 3604 3958 currere.

2031 3970 2165 4026 Cum
2223 3989 2351 4030 vero
2404 3979 2737 4045 pervenisset
2782 3996 2851 4037 ex
2910 3985 3139 4042 adverso
3186 3988 3608 4052 fenestraecellae

2030 4063 2194 4129 beati,
2238 4066 2504 4134 constitit,
2533 4079 2587 4124 et
2622 4069 2693 4125 ibi
2729 4076 2971 4142 graviter
3012 4079 3388 4151 torquebatur.
3420 4084 3487 4141 Et
3516 4090 3607 4157 qui

2030 4157 2418 4229 sequebantur,
2472 4176 2594 4219 cum
2645 4165 2803 4221 valde
2832 4166 3093 4224 deﬂerent
3129 4173 3520 4245 calamitatem,
3553 4190 3610 4235 et

2031 4249 2148 4318 ipsa
2199 4250 2356 4306 valde
2413 4263 2721 4322 vexaretur,
2761 4258 3012 4326 aperiens
3042 4260 3336 4322 fenestram
3382 4281 3609 4327 sanctus

2026 4338 2189 4395 Pater
2215 4351 2404 4399 noster
2432 4343 2761 4414 Auxentius,
2793 4359 2849 4403 et
2881 4365 3000 4406 eam
3037 4356 3279 4422 graviter
3310 4360 3604 4430 aspiciens,

2027 4433 2186 4501 dixit,
2244 4433 2446 4490 Tribus
2499 4437 2676 4495 obolis
2728 4450 2828 4494 aut
2877 4456 2974 4498 sex
3038 4444 3232 4502 obolis.
3265 4446 3367 4515 Qui
3418 4462 3601 4509 autem

338 4492 661 4564 ἀκηκοότες,
685 4498 918 4572 ἔρριψαν
941 4504 1171 4572 ἑαυτοὺς
1203 4512 1301 4564 σὺν
1328 4514 1407 4584 τῷ
1436 4518 1604 4588 πατρὶ
1627 4518 1729 4588 τῆς
1754 4521 1923 4591 κόρης

2171 4492 2184 4501 _
2550 4492 2593 4495 ν,
2632 4492 2667 4493 η
2877 4492 2974 4498 ---τ
3044 4492 3232 4502 -_-..-.
3269 4492 3367 4515 η...
3418 4492 3601 4509 μην...

2039 4527 2274 4592 aderant,
2303 4543 2424 4582 cum
2460 4529 2655 4586 iterum
2684 4532 2824 4589 hanc
2872 4549 3062 4590 vocem
3099 4552 3127 4590 a
3181 4549 3373 4597 sancto
3402 4543 3602 4601 dictam

340 4587 421 4651 εἰς
441 4587 501 4642 τὸ
531 4589 726 4660 ἔδαφος
755 4591 989 4664 βοῶντες
1008 4611 1024 4628 ⁸
1068 4598 1344 4675 Ἐλέησον,
1369 4605 1522 4659 δοῦλε
1549 4608 1645 4661 τοῦ
1671 4587 1923 4665 Scotino-3

343 4679 593 4752 ὑψίστου,
626 4688 723 4741 καὶ
751 4695 1109 4764 συγχώρησον
1129 4712 1143 4727 ·
1180 4700 1208 4750 6
1257 4700 1480 4755 πάντων
1504 4703 1613 4776 γὰρ
1642 4708 1923 4779 Δεσπότης

341 4777 433 4827 καὶ
463 4776 655 4851 Σωτὴρ
684 4782 922 4852 Χριστὸς
962 4793 1174 4863 προορᾷ
1223 4792 1311 4847 διὰ
1351 4792 1447 4848 σοῦ
1476 4797 1572 4851 καὶ
1602 4799 1671 4851 τὰ
1700 4776 1920 4871 μακράν

339 4864 609 4941 λεγόμενα
641 4876 736 4927 καὶ
760 4879 1133 4950 πραττόμενα,
1161 4883 1237 4947 ὡς
1262 4885 1427 4940 οἰκῶν
1457 4889 1515 4940 ὲν
1545 4890 1629 4942 σοί
1655 4890 1734 4960 τῷ
1755 4891 1917 4963 θερά-

341 4977 496 5017 ποντι
516 4965 702 5021 αὐτοῦ.
732 4968 846 5041 Τὴν
870 4970 962 5026 οὖν
990 4976 1314 5047 ἐμόρίθειαν
1341 4982 1606 5052 πραότητι
1628 4987 1921 5040 καταστεί-

338 5052 435 5118 λας
456 5056 485 5109 6
523 5058 817 5132 μακάριος,
850 5068 1366 5140 προσκαλεσάμενος
1392 5075 1518 5139 τοὺς
1554 5079 1760 5142 πάντας
1781 5079 1921 5150 πλη-

340 5144 477 5213 σίον,
533 5150 687 5221 ἔλεγε
744 5152 821 5222 τῷ
852 5159 1022 5226 πατρὶ
1056 5161 1226 5232 αὐτῆς
1249 5178 1263 5192 ·
1297 5165 1360 5227 El
1392 5167 1486 5218 καὶ
1516 5167 1642 5232 τοὺς
1695 5144 1918 5236 λοιπους

339 5240 567 5309 μισθοὺς
588 5246 835 5318 παρέχω,
859 5248 935 5313 ὡς
962 5250 1119 5322 ἔφης,
1136 5254 1243 5309 ἀπὸ
1260 5273 1349 5328 τρι
1366 5259 1428 5309 LV
1447 5260 1539 5311 καὶ
1566 5258 1627 5324 ἒξ
1653 5260 1915 5331 φόλλεων,

334 5336 402 5404 τῇ
439 5334 669 5408 θυγατρί
700 5356 794 5394 σου
830 5343 995 5397 πόσον
1024 5344 1264 5414 δέδωκα;
1318 5350 1378 5404 '0
1425 5350 1483 5404 δὲ
1518 5353 1681 5408 πάλιν
1710 5354 1914 5411 κλαίων

338 5425 609 5499 σφοδρῶς,
640 5431 802 5503 ῥίψας
833 5435 1028 5491 ἑαυτὸν
1066 5440 1418 5514 συγχώρησιν
1448 5444 1713 5517 ἐξῃτεῖτο.

403 5606 504 5664 IZ'.
550 5608 948 5683 Ἐπευξάμενος
995 5618 1174 5675 τοίνυν
1231 5623 1261 5676 ὁ
1295 5626 1567 5698 μακάριος
1617 5629 1709 5683 καὶ
1739 5629 1827 5683 τὸν
1856 5630 1914 5684 ὲν

402 5784 451 5822 ³⁸
491 5787 659 5846 Marc.
719 5809 771 5864 v,
805 5796 894 5853 56.

2032 4617 2356 4685 audiissent,
2407 4636 2467 4676 se
2494 4637 2615 4677 cum
2645 4635 2802 4695 patre
2835 4627 3028 4696 puella:
3065 4628 3214 4685 humi
3250 4633 3604 4707 projicerunt.

2033 4710 2337 4769 clamantes
2366 4732 2381 4770 :
2416 4713 2697 4783 Miserere,
2732 4732 2893 4774 serve
2941 4720 3033 4776 Dei
3066 4721 3339 4793 altissimi,
3365 4737 3422 4783 et
3452 4729 3603 4800 igno-

2030 4814 2145 4856 sce.
2179 4803 2434 4858 Omnium
2469 4806 2613 4861 enim
2672 4807 2936 4867 Dominus
2976 4821 3032 4866 et
3065 4810 3327 4871 Servator
3354 4816 3605 4896 Christus

2029 4907 2124 4963 per
2149 4902 2203 4950 te
2257 4897 2518 4966 praevidet
2549 4914 2609 4953 ea
2642 4915 2762 4969 quze
2792 4917 2887 4971 per
2916 4911 2970 4958 te
3001 4905 3255 4962 dicuntur
3281 4917 3331 4963 et
3362 4909 3517 4975 fiunt,
3544 4919 3603 4965 ut

2027 4986 2119 5056 qui
2164 4987 2218 5042 in
2278 4998 2328 5044 te
2358 4989 2587 5057 habitet,
2614 4991 2706 5060 qui
2739 5009 2798 5049 es
2827 4995 2948 5069 ejus
2981 4995 3232 5054 famulus.
3265 4996 3463 5057 Beatus
3494 5005 3602 5058 ita-

1992 5077 2001 5084 ’
2026 5095 2153 5149 que,
2183 5084 2597 5138 mansuetudine
2621 5085 2920 5155 reprimens
2939 5090 3311 5155 severitatem,
3348 5093 3603 5151 omnibus

2024 5186 2198 5242 prope
2225 5174 2533 5240 accersitis.
2571 5174 2711 5230 dixit
2749 5178 2889 5246 patri
2937 5178 3165 5249 pnellm:
3194 5180 3251 5235 Si
3283 5181 3445 5236 etiam
3477 5182 3603 5237 reli-

2022 5261 2167 5330 quis,
2206 5270 2264 5317 ut
2302 5272 2355 5317 tu
2388 5263 2602 5333 dixisti,
2648 5267 2949 5322 mercedem
2997 5271 3213 5339 praebeo
3257 5287 3323 5327 ex
3352 5273 3521 5327 tribus
3545 5282 3602 5328 et

2023 5368 2117 5409 sex
2144 5356 2342 5423 obolis,
2372 5357 2495 5413 filiae
2520 5365 2627 5413 tuae
2653 5369 2917 5429 quantum
2945 5361 3114 5417 dedi?
3150 5362 3242 5421 Ille
3270 5375 3449 5420 autem
3478 5381 3599 5420 rur-

2021 5461 2114 5501 sus
2147 5445 2282 5503 flens
2302 5449 2674 5518 vehementer,
2702 5466 2762 5507 se
2789 5452 3082 5524 projicieus
3116 5456 3167 5511 in
3200 5464 3422 5527 terram,
3444 5466 3603 5530 pete-

2023 5540 2116 5594 bat
2148 5544 2383 5597 veniam.

2096 5629 2258 5689 XVII.
2282 5632 2418 5691 Cum
2439 5636 2623 5710 itaque
2641 5648 3050 5716 cssetprecatus
3067 5645 3256 5704 beatus
3272 5646 3599 5716 Auxentius,
