4160 6416
603 360 737 428 I391

1774 358 2059 420 MENSIS
2098 357 2654 455 FEBRUARIUS...

3346 277 3352 283 .
3368 277 3521 301 ,ρνμ

3724 344 3871 420 1332

599 487 892 532 etcrucem
915 486 1055 544 qua
1071 469 1654 544 superbaculum-erat
1678 468 1733 526 in
1768 469 1884 540 ejus
1918 470 2187 534 manibus,

2295 469 2487 540 χερσὶν
2519 467 2685 523 αὑτοῦ
2713 467 2807 522 ἐπὶ
2836 467 3142 540 βακτηρίας
3173 468 3417 541 σταυρὸν
3441 468 3777 536 ἀποστείλας
3809 474 3880 527 δι’

602 567 840 624 misisset
872 580 969 636 per
1006 575 1173 619 tinum
1206 577 1275 618 ex
1318 563 1386 618 iis
1415 562 1509 634 qui
1539 562 1681 633 apud
1711 578 1836 618 eum
1860 575 2182 634 persevera-

599 660 750 726 bant,
777 658 909 719 fecit
965 671 1189 714 cessare
1237 656 1432 728 puella:
1481 655 1848 722 vexationem,
1882 663 1939 709 et
2001 653 2187 709 docuit

598 766 790 807 omnes
817 750 914 820 qui
944 760 1336 815 conveneram,
1374 763 1481 803 non
1514 756 1771 817 oportere
1825 762 1933 801 nou
1981 730 2186 801 habere

600 846 760 902 iidem
787 846 881 901 Dei
909 844 1347 910 admirabilibus,
1377 859 1497 914 qua:
1528 843 1599 899 ab
1629 843 1748 913 ipso
1787 843 1923 897 iiunt
1958 841 2011 896 in
2044 855 2184 895 una-

599 951 817 1007 quaque
870 939 1358 1008 generationeper
1393 949 1503 990 eos
1549 948 1646 1004 per
1682 947 1822 1003 quos
1868 931 1919 986 ei
1949 930 2183 985 videtur.

599 1026 938 1084 Patriarcha:
974 1027 1119 1081 enim
1171 1035 1232 1081 et
1293 1039 1484 1081 omnes
1518 1026 1820 1095 prophetae,
1847 1032 1903 1079 et
1935 1023 2186 1079 similiter

600 1122 767 1176 etiam
794 1119 1051 1190 apostoli,
1082 1128 1239 1174 erant
1286 1118 1555 1182 homines,
1586 1126 1641 1171 et
1666 1132 1697 1171 a
1744 1115 1927 1171 divina
1973 1113 2184 1170 incitati

603 1213 800 1282 gratia,
854 1210 1251 1267 convenienter
1295 1209 1481 1263 divino
1512 1208 1776 1276 Apostolo
1804 1209 1874 1277 “,
1905 1208 2187 1262 exstinxe-

530 1291 534 1298 ’
602 1310 732 1357 runt
776 1301 890 1355 vim
924 1300 1087 1371 ignis,
1119 1300 1516 1354 obstruxerunt
1552 1315 1652 1355 ora
1683 1300 1925 1365 leonum,
1955 1308 2009 1354 et
2037 1297 2187 1355 fece-

601 1400 732 1447 runt
761 1390 945 1446 omnia
972 1404 1091 1465 qua:
1119 1388 1376 1458 deinceps
1405 1389 1613 1460 scripta
1650 1399 1800 1446 sunt.
1854 1388 2028 1445 Porro
2056 1402 2187 1445 vero

600 1483 737 1553 ipsa
779 1495 998 1551 quoque
1029 1495 1135 1535 vox
1183 1480 1419 1547 Domini,
1457 1496 1576 1551 qua:
1613 1496 1711 1536 nos
1757 1482 2077 1537 adhortatur
2129 1491 2190 1536 ut

601 1573 912 1639 credamus,
944 1572 1026 1628 sic
1057 1573 1189 1628 dicit
1222 1588 1236 1625 :
1279 1590 1301 1625 ι
1333 1571 1526 1628 Omnia
1551 1587 1885 1643 quaecunque
1906 1580 2197 1641 precantes.

600 1664 808 1732 petitis,
848 1664 1052 1719 credite
1081 1662 1227 1732 quod
1262 1664 1564 1734 accipietis,
1595 1673 1651 1719 et
1690 1666 1872 1734 erunt;
1896 1664 2047 1719 vobis
2071 1664 2135 1717 “.
2156 1681 2182 1716 ›

598 1756 844 1845 Benigno
879 1757 1008 1827 er'go
1041 1756 1149 1811 Deo
1172 1757 1452 1827 prasbente
1477 1755 1697 1825 quando
1728 1755 1914 1810 vultet
1941 1770 2037 1825 per
2052 1769 2188 1826 quos

2287 563 2409 626 ἑνὸς
2461 560 2572 615 τῶν
2618 560 3185 633 προσκαρτερούντων
3218 561 3392 633 αὐτῷ,
3423 563 3737 618 κατέπαυσε
3775 566 3884 636 τὴν

2287 656 2456 727 κόρην
2477 654 2572 708 τοῦ
2603 654 2865 725 ἐλεγμοῡ,
2894 656 2986 709 καὶ
3009 655 3262 718 ἅπαντας
3292 656 3419 719 τοὺς
3442 656 3884 725 συνεληλυθότας

2286 747 2588 810 ἐδίδασκεν,
2624 746 2708 801 ὅτι
2746 748 2806 800 οὐ
2859 748 2941 800 δεῖ
2972 748 3228 802 ἀπιστεῖν
3278 750 3391 811 τοῖς
3423 749 3752 819 θαυμασίοις
3781 749 3880 804 τοῦ

2288 835 2426 890 Θεοῦ
2452 837 2759 916 γινομένοις
2786 835 2879 889 ὑπ’
2901 836 3065 889 αύτοῦ
3105 836 3231 890 καθ’
3265 838 3508 907 ἑκάστην
3554 840 3774 906 γενεὰν,
3808 838 3882 891 δι’

2287 924 2363 983 ὧν
2398 929 2643 982 εύδοκεῖο
2691 928 2788 982 καὶ
2818 927 2928 1000 γὰρ
2966 929 3014 981 οί
3049 928 3394 999 πατριάρχαι
3450 931 3549 982 καὶ
3589 933 3795 992 παντες
3829 933 3883 984 οί

2287 1022 2568 1094 προφῆται
2624 1020 2826 1090 ὁμοίως
2857 1021 2952 1073 καὶ
2983 1021 3032 1072 οἱ
3089 1019 3386 1074 ἀπόστολοι
3414 1020 3692 1093 ἄνθρωποι
3730 1005 3883 1094 ἦσαν

2287 1114 2394 1168 ὑπὸ
2431 1113 2532 1183 τῆς
2570 1112 2722 1177 Θείας
2753 1114 3142 1186 ὲνεργούμενοι
3168 1116 3391 1185 χάριτος
3423 1117 3566 1168 κατά
3600 1116 3692 1169 τὸν
3731 1116 3883 1169 θεῖον

2290 1204 2637 1268 ’Δπόστολον,
2667 1203 2901 1257 ἔσϐεσαν
2944 1204 3178 1275 δύναμιν
3207 1204 3403 1275 πυρὸς,
3460 1198 3720 1275 ἔφραξαν
3749 1204 3881 1256 στό-

2256 1369 2261 1375 .
2289 1314 2437 1369 ματα
2458 1297 2689 1350 λεόντων
2721 1299 2818 1351 καὶ
2854 1299 3031 1353 πάντα
3053 1298 3122 1351 τὰ
3151 1296 3279 1368 ἑξῆς
3306 1299 3671 1368 γεγραμμένα
3695 1298 3883 1350 ἐτέλε-

2264 1406 2408 1455 -σαν,
2449 1390 2545 1443 καὶ
2572 1390 2713 1459 αὑτὴ
2743 1389 2799 1443 δὲ
2827 1391 2861 1461 ἡ
2902 1391 2992 1444 τοῦ
3031 1392 3240 1461 Κυρίου
3272 1391 3426 1460 φωνὴ
3454 1385 3878 1461 προτρεπομένη

2287 1471 2437 1553 ἡμᾶς
2464 1480 2743 1534 πιστεύειν
2769 1479 2945 1544 οὕτως
2975 1481 3154 1550 λέγει·
3190 1499 3209 1533 ι
3237 1483 3421 1535 Πάντα
3451 1482 3552 1535 ὅσα
3585 1483 3684 1552 μὲν
3717 1483 3883 1551 εὐχό-

2291 1590 2443 1645 μενοι
2469 1573 2735 1637 αἰτεῖσθε,
2762 1571 3072 1638 πιστεύετε,
3105 1573 3188 1626 ὅτι
3224 1571 3556 1643 λαμϐάνετε,
3589 1575 3685 1625 καὶ
3715 1572 3879 1624 ἔσται

2289 1667 2470 1737 ὑμῖν.»
2499 1665 2607 1719 Τοῦ
2636 1665 2771 1719 Θεοῦ
2801 1665 2895 1720 οὖν
2916 1666 3248 1737 παρέχοντος
3277 1665 3367 1718 ὅτε
3400 1663 3651 1734 βούλεται
3677 1664 3773 1716 καὶ
3810 1662 3881 1715 δι’

2288 1753 2364 1818 ὧν
2398 1757 2669 1827 βούλεται,
2701 1758 2761 1811 οὐ
2809 1757 2916 1831 χρὴ
2952 1758 3099 1828 ἡμᾶς
3132 1757 3409 1811 ἀπιστεῖν.
3451 1756 3574 1809 Ἐπὶ
3602 1755 3886 1825 έεδομάὅα

599 1850 740 1915 vult,
788 1835 899 1905 [non
931 1857 1147 1919 oportet
1180 1862 1280 1904 nos
1322 1862 1446 1903 esse
1472 1846 1804 1902 incredulos.
1839 1846 1973 1901 Cum
2002 1846 2187 1914 itaque

2289 1848 2467 1902 τοίνυν
2487 1847 2749 1913 κελεύσας
2775 1851 2913 1920 μετά
2940 1848 3051 1902 τῶν
3069 1847 3274 1918 γονέων
3301 1849 3638 1919 παραμεῖναι
3663 1849 3763 1917 τὴν
3788 1847 3885 1898 x6-

602 1954 768 1995 unam
800 1938 1196 1994 hebdomadam
1222 1937 1478 2009 iussisset
1499 1937 1736 2007 puellam
1791 1950 2016 1993 manere
2059 1953 2182 1992 cum

601 2030 1289 2103 parentibusyprecatione
1329 2031 1556 2085 armatis
1586 2037 1643 2085 et
1665 2029 1891 2101 jejunio,
1923 2042 1976 2086 et
2015 2030 2185 2101 ipsam

601 2139 793 2180 sanam
843 2123 1198 2182 restituisset.
1229 2121 1438 2178 dimisit
1477 2136 1576 2179 eos
1626 2122 1678 2178 in
1727 2121 2096 2193 pace,jubens
2125 2133 2187 2179 ut

598 2217 748 2274 irent
772 2213 1087 2286 frequenter
1119 2213 1185 2270 ad
1216 2215 1621 2271 sanctissimam
1656 2213 1982 2271 Ecclesiam.

2293 1956 2413 2011 ρην,
2448 1940 2580 2011 εὐχῇ
2611 1942 2705 1994 καὶ
2738 1940 2962 2011 νηστεία
2987 1940 3498 2011 καθωπλισμένους,
3546 1939 3678 2011 ὑγιῆ
3706 1938 3888 2009 αὐτὴν

2292 2032 2758 2119 ἀποκαταστήσας
2786 2033 2861 2086 ἐν’
2900 2033 3090 2104 εἰρήνῃ
3150 2032 3442 2097 ἀπέλυσεν,
3484 2029 3888 2103 παρεγγυήσας

2295 2124 2585 2196 συχνάζειν
2613 2125 2812 2190 αὐτοὺς
2844 2127 2910 2197 τῇ
2945 2125 3226 2196 ἁγιωτάτῃ
3253 2122 3542 2194 ἐκκλησίᾳ.

2081 2368 2313 2427 CAPUT
2345 2369 2438 2426 111.

1534 2483 1833 2556 -ιερνοιιιε,
1860 2485 2213 2556 paralyticus,
2249 2502 2617 2558 energumenw
2643 2497 2927 2576 sanantur.

672 2624 865 2684 XVIII.
890 2624 1110 2696 ‘Aliquot
1130 2631 1327 2678 .autem
1356 2628 1482 2692 post
1506 2621 1700 2678 diebus
1728 2622 2094 2678 ascenderunt
2118 2623 2185 2677 ad

586 2713 728 2777 eum
757 2718 864 2774 duo
886 2717 1105 2788 quidam
1136 2715 1240 2769 viri
1280 2714 1592 2769 laborantes
1650 2713 1982 2783 elephantia,
2011 2714 2103 2784 qui
2154 2729 2184 2768 a

604 2811 717 2867 Deo
740 2825 836 2883 per
865 2809 1040 2880 ipsum
1066 2808 1324 2876 petebant
1371 2805 1738 2874 sanationem.
1793 2804 2028 2862 Sanctus
2058 2821 2188 2861 vero

603 2905 740 2961 dicit
784 2900 1212 2968 eis:Quodnam
1265 2907 1354 2953 est
1381 2908 1622 2952 vestrum
1679 2908 1990 2969 peccatum,
2041 2898 2187 2968 quod

585 2988 722 3051 'htec
748 2997 898 3066 plaga
938 2993 992 3046 in
1043 3005 1140 3046 vos
1172 2990 1365 3045 incidit
1393 2989 1417 3043 ?
1449 2988 1522 3043 Illi
1571 2996 1779 3053 autem,
1812 2989 1928 3045 haec
1962 2990 2189 3045 audien-

2365 2622 2472 2677 ΠΥ.
2506 2623 2642 2677 Μεθ’
2673 2624 2889 2696 ἡμέρας
2922 2621 2981 2676 δέ
3038 2638 3192 2685 τινας
3246 2621 3480 2693 ἀνῆλθον
3522 2621 3655 2693 πρὸς
3712 2625 3888 2681 αὐτὸν

2294 2715 2388 2769 δύο
2439 2715 2633 2785 ἀνδρες
2686 2713 3136 2783 ἐλεφαντιῶντες,
3193 2714 3339 2768 ίασιν
3395 2714 3776 2784 ἐξαιτούμενοι
3811 2716 3887 2772 δι’

2294 2807 2460 2862 αὐτοῦ
2491 2808 2644 2878 παρά
2672 2805 2765 2860 τοῦ
2817 2805 2975 2862 Θεοῦ.
3039 2805 3098 2859 Ὀ
3128 2805 3185 2859 δὲ
3225 2806 3377 2874 λέγει
3407 2807 3591 2871 αὐτοῖς
3610 2825 3625 2839 ο
3652 2807 3719 2860 Τί
3759 2810 3890 2863 ἐστι

2293 2902 2355 2955 τὸ
2383 2880 2691 2971 ἁμάρτημα
2745 2900 2922 2968 ὑμῶν,
2975 2899 3058 2952 ὅτι
3109 2898 3384 2951 ἐπέπεσεν
3415 2902 3544 2969 ὑμῖν
3582 2902 3617 2971 ἡ
3650 2901 3890 2971 τοιαύτη

2295 2995 2511 3064 πληγῆς
2565 2995 2628 3046 Oi
2664 2988 2724 3046 δὲ
2758 2992 3092 3054 ἀκούσαντες
3143 2988 3320 3043 ταῦτα
3352 2991 3699 3061 προσέπεσον
3727 2993 3889 3062 αὐτῷ

585 3076 711 3145 ἰρι
742 3058 1096 3152 prociderunt
1119 3081 1186 3134 ad
1215 3079 1334 3147 ejus
1382 3080 1572 3150 pedes,
1606 3079 1851 3135 dicentes
1882 3098 1896 3134 :
1934 3079 2187 3135 Miserere

2290 3058 2577 3154 λέγοντες·
2646 3084 2897 3154 Ἐλέησον
2951 3084 3121 3153 ἡμᾶς,
3161 3058 3439 3153 ,θεράπων
3486 3081 3581 3135 τοῦ
3612 3058 3888 3153 Χριστού,

586 3173 806 3237 ‘nostri,
842 3187 998 3228 serve
1048 3170 1271 3231 Christi,
1300 3157 1355 3224 et
1398 3185 1496 3226 ora
1532 3180 1590 3224 ut
1638 3186 1740 3226 nos
1769 3186 2046 3225 curemur.
2083 3171 2190 3227 Re-

586 3242 885 3336 spondeas
908 3276 1038 3317 vero
1068 3263 1282 3327 beatus,
1309 3260 1443 3315 dicit
1472 3262 1552 3316 eis
1577 3279 1592 3316 :
1630 3260 1746 3317 Hoc
1778 3263 1937 3317 vobis
1968 3265 2185 3328 accidit.

2292 3178 2385 3230 καὶ
2416 3172 2569 3240 εὖξαι
2596 3174 2688 3228 τοῦ
2724 3175 2940 3246 ίαθῆναι
2968 3175 3139 3243 ἡμᾶς.
3190 3173 3539 3242 ’Δποκριθεὶς
3568 3170 3664 3254 ούν
3696 3177 3727 3227 ὁ
3768 3192 3892 3244 μα-

2291 3267 2477 3339 κάριος
2493 3266 2641 3335 λέγει
2663 3267 2869 3326 αὐτοῖς’
2894 3266 2936 3319 Τ
2940 3266 3063 3319 οῦτο
3083 3283 3142 3318 συ
3152 3266 3429 3336 μὸέϐηκεν
3455 3266 3605 3334 ὑμῖν,
3631 3265 3885 3334 ἀδελφοὶ,

585 3344 646 3410 ³ο
670 3356 900 3418 fratres,
926 3361 1213 3422 praptcrea
1241 3352 1387 3421 quod
1417 3352 1732 3421 frequenter
1761 3354 2042 3422 jurai'clis.
2080 3356 2187 3409 Sed

2289 3359 2381 3412 διὰ
2406 3358 2505 3428 τῆς
2536 3356 2870 3427 πολυορκίας
2904 3355 3080 3425 ὑμῶν’
3117 3356 3256 3409 ἀλλὰ
3288 3355 3572 3409 παύσασθε
3596 3353 3689 3407 τοῦ
3735 3370 3889 3425 παρ-

587 3440 679 3502 ἰΙο
704 3457 900 3502 czetero
924 3451 1139 3515 oportet
1168 3458 1266 3499 vos
1302 3445 1566 3499 desistere
1609 3445 1675 3498 ad
1717 3444 1854 3499 iram
1890 3461 2189 3515 provocare

609 3537 898 3593 Dominum
951 3536 1117 3590 Deum
1174 3544 1436 3592 vestrum.
1495 3534 1625 3603 Quae
1682 3550 1806 3591 cum
1861 3536 2107 3605 dixisset,
2135 3547 2190 3595 et

587 3618 800 3686 omnes
830 3639 977 3686 esset
1004 3628 1069 3684 ad
1093 3627 1422 3696 precandum
1453 3629 1791 3693 adhortatus,
1816 3629 1931 3698 ipse
1973 3645 2189 3701 quoque

548 3714 551 3717 ’
606 3724 763 3779 Ilexis
794 3723 908 3777 suis
967 3724 1173 3776 sanctis
1190 3721 1419 3791 genibus
1451 3720 1518 3776 ad
1557 3723 1765 3793 aliquot
1802 3725 1989 3789 horas,
2026 3737 2080 3782 et
2102 3724 2183 3780 ef-

607 3816 745 3871 Iusis
798 3812 984 3869 multis
1044 3814 1175 3892 rivis
1235 3811 1637 3883 lacrymarunt,
1696 3831 1928 3886 surgens
1979 3819 2187 3888 accepit

606 3894 787 3962 oleum
816 3914 1153 3969 sanctorum,
1179 3913 1236 3960 et
1264 3917 1360 3959 eos
1389 3904 1547 3958 unxit
1588 3920 1620 3959 a
1663 3908 1873 3963 vertice
1919 3923 2089 3979 usque
2119 3910 2187 3964 ad

604 3997 795 4070 pedes,
830 3994 1018 4053 dicens
1048 4013 1061 4049 :
1094 3993 1263 4050 Sanat
1284 4009 1383 4051 vos
1417 3993 1574 4052 Jesus
1592 3997 1881 4055 Christus:
1916 4012 2018 4070 ego
2041 4003 2185 4057 enim

609 4102 732 4144 sum
768 4088 933 4142 homo
987 4082 1264 4156 pec'calor.
1300 4083 1498 4141 Statim
1531 4098 1714 4143 autem
1747 4099 1874 4145 sunt
1902 4094 2103 4159 sanati,
2132 4103 2188 4148 et

588 4182 826 4235 ‘domum
853 4178 1132 4233 redierunt
1151 4192 1274 4233 cum
1311 4179 1531 4249 gaudio,
1549 4179 1713 4235 Deum
1732 4182 2034 4252 laudantes,
2062 4195 2115 4239 et
2137 4188 2185 4242 ei

606 4273 912 4328 tribuentes
936 4272 1188 4341 gloriam,
1214 4281 1269 4326 et
1297 4271 1554 4327 utnuibus
1594 4274 1968 4332 renuntiantes
2001 4294 2014 4331 :
2042 4275 2185 4333 Vidi-

2288 3449 2531 3519 οργίζειν
2580 3446 2786 3517 Κύριον
2836 3448 2927 3500 τὸν
2959 3447 3093 3501 Θεὸν
3130 3448 3314 3518 ὑμῶν’
3348 3446 3446 3502 καὶ
3476 3445 3648 3499 ταῦτα
3679 3444 3884 3512 εἰπὼν,

2292 3544 2502 3605 πάντας
2529 3542 2610 3605 είς
2640 3542 2952 3613 προσευχὴν
2978 3542 3455 3612 προτρεψάμενος,
3483 3541 3671 3602 κλίνας
3711 3539 3887 3603 αὐτὸς

2289 3635 2358 3687 τὰ
2388 3635 2591 3703 γόνατα
2613 3636 2704 3688 ἐπὶ
2725 3633 2872 3703 ὥρας
2894 3636 3109 3699 ίκανάς,
3140 3635 3381 3705 ὀχετοὺς,
3404 3635 3600 3704 ἐκχέας
3623 3631 3888 3703 δακρύων

2292 3725 2536 3791 ἱκανοὺς,
2566 3726 2805 3789 ἀναστὰς
2839 3723 3032 3780 ἔλαϐεν
3059 3726 3238 3780 ἔλαιον
3258 3725 3367 3778 τῶν
3400 3726 3572 3792 ἁγίων
3607 3725 3702 3777 καὶ
3725 3724 3886 3794 ἠλει-

2288 3819 2392 3889 ψεν
2424 3819 2622 3882 αὐτοὺς
2646 3818 2757 3872 ἀπὸ
2781 3819 3026 3888 κορυφῆς
3054 3817 3159 3881 ἕως
3215 3817 3412 3885 ποδῶν,
3452 3814 3658 3871 εἰπών·
3705 3816 3884 3870 ἰᾶται

2291 3912 2435 3982 ὑμᾶς
2470 3909 2680 3981 Ἰησοῦς
2703 3910 2941 3979 Χριστός
2961 3926 2977 3942 ο
3010 3909 3124 3978 ἐγὼ
3154 3909 3265 3981 γάρ
3299 3910 3584 3981 ἄνθρωπος
3611 3909 3885 3978 ἀμαρτωο

2290 4004 2380 4065 λὸς
2408 4003 2524 4072 είμι
2546 4019 2560 4035 ·
2599 4002 2803 4066 εὐθέως
2838 4001 3296 4072 ἐθεραπεύθησαν
3323 4000 3417 4053 καὶ
3453 3998 3699 4069 ἀπῆλθον
3733 3999 3882 4069 μετὰ

2290 4098 2468 4167 χαρᾶς
2508 4095 2588 4157 είς
2614 4095 2738 4156 τοὺς
2769 4094 2951 4156 οἴκους
2999 4092 3203 4157 αὐτῶν,
3257 4092 3536 4154 αἰνοῦντες
3586 4091 3682 4143 καὶ
3708 4089 3879 4153 δοξά-

2290 4187 2474 4252 ζοντες
2501 4187 2593 4240 τὸν
2621 4186 2753 4240 Θεὸν
2805 4186 2900 4239 καὶ
2928 4184 3364 4253 ἀπαγγέλλοντες
3397 4184 3590 4248 πᾶσιν,
3621 4182 3704 4235 ὅτι
3736 4179 3884 4235 Ἰδο-

2296 4296 2394 4350 μεν
2420 4278 2608 4350 ἄνδρα,
2645 4271 2756 4333 οἷον
2782 4277 2901 4330 οὐδὲ
2933 4280 2992 4330 ὲν
3026 4279 3149 4341 ταῖς
3170 4277 3427 4348 ἀρχαίαις
3459 4277 3674 4346 γενεαῖς
3700 4291 3716 4308 ο
3749 4269 3881 4327 εἰπε

610 4381 734 4421 mus
758 4364 1054 4432 hominem,
1093 4364 1271 4433 qualis
1306 4379 1405 4419 nec
1461 4364 1561 4420 iuit
1588 4365 1641 4420 in
1684 4368 1924 4438 antiquis
1954 4384 2187 4442 genera-

2293 4372 2401 4441 γάρ
2448 4373 2579 4442 ἡμῖν
2639 4372 2818 4425 πάντα
2868 4370 2937 4423 τά
2996 4372 3372 4442 ἡμαρτημένα
3414 4371 3570 4441 ἡμῖν,
3605 4370 3701 4423 καὶ
3729 4368 3882 4438 ὑπὲρ

609 4457 871 4514 tionibus.
905 4456 1052 4512 Dixit
1078 4456 1224 4511 enim
1256 4456 1411 4512 nobis
1456 4458 1639 4512 omnia
1666 4471 1890 4529 peccata
1955 4473 2182 4519 nostra:

607 4559 667 4604 et
690 4563 813 4605 cum
848 4563 946 4618 pro
970 4547 1124 4602 nobis
1156 4546 1386 4602 multum
1419 4548 1485 4603 ad
1534 4539 1702 4604 Deum
1729 4550 2058 4622 deﬂevisset,
2090 4570 2190 4611 nos

609 4639 822 4699 curavit
845 4656 1053 4712 ungens
1080 4651 1271 4697 sancto
1298 4641 1440 4697 oleo.
1492 4642 1499 4647 ’
1532 4712 1538 4717 η

636 4757 642 4763 -
684 4728 826 4786 XIX.
865 4729 1079 4788 Rursus
1104 4743 1283 4788 autem
1309 4733 1429 4788 dua:
1451 4734 1709 4791 mulieres
1742 4739 1808 4790 ad
1834 4738 2007 4808 ipsmn
2028 4754 2191 4795 vene-

605 4837 741 4881 .runt
773 4839 805 4879 e
838 4821 1076 4894 Phrygia
1109 4814 1391 4892 {quarum
1450 4841 1554 4880 uua
1583 4826 1802 4896 quidem
1837 4829 2072 4884 habebat
2094 4845 2190 4885 co-

612 4935 735 4974 xam
771 4932 1083 4989 percussam
1116 4918 1185 4973 ab
1208 4916 1489 4974 immundo
1521 4920 1756 4989 spiritu;
1802 4921 1967 4976 altera
2005 4934 2187 4978 autem

612 5010 848 5065 habebat
882 5008 1146 5079 legionem
1209 5012 1539 5077 daemonum,
1581 5025 1699 5081 qua!
1734 5012 1896 5066 etiam
1952 5014 2113 5068 tertio
2157 5029 2189 5069 a

611 5112 798 5158 monte
829 5101 1005 5171 lapide
1034 5102 1198 5170 ccepit
1224 5102 1465 5156 clamare
1505 5112 1560 5157 et
1612 5105 1793 5158 dicere
1825 5121 1837 5158 :
1868 5103 2008 5170 Quid
2059 5107 2189 5161 mihi

613 5208 791 5252 tecum
859 5198 936 5250 rei
987 5207 1091 5262 est,
1142 5209 1175 5250 ο
1206 5197 1460 5262 Auxenti,
1494 5197 1637 5266 quod
1665 5212 1750 5252 me
1777 5201 2051 5269 castigans
2072 5210 2189 5255 tra-

610 5286 742 5343 xisti
771 5303 798 5339 a
817 5285 1102 5358 Phrygia?
1131 5284 1319 5341 Nescis
1350 5302 1433 5339 nte
1460 5301 1581 5341 esse
1603 5288 1908 5357 legionem?
1935 5288 2039 5344 Sed
2079 5292 2190 5348 scis

613 5396 801 5437 rursus
826 5381 1094 5451 legionem
1138 5380 1454 5449 angelorum
1509 5390 1562 5437 te
1616 5384 1960 5439 circumdare
2004 5396 2189 5441 noctes

610 5484 664 5528 et
692 5475 810 5533 dies
843 5489 857 5526 :
894 5473 985 5542 qui
1042 5473 1260 5543 quidem
1315 5473 1593 5543 accipiunt
1662 5484 1780 5531 tuas
1826 5491 2041 5545 preces,
2071 5493 2192 5547 qua:

611 5581 714 5621 nos
746 5576 935 5633 urunt,
960 5575 1011 5620 et
1043 5580 1136 5622 eas
1158 5564 1395 5621 oﬂ‘erunt
1422 5567 1721 5636 Altissimo,
1752 5584 1846 5638 per
1869 5558 2004 5639 quas
2027 5574 2189 5626 etiam

609 5660 890 5726 punimur.
917 5660 1054 5715 Ecce
1114 5659 1278 5715 e2iam
1322 5669 1441 5730 post
1474 5660 1694 5730 triginta
1725 5676 1898 5718 annos
1925 5679 2007 5719 me
2038 5678 2192 5735 sepa~

646 5790 693 5823 "
717 5793 880 5850 lIebr.
913 5812 989 5865 xi,
1015 5798 1104 5853 54.
1185 5799 1227 5831 ⁸⁸
1250 5797 1422 5853 Marc.
1455 5813 1532 5869 χι,
1560 5797 1667 5856 Ἦν

2291 4463 2447 4533 ἡμῶν
2473 4462 2862 4532 προσκλαύσας
2886 4461 3056 4518 πολλά
3076 4462 3155 4532 τῷ
3183 4459 3305 4532 Θεῷ
3332 4460 3700 4532 ἐθεράπευσεν
3722 4462 3885 4531 ἡμᾶς

2289 4554 2517 4626 ἀλείψας
2539 4555 2704 4626 ἐλαίῳ
2726 4554 2889 4625 ἁγίῳ.

2363 4732 2469 4789 ῙΘ’.
2508 4733 2676 4787 Πάλιν
2709 4734 2784 4800 δὲ,
2813 4735 3071 4802 γυναῖκες
3124 4732 3220 4786 δύο
3268 4731 3377 4786 ἀπὸ
3407 4730 3648 4802 Φρυγίας
3705 4724 3881 4802 ἦλθον

2293 4828 2428 4900 πρὸς
2454 4826 2637 4892 αὐτὸν,
2675 4828 2710 4897 ή
2746 4824 2846 4894 μὲν
2883 4825 2980 4896 μία
3010 4824 3108 4893 τὴν
3140 4822 3307 4890 κόξαν
3355 4823 3723 4893 πεπληγμένη
3768 4820 3884 4876 ύπὺ

2290 4919 2606 4991 ἀκαθάρτου
2659 4918 2993 4987 πνεύματος,
3041 4919 3074 4986 ἠ
3106 4917 3163 4970 δὲ
3199 4916 3364 4987 ἑτέρα
3398 4916 3598 4986 ἔχουσα
3627 4914 3880 4984 λεγεῶνα

2291 5011 2592 5082 δαιμόνωνο
2643 5010 2677 5081 ἠ
2706 5010 2801 5063 καὶ
2841 5008 2917 5072 ὡς
2946 5007 3055 5061 ἀπὸ
3088 5006 3334 5078 σημείων
3383 5006 3554 5076 τριῶν
3586 5004 3678 5057 τοῦ
3710 5005 3882 5072 ὅρους

2292 5106 2496 5177 ἤρξατο
2527 5104 2753 5175 κράζειν
2786 5104 2881 5156 καὶ
2899 5101 3081 5167 λέγειν
3102 5117 3115 5132 ο
3153 5099 3220 5153 Τί
3251 5100 3377 5172 ἐμοὶ
3417 5101 3511 5153 καὶ
3542 5102 3648 5159 σοὶ,
3671 5096 3884 5162 Αύξέν-

2292 5218 2395 5265 τιε,
2443 5201 2525 5252 ὅτι
2582 5199 2690 5253 ἀπὸ
2740 5198 2983 5269 Φρυγίας
3041 5195 3288 5259 κολάζων
3346 5209 3414 5264 με
3451 5191 3740 5258 eamne;
3774 5192 3885 5243 οὐκ
3940 5264 3943 5271 ⁴

2292 5291 2462 5361 οἶδας,
2492 5294 2573 5346 ὅτι
2607 5292 2811 5361 λεγεών
2839 5292 2993 5361 sitat;
3036 5288 3178 5341 Ἀλλ’
3197 5284 3315 5341 οἶδα
3341 5287 3423 5339 ὃτι
3442 5283 3649 5353 λεγεὼν
3679 5300 3741 5336 σε
3774 5284 3885 5350 ἀγ-

2295 5387 2465 5457 γέλων
2495 5402 2561 5438 πε
2574 5381 2922 5455 ρικυκ).οὗσιν
2952 5384 3010 5436 ἐν
3041 5382 3199 5435 νυκτὶ
3225 5382 3320 5434 καὶ
3345 5379 3404 5430 έν
3439 5378 3644 5447 ἡμέρᾳ,
3674 5374 3882 5438 οἵτινες

2291 5480 2539 5551 δέχονταί
2581 5495 2673 5531 σου
2709 5477 2803 5541 τὰς
2851 5476 3068 5546 δεήσεις
3111 5475 3209 5538 τάς
3242 5467 3691 5543 καταφλεγούσας
3725 5470 3888 5539 ἡμᾶς

2294 5576 2390 5627 καὶ
2421 5572 2793 5644 προσφέρουσι
2818 5570 2895 5641 τῷ
2920 5569 3189 5639 ’Υψίστῳ,
3206 5567 3272 5620 δι’
3296 5561 3369 5620 ὧν
3392 5567 3486 5619 καὶ
3506 5559 3885 5633 κολαζόμεθα.

2307 5666 2439 5720 Ἰδοὺ
2466 5666 2552 5721 διὰ
2589 5658 2884 5737 τριάκοντα
2913 5663 3051 5718 ἐτῶν
3079 5661 3327 5734 μερίζεις
3380 5675 3450 5729 με
3490 5658 3591 5729 τῆς
3622 5655 3768 5709 πλάσ
3799 5671 3889 5719 ως
