4160 6418
343 397 482 461 1393

1603 397 1784 463 VITA
1822 397 1885 458 S.
1925 396 2328 459 AUXENTII.

3455 390 3594 461 1396

336 513 562 584 ταύτης.
621 510 809 567 Ταῦτα
864 511 959 567 οὖν
989 513 1085 567 καὶ
1131 510 1357 567 πλείονα
1410 512 1621 567 τούτων
1674 511 1912 579 λέγουσα

2020 524 2145 570 rant
2177 514 2245 569 ab
2276 512 2378 568 hac
2404 521 2678 569 creatura.
2707 509 2834 569 Haec
2870 523 3006 584 ergo
3028 518 3082 568 et
3107 508 3194 567 his
3210 509 3363 582 plura
3379 509 3589 578 dicens,

336 605 573 675 ἔφθασεν
617 604 847 673 ἔγγιστα
876 603 969 658 τοῦ
1010 603 1250 671 κελλίου,
1300 605 1358 658 ὲν
1393 598 1439 673 ᾧ
1470 599 1539 675 ἧν
1577 606 1606 657 6
1638 602 1913 674 μακάριος

338 694 815 765 ἰγκεκλεισμένος,
868 697 963 750 καὶ
1001 695 1233 771 ἔρρηξεν
1271 694 1436 750 αὐτὸν
1465 696 1525 749 τὸ
1558 695 1776 767 πνεῦμα
1810 696 1912 764 ἒμ-

336 787 574 859 προσθεν
602 787 699 841 τοῦ
727 787 967 859 θυριδίου
1002 789 1098 843 καὶ
1124 789 1406 860 ἐφίμωσεν
1429 787 1601 860 αὑτήν
1626 805 1639 821 ·
1668 789 1697 842 6
1721 786 1778 843 δὲ
1797 787 1913 841 δια-

334 880 516 949 κύψας
541 880 635 934 καὶ
665 881 930 951 ἑωρακὼς
958 873 1155 952 αὐτὴν,
1180 880 1471 935 ἐκέλευσεν
1503 881 1585 934 ἑνὶ
1623 879 1734 933 τῶν
1766 898 1910 952 παρ-

334 971 587 1027 εστώτων
639 972 822 1027 δοῦναι
880 976 1063 1044 χεῖρα,
1108 973 1204 1028 καὶ
1232 974 1440 1043 ἐγεῖραι
1488 973 1702 1044 αύτήνυ
1732 973 1912 1026 ἔκειτο

334 1064 444 1134 γὰρ
481 1066 573 1119 ἐπὶ
603 1065 697 1119 τοῦ
721 1065 950 1135 ἐδάφους
979 1066 1056 1127 ὡς
1090 1066 1281 1137 νεκρά.
1308 1065 1617 1119 Ἀναστᾶσα
1645 1066 1700 1118 δὲ
1730 1065 1911 1119 ἐδέετο

329 1152 425 1210 τοῦ
454 1158 602 1210 ὁσίου
640 1158 781 1227 μετά
815 1159 909 1212 καὶ
959 1159 1058 1227 τῆς
1099 1157 1266 1230 ἀλλης
1303 1158 1587 1226 γυναικὸς,
1624 1157 1910 1212 κλαίουσαι

331 1250 582 1320 σφοδρῶς
604 1251 700 1303 καὶ
730 1251 1127 1335 γονυπετοῦσαι
1159 1250 1346 1316 αὐτὸν,
1371 1249 1466 1304 ἐπὶ
1499 1250 1560 1303 τὸ
1591 1251 1909 1320 δυσωπῆσαι

212 1359 219 1365 '
325 1340 420 1394 τὸν
443 1341 576 1394 Θεὸν
603 1340 698 1394 τοῦ
740 1342 926 1395 ἰᾶσθαι
960 1341 1147 1405 αὐτάς.
1186 1343 1251 1395 '0
1275 1342 1332 1395 δέ
1367 1357 1502 1412 φησι
1538 1342 1678 1408 πρὸς
1700 1342 1906 1405 αὐτάς·

330 1430 502 1484 Πόθεν
532 1430 707 1500 ἧκατε
744 1431 1006 1496 ἐνταῦθα,
1054 1433 1150 1486 καὶ
1175 1433 1260 1497 τίς
1282 1433 1413 1503 ὑμῖν
1447 1430 1570 1488 εἷπε
1592 1435 1719 1504 περὶ
1748 1436 1906 1506 ἐμοῦ,

325 1522 409 1574 ὃτι
441 1521 679 1591 δύναμαι
717 1522 1059 1593 θεραπεῦσαι
1089 1525 1269 1595 ύμᾶςς
1316 1525 1383 1578 Ἡ
1406 1522 1500 1581 οὖν
1525 1526 1909 1598 βεϐλαμμένην

325 1611 527 1682 ιχουσα
555 1614 655 1683 τὴν
679 1613 843 1679 κόξαν
866 1610 1021 1669 εἶπεν
1040 1631 1055 1646 ⁸
1103 1615 1182 1669 Δι’
1204 1616 1624 1688 ἀποκαλύψεως,
1649 1620 1907 1686 δέσποτα,

322 1699 459 1777 ἧκον
508 1706 744 1760 ἐνταῦθα
790 1707 903 1774 ἐγώ
923 1725 939 1739 ο
967 1710 1000 1779 ἡ
1035 1707 1092 1762 δὲ
1121 1708 1213 1762 τὸν
1247 1709 1491 1778 λεγεῶνα
1532 1709 1729 1783 ἔχουσα
1756 1708 1910 1766 εἶπεν

2016 608 2247 663 accessit
2261 605 2506 678 proxime
2522 606 2740 673 cellam,
2759 607 2812 661 in
2849 620 2955 677 qua
2978 605 3171 662 beatus
3186 614 3305 661 erat
3328 604 3591 670 inclusus,

2014 705 2069 751 et
2095 709 2217 751 eam
2250 695 2551 766 discerpsit
2572 695 2800 765 spiritus
2831 703 2959 752 ante
3008 696 3326 761 fenestram,
3361 705 3417 752 et
3461 693 3596 751 fecit

2013 800 2133 844 eam
2165 785 2562 842 obmutescere.
2595 784 2832 842 Sanctus
2861 795 3045 842 autem
3099 801 3223 841 cum
3255 784 3596 856 despexisse:

2012 891 2069 934 et
2095 894 2215 935 eam
2267 879 2513 947 vidisset,
2570 878 2735 950 jussit
2788 879 2884 935 nui
2935 879 3103 934 exiis
3131 880 3226 949 qui
3264 878 3512 942 aderant,
3539 879 3593 935 ei

2014 970 2147 1025 dare
2197 984 2416 1026 manum
2469 978 2527 1026 et
2575 985 2699 1024 eam
2730 969 2942 1041 erigere
2978 986 2994 1026 :
3010 969 3228 1038 iacebat
3252 971 3399 1025 enim
3439 971 3590 1025 humi

2017 1072 2275 1132 tanquam
2305 1073 2546 1118 mortua.
2585 1061 2723 1118 Cum
2783 1076 2915 1116 vero
2963 1060 3314 1123 surrexisset.
3366 1062 3592 1131 rogabat

2013 1165 2264 1210 sanctum
2322 1168 2448 1207 cum
2505 1152 2677 1208 altera
2709 1152 2974 1217 muliere,
3013 1151 3365 1206 vehementer
3398 1152 3591 1208 ﬂentes

2012 1254 2069 1302 et
2096 1245 2163 1300 ad
2198 1245 2317 1316 ejus
2342 1259 2516 1316 genua
2561 1244 2934 1314 procidentes,
2964 1253 3027 1299 ut
3069 1258 3100 1298 a
3137 1242 3248 1297 Deo
3276 1242 3595 1310 impetraret

2012 1349 2071 1397 ut
2103 1340 2250 1411 ipsas
2282 1348 2523 1395 curaret.
2553 1338 2787 1396 Sanctus
2813 1348 2994 1394 autem
3013 1339 3144 1393 dicit
3165 1337 3248 1394 eis
3270 1354 3286 1392 :
3306 1337 3590 1394 Undenam

2013 1433 2122 1489 huc
2150 1433 2399 1497 venistis,
2420 1442 2476 1487 et
2501 1432 2624 1501 quis
2647 1432 2713 1487 de
2737 1447 2823 1488 me
2849 1432 3009 1487 vobis
3029 1430 3168 1485 dixit
3199 1430 3341 1500 quod
3370 1444 3591 1501 possum

2013 1539 2110 1581 vos
2136 1537 2331 1580 sanare
2353 1524 2377 1577 ?
2399 1524 2529 1590 Quae
2549 1539 2681 1579 vero
2696 1524 2884 1579 laesam
2905 1523 3143 1578 habebat
3163 1535 3385 1587 coxam,
3412 1521 3548 1576 dixit
3573 1538 3589 1576 :

2011 1618 2146 1689 Ego,
2177 1632 2211 1673 o
2236 1617 2473 1682 domine,
2534 1618 2643 1672 huc
2697 1616 2819 1672 veni
2878 1630 2975 1685 per
3017 1613 3429 1670 revelationem.
3461 1613 3593 1679 Qum

2013 1717 2195 1764 autem
2224 1707 2460 1764 habebat
2484 1708 2776 1775 legionem,
2802 1706 2943 1762 dixit
2974 1705 3024 1762 ei
3057 1723 3073 1760 :
3110 1704 3222 1773 Ego
3248 1703 3436 1759 nescio
3452 1716 3595 1771 quo-

325 1796 475 1865 αὒτῷ
494 1812 509 1828 ⁸
542 1795 687 1865 Ἐγὼ
717 1800 819 1852 οὐκ
870 1796 1012 1862 οἶδα,
1050 1799 1168 1862 πῶς
1195 1795 1394 1871 ἦλθον
1421 1802 1505 1855 διὸ
1533 1801 1803 1874 οῖκτειρόν
1839 1821 1907 1872 με

2017 1799 2177 1855 modo
2207 1799 2475 1855 venerim.
2510 1798 2880 1865 Quamobrem
2912 1797 3178 1853 miserere
3212 1795 3339 1858 mei,
3368 1794 3461 1865 qui
3493 1794 3592 1848 tri-

324 1887 424 1957 τὴν
463 1888 871 1960 χειμαζομένην
901 1889 1197 1959 τριάκοντα
1222 1869 1316 1960 έτη
1362 1892 1468 1945 ὑπὸ
1486 1869 1774 1961 λεγεῶνος.
1800 1869 1913 1947 Καὶ

2018 1890 2165 1960 ginta
2191 1904 2363 1944 annos
2396 1903 2564 1944 vexor
2589 1904 2620 1945 a
2654 1888 2884 1960 legione.
2913 1886 3119 1943 Earum
3160 1887 3348 1957 itaque
3402 1884 3595 1941 miser-

326 1978 750 2049 σπλαγχνισθεὶς
796 1983 887 2034 ἐπ’
913 1983 1107 2062 αύῦταῖς
1135 1983 1228 2036 καὶ
1271 1983 1718 2055 προσευξάμενος
1753 1988 1909 2039 ἐκτε-

322 2070 431 2135 νῶς
455 2072 536 2143 τῷ
568 2073 689 2144 Θεῷ
721 2073 861 2143 μετά
905 2073 1181 2146 δακρύων,
1217 2075 1592 2148 ἐθεράπευσεν
1622 2078 1811 2141 αὐτάς.
1846 2079 1913 2132 Αἱ

322 2162 380 2217 δὲ
410 2164 478 2216 δι’
509 2165 818 2232 ὑπερϐολὴν
868 2165 1294 2236 εὐγνωμοσύνης
1331 2166 1817 2239 προσπαρέμειναν
1853 2172 1912 2222 ὲν

322 2255 405 2328 τῷ
430 2256 546 2328 ὄρει
602 2258 702 2329 τῆς
741 2256 943 2324 Ὀξίας,
996 2260 1054 2311 ὲν
1084 2251 1128 2326 ᾧ
1156 2254 1225 2331 ἦν
1260 2258 1433 2325 ἑστὼς
1456 2263 1484 2314 6
1514 2262 1802 2334 μακάριος,
1835 2261 1912 2335 μὴ

324 2348 740 2419 ὑποστρέψασαι
777 2352 855 2413 εἰς
878 2349 947 2403 τὰ
972 2352 1172 2404 οἰκεῖα.

396 2435 481 2492 κ’.
518 2439 711 2503 Ἀλλος
744 2439 802 2492 δέ
850 2457 935 2503 τις
985 2439 1300 2511 παράλυτος
1360 2442 1706 2513 προσηνέχθη
1761 2442 1912 2514 αύτῴ

328 2529 583 2599 κείμενος
614 2530 708 2583 ἐπὶ
741 2530 984 2601 ἀμάξης,
1015 2531 1077 2584 Οἱ
1109 2526 1204 2585 οῦν
1246 2533 1426 2599 γονεῖς
1480 2533 1647 2587 αὐτοῦ
1712 2533 1911 2589 ἔπεσον

327 2618 424 2671 ἐπὶ
450 2618 742 2689 πρόσωπον
774 2619 1157 2683 δυσωποῦντες
1213 2620 1305 2674 τὸν
1339 2623 1611 2693 μακάριον
1649 2623 1788 2693 μετά
1813 2641 1912 2693 με-

322 2707 492 2778 γάλου
534 2708 840 2777 κλαυθμοῦ,
869 2708 1011 2762 ὥστε
1039 2710 1371 2779 κατελεῆσαι
1397 2711 1591 2774 αὐτοὺς
1626 2714 1720 2767 καὶ
1758 2715 1912 2769 ίάσασ

324 2799 450 2853 σθαι
473 2799 944 2868 αύτὸν,λέγοντες,
971 2803 1053 2854 ὅτι
1084 2801 1183 2854 Διά
1205 2802 1304 2864 τὰς
1331 2801 1531 2864 πολλὰς
1548 2804 1707 2872 ἡμῶν
1729 2806 1915 2876 ἀμαρ-

321 2893 443 2955 τίας
463 2892 620 2944 τοῦτο
640 2891 837 2964 συνέϐη
856 2891 934 2961 τῷ
963 2892 1136 2962 τέκνῳ
1160 2892 1336 2961 ήμῶν.
1385 2892 1444 2945 ’0
1466 2893 1521 2947 δὲ
1542 2894 1685 2958 ὅσιος
1710 2896 1915 2961 Αύξαν-

321 2998 434 3045 tto;
467 2980 621 3035 εἶπεν
644 2983 827 3047 αὐτοῖς
848 2999 860 3013 ·
893 2983 1004 3036 Καὶ
1034 2983 1323 3036 πιστεύετε
1359 2984 1440 3037 ὃτι
1460 2984 1528 3038 δι’
1546 2984 1678 3055 ἐμοῦ
1701 2986 1793 3039 τοῦ
1821 2988 1913 3040 εὐ-

320 3074 507 3136 τελοῦς
543 3074 767 3129 δύναται
791 3077 818 3129 6
852 3075 1055 3147 Κύριος
1081 3075 1417 3146 θεραπεῦσαι
1444 3077 1607 3131 αὐτόν
1630 3095 1646 3145 ;
1675 3080 1735 3133 Oi
1763 3078 1820 3132 δὲ
1839 3075 1915 3134 εἷο

322 3181 454 3228 πον
488 3165 620 3231 Ναὶ,
653 3166 851 3234 ἄγγελε
868 3168 962 3220 τοῦ
994 3166 1153 3231 Θεοῦ,
1182 3169 1261 3229 εἰς
1290 3167 1388 3239 τὴν
1421 3168 1697 3240 ἡμετέραν
1735 3187 1912 3242 σωτη-

2013 1991 2103 2037 tus
2130 1982 2342 2047 beatus,
2364 1995 2486 2036 cum
2516 1980 2684 2036 Deum
2727 1980 3084 2036 vehementer
3124 1987 3339 2033 orasset
3366 1990 3487 2032 cum
3513 1975 3594 2030 la-

2015 2073 2238 2144 crymis,
2271 2086 2364 2127 eas
2413 2073 2648 2127 curavit.
2680 2068 2789 2126 Illa:
2823 2081 3003 2127 autem
3057 2074 3280 2141 propter
3324 2069 3591 2141 insignem

1968 2222 1971 2225 γ
2013 2180 2172 2221 suam
2199 2165 2339 2236 grati
2369 2163 2537 2219 animi
2563 2164 2849 2229 virtutem,
2873 2171 3297 2233 permanserunt
3325 2161 3379 2217 in
3409 2170 3594 2217 monte

2013 2257 2196 2324 Oscae,
2246 2257 2301 2312 in
2347 2269 2456 2327 quo
2508 2254 2689 2312 stabat
2741 2255 2954 2321 beatus,
2999 2254 3220 2311 domum
3268 2270 3375 2311 non
3408 2266 3594 2310 rever-

2016 2359 2217 2405 tentes.

2085 2439 2208 2495 XX.
2234 2437 2469 2508 Quidam
2495 2456 2624 2498 vero
2653 2442 2794 2497 alius
2830 2440 3167 2513 paralytieus
3208 2440 3281 2495 ad
3330 2453 3453 2494 eum
3512 2447 3596 2495 est

2016 2533 2235 2598 altatus,
2260 2533 2455 2601 iacens
2486 2548 2653 2604 super
2692 2549 2935 2590 currum.
2973 2532 3235 2589 Parentes
3262 2541 3442 2587 autem
3477 2531 3597 2601 ejus

2014 2624 2173 2696 probi
2217 2625 2555 2690 ceciderunt,
2582 2635 2841 2696 rogantes
2865 2626 3082 2686 beatum
3099 2623 3430 2679 Auxentium
3470 2637 3596 2678 cum

1967 2773 1977 2782 _
2016 2732 2210 2787 magno
2235 2716 2384 2782 ﬂetu,
2415 2724 2473 2771 ut
2498 2721 2686 2771 eorum
2711 2717 3085 2778 misereretur,
3119 2721 3173 2768 et
3199 2727 3324 2768 eum
3358 2719 3594 2775 curaret.

2017 2810 2259 2864 dicentes
2286 2828 2299 2864 :
2331 2807 2562 2878 Propter
2594 2807 2976 2876 multajnostra
3018 2815 3239 2875 peccata
3267 2803 3373 2859 hoc
3396 2803 3598 2859 accidit

2018 2899 2129 2953 filio
2182 2910 2391 2957 nostro.
2412 2897 2646 2955 Sanctus
2668 2908 2850 2953 autem
2883 2898 3189 2953 Auxentius
3214 2897 3349 2951 dixit
3378 2896 3459 2951 eis
3485 2915 3498 2952 :
3530 2896 3596 2951 Et

2016 2991 2265 3054 creditis,
2289 2991 2432 3061 quod
2463 3004 2561 3060 per
2617 2985 2702 3046 me
2742 2991 2998 3047 humilem
3027 2999 3083 3047 et
3114 2991 3385 3061 abiectum
3418 2995 3600 3059 potest

2018 3081 2160 3138 Deus
2177 3097 2300 3137 eum
2341 3083 2577 3139 curare?
2605 3082 2686 3138 llli
2717 3097 2847 3139 vero
2884 3080 3380 3146 dixerunt:Certe,
3410 3079 3598 3149 angelc

2019 3174 2134 3231 Dei.
2155 3175 2488 3232 Fuistieuim
2530 3176 2731 3232 missus
2750 3174 2818 3232 ad
2851 3186 3096 3231 nostram
3126 3175 3383 3237 salutem,
3406 3181 3460 3228 et
3477 3186 3599 3227 cre-

326 3257 449 3329 ρίαν
486 3258 916 3330 κατεπέμφθης·
970 3259 1323 3329 πιστεύομεν,
1356 3261 1437 3314 ὅτι
1489 3262 1670 3316 πάντα
1707 3264 1910 3318 δυνατά

2017 3267 2192 3323 dimus
2221 3269 2402 3324 omnia
2430 3269 2570 3339 apud
2637 3270 2803 3325 Deum
2862 3283 2984 3325 esse
3018 3268 3319 3339 possibilia.
3364 3265 3598 3322 Sanctus

323 3352 475 3423 παρά
508 3351 587 3421 τῷ
604 3350 742 3420 Θεῷ.
773 3352 830 3405 Ὀ
846 3352 904 3405 δὲ
920 3351 1023 3421 ἔφη
1046 3369 1059 3383 ·
1083 3355 1238 3407 Κατά
1250 3354 1350 3423 τὴν
1367 3354 1545 3407 πίστιν
1574 3355 1724 3425 ὑμῶν
1744 3372 1911 3429 γενη-

323 3443 472 3512 θήτω
492 3444 620 3512 ύμῖν
641 3462 653 3475 ·
679 3445 773 3498 καλ⁸
794 3443 977 3497 λαϐὼν
1003 3444 1182 3499 ἔλαιον
1197 3445 1305 3499 τῶν
1320 3447 1510 3515 ἀγίων,
1532 3448 1657 3501 ὅλον
1669 3448 1729 3501 τὸ
1750 3449 1909 3517 σῶμα

322 3534 489 3589 αὑτοῦ
520 3534 745 3604 ἀλείψας
767 3537 839 3589 δι’
860 3537 1089 3602 ἑαυτοῦ,
1112 3538 1240 3608 ὑγιῆ
1268 3540 1754 3611 ἀποκαταστήσας,
1770 3559 1913 3617 παρτ

323 3628 525 3682 έδωκεν
567 3630 729 3682 αὐτὸν
762 3632 875 3692 τοῖς
922 3628 1172 3697 γονεῦσιν
1208 3630 1401 3697 αὐτοῦ,
1432 3632 1629 3695 οἵτινες
1671 3632 1913 3701 ἀπῆλθον

323 3707 607 3790 χαίροντες
668 3720 748 3782 είς
794 3721 884 3773 τὶν
916 3718 1062 3773 οἷκον
1095 3720 1298 3785 αὐτῶν,
1329 3721 1607 3785 αἰνοῦντες
1639 3721 1734 3775 καὶ
1756 3722 1915 3787 δοξά-

323 3811 507 3878 ζοντες
528 3813 620 3865 τὸν
654 3811 808 3875 Θεὸν,
833 3813 917 3880 ἐφ’
942 3807 1024 3875 οἷς
1047 3812 1306 3881 εποίησεν
1350 3811 1662 3883 μεγαλείοις
1691 3812 1781 3866 διὰ
1809 3811 1904 3867 τοῦ

327 3904 662 3976 θεράποντος
687 3906 855 3960 αὐτοῦ
885 3908 965 3968 εἰς
985 3907 1076 3959 τὸν
1106 3906 1371 3976 μονογενῆ
1401 3906 1581 3961 αὐτῶν
1608 3908 1744 3962 υίὸν.

397 3997 532 4054 KA'.
571 4000 949 4072 Μεθ”ήμέρας
979 3999 1035 4053 δὲ
1076 3999 1261 4067 ὀλίγας
1287 4001 1425 4070 γυνή
1464 4016 1549 4063 τις
1584 4000 1694 4053 ἀπὸ
1728 3999 1911 4053 Κλαυ-

325 4090 676 4157 διουπόλεως,
722 4091 971 4162 θυγάτηρ
1016 4092 1436 4162 πολιτευομένου
1474 4132 1491 4156 ,
1552 4089 1752 4161 ἔχουσα
1794 4090 1914 4145 δαί-

332 4201 470 4256 μονα
497 4184 980 4256 δρακοντόμορςον
1028 4181 1162 4255 ἦλθε
1197 4186 1335 4257 πρὸς
1375 4183 1561 4248 αύτδν,
1618 4183 1915 4254 συρίξουσα

333 4273 494 4343 μόνον
542 4276 635 4327 καὶ
691 4275 767 4346 μὴ
803 4274 1081 4345 δυναμένη
1120 4269 1422 4327 λαλεῖσθαι
1455 4273 1594 4344 πλὴν
1639 4274 1714 4338 ὡς
1743 4273 1913 4337 κύων,

330 4365 465 4420 διότι
521 4367 823 4437 ἠρήμωσεν
883 4369 1057 4438 αὐτὴν
1091 4370 1118 4421 6
1163 4368 1450 4429 2amvi;,°
1497 4365 1564 4437 ἢν
1604 4364 1726 4419 ἰδὼν
1756 4366 1785 4419 6
1818 4364 1915 4418 τοῦ

331 4455 466 4511 Θεοῦ
497 4456 778 4527 θεράπων,
813 4457 1081 4510 ἔκλαυσεν
1109 4458 1324 4528 πικρῶς
1352 4457 1528 4527 λέγων
1557 4475 1570 4490 ·
1616 4458 1739 4522 Πῶς
1767 4458 1916 4512 ἐδου-

331 4546 480 4614 λώθη
525 4548 585 4602 τὸ
615 4549 772 4617 γένος
830 4550 938 4602 τῶν
977 4549 1284 4620 ἀνθρώπων
1332 4551 1410 4622 τῷ
1446 4551 1747 4622 ἀλλοτρίῳ;
1778 4550 1916 4621 αὕτη

2016 3366 2195 3412 autem
2254 3359 2429 3415 dixit:
2460 3358 2770 3415 Secundum
2824 3350 2981 3414 fidem
3020 3368 3253 3415 vestram
3287 3358 3379 3413 fiat
3399 3358 3549 3413 vobis
3581 3377 3596 3412 :

2016 3458 2072 3504 et
2109 3457 2331 3518 accepto
2383 3448 2504 3504 oleo
2542 3460 2876 3516 sanctorum,
2899 3462 3021 3504 cum
3055 3458 3227 3503 totum
3250 3463 3446 3516 corpus
3473 3447 3596 3515 eius

2017 3558 2117 3612 per
2173 3557 2231 3596 se
2269 3541 2535 3607 unxisset,
2567 3550 2621 3596 et
2671 3555 2795 3595 enm
2821 3555 3017 3596 sanum
3052 3539 3398 3604 reddidisset,
3429 3541 3601 3593 tradi-

2020 3632 2098 3687 dit
2119 3646 2242 3685 eum
2260 3631 2375 3686 suis
2398 3632 2732 3701 parentibus.
2760 3630 2862 3697 Qui
2885 3629 3100 3698 quidem
3125 3630 3380 3684 abierunt
3410 3630 3514 3684 laeti
3543 3630 3600 3685 in

2020 3722 2239 3776 domum
2274 3736 2453 3785 suam,
2480 3720 2766 3776 laudantes
2793 3719 2960 3775 Deum
2992 3728 3045 3775 et
3083 3720 3454 3791 gloriﬁcantes
3478 3734 3602 3788 pro-

2020 3821 2139 3884 pter
2179 3814 2451 3883 magnalia
2489 3826 2608 3883 qum
2630 3811 2757 3867 fecit
2793 3809 2890 3882 per
2912 3822 3159 3869 sanctum
3186 3826 3402 3867 servum
3435 3827 3594 3867 suum

2020 3907 2349 3962 Auxentium
2382 3907 2436 3961 in
2463 3907 2631 3961 filium
2652 3920 2839 3962 eorum
2881 3906 3242 3977 unigenitum.

2068 3998 2233 4056 'XXI.
2271 3998 2467 4055 Paucis
2484 4006 2663 4053 autem
2692 4007 2815 4070 post
2854 3998 3046 4054 diebus
3069 3998 3216 4052 venit
3235 3996 3430 4052 mulier
3451 4012 3602 4065 quaa-

2019 4094 2141 4149 dam
2193 4107 2262 4148 ex
2298 4092 2636 4162 Claudiopoli
2693 4092 2794 4159 (5),
2830 4090 2940 4146 filia
2985 4090 3266 4161 cujusdam
3291 4090 3446 4153 civis,
3480 4105 3601 4159 quae

2023 4184 2256 4240 habebat
2313 4186 2636 4249 daemonem,
2688 4183 2875 4238 forma:
2922 4183 3192 4251 serpentis
3233 4181 3487 4243 similem,
3543 4178 3615 4235 ut'

2023 4288 2145 4344 quae
2200 4272 2447 4329 sibilaret
2497 4273 2699 4338 solum,
2727 4282 2782 4329 et
2819 4289 2927 4329 non
2978 4281 3163 4345 posset
3207 4273 3380 4343 loqui,
3413 4272 3603 4327 nisiut

2025 4365 2197 4432 canis,
2267 4375 2551 4437 pr0pterea
2610 4366 2755 4436 quod
2814 4380 2935 4419 eam
2991 4363 3287 4419 desolasset
3345 4364 3599 4418 Satanas.

2024 4457 2199 4524 Quam
2246 4472 2368 4512 cum
2411 4458 2635 4513 vidisset
2700 4456 2793 4511 Dei
2855 4470 3046 4511 servus
3090 4454 3416 4519 Anxcntius,
3459 4451 3607 4510 ﬂevit

2028 4551 2249 4613 acerbe.
2277 4537 2503 4606 dicens:
2542 4549 2641 4604 Hei
2694 4549 2850 4615 mihi,
2888 4548 3155 4617 quomodo
3212 4545 3492 4600 redactum
3521 4556 3608 4600 est

331 4642 442 4712 γὰρ
497 4643 558 4695 ού
594 4644 740 4697 κατά
790 4643 890 4706 τὰς
929 4644 1208 4714 ἁμαρτίας
1237 4644 1407 4714 αὐτῆς
1457 4645 1695 4698 πέπονθε
1733 4644 1914 4711 τοῦτο,

2028 4656 2198 4710 genus
2249 4641 2530 4696 hominum
2592 4641 2648 4696 in
2709 4641 3026 4696 servitutem
3056 4636 3405 4706 alieniilpsa
3459 4637 3605 4692 enim

333 4732 471 4787 ἀλλά
510 4732 652 4787 κατά
709 4734 912 4803 πολλὴν
956 4734 1375 4805 μισανθρωπίαν
1405 4735 1500 4787 τοῦ
1539 4736 1919 4807 ἀντικειμένου

333 4819 701 4891 ἐχθροῦ.’Καὶ
746 4822 967 4888 κλείσας
1015 4824 1076 4877 τὸ
1104 4823 1345 4895 θυρίδιον
1400 4823 1493 4879 τοῦ
1536 4825 1771 4892 κελλίου,
1828 4827 1921 4879 ἐπὶ

335 4911 552 4980 ἡμέρας
599 4915 748 4982 τρεῖς
801 4915 863 4967 ού
897 4915 1190 4986 συνέτυχέν
1220 4934 1346 4980 τινι,
1394 4917 1509 4970 ἀλλ’
1568 4912 1637 4989 ἦν
1666 4918 1921 4987 δεόμενος

334 5001 431 5055 τοῦ
453 5002 615 5069 Θεοῦ,
646 5005 735 5058 ἵνα
758 5005 858 5076 τὴν
886 5008 1178 5078 τυραννίδα
1214 5008 1309 5062 τοῦ
1350 5010 1644 5079 δράκοντος
1672 5028 1923 5066 καταπα-

336 5094 502 5165 τήσῃ.
577 5095 1030 5166 Προσευχομένου
1090 5098 1147 5152 δὲ
1212 5099 1383 5153 αὑτοῦ
1444 5099 1613 5165 ἔνδον,
1655 5101 1858 5170 ἤρξατο
1897 5103 1925 5155 6

337 5185 559 5257 δράκων
585 5187 794 5252 λαλεῖν,
829 5189 1047 5261 βρύχων
1074 5194 1131 5245 ὲν
1154 5195 1219 5263 τῇ
1245 5193 1469 5260 γυναικὶ
1494 5195 1588 5248 καὶ
1613 5193 1787 5261 λέγων
1806 5210 1823 5226 ο
1853 5189 1925 5247 Ὦ

342 5279 454 5332 ἀπὸ
476 5280 577 5348 τῆς
615 5283 833 5353 μήτρας
854 5284 952 5353 τῆς
976 5287 1320 5355 γεννησάσης
1352 5296 1410 5339 σε
1442 5288 1563 5342 κατ’
1622 5286 1777 5358 ἐμοῦ,
1814 5287 1925 5341 Δύο

342 5367 537 5435 ξέντιε,
569 5371 686 5435 πῶς
713 5374 774 5426 οὐ
812 5374 1167 5438 κατέπαυσας
1211 5374 1311 5446 τὴν
1353 5376 1640 5437 τεκοῦσαν,
1674 5375 1792 5429 ἀλλ’
1844 5376 1925 5441 είς

342 5461 482 5533 ἐμὴν
535 5461 794 5529 ἐξώλειαν
834 5467 1173 5539 ὲγεννήθης;
1229 5468 1278 5520 oi
1314 5468 1423 5540 γὰρ
1454 5467 1633 5540 ὀχετοὶ
1694 5468 1803 5522 τῶν
1834 5469 1924 5522 δα-

338 5551 526 5626 κρύων
554 5571 649 5608 σου
701 5556 1099 5612 κατακαίουσίν
1144 5575 1234 5630 με,
1287 5560 1445 5631 καλή
1493 5560 1769 5632 προσευχή
1800 5577 1918 5626 σου,

416 5732 494 5812 (ᾗ)
526 5733 896 5812 Claudiopolis
921 5745 1040 5812 erat
1068 5735 1755 5812 metropolisillonoriadis,
1793 5757 1917 5812 qua:

340 5802 410 5861 ad
428 5802 665 5864 Pontum
692 5802 963 5865 Euxinum
995 5808 1170 5866 vicina
1193 5802 1277 5867 est
1304 5808 1571 5881 Bithyniae
1599 5802 1917 5884 provinciae,

2031 4748 2136 4788 non
2172 4741 2255 4787 est
2289 4733 2393 4788 hoc
2452 4747 2607 4803 passa
2652 4740 2871 4802 propter
2925 4746 3022 4787 sua
3060 4739 3302 4802 peccata,
3333 4733 3427 4784 sed
3481 4744 3609 4800 pro-

2032 4833 2152 4894 pter
2188 4828 2416 4878 multam
2438 4824 2703 4880 saevitiam
2729 4833 2782 4879 et
2808 4822 2863 4877 in
2891 4823 3138 4877 homines
3170 4821 3604 4877 malevolentiam
3659 4879 3669 4897 ε

2030 4915 2327 4970 adversarii
2372 4933 2385 4968 :
2429 4925 2483 4969 et
2549 4913 2734 4969 clausa
2812 4912 3053 4968 fenestra
3114 4910 3301 4975 cellae.
3372 4912 3606 4981 Spatium

2032 5008 2193 5062 trium
2222 5007 2456 5070 dierum,
2494 5022 2602 5062 non
2640 5005 2894 5061 convenit
2948 5004 3213 5074 aliquem,
3254 5004 3348 5059 sed
3387 5001 3610 5072 rogabat

2005 5099 2324 5169 'benignum
2353 5098 2547 5162 Deum,
2595 5104 2654 5152 ut
2693 5095 3044 5151 conculcaret
3100 5094 3441 5166 tyrannidem
3470 5092 3612 5147 dra-

2030 5191 2204 5243 conis.
2242 5189 2319 5244 Eo
2351 5197 2535 5242 autem
2560 5195 2752 5241 orante
2772 5187 2824 5241 in
2855 5184 3011 5251 cella,
3037 5185 3201 5256 coepit
3241 5185 3408 5240 draco
3442 5184 3609 5253 loqui,

2031 5281 2259 5349 rugiens
2308 5280 2362 5335 in
2427 5280 2672 5345 muliere,
2695 5288 2747 5333 et
2789 5279 2978 5333 dicens
3011 5295 3025 5332 :
3063 5277 3107 5335 0
3131 5278 3200 5333 ab
3231 5290 3407 5340 utero,
3436 5276 3529 5345 qui
3562 5283 3613 5330 te

2030 5376 2225 5441 edidit,
2249 5373 2383 5429 mihi
2412 5372 2608 5429 infeste
2629 5372 2886 5439 Auxenti,
2926 5371 3203 5440 quomodo
3224 5385 3328 5426 non
3353 5368 3609 5424 combus-

2033 5466 2154 5522 sisti
2216 5474 2367 5521 tuam
2428 5475 2735 5535 parentem,
2772 5465 2866 5520 sed
2893 5472 3052 5517 natus
3090 5476 3152 5517 es
3182 5462 3249 5516 ad
3284 5460 3387 5515 mei
3425 5468 3610 5520 exter,-

2033 5558 2436 5616 minationem?
2469 5557 2593 5613 Bivi
2639 5558 2787 5614 enim
2832 5566 3043 5612 tuarum
3100 5555 3463 5627 lacrymarum
3522 5564 3611 5608 me

2029 5742 2184 5815 cuius
2220 5748 2347 5798 tunc
2366 5749 2492 5815 erat
2516 5738 2815 5815 Calogerus
2852 5710 3156 5815 episcopus,
3178 5739 3269 5812 qui
3306 5736 3611 5797 Chalcedo-

2032 5811 2186 5869 ttcnsi
2223 5813 2458 5871 concilio
2488 5811 2833 5884 subsciipsit.
