4160 6412
595 364 734 435 1395

1766 367 2051 429 MENSIS
2090 365 2486 426 FEBRUARI
2501 366 2616 427 US.

3701 361 3842 431 i396

588 482 945 547 comburunt,
975 484 1030 534 et
1056 490 1245 548 preces
1300 486 1405 533 tuae
1437 485 1691 548 tanquam
1737 480 1845 533 tela
1872 493 2054 545 arcus,
2091 477 2175 533 di-

2285 476 2351 539 ὡς
2382 475 2536 541 τόξον
2596 473 2783 546 βολίδι,
2848 471 3126 544 ἓσπόιραξε
3153 472 3223 527 τὰ
3253 451 3460 543 ἔγκατά
3517 489 3618 543 μου
3640 487 3654 502 ο
3684 474 3745 526 ού
3772 473 3860 526 δυ·

587 577 940 643 sccrpserunt
972 584 1091 625 mea
1116 569 1394 627 intestina.
1424 567 1542 626 Non
1590 578 1743 640 potes
1797 584 1884 623 tne
1913 582 2172 639 separare

2274 569 2414 638 νήσῃ
2445 586 2514 638 με
2543 565 2881 637 ἀπομερίσαι
2910 568 3010 637 τῆς
3058 565 3309 629 πλάσεως
3350 563 3578 635 ταύτης.
3603 565 3687 619 ὅτι
3713 565 3858 619 πάνυ

591 669 660 721 ab
692 666 795 721 hac
818 674 1094 720 creatura.
1123 662 1262 718 Nam
1286 660 1442 719 valde
1464 676 1586 718 amo
1605 660 1725 740 eius
1750 662 1952 728 crines,
1977 670 2031 716 et
2052 660 2170 731 eius

2285 660 2522 730 ἠράσθην
2572 660 2682 714 τῶν
2713 659 3010 728 πλοκάμων
3053 657 3270 725 καὶτῆς
3294 656 3513 727 ἡλικίας
3537 655 3733 724 αὐτῆς,
3760 656 3861 710 καὶ

589 766 834 820 aetatem.
863 765 920 811 et
937 757 1003 812 de
1024 763 1223 811 caetero
1247 769 1315 810 ex
1340 768 1406 810 ea
1434 768 1541 810 non
1566 755 1836 824 egredior.
1871 754 2168 823 Compres-

589 862 684 903 sus
708 856 892 901 autem
916 846 1103 904 statim
1135 846 1235 902 fuit
1260 859 1376 909 aer,
1406 846 1840 916 exstiteruutque
1860 845 2073 917 fulgura
2116 855 2173 901 et

591 940 852 1003 tonitrua,
894 947 951 993 et
992 936 1153 992 valde
1198 951 1428 1007 magnus
1468 935 1664 992 imber.
1715 936 1995 992 Mulierem
2040 949 2170 989 vero

590 1031 912 1098 discerpens
939 1030 1129 1091 draco.
1168 1038 1225 1083 et
1255 1028 1307 1084 ei
1331 1043 1394 1083 os
1422 1028 1742 1090 obstruens,
1769 1041 1891 1081 eam
1940 1026 2172 1097 proiecit

588 1122 765 1185 humi,
793 1122 865 1175 ab
888 1134 954 1176 ea
986 1134 1261 1191 egressus.
1297 1119 1433 1176 Cum
1479 1118 1775 1175 fenestram
1837 1129 2020 1175 autem
2044 1133 2172 1188 ape-

586 1215 784 1270 ruisset
845 1214 1042 1269 beatus
1090 1221 1212 1284 post
1236 1221 1347 1267 tres
1386 1212 1528 1277 dies,
1567 1210 1704 1267 vidit
1740 1226 1863 1267 eam
1892 1212 2166 1283 iacentem

589 1314 849 1373 tanquam
913 1313 1181 1359 mortuam
1220 1320 1236 1356 :
1274 1314 1328 1358 et
1359 1315 1482 1356 cum
1509 1302 1772 1373 iussisset
1801 1303 1870 1360 iis
1898 1305 1989 1374 qui
2017 1314 2167 1361 asta-

586 1394 741 1459 bant,
776 1409 896 1450 eam
928 1393 1161 1463 erigere,
1185 1400 1241 1447 et
1284 1393 1455 1448 solam
1507 1391 1799 1461 reclinare,
1849 1396 2172 1457 adhortatus

587 1498 777 1538 omnes
809 1483 878 1538 ad
903 1483 1232 1549 orationem,
1258 1497 1384 1539 cum
1406 1490 1627 1538 sanctas
1649 1499 1782 1540 suas
1801 1500 1997 1541 manus
2027 1486 2172 1543 mul-

546 1592 551 1605 ι
590 1588 674 1630 tas
697 1576 862 1631 boras
888 1576 1221 1641 sustulisset,
1249 1578 1524 1635 clamabat
1557 1594 1679 1635 eum
1699 1578 1959 1635 omnibus
1992 1598 2006 1635 :
2039 1579 2171 1635 Glo-

588 1666 674 1720 ria
718 1666 842 1732 tibi,
889 1664 1119 1723 Domine
1142 1708 1159 1735 ,
1192 1668 1362 1740 gloria
1397 1670 1514 1736 tibi,
1548 1669 1811 1737 Domine,
1841 1671 2015 1743 gloria,
2046 1671 2168 1737 tibi,

591 1756 843 1813 Domine.
884 1756 1079 1814 Mulier
1115 1770 1297 1815 autem
1322 1760 1540 1829 iacebat
1567 1771 1864 1827 muta,non
1896 1762 2037 1818 dans
2072 1761 2171 1817 ho-

2274 755 2377 808 ούκ
2444 753 2743 824 ἐξέρχομαι
2801 751 2899 807 ἀπ’
2966 749 3164 820 αὐτῆς.
3215 748 3522 821 Συνεσχὲοη
3590 749 3649 802 δὲ
3699 742 3861 811 αὖθις

2272 846 2303 899 ὁ
2358 844 2467 915 ἀὴρ
2526 848 2621 898 καὶ
2677 842 2933 912 γεγόνασι
2970 842 3211 911 βρονταὶ,
3254 841 3349 893 καὶ
3404 840 3711 911 ἀστραπαὶ,
3745 839 3846 891 καὶ

2275 937 2443 1008 βροχὴ
2499 935 2711 1007 μεγάλη
2754 935 2895 990 λίαν.
2956 932 3251 1003 Σπαρὰξας
3302 933 3361 985 δὲ
3397 932 3496 1001 τὴν
3549 932 3786 999 γυναῖκα
3829 929 3861 983 ὁ

2272 1030 2515 1101 δράκων,
2556 1031 2650 1082 καὶ
2685 1027 2939 1097 φιμὼσας
2968 1025 3139 1096 αὐτὴν
3174 1023 3400 1096 ἔρριψεν
3425 1023 3519 1075 ὲπί
3548 1022 3609 1076 τὸ
3635 1022 3861 1089 ἔδαφος.

2274 1118 2508 1185 ἐξελθὼν
2542 1119 2639 1173 ἀπ’
2691 1118 2888 1187 αὐτῆς.
2956 1115 3206 1181 Ἀνοίξας
3258 1115 3313 1168 δὲ
3363 1113 3425 1168 es
3456 1113 3691 1184 θυρίδιον
3715 1115 3863 1183 μετᾶ

2271 1216 2420 1285 τρεῖς
2444 1212 2656 1284 ἡμέρας
2683 1214 2711 1265 ὁ
2745 1210 3039 1281 μακάριος,
3071 1210 3180 1263 ἴδεν
3213 1207 3384 1277 αὐτὴν
3410 1206 3756 1277 ἐρριμμένην
3780 1205 3865 1265 ὡς

2270 1306 2494 1376 νεκρὰν,
2529 1304 2625 1359 καὶ
2657 1304 2873 1358 κελεύει
2902 1305 3015 1365 τοῖς
3046 1297 3397 1366 παρεστῶσιν
3444 1300 3649 1369 ἐπᾶραι
3679 1298 3862 1367 αὐτὴν

2273 1399 2369 1452 καὶ
2417 1395 2572 1465 παρὰ
2631 1394 2762 1464 μίαν
2819 1392 3109 1448 ἀνακλίναι
3145 1390 3599 1463 προτρεψάμενος
3646 1388 3868 1449 πάντας

2274 1491 2354 1554 εἰς
2394 1487 2586 1558 εύχὴν,
2626 1486 2722 1539 καὶ
2753 1487 2966 1555 ἐπάρας
3010 1485 3113 1547 τὰς
3147 1484 3300 1546 ὁσίας,
3350 1480 3519 1536 αὐτοῦ
3549 1484 3737 1553 χεῖρας
3766 1481 3867 1532 ἐπὶ

2274 1580 2427 1651 ὥρας
2467 1579 2668 1642 πολλὰς
2722 1578 2863 1649 μετὰ
2891 1577 3112 1630 πάντων
3140 1575 3310 1629 ἐϐόα·
3362 1574 3501 1639 Δόξα
3533 1590 3635 1637 σοι,
3662 1573 3869 1642 Κύριε,

2274 1673 2400 1738 δόξα
2451 1690 2557 1738 σοι,
2592 1672 2788 1742 Κύριε,
2815 1669 2941 1735 δόξα
2974 1685 3079 1732 σοι,
3116 1667 3313 1738 Κύριε.
3355 1665 3419 1720 'il
3456 1666 3514 1720 δὲ
3552 1665 3693 1735 γυνὴ
3725 1681 3872 1718 κατ-

2274 1765 2455 1818 έκειτο
2510 1763 2747 1833 ἄφωνος,
2811 1760 2889 1832 μὴ
2941 1760 3161 1823 διδοῦσα
3221 1757 3496 1828 ἀνθρώπῳ
3541 1756 3871 1825 ἀπόκρισιν.

588 1849 722 1904 mini
752 1862 1098 1919 responsum.
1130 1850 1259 1906 Post
1283 1865 1476 1921 preces
1495 1867 1625 1909 vero
1649 1850 1812 1920 iussit
1831 1868 1953 1909 eam
1979 1868 2165 1910 coram

2285 1857 2431 1920 Μετὰ
2451 1855 2508 1908 δὲ
2534 1854 2634 1926 τὴν
2664 1853 2830 1924 εὐχὴν
2854 1853 3144 1905 ἐκέλευσεν
3193 1850 3367 1920 αὐτὴν
3408 1847 3693 1917 ἐνεχθῆναι
3713 1862 3726 1875 ·
3764 1846 3878 1899 καὶ

588 1952 652 1992 se
717 1935 898 1992 afferri
931 1955 947 1994 :
983 1948 1038 1994 et
1066 1954 1190 1994 cum
1227 1939 1471 1996 dedisset
1497 1941 1546 1996 ei
1587 1951 1772 2010 potum
1803 1956 1867 1996 ex
1899 1942 2020 1997 oleo
2044 1957 2170 1997 san-

2285 1947 2518 2012 Ξεδωκὼς
2552 1948 2689 2017 αὐτῇ
2724 1947 2788 1999 ὲκ
2808 1944 2902 1999 τοῦ
2934 1944 3116 1998 ἐλαίου
3147 1942 3256 1996 τῶν
3288 1940 3460 2009 ἁγίων
3495 1941 3657 2001 πιεῖν,
3684 1953 3877 2007 παραο

589 2041 825 2095 ctorum,
853 2031 1038 2087 statim
1074 2032 1250 2087 locuta
1278 2044 1364 2089 est
1394 2050 1407 2086 :
1435 2042 1489 2087 et
1519 2048 1645 2089 cum
1666 2035 2018 2100 surrexisset,
2053 2050 2172 2090 am—

589 2121 817 2189 bulavit,
839 2136 1012 2193 usque
1035 2123 1102 2177 ad
1123 2138 1277 2178 suam
1301 2133 1636 2180 senectutem
1669 2139 1699 2179 a
1725 2135 1908 2182 monte
1947 2140 2054 2181 non
2089 2141 2177 2182 se-

589 2223 805 2282 parata,
849 2218 946 2269 sed
974 2215 1226 2284 precibus
1265 2225 1320 2269 et
1353 2226 1547 2272 saneto
1584 2226 1849 2287 perpetuo
1905 2219 2183 2285 assidens,

592 2313 646 2358 et
671 2304 785 2361 Deo
817 2319 983 2377 agens
1006 2305 1232 2375 gratias.
1265 2308 1355 2376 qui
1386 2322 1505 2362 eam
1545 2309 1779 2363 sanavit.

2274 2041 2470 2111 χρῆμα
2491 2038 2779 2107 ἐλάλησεν,
2811 2038 2909 2091 καὶ
2928 2036 3231 2090 ἀναστᾶσα’
3247 2031 3597 2103 περιεπάτει,
3626 2029 3734 2089 ἕως
3756 2029 3879 2099 γή-

2280 2148 2411 2202 ρους
2450 2132 2624 2200 αὐτῆς
2677 2129 2754 2199 μὴ
2787 2128 3127 2199 χωρισθεῖσα
3178 2124 3276 2180 τοῦ
3317 2125 3503 2194 ὄρους,
3532 2120 3667 2176 ἀλλὰ
3695 2134 3882 2191 προσ-

2282 2222 2586 2294 εδρεύουσα
2606 2224 2726 2284 ταῖς
2767 2221 2955 2292 εύχαῖς
2983 2219 3177 2286 καὶτῷ
3207 2217 3489 2287 μακαρίῳ,
3522 2213 3618 2268 καὶ
3646 2212 3882 2281 εύχαρι-

2289 2310 2493 2365 stoica
2526 2310 2603 2382 τῷ
2634 2310 2919 2381 ιασαμένῳ
2958 2306 3130 2379 αὐτὴν
3155 2304 3301 2376 Θεῷ.

2099 2464 2325 2522 CAPUT
2370 2466 2460 2521 IV.
2550 2426 2554 2431 ’

1153 2603 1420 2661 Evocatur
1444 2606 1507 2662 S.
1539 2606 1837 2663 Arruntius
1862 2607 1933 2661 ad
1974 2608 2259 2663 concilium
2291 2609 2737 2667 Chaicedoneuse.
2778 2608 3049 2664 Μετοίκια
3078 2608 3134 2663 in
3164 2608 3267 2662 ria.

664 2741 831 2799 XXII.
869 2743 997 2801 Post
1053 2745 1241 2802 decem
1294 2757 1390 2802 aut
1445 2747 1667 2804 circiter
1698 2763 1893 2816 annos,
1924 2764 2044 2805 cum
2065 2749 2177 2819 iam
2224 2750 2233 2759 '

595 2838 924 2895 decessisset
991 2840 1341 2897 ﬁdelissimus
1383 2850 1440 2896 et
1486 2841 1823 2897 ortltodoxus
1884 2843 2182 2913 imperator

599 2925 944 2985 Theodosius
1000 2929 1200 2996 minor,
1257 2930 1684 3000 imperassetque
1734 2935 2078 2988 venerandus
2127 2944 2183 2988 et

595 3020 800 3075 Christi
840 3034 1030 3075 amans
1088 3017 1420 3086 Marcianus,
1459 3020 1563 3075 fuit
1615 3036 1809 3091 magna
1847 3022 2095 3079 conlusio
2125 3034 2182 3079 et

594 3112 939 3183 perturbatio
989 3113 1138 3168 circa
1193 3113 1389 3185 dogma
1432 3128 1574 3168 verre
1609 3125 1811 3170 nostra:
1861 3115 2010 3181 iidei,
2039 3114 2183 3170 sicut

2362 2751 2491 2810 KB’.
2526 2751 2697 2806 Τοῦτο
2744 2750 2807 2820 δὴ
2869 2751 3009 2822 πρὸς
3064 2751 3179 2813 τοῖς
3213 2749 3346 2802 δέκα
3405 2747 3543 2817 μετᾶ
3576 2746 3672 2799 καὶ
3708 2744 3880 2814 ἕτερα

2289 2847 2383 2917 ἔτη
2424 2846 2517 2900 τοῦ
2549 2845 2875 2899 πιστοτάτου
2929 2842 3199 2914 βασιλέως
3255 2840 3733 2909 τετελευτηκότος,
3777 2840 3881 2892 καὶ

2286 2931 2383 2985 τοῦ
2449 2931 2802 3003 φιλοχριστοῦ
2856 2930 3180 3001 Μαρκιανοῦ
3241 2928 3712 2999 βεϐασιλευκότος,
3744 2926 3886 2982 πο).-

2288 3025 2357 3093 λὴ
2411 3024 2627 3095 ταραχὴ
2683 3024 2811 3094 περὶ
2869 3023 2931 3075 τὸ
2984 3021 3159 3093 δόγμα
3204 3020 3304 3090 τῆς
3346 3019 3608 3098 ἀληθοῦς.
3639 3019 3882 3085 πίστεως

2290 3117 2524 3185 ἐγένετο,
2569 3116 2645 3180 ὡς
2676 3118 2772 3169 καὶ
2804 3115 3067 3185 ἀνωτέρω
3095 3112 3451 3183 ἀνηρξὰμεθα
3477 3113 3657 3181 λέγειν
3710 3115 3767 3167 ὲν
3799 3111 3884 3182 τῷ

594 3205 764 3261 etiam
800 3205 1067 3276 cmpimus
1113 3206 1299 3262 dicere
1334 3206 1612 3274 superius,
1645 3222 1768 3262 cum
1815 3217 1960 3262 esset
1990 3208 2180 3264 beatus

2293 3209 2509 3279 μέλλειν
2538 3209 2632 3261 τὸν
2667 3208 2940 3279 μακάριον
2984 3206 3276 3271 Αύξέντιον
3327 3205 3715 3275 ὑπαναχωρεῖν
3761 3203 3884 3256 τῶν

595 3299 899 3354 Auxentius
947 3314 1268 3355 recessurus
1298 3313 1326 3351 a
1359 3298 1523 3353 rebus
1565 3298 1728 3369 huius
1772 3299 1916 3354 vitae.
1950 3300 2178 3366 Quidam

574 3390 742 3445 enim
765 3389 1039 3460 Eutycth
1068 3390 1358 3461 presbyter
1381 3400 1435 3444 et
1464 3390 1890 3445 arcltituandrita
1923 3393 2083 3446 unius
2111 3407 2177 3447 ex

596 3481 949 3536 monasteriis
987 3481 1139 3536 urbis
1197 3482 1377 3550 regite,
1413 3482 1715 3537 conabatur
1745 3497 2012 3539 renovare
2039 3482 2180 3539 deii-

597 3581 843 3628 ramenta
866 3582 919 3627 et
947 3571 1108 3628 verba
1140 3589 1263 3644 qua:
1291 3573 1510 3628 fuerant
1553 3573 1787 3629 refutata
1822 3584 1877 3629 et
1920 3575 2121 3631 abolita
2153 3590 2180 3629 a

598 3673 802 3718 sancta:
827 3672 884 3719 et
908 3662 1084 3719 beata
1136 3665 1415 3721 memoriae
1443 3664 1740 3736 episcopis,
1771 3681 1798 3719 a
1827 3664 2052 3732 Basilio,
2096 3667 2179 3720 iu-

598 3768 761 3823 quam
782 3795 798 3819 ,
829 3770 1025 3826 magno
1051 3754 1318 3825 beateque
1349 3764 1402 3812 et
1448 3756 1705 3813 luminari
1742 3758 1892 3813 orbis
1922 3767 2101 3821 terrm,
2130 3768 2185 3814 et

599 3846 864 3915 Gregorio
895 3847 1098 3919 inclyto
1120 3848 1390 3919 tlieologo,
1425 3856 1480 3903 et
1526 3846 1739 3905 Joanne
1769 3849 2183 3921 Clirysostomo,

599 3946 656 3994 et
685 3937 754 3993 iis
792 3938 1090 3996 similibus.
1126 3941 1261 3995 Cum
1294 3954 1424 4010 ergo
1453 3940 1543 3994 alii
1579 3942 1798 4010 quidem
1832 3943 1953 4012 eius
1991 3943 2183 4014 dogma

599 4041 990 4101 sequerentur,
1058 4031 1147 4087 alii
1188 4048 1316 4087 vero
1373 4035 1563 4087 eadem
1618 4034 1887 4089 sentirent
1914 4050 2038 4106 quae
2076 4035 2186 4090 Ne-

600 4122 824 4188 storius,
853 4124 995 4177 adeo
1019 4134 1075 4176 ιιι
1106 4125 1355 4179 venirent
1400 4126 1453 4179 itt
1505 4126 1804 4194 periculum
1833 4127 2083 4193 dogmata
2117 4128 2183 4181 li-

601 4213 688 4267 tlci
719 4213 1031 4280 catholicae,
1059 4215 1250 4269 videns
1282 4232 1513 4287 magnus
1552 4227 1606 4272 et
1637 4218 1979 4273 orthodoxus
2017 4219 2186 4290 impe-

602 4315 756 4360 rator
780 4304 1090 4364 Marcianus
1138 4307 1442 4363 Eeclesiam
1475 4309 1527 4363 in
1560 4326 1754 4380 magna
1787 4309 2108 4369 confusione
2131 4321 2185 4367 et

2296 3301 2569 3374 βιωτικῶν
2594 3301 2960 3372 πραγμάτων.
2981 3299 3228 3370 Εύτυχὴς
3250 3298 3357 3368 γάρ
3386 3315 3473 3361 τις
3501 3295 3773 3367 πρεσϐύτε
3786 3312 3885 3366 ρος

2292 3393 2388 3444 καὶ
2411 3389 2846 3460 ἀρχιμανδρίτης
2878 3389 2995 3453 ἑνὸς
3042 3387 3140 3440 τῶν
3176 3386 3558 3458 μοναστηρίων
3585 3385 3684 3455 τῆς
3716 3385 3884 3455 βασι-

2290 3482 2556 3553 λευούσης
2575 3481 2647 3535 τὰ
2690 3480 3066 3550 Ἀπολιναρίου
3094 3480 3420 3550 παραφρονή
3431 3495 3576 3549 ματα
3605 3477 3675 3529 τὰ
3707 3477 3884 3530 παλαι

2292 3574 2690 3644 κατηργημένα
2725 3575 2832 3626 ὑπὸ
2863 3572 2977 3626 τῶν
3003 3572 3104 3642 τὴν
3153 3573 3308 3626 ὁσίαν
3359 3572 3585 3641 μνήμην
3634 3560 3885 3636 θεοφιλε-

2295 3668 2508 3722 στάτων
2529 3665 2868 3732 ἐπισκόπων,
2902 3664 3186 3718 Βασιλείου
3216 3681 3275 3717 τε
3305 3664 3400 3716 καὶ
3428 3661 3755 3734 Γρηγορίου,
3778 3660 3886 3713 καὶ

2293 3757 2402 3814 τῶν
2454 3759 2575 3813 κατ’
2598 3758 2796 3821 αὐτοὺς
2851 3755 3229 3821 ἀνακαινίζειν
3293 3757 3583 3826 ἐπιχειρεῖ.
3628 3753 3753 3830 Τῷν
3778 3753 3887 3822 μὲν

2294 3846 2387 3904 οὖν
2426 3850 2492 3903 τὰ
2531 3849 2722 3913 τούτου
2746 3848 3048 3920 ἑπομένων,
3074 3848 3184 3901 τῶν
3209 3846 3264 3900 δὲ
3298 3846 3367 3900 τὰ
3408 3843 3713 3914 Νεστορίου
3744 3859 3884 3913 φρο-

2292 3940 2551 4001 νούντων.
2578 3940 2654 4004 ὡς
2679 3938 3013 3995 κινδυνεύειν
3065 3938 3158 3992 ἐπὶ
3206 3937 3276 3992 τὰ
3318 3939 3417 4007 τῆς
3448 3935 3746 4005 καθολικῆς
3783 3934 3886 3987 πί-

2295 4051 2468 4098 στεως
2493 4033 2743 4103 δόγματα
2774 4031 2870 4084 καὶ
2898 4031 2957 4085 ὲν
2979 4031 3243 4100 συγχύσει
3273 4029 3442 4099 πολλῇ
3484 4029 3611 4103 τὴν.
3633 4025 3889 4097 ,Ἐκκλη-

2294 4127 2418 4180 σίαν
2444 4127 2599 4197 όρᾷν,
2632 4128 2661 4179 ὁ
2693 4120 2750 4178 δὲ
2780 4123 3036 4194 βασιλεὺς
3062 4121 3312 4187 θεσπίζει
3349 4122 3475 4185 τοὺς
3498 4120 3597 4187 τῆς
3622 4119 3888 4189 οίκουμέ·

2293 4238 2392 4291 νης
2452 4220 2640 4291 σχεδὸν
2716 4219 2938 4288 ἁπάσης
3002 4216 3456 4286 θεοφιλεστάτους
3540 4214 3889 4275 ἐπισκόπους

2290 4311 2608 4380 ἀπαντῆσαι
2638 4308 3056 4381 ὲνΚαλχηδόνι,
3088 4308 3318 4381 πολίχνῃ
3348 4308 3447 4378 τῆς
3471 4305 3748 4367 Βιθυνίας.

598 4400 1052 4470 perturbatione,
1104 4401 1357 4457 decernit
1411 4411 1471 4455 ut
1514 4401 1755 4473 episcopi
1838 4402 2006 4459 totius
2075 4403 2189 4460 fere
2221 4403 2380 4460 orbis
2403 4416 2560 4463 terra:
2620 4405 2869 4456 venirent
2947 4401 3375 4467 Chalccdouetn,
3436 4400 3711 4454 civitatem
3775 4395 3889 4452 Bi-

597 4495 822 4567 tltynire.

670 4585 860 4642 XXIII.
901 4588 1038 4643 Cum
1080 4604 1271 4645 omnes
1309 4604 1441 4658 ergo
1472 4589 1864 4645 convenissent
1919 4588 2180 4657 episcopi,

2361 4587 2490 4641 Kl".
2516 4586 2745 4639 Πάντων
2766 4585 2946 4640 τοίνυν
2970 4584 3432 4657 συνεληλυθότων,
3459 4584 3556 4639 καὶ
3579 4584 3671 4639 τὸν
3700 4587 3886 4657 μακά-

599 4682 733 4737 adeo
768 4690 827 4735 ut
866 4692 1049 4738 essent
1086 4697 1315 4737 numero
1338 4684 1584 4738 sexcenti
1616 4676 1868 4752 triginta,
1900 4680 2183 4749 iusserunt

596 4775 760 4829 etiam
811 4775 1104 4830 convenire
1156 4774 1387 4831 beatum.
1426 4775 1758 4831 Auxentium
1801 4776 2100 4846 imperator
2127 4782 2183 4829 et

595 4868 862 4938 episcopi.
891 4868 1026 4921 (tum
1054 4875 1236 4924 autem
1270 4884 1502 4940 magnus
1531 4880 1583 4923 et
1611 4869 1836 4924 divinus
1871 4868 2034 4922 Pater
2086 4883 2184 4922 no-

598 4970 712 5016 ster
748 4961 1053 5017 Auxentius
1086 4962 1390 5027 resisteret,
1414 4972 1472 5018 et
1514 4962 1681 5017 nollet
1711 4963 2070 5026 descendere,
2099 4960 2187 5014 di.

603 5070 732 5109 cens
762 5069 873 5108 non
912 5069 1035 5112 esse
1062 5058 1454 5111 monachorum
1501 5057 1720 5115 docere.
1758 5055 1853 5109 sed
1879 5055 2057 5124 potius
2085 5054 2185 5107 du-

598 5145 739 5211 ceri,
786 5145 890 5200 iioc
921 5160 1052 5200 vero
1082 5145 1147 5201 iis
1187 5146 1320 5202 solis
1349 5145 1667 5209 convenire,
1699 5144 1793 5213 qui
1822 5132 1971 5200 sunt.
2012 5144 2186 5198 Itono-

599 5236 702 5288 rati
736 5233 1083 5305 pontiﬁcatu:
1103 5236 1249 5291 misit
1275 5234 1891 5306 imperatorium-ianus
1922 5237 2183 5304 quosdam

601 5341 669 5380 ex
734 5327 1018 5385 monachis
1061 5338 1116 5381 et
1175 5327 1414 5391 clericis,
1451 5327 1542 5396 qui
1608 5334 1765 5381 erant
1804 5328 2187 5388 circumcirca,

598 5417 762 5472 simul
819 5434 943 5474 cum
1001 5418 1288 5484 militibus,
1343 5434 1428 5473 res
1495 5416 1616 5487 eius
1659 5427 2097 5489 cognoscentes:
2134 5427 2188 5471 et

594 5509 782 5580 iussit,
815 5520 871 5565 ut
898 5510 1004 5566 nisi
1031 5510 1190 5564 vellet
1238 5526 1331 5565 sua
1368 5522 1562 5581 Sponte
1597 5511 1782 5565 venire
1811 5527 1932 5564 cum
1966 5511 2070 5574 eis,
2102 5511 2185 5562 in-

602 5603 771 5655 ritum
828 5602 1189 5658 adducerent.
1242 5603 1316 5659 Ilii
1383 5615 1574 5658 autem.
1630 5620 1751 5657 cum
1792 5603 2179 5665 accessissent,

597 5705 720 5747 eum
747 5688 983 5749 maxime
1005 5705 1280 5765 urgentes,
1302 5710 1645 5768 nequaquam
1681 5711 2023 5767 pet-suasere.
2051 5698 2184 5751 adeo

603 5794 660 5838 ut
686 5789 935 5842 conversi
978 5789 1081 5844 sint
1122 5790 1187 5843 ad
1219 5806 1343 5845 eum
1408 5791 1792 5848 incessendum
1851 5790 2191 5858 maledictis,

2294 4697 2411 4752 ριον
2440 4680 2732 4746 Αύξέντιον
2758 4678 3190 4751 παρεκελεύοντο
3222 4677 3604 4749 συνέρχεσθαι,
3631 4679 3659 4732 ὃ
3683 4696 3745 4731 τε
3782 4680 3888 4749 βα-

2299 4770 2483 4833 σιλεὺς
2530 4771 2625 4825 καὶ
2685 4770 2734 4823 οἱ
2791 4769 3081 4841 ἐπιχώριοι
3138 4769 3248 4823 τῶν
3288 4770 3625 4836 ἐπισκόπων.
3682 4769 3773 4834 Ὦς
3826 4771 3887 4824 δὲ

2296 4867 2545 4937 ἀντεῖχεν
2573 4866 2665 4920 καὶ
2687 4866 2788 4919 οὐκ
2815 4865 3081 4936 ἠϐούλετο
3102 4864 3372 4929 κατίεναι,
3397 4864 3625 4932 φάσκων
3644 4863 3719 4934 μὴ
3740 4858 3887 4916 εἶναι

2301 4957 2550 5027 μοναχῶν
2578 4957 2638 5009 τὸ
2672 4956 2969 5022 διδάσκειν,
3000 4956 3138 5010 ἀλλὰ
3180 4956 3384 5026 μᾶλλον
3412 4957 3473 5010 τὸ
3502 4954 3889 5021 διδάσκεσθαι,

2301 5052 2486 5122 μόνοις
2516 5050 2570 5105 δὲ
2610 5055 2724 5113 τοῖς
2752 5052 3109 5123 ἀρχιερατείςι
3150 5050 3536 5121 τετιμημένοις
3564 5048 3726 5103 τοῦτο
3752 5050 3896 5119 πρέ-

2298 5161 2446 5213 πειν,
2484 5145 2813 5207 ἀποστείλας
2846 5145 2874 5196 ὁ
2924 5142 3178 5213 βασιλεὺς
3224 5143 3546 5215 Μαρκιανός
3590 5158 3746 5205 τινας
3775 5140 3890 5194 τῶν

2248 5270 2253 5273 -
2291 5237 2455 5309 πέριξ
2491 5237 2744 5308 μοναχῶν
2774 5254 2833 5291 τε
2864 5238 2957 5290 καὶ
2979 5236 3260 5306 κληρικῶν
3294 5236 3431 5303 μετὰ
3463 5235 3560 5289 καὶ
3613 5250 3889 5303 στρατιω-

2292 5330 2401 5382 τῶν
2424 5330 2711 5383 ἐκέλευσεν
2742 5331 2971 5398 γνόντας
3001 5330 3067 5382 τὰ
3094 5328 3218 5382 κατ’
3241 5328 3423 5391 αὑτὸν,
3453 5327 3503 5380 εἱ
3530 5326 3604 5397 μὴ
3638 5324 3891 5395 βούλοιτο

2294 5422 2561 5485 ἑκουσίως
2623 5421 3147 5486 συνελοεῖνιαίιτςῖς,
3179 5420 3385 5475 ἄκοντα
3415 5416 3788 5489 παραστῆναι.
3818 5415 3891 5469 Ol

2296 5514 2353 5567 δὲ
2404 5514 2674 5585 παρόντες
2735 5514 2962 5567 πλεῖστα
3011 5512 3532 5581 καταναγκάσαντες
3588 5509 3753 5563 αύτδν
3784 5509 3895 5564 οὐκ

2298 5606 2539 5671 ἔπειθον,
2570 5606 2645 5669 ὡς
2677 5607 2772 5660 καὶ
2796 5606 3089 5676 λοιδορίαις
3114 5605 3313 5666 αὐτοὺς
3346 5602 3627 5673 τραπῆναι
3663 5604 3761 5657 καὶ
3796 5601 3896 5656 λέ-

2299 5717 2416 5769 γειν
2446 5699 2520 5770 μὴ
2556 5702 2774 5770 φρονεῖν
2806 5699 2968 5752 αὑτὸν
3012 5697 3189 5768 ὀρθῶς
3239 5692 3719 5749 διαϐεϐαιοῦσθαι·
3757 5691 3893 5748 ὅθεν

2299 5793 2618 5867 ἐπεχείρουν
2641 5794 2733 5848 καὶ
2762 5792 2898 5864 μετὰ
2929 5791 3057 5864 βίας
3073 5792 3232 5846 αὑτὸν
3260 5785 3520 5857 ἐξωθοῦν.
3539 5787 3599 5840 ’0
3618 5787 3672 5843 δὲ
3709 5784 3889 5841 ἐνεδί-
