4160 6410
377 354 517 424 τεο-ι

1650 361 1833 425 νι-ΤΑ
1869 360 1928 421 S.
1964 360 2279 421 AUXENT
2289 361 2310 420 Ι
2325 362 2342 417 l
2357 408 2371 423 .

3504 356 3645 425 1-398
3680 411 3686 418 .

368 466 463 521 δου
493 464 594 537 μιν
645 465 850 533 αὐτοῖς,
910 464 1028 522 ἀλλ’
1054 465 1212 522 οὔπω
1260 464 1447 539 τελείᾳ
1476 466 1674 540 γνώμῃ
1704 467 1833 523 ἄνευ
1862 465 1960 536 τῆς

2072 475 2128 521 et
2153 465 2488 521 afﬁrmarent
2509 478 2633 520 eum
2666 480 2771 522 non
2802 478 3016 536 sapere.
3046 464 3401 524 Conabantur
3460 468 3647 540 itaque

370 556 582 613 ἀνωθεν
642 556 838 628 ῥοπῆς.
900 556 1231 628 ’Δγαγόντες
1282 558 1393 630 γὰρ
1442 557 1697 631 τεχνίτας
1730 557 1870 629 πρὸς
1895 558 1958 612 τὸ

368 651 530 706 λῦσαι
551 650 647 704 τὸν
667 649 950 717 ,κλουϐὸη
977 652 1036 706 ὲν
1061 644 1106 720 ᾧ
1131 646 1222 721 ἦν,
1244 651 1376 722 ὃλην
1397 652 1496 721 τὴν
1518 651 1737 723 ἡμέραν
1772 668 1955 722 παρα-

373 740 683 811 μείναντες,
704 738 859 805 οὐδὲν
886 740 1139 811 ἴσχυσαν,
1156 742 1254 796 καλ⁵
1279 743 1347 812 τῇ
1371 740 1543 795 ἕωθεν
1568 741 1716 811 λέγει
1747 740 1953 804 αὐτοῖς’

368 830 579 886 Εἴπατέ
613 848 724 903 μοι,
757 833 817 886 ὲν
863 832 971 887 τίνι
998 833 1186 896 κακῶς
1220 832 1488 898 πιστεύω,
1528 835 1623 889 καὶ
1649 830 1749 887 εἷθ’
1781 831 1954 897 οὕτως

372 922 602 994 προνοίᾳ
654 921 792 976 Θεοῦ
845 925 940 978 καὶ
978 925 1008 977 ό
1041 925 1272 990 κλουϐὸς
1326 925 1738 997 ἀνοιχθήσεται.
1788 925 1852 979 Oi
1897 924 1956 979 δὲ

370 1014 623 1086 εφησανο
678 1015 810 1070 Ὅτε
878 1015 975 1071 τοῦ
1038 1017 1439 1074 εὐσεϐεστάτου
1495 1017 1763 1089 βασιλέως
1828 1015 1956 1082 τοὺς

374 1109 753 1181 ἁπανταχόθεν
815 1109 1086 1179 θεοφιλεῖς
1138 1111 1478 1175 ἐπισκόπους
1529 1112 1624 1165 ἐπὶ
1675 1094 1957 1181 διασκέψει

369 1202 478 1255 τῶν
500 1202 598 1273 τῆς
628 1201 945 1272 ἁγιωτάτης
1011 1202 1348 1272 Ἐκκλησίας
1396 1200 1688 1273 δογμάτων
1719 1219 1959 1269 συναγα-

370 1293 581 1362 γόντος,
634 1295 799 1359 αὐτὸς
847 1295 910 1349 ού
947 1294 1131 1365 βούλει
1185 1295 1497 1351 συνελθεῖνο
1529 1291 1687 1350 οἷσθα
1713 1295 1825 1366 γὰρ
1857 1295 1955 1368 τὴν

370 1385 683 1455 κρατοῦσαν
734 1385 1022 1457 σύγχυσιν,
1083 1385 1195 1440 τῶν
1223 1386 1328 1457 μὲν
1352 1386 1467 1467 ,τοῦ
1495 1386 1794 1458 Νεστορίου
1824 1404 1958 1457 φρο-

369 1476 605 1531 νούντων
660 1478 756 1532 καὶ
816 1476 1029 1548 σχίσμα
1062 1477 1431 1533 ἐπινοούντων
1466 1478 1558 1532 διὰ
1610 1479 1672 1533 τὸ
1706 1480 1954 1551 ἀναιρεῖν

368 1568 469 1640 τὴν
529 1569 819 1637 Θεοτόκος
883 1570 1073 1642 φωνὴν
1102 1570 1213 1626 ἀπὸ
1239 1571 1342 1642 τῆς
1394 1570 1569 1641 ἁγνῆς
1615 1572 1712 1627 καὶ
1744 1572 1955 1644 σεμνῆς

372 1658 649 1729 Παρθένου
680 1660 776 1713 καὶ
799 1658 1026 1732 Μητρὸς
1051 1659 1147 1714 τοῦ
1179 1660 1388 1732 Κυρίου
1414 1676 1428 1690 ·
1457 1658 1643 1715 τῶνδὲ
1676 1661 1744 1715 τὰ
1783 1662 1955 1715 Εὐτυ-

370 1746 521 1818 χοῦς,
548 1748 750 1819 μᾶλλον
777 1748 835 1802 δὲ
866 1750 937 1804 τά
977 1749 1354 1821 ’Δπολιναρίου
1389 1750 1829 1822 δογματιζόντων
1852 1753 1946 1806 καὶ

2060 573 2183 615 eum
2225 559 2271 614 vi
2297 559 2609 617 exturbare.
2655 558 2886 616 Sanctus
2918 569 3101 616 autem
3135 561 3217 616 eis
3252 561 3635 629 cedebat,-sed

2061 652 2299 705 nondum
2330 650 2571 721 perfecta
2609 659 2817 715 mente,
2837 650 3045 720 absque
3082 666 3317 722 superna
3337 652 3639 708 voluntate.

2058 738 2193 794 Nam
2225 755 2350 796 cum
2382 740 2673 796 duxissent
2697 740 2942 797 artiliccs
2981 740 3048 795 ad
3076 755 3256 797 seram
3282 740 3502 797 cellmin
3534 757 3642 813 qua

2058 839 2180 883 erat
2216 828 2561 896 solvendam,
2591 837 2649 884 et
2682 838 2851 884 totum
2907 831 3048 885 diem
3078 830 3534 900 permansissent,
3560 833 3643 887 ni-

2059 920 2134 975 hil
2170 930 2463 991 potuerunt
2501 920 2702 976 facere.
2773 919 2931 976 Mane
2961 936 3090 977 vero
3125 922 3259 978 dicit
3306 924 3389 980 eis
3421 942 3436 979 :
3475 924 3645 983 Dicite

2061 1015 2219 1096 mihi,
2279 1013 2478 1069 fratres
2498 1024 2553 1069 et
2594 1022 2802 1085 patres,
2832 1014 2890 1068 in
2918 1028 3154 1083 quanam
3184 1030 3242 1070 rc
3268 1015 3412 1070 male
3432 1015 3599 1071 credo
3627 1034 3639 1070 :

2059 1109 2118 1164 ei
2130 1108 2325 1164 deinde
2351 1108 2434 1165 sic
2473 1106 2816 1179 providentia
2845 1107 2942 1164 Dei
2964 1124 3088 1164 sera
3114 1109 3406 1180 aperietur.
3435 1109 3514 1164 llli
3543 1126 3644 1164 au-

2062 1208 2171 1255 tem
2196 1199 2450 1255 dixerunt
2481 1216 2495 1254 :
2528 1200 2682 1267 Quod
2718 1214 2840 1254 cum
2871 1199 2994 1270 pius
3023 1199 3318 1270 imperator
3340 1198 3645 1254 Marcianus

2062 1292 2209 1361 pios,
2241 1290 2333 1360 qui
2373 1291 2576 1361 ubique
2604 1302 2754 1358 sunt,
2790 1290 3076 1362 episcopos
3113 1291 3527 1362 congregaverit
3575 1293 3642 1344 ad

2068 1382 2257 1436 utilem
2289 1380 2789 1436 considerationem
2805 1382 3121 1451 dogmatum
3153 1378 3513 1436 sanctissimae
3543 1379 3647 1436 Ec-

2057 1473 2263 1540 clesia»,
2295 1480 2353 1529 tu
2381 1488 2488 1529 non
2522 1473 2604 1529 vis
2639 1473 2846 1529 venire.
2877 1472 2999 1528 Scis
3025 1471 3172 1526 enim
3192 1488 3334 1539 eam,
3355 1488 3473 1542 quae
3503 1487 3646 1528 nunc

2058 1574 2163 1631 est,
2199 1566 2577 1633 confusionem
2606 1585 2620 1622 :
2656 1581 2778 1622 cum
2813 1565 2902 1620 alii
2937 1564 3159 1635 quidem
3222 1564 3465 1619 sentiant
3520 1579 3645 1619 cum

2058 1656 2311 1715 Nestorio
2339 1668 2394 1715 et
2421 1660 2665 1716 schisma
2696 1658 3018 1724 moliantur,
3054 1666 3343 1727 propterea
3375 1656 3520 1726 quod
3551 1671 3642 1712 vo-

2068 1765 2185 1808 cem
2243 1750 2343 1806 Dei
2392 1750 2640 1806 Parentis
2674 1749 2924 1806 auferant
2962 1764 2991 1803 a
3023 1756 3176 1804 casta
3244 1756 3302 1804 et
3335 1749 3646 1825 veneranda

373 1841 449 1912 μὴ
475 1818 699 1905 τελείως
732 1841 1118 1913 σεσαρκῶσθαι
1146 1818 1251 1895 τὸν.
1290 1818 1503 1915 Κύριον
1548 1842 1959 1913 ὁμολογούντων

2070 1846 2288 1915 Virgine
2343 1855 2399 1900 et
2462 1843 2638 1899 Matre
2701 1842 2916 1898 Domini
2950 1840 3083 1896 :alii
3140 1854 3269 1894 vero
3307 1820 3565 1911 Eutychis
3592 1848 3649 1894 et

371 1934 436 1987 ἐκ
467 1933 785 2025 σπέρματος
817 1934 1005 2000 Δαϐὶδ,
1047 1934 1187 1990 ἀλλὰ
1210 1931 1431 2010 δόκήσει
1479 1937 1642 1992 αὑτὸν
1673 1937 1959 1994 ἐντπνθοω-

373 2027 594 2083 πικέναι
625 2043 682 2081 τε
690 2027 1100 2100 ρατευομὲνων.

443 2286 568 2342 KA'.
599 2286 789 2345 Ταῦτα
817 2290 1061 2356 ἀκούσας
1093 2293 1122 2346 ὁ
1155 2293 1431 2364 μακάρὶος
1481 2291 1587 2363 ἔφη
1610 2309 1624 2324 ο
1694 2293 1838 2363 Ἐγὼ
1873 2310 1962 2347 τε-

375 2377 541 2442 λείως
567 2381 920 2452 σαρκωθέντα
976 2384 1041 2437 ὲκ
1099 2385 1199 2456 τῆς
1247 2385 1629 2456 ἀπειρογάμου
1658 2384 1751 2441 τὸν
1783 2384 1961 2454 Λόγον

374 2472 622 2544 ὁμολογῶ
658 2476 757 2528 καὶ
777 2474 906 2529 Υἰδν
940 2476 1212 2547 μονογενῆ
1264 2476 1457 2530 τοῦτον
1482 2476 1616 2532 ὅντα
1643 2476 1958 2550 προσκυνῶ,

380 2569 479 2622 σὺν
508 2567 732 2639 ἀνάρχῳ
764 2567 865 2638 μὲν
892 2569 1210 2641 ὑπάρχοντα
1239 2569 1317 2640 τῷ
1339 2570 1515 2641 Πατρὶ
1545 2570 1688 2625 κατά
1704 2572 1806 2643 τὴν
1841 2571 1961 2626 θεό-

382 2676 541 2730 τητα,
575 2660 664 2713 ἐπ’
704 2661 952 2731 ἐσχάτων
989 2662 1048 2716 δὲ
1091 2663 1326 2732 ὀφθέντα
1380 2662 1441 2728 ἐξ
1483 2664 1658 2740 αὐτῆς
1691 2666 1835 2719 κατὰ
1860 2666 1962 2737 τὴν

306 2826 312 2834 ἡ
376 2749 809 2821 ἀνθρωπότητα·
833 2751 988 2822 ψιλὸν
1012 2752 1122 2823 γάρ
1150 2752 1461 2825 ἄνθρωπον,
1497 2754 1573 2820 ὥς
1603 2773 1750 2820 τινες
1778 2757 1963 2830 ληρῳ-

376 2841 531 2896 δοῦσι
558 2842 651 2895 τὸν
678 2842 807 2897 Υίόν
837 2842 932 2897 τοῦ
961 2843 1096 2897 Θεοῦ
1123 2844 1428 2915 ὁμολογεῖν,
1460 2846 1680 2912 ἀσεϐές
1702 2847 1879 2903 ταῦτά
1903 2865 1965 2902 τε

379 2932 621 3006 εἰρηκὼς
648 2935 744 2989 καὶ
777 2935 876 3003 τὴν
908 2935 1161 2989 ἔνστασιν
1201 2935 1381 2990 αὐτῶν
1412 2939 1697 3010 ἑωρακὼς,
1727 2940 1823 3005 τὰς
1848 2944 1963 3013 χεῖ-

383 3043 482 3097 ρας
503 3028 584 3091 εἰς
612 3027 707 3080 τὸν
736 3028 964 3099 οὐρανὸν
995 3029 1288 3094 ἀνατείνας
1313 3031 1407 3083 καὶ
1453 3030 1621 3101 εὐχὴν
1645 3032 1967 3103 ἐκτενῆγε-

2063 1936 2397 2008 Apollinaris
2428 1936 2611 2008 potius
2645 1943 2867 1990 tuentur
2904 1933 3183 2004 dogmata,
3217 1938 3274 1986 et
3319 1930 3649 1987 conﬁtentur

2061 2027 2351 2085 Dominum
2404 2027 2591 2083 Jesum
2650 2024 2932 2081 Christum
2986 2038 3095 2078 non
3152 2022 3394 2093 perfecte
3421 2034 3643 2077 carnem

2064 2120 2367 2190 suscepisse
2403 2132 2468 2174 ex
2496 2117 2705 2175 semine
2738 2116 2933 2185 David,
2953 2114 3047 2172 sed
3080 2113 3290 2169 visione
3320 2126 3443 2169 eum
3477 2112 3645 2168 fuisse

2064 2211 2366 2278 hominem,
2389 2210 2704 2281 prodigiose
2735 2215 3008 2264 asserunt.
3504 2203 3511 2211 '

2135 2303 2324 2360 XXIV.
2368 2304 2497 2359 Haec
2520 2317 2642 2358 cum
2679 2306 2876 2357 beatus
2900 2298 3163 2355 audiisset
3203 2294 3530 2361 Auxentius,
3567 2294 3653 2350 di-

2064 2395 2141 2451 xit
2182 2411 2197 2449 :
2224 2394 2338 2465 Ego
2366 2390 2631 2448 co'nliteor
2664 2390 2896 2448 Verbum
2931 2388 3174 2459 perfecte
3196 2400 3419 2442 carnem
3456 2399 3644 2441 susce-

2064 2486 2212 2559 pisse
2234 2500 2299 2541 ex
2326 2483 2573 2556 Virgine,
2614 2497 2724 2538 non
2777 2490 3004 2551 experta
3042 2492 3179 2550 epus
3212 2476 3522 2546 nuptiarum
3554 2491 3568 2527 :
3596 2483 3654 2530 et

2066 2579 2243 2650 ipsum
2271 2576 2459 2645 adoro,
2493 2586 2554 2632 ut
2593 2577 2686 2647 qui
2723 2575 2795 2630 sit
2832 2573 3002 2629 Filius
3029 2570 3366 2642 unigenitus,
3390 2568 3483 2640 qui
3521 2581 3647 2623 cum

2066 2672 2229 2729 Patre
2259 2669 2476 2741 quidem
2502 2676 2587 2724 est
2608 2654 2809 2739 expers
2856 2662 3134 2736 principii,
3171 2661 3314 2732 quod
3360 2660 3555 2715 attinet
3583 2657 3650 2712 ad

2068 2764 2452 2829 divinitatem;
2488 2759 2541 2814 in
2584 2757 2790 2813 ultimis
2823 2765 3012 2817 autem
3059 2753 3253 2809 diebus
3277 2766 3344 2807 ex
3377 2764 3444 2805 ea
3498 2748 3652 2804 visus

2066 2866 2172 2922 est,
2206 2855 2353 2926 quod
2385 2862 2595 2924 spectat
2619 2851 2684 2906 ad
2710 2848 3128 2905 humanitatem.
3160 2843 3347 2901 Solum
3374 2841 3519 2898 enim
3550 2842 3652 2896 ito-

2069 2946 2299 3010 minem,
2328 2952 2388 2999 ut
2418 2942 2663 2999 nonnulli
2694 2947 2991 3010 nugantur,
3027 2936 3222 2992 Filium
3251 2934 3346 2990 Dei
3375 2932 3649 2996 conﬁteri,

2067 3047 2153 3093 est
2203 3035 2451 3105 impium.
2478 3033 2608 3089 Haec
2639 3047 2762 3087 cum
2822 3031 3073 3096 dixisset,
3099 3038 3155 3084 et
3183 3041 3280 3083 eos
3312 3025 3541 3081 vidisset
3569 3023 3653 3077 in-

382 3123 568 3204 νέσθαι
607 3126 1039 3197 παρασκευάσας
1087 3126 1333 3187 ἐπεδίδου
1358 3128 1554 3181 ἑαυτόν
1571 3143 1585 3159 ⁸
1614 3128 1724 3183 τῶν
1746 3129 1804 3183 δὲ
1828 3129 1964 3202 θραο

2070 3138 2241 3193 stare,
2278 3139 2331 3182 ct
2352 3125 2609 3181 manibus
2633 3124 2687 3180 in
2715 3122 2917 3179 cmlum
2949 3116 3454 3190 sublatisjussisset
3475 3115 3654 3170 inten-

385 3214 696 3286 συνομένων
731 3216 826 3270 καὶ
856 3218 1021 3272 πάλιν
1042 3219 1137 3273 τὸν
1165 3220 1396 3274 κλουϐὺν
1424 3221 1721 3275 καταλύειν
1751 3224 1966 3295 ἐπιχει-

387 3306 626 3378 ρούντων
675 3309 771 3362 καὶ
840 3309 976 3379 μηδὲ
1022 3310 1160 3374 ὅλως
1227 3312 1545 3383 ἰσχυόντων,
1608 3314 1640 3366 ό
1697 3314 1969 3387 μακάριος

387 3401 693 3472 σφραγίσας
746 3401 839 3455 τὸν
886 3402 1251 3458 κλουϐὸν-καὶ
1300 3405 1487 3477 τρίτον
1518 3408 1600 3473 τὸ,
1659 3398 1971 3478 Εὐλογητὸς

390 3490 790 3564 Κύριος,είπὼν
811 3492 1013 3565 πραείᾳ
1034 3497 1100 3566 τῇ
1131 3497 1282 3567 φωνῇ
1307 3498 1419 3561 τοῖς
1442 3497 1715 3569 τεχνίταις
1741 3500 1972 3553 ἐπέτατα

385 3602 498 3651 τεν,
522 3589 617 3641 καὶ
640 3584 815 3650 οὕτως
846 3588 987 3642 κατὰ
1010 3588 1238 3659 γνώμην
1266 3588 1435 3642 αὐτοῦ
1467 3589 1568 3653 τὰς
1600 3591 1733 3660 περὶ
1775 3590 1836 3644 τὸ
1874 3589 1971 3643 θυ-

389 3679 553 3748 ρίδιον
581 3679 746 3735 αὐτοῦ
780 3679 1172 3751 ἀφηλώσαντες
1203 3680 1449 3746 σανίδας,
1481 3679 1724 3749 ἐξέωσαν
1750 3681 1915 3759 αὐτόν

460 3858 590 3918 KE'.
631 3862 820 3931 Κτήνη
876 3860 933 3915 δὲ
975 3861 1334 3933 παρέστησαν
1392 3861 1488 3915 καὶ
1526 3861 1746 3934 ἅμαξαν
1804 3861 1849 3916 δ’
1906 3862 1977 3918 ἂν

393 3949 651 4021 βούληται
679 3950 951 4006 ἐπιϐάντα
983 3953 1252 4006 κατιέναι·
1277 3951 1373 4007 καὶ
1403 3950 1470 4023 δὴ
1492 3954 1585 4006 ἐπὶ
1607 3953 1806 4022 κτῆνος
1831 3969 1976 4025 παρο

391 4041 762 4112 αιτησαμένου
821 4044 879 4096 ὲν
915 4045 983 4115 τῇ
1017 4042 1204 4115 ἀμάξῄ
1236 4044 1660 4115 σταυρώσαντες
1687 4044 1974 4100 ἀνέκλιναν

391 4135 482 4189 τὸν
514 4135 806 4205 μακάριον.
843 4131 953 4190 Ἦν
991 4136 1101 4208 γὰρ
1136 4122 1331 4200 ἄτονος
1356 4137 1478 4200 ὅλος
1508 4136 1587 4207 τῷ
1629 4136 1847 4207 σώματι
1879 4139 1976 4192 καὶ

389 4229 861 4299 τεταπεινωμένος
895 4230 960 4282 ὲκ
998 4229 1095 4299 τῆς
1125 4228 1452 4299 ἀσκήσεωςο
1507 4229 1606 4283 καὶ
1647 4229 1880 4299 μάλιστα
1912 4230 1976 4282 ὲκ

394 4320 499 4374 τῶν
528 4322 727 4384 πόνων,
782 4321 858 4384 ὡς
894 4321 990 4375 καὶ
1023 4321 1226 4393 ἰχῶρας
1283 4318 1490 4388 ἐξιέναι
1544 4322 1640 4375 σὺν
1665 4321 1937 4392 σκώληξιν
1959 4338 1972 4353 ·

392 4416 450 4466 ἒν
506 4408 588 4476 οἷς
631 4412 888 4484 Θεόφιλός
946 4431 1031 4475 τις
1081 4414 1329 4485 ὀνόματι,
1384 4413 1683 4486 θερμότητι
1741 4415 1975 4478 πίστεως

2068 3235 2185 3277 sam
2207 3218 2321 3274 ﬁeri
2345 3218 2736 3288 precationem,
2756 3229 2865 3269 non
2886 3211 3110 3268 tradidit
3131 3211 3392 3281 seipsum.
3417 3207 3528 3264 Illis
3556 3221 3653 3262 au-

2070 3324 2178 3371 tem
2199 3313 2683 3377 insultantibus,et
2710 3307 2900 3365 cellam
2927 3306 3225 3363 dissolvere
3242 3316 3430 3359 rursus
3460 3316 3652 3373 aggre-

2071 3404 2363 3471 dientihus,
2398 3413 2454 3458 ct
2482 3401 2617 3456 nihil
2634 3400 2854 3456 omnino
2876 3397 3182 3453 valentibus
3210 3394 3441 3461 efﬁcere,
3467 3393 3658 3448 beatus

2072 3512 2195 3554 cum
2255 3498 2527 3567 signasset
2569 3478 2770 3558 seram,
2799 3500 2855 3547 et
2886 3499 2970 3545 ter
3023 3489 3272 3553 dixisset,
3329 3485 3658 3543 Benedictus

2074 3591 2358 3653 Dominus,
2393 3589 2508 3644 miti
2529 3603 2665 3643 voce
2692 3585 2979 3657 imperavit
3003 3582 3330 3648 artificibus,
3355 3589 3409 3636 et
3436 3581 3516 3635 sic
3539 3579 3659 3648 ejus

2078 3680 2353 3735 voluntate
2404 3676 2636 3732 sublatis
2676 3675 2899 3737 tabulis,
2933 3686 3053 3742 quae
3082 3680 3237 3726 erant
3293 3668 3460 3724 clavis
3486 3666 3659 3722 allisa;

2075 3772 2196 3844 ejus
2227 3770 2500 3834 fenestrae,
2525 3783 2648 3823 eum
2681 3766 2985 3838 eiecerunt.

2146 3859 2315 3917 XXV.
2355 3860 2802 3915 Astiteruntvero
2835 3855 3078 3926 jumenta
3099 3862 3153 3908 et
3183 3867 3398 3917 currus,
3426 3859 3487 3906 ut
3528 3864 3654 3905 eum

2077 3954 2431 4019 collocarent,
2462 3949 2551 4003 ubi
2579 3940 2739 4003 vellet
2775 3945 3095 4001 ascendere.
3128 3941 3261 3996 Cum
3285 3952 3465 3997 autem
3499 3952 3659 3995 recu-

2078 4053 2257 4100 sasset
2293 4041 2461 4097 locari
2492 4054 2658 4109 super
2699 4035 3029 4105 iumentum,
3086 4041 3261 4090 strato
3296 4046 3482 4098 curru,
3528 4044 3658 4085 san-

2079 4148 2225 4193 ctum
2263 4136 2315 4188 in
2355 4149 2420 4189 eo
2450 4131 2790 4186 reclinat-unt
2816 4131 2962 4199 (erat
2985 4128 3129 4182 enim
3162 4124 3468 4180 imbecillus
3486 4132 3539 4179 et
3562 4122 3661 4177 de-

2075 4230 2257 4299 iectus
2284 4236 2396 4282 toto
2423 4237 2675 4295 corpore,
2706 4236 2774 4277 ex
2803 4221 2970 4275 nimia
3015 4204 3429 4284 exercitatione,
3461 4224 3516 4270 et
3538 4228 3660 4268 nta-

2082 4321 2225 4374 xime
2252 4334 2318 4372 ex
2357 4315 2662 4380 laboribus,
2700 4314 2912 4367 adeout
2940 4310 3115 4365 exiret
3155 4308 3335 4362 sanies
3379 4320 3500 4360 cum
3532 4319 3659 4360 ver-

2081 4412 2305 4481 mibus).
2332 4410 2478 4465 Inter
2503 4423 2638 4478 quos
2672 4405 2913 4476 quidam,
2935 4403 3151 4456 nomine
3173 4397 3524 4469 Theophilus,
3543 4397 3657 4452 acri

392 4504 789 4576 προσδραμὼν,
815 4504 889 4569 ὡς
917 4501 1057 4558 εἶδεν
1082 4506 1352 4576 ἐκρυέντα
1377 4508 1470 4561 τὸν
1502 4508 1665 4560 αὐτοῦ
1696 4507 1864 4579 όνυχα
1882 4507 1966 4561 τοῐ

2082 4503 2188 4558 [ide
2213 4515 2533 4564 accurrens,
2556 4513 2679 4553 cum
2712 4496 2940 4550 vidisset
2969 4491 3242 4547 elilnxisse
3268 4503 3503 4558 unguem
3542 4502 3662 4541 ma-

395 4596 638 4665 μεγάλου
666 4597 941 4650 δακτύλου
971 4595 1065 4649 τοῦ
1088 4596 1265 4662 δεξιοῦ
1295 4597 1460 4660 ποδὸς
1493 4597 1660 4653 αὐτοῦ
1693 4598 1971 4667 ἀφείλατο.

405 4687 465 4741 ⁸0
497 4688 555 4741 δὲ
578 4688 734 4757 ἅγιος
763 4688 1010 4757 ἀλγήσας
1059 4687 1165 4757 ἔφη
1210 4686 1359 4758 αὐτῷ
1380 4703 1392 4717 ·
1432 4688 1605 4755 Κάγὼ
1637 4688 1977 4760 ὁμοιοπαθὴς

394 4781 683 4852 ἄνθρωπός
722 4782 861 4852 εἶμι,
896 4782 992 4835 καὶ
1025 4783 1098 4852 μή
1138 4799 1228 4852 μοι
1264 4781 1470 4845 κόπους
1525 4782 1841 4853 παρείχετε.
1887 4782 1976 4845 Ὠς

392 4872 452 4927 δὲ
494 4870 633 4942 μετὰ
657 4870 903 4935 πλείονος
932 4871 1165 4940 θορύϐου
1186 4873 1301 4935 τοῖς
1338 4870 1527 4942 βουσὶν
1557 4871 1855 4925 ἐπέταττον
1882 4872 1976 4924 τοῦ

393 4964 728 5035 ἀποκινῆσαι
781 4964 881 5035 τὴν
940 4964 1182 5034 ἅμαξαν,
1240 4967 1291 5018 οἱ
1347 4950 1758 5035 ἀπεσταλμένοι
1827 4964 1976 5017 οὐδὲν

394 5060 592 5130 ἤνυον·
634 5060 912 5130 ἀκινήτων
967 5061 1060 5113 ἐπὶ
1115 5060 1252 5114 πολὺ
1297 5059 1570 5130 μενόντων
1597 5058 1707 5112 τῶν
1738 5057 1974 5129 κτηνῶν,

393 5153 637 5218 ἀπεινῶς
689 5152 919 5208 τύπτειν
968 5153 1290 5225 ἐπεχείρουν
1320 5154 1414 5207 καὶ
1446 5155 1556 5216 τοῖς
1603 5152 1849 5224 κέντροις
1878 5151 1979 5224 ’τὴν

394 5246 558 5317 δορὰν
580 5246 761 5302 αύτῶν
787 5237 1134 5318 τιτρώσκειν.
1184 5246 1453 5310 Ἀνιαθεὶς
1503 5246 1684 5299 τοίνυν
1734 5247 1763 5299 ὁ
1795 5244 1977 5316 μακά-

400 5357 515 5411 ριος
553 5340 650 5394 καὶ
682 5339 999 5395 παύσασθαι
1055 5339 1479 5411 παρεγγυήσας,
1513 5336 1593 5408 τῷ
1652 5338 1873 5408 σταυρῷ
1902 5336 1980 5408 τῷ

399 5430 645 5503 συνήθως
692 5432 755 5485 ἐν
781 5430 973 5502 χερσὶν
1001 5430 1169 5484 αὑτοῦ
1222 5431 1291 5484 τὰ
1338 5431 1513 5502 κτήνη
1547 5430 1859 5500 σφραγίσας
1885 5431 1982 5485 καὶ

394 5520 583 5596 ᾑρὲμα
606 5523 792 5587 αὐτοῖς
823 5523 1107 5591 ἐπιτάξας,
1141 5522 1242 5593 τὴν
1283 5523 1510 5595 πορείαν
1542 5523 1801 5577 ἐποιεῖτο.

469 5703 619 5770 K7.
652 5700 811 5757 Κατὰ
839 5702 895 5756 δὲ
926 5703 1025 5775 τὴν
1058 5701 1176 5757 όδδν
1206 5702 1512 5758 ύπαντᾶται
1559 5701 1826 5774 γεωργοῖς
1855 5701 1979 5757 ὀδυ-

402 5794 657 5869 ρομένοις
694 5797 788 5851 καὶ
844 5795 1122 5852 κλαίουσιν
1174 5795 1262 5852 διὰ
1317 5796 1386 5850 τὰ
1435 5794 1605 5864 ἄλογα
1645 5794 1847 5864 αὐτῶν,
1897 5795 1977 5848 ὅτι

2079 4596 2169 4664 gni
2200 4593 2349 4664 digiti
2382 4591 2587 4656 dexteri
2620 4588 2738 4659 ejus
2794 4588 2966 4658 pedis,
3000 4600 3121 4639 eum
3150 4581 3391 4638 abstulit.
3428 4578 3663 4635 Sanctus

2081 4702 2210 4743 vero
2244 4687 2437 4741 dolens
2467 4683 2644 4738 dixit:
2678 4679 2893 4744 Frater,
2928 4695 3027 4746 ego
3058 4690 3272 4748 quoque
3315 4691 3433 4730 sunt
3469 4674 3656 4739 homo,

2083 4778 2354 4834 obnoxius
2381 4773 2573 4831 iisdeni
2598 4772 2799 4844 quibus
2830 4787 2925 4826 vos
2975 4755 3476 4834 aliectionihus,ne
3526 4766 3661 4821 mihi

2080 4870 2392 4927 exhibeatis
2428 4867 2762 4924 molestiam.
2797 4864 2929 4919 Cum
2958 4872 3141 4916 autem
3196 4875 3319 4915 cum
3356 4872 3553 4929 magno
3577 4867 3667 4912 tu-

2083 4964 2255 5020 multu
2314 4963 2648 5033 imperarent
2709 4956 2882 5012 bobus
2919 4955 2951 5008 ii
2985 4954 3076 5023 qui
3136 4952 3284 5008 missi
3335 4950 3572 5012 fuerant,
3607 4958 3664 5003 ut

2084 5065 2398 5111 emoverent
2427 5068 2666 5116 currunt,
2717 5060 2772 5106 et
2821 5048 2953 5103 nihil
2984 5045 3282 5111 edicerent,
3317 5044 3406 5099 diu
3456 5044 3665 5098 anima-

2086 5149 2227 5203 libus
2277 5146 2628 5202 manentibus
2658 5141 3050 5203 immobilibus,
3081 5146 3362 5209 casperunt
3397 5150 3492 5192 eos
3541 5149 3668 5188 cru-

2084 5242 2280 5295 deliter
2303 5241 2617 5303 verberare,
2639 5245 2691 5291 et
2711 5220 2948 5289 stimulis
2970 5233 3158 5303 pellem
3184 5245 3370 5286 eorum
3394 5227 3662 5284 sauciare.

2085 5332 2252 5405 Egre
2284 5332 2465 5389 ferens
2483 5343 2615 5401 ergo
2646 5329 2858 5393 beatus,
2886 5341 3007 5380 cum
3030 5325 3281 5394 inussisset
3303 5337 3398 5377 eos
3420 5333 3663 5381 cessiare,

2085 5439 2139 5482 et
2174 5440 2356 5490 cruce,
2381 5439 2567 5496 quam,
2599 5432 2655 5477 ut
2680 5420 2904 5479 solebat.
2936 5418 3170 5473 habebat
3202 5418 3252 5471 in
3285 5413 3557 5479 manibus,
3589 5412 3666 5467 si-

2084 5527 2306 5588 gnasset
2340 5515 2618 5581 animalia,
2651 5524 2705 5568 et
2734 5512 2814 5567 eis
2857 5512 3038 5566 statim
3074 5510 3416 5578 imperasset,
3443 5518 3505 5560 ea
3538 5501 3668 5558 fecit

2085 5606 2180 5661 iter
2210 5604 2441 5671 ingredi.
3255 5666 3262 5673 ‘

2158 5689 2350 5752 XXVI.
2386 5697 2441 5751 ln
2464 5696 2546 5751 via
2573 5701 2752 5749 autent
2783 5692 3019 5749 occurrit
3055 5689 3307 5761 agricolis
3348 5684 3670 5743 debentibus

2086 5800 2138 5850 et
2162 5789 2590 5856 lamentantibus
2629 5797 2854 5861 propter
2878 5800 3010 5844 suas
3034 5784 3259 5849 bestias.
3288 5780 3431 5854 quod
3455 5778 3666 5838 scilicet
