4160 6426
514 344 671 449 1396

1691 384 1975 446 MENSIS
2010 380 2528 443 FEBRUARIUS.

3644 378 3803 448 1400'

514 504 832 565 paterentur
886 496 1030 551 sicut
1085 495 1369 559 homines,
1418 503 1627 549 vexata:
1698 497 1762 549 ab
1804 492 2099 548 immundis

2205 489 2463 562 ἔπασχον,
2491 491 2745 563 καθάπερ
2773 488 3074 563 ἄνθρωποι,
3106 491 3214 546 ὑπὸ
3244 491 3574 559 πνευμάτων
3596 484 3809 562 61106-—

514 578 816 658 spiritibus.
848 588 1103 645 Misertus
1135 589 1320 659 itaque
1352 589 1565 656 beatus,
1595 604 1717 644 eum
1763 604 1954 643 omnes
1974 588 2095 658 jus-

513 682 676 736 sisset
706 682 941 737 intentos
972 696 1093 736 esse
1123 682 1385 747 orationi,
1410 690 1464 737 et
1487 697 1553 737 ex
1588 683 1696 736 imo
1719 681 1886 737 corde
1920 681 2097 752 suspi-

515 780 711 838 rasset,
746 781 802 827 et
833 771 946 827 Deo
973 772 1361 843 supplicasset,
1396 789 1490 830 eas
1521 774 1751 829 curavit.

581 951 800 1008 XXVII.
837 951 1094 1019 Quaedam
1125 963 1308 1010 autem
1372 956 1570 1010 mulier
1600 957 1774 1025 passis
1808 957 2021 1026 capillis
2043 958 2093 1012 ei

514 1062 637 1099 mox
666 1047 911 1100 occurrit
943 1047 994 1100 in
1034 1047 1140 1113 via,
1166 1064 1286 1119 quae
1311 1050 1473 1106 etiam
1504 1051 1570 1105 ad
1616 1067 1739 1105 cum
1781 1051 2097 1106 attulit-in-

513 1138 716 1193 fantem
739 1139 961 1193 circiter
987 1138 1151 1194 trium
1206 1156 1494 1204 annorum.
1523 1142 1614 1211 qui
1661 1142 2040 1210 possidebatur
2064 1158 2093 1197 a

512 1231 782 1285 daemone.
807 1227 994 1284 Justus
1023 1244 1155 1284 vero
1180 1245 1304 1284 cum
1341 1246 1463 1284 eum
1495 1231 1742 1296 vidisset,
1783 1233 1950 1300 cmpit
1980 1248 2096 1286 ma-

514 1337 616 1377 nus
655 1324 972 1386 extendere,
1005 1331 1058 1374 et
1082 1321 1355 1392 lacrymas
1377 1322 1686 1389 eﬂnndere,
1720 1332 1776 1377 et
1816 1325 1999 1378 dicere
2030 1324 2097 1377 iis

513 1413 606 1483 qui
640 1414 867 1466 aderant
898 1429 912 1464 :
951 1408 1030 1465 Ne
1052 1411 1396 1477 existimetis,
1429 1420 1465 1466 o‘
1493 1411 1618 1476 viri,
1645 1411 1737 1481 qui
1771 1412 1935 1467 corde
1962 1414 2095 1468 estis

514 1502 807 1565 submersi,
845 1502 990 1555 hunc
1022 1516 1246 1572 puerum
1283 1516 1562 1570 peccasse,
1597 1512 1648 1558 et
1687 1504 1867 1557 vexari
1904 1503 1971 1558 ab
1997 1504 2097 1558 im-

512 1594 716 1648 mundo
736 1594 929 1661 spiritu
970 1611 983 1647 :
1011 1594 1104 1648 sed
1133 1594 1234 1649 hoc
1262 1605 1483 1665 prapter
1508 1607 1608 1651 nos
1640 1595 1869 1666 contigit
1889 1604 1943 1651 et
1968 1612 2096 1666 pro-

512 1696 633 1751 pter
673 1696 913 1740 nostram
949 1687 1404 1754 conversionem;
1445 1698 1567 1744 erat
1604 1689 1749 1744 enim
1797 1688 1979 1745 vultus
2014 1690 2096 1744 in-
2144 1718 2147 1719 ν

510 1775 677 1832 {antis
725 1792 866 1848 pene
923 1794 1248 1835 conversus.
1292 1778 1429 1836 Cum
1479 1784 1613 1848 ergo
1665 1791 1920 1852 precatus
1949 1792 2094 1838 esset

2208 597 2346 651 μενα
2377 581 2726 654 ἀκαθάρτων.
2759 582 3189 653 Σπλαγχνισθεὶς
3214 581 3307 635 οὖν
3324 583 3353 636 ὀ
3386 581 3659 652 μακάριος
3686 583 3788 638 καὶ

2203 672 2333 732 τοὺς
2366 672 2576 736 πάντας
2641 674 2833 740 στῆναι
2885 675 2966 736 εἰς
3017 672 3328 745 προσευχήν
3368 664 3689 741 ἐπιτρέψας,
3718 674 3788 727 ἐκ

2207 763 2404 833 βάθους
2442 765 2543 835 τῆς
2588 766 2820 835 καρδίας
2870 765 3036 819 αὑτοῦ
3068 765 3356 831 στενάξας,
3384 762 3603 818 καὶτὸν
3649 763 3788 819 Θεὸν

2206 850 2515 914 ίκετεύσας,
2544 852 2923 923 ἐθεράπευσεν
2963 855 3121 909 αύτά.

2274 942 2404 997 KZ'.
2437 944 2580 1013 Γυνὴ
2618 945 2675 999 δέ.
2731 963 2818 1008 τις
2849 945 3149 1016 λυσίκομος
3183 949 3300 1018 μετ’
3349 948 3530 1016 ὀλίγον
3566 949 3787 1020 ὑπαντᾷ

2206 1035 2356 1103 αὐτῷ
2383 1037 2441 1089 ἐν
2461 1038 2526 1108 τῇ
2558 1038 2681 1108 ὀδῷ,
2715 1040 2749 1109 ἢ
2778 1040 2870 1092 καὶ
2906 1042 3258 1111 προσήγαγεν
3287 1043 3438 1111 αύτῷ
3471 1043 3678 1098 παιδίον
3706 1044 3786 1107 ὡς

2203 1126 2471 1181 ἐνιαυτῶν
2508 1130 2678 1199 τριῶν
2728 1133 3134 1201 κατακυρισθέν
3184 1134 3290 1187 ὑπὸ
3324 1134 3600 1203 δαίμονος.
3637 1137 3698 1189 '0
3726 1137 3787 1190 δὲ

2204 1218 2414 1283 δίκαιος
2447 1220 2787 1291 θεασάμενος
2836 1224 2990 1290 αὐτὸ,
3027 1225 3235 1295 ἤρξατο
3264 1227 3364 1289 τάς
3394 1230 3586 1298 χεῖρας
3614 1228 3793 1283 ὲκτεί-
3868 1250 3871 1251 ⁷

2204 1324 2316 1363 νειν
2347 1311 2441 1363 καὶ
2473 1312 2542 1364 τά
2563 1311 2774 1384 δάκρυα
2804 1315 3104 1385 προφέρειν
3136 1317 3391 1388 καὶπρὸς
3419 1318 3549 1382 τοὺς
3582 1321 3790 1389 παρόν-

2203 1417 2300 1464 τας
2328 1401 2538 1470 λέγειν·
2562 1403 2654 1474 Μὴ
2682 1401 2965 1475 νομίσατέ,
2998 1401 3046 1463 ὦ
3065 1408 3300 1478 ἄφρονες
3322 1449 3337 1473 ,
3396 1408 3789 1480 βεὸυθισμένοι

2203 1494 2325 1556 ταῖς
2347 1492 2621 1560 καρδίαις,
2643 1495 2727 1549 ὅτι
2744 1497 2804 1549 τί,
2829 1497 3028 1570 βρέφος
3048 1498 3208 1553 τοῦτο
3228 1500 3477 1570 ἥμαρτεν
3500 1501 3595 1553 καὶ
3611 1501 3813 1571 exist;

2204 1600 2296 1638 ται
2324 1585 2431 1639 ὑπὸ
2456 1586 2773 1657 πνεύματος
2813 1588 3153 1657 ἀκαθάρτου,
3186 1591 3325 1661 ἀλλὰ
3348 1591 3508 1645 τοῦτο
3540 1592 3607 1645 δι’
3639 1595 3794 1663 ἡμᾶς

2207 1675 2433 1744 συνέϐη,
2469 1678 2564 1731 καὶ
2606 1677 2698 1731 διὰ
2725 1679 2823 1750 τὴν
2848 1681 3128 1750 ἡμετέραν
3161 1682 3536 1752 ἐπιστροφήν
3571 1679 3640 1753 ἦν
3676 1685 3797 1753 γὰρ

2204 1768 2301 1821 καὶ
2326 1768 2387 1821 τὸ
2427 1770 2724 1840 πρόσωπον
2747 1770 2844 1825 τοῦ
2872 1773 3087 1826 παιδίου
3119 1774 3200 1836 είς
3231 1774 3297 1828 τὰ
3320 1775 3498 1828 ὀπίσω
3521 1776 3792 1847 στραφὲν.

513 1869 704 1923 beatus
738 1869 1061 1935 Auxentius,
1090 1878 1145 1925 et
1194 1870 1530 1941 increpasset
1564 1873 1898 1928 immundum
1928 1875 2092 1942 Spiri-

2206 1860 2518 1932 Εὐξάμενος
2544 1860 2640 1916 οὖν
2660 1864 2688 1915 ὁ
2720 1865 3017 1959 μακάριος,
3049 1866 3147 1920 καὶ
3184 1869 3519 1939 ἐπιτιμήσας
3547 1867 3625 1938 τῷ
3647 1869 3792 1921 ἀκα-

513 1974 652 2025 tum,
714 1961 987 2030 inspirans
1032 1963 1083 2016 in
1124 1962 1320 2018 faciem
1370 1963 1618 2028 infantis,
1671 1979 1793 2020 eum
1859 1965 2095 2021 curavit.

512 2053 746 2120 Egresso
771 2053 916 2107 enim
947 2053 1184 2123 maligno
1234 2063 1290 2109 et
1321 2056 1660 2112 exsecrando
1689 2056 1955 2123 daemone,
1996 2057 2096 2113 fuit

510 2145 630 2213 ejus
659 2142 841 2199 vultus
872 2145 1020 2200 sicut
1056 2144 1207 2213 prius
1242 2145 1552 2229 restitqtus.
1579 2144 1825 2214 Cumque
1854 2163 1977 2203 eum
2003 2163 2095 2202 sa-

514 2252 641 2291 num
692 2239 992 2305 recepisset
1044 2237 1264 2305 mulier,
1306 2238 1526 2294 domum
1556 2239 1717 2295 rediit
1747 2239 1867 2295 laeta
1897 2249 1952 2297 et
1984 2239 2095 2297 Deo

511 2344 680 2399 agens
709 2330 931 2394 gratias.

583 2412 819 2488 XXVIII.
851 2421 1062 2477 Rursus
1100 2430 1280 2477 autem
1312 2422 1363 2478 in
1384 2423 1472 2478 via
1497 2422 1673 2493 puella
1702 2423 1969 2495 quadam,
2005 2438 2097 2479 ne-

514 2513 623 2583 ptis
654 2512 908 2569 Dorothei
930 2515 1169 2581 comitis,
1208 2530 1274 2570 ex
1327 2516 1765 2586 peregrinatione
1814 2517 1869 2572 in
1904 2517 2095 2571 lectica

515 2606 656 2660 renit
696 2613 886 2660 vexata
914 2622 943 2660 a
966 2622 1109 2661 saevo
1147 2609 1418 2662 daemone.
1450 2607 1623 2674 Quam
1648 2608 1810 2666 etiam
1832 2623 1862 2663 a
1886 2609 2096 2664 modico

511 2697 689 2765 spatio
725 2698 892 2752 allisit
924 2699 1073 2752 humi
1108 2699 1423 2755 immundns
1472 2701 1701 2770 spiritus
1753 2718 1820 2757 ex
1877 2702 2093 2758 lectica.

511 2787 643 2841 Cum
680 2800 860 2844 autem
887 2792 1240 2854 surrexisset,
1280 2794 1450 2847 scissa
1503 2803 1654 2849 veste
1700 2778 1980 2849 concurrit
2028 2795 2094 2848 ad

510 2899 754 2948 currunt,
786 2883 838 2937 in
870 2900 978 2952 quo
1026 2894 1146 2938 erat
1201 2886 1414 2952 beatus,
1470 2887 1676 2941 latrans
1719 2896 1773 2943 et
1801 2887 2042 2944 clamans
2080 2905 2092 2940 :

512 2975 653 3041 Quid
721 2976 813 3031 tihi
854 2977 928 3030 rei
960 2991 1173 3031 mecum
1207 2991 1316 3044 est,
1348 2979 1592 3036 Auxenti
1626 2981 1795 3050 ?quid
1826 2996 1911 3036 me
1947 2981 2098 3036 uris?

511 3067 643 3136 quid
703 3083 787 3121 tne
839 3070 1237 3138 persequeris?
1285 3068 1507 3126 Utinam
1565 3072 1813 3127 abortum
1877 3072 2097 3129 fecisset

512 3168 718 3225 uterus,
768 3161 861 3231 qui
928 3169 981 3215 te
1040 3162 1250 3230 peperit
1302 3162 1369 3217 ad
1405 3173 1652 3218 nostrum
1679 3166 1926 3221 exitium.
1959 3167 2097 3222 Ecce

510 3253 655 3305 enim
688 3266 811 3307 cum
871 3254 1288 3323 quatuordecim
1346 3269 1524 3311 annos
1574 3255 1831 3313 latuerim
1890 3258 1943 3313 in
1995 3259 2099 3314 hac

510 3352 785 3406 creatura,
817 3347 1003 3400 studes
1033 3361 1119 3401 me
1146 3345 1218 3400 ab
1247 3362 1311 3402 ea
1344 3350 1776 3414 separare.Cum
1805 3362 1984 3407 autem
2020 3353 2098 3407 vi-

512 3435 688 3489 disset
726 3435 928 3490 Christi
965 3452 1177 3502 servus,
1215 3438 1421 3492 athleta
1454 3440 1761 3496 Auxentius
1791 3441 1912 3511 ejus
1945 3443 2101 3497 nudi-

511 3535 697 3593 tatem,
726 3543 847 3581 cum
879 3540 1177 3583 vexaretur
1209 3544 1238 3583 a
1270 3530 1538 3597 dtentone,
1573 3548 1772 3603 magna
1816 3535 1893 3587 ira
1925 3535 2100 3604 perci-

513 3628 623 3683 tus,
650 3635 759 3675 non
788 3620 918 3676 sivit
947 3636 1068 3676 eam
1104 3620 1253 3691 loqui
1288 3638 1302 3677 :
1337 3622 1432 3678 sed
1465 3638 1588 3678 cum
1626 3625 1961 3695 increpasset
2000 3626 2101 3680 im—

511 3711 771 3765 mnndum
840 3712 1121 3781 spiritum,
1182 3712 1425 3770 clamans
1487 3732 1685 3787 magna
1737 3733 1889 3784 voce,
1915 3717 2095 3773 dixit:

498 3805 805 3874 ,Iigredere,
843 3804 1121 3861 immunde
1152 3807 1404 3874 spiritus,
1456 3822 1521 3861 ex
1580 3808 1680 3863 hac
1734 3820 2010 3874 creatura,
2046 3810 2098 3865 in

511 3897 729 3951 nomine
768 3897 977 3952 Domini
1019 3898 1191 3952 nostri
1223 3897 1352 3955 Jesu
1393 3897 1621 3963 Christi,
1659 3900 1749 3969 qui
1784 3901 2098 3957 incarnatus

513 3986 617 4040 fuit
674 3994 740 4042 ex
794 3987 1004 4055 Spiritu
1037 3998 1231 4045 sancto
1269 3999 1326 4043 et
1364 3988 1534 4045 Maria
1569 3989 1812 4059 Virgine.
1850 3991 2099 4046 Stridcns

514 4081 695 4145 itaque
729 4089 784 4133 et
814 4078 1027 4145 eiulans
1061 4079 1298 4145 daemon,
1333 4081 1470 4137 exiit
1514 4083 1763 4152 protinus
1792 4097 1855 4135 ex
1899 4082 2096 4151 puella,

510 4186 637 4225 cum
681 4185 781 4225 nec
808 4171 856 4224 ei
888 4171 1107 4239 quidem
1160 4169 1353 4228 fuisset
1405 4173 1630 4229 omnino
1659 4174 1979 4243 permissum
2003 4191 2100 4229 uu-

512 4261 630 4330 gari
654 4274 750 4332 per
779 4271 1089 4316 creaturam

583 4441 777 4498 XXIX.
812 4442 1017 4499 Milites
1049 4454 1233 4501 autem
1275 4459 1398 4500 cum
1436 4444 1651 4501 clericis
1691 4455 1743 4501 et
1792 4451 2097 4515 monachis,

2123 3207 2170 3270 C

2203 1952 2388 2024 θάρτιρ
2439 1952 2712 2024 πνεύματι
2765 1952 3098 2027 ἐμφυσήσας
3131 1959 3212 2022 είς
3250 1959 3312 2013 τὸ
3367 1961 3660 2029 πρόσωπον
3688 1961 3793 2014 τοῦ

2204 2044 2442 2112 παιδίου,
2475 2047 2663 2100 ίάσατο
2689 2048 2840 2102 αὐτό.
2889 2048 3308 2119 Ἐξεληλυθότος
3327 2052 3437 2123 γάρ
3462 2052 3557 2105 τοῦ
3587 2053 3793 2124 μιαροῦ

2201 2137 2477 2207 δαίμονος,
2508 2140 2605 2192 καὶ
2641 2139 2701 2191 τὸ
2728 2139 3021 2210 πρόσωπον
3054 2143 3224 2195 αὐτοῦ
3273 2144 3653 2216 ἀπεκατέστη,
3691 2148 3793 2200 καὶ

2202 2229 2331 2299 ὑγιῆ
2360 2228 2493 2283 αὐτὸ
2520 2228 2868 2285 ἀπολαϐοῦσα
2897 2232 2930 2303 ἡ
2960 2233 3163 2306 μήτηρ,
3190 2234 3356 2306 ἀπῄει
3385 2235 3795 2308 εὐχαρίστοῦσα

2201 2319 2279 2391 τῷ
2312 2319 2452 2392 Θεῷ.

2278 2413 2415 2467 κη’.
2451 2414 2622 2468 Πάλιν
2686 2415 2744 2469 δι
2792 2416 2936 2471 κατά
2979 2417 3079 2487 τὴν
3106 2418 3223 2473 ὁδὸν
3277 2420 3415 2492 κόρη
3444 2439 3530 2487 τις
3566 2399 3795 2492 eam;

2202 2503 2479 2574 Δωροθέου
2530 2502 2624 2557 τοῦ
2660 2505 2902 2584 κδμητος
2960 2506 3072 2560 ἀπ’)
3130 2508 3399 2580 ἐκδημίας
3465 2511 3666 2581 ήρχετο
3732 2514 3796 2564 ἐν

2206 2594 2510 2666 βαστερνίῳ
2559 2597 2938 2667 ἐνεργουμένη
2998 2596 3125 2653 ὑπο
3153 2602 3433 2670 δαίμονος,
3463 2605 3530 2675 ἢν
3561 2604 3659 2658 καὶ
3693 2605 3795 2658 ἀπ’

2203 2687 2387 2756 ὀλίγου
2422 2689 2795 2759 διαστήματος
2853 2689 3055 2763 ἔρρηξε
3104 2693 3163 2746 τὸ
3216 2695 3534 2766 ἀκάθαρτον
3570 2696 3795 2768 πνεῦμα

2205 2781 2314 2835 ἀπὸ
2370 2782 2691 2853 βαστερνίου
2724 2785 2804 2848 είς
2829 2784 2927 2855 τὴν
2958 2786 3085 2854 γῆν.
3121 2786 3210 2849 Ὠς
3246 2787 3302 2840 δὲ
3324 2788 3593 2859 παρέστη,
3633 2806 3797 2861 περι-

2207 2875 2512 2945 σχισαμένη
2534 2876 2632 2946 τὴν
2655 2877 2882 2947 ἐσθῆτα,
2912 2877 3135 2947 ἔτρεχεν
3160 2879 3252 2932 ἐπὶ
3274 2878 3374 2949 τὴν
3405 2881 3640 2948 ἄμαξαν,
3664 2883 3727 2933 ἐν

2203 2963 2272 3038 ἦν
2304 2969 2333 3021 ὁ
2367 2969 2663 3039 μακάριος.
2702 2968 3011 3023 ὑλακτοῦσα
3043 2971 3134 3024 καὶ
3175 2971 3454 3040 κράζουσα
3477 2963 3498 3006 ον
3542 2974 3608 3027 Τί
3646 2973 3797 3042 ἔχεις

2209 3062 2328 3131 μετ’
2358 3060 2517 3131 ἐμοῦ,
2552 3061 2834 3128 Δύξὲντιε,
2860 3062 2914 3115 τί
2948 3080 3015 3132 με
3046 3066 3414 3131 κατακαίεις;
3448 3067 3502 3120 τί
3559 3084 3626 3136 με
3665 3066 3797 3120 διώ-

2205 3170 2367 3221 κει;;
2421 3154 2532 3207 εἴθε
2599 3154 2871 3224 ἐψόφησεν
2900 3156 2933 3226 ή
2966 3157 3151 3227 μήτρα
3193 3159 3226 3227 ή
3275 3159 3591 3230 γεννήσασά
3621 3177 3679 3212 σε
3712 3162 3799 3224 είς

2203 3244 2426 3315 ὄλεθρον
2456 3243 2637 3315 ἡμῶν.
2699 3244 2830 3298 Ἰδοὺ
2861 3246 2972 3317 γάρ
2998 3247 3381 3320 δεκατέσσαρα
3415 3249 3513 3321 ἐτη
3538 3266 3797 3321 κεκρυμ-

2205 3337 2369 3408 μένου
2400 3353 2501 3405 μου
2534 3338 2591 3389 ἐν
2632 3338 2696 3406 τῇ
2742 3336 2941 3391 πλάσει
2968 3338 3167 3411 ταύτῃ,
3211 3341 3465 3404 σπεύδεις
3494 3343 3590 3395 τοῦ
3625 3345 3801 3414 χωρί-

2205 3447 2296 3482 σαι
2321 3447 2387 3499 με
2420 3431 2513 3484 ἀπ’
2547 3431 2736 3501 αὐτῆς.
2755 3430 2903 3486 Ἰδὼν
2928 3433 2984 3486 δὲ
3010 3434 3037 3485 ὁ
3062 3433 3303 3504 ἀθλητὴς
3323 3433 3418 3487 τοῦ
3450 3436 3689 3506 Χριστοῦ
3715 3437 3798 3500 ὡς

2203 3521 2530 3590 ἐχειμάζετο
2582 3524 2688 3576 ὑπὸ
2724 3523 2819 3577 τοῦ
2852 3523 3106 3592 δαίμονος
3152 3526 3253 3596 τὴν
3277 3526 3558 3597 γύμνωσιν
3596 3528 3793 3597 αὐτῆς,

2201 3614 2481 3683 ὀργισθεὶς
2517 3613 2677 3686 θυμῷ
2706 3617 2953 3688 μεγάλῳ,
2988 3620 3091 3672 οὐκ
3116 3618 3301 3672 εἴασεν
3331 3619 3502 3690 αὐτὴν
3532 3619 3793 3689 λαλῆσαι,

2202 3707 2319 3761 ἀλλ’
2357 3710 2695 3779 ἐπιτιμήσας
2728 3709 2807 3781 τῷ
2829 3710 3103 3780 πνεύματι
3124 3712 3202 3782 τῷ
3225 3711 3545 3782 ἀκαθάρτῳ,
3580 3714 3794 3783 κράξας

2203 3805 2355 3873 φωνῇ
2392 3802 2607 3875 μεγάλῃ
2639 3798 2791 3855 εἶπεν
2814 3819 2828 3835 ο
2885 3803 3129 3871 Ἔξελθε,
3174 3804 3394 3875 πνεῦμα
3430 3807 3691 3876 πονηρὶν,
3730 3810 3797 3860 ἐκ

2201 3893 2297 3947 τοῦ
2331 3895 2653 3962 πλάσματος
2696 3896 2754 3948 ἐν
2805 3896 2884 3966 τῷ
2924 3896 3151 3966 ὀνόματι
3198 3896 3294 3950 τοῦ
3353 3899 3562 3967 Κυρίου
3633 3901 3797 3970 ἡμῶν

2215 3987 2389 4057 Ἰησοῦ
2446 3978 2696 4057 Χριστοῦ
2756 3987 2851 4041 τοῦ
2916 3989 3295 4059 σαρκωθέντος
3352 3992 3432 4044 ἐκ.
3470 3991 3799 4061 Πνεύματος

2201 4077 2362 4146 ἁγίου
2396 4077 2491 4131 καὶ
2523 4076 2745 4148 Μαρίας
2772 4078 2873 4147 τῆς
2917 4079 3226 4149 Παρθένου.
3265 4080 3537 4148 Στενάξας
3572 4077 3667 4134 οὖν
3698 4085 3799 4137 καὶ

2204 4170 2463 4237 ὀλολύξας
2484 4172 2511 4223 δ
2538 4170 2773 4239 δαίμων,
2801 4168 2989 4239 ἐξῆλθε
3011 4173 3361 4243 παραχρῆμα
3383 4174 3446 4227 ἐκ
3475 4174 3572 4244 τῆς
3592 4177 3793 4245 κόρης,

2208 4262 2343 4334 μηδὲ
2384 4261 2521 4323 ὅλως
2547 4259 2927 4331 συγχωρηθεὶς
2956 4258 3272 4332 φλυαρῆσαι
3293 4261 3383 4315 διὰ
3405 4261 3501 4315 τοῦ
3539 4262 3799 4332 nama-

2201 4369 2313 4405 τος.

2271 4444 2400 4497 ΚΘ’.
2430 4444 2491 4496 Οἱ
2513 4443 2572 4496 δὲ
2615 4448 2946 4515 στρατιῶται
2977 4447 3072 4500 σὺν
3104 4448 3221 4510 τοῖς
3247 4443 3531 4515 κληρικοῖς
3570 4442 3665 4497 καί
3696 4460 3798 4514 μο-

511 4535 602 4605 qui
636 4535 1118 4603 consequebantur
1148 4552 1213 4589 ex
1251 4546 1456 4601 monte,
1487 4552 1610 4590 cum
1670 4539 1914 4594 viderent
1943 4542 2097 4609 signa

2206 4538 2388 4606 ναχοῖς
2418 4539 2531 4600 τοῖς
2585 4539 2970 4609 συνεπομένοις
3025 4541 3176 4608 αὐτῷ
3208 4543 3273 4592 ἐκ
3310 4538 3405 4592 τοῦ
3436 4539 3619 4610 ὅρους.
3653 4535 3800 4591 θεω-

512 4641 633 4696 qute
665 4641 761 4692 per
794 4625 969 4694 ipsum
1024 4626 1258 4681 faciebat
1315 4627 1599 4695 Servatur;
1660 4630 2095 4699 admirabantur,

511 4726 567 4768 et
607 4716 775 4785 magis
808 4717 1132 4771 dubitabant
1165 4734 1328 4786 quam
1375 4721 1687 4782 crederent,
1725 4721 1971 4775 dicentes
1998 4723 2044 4776 ei
2082 4740 2094 4775 :
2135 4732 2146 4741 '

511 4806 638 4861 ΙΙ.νο
680 4807 837 4870 facis,
869 4819 927 4862 ut
973 4810 1152 4864 oculis
1212 4821 1535 4879 appareant,
1563 4826 1596 4866 ο
1656 4811 1844 4867 illusor
1874 4812 2098 4868 Christi.

515 4903 753 4955 Sanctus
790 4912 968 4954 autem
1017 4902 1330 4966 subridens,
1359 4904 1491 4958 dicit
1515 4905 1596 4958 eis
1630 4921 1643 4958 :
1680 4902 1790 4975 Ego
1838 4918 1944 4958 non
1976 4920 2098 4959 sum

512 4992 714 5046 ChriSti
758 4992 966 5057 illnsor,
994 4995 1089 5047 sed
1129 5010 1323 5049 servus
1362 4995 1477 5061 Dei,
1510 4998 1741 5051 credens
1767 4997 1822 5051 in
1848 5006 2096 5052 sanctam

518 5083 876 5153 ejus-demque
930 5087 1188 5140 essentia}
1233 5095 1288 5141 et
1359 5088 1696 5142 individuam
1750 5089 2096 5158 Trinitatem,

514 5174 899 5246 conﬁtemque
927 5176 1334 5248 Dcipat'eutetu,
1357 5188 1606 5236 sanctam
1625 5190 1680 5236 ct
1726 5181 2098 5255 incorruptam

521 5266 825 5342 Virginem.

528 5373 538 5383 '
584 5360 754 5417 XXX.
789 5360 927 5417 Cum
958 5378 1086 5419 vero
1115 5363 1457 5433 pervenisset
1479 5367 1545 5419 ad
1564 5368 1825 5437 praedium
1846 5370 1989 5437 quod
2019 5370 2104 5424 di-

512 5456 653 5510 citur
677 5454 923 5526 Syrides,
945 5456 1163 5526 juvenis
1183 5458 1425 5525 quidam,
1444 5460 1664 5514 nomine
1691 5459 2005 5531 Gregorius,
2032 5479 2100 5517 ex

514 5562 649 5616 pago
692 5546 996 5619 Lyddorum
1038 5548 1138 5618 (6),
1181 5548 1383 5603 habens
1431 5552 1682 5619 spiritqu
1733 5554 2093 5617 immundum,

514 5641 741 5694 accessit
788 5642 853 5694 ad
898 5645 1145 5696 sanetum
1179 5641 1233 5696 in
1278 5642 1523 5697 eamdem
1569 5647 1992 5713 possessionem,
2026 5648 2092 5702 ad

589 5756 665 5822 (6)
693 5758 920 5813 Videtur
955 5758 1303 5834 Lydia‘Asize
1360 5760 1587 5834 Minoris
1642 5762 1791 5834 regis)
1852 5765 2105 5834 intelligi,

520 5824 667 5879 inter
737 5843 898 5894 quam
956 5824 1015 5884 et
1043 5830 1353 5904 Bithyniam
1393 5830 1678 5905 iuterjac’ct
1704 5824 1978 5907 'Phrygia.
2013 5824 2107 5895 Est

2202 4632 2425 4703 ροῦντες
2485 4631 2555 4684 τὰ
2614 4615 2843 4703 σημεῖα,
2886 4631 2922 4685 ἃ
2955 4632 3130 4685 ἐποίει
3161 4631 3232 4684 δι’
3284 4629 3453 4683 αὐτοῦ
3497 4633 3525 4684 ὁ
3572 4631 3795 4701 Σωτὴρ,

2201 4722 2605 4793 ἐξεπλήσσοντο
2638 4725 2733 4777 καὶ
2772 4724 2972 4793 μᾶλλον
2997 4724 3276 4789 ἐδεσταζον
3325 4723 3358 4795 ἢ
3391 4723 3676 4776 ἐπίστευον
3705 4723 3800 4776 λὲο

2203 4834 2392 4885 γοντες
2445 4804 2633 4884 αὐτῷ·
2692 4817 2836 4886 Πρὸς
2888 4816 3375 4887 ὀρθαὶμοπλανίαν
3429 4816 3590 4885 ἡμῶν
3618 4817 3798 4869 ταῦτα

2205 4911 2404 4971 ποιεῖς,
2435 4909 2907 4979 χριστεμπαίκτα.
2973 4909 3032 4963 Ὀ
3059 4909 3113 4962 δὲ
3157 4908 3441 4979 μειδιάσας
3481 4908 3628 4975 λέγει
3655 4908 3799 4976 πρὸς

2214 5002 2410 5065 αύτούς
2437 5018 2449 5030 ·
2490 5001 2630 5069 Ἐγὼ
2654 5002 3135 5072 χριστεμπαξκτης
3154 5002 3254 5054 οὐκ
3280 5002 3416 5071 εἰμὶ,
3444 5001 3580 5054 ἀλλὰ
3609 5000 3800 5063 δοῦλος

2212 5096 2306 5147 τοῦ
2343 5093 2498 5159 Θεοῦ,
2551 5095 2827 5148 πιστεύων
2855 5096 2933 5155 εἰς
2963 5094 3079 5164 ,τὴν
3110 5096 3273 5163 ἁγίαν
3327 5095 3422 5147 καὶ
3484 5095 3799 5163 ἀδιαίρετον

2211 5187 2418 5259 Τριάδα
2451 5187 2543 5240 καὶ
2569 5186 2846 5256 ὁμολογῶν
2891 5186 3154 5240 Θεοτόκον
3184 5186 3286 5258 τὴν
3324 5185 3486 5255 ἁγίαν
3518 5185 3798 5256 ἄφθαρτον

2212 5278 2513 5348 Παρθένον.
3862 5274 3869 5278 ’

2284 5369 2366 5426 Λ’.
2409 5370 2499 5434 Ὠς
2526 5370 2582 5423 δὲ
2613 5368 2852 5438 ἔφθασεν
2876 5369 3065 5423 λοιπὸν
3114 5370 3172 5424 ἐν
3200 5370 3386 5441 χωρίῳ
3412 5370 3797 5443 ἐπιλεγομένῳ

2206 5464 2439 5532 Σιγίδες,
2474 5462 2741 5534 νεώτερός
2759 5480 2842 5526 τις
2873 5464 3097 5533 ὀνόματι
3129 5464 3424 5535 Γρεγόριος
3451 5464 3561 5517 ἀπὸ
3587 5464 3796 5533 χωρίου

2208 5554 2451 5619 Λύδδων,
2471 5552 2609 5623 ἔχων
2636 5552 2852 5621 πνεῦμα
2876 5553 3189 5624 ἀκάθαρτον
3215 5551 3490 5623 προσῆλθε
3510 5552 3589 5622 τῷ
3612 5569 3797 5623 μακα-

2208 5647 2310 5719 ρίῳ
2339 5648 2397 5700 ὲν
2433 5646 2513 5716 τῷ
2562 5644 2711 5716 αὐτῷ
2751 5646 3016 5716 κτήματι,
3072 5646 3430 5717 προσπίπτων
3485 5645 3637 5717 αύεῷ
3695 5646 3797 5700 καὶ

2222 5755 2383 5840 etiam
2416 5763 2595 5840 Lyd-la
2633 5764 3132 5840 .tttbS_Pz_Ii‘atSiinz_n
3189 5766 3534 5836 episcopalis,
3566 5767 3634 5823 de
3685 5782 3793 5840 qua

2228 5842 2294 5896 ad
2331 5836 2503 5897 Vitam
2535 5836 2592 5891 5.
2624 5836 2835 5908 ϐιωτιἰὶ
2867 5836 2935 5893 28
2962 5837 3162 5907 Aprilis
3190 5853 3435 5907 agemus.
