4160 6426
369 374 506 444 1461
1592 390 1597 395 ‘
1632 376 1812 439 VlTA
1859 375 1923 436 S.
1958 389 1976 435 λ

2080 376 2362 439 ΧΕΝΤΙΙ.
2616 444 2621 448 .
3369 441 3381 450 .
3490 383 3633 451 “0?.

359 490 565 558 λέγων·
605 463 861 559 Ἐλέησόν
924 502 1017 557 με,
1065 460 1353 541 δοῦλετοῦ
1380 458 1637 557 ,οῖιίστου
1663 484 1823 551 Θεοῦ,
1864 484 1976 544 δτι,

2080 486 2169 557 jus
2200 489 2362 558 pedes
2385 491 2691 559 procidens,
2718 501 2773 548 et
2795 492 2980 550 dicens
3010 513 3024 551 :
3051 494 3309 561 Miserere
3329 497 3455 565 mei,
3473 514 3635 557 serve

363 582 631 656 ὀχλοῦμαι
690 581 799 634 ὑπὸ
855 580 1111 651 δαίμονος
1166 577 1431 649 πονηροῦ.
1482 577 1542 631 '0
1588 576 1645 630 δὲ
1676 576 1948 647 μακάριος

2080 578 2151 633 )ei
2189 580 2462 645 altissimi,
2515 584 2771 651 quoniam
2819 601 2985 641 vexor
3020 603 3049 640 a
3087 587 3323 657 maligno
3365 588 3635 647 (humane.

362 674 573 736 ἐπιθεὶς
590 672 699 744 ’τὴν
736 673 895 743 χεῖρα
923 672 1020 724 ἐπὶ
1050 669 1150 741 τὴν
1183 667 1429 739 κεφαλὴν
1457 666 1624 720 αὐτοῦ
1654 665 1749 719 καὶ
1777 681 1950 735 προσ-

2080 671 2256 726 3eatus
2282 682 2463 727 autem
2490 674 2812 741 Auxentius,
2847 677 3096 745 imposita
3124 694 3283 732 manu
3302 677 3422 747 ejus
3447 678 3637 749 capiti,

365 767 685 836 ευξάμενος.
707 762 788 833 τῷ
816 763 916 833 μὲν
943 761 1216 830 πνεύματι
1243 759 1580 828 φθέγξασθαι
1606 759 1667 812 οὐ
1709 756 1950 828 συνεχώ-

297 853 303 859 ’
367 875 555 932 ρησεν,
621 854 1006 922 ἐξεληλυθέναι
1055 853 1112 906 δὲ
1145 852 1279 907 αὐτὸ
1318 851 1409 906 διὰ
1464 853 1565 922 τῆς
1597 850 1820 921 χάριτος
1857 846 1952 903 τοῦ

367 951 502 1005 Θεοῦ
560 947 961 1019 ἐπρέσόευσεν.
1039 945 1100 999 Ὀ
1128 944 1223 1008 οῦν
1263 944 1476 1014 δαίμων
1543 944 1797 1010 ἐξελθὼν,
1850 943 1954 997 ὑπὸ

366 1044 610 1106 ἀκάνθας
649 1043 880 1112 πλησίον
904 1039 1006 1109 τῆς
1042 1039 1161 1093 ὁδοῦ
1182 1037 1589 1110 ὑπεκρύπτετο,
1621 1036 1762 1090 ὥστε
1787 1037 1985 1099 ἐπαν-,

369 1139 540 1200 ιόντος
587 1135 682 1190 τοῦ
712 1134 1024 1197 νεανίσκου,
1059 1132 1223 1186 πάλιν
1276 1133 1359 1196 είς
1389 1132 1558 1185 αὐτὸν
1589 1129 1949 1199 ὑποστρέψαι.

364 1229 523 1284 Μετὰ
562 1222 658 1281 οὖν
711 1226 774 1278 τὸ
811 1224 1197 1293 ἀπαλλαγῆναι
1247 1225 1376 1287 τοὺς
1433 1222 1564 1294 βόας
1617 1222 1715 1275 καὶ
1742 1220 1958 1291 μέλλειν

368 1322 566 1381 αὐτοὺς
599 1322 773 1373 κινεῖν
826 1318 929 1387 τὴν
983 1315 1224 1387 ἅμαξαν,
1275 1316 1439 1382 γνοὺς
1471 1317 1530 1369 ἐν
1561 1314 1641 1386 τῷ
1677 1314 1959 1383 Πνεῦματι

366 1414 445 1484 τῷ
473 1413 616 1483 ἁγίῳ
660 1412 689 1465 ὁ
742 1410 1044 1487 μακάριος,Δ
1066 1409 1171 1479 ἔφη
1203 1406 1286 1479 τῷ
1330 1407 1602 1479 νεανίσκῳ
1624 1423 1637 1438 ·
1672 1406 1764 1459 Σοὶ
1791 1405 1958 1473 λέγω,

369 1505 628 1575 νεώτερε,
650 1501 753 1574 ὅρα
783 1506 860 1574 μὴ
887 1502 1133 1573 ἀπέλθῃς
1170 1500 1313 1555 κατὰ
1351 1502 1454 1570 τὴν
1487 1497 1790 1571 ἀριστερὰν
1816 1497 1959 1562 ὁδὸν,

370 1601 438 1654 δι’
462 1596 530 1673 ἧς
557 1596 719 1671 ἦλθες
742 1602 892 1653 ’ἐκεῖ
918 1599 1026 1668 γὰρ
1049 1597 1356 1666 κέκρυπται
1382 1596 1488 1650 ὑπὸ
1517 1594 1778 1655 ἀκανθῶν
1806 1610 1964 1666 περιτ

375 1693 553 1764 μένων
582 1709 642 1745 σε
673 1694 701 1746 ὁ
730 1692 966 1762 πονηρός
988 1708 1001 1722 ·
1034 1690 1174 1745 ἀλλὰ
1208 1691 1348 1743 κατὰ
1374 1689 1474 1759 τὴν
1521 1687 1702 1752 δεξιὰν
1733 1685 1961 1752 ἄπελθε,

338 1805 349 1814 ·
378 1784 719 1854 εὐχαριστῶν
778 1783 856 1854 τῷ
905 1783 1026 1852 Θεῷ
1058 1782 1151 1835 καὶ
1206 1780 1420 1848 λέγων·
1451 1780 1589 1846 Δόξα
1635 1777 1713 1850 τῷ
1764 1777 1961 1848 Πατρὶ,

2059 777 2183 817 cum
2214 774 2359 819 esset
2398 776 2674 833 precatus,
2702 769 2952 835 Spiritum
3000 769 3219 835 quidem
3256 784 3362 823 nou
3392 769 3525 824 sinit
3557 770 3643 824 lo-

2062 857 2179 926 qui,
2219 865 2275 909 ut
2302 856 2418 924 ipse
2448 867 2629 910 autem
2651 857 2848 919 exiret,
2879 873 2974 927 per
3010 858 3211 913 Clu-isti
3245 860 3478 929 gratiam
3516 874 3644 930 pro-

2062 949 2291 1002 Cnravit.
2336 944 2508 1003 Malus
2568 963 2695 1003 vero
2753 948 2960 1004 daemon
2991 965 3263 1020 egressus,
3316 954 3643 1009 Iatebatsub

2063 1042 2217 1112 spina
2250 1050 2470 1110 propter
2499 1042 2663 1108 viam,
2714 1051 2772 1095 ut
2817 1051 3128 1098 reret-teme
3176 1044 3546 1110 adolescente,
3579 1048 3647 1104 ad

2065 1146 2189 1186 eum
2218 1147 2411 1187 rursus
2451 1131 2678 1188 rediret.
2710 1135 3009 1203 Postquam
3039 1145 3216 1189 autem
3245 1139 3486 1203 percussi
3519 1146 3650 1192 sunt

2067 1222 2253 1288 boves,
2283 1231 2340 1277 et
2386 1223 2487 1293 ipsi
2543 1239 2771 1279 currum
2831 1235 3009 1285 erant.
3046 1229 3270 1291 moturi,
3311 1243 3651 1298 cognoscens

2065 1311 2259 1369 beatus
2289 1314 2341 1369 iu
2374 1323 2565 1370 sancto
2615 1312 2845 1384 Spiritu,
2881 1316 3016 1370 dixit
3050 1320 3382 1374 adolescenti
3407 1336 3423 1375 :
3453 1320 3651 1376 Adole-

2067 1420 2248 1471 scens,
2281 1420 2412 1460 cave
2446 1420 2515 1462 ne
2543 1421 2638 1461 eas
2667 1422 2764 1474 per
2811 1408 2954 1462 viam
3000 1408 3304 1474 sinistram,
3339 1427 3438 1480 per
3486 1426 3653 1482 quam

2069 1499 2249 1564 ivisti;
2284 1498 2395 1555 illic
2426 1498 2570 1553 enim
2600 1514 2631 1555 a
2665 1499 2840 1570 spinis
2869 1510 2955 1555 est
2991 1502 3311 1568 absconsus,
3346 1504 3440 1574 qui
3474 1513 3527 1560 te
3554 1520 3653 1561 ex-

2069 1599 2301 1659 spectat,
2331 1591 2605 1662 malignus
2630 1609 2643 1646 :
2668 1591 2765 1648 sed
2783 1597 2916 1648 vade
2943 1594 3009 1648 ad
3034 1595 3335 1661 dexteram,
3352 1595 3467 1649 Deo
3486 1611 3653 1667 agens

2070 1681 2297 1751 gratias,
2323 1690 2379 1738 et
2404 1683 2634 1737 dicens:
2674 1681 2862 1739 Gloria
2901 1683 3069 1750 Patri,
3117 1685 3286 1753 gloria
3335 1684 3494 1751 Filio,
3538 1686 3655 1758 glo-

2074 1773 2156 1828 ria
2217 1773 2447 1846 Spiritui
2487 1786 2699 1843 sancto,
2734 1773 2829 1847 qui
2877 1774 3091 1833 locutus
3120 1787 3203 1834 est
3232 1791 3330 1848 per
3367 1792 3497 1834 suos
3522 1792 3653 1849 pro-

377 1848 615 1944 δόξα-τῷ
644 1874 784 1943 Υίῷ,
827 1848 959 1939 δόξα
998 1848 1087 1942 ’τῷ
1137 1871 1280 1942 ἁγίῳ
1322 1870 1600 1943 Πνεῦματι
1627 1911 1644 1938 ,
1797 1869 1968 1945 λαλήτ

2080 1868 2283 1938 pbetas.

379 1981 535 2020 σαντι
561 1963 651 2019 διὰ
686 1964 798 2020 τῶν
834 1963 1136 2037 προφητῶν
1158 1962 1349 2017 αὐτοῦ.

2525 1964 2559 1976 α

1833 2104 2065 2178 CAPUT
2115 2123 2176 2177 v.

757 2263 889 2331 Quis
914 2264 975 2320 S.
1005 2263 1299 2319 Auxentius
1337 2262 1513 2334 egerit
1569 2258 1855 2328 tuleritque
1898 2260 1953 2315 in
2010 2262 2345 2319 monasteriis
2393 2266 2463 2319 ad
2488 2263 2818 2335 Ruﬁnianus
2849 2273 2899 2319 et
2928 2266 2979 2320 in
3011 2264 3219 2320 Plrclio.

446 2395 572 2453 ΛΜ.
613 2397 751 2471 Ἤδη
798 2400 856 2455 δέ
908 2401 1251 2456 ἐπιστάντων
1289 2401 1382 2454 ’ἐν
1420 2400 1497 2471 τῷ
1556 2389 1852 2472 μαρτυρίιρ
1870 2399 1966 2454 τοῦ

381 2491 540 2559 ἁγίου
601 2489 921 2556 Θαλελαίου,
976 2493 1026 2546 oi
1078 2493 1338 2563 ἑπόμενοι
1392 2491 1539 2563 αὐτῷ
1599 2491 1811 2561 πτωχοὶ
1861 2491 1969 2546 ἀπὸ

381 2577 476 2629 τοῦ
541 2576 701 2648 ὅρους
761 2579 862 2649 τῆς
918 2580 1122 2646 Ὀξίας,
1181 2581 1497 2652 ὀδυρόμενοι
1558 2578 1654 2633 καὶ
1707 2579 1968 2653 θρηνοῦν-

380 2684 473 2732 τες
508 2670 917 2734 συνετάττοντο,
951 2672 1432 2741 κατασπαζόμενοι
1467 2671 1537 2725 τὰ
1567 2673 1691 2725 ὅσια
1727 2673 1848 2742 ῐχνη
1865 2672 1970 2726 αὐ-

382 2762 500 2815 τοῦ.
538 2760 775 2832 Θεωρῶν
803 2763 861 2815 δέ
888 2765 916 2815 ὁ
941 2764 1187 2835 μαθητὴς
1224 2764 1322 2817 τοῦ
1354 2763 1596 2835 Χριστοῦ
1618 2764 1676 2817 τὸ
1699 2764 1975 2834 ἀφόρητον

385 2853 586 2929 πένθος
640 2853 741 2925 τῆς
803 2854 1033 2924 καρδίας
1086 2855 1314 2921 αὐτῶν,
1379 2855 1488 2925 ἔφη
1545 2854 1685 2925 πρὸς
1736 2853 1971 2915 αὒτούξ⁹

397 2945 712 3009 Ἀπέλθετε,
759 2948 950 3010 τέκνα,
1001 2946 1299 3009 καθέζεσθε
1332 2946 1471 3009 τέως
1500 2947 1560 2999 ἐν
1584 2945 1664 3015 τῷ
1689 2946 1835 3016 ὄρει·
1862 2944 1974 3014 ἐγὼ

385 3041 498 3112 γὰρ
524 3041 642 3111 μεθ’
665 3040 821 3110 ὑμῶν
843 3041 984 3109 εἰμι.
1019 3039 1080 3091 Εί
1103 3040 1212 3107 γὰρ
1239 3039 1299 3091 τὸ
1324 3036 1484 3108 σῶμά.
1516 3054 1618 3108 μου
1638 3038 1972 3105 ἀπάγουσιν,

2148 2401 2342 2457 XXXI.
2375 2402 2510 2458 Cum
2533 2414 2712 2460 autem
2734 2404 2847 2475 iam
2867 2382 3226 2461 accessissent
3254 2405 3307 2460 in
3333 2406 3654 2479 martyrium

2078 2499 2255 2551 sancti
2289 2496 2568 2561 Thalelaei,
2596 2513 2717 2553 eum
2742 2510 3034 2568 sequentes
3075 2515 3340 2569 pauperes
3372 2516 3438 2556 ex
3473 2513 3659 2559 monte

2077 2586 2257 2654 Oxem,
2295 2587 2458 2642 simul
2486 2587 2753 2643 deﬂebant
2773 2598 2826 2642 et
2878 2589 3347 2658 lamentabantur,
3374 2602 3430 2647 et
3455 2594 3663 2661 ample-

2077 2681 2359 2736 ctebantur
2382 2688 2568 2735 sancta
2607 2668 2725 2750 ejus
2783 2681 3031 2751 vestigia.
3071 2682 3273 2739 Videns
3300 2701 3428 2740 vero
3449 2687 3654 2743 Christi

2076 2768 2370 2837 discipulus
2421 2768 2720 2825 Auxentius
2772 2769 3164 2827 intolerabilem
3224 2774 3428 2831 luctutn
3479 2780 3662 2834 cordis

2075 2875 2291 2924 eorum,
2316 2860 2453 2914 dixit
2480 2861 2561 2916 eis
2597 2878 2610 2915 :
2646 2859 2827 2927 Abite,
2856 2861 2974 2928 lilii,
3001 2872 3055 2918 et
3088 2867 3272 2919 sedete
3304 2867 3357 2921 in
3390 2879 3574 2924 monte
3604 2870 3658 2927 in

2078 2968 2253 3024 pace;
2299 2969 2397 3023 ego
2435 2954 2607 3016 enim.
2632 2971 2751 3009 sum
2804 2957 3109 3013 vobiscum.
3141 2960 3276 3015 Nam
3313 2964 3414 3018 etsi
3464 2979 3663 3037 corpus

2064 3060 2260 3099 meum
2293 3046 2599 3113 abducunt,
2631 3058 2688 3102 at
2719 3064 2872 3104 meus
2893 3051 3119 3120 spiritus
3144 3062 3230 3108 est
3261 3054 3401 3109 inter
3430 3072 3666 3124 vos,nec

388 3131 526 3187 ἀλλὰ
565 3132 628 3184 τὸ
682 3129 902 3197 πνεῦμά
953 3146 1057 3192 μου
1108 3130 1164 3180 ἐν
1215 3129 1343 3198 ὑμῖν
1374 3127 1607 3193 ἔξεστιν,
1640 3125 1735 3179 καὶ
1779 3127 1840 3179 οὐ
1898 3127 1974 3196 μὴ

2080 3152 2176 3193 vos
2216 3152 2452 3207 unquam
2504 3139 2828 3210 relinquam.
2860 3143 3039 3214 Atque
3084 3147 3284 3203 milites
3307 3152 3521 3218 quidem
3545 3153 3662 3210 ι]ωο

388 3223 770 3293 ἐγκαταλείψω
802 3223 968 3286 ὑμᾶς.
1027 3222 1091 3274 Ol.
1120 3219 1220 3288 μὲν
1240 3218 1333 3273 οῦν
1363 3218 1695 3290 στρατιῶται
1726 3219 1817 3270 ἐπὶ
1849 3216 1973 3271 τού-

384 3332 499 3376 τοις
527 3315 891 3386 ἠγανάκτουν·
917 3315 968 3367 οί
1000 3313 1057 3366 δὲ
1087 3312 1465 3383 ὑπέστρεψαν,
1497 3310 1572 3375 ὡς
1599 3310 1976 3382 ἁπηγγείλατο

389 3408 576 3470 αὐτοῖς
605 3408 632 3457 ὁ
659 3405 917 3475 θεράπων
951 3403 1047 3458 τοῦ
1088 3401 1355 3475 Χριστοῦ.

459 3496 585 3553 AB'.
616 3496 832 3557 Φθάσας
869 3494 962 3549 οῦν
983 3498 1040 3549 ἐν
1071 3494 1149 3566 τῷ
1181 3494 1366 3563 ζεύγει
1394 3494 1474 3557 είς
1500 3494 1561 3547 τὺ
1598 3494 1657 3547 ἐν
1705 3496 1770 3565 τῇ
1812 3492 1977 3566 eam

393 3589 778 3661 μοναστήριον,
826 3587 981 3654 ἄφνω
1015 3587 1281 3656 νεώτερός
1315 3602 1400 3648 τις
1432 3583 1662 3653 ὀνόματι
1704 3584 1978 3653 Ἰσίδωρος

391 3682 597 3755 ἤρξατο
625 3677 1036 3750 δαιμονίζεσϐοιι
1076 3678 1172 3731 καὶ
1212 3677 1340 3748 βοᾷν
1361 3693 1376 3707 ⁶
1405 3673 1477 3729 Ὦ
1515 3677 1622 3730 ἀπὸ
1644 3678 1761 3739 σοῦ,
1783 3675 1983 3739 assev-

390 3794 497 3841 τιε,
522 3774 619 3828 τοῦ
660 3775 736 3844 μὴ
763 3773 1060 3833 δεδωκότος
1100 3785 1190 3840 μοι
1216 3768 1467 3834 ἐξουσίαν
1510 3766 1827 3835 ἀμύνασθαι
1853 3767 1981 3830 τοὺς

393 3866 861 3939 περιφρονοῦντάς
891 3880 952 3916 σε
982 3862 1290 3932 Θεομάχους
1314 3863 1393 3923 είς
1433 3859 1814 3928 ἐξολὸθρευσιν
1841 3857 1979 3927 ἐμοῦ

395 3959 488 4012 καὶ
517 3957 625 4009 τῶν
653 3954 803 4024 ἐμῶν
830 3968 844 3983 ο
870 3953 905 4024 ή
935 3952 1044 4021 γὰρ
1071 3951 1299 4021 πάροδός
1326 3966 1420 4003 σου
1452 3950 1520 4003 τὰ
1548 3949 1729 4002 πάντα
1755 3948 1982 4019 ἡγίασεν

394 4050 491 4104 καὶ
511 4047 848 4118 ἐφυγάδευσε
880 4044 1169 4106 πλείστους
1206 4041 1318 4095 τῶν
1345 4040 1468 4094 καθ’
1498 4042 1671 4113 ήμᾶςτ
1713 4041 1774 4094 Ὀ
1796 4040 1851 4093 δὲ
1879 4058 1984 4110 μα·
2008 4034 2014 4040 ’

395 4142 587 4211 κάριος
615 4138 749 4209 πρὸς
786 4136 952 4201 αὐτον
975 4135 1114 4205 ἔφη·
1153 4133 1364 4198 Σιώπα,
1399 4133 1491 4187 καὶ
1527 4135 1839 4202 πεφίμωσο,
1858 4150 1983 4203 χαι-

399 4233 660 4304 ρεσίκακε
700 4230 935 4298 δαίμων,
976 4230 1037 4282 ἐν
1096 4226 1176 4296 τῷ
1233 4226 1460 4294 ὀνόματι
1518 4223 1695 4294 Ἰησοῦ
1724 4224 1985 4293 Χριστοῦ.

399 4326 727 4392 Κατήγαγον
764 4320 857 4374 οῦν
889 4321 953 4372 ἐκ
986 4319 1089 4389 τῆς
1117 4317 1339 4389 ἁμάξης
1369 4319 1460 4369 τὸν
1502 4316 1657 4383 ἅγιον
1688 4314 1860 4388 ἄνδρα
1892 4313 1988 4368 κ.πύ⁸

397 4418 690 4487 εἰσήγαγον
719 4414 776 4466 ἐν
797 4416 864 4483 τῇ
882 4410 1151 4482 ὲ-κκλησίᾳ
1169 4409 1261 4463 τοῦ
1289 4409 1445 4476 ἁγίου
1477 4407 1750 4461 Ἰωάννου.
1785 4405 1989 4469 Ἑστὼς

2078 3242 2221 3298 aegre
2283 3227 2529 3284 ferebant
2567 3248 2580 3284 :
2618 3247 2883 3301 pauperes
2934 3245 3116 3290 autem
3167 3240 3372 3296 reversi
3425 3253 3557 3298 sunt
3605 3244 3663 3300 in

2078 3328 2341 3386 montem,
2380 3322 2521 3376 sicut
2549 3323 2628 3378 eis
2657 3321 2794 3378 dixit
2822 3324 3022 3381 Christi
3055 3343 3267 3385 servus.

2150 3476 2367 3534 XXXII.
2399 3477 2533 3534 Cum
2565 3480 2619 3534 in
2646 3496 2809 3537 curru
2834 3492 3017 3538 autem
3046 3488 3280 3544 venisset
3300 3491 3365 3543 ad
3395 3502 3672 3552 monaste-

2082 3574 2242 3637 rium,
2273 3575 2414 3640 quod
2439 3583 2559 3628 erat
2593 3575 2647 3628 in
2686 3575 2894 3641 Pbelio,
2925 3591 3145 3647 repente
3167 3580 3387 3649 juvenis
3425 3588 3665 3654 quidam,

2082 3664 2300 3718 nomine
2327 3661 2583 3729 Isidorus,
2601 3666 2767 3733 erupit
2796 3670 2977 3722 vexari
2995 3684 3023 3720 a
3046 3672 3288 3725 daunone
3313 3684 3365 3728 et
3388 3677 3625 3736 clamare
3651 3699 3669 3738 :

2083 3755 2175 3811 Vae
2207 3755 2326 3822 tibi,
2372 3756 2630 3819 Auxenti,
2668 3756 2757 3824 qui
2796 3768 2910 3810 non
2949 3759 3144 3813 dedisti
3173 3762 3303 3817 milii
3350 3774 3671 3829 potestatem

2084 3849 2377 3903 ulciscendi
2418 3849 2615 3917 impios
2640 3848 2872 3903 deorum
2907 3840 3114 3915 hostes,
3139 3855 3231 3920 qui
3267 3864 3315 3907 te
3338 3857 3669 3927 suscipiunt,

2083 3944 2150 3995 ad
2182 3956 2358 3995 meam
2396 3951 2451 3997 et
2485 3956 2727 3997 meorum
2757 3941 3089 4011 perniciem;
3141 3952 3265 3999 tuus
3302 3949 3448 4001 enim
3489 3961 3670 4006 trans-

2085 4032 2196 4089 itus
2220 4033 2403 4087 omnia
2451 4032 2834 4095 sanctilicavit,
2878 4041 2936 4088 et
2987 4033 3193 4103 fugavit
3235 4052 3302 4090 ex
3351 4039 3506 4095 nobis
3553 4041 3671 4109 plu-

2087 4124 2273 4178 rimos.
2299 4123 2442 4177 Dixit
2476 4131 2659 4177 autem
2686 4123 2734 4178 ei
2784 4123 2977 4179 beatus
3010 4141 3024 4178 :
3056 4123 3202 4180 Tace
3249 4137 3305 4180 et
3333 4129 3668 4197 obmutesce,

2086 4219 2177 4289 qui
2218 4219 2372 4273 malis
2400 4219 2623 4288 gaudes,
2665 4218 2899 4284 damon,
2953 4219 3007 4273 in
3042 4219 3246 4275 Christi
3296 4222 3534 4278 nomine.
3572 4223 3676 4279 Dc-

2088 4313 2355 4366 duxerunt
2388 4324 2519 4380 ergo
2542 4324 2573 4365 ο
2612 4325 2776 4365 curru
2804 4310 2979 4365 virum
2998 4310 3224 4381 iustum,
3254 4321 3308 4367 et
3337 4328 3461 4367 eum
3496 4315 3676 4370 intro-

2090 4402 2361 4456 duxerunt
2398 4401 2452 4455 in
2500 4400 2790 4456 ecclesiam
2818 4400 2992 4481 sancti
3038 4400 3285 4456 Joannis.
3336 4401 3500 4457 Stans
3542 4420 3675 4475 ergo

396 4504 489 4563 οὖν
516 4507 865 4578 προσηύξατο
888 4504 980 4556 ἐπὶ
1010 4501 1160 4567 ὥρας
1192 4501 1408 4564 ἱκανὰς,
1431 4501 1519 4553 διὰ
1541 4499 1600 4552 τὸ
1633 4500 1708 4570 μὴ
1729 4498 1976 4553 δύνασθαι

2092 4494 2266 4548 oravit
2334 4493 2497 4548 boras
2552 4493 2784 4563 aliquot,
2832 4501 3116 4562 propterea
3164 4493 3304 4561 quod
3344 4509 3452 4546 non
3489 4505 3678 4564 posset

400 4601 534 4668 γόνυ
560 4599 740 4652 κλῖναι
785 4601 850 4650 ἐκ
879 4594 989 4648 τῶν
1042 4596 1100 4647 ἐν
1138 4597 1250 4656 τοῖς
1283 4594 1443 4646 ποσὶν
1472 4592 1641 4645 αὐτοῦ
1678 4591 1983 4661 μωλώπων.

414 4693 501 4754 Ὠς
539 4690 596 4742 δὲ
660 4688 951 4756 ἐπλήρωσε
1006 4683 1106 4754 τήν
1164 4682 1353 4753 εὐχὴν,
1384 4683 1685 4753 είσήγαγον
1729 4682 1894 4735 αὐτὸν
1928 4683 1987 4735 ἐν

401 4781 841 4854 χαμαιτρικλίνῳ
900 4774 1239 4846 πανταχόθεν
1300 4774 1751 4836 ἀποκλείσαντες·
1803 4771 1897 4826 τοῦ
1930 4773 1987 4827 δὲ

405 4872 849 4944 προσευχομένου
900 4869 1073 4934 ἔνδον,
1123 4866 1228 4932 ἔξω
1264 4864 1535 4936 Ἰσίδωρος
1572 4862 1698 4935 ἰάθη
1728 4865 1756 4917 ὁ
1796 4863 1990 4935 δαιμο-

406 4966 560 5022 νῶν.

479 5064 603 5118 AI".
648 5060 811 5117 Ἀλλὰ
835 5059 974 5128 γυνὴ
1004 5076 1087 5119 τις
1111 5053 1463 5124 Μαξιμιανοῦ
1491 5054 1731 5126 ἡνιόχου,
1766 5053 1990 5124 οίομένη

405 5158 465 5210 ἐν
495 5140 580 5234 τῷ
638 5155 756 5225 ὄρει
798 5154 901 5222 τῆξ
962 5152 1143 5218 Ὀξίας
1179 5147 1319 5204 εἶναι
1365 5149 1460 5201 τὸν
1512 5146 1808 5217 μακάριον,
1858 5141 1992 5215 ἦλθε

408 5233 652 5318 φέρουσα
707 5246 802 5299 ἐπὶ
855 5244 1017 5309 ζώοις
1065 5242 1515 5311 πεφορτωμὲνοις
1566 5239 1769 5304 ἔλαιον,
1827 5233 1991 5301 οἶνον,

406 5339 625 5410 ἄρτους,
655 5337 841 5407 τυρὸν,
874 5335 1099 5405 ὅππρια,
1137 5333 1400 5395 στούπαν,
1449 5330 1676 5402 κηρούς.
1717 5328 1830 5384 Καὶ
1874 5329 1994 5398 σφό-

407 5435 511 5504 δρα
541 5431 641 5500 μὲν
688 5428 933 5500 ἐλυπήθη
971 5426 1046 5497 μὴ
1080 5423 1320 5496 εὑροῦσα
1364 5424 1481 5477 ἐκεῖ
1505 5424 1597 5477 τὸν
1626 5424 1771 5477 ὅσιον
1799 5423 1990 5493 ἄνδραο

408 5525 665 5579 διέδωκεν
692 5523 747 5577 δὲ
779 5523 847 5575 τὰ
869 5521 1047 5573 πάντα
1092 5521 1207 5581 τοῖς
1234 5515 1376 5570 κατὰ
1401 5515 1494 5570 τὸν
1513 5506 1679 5570 τόπον
1713 5531 1995 5586 προσκαρ-

408 5619 627 5687 τεροῦσι
678 5617 933 5685 πτωχοῖς.
970 5612 1245 5682 Κοράσιον
1276 5609 1386 5680 γὰρ
1446 5608 1617 5678 αὐτῆς
1665 5606 1994 5677 ὀχλούμενον

412 5709 516 5764 ὑπὸ
547 5709 802 5776 δαίμονος
856 5704 1063 5775 ἠξιώθη
1120 5702 1339 5765 ἰάσεως,
1375 5702 1472 5756 καὶ
1500 5700 1643 5754 πάνυ
1669 5701 1994 5770 προσέκειτο

414 5800 491 5875 τῷ
530 5800 819 5875 sumain“
879 5797 1210 5870 θαυμάπεισα
1250 5792 1364 5865 οὖν,
1389 5796 1470 5850 ὅτι
1516 5793 1605 5865 βία
1635 5792 1821 5863 σχεδδν
1857 5809 1991 5845 κατ-

2093 4603 2231 4656 genu
2270 4585 2488 4642 ﬂectere
2518 4587 2588 4640 ob
2622 4586 2847 4651 vibices,
2872 4585 2962 4655 qui
2998 4595 3156 4639 erant
3198 4586 3251 4639 in
3282 4586 3398 4640 suis
3424 4586 3673 4654 pedibus.

2093 4679 2388 4748 Postquam
2456 4687 2641 4733 autem
2675 4676 2916 4747 implevit
2941 4691 3072 4731 suas
3101 4691 3315 4745 preces,
3345 4692 3471 4732 eum
3503 4678 3679 4730 iatro-

2099 4771 2368 4825 duxerunt
2426 4769 2479 4824 in
2540 4768 2769 4824 inferius
2809 4768 3129 4833 triclinium,
3189 4768 3425 4836 undique
3475 4769 3676 4824 clausis

2091 4863 2297 4933 jaunis.
2350 4863 2429 4917 Eo
2464 4877 2598 4917 vero
2635 4862 2780 4914 intus
2828 4870 3109 4930 precante,
3142 4860 3273 4914 foris
3309 4859 3408 4915 fuit
3452 4870 3676 4915 curatus

2102 4955 2364 5018 Isidorus,
2395 4955 2484 5024 qui
2520 4955 2816 5008 vexabatur
2844 4967 2874 5006 a
2897 4952 3163 5006 daemone.

2171 5046 2417 5101 XXXIII.
2450 5047 2707 5113 Quaedam
2738 5055 2920 5100 autem
2960 5046 3175 5111 Inulier,
3204 5060 3340 5100 uxor
3361 5041 3676 5099 Maximiani

2066 5142 2322 5212 Ianrigai,
2359 5149 2554 5210 putans
2614 5138 2830 5194 beatum
2891 5138 3217 5193 Auxentium
3251 5150 3371 5191 esse
3401 5136 3454 5190 in
3488 5143 3677 5190 monte

2097 5231 2280 5299 Oxeae,
2310 5233 2478 5297 venit,
2516 5230 2695 5286 ferens
2723 5232 2968 5284 oneratis
2990 5230 3319 5284 animalibus
3353 5229 3561 5291 oleum,
3584 5226 3672 5280 vi-

2098 5341 2250 5394 num,
2283 5339 2500 5395 panem,
2542 5338 2784 5389 caseum,
2811 5323 3103 5391 legumina,
3130 5315 3352 5391 'stupam
3386 5332 3441 5374 et
3468 5331 3676 5373 ceram.

2097 5417 2166 5473 Et
2198 5434 2391 5490 magno
2421 5418 2637 5488 quidem
2684 5418 2875 5485 dolore
2903 5416 2989 5472 est
3023 5415 3242 5482 all‘ecta,
3271 5430 3394 5468 cum
3424 5422 3678 5470 sanctum

2099 5512 2272 5568 virum
2330 5510 2439 5566 illic
2485 5526 2589 5565 non
2655 5509 2974 5564 invenisset.
3005 5507 3290 5563 Distribuit
3324 5522 3453 5564 vero
3491 5505 3680 5563 omnia

2098 5604 2427 5677 pauperibus
2457 5601 2549 5673 qui
2581 5617 2647 5659 eo
2680 5601 2734 5658 in
2766 5602 2884 5659 loco
2909 5600 3352 5672 perseverabant.
3386 5599 3515 5671 Ejus
3530 5598 3679 5654 enim

2099 5697 2300 5768 puella,
2357 5713 2477 5766 qua:
2524 5696 2825 5752 vexabatur
2870 5695 2940 5751 ab
2988 5693 3269 5749 immundo
3302 5695 3570 5752 dicamne,
3604 5691 3678 5746 ab

2102 5791 2216 5862 ipso
2249 5798 2494 5848 assecuta
2531 5789 2711 5846 fuerat
2732 5788 3094 5855 curationem,
3112 5794 3166 5843 et
3202 5787 3363 5843 bcato
3388 5787 3502 5841 viro
3520 5781 3678 5839 valde
