4160 6426
520 307 655 376 1463

1714 323 2000 389 MENSIS
2036 305 2588 395 Festinamus.

3650 335 3790 406 ιιοι

513 426 864 483 erat‘dedita.
907 416 1102 484 Mirata'
1136 443 1268 502 ergo
1307 433 1451 503 quod
1486 434 1537 489 vi
1572 440 1968 507 propemodum
2000 441 2095 496 de-

2204 444 2405 516 ηνέχθη
2440 447 2508 500 ὲκ
2568 445 2663 502 τοῦ
2697 446 2859 520 ὅρους
2899 445 2959 502 ἐν
3004 446 3085 520 τῷ
3115 447 3464 523 μοναστηρίῳ
3513 448 3597 523 τῷ
3642 452 3699 506 ὲν
3724 457 3791 526 τῇ

511 520 710 575 ductus
742 520 918 576 fuerat
948 537 976 574 a
1013 535 1220 592 monte,
1265 534 1321 579 et
1361 527 1581 598 degeret
1615 529 1861 588 inclusus
1903 533 1954 587 in
1990 549 2101 590 mo-

515 613 757 666 nasterio
813 616 957 682 quod
998 625 1082 670 est
1142 616 1195 670 iu
1259 616 1470 688 Phelio,
1504 621 1652 676 venit
1682 623 1809 679 illuc
1833 627 2099 684 meditans

513 703 786 772 eloquium
812 704 1131 774 Scriptum,
1158 712 1302 780 quod
1320 710 1523 765 dictum
1547 723 1632 768 est
1653 713 1706 768 in
1732 715 2096 784 pulcherrima

514 793 794 863 Sapientia
840 796 1174 868 Salomonis,
1211 812 1266 856 et
1304 802 1586 875 impletum
1639 806 1691 861 in
1725 809 1833 866 vita
1863 811 2099 868 sanctis-

515 883 638 938 simi
666 882 845 942 Patris
870 890 1045 944 nostri
1072 890 1325 948 Auxcnlii
1362 912 1377 951 ε
1407 914 1424 948 ι
1457 895 1844 955 Ex‘aminemus
1869 901 2097 973 justum,

513 976 771 1044 quoniam
833 980 1042 1037 inutilis
1079 992 1162 1038 est
1197 985 1372 1053 nobis,
1399 997 1454 1042 et
1484 989 1811 1045 adversatur
1842 992 2100 1062 operibus

510 1069 718 1123 uusuis
738 1069 806 1127 ".
845 1089 863 1124 ι
886 1071 1020 1128 Nam
1055 1091 1177 1130 cum
1208 1080 1659 1136 condemnassent
1680 1098 1803 1137 cum
1839 1095 2095 1155 tauquam

516 1158 846 1229 maleﬁcum,
877 1163 1370 1233 incluserunt,non
1419 1173 1782 1229 concedentes
1842 1185 1900 1230 ut
1947 1177 2099 1247 quis-

515 1264 679 1319 quam
719 1266 842 1308 eum
896 1260 1234 1315 conveniret.
1266 1260 1400 1317 Cum
1458 1263 1786 1322 fidelissimae
1820 1282 1950 1339 ergo
1973 1268 2099 1326 huic

520 1341 736 1399 feminae
770 1346 987 1400 beatum
1024 1348 1211 1404 videre
1240 1366 1345 1407 non
1381 1353 1661 1423 licuisset,
1703 1367 1796 1413 aut
1821 1372 1944 1413 eum
1968 1375 2101 1415 con-

521 1435 727 1500 venire,
755 1436 886 1492 abiit
924 1436 1059 1494 flens
1084 1441 1326 1510 domum,
1362 1456 1418 1500 et
1449 1447 1644 1504 marito
1675 1465 1776 1505 suo
1797 1451 1978 1508 omnia
2007 1468 2098 1510 re-

522 1528 797 1582 nuntians.

589 1615 828 1676 XXXIV.
849 1620 1246 1681 Constantinus
1275 1626 1354 1699 (7)
1381 1637 1563 1684 autem
1614 1632 1719 1688 dux
1749 1635 2023 1693 exercitus
2046 1647 2102 1694 et

518 1711 776 1766 Artabius
811 1728 1021 1779 comes,
1057 1718 1148 1785 qui
1188 1719 1332 1774 soliti
1356 1731 1512 1776 erant
1536 1723 1720 1780 venire
1752 1717 1819 1781 ad
1846 1737 2096 1783 sanctum

521 1802 720 1868 virum,
766 1818 1029 1861 venerunt
1060 1809 1147 1863 ubi
1186 1821 1326 1877 erat,
1364 1822 1426 1867 ut
1458 1813 1768 1871 fruerentur
1793 1819 1952 1875 solita
1984 1823 2095 1876 uti-
2133 1786 2174 1847 Β

519 1895 694 1954 litate.
733 1897 833 1963 Qui
867 1914 989 1954 cum
1020 1917 1144 1957 eum
1176 1908 1589 1976 convenissent,
1621 1920 1678 1966 et
1709 1912 1776 1968 ab
1813 1927 1879 1969 eo
1907 1929 2099 1971 conse-

519 1988 628 2041 cuti
664 2001 849 2045 essent
905 1994 1364 2065 benedictionem,
1408 2014 1668 2071 rogarunt
1713 2020 1782 2060 ne
1812 2006 1963 2061 daret
2002 2023 2100 2062 oc-

518 2082 795 2137 casionem
838 2084 904 2139 iis
927 2088 1016 2157 qui
1053 2089 1192 2143 male
1216 2093 1548 2158 sentiebant,
1608 2097 1701 2151 sed
1726 2111 1823 2167 spe
1847 2098 1898 2151 in
1932 2098 2099 2154 Deum

518 2173 701 2227 omnia
737 2176 953 2245 quidem
1002 2182 1279 2248 probaret,
1313 2184 1459 2255 quod
1501 2186 1702 2245 bonum
1754 2198 1936 2245 autem
1991 2202 2100 2258 est,

521 2272 731 2318 teneret
760 2267 825 2331 ",
860 2268 927 2322 ad
957 2272 1212 2326 unionem
1244 2285 1297 2328 et
1330 2279 1675 2333 concordiam
1735 2283 2102 2340 sanctissima:

520 2364 573 2407 et
603 2357 886 2414 catholica.-
912 2360 1002 2415 Dei
1035 2364 1307 2422 Ecclesia}.
1333 2365 1566 2425 Sanctus
1601 2380 1784 2428 autem
1814 2374 1945 2430 dicit
1972 2377 2054 2433 eis
2086 2394 2100 2431 :

508 2445 642 2503 'Fiat
669 2448 922 2505 voluntas
948 2452 1040 2507 Dei
1075 2454 1219 2527 sicut
1270 2457 1323 2511 in
1358 2459 1498 2514 coelo
1528 2471 1583 2526 et
1629 2464 1680 2518 in
1726 2472 1888 2520 terra.
1927 2467 2104 2539 Roga-

523 2548 657 2593 runt
689 2555 818 2596 vero
845 2543 1084 2611 beatum,
1115 2556 1174 2601 ut
1203 2563 1400 2605 aureos
1426 2551 1631 2621 aliquot
1667 2557 1962 2627 acciperet,
2009 2559 2101 2629 qui

521 2628 699 2683 dedita
712 2644 874 2701 opera
894 2636 960 2689 ab
981 2635 1061 2690 eis
1078 2635 1411 2694 amerebantu
1422 2656 1463 2696 r.
1488 2641 1576 2697 Ille
1595 2655 1774 2700 autem
1796 2647 1846 2702 id
1866 2663 1970 2703 non
1984 2628 2108 2706 sns-

523 2720 705 2788 tinuit,
755 2725 942 2782 dicens
971 2727 1094 2785 eis:
1132 2729 1467 2802 Pauperibus
1522 2737 1615 2805 qui
1663 2748 1792 2793 sunt
1841 2741 1893 2795 in
1923 2754 2105 2799 monte

521 2810 708 2877 Oxeae,
738 2822 793 2868 et
850 2814 1110 2873 fratribus
1163 2822 1300 2876 meis
1338 2822 1388 2876 in
1425 2823 1675 2893 Domino,
1698 2844 1793 2884 eos
1818 2830 1966 2886 date.
1994 2832 2105 2902 Ego

520 2900 665 2955 civim
720 2902 897 2960 habeo
958 2909 1163 2977 omnia,
1215 2920 1271 2965 et
1320 2912 1538 2968 abundo
1572 2930 1671 2986 per
1701 2920 1932 2987 gratiam
1983 2900 2101 2981 Dei.

523 2990 693 3049 Valde
730 3011 861 3051 vero
888 3014 1082 3069 magna
1118 3013 1244 3058 sunt
1279 3019 1343 3059 ex
1392 3006 1494 3062 hac
1529 3022 1586 3062 re
1617 3009 1791 3065 aﬂ‘ecti
1833 3014 2101 3081 molestia,

519 3087 611 3156 qui
642 3100 802 3145 erant
835 3091 887 3145 in
920 3091 1036 3147 loco
1069 3097 1345 3152 monachi.
1375 3097 1485 3154 Sed
1524 3100 1598 3155 illi
1645 3103 1865 3171 quidem
1896 3104 2100 3162 Christi

522 3189 771 3236 amantes
828 3181 1195 3253 impleverunt
1250 3191 1393 3258 quod
1433 3191 1512 3245 eis
1549 3190 1728 3248 fuerat
1763 3197 2096 3253 mandatum.

521 3266 746 3326 Plurimi
783 3283 963 3327 autem
997 3290 1119 3329 cum
1151 3277 1219 3331 de
1248 3290 1445 3334 caetero
1474 3283 1831 3350 audivissent,
1872 3286 2093 3344 beatum

524 3362 591 3416 de
653 3372 838 3418 monte
886 3379 1008 3421 csse
1036 3366 1330 3425 deductum
1360 3382 1417 3427 et
1439 3372 1549 3428 illic
1581 3374 1799 3446 degere,
1838 3392 1904 3434 eo
1936 3389 2103 3457 vene;-

523 3464 674 3510 runt.
856 3529 859 3535 ‘

601 3545 821 3604 XXXV.
855 3549 991 3606 Cum
1031 3567 1161 3609 vero
1193 3555 1258 3611 ad
1291 3572 1412 3614 eum
1447 3563 1808 3619 accessissent
1850 3569 2102 3624 monachi

524 3640 871 3708 monasterii,
923 3646 1189 3715 rogabant
1217 3657 1490 3707 tentantes
1538 3669 1713 3723 quare
1761 3672 1868 3712 non
1914 3675 2101 3717 come-

524 3732 696 3786 deret.
750 3733 847 3788 llle
870 3745 1049 3791 autem
1080 3737 1218 3795 dixit
1238 3741 1319 3797 eis
1353 3759 1369 3798 :
1402 3760 1421 3795 ι
1458 3743 1728 3813 Quoniam
1759 3752 2104 3821 experimen—

527 3833 637 3878 tum
683 3827 929 3896 quan-itis
960 3828 1187 3899 Christi,
1217 3836 1308 3905 qui
1369 3835 1423 3892 in
1458 3852 1545 3893 me
1581 3838 1844 3911 loquitur,
1864 3844 1955 3914 qui
1993 3861 2101 3901 non

522 3923 604 3969 est
667 3914 940 3983 infirmus,
995 3922 1093 3977 sed
1152 3934 1346 3993 potens
1396 3927 1450 3982 in
1509 3928 1799 3999 nobis'5,»
1834 3935 2103 4005 scriptum

522 4006 667 4060 est"
695 4027 710 4063 :
755 4027 774 4061 ι
812 4007 927 4066 Non
955 4012 1007 4068 in
1031 4014 1151 4070 solo
1179 4031 1320 4087 pane
1350 4019 1494 4076 vivet
1529 4022 1713 4091 homo,
1742 4027 1837 4080 sed
1877 4027 2101 4083 inomni

522 4098 688 4155 verbo
713 4104 857 4172 quod
886 4106 1165 4175 egreditur
1192 4124 1291 4180 per
1336 4125 1400 4166 os
1429 4111 1546 4168 Dei.
1578 4133 1598 4167 ι
1629 4113 1876 4182 Quodam
1924 4119 2105 4189 itaque

524 4192 614 4248 die
673 4208 1007 4265 aperuerunt
1056 4199 1280 4257 domum
1314 4202 1367 4258 in
1423 4220 1528 4275 qua
1554 4217 1696 4272 erat,
1721 4217 1780 4264 et
1810 4222 2104 4279 posuerunt

525 4286 577 4341 in
610 4300 672 4342 ea
706 4298 946 4359 sporlam
975 4291 1247 4360 betarum,
1271 4296 1327 4350 ct
1369 4307 1609 4367 spartam
1660 4299 2018 4374 dactylorum,
2051 4314 2108 4361 et

523 4390 764 4449 sportam
837 4384 1177 4440 diversorum
1236 4387 1630 4461 bellariorum,
1678 4396 1863 4451 omnia
1921 4408 2101 4454 autem

2200 535 2364 609 Φιλίῳ
2389 537 2566 606 διάγει
2592 539 3153 612 κατακεκλεισμένος,
3173 536 3337 612 ἦλθεν
3363 542 3542 596 ἐκεῖσε
3563 542 3625 597 τὸ
3653 561 3794 615 γρα-

2202 628 2361 698 φικὸν
2425 630 2712 699 μελετῶσα
2764 630 2971 702 λόγιον,
3017 632 3078 686 τὸ
3110 631 3278 704 ῥηθὲν
3306 634 3365 687 ἐν
3402 637 3469 706 τῇ
3498 635 3796 707 παναρέτῳ

2200 715 2371 789 Σοφίᾳ
2405 717 2773 790 Σολομῶντος,
2821 722 2917 775 καὶ
2960 720 3250 794 πληρωθὲν
3276 723 3375 793 ζείς
3415 724 3509 778 τὸν
3552 724 3667 797 βίον
3690 727 3791 781 τοῦ

2199 811 2259 864 ὲν
2304 810 2483 879 ἁγίοις
2539 811 2752 883 Πατρὸς
2796 812 2957 884 ἡμῶν
3011 813 3343 880 Αὺξεντίου·
3389 832 3408 867 ι
3468 815 3793 885 Ἐτάσωμεν

2199 903 2292 958 τὸν
2326 899 2555 967 δίκαιον,
2587 905 2668 960 ὅτι
2694 905 3017 978 δύσχριστος
3057 908 3171 980 (εἰσ
3199 923 3221 963 :
3240 908 3368 978 fort.
3401 907 3788 980 δύσχρηστος)

2201 997 2336 1067 ἡμῖν
2363 992 2517 1053 ἐστιν
2545 999 2639 1052 καὶ
2666 998 3006 1054 ἐναντιοῦται
3037 1002 3150 1065 τοῖς
3201 1000 3385 1072 ἔργοις
3416 1001 3596 1071 ἡμῶν.
3624 1021 3645 1054 ιι
3694 1001 3755 1055 Ὠ
3772 1020 3789 1062 ;

2165 1080 2178 1094 ’
2200 1085 2310 1156 γὰρ
2333 1088 2630 1157 κακοποιὸν
2657 1089 3087 1160 κατακρίναντες
3113 1090 3275 1144 αὐτὸν
3304 1090 3667 1144 κατέκλεισαν
3710 1090 3795 1163 μὴ

2203 1176 2617 1247 συγχωροῦντές
2646 1196 2753 1234 τινι
2782 1178 3177 1250 συντυγχάνειν
3229 1177 3377 1250 αὐτῷ
3403 1196 3417 1210 ·
3447 1179 3569 1235 ὅθεν
3597 1183 3672 1250 μὴ
3695 1198 3762 1234 τυ
3780 1209 3797 1221 ο

2202 1267 2377 1341 χοῦσα
2405 1271 2439 1341 ἡ
2477 1270 2778 1342 πιστοτάτη
2821 1269 2964 1342 αὓτη
2989 1270 3129 1342 γυνὴ
3172 1270 3275 1341 τῆς
3309 1269 3435 1334 θέας
3474 1268 3568 1323 τοῦ
3611 1288 3797 1340 pexa.-

2206 1364 2322 1434 ρίου
2362 1363 2394 1435 ἢ
2443 1354 2543 1435 τῆς
2597 1364 2889 1435 συντυχίας
2943 1363 3135 1431 αὐτοῦ,
3187 1363 3431 1434 ἀπῆλθεν
3460 1365 3518 1417 ὲν
3550 1361 3626 1432 τῷ
3655 1360 3797 1432 οἴκῳ

2201 1455 2374 1527 αὐτῆς
2399 1455 2682 1521 κλαίουσα,
2713 1456 2808 1510 καὶ
2832 1455 3011 1511 πάντα
3046 1455 3122 1527 τῷ
3160 1455 3317 1528 ἀνδρὶ
3341 1453 3795 1524 ἀπαγγέλλουσα.

2284 1637 2406 1693 ΛΔ’.
2450 1639 2864 1702 Κωνσταντῖνος
2911 1638 2969 1692 δὲ
3004 1635 3395 1709 στρατηλατῶν
3458 1635 3555 1690 καὶ
3595 1633 3801 1704 Ἀρτά-

2205 1730 2321 1792 ὄιος
2349 1731 2547 1801 κόμης,
2574 1730 2823 1802 συνήθως
2851 1730 3140 1803 ἐρχόμενοι
3171 1730 3308 1801 πρὸς
3337 1729 3424 1782 τὸν
3449 1729 3595 1782 ὅσιον
3623 1727 3799 1797 ἄνδρα

2204 1820 2552 1890 ἐληλύθασιν,
2586 1820 2715 1874 ἔνθα
2761 1817 2855 1892 ἦν,
2917 1821 3176 1891 ῥψόμενοι
3227 1821 3412 1880 αὐτὸν,
3447 1822 3540 1871 ἐπὶ
3560 1818 3621 1869 τὸ
3652 1819 3801 1870 άπο-

2202 1912 2401 1967 λαῦσαι
2420 1912 2520 1983 τῆς
2542 1913 2600 1980 ἐξ
2624 1911 2778 1976 ἔθους
2802 1912 3074 1982 ὠφελείας
3112 1912 3299 1966 αὐτοῦ.
3325 1910 3405 1965 Oi‘
3424 1911 3516 1962 καὶ
3538 1924 3804 1965 συντετυ-

2204 2007 2437 2078 χηκότες
2464 2005 2613 2077 αὐτῷ
2638 2006 2733 2060 καὶ
2754 2004 3141 2076 εὐλογηθέντες
3170 2003 3263 2057 ὑπ’
3284 2000 3472 2066 αὑτοῦ,
3503 2000 3691 2070 ἠξίουν
3718 2000 3803 2071 μὴ

2203 2096 2407 2151 διδόναι
2440 2097 2717 2168 πρόφασιν
2746 2084 2882 2160 τοῖς
2907 2096 3248 2161 κακοδόξοις,
3280 2094 3419 2151 ἀλλά
3446 2096 3512 2164 τῇ
3539 2096 3631 2146 ἐπὶ
3659 2092 3805 2147 Θεὸν

2209 2193 2389 2247 ἐλπίδι
2424 2193 2605 2247 πάντα
2639 2192 2739 2264 μὲν
2767 2190 3089 2264 δοκιμάσαι,
3123 2190 3185 2243 τὸ
3214 2189 3272 2243 δὲ
3322 2187 3488 2242 καλὸν
3517 2184 3801 2277 κρατῆσαι

2205 2285 2283 2348 είς
2314 2283 2510 2337 ἕνωσιν
2534 2283 2628 2336 καὶ
2662 2282 2920 2352 ὁμόνοιαν
2954 2282 3053 2351 τῆς
3084 2280 3398 2349 ἁγιωτάτης
3435 2277 3800 2348 Ἐκκλησίας·

2204 2378 2234 2431 δ
2252 2376 2309 2430 δὲ
2334 2375 2470 2449 πρδς
2498 2375 2696 2438 αὐτοὺς
2725 2373 2831 2444 ἔφη
2854 2389 2868 2404 ο
2898 2372 3194 2444 Γενηθήτω
3217 2371 3278 2425 τὸ
3307 2370 3522 2440 θέλημα
3536 2370 3632 2421 τοῦ
3653 2365 3800 2422 Θεοῦ

2205 2470 2279 2532 ὼς
2316 2470 2375 2522 ἐν
2402 2466 2619 2538 οὐρανῷ
2650 2470 2746 2521 καὶ
2797 2465 2895 2520 ἐπὶ
2920 2468 3019 2536 τῆς
3055 2464 3182 2534 γῆς.
3231 2461 3449 2530 Ἦξίουν
3478 2461 3532 2514 δὲ
3558 2461 3649 2513 τὸν
3678 2476 3796 2529 μα-

2205 2561 2399 2632 κάριον
2425 2560 2658 2630 χρύσινα
2690 2558 2903 2630 φανερά
2927 2559 2991 2612 ὲκ
3018 2557 3333 2627 προθέσεως
3363 2552 3799 2625 προσφερόμενα

2205 2636 2338 2723 παρ’
2363 2651 2542 2706 αὐτῶν
2569 2649 2923 2721 κομίσασθαι.
2942 2648 3002 2703 '0
3017 2649 3074 2703 δὲ
3093 2648 3196 2702 οὐκ
3212 2648 3499 2720 ἠνέσχετο,
3528 2642 3792 2715 εἰρηκὼς,

2206 2745 2330 2808 Τοῖς
2361 2746 2420 2797 ὲν
2467 2743 2545 2817 τῷ
2577 2743 2697 2815 spe;
2749 2744 2847 2814 τῆς
2889 2742 3067 2809 Ὀξίας
3102 2742 3340 2811 πτωχοῖς
3390 2739 3488 2793 καὶ⁸
3537 2737 3798 2804 ἀδελφοῖς

2209 2852 2312 2906 μου
2352 2837 2410 2889 ἐν
2464 2835 2655 2906 Κυρίῳ
2708 2834 2882 2889 ταῦτα
2943 2834 3174 2887 δέδοται.
3244 2829 3386 2901 Ἐγὼ
3600 2829 3799 2929 ἀπέχω

2207 2929 2408 2991 πάντα,
2441 2929 2537 2982 καὶ
2570 2926 2882 3000 περισσεύω
2902 2928 2990 2980 διὰ
3012 2927 3112 2996 τῆς
3137 2925 3363 3007 χάριτος
3389 2922 3483 2976 τοῦ
3510 2922 3756 2992 Χριστοῦ
3776 2934 3797 2951 ·

2207 3019 2350 3072 πάνυ
2400 3017 2459 3071 δὲ
2511 3019 2576 3070 ὲκ
2628 3017 2820 3071 τούτου
2856 3016 3198 3087 ὴνιάσθησαν
3229 3012 3457 3068 οἱκατὰ
3509 3011 3602 3065 τὸν
3625 3010 3800 3064 τόπον

2212 3111 2465 3181 μόναχοι·
2491 3109 2608 3164 ἀλλ’
2632 3110 2828 3163 ἐκεῖνοι
2854 3110 2916 3162 τὸ
2946 3106 3236 3180 διαταχθὲν
3264 3106 3616 3177 ἐπλήρωσαν.
3634 3104 3802 3158 Πλεῖ-

2209 3220 2324 3257 στοι
2353 3204 2412 3257 δὲ
2441 3203 2628 3258 λοιπὸν
2653 3201 2957 3273 ἀκηκοότες
2996 3202 3061 3255 ἐκ
3090 3200 3185 3255 τοῦ
3210 3199 3369 3272 ὅρους
3394 3197 3803 3270 κατενεχθέντα

2203 3297 2297 3352 τὸν
2319 3296 2593 3368 μακάριον
2620 3294 2717 3351 καὶ
2747 3297 2927 3350 ἐκεῖσε
2953 3292 3274 3366 διατρίϐειν,
3302 3290 3580 3363 άπῂεισαν
3608 3290 3705 3343 ἐπὶ
3727 3290 3794 3344 τὸ

2205 3390 2360 3446 αὐτό.

2289 3570 2414 3628 AE'.
2457 3569 2861 3642 Προσελθόντες
2915 3568 2973 3624 δὲ
3028 3567 3178 3640 αὐτῷ
3222 3566 3394 3641 οἱοτοῦ
3426 3579 3797 3637 μοναστηριου

2207 3664 2585 3737 πειράζοντες,
2632 3662 2770 3716 διότι
2822 3662 2924 3717 οὐκ
2980 3659 3177 3741 ἐσθίει,
3238 3658 3564 3729 ἐπηρώτων.
3620 3655 3681 3708 '0
3737 3654 3799 3707 δὲ

2206 3757 2369 3831 πρὸςο
2406 3757 2607 3822 αὐτούς
2628 3771 2640 3785 ·
2701 3755 2856 3810 Ἐπεὶ
2880 3754 2944 3827 δὴ
2971 3752 3203 3825 δοκιμὴν
3232 3751 3446 3824 ζητεῖτε
3474 3749 3567 3804 τοῦ
3588 3751 3646 3802 ὲν
3666 3748 3800 3818 ἐμοὶ

2204 3849 2493 3915 λαλοῦντος
2514 3847 2778 3922 Χριστοῦ,
2809 3848 2867 3913 ὃς
2896 3849 2998 3902 οὒκ
3022 3847 3272 3911 ἀσθενεῖ,
3304 3844 3442 3898 ἀλλὰ
3478 3842 3705 3897 δύναται
3737 3843 3798 3894 ὲν

2207 3946 2357 4017 ὑμῖν,
2406 3944 2547 4014 πλὴν
2584 3942 2897 4015 γέγραπται
2930 3959 2944 3975 ο
2984 3960 3004 3993 ι
3042 3940 3156 3994 Οὐκ
3194 3940 3283 3992 ἐπ’
3302 3938 3453 4008 ἄρτῳ
3516 3935 3659 4006 μόνῳ
3694 3932 3797 4003 ζή-

2208 4055 2361 4092 σεται
2393 4036 2701 4107 άνθρωπος,
2761 4032 2878 4088 ἀλλ’
2917 4032 3009 4087 ἐπὶ
3060 4031 3229 4087 παντὶ
3260 4029 3795 4129 ῥήματι-ἐκπορευρη

2210 4130 2358 4200 μένῳ
2379 4128 2468 4183 διά
2503 4127 2771 4197 στόματος
2798 4124 2957 4179 Θεοῦ.
2988 4142 3007 4177 ι
3053 4125 3143 4179 Ἐν
3170 4124 3268 4195 μιᾷ
3305 4117 3399 4176 οὖν
3431 4119 3540 4174 τῶν
3567 4117 3795 4189 ἡμερῶν

2206 4223 2517 4288 ἀνοίξαντες
2567 4218 2774 4290 ἔθηκαν
2822 4220 2879 4271 ὲν
2918 4215 2995 4287 τῷ
3030 4216 3185 4287 οἴκῳ,
3237 4217 3294 4269 δν
3419 4208 3488 4284 ἦν
3557 4210 3795 4282 σπυρίδα

2210 4312 2483 4384 βεττάνων
2539 4310 2690 4381 (sic)
2728 4313 2824 4364 καὶ
2876 4307 3111 4381 σπυρίδα
3142 4306 3401 4376 φοινίκων
3435 4304 3528 4359 καὶ
3559 4302 3800 4372 σπυρίδα

2208 4404 2484 4472 διαφόρων
2525 4400 2899 4473 τρυγημάτων
2928 4400 2993 4453 τά
3049 4399 3233 4453 πάντα
3248 4397 3444 4470 ιμέτρῳ
3466 4414 3481 4428 ι
3509 4396 3604 4450 κού⁵
3633 4394 3798 4465 δῆθεν

498 4483 671 4528 .certa
708 4488 993 4542 mensura,
1020 4487 1074 4532 et
1108 4494 1231 4534 eum
1257 4483 1523 4550 rogabant
1548 4496 1604 4539 ut
1626 4502 1693 4541 ex
1725 4488 1805 4542 eis
1836 4504 2099 4548 sumeret.

2210 4493 2554 4563 παρεκάλουν
2594 4491 2757 4545 αὐτὸν
2817 4489 3139 4561 μεταλαϐεῖν
3178 4507 3190 4521 ·
3224 4488 3325 4559 τὴν
3383 4487 3655 4556 κανδὴλαν
3701 4480 3797 4541 οὖν

533 4567 666 4623 tium
728 4566 912 4638 itaque
968 4571 1249 4645 candelam
1312 4573 1594 4644 fecissent,
1626 4588 1677 4632 et
1704 4594 1932 4650 puerum
1965 4584 2103 4654 apud

521 4673 643 4717 emn
703 4676 925 4718 manere
971 4663 1286 4733 jussissent,
1328 4667 1663 4726 incluserunt
1705 4688 1829 4728 cum
1866 4690 1971 4729 una
2007 4678 2106 4732 be-

522 4751 810 4806 hdomada.
844 4750 913 4807 Et
932 4755 1215 4811 candelam
1250 4760 1464 4828 quidem
1489 4776 1946 4825 mveneruntnon
1979 4783 2109 4822 con-

520 4853 790 4912 sumptam
823 4851 878 4898 et
917 4846 1225 4913 ardentem,
1256 4844 1485 4920 puerum
1521 4868 1649 4909 vero
1678 4867 1935 4924 rogarunt
1958 4860 2108 4926 quid-

524 4948 649 4989 nam
682 4932 891 4989 faceret
909 4945 961 4990 et
984 4938 1252 4995 undenam
1275 4942 1535 4999 aleretur.
1557 4944 1606 4999 Is
1625 4957 1804 5001 autem
1825 4948 1959 5003 dixit
1976 4951 2056 5007 eis
2084 4970 2098 5008 :

521 5024 656 5078 Cum
681 5039 748 5080 eo
781 5026 998 5095 quidem
1028 5030 1135 5084 vidi
1187 5032 1609 5103 gloriIiCantinm
1643 5038 2047 5096 multitudinem
2084 5061 2099 5098 :

520 5116 822 5184 quinetiam
862 5117 1256 5189 ingredientem
1283 5126 1588 5182 columbam
1617 5137 1672 5183 et
1704 5143 1830 5183 eum
1866 5146 2096 5202 pascen-

524 5216 629 5261 tem
666 5224 680 5263 :
716 5222 934 5267 vermes
962 5222 1168 5282 autem,
1222 5216 1313 5285 qui
1366 5218 1634 5273 cadebant
1664 5235 1693 5273 e
1721 5221 1835 5276 suis
1875 5225 2103 5292 pedibus

521 5300 868 5372 Iecolligens,
900 5319 995 5361 eos
1030 5316 1219 5363 rursus
1273 5308 1587 5378 imponebat
1626 5314 1922 5371 ulceribus.
1956 5317 2104 5385 Quo—

2213 4584 2537 4654 ποιήσαντες
2570 4582 2667 4635 καὶ
2704 4580 2901 4651 παιδίῳ
2930 4580 3371 4651 προσκαρτερεῖν
3399 4577 3549 4648 αὐτῷ
3573 4578 3800 4648 ὲπιτρὲ-
3846 4628 3851 4636 ,

2208 4676 2434 4746 ψαντες,
2490 4672 2585 4726 ἐπὶ
2623 4671 2898 4742 ἑϐδομάδα
2959 4672 3091 4742 μίαν
3146 4672 3515 4726 ἀπέκλεισαν
3573 4669 3709 4738 μετὰ
3739 4668 3798 4722 δὲ

2210 4766 2369 4822 τοῦτο
2391 4766 2722 4832 ἀνοίξαντες,
2752 4766 2852 4836 τὴν
2886 4765 2986 4835 μὲν
3023 4764 3297 4836 κανδήλαν
3328 4763 3675 4825 ἀδαπάνητον
3701 4764 3799 4817 καὶ

2209 4859 2508 4931 καιομένην
2533 4849 2693 4929 εὗρον
2716 4874 2731 4890 ο
2767 4857 2918 4929 παρὰ
2947 4856 3005 4910 δὲ
3035 4856 3128 4910 τοῦ
3168 4856 3385 4911 παιδίου
3426 4854 3716 4921 ἐπύθοντο,
3742 4853 3799 4907 τί

2209 4953 2275 5007 ἂν
2304 4951 2685 5022 διαπράττοιτο
2734 4950 2829 5002 καὶ
2864 4948 3028 5002 πόθεν
3079 4948 3421 5019 διατρέφοιτο
3441 4966 3455 4979 ·
3486 4950 3547 5002 τὸ
3573 4948 3631 5002 δὲ
3663 4949 3801 5020 πρὸς
3872 5008 3879 5013 _

2208 5026 2405 5108 αὐτοῦς
2436 5044 2689 5113 φάσκειψ
2735 5042 2947 5114 Πλῆθος
2998 5043 3099 5114 μὲν
3127 5043 3224 5096 σὺν
3271 5040 3422 5113 αὐτῷ
3451 5040 3797 5109 δοξολογούν-

2206 5152 2318 5190 των
2342 5135 2529 5208 ἐώρων
2553 5134 2708 5207 ὕπνῳ
2747 5135 3192 5206 καταφερόμενος
3211 5148 3225 5162 ’
3256 5134 3351 5188 καὶ
3378 5134 3711 5206 περιστερὰν
3738 5134 3799 5187 δὲ

2210 5227 2487 5283 εἰσιοῦσαν
2545 5228 2643 5282 καὶ
2689 5227 3224 5298 ἑμόρωματίζουσαν
3288 5226 3488 5279 αὐτόν·
3556 5229 3683 5288 τοὺς
3739 5226 3801 5279 δὲ

2211 5321 2502 5391 σκώληκας
2563 5320 2691 5384 τοὺς
2753 5321 3123 5383 ἐκπίπτοντας
3181 5317 3377 5373 ἐκτῶν
3414 5318 3597 5373 ποδῶν
3628 5316 3798 5372 αὐτοῦ

595 5437 644 5472 ⁸⁸
668 5436 797 5509 Sap.
837 5455 898 5505 ιι,
937 5440 1026 5495 12.
1108 5440 1194 5494 “I
1246 5414 1533 5501 'Thess.v.
1615 5446 1724 5503 "1|
1785 5450 1912 5507 Cor.
1972 5470 2090 5521 xm,

2269 5456 2311 5488 '°
2340 5419 2530 5510 Matth.
2564 5471 2638 5521 tv,
2673 5454 2726 5510 4.

596 5552 675 5626 (⁷)
697 5573 727 5658 ἕ
1559 5565 2095 5658 ,ξερὺξξι--Μ-ειιοίςιιιιις
2196 5572 2673 5657 initinruactionis
2718 5573 3046 5658 primynest
3091 5593 3108 5623 ι
3136 5570 3798 5658 ιη-ειςιιὶίίοοιιιλςεῑιιιιιειιι

523 5625 770 5729 imp-"All
807 5627 946 5681 idem
974 5627 1384 5729 EO'lsmlll.i["'5o
1416 5634 1507 5701 (illi
1558 5635 1644 5729 hilo
1682 5637 1789 5690 dux
1822 5625 2096 5723 exercitus
2199 5625 3026 5729 g'oriosissimus'csprzefertns
3066 5645 3452 5729 prauoriorunr
3471 5642 3796 5729 Questantio

525 5710 659 5729 anno
704 5705 824 5729 nIIIII'
877 5713 980 5729 nnn
1025 5714 1112 5729 nm
1155 5716 1225 5729 n.|
1249 5716 1309 5729 ιιι.
1345 5714 1548 5729 κιιιιηιηί
1630 5714 1758 5729 η..ίν...
1820 5725 1913 5729 ..μᾼ
2013 5724 2023 5729 -

524 5695 850 5797 appellatur,I
877 5697 1113 5797 n'und'um
1155 5701 1312 5782 nobis
1344 5695 1575 5797 constat.
1613 5704 1758 5787 inter
1818 5695 2095 5797 appositus

524 5776 676 5797 ολιιηι
705 5781 755 5797 ιιι
858 5783 902 5797 ιη
931 5782 992 5797 nn
1034 5784 1217 5797 n-nnno-
1279 5786 1340 5797 Α..
1388 5786 1507 5797 -..ιη
1536 5791 1576 5797 -.-
1599 5791 1716 5797 ne.--
1761 5794 1809 5797 Α.-
1898 5791 1908 5797 .

2204 5695 2357 5769 illis}.
2388 5695 2600 5779 Grnsce‘,
2640 5718 2667 5767 ό
2690 5695 3279 5797 μεγαλοπρεπέστατος
3308 5717 3401 5797 καὶ
3436 5714 3791 5781 ἐνδοξότατος

524 5765 755 5828 concilio
793 5766 1219 5826 Chalcedonensi
1278 5786 1341 5826 ex
1386 5775 1720 5843 arnplissimo
1758 5765 1948 5837 scu'a'tu
1996 5765 2097 5838 sub

2338 5765 2597 5852 ἐπάρχων
2634 5765 2995 5854 πρκιὲωίιίιιῖιι
3017 5786 3450 5847 Κωνσταντῖνος.
