  <div class='ocr_page' id='page_1' title='image "/cluster/home/n/w/nwhite01/storage/ocr_20150623/114:no.1/coo.31924054870187/710.png"; bbox 0 0 4160 6458; ppageno 0'>
   <div class='ocr_carea' id='block_1_1' title="bbox 428 397 569 461">
    <p class='ocr_par' dir='ltr' id='par_1_1' title="bbox 428 397 569 461">
     <span class='ocr_line' id='line_1_1' title="bbox 428 397 569 461; baseline 0.007 -1"><span class='ocrx_word' id='word_1_1' title='bbox 428 397 569 461; x_wconf 66' lang='grc' dir='ltr'><strong>14θὸ</strong></span> 
     </span>
    </p>
   </div>
   <div class='ocr_carea' id='block_1_2' title="bbox 1694 402 2422 469">
    <p class='ocr_par' dir='ltr' id='par_1_2' title="bbox 1694 402 2422 469">
     <span class='ocr_line' id='line_1_2' title="bbox 1694 402 2422 469; baseline 0.007 -5"><span class='ocrx_word' id='word_1_2' title='bbox 1694 402 1874 464; x_wconf 77' lang='grc' dir='ltr'><strong>νιΤΑ</strong></span> <span class='ocrx_word' id='word_1_3' title='bbox 1914 403 1977 465; x_wconf 90' lang='lat' dir='ltr'><strong>S.</strong></span> <span class='ocrx_word' id='word_1_4' title='bbox 2021 405 2422 469; x_wconf 73' lang='lat' dir='ltr'><strong>AUXENTII.</strong></span> 
     </span>
    </p>
   </div>
   <div class='ocr_carea' id='block_1_3' title="bbox 3554 406 3697 477">
    <p class='ocr_par' dir='ltr' id='par_1_3' title="bbox 3554 406 3697 477">
     <span class='ocr_line' id='line_1_3' title="bbox 3554 406 3697 477; baseline 0.042 -6"><span class='ocrx_word' id='word_1_5' title='bbox 3554 406 3697 477; x_wconf 74' lang='lat' dir='ltr'><strong>M06</strong></span> 
     </span>
    </p>
   </div>
   <div class='ocr_carea' id='block_1_4' title="bbox 425 504 2018 593">
    <p class='ocr_par' dir='ltr' id='par_1_4' title="bbox 425 504 2016 588">
     <span class='ocr_line' id='line_1_4' title="bbox 425 504 2016 588; baseline 0.002 -21"><span class='ocrx_word' id='word_1_6' title='bbox 425 504 843 585; x_wconf 67' lang='grc' dir='ltr'><strong>ἀναλεγόμενος,</strong></span> <span class='ocrx_word' id='word_1_7' title='bbox 879 513 1040 569; x_wconf 80' lang='grc' dir='ltr'><strong>πάλιν</strong></span> <span class='ocrx_word' id='word_1_8' title='bbox 1089 513 1184 568; x_wconf 75' lang='grc' dir='ltr'><strong>ἐπὶ</strong></span> <span class='ocrx_word' id='word_1_9' title='bbox 1235 512 1303 568; x_wconf 71' lang='grc' dir='ltr'><strong>τὰ</strong></span> <span class='ocrx_word' id='word_1_10' title='bbox 1331 513 1466 583; x_wconf 72' lang='grc' dir='ltr'><strong>ἕλκη</strong></span> <span class='ocrx_word' id='word_1_11' title='bbox 1490 515 1761 577; x_wconf 45' lang='grc' dir='ltr'><strong>ἐπετίθει,</strong></span> <span class='ocrx_word' id='word_1_12' title='bbox 1798 515 2016 588; x_wconf 82' lang='grc' dir='ltr'>Ἐπειδὴ</span> 
     </span>
    </p>
   </div>
   <div class='ocr_carea' id='block_1_5' title="bbox 2121 504 3699 593">
    <p class='ocr_par' dir='ltr' id='par_1_5' title="bbox 2122 519 3699 593">
     <span class='ocr_line' id='line_1_5' title="bbox 2122 519 3699 593; baseline 0.004 -21"><span class='ocrx_word' id='word_1_13' title='bbox 2122 519 2264 573; x_wconf 89' lang='lat' dir='ltr'><strong>niam</strong></span> <span class='ocrx_word' id='word_1_14' title='bbox 2299 530 2480 576; x_wconf 89' lang='lat' dir='ltr'><strong>autem</strong></span> <span class='ocrx_word' id='word_1_15' title='bbox 2504 535 2636 591; x_wconf 81' lang='lat' dir='ltr'><strong>puer</strong></span> <span class='ocrx_word' id='word_1_16' title='bbox 2656 534 2685 575; x_wconf 91' lang='lat' dir='ltr'><strong>a</strong></span> <span class='ocrx_word' id='word_1_17' title='bbox 2714 527 2902 576; x_wconf 84' lang='lat' dir='ltr'><strong>saneto</strong></span> <span class='ocrx_word' id='word_1_18' title='bbox 2921 520 3111 593; x_wconf 83' lang='lat' dir='ltr'><strong>jussus</strong></span> <span class='ocrx_word' id='word_1_19' title='bbox 3137 519 3337 576; x_wconf 85' lang='lat' dir='ltr'><strong>nemini</strong></span> <span class='ocrx_word' id='word_1_20' title='bbox 3362 519 3546 577; x_wconf 83' lang='lat' dir='ltr'><strong>dicere</strong></span> <span class='ocrx_word' id='word_1_21' title='bbox 3575 538 3699 592; x_wconf 65' lang='lat' dir='ltr'><strong>quae</strong></span> 
     </span>
    </p>
   </div>
   <div class='ocr_carea' id='block_1_6' title="bbox 427 605 2015 678">
    <p class='ocr_par' dir='ltr' id='par_1_6' title="bbox 427 605 2015 678">
     <span class='ocr_line' id='line_1_6' title="bbox 427 605 2015 678; baseline 0.001 -19"><span class='ocrx_word' id='word_1_22' title='bbox 427 605 485 661; x_wconf 80' lang='grc' dir='ltr'><strong>δὲ</strong></span> <span class='ocrx_word' id='word_1_23' title='bbox 521 605 905 677; x_wconf 66' lang='grc' dir='ltr'><strong>παραγγελθὲν</strong></span> <span class='ocrx_word' id='word_1_24' title='bbox 930 607 992 658; x_wconf 73' lang='grc' dir='ltr'><strong>τὸ</strong></span> <span class='ocrx_word' id='word_1_25' title='bbox 1023 605 1261 672; x_wconf 76' lang='grc' dir='ltr'><strong>παιδίον,</strong></span> <span class='ocrx_word' id='word_1_26' title='bbox 1301 606 1493 678; x_wconf 67' lang='grc' dir='ltr'><strong>μηδενὶ</strong></span> <span class='ocrx_word' id='word_1_27' title='bbox 1534 607 1741 677; x_wconf 74' lang='grc' dir='ltr'><strong>φράσαι</strong></span> <span class='ocrx_word' id='word_1_28' title='bbox 1766 607 1802 661; x_wconf 77' lang='lat' dir='ltr'><strong>a</strong></span> <span class='ocrx_word' id='word_1_29' title='bbox 1837 605 2015 677; x_wconf 79' lang='grc' dir='ltr'><strong>ἐώρα-</strong></span> 
     </span>
    </p>
   </div>
   <div class='ocr_carea' id='block_1_7' title="bbox 430 696 2017 774">
    <p class='ocr_par' dir='ltr' id='par_1_7' title="bbox 430 696 2017 774">
     <span class='ocr_line' id='line_1_7' title="bbox 430 696 2017 774; baseline -0.001 -18"><span class='ocrx_word' id='word_1_30' title='bbox 430 715 549 765; x_wconf 75' lang='grc' dir='ltr'><strong>κιν,</strong></span> <span class='ocrx_word' id='word_1_31' title='bbox 589 697 1144 768; x_wconf 77' lang='grc' dir='ltr'><strong>καταναγκαζόμενον</strong></span> <span class='ocrx_word' id='word_1_32' title='bbox 1197 699 1432 765; x_wconf 82' lang='grc' dir='ltr'><strong>ἐξεῖπεν,</strong></span> <span class='ocrx_word' id='word_1_33' title='bbox 1464 696 1620 765; x_wconf 78' lang='grc' dir='ltr'><strong>αὖθις</strong></span> <span class='ocrx_word' id='word_1_34' title='bbox 1669 700 1891 773; x_wconf 85' lang='grc' dir='ltr'><strong>πυρετῷ</strong></span> <span class='ocrx_word' id='word_1_35' title='bbox 1919 700 2017 774; x_wconf 87' lang='grc' dir='ltr'><strong>λη-</strong></span> 
     </span>
    </p>
   </div>
   <div class='ocr_carea' id='block_1_8' title="bbox 430 787 1479 860">
    <p class='ocr_par' dir='ltr' id='par_1_8' title="bbox 430 787 1479 860">
     <span class='ocr_line' id='line_1_8' title="bbox 430 787 1479 860; baseline 0.001 -17"><span class='ocrx_word' id='word_1_36' title='bbox 430 787 606 860; x_wconf 69' lang='grc' dir='ltr'><strong>φθεὶς,</strong></span> <span class='ocrx_word' id='word_1_37' title='bbox 644 788 784 860; x_wconf 83' lang='grc' dir='ltr'><strong>μετὰ</strong></span> <span class='ocrx_word' id='word_1_38' title='bbox 812 790 913 859; x_wconf 78' lang='grc' dir='ltr'><strong>τὴν</strong></span> <span class='ocrx_word' id='word_1_39' title='bbox 945 788 1075 859; x_wconf 85' lang='grc' dir='ltr'><strong>μίαν</strong></span> <span class='ocrx_word' id='word_1_40' title='bbox 1102 787 1479 860; x_wconf 87' lang='grc' dir='ltr'><strong>ἐτελεύτησεν.</strong></span> 
     </span>
    </p>
   </div>
   <div class='ocr_carea' id='block_1_9' title="bbox 497 878 2017 961">
    <p class='ocr_par' dir='ltr' id='par_1_9' title="bbox 497 878 2017 961">
     <span class='ocr_line' id='line_1_9' title="bbox 497 878 2017 961; baseline 0.001 -24"><span class='ocrx_word' id='word_1_41' title='bbox 497 881 639 949; x_wconf 75' lang='lat' dir='ltr'><strong>AG”.</strong></span> <span class='ocrx_word' id='word_1_42' title='bbox 676 878 896 961; x_wconf 70' lang='grc' dir='ltr'><strong>Τούτων</strong></span> <span class='ocrx_word' id='word_1_43' title='bbox 924 879 979 933; x_wconf 84' lang='grc' dir='ltr'><strong>δὲ</strong></span> <span class='ocrx_word' id='word_1_44' title='bbox 1009 881 1344 950; x_wconf 72' lang='grc' dir='ltr'><strong>γενομένων,</strong></span> <span class='ocrx_word' id='word_1_45' title='bbox 1386 881 1637 953; x_wconf 73' lang='grc' dir='ltr'><strong>κατήχθη</strong></span> <span class='ocrx_word' id='word_1_46' title='bbox 1679 884 1708 937; x_wconf 82' lang='grc' dir='ltr'><strong><em>ὁ</em></strong></span> <span class='ocrx_word' id='word_1_47' title='bbox 1741 883 2017 954; x_wconf 80' lang='grc' dir='ltr'><strong>μακάριος</strong></span> 
     </span>
    </p>
   </div>
   <div class='ocr_carea' id='block_1_10' title="bbox 426 972 2016 1048">
    <p class='ocr_par' dir='ltr' id='par_1_10' title="bbox 426 972 2016 1048">
     <span class='ocr_line' id='line_1_10' title="bbox 426 972 2016 1048; baseline 0.001 -20"><span class='ocrx_word' id='word_1_48' title='bbox 426 973 538 1029; x_wconf 80' lang='grc' dir='ltr'><strong>ὑπό</strong></span> <span class='ocrx_word' id='word_1_49' title='bbox 562 989 623 1027; x_wconf 89' lang='grc' dir='ltr'><strong>τε</strong></span> <span class='ocrx_word' id='word_1_50' title='bbox 672 972 782 1027; x_wconf 86' lang='grc' dir='ltr'><strong>τῶν</strong></span> <span class='ocrx_word' id='word_1_51' title='bbox 828 972 1114 1045; x_wconf 82' lang='grc' dir='ltr'><strong>κληρικῶν</strong></span> <span class='ocrx_word' id='word_1_52' title='bbox 1142 974 1239 1027; x_wconf 76' lang='grc' dir='ltr'><strong>καὶ</strong></span> <span class='ocrx_word' id='word_1_53' title='bbox 1264 972 1469 1027; x_wconf 83' lang='grc' dir='ltr'><strong>λαῐκῶν</strong></span> <span class='ocrx_word' id='word_1_54' title='bbox 1495 974 1591 1028; x_wconf 89' lang='grc' dir='ltr'><strong>καί</strong></span> <span class='ocrx_word' id='word_1_55' title='bbox 1622 993 1786 1029; x_wconf 87' lang='grc' dir='ltr'><strong>τινων</strong></span> <span class='ocrx_word' id='word_1_56' title='bbox 1813 976 2016 1048; x_wconf 84' lang='grc' dir='ltr'><strong>ἐτέρων</strong></span> 
     </span>
    </p>
   </div>
   <div class='ocr_carea' id='block_1_11' title="bbox 426 1064 2019 1138">
    <p class='ocr_par' dir='ltr' id='par_1_11' title="bbox 426 1064 2019 1138">
     <span class='ocr_line' id='line_1_11' title="bbox 426 1064 2019 1138; baseline 0.003 -19"><span class='ocrx_word' id='word_1_57' title='bbox 426 1064 702 1137; x_wconf 79' lang='grc' dir='ltr'>λαμπρῶν</span> <span class='ocrx_word' id='word_1_58' title='bbox 749 1064 962 1135; x_wconf 83' lang='grc' dir='ltr'><strong>ἀνδρῶν</strong></span> <span class='ocrx_word' id='word_1_59' title='bbox 1024 1068 1084 1119; x_wconf 84' lang='grc' dir='ltr'><strong>ἐν</strong></span> <span class='ocrx_word' id='word_1_60' title='bbox 1152 1065 1559 1136; x_wconf 84' lang='grc' dir='ltr'><strong>Ῥουφινιαναῖς</strong></span> <span class='ocrx_word' id='word_1_61' title='bbox 1623 1067 1853 1138; x_wconf 77' lang='grc' dir='ltr'><strong>πλησίον</strong></span> <span class='ocrx_word' id='word_1_62' title='bbox 1906 1070 2019 1123; x_wconf 86' lang='grc' dir='ltr'><strong>τῶν</strong></span> 
     </span>
    </p>
   </div>
   <div class='ocr_carea' id='block_1_12' title="bbox 427 1154 2017 1231">
    <p class='ocr_par' dir='ltr' id='par_1_12' title="bbox 427 1154 2017 1231">
     <span class='ocr_line' id='line_1_12' title="bbox 427 1154 2017 1231; baseline 0.002 -21"><span class='ocrx_word' id='word_1_63' title='bbox 427 1154 771 1210; x_wconf 81' lang='grc' dir='ltr'><strong>Ἀποστὸλων</strong></span> <span class='ocrx_word' id='word_1_64' title='bbox 786 1156 845 1210; x_wconf 88' lang='grc' dir='ltr'><strong>ἐν</strong></span> <span class='ocrx_word' id='word_1_65' title='bbox 860 1156 939 1228; x_wconf 88' lang='grc' dir='ltr'><strong>τῷ</strong></span> <span class='ocrx_word' id='word_1_66' title='bbox 966 1158 1315 1229; x_wconf 83' lang='grc' dir='ltr'><strong>μοναστηρίῳ</strong></span> <span class='ocrx_word' id='word_1_67' title='bbox 1335 1159 1429 1212; x_wconf 82' lang='grc' dir='ltr'><strong>τοῦ</strong></span> <span class='ocrx_word' id='word_1_68' title='bbox 1456 1176 1604 1229; x_wconf 88' lang='grc' dir='ltr'><strong>μακα</strong></span> <span class='ocrx_word' id='word_1_69' title='bbox 1613 1159 1729 1231; x_wconf 89' lang='grc' dir='ltr'><strong>ρίου</strong></span> <span class='ocrx_word' id='word_1_70' title='bbox 1754 1160 2017 1216; x_wconf 81' lang='grc' dir='ltr'><strong>’Υπατίου</strong></span> 
     </span>
    </p>
   </div>
   <div class='ocr_carea' id='block_1_13' title="bbox 433 1247 2020 1322">
    <p class='ocr_par' dir='ltr' id='par_1_13' title="bbox 433 1247 2020 1322">
     <span class='ocr_line' id='line_1_13' title="bbox 433 1247 2020 1322; baseline 0.004 -22"><span class='ocrx_word' id='word_1_71' title='bbox 433 1247 759 1318; x_wconf 70' lang='grc' dir='ltr'><strong>ἐπιτραπεὶς</strong></span> <span class='ocrx_word' id='word_1_72' title='bbox 811 1248 1108 1318; x_wconf 81' lang='grc' dir='ltr'><strong>ἡσυχάσαι.</strong></span> <span class='ocrx_word' id='word_1_73' title='bbox 1184 1248 1548 1315; x_wconf 79' lang='grc' dir='ltr'><strong>Ὗπεδέξαντο</strong></span> <span class='ocrx_word' id='word_1_74' title='bbox 1590 1251 1648 1304; x_wconf 76' lang='grc' dir='ltr'><strong>δὲ</strong></span> <span class='ocrx_word' id='word_1_75' title='bbox 1685 1252 1849 1305; x_wconf 80' lang='grc' dir='ltr'><strong>αὐτὸν</strong></span> <span class='ocrx_word' id='word_1_76' title='bbox 1879 1252 2020 1322; x_wconf 82' lang='grc' dir='ltr'><strong>μετὰ</strong></span> 
     </span>
    </p>
   </div>
   <div class='ocr_carea' id='block_1_14' title="bbox 433 1339 2017 1415">
    <p class='ocr_par' dir='ltr' id='par_1_14' title="bbox 433 1339 2017 1415">
     <span class='ocr_line' id='line_1_14' title="bbox 433 1339 2017 1415; baseline 0.003 -23"><span class='ocrx_word' id='word_1_77' title='bbox 433 1339 680 1403; x_wconf 83' lang='grc' dir='ltr'><strong>πλείονος</strong></span> <span class='ocrx_word' id='word_1_78' title='bbox 703 1340 883 1410; x_wconf 78' lang='grc' dir='ltr'><strong>χαρᾶς</strong></span> <span class='ocrx_word' id='word_1_79' title='bbox 904 1342 951 1393; x_wconf 81' lang='grc' dir='ltr'><strong>οἱ</strong></span> <span class='ocrx_word' id='word_1_80' title='bbox 985 1340 1176 1394; x_wconf 79' lang='grc' dir='ltr'><strong>αὐτόθι</strong></span> <span class='ocrx_word' id='word_1_81' title='bbox 1207 1342 1432 1412; x_wconf 69' lang='grc' dir='ltr'><strong>μοναχοὶ</strong></span> <span class='ocrx_word' id='word_1_82' title='bbox 1463 1344 1561 1397; x_wconf 77' lang='grc' dir='ltr'><strong>σὺν</strong></span> <span class='ocrx_word' id='word_1_83' title='bbox 1597 1341 1675 1411; x_wconf 82' lang='grc' dir='ltr'><strong>τῷ</strong></span> <span class='ocrx_word' id='word_1_84' title='bbox 1708 1344 2017 1415; x_wconf 78' lang='grc' dir='ltr'><strong>ἡγουμένῳ,</strong></span> 
     </span>
    </p>
   </div>
   <div class='ocr_carea' id='block_1_15' title="bbox 431 1431 2017 1507">
    <p class='ocr_par' dir='ltr' id='par_1_15' title="bbox 431 1431 2017 1507">
     <span class='ocr_line' id='line_1_15' title="bbox 431 1431 2017 1507; baseline 0.003 -22"><span class='ocrx_word' id='word_1_85' title='bbox 431 1431 589 1502; x_wconf 74' lang='grc' dir='ltr'><strong>ἀνδρὶ</strong></span> <span class='ocrx_word' id='word_1_86' title='bbox 617 1431 685 1486; x_wconf 82' lang='grc' dir='ltr'><strong>τὰ</strong></span> <span class='ocrx_word' id='word_1_87' title='bbox 713 1433 894 1487; x_wconf 82' lang='grc' dir='ltr'><strong>πάντα</strong></span> <span class='ocrx_word' id='word_1_88' title='bbox 914 1433 1158 1505; x_wconf 81' lang='grc' dir='ltr'><strong>ἐναρέτῳ</strong></span> <span class='ocrx_word' id='word_1_89' title='bbox 1174 1433 1271 1488; x_wconf 69' lang='grc' dir='ltr'><strong>καὶ</strong></span> <span class='ocrx_word' id='word_1_90' title='bbox 1294 1433 1515 1504; x_wconf 85' lang='grc' dir='ltr'><strong>χάριτος</strong></span> <span class='ocrx_word' id='word_1_91' title='bbox 1538 1432 1674 1488; x_wconf 88' lang='grc' dir='ltr'><strong>Θεοῦ</strong></span> <span class='ocrx_word' id='word_1_92' title='bbox 1704 1433 2017 1507; x_wconf 75' lang='grc' dir='ltr'><strong>ἠξιωμένῳ,</strong></span> 
     </span>
    </p>
   </div>
   <div class='ocr_carea' id='block_1_16' title="bbox 428 1521 2019 1597">
    <p class='ocr_par' dir='ltr' id='par_1_16' title="bbox 428 1521 2019 1597">
     <span class='ocr_line' id='line_1_16' title="bbox 428 1521 2019 1597; baseline 0.003 -22"><span class='ocrx_word' id='word_1_93' title='bbox 428 1521 504 1587; x_wconf 84' lang='grc' dir='ltr'><strong>ὡς</strong></span> <span class='ocrx_word' id='word_1_94' title='bbox 533 1521 648 1576; x_wconf 77' lang='grc' dir='ltr'><strong>δντι</strong></span> <span class='ocrx_word' id='word_1_95' title='bbox 678 1521 896 1594; x_wconf 81' lang='grc' dir='ltr'><strong>μαθητῇ</strong></span> <span class='ocrx_word' id='word_1_96' title='bbox 930 1522 1027 1577; x_wconf 84' lang='grc' dir='ltr'><strong>τοῦ</strong></span> <span class='ocrx_word' id='word_1_97' title='bbox 1079 1524 1356 1595; x_wconf 79' lang='grc' dir='ltr'><strong>Χριστοῦο</strong></span> <span class='ocrx_word' id='word_1_98' title='bbox 1415 1526 1510 1580; x_wconf 71' lang='grc' dir='ltr'><strong>καὶ</strong></span> <span class='ocrx_word' id='word_1_99' title='bbox 1563 1525 1673 1581; x_wconf 71' lang='grc' dir='ltr'><strong>ἀπὸ</strong></span> <span class='ocrx_word' id='word_1_100' title='bbox 1723 1525 1825 1594; x_wconf 76' lang='grc' dir='ltr'><strong>τῆς</strong></span> <span class='ocrx_word' id='word_1_101' title='bbox 1868 1524 2019 1597; x_wconf 81' lang='grc' dir='ltr'><strong>ὧρας</strong></span> 
     </span>
    </p>
   </div>
   <div class='ocr_carea' id='block_1_17' title="bbox 429 1613 2020 1689">
    <p class='ocr_par' dir='ltr' id='par_1_17' title="bbox 429 1613 2020 1689">
     <span class='ocr_line' id='line_1_17' title="bbox 429 1613 2020 1689; baseline 0.004 -22"><span class='ocrx_word' id='word_1_102' title='bbox 429 1613 648 1683; x_wconf 85' lang='grc' dir='ltr'><strong>ἐκείνης</strong></span> <span class='ocrx_word' id='word_1_103' title='bbox 669 1617 771 1670; x_wconf 87' lang='grc' dir='ltr'><strong>οὒκ</strong></span> <span class='ocrx_word' id='word_1_104' title='bbox 805 1615 1061 1670; x_wconf 74' lang='grc' dir='ltr'><strong>ἔκλεισαν</strong></span> <span class='ocrx_word' id='word_1_105' title='bbox 1086 1617 1186 1688; x_wconf 84' lang='grc' dir='ltr'><strong>τὴν</strong></span> <span class='ocrx_word' id='word_1_106' title='bbox 1209 1616 1384 1689; x_wconf 81' lang='grc' dir='ltr'><strong>θύραν</strong></span> <span class='ocrx_word' id='word_1_107' title='bbox 1413 1617 1510 1671; x_wconf 90' lang='grc' dir='ltr'><strong>τοῦ</strong></span> <span class='ocrx_word' id='word_1_108' title='bbox 1542 1635 1782 1689; x_wconf 86' lang='grc' dir='ltr'><strong>μοναστη</strong></span> <span class='ocrx_word' id='word_1_109' title='bbox 1793 1617 1908 1688; x_wconf 88' lang='grc' dir='ltr'><strong>ρίου</strong></span> <span class='ocrx_word' id='word_1_110' title='bbox 1931 1618 2020 1673; x_wconf 67' lang='grc' dir='ltr'><strong>διὰ</strong></span> 
     </span>
    </p>
   </div>
   <div class='ocr_carea' id='block_1_18' title="bbox 428 1706 2019 1786">
    <p class='ocr_par' dir='ltr' id='par_1_18' title="bbox 428 1706 2019 1786">
     <span class='ocr_line' id='line_1_18' title="bbox 428 1706 2019 1786; baseline 0.002 -24"><span class='ocrx_word' id='word_1_111' title='bbox 428 1707 490 1762; x_wconf 77' lang='grc' dir='ltr'><strong>τὸ</strong></span> <span class='ocrx_word' id='word_1_112' title='bbox 515 1706 718 1786; x_wconf 79' lang='grc' dir='ltr'><strong>πλῆθος</strong></span> <span class='ocrx_word' id='word_1_113' title='bbox 750 1709 879 1762; x_wconf 85' lang='grc' dir='ltr'><strong>τῶν</strong></span> <span class='ocrx_word' id='word_1_114' title='bbox 934 1710 1282 1780; x_wconf 81' lang='grc' dir='ltr'><strong>εἰσρεόντων,</strong></span> <span class='ocrx_word' id='word_1_115' title='bbox 1330 1710 1489 1765; x_wconf 85' lang='grc' dir='ltr'><strong>τοῦτο</strong></span> <span class='ocrx_word' id='word_1_116' title='bbox 1533 1711 1632 1781; x_wconf 81' lang='grc' dir='ltr'><strong>μὲν</strong></span> <span class='ocrx_word' id='word_1_117' title='bbox 1670 1711 1779 1764; x_wconf 86' lang='grc' dir='ltr'><strong>τῶν</strong></span> <span class='ocrx_word' id='word_1_118' title='bbox 1814 1713 2019 1782; x_wconf 80' lang='grc' dir='ltr'><strong>ἐπιχω-</strong></span> 
     </span>
    </p>
   </div>
   <div class='ocr_carea' id='block_1_19' title="bbox 2121 610 3695 684">
    <p class='ocr_par' dir='ltr' id='par_1_19' title="bbox 2121 610 3695 684">
     <span class='ocr_line' id='line_1_19' title="bbox 2121 610 3695 684; baseline 0.005 -22"><span class='ocrx_word' id='word_1_119' title='bbox 2121 610 2352 674; x_wconf 77' lang='lat' dir='ltr'><strong>viderat,</strong></span> <span class='ocrx_word' id='word_1_120' title='bbox 2377 627 2566 668; x_wconf 82' lang='lat' dir='ltr'><strong>rursus</strong></span> <span class='ocrx_word' id='word_1_121' title='bbox 2595 620 2819 668; x_wconf 87' lang='lat' dir='ltr'><strong>coactus</strong></span> <span class='ocrx_word' id='word_1_122' title='bbox 2849 611 3025 669; x_wconf 72' lang='lat' dir='ltr'><strong>fuerat</strong></span> <span class='ocrx_word' id='word_1_123' title='bbox 3053 613 3230 678; x_wconf 77' lang='lat' dir='ltr'><strong>eII‘ari,</strong></span> <span class='ocrx_word' id='word_1_124' title='bbox 3256 612 3405 669; x_wconf 86' lang='lat' dir='ltr'><strong>Iebre</strong></span> <span class='ocrx_word' id='word_1_125' title='bbox 3423 621 3695 684; x_wconf 82' lang='lat' dir='ltr'><strong>arreptus,</strong></span> 
     </span>
    </p>
   </div>
   <div class='ocr_carea' id='block_1_20' title="bbox 2120 703 2788 772">
    <p class='ocr_par' dir='ltr' id='par_1_20' title="bbox 2120 703 2788 772">
     <span class='ocr_line' id='line_1_20' title="bbox 2120 703 2788 772; baseline 0.001 -16"><span class='ocrx_word' id='word_1_126' title='bbox 2120 716 2231 757; x_wconf 86' lang='lat' dir='ltr'><strong>uno</strong></span> <span class='ocrx_word' id='word_1_127' title='bbox 2262 712 2383 772; x_wconf 89' lang='lat' dir='ltr'><strong>post</strong></span> <span class='ocrx_word' id='word_1_128' title='bbox 2407 703 2495 759; x_wconf 85' lang='lat' dir='ltr'><strong>die</strong></span> <span class='ocrx_word' id='word_1_129' title='bbox 2528 703 2788 760; x_wconf 83' lang='lat' dir='ltr'><strong>decessit.</strong></span> 
     </span>
    </p>
   </div>
   <div class='ocr_carea' id='block_1_21' title="bbox 2193 881 3698 952">
    <p class='ocr_par' dir='ltr' id='par_1_21' title="bbox 2193 881 3698 952">
     <span class='ocr_line' id='line_1_21' title="bbox 2193 881 3698 952; baseline 0.002 -14"><span class='ocrx_word' id='word_1_130' title='bbox 2193 881 2438 939; x_wconf 76' lang='lat' dir='ltr'><strong>XXXVI.</strong></span> <span class='ocrx_word' id='word_1_131' title='bbox 2469 883 2606 939; x_wconf 88' lang='lat' dir='ltr'><strong>Cum</strong></span> <span class='ocrx_word' id='word_1_132' title='bbox 2636 883 2755 940; x_wconf 63' lang='lat' dir='ltr'><strong>haec</strong></span> <span class='ocrx_word' id='word_1_133' title='bbox 2794 892 2974 939; x_wconf 87' lang='lat' dir='ltr'><strong>autem</strong></span> <span class='ocrx_word' id='word_1_134' title='bbox 3022 883 3160 940; x_wconf 81' lang='lat' dir='ltr'><strong>facta</strong></span> <span class='ocrx_word' id='word_1_135' title='bbox 3192 895 3397 952; x_wconf 90' lang='lat' dir='ltr'><strong>essent,</strong></span> <span class='ocrx_word' id='word_1_136' title='bbox 3434 885 3698 941; x_wconf 87' lang='lat' dir='ltr'><strong>deductus</strong></span> 
     </span>
    </p>
   </div>
   <div class='ocr_carea' id='block_1_22' title="bbox 2118 973 3697 1047">
    <p class='ocr_par' dir='ltr' id='par_1_22' title="bbox 2118 973 3697 1047">
     <span class='ocr_line' id='line_1_22' title="bbox 2118 973 3697 1047; baseline 0.001 -18"><span class='ocrx_word' id='word_1_137' title='bbox 2118 975 2219 1029; x_wconf 79' lang='lat' dir='ltr'><strong>fuit</strong></span> <span class='ocrx_word' id='word_1_138' title='bbox 2246 991 2276 1029; x_wconf 76' lang='grc' dir='ltr'><strong>ιι</strong></span> <span class='ocrx_word' id='word_1_139' title='bbox 2313 977 2600 1031; x_wconf 82' lang='lat' dir='ltr'><strong>monachis</strong></span> <span class='ocrx_word' id='word_1_140' title='bbox 2636 986 2687 1030; x_wconf 91' lang='lat' dir='ltr'><strong>et</strong></span> <span class='ocrx_word' id='word_1_141' title='bbox 2717 973 2953 1039; x_wconf 68' lang='lat' dir='ltr'><strong>clei‘Icis,</strong></span> <span class='ocrx_word' id='word_1_142' title='bbox 2980 986 3031 1030; x_wconf 88' lang='lat' dir='ltr'><strong>et</strong></span> <span class='ocrx_word' id='word_1_143' title='bbox 3066 977 3383 1047; x_wconf 87' lang='lat' dir='ltr'><strong>quibusdam</strong></span> <span class='ocrx_word' id='word_1_144' title='bbox 3411 978 3533 1034; x_wconf 86' lang='lat' dir='ltr'><strong>aliis</strong></span> <span class='ocrx_word' id='word_1_145' title='bbox 3560 977 3697 1032; x_wconf 75' lang='lat' dir='ltr'><strong>viris</strong></span> 
     </span>
    </p>
   </div>
   <div class='ocr_carea' id='block_1_23' title="bbox 2119 1066 3698 1138">
    <p class='ocr_par' dir='ltr' id='par_1_23' title="bbox 2119 1066 3698 1138">
     <span class='ocr_line' id='line_1_23' title="bbox 2119 1066 3698 1138; baseline 0.003 -17"><span class='ocrx_word' id='word_1_146' title='bbox 2119 1067 2395 1137; x_wconf 69' lang='lat' dir='ltr'><strong>pmclaris</strong></span> <span class='ocrx_word' id='word_1_147' title='bbox 2425 1067 2493 1122; x_wconf 89' lang='lat' dir='ltr'><strong>ad</strong></span> <span class='ocrx_word' id='word_1_148' title='bbox 2530 1066 2886 1133; x_wconf 76' lang='lat' dir='ltr'><strong>Rumnianas,</strong></span> <span class='ocrx_word' id='word_1_149' title='bbox 2915 1081 3083 1138; x_wconf 80' lang='lat' dir='ltr'><strong>prape</strong></span> <span class='ocrx_word' id='word_1_150' title='bbox 3114 1067 3344 1124; x_wconf 84' lang='lat' dir='ltr'><strong>Sanctus</strong></span> <span class='ocrx_word' id='word_1_151' title='bbox 3389 1069 3698 1138; x_wconf 76' lang='lat' dir='ltr'><strong>Apostolus,</strong></span> 
     </span>
    </p>
   </div>
   <div class='ocr_carea' id='block_1_24' title="bbox 2120 1157 3701 1230">
    <p class='ocr_par' dir='ltr' id='par_1_24' title="bbox 2120 1157 3701 1230">
     <span class='ocr_line' id='line_1_24' title="bbox 2120 1157 3701 1230; baseline -0.001 -15"><span class='ocrx_word' id='word_1_152' title='bbox 2120 1162 2173 1215; x_wconf 89' lang='lat' dir='ltr'><strong>in</strong></span> <span class='ocrx_word' id='word_1_153' title='bbox 2209 1158 2542 1215; x_wconf 79' lang='lat' dir='ltr'><strong>monastein</strong></span> <span class='ocrx_word' id='word_1_154' title='bbox 2591 1160 2733 1214; x_wconf 82' lang='lat' dir='ltr'><strong>beati</strong></span> <span class='ocrx_word' id='word_1_155' title='bbox 2787 1158 3028 1230; x_wconf 82' lang='lat' dir='ltr'><strong>IIypatii,</strong></span> <span class='ocrx_word' id='word_1_156' title='bbox 3071 1157 3182 1213; x_wconf 90' lang='lat' dir='ltr'><strong>illic</strong></span> <span class='ocrx_word' id='word_1_157' title='bbox 3210 1157 3408 1227; x_wconf 86' lang='lat' dir='ltr'><strong>jussus</strong></span> <span class='ocrx_word' id='word_1_158' title='bbox 3437 1175 3596 1229; x_wconf 74' lang='lat' dir='ltr'><strong>agere</strong></span> <span class='ocrx_word' id='word_1_159' title='bbox 3623 1160 3701 1215; x_wconf 81' lang='lat' dir='ltr'><strong>si-</strong></span> 
     </span>
    </p>
   </div>
   <div class='ocr_carea' id='block_1_25' title="bbox 2119 1249 3695 1319">
    <p class='ocr_par' dir='ltr' id='par_1_25' title="bbox 2119 1249 3695 1319">
     <span class='ocr_line' id='line_1_25' title="bbox 2119 1249 3695 1319; baseline -0.002 -13"><span class='ocrx_word' id='word_1_160' title='bbox 2119 1251 2374 1306; x_wconf 90' lang='lat' dir='ltr'><strong>lentium.</strong></span> <span class='ocrx_word' id='word_1_161' title='bbox 2414 1249 2551 1306; x_wconf 89' lang='lat' dir='ltr'><strong>Cum</strong></span> <span class='ocrx_word' id='word_1_162' title='bbox 2579 1266 2772 1319; x_wconf 78' lang='lat' dir='ltr'><strong>magno</strong></span> <span class='ocrx_word' id='word_1_163' title='bbox 2803 1265 2935 1304; x_wconf 73' lang='lat' dir='ltr'><strong>vero</strong></span> <span class='ocrx_word' id='word_1_164' title='bbox 2969 1250 3164 1319; x_wconf 73' lang='lat' dir='ltr'><strong>gaudio</strong></span> <span class='ocrx_word' id='word_1_165' title='bbox 3196 1264 3318 1302; x_wconf 90' lang='lat' dir='ltr'><strong>eum</strong></span> <span class='ocrx_word' id='word_1_166' title='bbox 3344 1260 3695 1316; x_wconf 79' lang='lat' dir='ltr'><strong>exceperunt,</strong></span> 
     </span>
    </p>
   </div>
   <div class='ocr_carea' id='block_1_26' title="bbox 2120 1342 3701 1415">
    <p class='ocr_par' dir='ltr' id='par_1_26' title="bbox 2120 1342 3701 1415">
     <span class='ocr_line' id='line_1_26' title="bbox 2120 1342 3701 1415; baseline -0.001 -18"><span class='ocrx_word' id='word_1_167' title='bbox 2120 1344 2211 1415; x_wconf 80' lang='lat' dir='ltr'><strong>qui</strong></span> <span class='ocrx_word' id='word_1_168' title='bbox 2243 1344 2354 1400; x_wconf 87' lang='lat' dir='ltr'><strong>illic</strong></span> <span class='ocrx_word' id='word_1_169' title='bbox 2380 1352 2538 1398; x_wconf 87' lang='lat' dir='ltr'><strong>erant</strong></span> <span class='ocrx_word' id='word_1_170' title='bbox 2586 1342 2839 1397; x_wconf 84' lang='lat' dir='ltr'><strong>monachi</strong></span> <span class='ocrx_word' id='word_1_171' title='bbox 2889 1357 3015 1397; x_wconf 90' lang='lat' dir='ltr'><strong>cum</strong></span> <span class='ocrx_word' id='word_1_172' title='bbox 3045 1357 3233 1397; x_wconf 89' lang='lat' dir='ltr'><strong>eorum</strong></span> <span class='ocrx_word' id='word_1_173' title='bbox 3265 1342 3547 1410; x_wconf 69' lang='lat' dir='ltr'><strong>praefecto,</strong></span> <span class='ocrx_word' id='word_1_174' title='bbox 3580 1343 3701 1396; x_wconf 74' lang='lat' dir='ltr'><strong>viro</strong></span> 
     </span>
    </p>
   </div>
   <div class='ocr_carea' id='block_1_27' title="bbox 2120 1432 3701 1506">
    <p class='ocr_par' dir='ltr' id='par_1_27' title="bbox 2120 1432 3701 1506">
     <span class='ocr_line' id='line_1_27' title="bbox 2120 1432 3701 1506; baseline 0 -16"><span class='ocrx_word' id='word_1_175' title='bbox 2120 1436 2470 1506; x_wconf 86' lang='lat' dir='ltr'><strong>undiqnaqne</strong></span> <span class='ocrx_word' id='word_1_176' title='bbox 2522 1434 2729 1504; x_wconf 91' lang='lat' dir='ltr'><strong>optimo</strong></span> <span class='ocrx_word' id='word_1_177' title='bbox 2781 1441 2835 1489; x_wconf 85' lang='lat' dir='ltr'><strong>et</strong></span> <span class='ocrx_word' id='word_1_178' title='bbox 2887 1433 3062 1499; x_wconf 75' lang='lat' dir='ltr'><strong>gratia</strong></span> <span class='ocrx_word' id='word_1_179' title='bbox 3123 1433 3217 1489; x_wconf 87' lang='lat' dir='ltr'><strong>Dei</strong></span> <span class='ocrx_word' id='word_1_180' title='bbox 3252 1436 3495 1505; x_wconf 79' lang='lat' dir='ltr'><strong>dignam,</strong></span> <span class='ocrx_word' id='word_1_181' title='bbox 3527 1444 3583 1488; x_wconf 89' lang='grc' dir='ltr'><strong>ιιι</strong></span> <span class='ocrx_word' id='word_1_182' title='bbox 3606 1432 3701 1504; x_wconf 85' lang='lat' dir='ltr'><strong>qui</strong></span> 
     </span>
    </p>
   </div>
   <div class='ocr_carea' id='block_1_28' title="bbox 2118 1525 3699 1597">
    <p class='ocr_par' dir='ltr' id='par_1_28' title="bbox 2118 1525 3699 1597">
     <span class='ocr_line' id='line_1_28' title="bbox 2118 1525 3699 1597; baseline -0.002 -14"><span class='ocrx_word' id='word_1_183' title='bbox 2118 1539 2264 1583; x_wconf 86' lang='lat' dir='ltr'><strong>esset</strong></span> <span class='ocrx_word' id='word_1_184' title='bbox 2284 1526 2486 1582; x_wconf 90' lang='lat' dir='ltr'><strong>Christi</strong></span> <span class='ocrx_word' id='word_1_185' title='bbox 2517 1526 2839 1597; x_wconf 79' lang='lat' dir='ltr'><strong>d‘isripultts.</strong></span> <span class='ocrx_word' id='word_1_186' title='bbox 2870 1525 3078 1580; x_wconf 44' lang='lat' dir='ltr'><strong>Ab‘illo</strong></span> <span class='ocrx_word' id='word_1_187' title='bbox 3105 1537 3284 1581; x_wconf 84' lang='lat' dir='ltr'><strong>autem</strong></span> <span class='ocrx_word' id='word_1_188' title='bbox 3317 1535 3562 1594; x_wconf 88' lang='lat' dir='ltr'><strong>tempore</strong></span> <span class='ocrx_word' id='word_1_189' title='bbox 3594 1543 3699 1582; x_wconf 90' lang='lat' dir='ltr'><strong>non</strong></span> 
     </span>
    </p>
   </div>
   <div class='ocr_carea' id='block_1_29' title="bbox 2123 1616 3700 1686">
    <p class='ocr_par' dir='ltr' id='par_1_29' title="bbox 2123 1616 3700 1686">
     <span class='ocr_line' id='line_1_29' title="bbox 2123 1616 3700 1686; baseline -0.003 -11"><span class='ocrx_word' id='word_1_190' title='bbox 2123 1621 2439 1675; x_wconf 87' lang='lat' dir='ltr'><strong>clauserunt</strong></span> <span class='ocrx_word' id='word_1_191' title='bbox 2473 1618 2617 1671; x_wconf 83' lang='lat' dir='ltr'><strong>fores</strong></span> <span class='ocrx_word' id='word_1_192' title='bbox 2652 1616 2995 1683; x_wconf 78' lang='lat' dir='ltr'><strong>monasterii,</strong></span> <span class='ocrx_word' id='word_1_193' title='bbox 3026 1627 3247 1686; x_wconf 88' lang='lat' dir='ltr'><strong>propter</strong></span> <span class='ocrx_word' id='word_1_194' title='bbox 3298 1617 3700 1672; x_wconf 89' lang='lat' dir='ltr'><strong>multitudinem</strong></span> 
     </span>
    </p>
   </div>
   <div class='ocr_carea' id='block_1_30' title="bbox 2120 1704 3704 1779">
    <p class='ocr_par' dir='ltr' id='par_1_30' title="bbox 2120 1704 3704 1779">
     <span class='ocr_line' id='line_1_30' title="bbox 2120 1704 3704 1779; baseline -0.002 -15"><span class='ocrx_word' id='word_1_195' title='bbox 2120 1724 2311 1765; x_wconf 89' lang='lat' dir='ltr'><strong>eorum</strong></span> <span class='ocrx_word' id='word_1_196' title='bbox 2348 1708 2444 1779; x_wconf 86' lang='lat' dir='ltr'><strong>qui</strong></span> <span class='ocrx_word' id='word_1_197' title='bbox 2473 1704 2787 1772; x_wconf 69' lang='lat' dir='ltr'><strong>afﬂuebant,</strong></span> <span class='ocrx_word' id='word_1_198' title='bbox 2821 1710 3017 1778; x_wconf 79' lang='lat' dir='ltr'><strong>partim</strong></span> <span class='ocrx_word' id='word_1_199' title='bbox 3048 1723 3116 1762; x_wconf 80' lang='lat' dir='ltr'><strong>ex</strong></span> <span class='ocrx_word' id='word_1_200' title='bbox 3148 1708 3251 1776; x_wconf 70' lang='lat' dir='ltr'><strong>hac</strong></span> <span class='ocrx_word' id='word_1_201' title='bbox 3296 1707 3541 1776; x_wconf 75' lang='lat' dir='ltr'><strong>regione,</strong></span> <span class='ocrx_word' id='word_1_202' title='bbox 3573 1721 3704 1776; x_wconf 83' lang='lat' dir='ltr'><strong>par-</strong></span> 
     </span>
    </p>
   </div>
   <div class='ocr_carea' id='block_1_31' title="bbox 429 1798 2018 1878">
    <p class='ocr_par' dir='ltr' id='par_1_31' title="bbox 429 1798 2017 1875">
     <span class='ocr_line' id='line_1_31' title="bbox 429 1798 2017 1875; baseline 0.003 -23"><span class='ocrx_word' id='word_1_203' title='bbox 429 1800 583 1871; x_wconf 84' lang='grc' dir='ltr'><strong>ρίων,</strong></span> <span class='ocrx_word' id='word_1_204' title='bbox 636 1798 797 1854; x_wconf 86' lang='grc' dir='ltr'><strong>τοῦτο</strong></span> <span class='ocrx_word' id='word_1_205' title='bbox 849 1801 905 1854; x_wconf 86' lang='grc' dir='ltr'><strong>δέ</strong></span> <span class='ocrx_word' id='word_1_206' title='bbox 933 1801 1029 1855; x_wconf 74' lang='grc' dir='ltr'><strong>καὶ</strong></span> <span class='ocrx_word' id='word_1_207' title='bbox 1061 1803 1160 1873; x_wconf 82' lang='grc' dir='ltr'><strong>τῆς</strong></span> <span class='ocrx_word' id='word_1_208' title='bbox 1207 1804 1642 1875; x_wconf 80' lang='grc' dir='ltr'><strong>πανευδαίμονος</strong></span> <span class='ocrx_word' id='word_1_209' title='bbox 1669 1804 2017 1859; x_wconf 82' lang='grc' dir='ltr'><strong>Κωνσταντι-</strong></span> 
     </span>
    </p>
   </div>
   <div class='ocr_carea' id='block_1_32' title="bbox 2121 1798 3700 1878">
    <p class='ocr_par' dir='ltr' id='par_1_32' title="bbox 2123 1799 3700 1873">
     <span class='ocr_line' id='line_1_32' title="bbox 2123 1799 3700 1873; baseline -0.001 -17"><span class='ocrx_word' id='word_1_210' title='bbox 2123 1803 2217 1857; x_wconf 90' lang='lat' dir='ltr'><strong>tim</strong></span> <span class='ocrx_word' id='word_1_211' title='bbox 2279 1812 2461 1857; x_wconf 83' lang='lat' dir='ltr'><strong>autem</strong></span> <span class='ocrx_word' id='word_1_212' title='bbox 2512 1816 2576 1856; x_wconf 80' lang='lat' dir='ltr'><strong>ex</strong></span> <span class='ocrx_word' id='word_1_213' title='bbox 2616 1800 2773 1873; x_wconf 76' lang='lat' dir='ltr'><strong>longe</strong></span> <span class='ocrx_word' id='word_1_214' title='bbox 2832 1800 3145 1856; x_wconf 86' lang='lat' dir='ltr'><strong>beatissima</strong></span> <span class='ocrx_word' id='word_1_215' title='bbox 3176 1799 3700 1870; x_wconf 84' lang='lat' dir='ltr'><strong>Constantinopoli:</strong></span> 
     </span>
    </p>
   </div>
   <div class='ocr_carea' id='block_1_33' title="bbox 427 1891 2015 1967">
    <p class='ocr_par' dir='ltr' id='par_1_33' title="bbox 427 1891 2015 1967">
     <span class='ocr_line' id='line_1_33' title="bbox 427 1891 2015 1967; baseline 0.003 -23"><span class='ocrx_word' id='word_1_216' title='bbox 427 1895 755 1957; x_wconf 70' lang='grc' dir='ltr'><strong>νουπόλεως.</strong></span> <span class='ocrx_word' id='word_1_217' title='bbox 786 1894 1131 1967; x_wconf 75' lang='grc' dir='ltr'><strong>Φιλοφρὸνως</strong></span> <span class='ocrx_word' id='word_1_218' title='bbox 1171 1891 1265 1951; x_wconf 85' lang='grc' dir='ltr'><strong>οῦν</strong></span> <span class='ocrx_word' id='word_1_219' title='bbox 1288 1898 1498 1961; x_wconf 81' lang='grc' dir='ltr'><strong>πάντας</strong></span> <span class='ocrx_word' id='word_1_220' title='bbox 1527 1896 1852 1966; x_wconf 75' lang='grc' dir='ltr'><strong>ὑπεδέχοντο</strong></span> <span class='ocrx_word' id='word_1_221' title='bbox 1880 1911 2015 1962; x_wconf 85' lang='grc' dir='ltr'><strong>προ-</strong></span> 
     </span>
    </p>
   </div>
   <div class='ocr_carea' id='block_1_34' title="bbox 429 1984 2013 2061">
    <p class='ocr_par' dir='ltr' id='par_1_34' title="bbox 429 1984 2013 2061">
     <span class='ocr_line' id='line_1_34' title="bbox 429 1984 2013 2061; baseline 0.004 -23"><span class='ocrx_word' id='word_1_222' title='bbox 429 1984 639 2055; x_wconf 85' lang='grc' dir='ltr'><strong>θύμως,</strong></span> <span class='ocrx_word' id='word_1_223' title='bbox 697 1986 961 2052; x_wconf 81' lang='grc' dir='ltr'><strong>πλείστας</strong></span> <span class='ocrx_word' id='word_1_224' title='bbox 1016 1989 1116 2058; x_wconf 85' lang='grc' dir='ltr'><strong>μὲν</strong></span> <span class='ocrx_word' id='word_1_225' title='bbox 1175 1990 1561 2061; x_wconf 85' lang='grc' dir='ltr'><strong>καρποφορίας</strong></span> <span class='ocrx_word' id='word_1_226' title='bbox 1618 1990 2013 2060; x_wconf 75' lang='grc' dir='ltr'><strong>κομιζόμενοι·</strong></span> 
     </span>
    </p>
   </div>
   <div class='ocr_carea' id='block_1_35' title="bbox 429 2075 2015 2152">
    <p class='ocr_par' dir='ltr' id='par_1_35' title="bbox 429 2075 2015 2152">
     <span class='ocr_line' id='line_1_35' title="bbox 429 2075 2015 2152; baseline 0.004 -24"><span class='ocrx_word' id='word_1_227' title='bbox 429 2075 631 2146; x_wconf 79' lang='grc' dir='ltr'><strong>πολλὴν</strong></span> <span class='ocrx_word' id='word_1_228' title='bbox 660 2077 717 2131; x_wconf 82' lang='grc' dir='ltr'><strong>δέ</strong></span> <span class='ocrx_word' id='word_1_229' title='bbox 746 2078 839 2131; x_wconf 78' lang='grc' dir='ltr'><strong>ἐπὶ</strong></span> <span class='ocrx_word' id='word_1_230' title='bbox 869 2080 936 2150; x_wconf 82' lang='grc' dir='ltr'><strong>τῇ</strong></span> <span class='ocrx_word' id='word_1_231' title='bbox 961 2077 1146 2150; x_wconf 82' lang='grc' dir='ltr'><strong>διαίτῃ</strong></span> <span class='ocrx_word' id='word_1_232' title='bbox 1170 2079 1267 2149; x_wconf 80' lang='grc' dir='ltr'><strong>τὴν</strong></span> <span class='ocrx_word' id='word_1_233' title='bbox 1291 2080 1653 2152; x_wconf 75' lang='grc' dir='ltr'><strong>παρασκευὴν</strong></span> <span class='ocrx_word' id='word_1_234' title='bbox 1674 2080 2015 2152; x_wconf 73' lang='grc' dir='ltr'><strong>ποιούμενοι,</strong></span> 
     </span>
    </p>
   </div>
   <div class='ocr_carea' id='block_1_36' title="bbox 427 2166 2018 2245">
    <p class='ocr_par' dir='ltr' id='par_1_36' title="bbox 427 2166 2018 2245">
     <span class='ocr_line' id='line_1_36' title="bbox 427 2166 2018 2245; baseline 0.004 -25"><span class='ocrx_word' id='word_1_235' title='bbox 427 2166 571 2221; x_wconf 80' lang='grc' dir='ltr'><strong>ὥστε</strong></span> <span class='ocrx_word' id='word_1_236' title='bbox 600 2167 855 2238; x_wconf 80' lang='grc' dir='ltr'><strong>γενέσθαι</strong></span> <span class='ocrx_word' id='word_1_237' title='bbox 878 2172 941 2223; x_wconf 83' lang='grc' dir='ltr'><strong>τὸ</strong></span> <span class='ocrx_word' id='word_1_238' title='bbox 965 2174 1333 2243; x_wconf 82' lang='grc' dir='ltr'><strong>μοναστήριον</strong></span> <span class='ocrx_word' id='word_1_239' title='bbox 1360 2174 1540 2226; x_wconf 82' lang='grc' dir='ltr'><strong>ἐκεῖνο</strong></span> <span class='ocrx_word' id='word_1_240' title='bbox 1573 2173 1650 2238; x_wconf 77' lang='grc' dir='ltr'><strong>ὡς</strong></span> <span class='ocrx_word' id='word_1_241' title='bbox 1677 2173 1775 2244; x_wconf 83' lang='grc' dir='ltr'><strong>τὴν</strong></span> <span class='ocrx_word' id='word_1_242' title='bbox 1811 2174 2018 2245; x_wconf 77' lang='grc' dir='ltr'><strong>σκηνὴν</strong></span> 
     </span>
    </p>
   </div>
   <div class='ocr_carea' id='block_1_37' title="bbox 426 2256 2017 2337">
    <p class='ocr_par' dir='ltr' id='par_1_37' title="bbox 426 2256 2017 2337">
     <span class='ocr_line' id='line_1_37' title="bbox 426 2256 2017 2337; baseline 0.004 -29"><span class='ocrx_word' id='word_1_243' title='bbox 426 2256 521 2309; x_wconf 87' lang='grc' dir='ltr'><strong>τοῦ</strong></span> <span class='ocrx_word' id='word_1_244' title='bbox 568 2256 825 2337; x_wconf 77' lang='grc' dir='ltr'><strong>Ἀδραάμ</strong></span> <span class='ocrx_word' id='word_1_245' title='bbox 845 2273 860 2289; x_wconf 85' lang='grc'><em>’</em></span> <span class='ocrx_word' id='word_1_246' title='bbox 886 2257 1133 2323; x_wconf 75' lang='grc' dir='ltr'><strong>ἅπαντας</strong></span> <span class='ocrx_word' id='word_1_247' title='bbox 1168 2260 1277 2329; x_wconf 78' lang='grc' dir='ltr'><strong>γὰρ</strong></span> <span class='ocrx_word' id='word_1_248' title='bbox 1310 2261 1497 2332; x_wconf 66' lang='grc' dir='ltr'><strong>σχεδὸν</strong></span> <span class='ocrx_word' id='word_1_249' title='bbox 1528 2262 1642 2315; x_wconf 77' lang='grc' dir='ltr'><strong>εἴτε</strong></span> <span class='ocrx_word' id='word_1_250' title='bbox 1677 2263 1885 2330; x_wconf 78' lang='grc' dir='ltr'><strong>ἀξίους,</strong></span> <span class='ocrx_word' id='word_1_251' title='bbox 1908 2264 2017 2316; x_wconf 75' lang='grc' dir='ltr'><strong>εἴτε</strong></span> 
     </span>
    </p>
   </div>
   <div class='ocr_carea' id='block_1_38' title="bbox 427 2347 2019 2425">
    <p class='ocr_par' dir='ltr' id='par_1_38' title="bbox 427 2347 2019 2425">
     <span class='ocr_line' id='line_1_38' title="bbox 427 2347 2019 2425; baseline 0.005 -25"><span class='ocrx_word' id='word_1_252' title='bbox 427 2347 703 2415; x_wconf 77' lang='grc' dir='ltr'><strong>ἀναξίους,</strong></span> <span class='ocrx_word' id='word_1_253' title='bbox 728 2348 804 2412; x_wconf 84' lang='grc' dir='ltr'><strong>ὡς</strong></span> <span class='ocrx_word' id='word_1_254' title='bbox 838 2348 1108 2417; x_wconf 80' lang='grc' dir='ltr'><strong>ἀγγέλους</strong></span> <span class='ocrx_word' id='word_1_255' title='bbox 1136 2348 1464 2416; x_wconf 77' lang='grc' dir='ltr'><strong>ἐδεξιοῦντο.</strong></span> <span class='ocrx_word' id='word_1_256' title='bbox 1517 2353 1623 2407; x_wconf 84' lang='grc' dir='ltr'><strong>Τδν</strong></span> <span class='ocrx_word' id='word_1_257' title='bbox 1652 2352 1709 2408; x_wconf 81' lang='grc' dir='ltr'><strong>δὲ</strong></span> <span class='ocrx_word' id='word_1_258' title='bbox 1745 2354 2019 2425; x_wconf 83' lang='grc' dir='ltr'><strong>μακάριον</strong></span> 
     </span>
    </p>
   </div>
   <div class='ocr_carea' id='block_1_39' title="bbox 427 2437 2019 2515">
    <p class='ocr_par' dir='ltr' id='par_1_39' title="bbox 427 2437 2019 2515">
     <span class='ocr_line' id='line_1_39' title="bbox 427 2437 2019 2515; baseline 0.006 -27"><span class='ocrx_word' id='word_1_259' title='bbox 427 2438 486 2491; x_wconf 91' lang='grc' dir='ltr'><strong>ἐν</strong></span> <span class='ocrx_word' id='word_1_260' title='bbox 518 2438 780 2507; x_wconf 79' lang='grc' dir='ltr'><strong>τρικλίνῳ</strong></span> <span class='ocrx_word' id='word_1_261' title='bbox 808 2437 1000 2509; x_wconf 79' lang='grc' dir='ltr'>ὑψηλῷ</span> <span class='ocrx_word' id='word_1_262' title='bbox 1034 2440 1510 2508; x_wconf 80' lang='grc' dir='ltr'><strong>περικλείσαντες,</strong></span> <span class='ocrx_word' id='word_1_263' title='bbox 1542 2442 1730 2513; x_wconf 72' lang='grc' dir='ltr'><strong>ἠξίουν</strong></span> <span class='ocrx_word' id='word_1_264' title='bbox 1777 2445 2019 2515; x_wconf 86' lang='grc' dir='ltr'><strong>προσεύ-</strong></span> 
     </span>
    </p>
   </div>
   <div class='ocr_carea' id='block_1_40' title="bbox 431 2528 2016 2607">
    <p class='ocr_par' dir='ltr' id='par_1_40' title="bbox 431 2528 2016 2607">
     <span class='ocr_line' id='line_1_40' title="bbox 431 2528 2016 2607; baseline 0.006 -26"><span class='ocrx_word' id='word_1_265' title='bbox 431 2528 627 2599; x_wconf 75' lang='grc' dir='ltr'><strong>χεσθαι</strong></span> <span class='ocrx_word' id='word_1_266' title='bbox 665 2529 807 2600; x_wconf 81' lang='grc' dir='ltr'><strong>ὑπὲρ</strong></span> <span class='ocrx_word' id='word_1_267' title='bbox 863 2533 961 2600; x_wconf 81' lang='grc' dir='ltr'><strong>τῆς</strong></span> <span class='ocrx_word' id='word_1_268' title='bbox 1007 2533 1101 2584; x_wconf 87' lang='grc' dir='ltr'><strong>τοῦ</strong></span> <span class='ocrx_word' id='word_1_269' title='bbox 1136 2532 1343 2602; x_wconf 84' lang='grc' dir='ltr'><strong>κόσμου</strong></span> <span class='ocrx_word' id='word_1_270' title='bbox 1375 2534 1471 2588; x_wconf 76' lang='grc' dir='ltr'><strong>καὶ</strong></span> <span class='ocrx_word' id='word_1_271' title='bbox 1509 2535 1689 2589; x_wconf 73' lang='grc' dir='ltr'><strong>αὐτῶν</strong></span> <span class='ocrx_word' id='word_1_272' title='bbox 1719 2536 2016 2607; x_wconf 84' lang='grc' dir='ltr'><strong>σωτηρίας,</strong></span> 
     </span>
    </p>
   </div>
   <div class='ocr_carea' id='block_1_41' title="bbox 429 2623 2019 2700">
    <p class='ocr_par' dir='ltr' id='par_1_41' title="bbox 429 2623 2019 2700">
     <span class='ocr_line' id='line_1_41' title="bbox 429 2623 2019 2700; baseline 0.005 -25"><span class='ocrx_word' id='word_1_273' title='bbox 429 2623 612 2677; x_wconf 74' lang='grc' dir='ltr'><strong>πᾶσάν</strong></span> <span class='ocrx_word' id='word_1_274' title='bbox 637 2638 697 2676; x_wconf 89' lang='grc' dir='ltr'><strong>τε</strong></span> <span class='ocrx_word' id='word_1_275' title='bbox 732 2623 881 2694; x_wconf 83' lang='grc' dir='ltr'><strong>αὐτῷ</strong></span> <span class='ocrx_word' id='word_1_276' title='bbox 911 2624 1191 2679; x_wconf 74' lang='grc' dir='ltr'><strong>διακονίαν</strong></span> <span class='ocrx_word' id='word_1_277' title='bbox 1216 2626 1312 2680; x_wconf 72' lang='grc' dir='ltr'><strong>καὶ</strong></span> <span class='ocrx_word' id='word_1_278' title='bbox 1339 2628 1452 2687; x_wconf 82' lang='grc' dir='ltr'><strong>τοῖς</strong></span> <span class='ocrx_word' id='word_1_279' title='bbox 1492 2627 1880 2700; x_wconf 81' lang='grc' dir='ltr'><strong>συντρέχουσιν</strong></span> <span class='ocrx_word' id='word_1_280' title='bbox 1923 2630 2019 2684; x_wconf 77' lang='grc' dir='ltr'><strong>ἀό-</strong></span> 
     </span>
    </p>
   </div>
   <div class='ocr_carea' id='block_1_42' title="bbox 430 2704 2041 2795">
    <p class='ocr_par' dir='ltr' id='par_1_42' title="bbox 430 2704 2041 2795">
     <span class='ocr_line' id='line_1_42' title="bbox 430 2704 2041 2795; baseline 0.006 -28"><span class='ocrx_word' id='word_1_281' title='bbox 430 2732 574 2781; x_wconf 84' lang='grc' dir='ltr'><strong>κνως</strong></span> <span class='ocrx_word' id='word_1_282' title='bbox 604 2716 1028 2787; x_wconf 80' lang='grc' dir='ltr'><strong>προσφέροντες,</strong></span> <span class='ocrx_word' id='word_1_283' title='bbox 1055 2718 1145 2771; x_wconf 83' lang='grc' dir='ltr'><strong>διὰ</strong></span> <span class='ocrx_word' id='word_1_284' title='bbox 1165 2716 1264 2790; x_wconf 84' lang='grc' dir='ltr'><strong>τὴν</strong></span> <span class='ocrx_word' id='word_1_285' title='bbox 1276 2719 1416 2791; x_wconf 74' lang='grc' dir='ltr'><strong>ὑπὲρ</strong></span> <span class='ocrx_word' id='word_1_286' title='bbox 1447 2720 1627 2792; x_wconf 82' lang='grc' dir='ltr'><strong>πάσης</strong></span> <span class='ocrx_word' id='word_1_287' title='bbox 1655 2704 2041 2795; x_wconf 63' lang='grc' dir='ltr'><strong>ἀγαθοεργίας</strong></span> 
     </span>
    </p>
   </div>
   <div class='ocr_carea' id='block_1_43' title="bbox 426 2805 1656 2879">
    <p class='ocr_par' dir='ltr' id='par_1_43' title="bbox 426 2805 1656 2879">
     <span class='ocr_line' id='line_1_43' title="bbox 426 2805 1656 2879; baseline 0.003 -19"><span class='ocrx_word' id='word_1_288' title='bbox 426 2806 848 2877; x_wconf 78' lang='grc' dir='ltr'><strong>ἐπηγγελμένην</strong></span> <span class='ocrx_word' id='word_1_289' title='bbox 879 2807 1034 2878; x_wconf 69' lang='grc' dir='ltr'><strong>παρὰ</strong></span> <span class='ocrx_word' id='word_1_290' title='bbox 1058 2805 1176 2879; x_wconf 82' lang='grc' dir='ltr'><strong>Θεῷ</strong></span> <span class='ocrx_word' id='word_1_291' title='bbox 1202 2809 1656 2877; x_wconf 79' lang='grc' dir='ltr'><strong>μισθαποδοσίαν.</strong></span> 
     </span>
    </p>
   </div>
   <div class='ocr_carea' id='block_1_44' title="bbox 498 2897 2020 2975">
    <p class='ocr_par' dir='ltr' id='par_1_44' title="bbox 498 2897 2020 2975">
     <span class='ocr_line' id='line_1_44' title="bbox 498 2897 2020 2975; baseline 0.002 -21"><span class='ocrx_word' id='word_1_292' title='bbox 498 2897 618 2955; x_wconf 84' lang='lat' dir='ltr'><strong>AZ&#39;.</strong></span> <span class='ocrx_word' id='word_1_293' title='bbox 649 2898 845 2953; x_wconf 73' lang='grc' dir='ltr'><strong>Πολλοὶ</strong></span> <span class='ocrx_word' id='word_1_294' title='bbox 871 2897 981 2970; x_wconf 80' lang='grc' dir='ltr'><strong>γὰρ</strong></span> <span class='ocrx_word' id='word_1_295' title='bbox 1013 2899 1301 2971; x_wconf 81' lang='grc' dir='ltr'><strong>πνεύματα</strong></span> <span class='ocrx_word' id='word_1_296' title='bbox 1346 2903 1633 2975; x_wconf 82' lang='grc' dir='ltr'><strong>ἀκάθαρτα</strong></span> <span class='ocrx_word' id='word_1_297' title='bbox 1658 2902 1895 2974; x_wconf 75' lang='grc' dir='ltr'><strong>ἔχοντες,</strong></span> <span class='ocrx_word' id='word_1_298' title='bbox 1925 2904 2020 2959; x_wconf 71' lang='grc' dir='ltr'><strong>καὶ</strong></span> 
     </span>
    </p>
   </div>
   <div class='ocr_carea' id='block_1_45' title="bbox 430 2991 2021 3078">
    <p class='ocr_par' dir='ltr' id='par_1_45' title="bbox 430 2991 2021 3078">
     <span class='ocr_line' id='line_1_45' title="bbox 430 2991 2021 3078; baseline 0.003 -32"><span class='ocrx_word' id='word_1_299' title='bbox 430 2991 895 3065; x_wconf 75' lang='grc' dir='ltr'><strong>σεληνιαξόμενοι,</strong></span> <span class='ocrx_word' id='word_1_300' title='bbox 932 2992 1027 3047; x_wconf 74' lang='grc' dir='ltr'><strong>καὶ</strong></span> <span class='ocrx_word' id='word_1_301' title='bbox 1051 2992 1297 3058; x_wconf 79' lang='grc' dir='ltr'><strong>ἀσθενεῖς</strong></span> <span class='ocrx_word' id='word_1_302' title='bbox 1331 2996 1426 3048; x_wconf 79' lang='grc' dir='ltr'><strong>καὶ</strong></span> <span class='ocrx_word' id='word_1_303' title='bbox 1457 2997 1821 3078; x_wconf 74' lang='grc' dir='ltr'><strong>παραλυτικοὶ</strong></span> <span class='ocrx_word' id='word_1_304' title='bbox 1852 3015 2021 3069; x_wconf 89' lang='grc' dir='ltr'><strong>προσ-</strong></span> 
     </span>
    </p>
   </div>
   <div class='ocr_carea' id='block_1_46' title="bbox 2119 1890 3702 1962">
    <p class='ocr_par' dir='ltr' id='par_1_46' title="bbox 2119 1890 3702 1962">
     <span class='ocr_line' id='line_1_46' title="bbox 2119 1890 3702 1962; baseline -0.002 -14"><span class='ocrx_word' id='word_1_305' title='bbox 2119 1894 2213 1948; x_wconf 86' lang='lat' dir='ltr'><strong>sed</strong></span> <span class='ocrx_word' id='word_1_306' title='bbox 2241 1907 2432 1949; x_wconf 90' lang='lat' dir='ltr'><strong>omnes</strong></span> <span class='ocrx_word' id='word_1_307' title='bbox 2463 1892 2697 1962; x_wconf 80' lang='lat' dir='ltr'><strong>benigne</strong></span> <span class='ocrx_word' id='word_1_308' title='bbox 2722 1892 3070 1962; x_wconf 78' lang='lat' dir='ltr'><strong>excipiebant</strong></span> <span class='ocrx_word' id='word_1_309' title='bbox 3106 1900 3462 1961; x_wconf 85' lang='lat' dir='ltr'><strong>promptoque</strong></span> <span class='ocrx_word' id='word_1_310' title='bbox 3494 1900 3549 1946; x_wconf 90' lang='lat' dir='ltr'><strong>et</strong></span> <span class='ocrx_word' id='word_1_311' title='bbox 3585 1890 3702 1945; x_wconf 88' lang='lat' dir='ltr'><strong>ala-</strong></span> 
     </span>
    </p>
   </div>
   <div class='ocr_carea' id='block_1_47' title="bbox 2118 1982 3708 2054">
    <p class='ocr_par' dir='ltr' id='par_1_47' title="bbox 2118 1982 3708 2054">
     <span class='ocr_line' id='line_1_47' title="bbox 2118 1982 3708 2054; baseline -0.003 -15"><span class='ocrx_word' id='word_1_312' title='bbox 2118 1986 2198 2039; x_wconf 90' lang='lat' dir='ltr'><strong>cri</strong></span> <span class='ocrx_word' id='word_1_313' title='bbox 2250 1984 2457 2049; x_wconf 80' lang='lat' dir='ltr'><strong>animo,</strong></span> <span class='ocrx_word' id='word_1_314' title='bbox 2505 1983 2766 2053; x_wconf 88' lang='lat' dir='ltr'><strong>plurimas</strong></span> <span class='ocrx_word' id='word_1_315' title='bbox 2825 1983 3156 2054; x_wconf 83' lang='lat' dir='ltr'><strong>accipientes</strong></span> <span class='ocrx_word' id='word_1_316' title='bbox 3207 1982 3708 2037; x_wconf 76' lang='lat' dir='ltr'><strong>oblationeszma-</strong></span> 
     </span>
    </p>
   </div>
   <div class='ocr_carea' id='block_1_48' title="bbox 2120 2073 3702 2146">
    <p class='ocr_par' dir='ltr' id='par_1_48' title="bbox 2120 2073 3702 2146">
     <span class='ocr_line' id='line_1_48' title="bbox 2120 2073 3702 2146; baseline -0.003 -16"><span class='ocrx_word' id='word_1_317' title='bbox 2120 2092 2284 2145; x_wconf 78' lang='lat' dir='ltr'><strong>gnum</strong></span> <span class='ocrx_word' id='word_1_318' title='bbox 2339 2091 2471 2131; x_wconf 80' lang='lat' dir='ltr'><strong>vero</strong></span> <span class='ocrx_word' id='word_1_319' title='bbox 2531 2085 2754 2146; x_wconf 83' lang='lat' dir='ltr'><strong>propter</strong></span> <span class='ocrx_word' id='word_1_320' title='bbox 2813 2074 3016 2130; x_wconf 73' lang='lat' dir='ltr'><strong>victum</strong></span> <span class='ocrx_word' id='word_1_321' title='bbox 3059 2073 3321 2130; x_wconf 78' lang='lat' dir='ltr'><strong>facientes</strong></span> <span class='ocrx_word' id='word_1_322' title='bbox 3355 2085 3702 2143; x_wconf 78' lang='lat' dir='ltr'><strong>apparatum,</strong></span> 
     </span>
    </p>
   </div>
   <div class='ocr_carea' id='block_1_49' title="bbox 2119 2156 3702 2234">
    <p class='ocr_par' dir='ltr' id='par_1_49' title="bbox 2119 2156 3702 2234">
     <span class='ocr_line' id='line_1_49' title="bbox 2119 2156 3702 2234; baseline -0.003 -12"><span class='ocrx_word' id='word_1_323' title='bbox 2119 2170 2254 2225; x_wconf 88' lang='lat' dir='ltr'><strong>adeo</strong></span> <span class='ocrx_word' id='word_1_324' title='bbox 2278 2180 2337 2225; x_wconf 90' lang='lat' dir='ltr'><strong>ut</strong></span> <span class='ocrx_word' id='word_1_325' title='bbox 2369 2169 2523 2223; x_wconf 80' lang='lat' dir='ltr'><strong>ﬁeret</strong></span> <span class='ocrx_word' id='word_1_326' title='bbox 2569 2167 2697 2221; x_wconf 88' lang='lat' dir='ltr'><strong>illud</strong></span> <span class='ocrx_word' id='word_1_327' title='bbox 2756 2165 3143 2222; x_wconf 78' lang='lat' dir='ltr'><strong>monasterium</strong></span> <span class='ocrx_word' id='word_1_328' title='bbox 3184 2175 3441 2234; x_wconf 87' lang='lat' dir='ltr'><strong>tanquam</strong></span> <span class='ocrx_word' id='word_1_329' title='bbox 3466 2156 3702 2218; x_wconf 62' lang='lat' dir='ltr'><strong>Abrahae</strong></span> 
     </span>
    </p>
   </div>
   <div class='ocr_carea' id='block_1_50' title="bbox 2119 2255 3700 2324">
    <p class='ocr_par' dir='ltr' id='par_1_50' title="bbox 2119 2255 3700 2324">
     <span class='ocr_line' id='line_1_50' title="bbox 2119 2255 3700 2324; baseline -0.005 -9"><span class='ocrx_word' id='word_1_330' title='bbox 2119 2260 2553 2316; x_wconf 86' lang='lat' dir='ltr'><strong>tabernaculum.</strong></span> <span class='ocrx_word' id='word_1_331' title='bbox 2586 2258 2788 2314; x_wconf 87' lang='lat' dir='ltr'><strong>Omnes</strong></span> <span class='ocrx_word' id='word_1_332' title='bbox 2818 2260 2961 2311; x_wconf 87' lang='lat' dir='ltr'><strong>enim</strong></span> <span class='ocrx_word' id='word_1_333' title='bbox 2994 2257 3128 2323; x_wconf 83' lang='lat' dir='ltr'><strong>fere,</strong></span> <span class='ocrx_word' id='word_1_334' title='bbox 3154 2272 3248 2311; x_wconf 90' lang='lat' dir='ltr'><strong>seu</strong></span> <span class='ocrx_word' id='word_1_335' title='bbox 3272 2256 3464 2324; x_wconf 76' lang='lat' dir='ltr'><strong>dignos</strong></span> <span class='ocrx_word' id='word_1_336' title='bbox 3493 2271 3587 2310; x_wconf 91' lang='lat' dir='ltr'><strong>seu</strong></span> <span class='ocrx_word' id='word_1_337' title='bbox 3614 2255 3700 2308; x_wconf 87' lang='lat' dir='ltr'><strong>in-</strong></span> 
     </span>
    </p>
   </div>
   <div class='ocr_carea' id='block_1_51' title="bbox 2118 2342 3698 2423">
    <p class='ocr_par' dir='ltr' id='par_1_51' title="bbox 2118 2342 3698 2423">
     <span class='ocr_line' id='line_1_51' title="bbox 2118 2342 3698 2423; baseline -0.005 -16"><span class='ocrx_word' id='word_1_338' title='bbox 2118 2353 2338 2423; x_wconf 77' lang='lat' dir='ltr'><strong>dignos,</strong></span> <span class='ocrx_word' id='word_1_339' title='bbox 2368 2342 2899 2421; x_wconf 18' lang='lat' dir='ltr'><strong>tanquam‘angelos</strong></span> <span class='ocrx_word' id='word_1_340' title='bbox 2944 2348 3038 2404; x_wconf 85' lang='lat' dir='ltr'><strong>Dei</strong></span> <span class='ocrx_word' id='word_1_341' title='bbox 3071 2349 3430 2418; x_wconf 85' lang='lat' dir='ltr'><strong>accipiebant.</strong></span> <span class='ocrx_word' id='word_1_342' title='bbox 3472 2347 3698 2401; x_wconf 85' lang='lat' dir='ltr'><strong>Beatum</strong></span> 
     </span>
    </p>
   </div>
   <div class='ocr_carea' id='block_1_52' title="bbox 2120 2438 3705 2519">
    <p class='ocr_par' dir='ltr' id='par_1_52' title="bbox 2120 2438 3705 2519">
     <span class='ocr_line' id='line_1_52' title="bbox 2120 2438 3705 2519; baseline -0.004 -20"><span class='ocrx_word' id='word_1_343' title='bbox 2120 2454 2300 2499; x_wconf 86' lang='lat' dir='ltr'><strong>autem</strong></span> <span class='ocrx_word' id='word_1_344' title='bbox 2359 2443 2692 2497; x_wconf 77' lang='lat' dir='ltr'><strong>Auxentium</strong></span> <span class='ocrx_word' id='word_1_345' title='bbox 2751 2457 2876 2497; x_wconf 93' lang='lat' dir='ltr'><strong>cum</strong></span> <span class='ocrx_word' id='word_1_346' title='bbox 2940 2441 2992 2496; x_wconf 91' lang='lat' dir='ltr'><strong>in</strong></span> <span class='ocrx_word' id='word_1_347' title='bbox 3029 2441 3140 2496; x_wconf 81' lang='lat' dir='ltr'><strong>alto</strong></span> <span class='ocrx_word' id='word_1_348' title='bbox 3190 2440 3429 2495; x_wconf 89' lang='lat' dir='ltr'><strong>triclinio</strong></span> <span class='ocrx_word' id='word_1_349' title='bbox 3461 2438 3705 2519; x_wconf 81' lang='lat' dir='ltr'><strong>cancello</strong></span> 
     </span>
    </p>
   </div>
   <div class='ocr_carea' id='block_1_53' title="bbox 2123 2530 3705 2607">
    <p class='ocr_par' dir='ltr' id='par_1_53' title="bbox 2123 2530 3705 2607">
     <span class='ocr_line' id='line_1_53' title="bbox 2123 2530 3705 2607; baseline -0.006 -15"><span class='ocrx_word' id='word_1_350' title='bbox 2123 2537 2496 2602; x_wconf 72' lang='lat' dir='ltr'><strong>inclusissent,</strong></span> <span class='ocrx_word' id='word_1_351' title='bbox 2525 2536 2785 2607; x_wconf 75' lang='lat' dir='ltr'><strong>rogabant</strong></span> <span class='ocrx_word' id='word_1_352' title='bbox 2813 2545 2869 2588; x_wconf 91' lang='lat' dir='ltr'><strong>ut</strong></span> <span class='ocrx_word' id='word_1_353' title='bbox 2898 2544 3079 2589; x_wconf 82' lang='lat' dir='ltr'><strong>oraret</strong></span> <span class='ocrx_word' id='word_1_354' title='bbox 3120 2548 3220 2603; x_wconf 91' lang='lat' dir='ltr'><strong>pro</strong></span> <span class='ocrx_word' id='word_1_355' title='bbox 3259 2532 3442 2586; x_wconf 87' lang='lat' dir='ltr'><strong>mundi</strong></span> <span class='ocrx_word' id='word_1_356' title='bbox 3475 2541 3526 2587; x_wconf 92' lang='lat' dir='ltr'><strong>et</strong></span> <span class='ocrx_word' id='word_1_357' title='bbox 3559 2530 3705 2600; x_wconf 82' lang='lat' dir='ltr'><strong>ipso-</strong></span> 
     </span>
    </p>
   </div>
   <div class='ocr_carea' id='block_1_54' title="bbox 2123 2624 3705 2702">
    <p class='ocr_par' dir='ltr' id='par_1_54' title="bbox 2123 2624 3705 2702">
     <span class='ocr_line' id='line_1_54' title="bbox 2123 2624 3705 2702; baseline -0.005 -17"><span class='ocrx_word' id='word_1_358' title='bbox 2123 2645 2244 2685; x_wconf 89' lang='lat' dir='ltr'><strong>rum</strong></span> <span class='ocrx_word' id='word_1_359' title='bbox 2274 2629 2474 2694; x_wconf 85' lang='lat' dir='ltr'><strong>salute,</strong></span> <span class='ocrx_word' id='word_1_360' title='bbox 2496 2642 2658 2685; x_wconf 88' lang='lat' dir='ltr'><strong>omne</strong></span> <span class='ocrx_word' id='word_1_361' title='bbox 2687 2628 2747 2702; x_wconf 73' lang='lat' dir='ltr'><strong>ei~</strong></span> <span class='ocrx_word' id='word_1_362' title='bbox 2766 2627 3130 2682; x_wconf 88' lang='lat' dir='ltr'><strong>ministerium</strong></span> <span class='ocrx_word' id='word_1_363' title='bbox 3155 2635 3206 2679; x_wconf 90' lang='lat' dir='ltr'><strong>et</strong></span> <span class='ocrx_word' id='word_1_364' title='bbox 3228 2625 3296 2680; x_wconf 89' lang='lat' dir='ltr'><strong>iis</strong></span> <span class='ocrx_word' id='word_1_365' title='bbox 3325 2626 3417 2694; x_wconf 89' lang='lat' dir='ltr'><strong>qui</strong></span> <span class='ocrx_word' id='word_1_366' title='bbox 3442 2624 3508 2678; x_wconf 89' lang='lat' dir='ltr'><strong>ad</strong></span> <span class='ocrx_word' id='word_1_367' title='bbox 3527 2624 3705 2692; x_wconf 86' lang='lat' dir='ltr'><strong>ipsum</strong></span> 
     </span>
    </p>
   </div>
   <div class='ocr_carea' id='block_1_55' title="bbox 2118 2713 3706 2789">
    <p class='ocr_par' dir='ltr' id='par_1_55' title="bbox 2118 2713 3706 2789">
     <span class='ocr_line' id='line_1_55' title="bbox 2118 2713 3706 2789; baseline -0.006 -12"><span class='ocrx_word' id='word_1_368' title='bbox 2118 2720 2516 2777; x_wconf 77' lang='lat' dir='ltr'><strong>concurrebant</strong></span> <span class='ocrx_word' id='word_1_369' title='bbox 2555 2718 2784 2789; x_wconf 76' lang='lat' dir='ltr'><strong>impigre</strong></span> <span class='ocrx_word' id='word_1_370' title='bbox 2832 2714 3145 2777; x_wconf 73' lang='lat' dir='ltr'><strong>offerentes,</strong></span> <span class='ocrx_word' id='word_1_371' title='bbox 3196 2724 3418 2783; x_wconf 85' lang='lat' dir='ltr'><strong>propter</strong></span> <span class='ocrx_word' id='word_1_372' title='bbox 3464 2713 3706 2781; x_wconf 76' lang='lat' dir='ltr'><strong>cujusvis</strong></span> 
     </span>
    </p>
   </div>
   <div class='ocr_carea' id='block_1_56' title="bbox 2120 2806 3598 2881">
    <p class='ocr_par' dir='ltr' id='par_1_56' title="bbox 2120 2806 3598 2881">
     <span class='ocr_line' id='line_1_56' title="bbox 2120 2806 3598 2881; baseline -0.005 -13"><span class='ocrx_word' id='word_1_373' title='bbox 2120 2813 2247 2868; x_wconf 90' lang='lat' dir='ltr'><strong>boni</strong></span> <span class='ocrx_word' id='word_1_374' title='bbox 2279 2811 2465 2881; x_wconf 83' lang='lat' dir='ltr'><strong>operis</strong></span> <span class='ocrx_word' id='word_1_375' title='bbox 2505 2826 2532 2864; x_wconf 88' lang='lat' dir='ltr'><strong>a</strong></span> <span class='ocrx_word' id='word_1_376' title='bbox 2572 2810 2683 2865; x_wconf 82' lang='lat' dir='ltr'><strong>Deo</strong></span> <span class='ocrx_word' id='word_1_377' title='bbox 2711 2809 3036 2879; x_wconf 86' lang='lat' dir='ltr'><strong>promissam</strong></span> <span class='ocrx_word' id='word_1_378' title='bbox 3072 2806 3598 2863; x_wconf 76' lang='lat' dir='ltr'><strong>remunerationem.</strong></span> 
     </span>
    </p>
   </div>
   <div class='ocr_carea' id='block_1_57' title="bbox 2189 2896 3709 2972">
    <p class='ocr_par' dir='ltr' id='par_1_57' title="bbox 2189 2896 3709 2972">
     <span class='ocr_line' id='line_1_57' title="bbox 2189 2896 3709 2972; baseline -0.006 -13"><span class='ocrx_word' id='word_1_379' title='bbox 2189 2901 2458 2960; x_wconf 74' lang='lat' dir='ltr'><strong>XXXVII.</strong></span> <span class='ocrx_word' id='word_1_380' title='bbox 2479 2902 2631 2958; x_wconf 77' lang='lat' dir='ltr'><strong>Multi</strong></span> <span class='ocrx_word' id='word_1_381' title='bbox 2665 2904 2807 2957; x_wconf 82' lang='lat' dir='ltr'><strong>enim</strong></span> <span class='ocrx_word' id='word_1_382' title='bbox 2839 2904 2931 2972; x_wconf 88' lang='lat' dir='ltr'><strong>qui</strong></span> <span class='ocrx_word' id='word_1_383' title='bbox 2957 2900 3268 2957; x_wconf 85' lang='lat' dir='ltr'><strong>immundos</strong></span> <span class='ocrx_word' id='word_1_384' title='bbox 3308 2898 3583 2953; x_wconf 81' lang='lat' dir='ltr'><strong>habebant</strong></span> <span class='ocrx_word' id='word_1_385' title='bbox 3601 2896 3709 2967; x_wconf 82' lang='lat' dir='ltr'><strong>spi-</strong></span> 
     </span>
    </p>
   </div>
   <div class='ocr_carea' id='block_1_58' title="bbox 2120 2982 3710 3065">
    <p class='ocr_par' dir='ltr' id='par_1_58' title="bbox 2120 2982 3710 3065">
     <span class='ocr_line' id='line_1_58' title="bbox 2120 2982 3710 3065; baseline -0.007 -12"><span class='ocrx_word' id='word_1_386' title='bbox 2120 2999 2279 3060; x_wconf 89' lang='lat' dir='ltr'><strong>ritus,</strong></span> <span class='ocrx_word' id='word_1_387' title='bbox 2308 3005 2361 3051; x_wconf 90' lang='lat' dir='ltr'><strong>ct</strong></span> <span class='ocrx_word' id='word_1_388' title='bbox 2395 2994 2643 3059; x_wconf 86' lang='lat' dir='ltr'><strong>lunatici,</strong></span> <span class='ocrx_word' id='word_1_389' title='bbox 2692 2994 3002 3065; x_wconf 79' lang='lat' dir='ltr'><strong>inﬂrmiqtte</strong></span> <span class='ocrx_word' id='word_1_390' title='bbox 3033 2982 3087 3046; x_wconf 76' lang='lat' dir='ltr'><strong>et</strong></span> <span class='ocrx_word' id='word_1_391' title='bbox 3143 2989 3425 3061; x_wconf 84' lang='lat' dir='ltr'><strong>paralytici</strong></span> <span class='ocrx_word' id='word_1_392' title='bbox 3481 2987 3590 3043; x_wconf 88' lang='lat' dir='ltr'><strong>illic</strong></span> <span class='ocrx_word' id='word_1_393' title='bbox 3617 3001 3710 3042; x_wconf 83' lang='lat' dir='ltr'><strong>as-</strong></span> 
     </span>
    </p>
   </div>
   <div class='ocr_carea' id='block_1_59' title="bbox 427 3080 2018 3156">
    <p class='ocr_par' dir='ltr' id='par_1_59' title="bbox 427 3084 2016 3156">
     <span class='ocr_line' id='line_1_59' title="bbox 427 3084 2016 3156; baseline 0.001 -17"><span class='ocrx_word' id='word_1_394' title='bbox 427 3086 678 3156; x_wconf 84' lang='grc' dir='ltr'><strong>ήδρευον,</strong></span> <span class='ocrx_word' id='word_1_395' title='bbox 718 3085 942 3138; x_wconf 68' lang='grc' dir='ltr'><strong>κάκεῖσε</strong></span> <span class='ocrx_word' id='word_1_396' title='bbox 988 3087 1086 3155; x_wconf 80' lang='grc' dir='ltr'><strong>τὴν</strong></span> <span class='ocrx_word' id='word_1_397' title='bbox 1130 3084 1283 3154; x_wconf 82' lang='grc' dir='ltr'><strong>παρᾶ</strong></span> <span class='ocrx_word' id='word_1_398' title='bbox 1310 3085 1405 3139; x_wconf 79' lang='grc' dir='ltr'><strong>τοῦ</strong></span> <span class='ocrx_word' id='word_1_399' title='bbox 1437 3085 1575 3140; x_wconf 88' lang='grc' dir='ltr'><strong>Θεοῦ</strong></span> <span class='ocrx_word' id='word_1_400' title='bbox 1615 3086 1759 3142; x_wconf 85' lang='grc' dir='ltr'><strong>ίασιν</strong></span> <span class='ocrx_word' id='word_1_401' title='bbox 1797 3088 1888 3143; x_wconf 83' lang='grc' dir='ltr'><strong>διὰ</strong></span> <span class='ocrx_word' id='word_1_402' title='bbox 1920 3087 2016 3142; x_wconf 88' lang='grc' dir='ltr'><strong>τοῦ</strong></span> 
     </span>
    </p>
   </div>
   <div class='ocr_carea' id='block_1_60' title="bbox 2121 3080 3693 3156">
    <p class='ocr_par' dir='ltr' id='par_1_60' title="bbox 2121 3080 3693 3155">
     <span class='ocr_line' id='line_1_60' title="bbox 2121 3080 3693 3155; baseline -0.009 -9"><span class='ocrx_word' id='word_1_403' title='bbox 2121 3090 2392 3155; x_wconf 87' lang='lat' dir='ltr'><strong>sidebant,</strong></span> <span class='ocrx_word' id='word_1_404' title='bbox 2421 3100 2473 3145; x_wconf 95' lang='lat' dir='ltr'><strong>et</strong></span> <span class='ocrx_word' id='word_1_405' title='bbox 2527 3087 2638 3144; x_wconf 87' lang='lat' dir='ltr'><strong>illic</strong></span> <span class='ocrx_word' id='word_1_406' title='bbox 2668 3080 3004 3143; x_wconf 81' lang='lat' dir='ltr'><strong>curationem</strong></span> <span class='ocrx_word' id='word_1_407' title='bbox 3043 3091 3311 3155; x_wconf 85' lang='lat' dir='ltr'><strong>petentes,</strong></span> <span class='ocrx_word' id='word_1_408' title='bbox 3351 3095 3447 3152; x_wconf 88' lang='lat' dir='ltr'><strong>per</strong></span> <span class='ocrx_word' id='word_1_409' title='bbox 3475 3095 3693 3136; x_wconf 82' lang='lat' dir='ltr'><strong>servum</strong></span> 
     </span>
    </p>
   </div>
   <div class='ocr_carea' id='block_1_61' title="bbox 427 3153 2018 3254">
    <p class='ocr_par' dir='ltr' id='par_1_61' title="bbox 427 3174 2012 3254">
     <span class='ocr_line' id='line_1_61' title="bbox 427 3174 2012 3254; baseline 0.004 -25"><span class='ocrx_word' id='word_1_410' title='bbox 427 3175 619 3230; x_wconf 85' lang='grc' dir='ltr'><strong>δούλου</strong></span> <span class='ocrx_word' id='word_1_411' title='bbox 649 3174 815 3229; x_wconf 84' lang='grc' dir='ltr'><strong>αὑτοῦ</strong></span> <span class='ocrx_word' id='word_1_412' title='bbox 846 3175 1141 3244; x_wconf 79' lang='grc' dir='ltr'><strong>Αὑξεντίου</strong></span> <span class='ocrx_word' id='word_1_413' title='bbox 1176 3177 1552 3250; x_wconf 79' lang='grc' dir='ltr'><strong>ἐξαιτούμενοι</strong></span> <span class='ocrx_word' id='word_1_414' title='bbox 1588 3180 2012 3254; x_wconf 84' lang='grc' dir='ltr'><strong>ἐθεραπεύοντο.</strong></span> 
     </span>
    </p>
   </div>
   <div class='ocr_carea' id='block_1_62' title="bbox 2121 3153 3704 3254">
    <p class='ocr_par' dir='ltr' id='par_1_62' title="bbox 2121 3153 3704 3238">
     <span class='ocr_line' id='line_1_62' title="bbox 2121 3153 3704 3238; baseline -0.007 0"><span class='ocrx_word' id='word_1_415' title='bbox 2121 3181 2217 3238; x_wconf 80' lang='lat' dir='ltr'><strong>Dei</strong></span> <span class='ocrx_word' id='word_1_416' title='bbox 2268 3153 2600 3237; x_wconf 60' lang='lat' dir='ltr'><strong>Ausentium</strong></span> <span class='ocrx_word' id='word_1_417' title='bbox 2659 3193 2854 3234; x_wconf 91' lang='lat' dir='ltr'><strong>omnes</strong></span> <span class='ocrx_word' id='word_1_418' title='bbox 2917 3153 3269 3231; x_wconf 80' lang='lat' dir='ltr'><strong>cnrnbantur.</strong></span> <span class='ocrx_word' id='word_1_419' title='bbox 3326 3173 3479 3230; x_wconf 84' lang='lat' dir='ltr'><strong>Unde</strong></span> <span class='ocrx_word' id='word_1_420' title='bbox 3535 3173 3704 3227; x_wconf 78' lang='lat' dir='ltr'><strong>etiam</strong></span> 
     </span>
    </p>
   </div>
   <div class='ocr_carea' id='block_1_63' title="bbox 431 3269 2010 3345">
    <p class='ocr_par' dir='ltr' id='par_1_63' title="bbox 431 3269 2010 3345">
     <span class='ocr_line' id='line_1_63' title="bbox 431 3269 2010 3345; baseline 0.004 -24"><span class='ocrx_word' id='word_1_421' title='bbox 431 3269 755 3339; x_wconf 83' lang='grc' dir='ltr'><strong>Κομήτισσα</strong></span> <span class='ocrx_word' id='word_1_422' title='bbox 797 3269 854 3322; x_wconf 84' lang='grc' dir='ltr'><strong>δέ</strong></span> <span class='ocrx_word' id='word_1_423' title='bbox 888 3287 970 3334; x_wconf 86' lang='grc' dir='ltr'><strong>τις</strong></span> <span class='ocrx_word' id='word_1_424' title='bbox 1000 3269 1285 3345; x_wconf 78' lang='grc' dir='ltr'><strong>ἀκούσασα</strong></span> <span class='ocrx_word' id='word_1_425' title='bbox 1311 3272 1381 3326; x_wconf 76' lang='grc' dir='ltr'><strong>τὰ</strong></span> <span class='ocrx_word' id='word_1_426' title='bbox 1420 3273 1549 3344; x_wconf 72' lang='grc' dir='ltr'><strong>περὶ</strong></span> <span class='ocrx_word' id='word_1_427' title='bbox 1579 3270 1674 3326; x_wconf 87' lang='grc' dir='ltr'><strong>τοῦ</strong></span> <span class='ocrx_word' id='word_1_428' title='bbox 1709 3272 2010 3345; x_wconf 85' lang='grc' dir='ltr'><strong>μακαρίου,</strong></span> 
     </span>
    </p>
   </div>
   <div class='ocr_carea' id='block_1_64' title="bbox 431 3359 2014 3443">
    <p class='ocr_par' dir='ltr' id='par_1_64' title="bbox 431 3359 2014 3443">
     <span class='ocr_line' id='line_1_64' title="bbox 431 3359 2014 3443; baseline 0.003 -29"><span class='ocrx_word' id='word_1_429' title='bbox 431 3359 690 3416; x_wconf 76' lang='grc' dir='ltr'><strong>ἔσπευδεν</strong></span> <span class='ocrx_word' id='word_1_430' title='bbox 737 3362 995 3416; x_wconf 80' lang='grc' dir='ltr'><strong>ἀπελθεῖν</strong></span> <span class='ocrx_word' id='word_1_431' title='bbox 1043 3365 1138 3443; x_wconf 65' lang='grc' dir='ltr'><strong>καὶ</strong></span> <span class='ocrx_word' id='word_1_432' title='bbox 1182 3364 1561 3435; x_wconf 76' lang='grc' dir='ltr'><strong>προσκυνῆσαι</strong></span> <span class='ocrx_word' id='word_1_433' title='bbox 1600 3364 1772 3433; x_wconf 81' lang='grc' dir='ltr'><strong>αὐτῷ.</strong></span> <span class='ocrx_word' id='word_1_434' title='bbox 1806 3362 2014 3420; x_wconf 70' lang='grc' dir='ltr'><strong>’Ἦλθεν</strong></span> 
     </span>
    </p>
   </div>
   <div class='ocr_carea' id='block_1_65' title="bbox 430 3449 2014 3527">
    <p class='ocr_par' dir='ltr' id='par_1_65' title="bbox 430 3449 2014 3527">
     <span class='ocr_line' id='line_1_65' title="bbox 430 3449 2014 3527; baseline 0.003 -21"><span class='ocrx_word' id='word_1_435' title='bbox 430 3449 526 3507; x_wconf 72' lang='grc' dir='ltr'><strong>οὖν</strong></span> <span class='ocrx_word' id='word_1_436' title='bbox 555 3453 663 3506; x_wconf 82' lang='grc' dir='ltr'><strong>ἀπὸ</strong></span> <span class='ocrx_word' id='word_1_437' title='bbox 689 3455 1035 3525; x_wconf 77' lang='grc' dir='ltr'><strong>Καλχηδόνος</strong></span> <span class='ocrx_word' id='word_1_438' title='bbox 1065 3456 1123 3508; x_wconf 81' lang='grc' dir='ltr'><strong>ἐν</strong></span> <span class='ocrx_word' id='word_1_439' title='bbox 1151 3452 1475 3525; x_wconf 84' lang='grc' dir='ltr'><strong>βαστερνίῳ,</strong></span> <span class='ocrx_word' id='word_1_440' title='bbox 1496 3456 1591 3508; x_wconf 75' lang='grc' dir='ltr'><strong>καὶ</strong></span> <span class='ocrx_word' id='word_1_441' title='bbox 1614 3453 1679 3527; x_wconf 75' lang='grc' dir='ltr'><strong>δὴ</strong></span> <span class='ocrx_word' id='word_1_442' title='bbox 1707 3456 2014 3527; x_wconf 83' lang='grc' dir='ltr'><strong>πλησιάσα-</strong></span> 
     </span>
    </p>
   </div>
   <div class='ocr_carea' id='block_1_66' title="bbox 435 3545 2018 3622">
    <p class='ocr_par' dir='ltr' id='par_1_66' title="bbox 435 3545 2018 3622">
     <span class='ocr_line' id='line_1_66' title="bbox 435 3545 2018 3622; baseline 0.002 -24"><span class='ocrx_word' id='word_1_443' title='bbox 435 3562 505 3599; x_wconf 88' lang='grc' dir='ltr'><strong>σα</strong></span> <span class='ocrx_word' id='word_1_444' title='bbox 529 3548 642 3604; x_wconf 74' lang='lat' dir='ltr'><strong>toi;</strong></span> <span class='ocrx_word' id='word_1_445' title='bbox 675 3546 889 3615; x_wconf 78' lang='grc' dir='ltr'><strong>’Λγίοις</strong></span> <span class='ocrx_word' id='word_1_446' title='bbox 921 3545 1267 3610; x_wconf 78' lang='grc' dir='ltr'><strong>Ἀποστόλοις</strong></span> <span class='ocrx_word' id='word_1_447' title='bbox 1295 3546 1566 3616; x_wconf 76' lang='grc' dir='ltr'><strong>κατῆλθεν</strong></span> <span class='ocrx_word' id='word_1_448' title='bbox 1590 3549 1653 3600; x_wconf 77' lang='grc' dir='ltr'><strong>ἐκ</strong></span> <span class='ocrx_word' id='word_1_449' title='bbox 1680 3548 1775 3601; x_wconf 81' lang='grc' dir='ltr'><strong>τοῦ</strong></span> <span class='ocrx_word' id='word_1_450' title='bbox 1795 3548 2018 3622; x_wconf 76' lang='grc' dir='ltr'><strong>βαστερο</strong></span> 
     </span>
    </p>
   </div>
   <div class='ocr_carea' id='block_1_67' title="bbox 429 3637 2016 3712">
    <p class='ocr_par' dir='ltr' id='par_1_67' title="bbox 429 3637 2016 3712">
     <span class='ocr_line' id='line_1_67' title="bbox 429 3637 2016 3712; baseline 0.001 -20"><span class='ocrx_word' id='word_1_451' title='bbox 429 3639 567 3700; x_wconf 83' lang='grc' dir='ltr'><strong>νίου,</strong></span> <span class='ocrx_word' id='word_1_452' title='bbox 599 3639 693 3691; x_wconf 71' lang='grc' dir='ltr'><strong>καὶ</strong></span> <span class='ocrx_word' id='word_1_453' title='bbox 715 3637 914 3708; x_wconf 74' lang='grc' dir='ltr'><strong>ήρχετο</strong></span> <span class='ocrx_word' id='word_1_454' title='bbox 941 3638 1001 3691; x_wconf 79' lang='grc' dir='ltr'><strong>ἐν</strong></span> <span class='ocrx_word' id='word_1_455' title='bbox 1023 3637 1100 3709; x_wconf 83' lang='grc' dir='ltr'><strong>τῷ</strong></span> <span class='ocrx_word' id='word_1_456' title='bbox 1142 3637 1513 3709; x_wconf 80' lang='grc' dir='ltr'><strong>μοναστηρίῳ.</strong></span> <span class='ocrx_word' id='word_1_457' title='bbox 1563 3638 1661 3702; x_wconf 81' lang='grc' dir='ltr'><strong>Ὧς</strong></span> <span class='ocrx_word' id='word_1_458' title='bbox 1693 3639 1751 3692; x_wconf 79' lang='grc' dir='ltr'><strong>δὲ</strong></span> <span class='ocrx_word' id='word_1_459' title='bbox 1782 3640 2016 3712; x_wconf 73' lang='grc' dir='ltr'><strong>ἤμελλεν</strong></span> 
     </span>
    </p>
   </div>
   <div class='ocr_carea' id='block_1_68' title="bbox 430 3724 2015 3805">
    <p class='ocr_par' dir='ltr' id='par_1_68' title="bbox 430 3724 2015 3805">
     <span class='ocr_line' id='line_1_68' title="bbox 430 3724 2015 3805; baseline 0.003 -23"><span class='ocrx_word' id='word_1_460' title='bbox 430 3731 658 3791; x_wconf 76' lang='grc' dir='ltr'><strong>ἀνιέναι,</strong></span> <span class='ocrx_word' id='word_1_461' title='bbox 694 3728 825 3783; x_wconf 71' lang='grc' dir='ltr'><strong>ἔνθα</strong></span> <span class='ocrx_word' id='word_1_462' title='bbox 848 3724 917 3800; x_wconf 79' lang='grc' dir='ltr'><strong>ἦν</strong></span> <span class='ocrx_word' id='word_1_463' title='bbox 944 3731 972 3783; x_wconf 84' lang='grc'>6</span> <span class='ocrx_word' id='word_1_464' title='bbox 998 3730 1294 3801; x_wconf 78' lang='grc' dir='ltr'><strong>μακάριος,</strong></span> <span class='ocrx_word' id='word_1_465' title='bbox 1319 3729 1663 3801; x_wconf 76' lang='grc' dir='ltr'><strong>διαρῤἠξασα</strong></span> <span class='ocrx_word' id='word_1_466' title='bbox 1686 3730 1788 3802; x_wconf 83' lang='grc' dir='ltr'><strong>τὴν</strong></span> <span class='ocrx_word' id='word_1_467' title='bbox 1812 3733 2015 3805; x_wconf 77' lang='grc' dir='ltr'><strong>ἐσθῆτα</strong></span> 
     </span>
    </p>
   </div>
   <div class='ocr_carea' id='block_1_69' title="bbox 430 3820 2016 3895">
    <p class='ocr_par' dir='ltr' id='par_1_69' title="bbox 430 3820 2016 3895">
     <span class='ocr_line' id='line_1_69' title="bbox 430 3820 2016 3895; baseline 0.002 -19"><span class='ocrx_word' id='word_1_468' title='bbox 430 3823 533 3876; x_wconf 76' lang='grc' dir='ltr'><strong>καὶ·</strong></span> <span class='ocrx_word' id='word_1_469' title='bbox 552 3820 904 3875; x_wconf 81' lang='grc' dir='ltr'><strong>ἀποϐαλοῦσα</strong></span> <span class='ocrx_word' id='word_1_470' title='bbox 953 3820 1023 3874; x_wconf 78' lang='grc' dir='ltr'><strong>τὰ</strong></span> <span class='ocrx_word' id='word_1_471' title='bbox 1052 3821 1256 3891; x_wconf 83' lang='grc' dir='ltr'><strong>κόσμια</strong></span> <span class='ocrx_word' id='word_1_472' title='bbox 1284 3821 1477 3890; x_wconf 81' lang='grc' dir='ltr'><strong>αὐτῆς,</strong></span> <span class='ocrx_word' id='word_1_473' title='bbox 1508 3821 1718 3892; x_wconf 75' lang='grc' dir='ltr'><strong>ἥρξατο</strong></span> <span class='ocrx_word' id='word_1_474' title='bbox 1754 3822 1882 3895; x_wconf 78' lang='grc' dir='ltr'><strong>βοᾷν</strong></span> <span class='ocrx_word' id='word_1_475' title='bbox 1903 3843 1917 3857; x_wconf 88' lang='grc'><strong>·</strong></span> <span class='ocrx_word' id='word_1_476' title='bbox 1950 3826 2016 3879; x_wconf 89' lang='grc' dir='ltr'><strong>Τί</strong></span> 
     </span>
    </p>
   </div>
   <div class='ocr_carea' id='block_1_70' title="bbox 430 3912 2013 3985">
    <p class='ocr_par' dir='ltr' id='par_1_70' title="bbox 430 3912 2013 3985">
     <span class='ocr_line' id='line_1_70' title="bbox 430 3912 2013 3985; baseline 0.001 -17"><span class='ocrx_word' id='word_1_477' title='bbox 430 3915 554 3984; x_wconf 73' lang='grc' dir='ltr'><strong>ἐμοὶ</strong></span> <span class='ocrx_word' id='word_1_478' title='bbox 590 3915 683 3967; x_wconf 76' lang='grc' dir='ltr'><strong>καὶ</strong></span> <span class='ocrx_word' id='word_1_479' title='bbox 741 3915 805 3968; x_wconf 82' lang='grc' dir='ltr'><strong>σὺ</strong></span> <span class='ocrx_word' id='word_1_480' title='bbox 856 3913 991 3983; x_wconf 84' lang='lat' dir='ltr'><strong>(leg.</strong></span> <span class='ocrx_word' id='word_1_481' title='bbox 1045 3913 1189 3983; x_wconf 64' lang='grc' dir='ltr'><strong>σοὶ),</strong></span> <span class='ocrx_word' id='word_1_482' title='bbox 1245 3912 1523 3979; x_wconf 81' lang='grc' dir='ltr'><strong>Αὐξέντιε,</strong></span> <span class='ocrx_word' id='word_1_483' title='bbox 1581 3914 2013 3985; x_wconf 81' lang='grc' dir='ltr'><strong>σκωληκόπους;</strong></span> 
     </span>
    </p>
   </div>
   <div class='ocr_carea' id='block_1_71' title="bbox 436 4004 2016 4077">
    <p class='ocr_par' dir='ltr' id='par_1_71' title="bbox 436 4004 2016 4077">
     <span class='ocr_line' id='line_1_71' title="bbox 436 4004 2016 4077; baseline -0.001 -16"><span class='ocrx_word' id='word_1_484' title='bbox 436 4006 620 4070; x_wconf 87' lang='grc' dir='ltr'><strong>καλῶς</strong></span> <span class='ocrx_word' id='word_1_485' title='bbox 650 4006 1066 4077; x_wconf 82' lang='grc' dir='ltr'><strong>ἐνεκρυπτὸμην</strong></span> <span class='ocrx_word' id='word_1_486' title='bbox 1117 4006 1174 4058; x_wconf 81' lang='grc' dir='ltr'><strong>ἐν</strong></span> <span class='ocrx_word' id='word_1_487' title='bbox 1204 4005 1315 4069; x_wconf 81' lang='grc' dir='ltr'><strong>τοῖς</strong></span> <span class='ocrx_word' id='word_1_488' title='bbox 1383 4004 1637 4074; x_wconf 84' lang='grc' dir='ltr'><strong>ἐγκάτοις</strong></span> <span class='ocrx_word' id='word_1_489' title='bbox 1691 4007 1885 4073; x_wconf 75' lang='grc' dir='ltr'><strong>αὐτῆς,</strong></span> <span class='ocrx_word' id='word_1_490' title='bbox 1919 4010 2016 4060; x_wconf 78' lang='grc' dir='ltr'><strong>καὶ</strong></span> 
     </span>
    </p>
   </div>
   <div class='ocr_carea' id='block_1_72' title="bbox 439 4093 2016 4168">
    <p class='ocr_par' dir='ltr' id='par_1_72' title="bbox 439 4093 2016 4168">
     <span class='ocr_line' id='line_1_72' title="bbox 439 4093 2016 4168; baseline -0.001 -16"><span class='ocrx_word' id='word_1_491' title='bbox 439 4099 575 4159; x_wconf 76' lang='grc' dir='ltr'><strong>ἰδοῦ,</strong></span> <span class='ocrx_word' id='word_1_492' title='bbox 608 4097 885 4168; x_wconf 83' lang='grc' dir='ltr'><strong>ἀνήγαγές</strong></span> <span class='ocrx_word' id='word_1_493' title='bbox 921 4114 986 4166; x_wconf 89' lang='grc' dir='ltr'><strong>με</strong></span> <span class='ocrx_word' id='word_1_494' title='bbox 1019 4096 1086 4149; x_wconf 83' lang='grc' dir='ltr'><strong>δι’</strong></span> <span class='ocrx_word' id='word_1_495' title='bbox 1116 4093 1379 4150; x_wconf 83' lang='grc' dir='ltr'><strong>ἐνιαυτῶν</strong></span> <span class='ocrx_word' id='word_1_496' title='bbox 1409 4096 1606 4151; x_wconf 78' lang='grc' dir='ltr'><strong>εἴκοσι.</strong></span> <span class='ocrx_word' id='word_1_497' title='bbox 1633 4097 2016 4163; x_wconf 81' lang='grc' dir='ltr'><strong>Δωδεκαετοῦς</strong></span> 
     </span>
    </p>
   </div>
   <div class='ocr_carea' id='block_1_73' title="bbox 429 4186 2015 4261">
    <p class='ocr_par' dir='ltr' id='par_1_73' title="bbox 429 4186 2015 4261">
     <span class='ocr_line' id='line_1_73' title="bbox 429 4186 2015 4261; baseline -0.001 -15"><span class='ocrx_word' id='word_1_498' title='bbox 429 4191 600 4261; x_wconf 76' lang='grc' dir='ltr'><strong>αὐτῆς</strong></span> <span class='ocrx_word' id='word_1_499' title='bbox 650 4189 816 4259; x_wconf 76' lang='grc' dir='ltr'><strong>οὔσης</strong></span> <span class='ocrx_word' id='word_1_500' title='bbox 849 4186 1125 4259; x_wconf 77' lang='grc' dir='ltr'><strong>εἰσῆλθον,</strong></span> <span class='ocrx_word' id='word_1_501' title='bbox 1165 4189 1259 4241; x_wconf 75' lang='grc' dir='ltr'><strong>καὶ</strong></span> <span class='ocrx_word' id='word_1_502' title='bbox 1303 4189 1557 4259; x_wconf 78' lang='grc' dir='ltr'><strong>χωρίζεις</strong></span> <span class='ocrx_word' id='word_1_503' title='bbox 1592 4206 1659 4260; x_wconf 87' lang='grc' dir='ltr'><strong>με</strong></span> <span class='ocrx_word' id='word_1_504' title='bbox 1686 4190 1890 4245; x_wconf 76' lang='grc' dir='ltr'><strong>ἄκοντα</strong></span> <span class='ocrx_word' id='word_1_505' title='bbox 1918 4193 2015 4246; x_wconf 79' lang='grc' dir='ltr'><strong>ἀπ’</strong></span> 
     </span>
    </p>
   </div>
   <div class='ocr_carea' id='block_1_74' title="bbox 429 4277 2016 4356">
    <p class='ocr_par' dir='ltr' id='par_1_74' title="bbox 429 4277 2016 4356">
     <span class='ocr_line' id='line_1_74' title="bbox 429 4277 2016 4356; baseline -0.001 -16"><span class='ocrx_word' id='word_1_506' title='bbox 429 4285 620 4356; x_wconf 68' lang='grc' dir='ltr'><strong>αὒτῆς.</strong></span> <span class='ocrx_word' id='word_1_507' title='bbox 662 4283 1027 4352; x_wconf 78' lang='grc' dir='ltr'><strong>Ἐπιτιμήσας</strong></span> <span class='ocrx_word' id='word_1_508' title='bbox 1054 4277 1148 4335; x_wconf 80' lang='grc' dir='ltr'><strong>οὗν</strong></span> <span class='ocrx_word' id='word_1_509' title='bbox 1171 4280 1251 4351; x_wconf 83' lang='grc' dir='ltr'><strong>τῷ</strong></span> <span class='ocrx_word' id='word_1_510' title='bbox 1279 4281 1579 4352; x_wconf 82' lang='grc' dir='ltr'><strong>ἀκαθάρτῳ</strong></span> <span class='ocrx_word' id='word_1_511' title='bbox 1604 4282 1901 4353; x_wconf 84' lang='grc' dir='ltr'><strong>πνεύματι,</strong></span> <span class='ocrx_word' id='word_1_512' title='bbox 1921 4286 2016 4339; x_wconf 77' lang='grc' dir='ltr'><strong>καὶ</strong></span> 
     </span>
    </p>
   </div>
   <div class='ocr_carea' id='block_1_75' title="bbox 430 4373 2014 4448">
    <p class='ocr_par' dir='ltr' id='par_1_75' title="bbox 430 4373 2014 4448">
     <span class='ocr_line' id='line_1_75' title="bbox 430 4373 2014 4448; baseline -0.002 -16"><span class='ocrx_word' id='word_1_513' title='bbox 430 4376 823 4448; x_wconf 75' lang='grc' dir='ltr'><strong>παρεγγυήσας</strong></span> <span class='ocrx_word' id='word_1_514' title='bbox 851 4373 1167 4445; x_wconf 82' lang='grc' dir='ltr'><strong>φιμωθῆναι</strong></span> <span class='ocrx_word' id='word_1_515' title='bbox 1192 4374 1287 4427; x_wconf 75' lang='grc' dir='ltr'><strong>καὶ</strong></span> <span class='ocrx_word' id='word_1_516' title='bbox 1323 4374 1396 4443; x_wconf 78' lang='grc' dir='ltr'><strong>μὴ</strong></span> <span class='ocrx_word' id='word_1_517' title='bbox 1427 4375 1728 4444; x_wconf 81' lang='grc' dir='ltr'><strong>ἐνραγῆναι</strong></span> <span class='ocrx_word' id='word_1_518' title='bbox 1759 4379 1825 4447; x_wconf 84' lang='grc' dir='ltr'><strong>τῇ</strong></span> <span class='ocrx_word' id='word_1_519' title='bbox 1875 4377 2014 4430; x_wconf 83' lang='grc' dir='ltr'><strong>πλά-</strong></span> 
     </span>
    </p>
   </div>
   <div class='ocr_carea' id='block_1_76' title="bbox 433 4466 2014 4541">
    <p class='ocr_par' dir='ltr' id='par_1_76' title="bbox 433 4466 2014 4541">
     <span class='ocr_line' id='line_1_76' title="bbox 433 4466 2014 4541; baseline 0.001 -19"><span class='ocrx_word' id='word_1_520' title='bbox 433 4486 536 4532; x_wconf 89' lang='grc' dir='ltr'><strong>σει,</strong></span> <span class='ocrx_word' id='word_1_521' title='bbox 575 4467 784 4521; x_wconf 82' lang='grc' dir='ltr'><strong>ἱκέτευε</strong></span> <span class='ocrx_word' id='word_1_522' title='bbox 817 4466 908 4519; x_wconf 78' lang='grc' dir='ltr'><strong>τὸν</strong></span> <span class='ocrx_word' id='word_1_523' title='bbox 938 4467 1091 4531; x_wconf 76' lang='grc' dir='ltr'><strong>Θεὸν,</strong></span> <span class='ocrx_word' id='word_1_524' title='bbox 1128 4469 1353 4537; x_wconf 74' lang='grc' dir='ltr'><strong>ποιῆσαι</strong></span> <span class='ocrx_word' id='word_1_525' title='bbox 1406 4467 1466 4518; x_wconf 74' lang='grc' dir='ltr'><strong>τὸ</strong></span> <span class='ocrx_word' id='word_1_526' title='bbox 1499 4466 1647 4529; x_wconf 79' lang='grc' dir='ltr'><strong>ἔλεος</strong></span> <span class='ocrx_word' id='word_1_527' title='bbox 1696 4468 1861 4522; x_wconf 78' lang='grc' dir='ltr'><strong>αὑτοῦ</strong></span> <span class='ocrx_word' id='word_1_528' title='bbox 1896 4481 2014 4541; x_wconf 78' lang='grc' dir='ltr'><strong>μετ’</strong></span> 
     </span>
    </p>
   </div>
   <div class='ocr_carea' id='block_1_77' title="bbox 430 4554 2020 4630">
    <p class='ocr_par' dir='ltr' id='par_1_77' title="bbox 430 4554 2020 4630">
     <span class='ocr_line' id='line_1_77' title="bbox 430 4554 2020 4630; baseline 0.008 -26"><span class='ocrx_word' id='word_1_529' title='bbox 430 4559 624 4630; x_wconf 72' lang='grc' dir='ltr'><strong>αὐτῆς.</strong></span> <span class='ocrx_word' id='word_1_530' title='bbox 650 4559 786 4622; x_wconf 70' lang='lat' dir='ltr'><strong>Aab;</strong></span> <span class='ocrx_word' id='word_1_531' title='bbox 808 4554 901 4611; x_wconf 75' lang='grc' dir='ltr'><strong>οὖν</strong></span> <span class='ocrx_word' id='word_1_532' title='bbox 931 4555 1098 4612; x_wconf 67' lang='grc' dir='ltr'><strong>α”ιτοῦ</strong></span> <span class='ocrx_word' id='word_1_533' title='bbox 1126 4555 1220 4609; x_wconf 79' lang='grc' dir='ltr'><strong>τοῦ</strong></span> <span class='ocrx_word' id='word_1_534' title='bbox 1247 4555 1427 4610; x_wconf 83' lang='grc' dir='ltr'><strong>ἐλαίου</strong></span> <span class='ocrx_word' id='word_1_535' title='bbox 1461 4557 1571 4610; x_wconf 83' lang='grc' dir='ltr'><strong>τῶν</strong></span> <span class='ocrx_word' id='word_1_536' title='bbox 1600 4558 1773 4626; x_wconf 85' lang='grc' dir='ltr'><strong>ἁγίων</strong></span> <span class='ocrx_word' id='word_1_537' title='bbox 1803 4563 1898 4614; x_wconf 71' lang='grc' dir='ltr'><strong>καὶ</strong></span> <span class='ocrx_word' id='word_1_538' title='bbox 1929 4563 2020 4616; x_wconf 72' lang='grc' dir='ltr'><strong>ἐπὶ</strong></span> 
     </span>
    </p>
   </div>
   <div class='ocr_carea' id='block_1_78' title="bbox 429 4648 2019 4724">
    <p class='ocr_par' dir='ltr' id='par_1_78' title="bbox 429 4648 2019 4724">
     <span class='ocr_line' id='line_1_78' title="bbox 429 4648 2019 4724; baseline 0.003 -20"><span class='ocrx_word' id='word_1_539' title='bbox 429 4651 841 4722; x_wconf 57' lang='grc' dir='ltr'><strong>τεσσαράκοντα</strong></span> <span class='ocrx_word' id='word_1_540' title='bbox 896 4649 1113 4720; x_wconf 79' lang='grc' dir='ltr'><strong>ἡμέρας</strong></span> <span class='ocrx_word' id='word_1_541' title='bbox 1158 4648 1451 4719; x_wconf 78' lang='grc' dir='ltr'><strong>νηστεῦσαι</strong></span> <span class='ocrx_word' id='word_1_542' title='bbox 1512 4652 1850 4722; x_wconf 74' lang='grc' dir='ltr'><strong>προστάξας,</strong></span> <span class='ocrx_word' id='word_1_543' title='bbox 1891 4655 2019 4724; x_wconf 77' lang='grc' dir='ltr'><strong>ὑγιῆ</strong></span> 
     </span>
    </p>
   </div>
   <div class='ocr_carea' id='block_1_79' title="bbox 431 4740 2019 4815">
    <p class='ocr_par' dir='ltr' id='par_1_79' title="bbox 431 4740 2019 4815">
     <span class='ocr_line' id='line_1_79' title="bbox 431 4740 2019 4815; baseline 0.002 -18"><span class='ocrx_word' id='word_1_544' title='bbox 431 4742 754 4815; x_wconf 56' lang='grc' dir='ltr'><strong>ἀπέλνσενῤ</strong></span> <span class='ocrx_word' id='word_1_545' title='bbox 783 4742 1043 4812; x_wconf 71' lang='grc' dir='ltr'><strong>Χριστὸς,</strong></span> <span class='ocrx_word' id='word_1_546' title='bbox 1070 4740 1158 4794; x_wconf 73' lang='grc' dir='ltr'><strong>διὰ</strong></span> <span class='ocrx_word' id='word_1_547' title='bbox 1192 4740 1292 4810; x_wconf 81' lang='grc' dir='ltr'><strong>τῆς</strong></span> <span class='ocrx_word' id='word_1_548' title='bbox 1319 4741 1484 4794; x_wconf 68' lang='grc' dir='ltr'><strong>αὐτοῦ</strong></span> <span class='ocrx_word' id='word_1_549' title='bbox 1512 4746 1823 4815; x_wconf 79' lang='grc' dir='ltr'><strong>προσευχῆς</strong></span> <span class='ocrx_word' id='word_1_550' title='bbox 1864 4748 2019 4800; x_wconf 72' lang='grc' dir='ltr'><strong>ἰασά-</strong></span> 
     </span>
    </p>
   </div>
   <div class='ocr_carea' id='block_1_80' title="bbox 434 4831 2017 4910">
    <p class='ocr_par' dir='ltr' id='par_1_80' title="bbox 434 4831 2017 4910">
     <span class='ocr_line' id='line_1_80' title="bbox 434 4831 2017 4910; baseline 0.003 -23"><span class='ocrx_word' id='word_1_551' title='bbox 434 4853 591 4905; x_wconf 84' lang='grc' dir='ltr'><strong>μενος</strong></span> <span class='ocrx_word' id='word_1_552' title='bbox 622 4836 812 4907; x_wconf 79' lang='grc' dir='ltr'><strong>σύτήν.</strong></span> <span class='ocrx_word' id='word_1_553' title='bbox 865 4832 1046 4887; x_wconf 83' lang='grc' dir='ltr'><strong>Πολλὰ</strong></span> <span class='ocrx_word' id='word_1_554' title='bbox 1096 4831 1152 4886; x_wconf 73' lang='grc' dir='ltr'><strong>δὲ</strong></span> <span class='ocrx_word' id='word_1_555' title='bbox 1193 4832 1468 4902; x_wconf 74' lang='grc' dir='ltr'><strong>παρέσχεν</strong></span> <span class='ocrx_word' id='word_1_556' title='bbox 1504 4838 1616 4899; x_wconf 49' lang='grc' dir='ltr'><strong>τνιῖς</strong></span> <span class='ocrx_word' id='word_1_557' title='bbox 1646 4841 1885 4910; x_wconf 76' lang='grc' dir='ltr'><strong>πτωχοῖς</strong></span> <span class='ocrx_word' id='word_1_558' title='bbox 1923 4841 2017 4894; x_wconf 78' lang='grc' dir='ltr'><strong>καὶ</strong></span> 
     </span>
    </p>
   </div>
   <div class='ocr_carea' id='block_1_81' title="bbox 430 4925 1534 4999">
    <p class='ocr_par' dir='ltr' id='par_1_81' title="bbox 430 4925 1534 4999">
     <span class='ocr_line' id='line_1_81' title="bbox 430 4925 1534 4999; baseline 0.002 -20"><span class='ocrx_word' id='word_1_559' title='bbox 430 4927 508 4998; x_wconf 79' lang='grc' dir='ltr'><strong>τῷ</strong></span> <span class='ocrx_word' id='word_1_560' title='bbox 536 4926 886 4999; x_wconf 78' lang='grc' dir='ltr'><strong>μοναστηρίῳ</strong></span> <span class='ocrx_word' id='word_1_561' title='bbox 923 4925 1017 4980; x_wconf 89' lang='grc' dir='ltr'><strong>τοῦ</strong></span> <span class='ocrx_word' id='word_1_562' title='bbox 1050 4925 1209 4995; x_wconf 84' lang='grc' dir='ltr'><strong>ἁγίου</strong></span> <span class='ocrx_word' id='word_1_563' title='bbox 1244 4925 1534 4981; x_wconf 78' lang='grc' dir='ltr'><strong>’Υπατίου.</strong></span> 
     </span>
    </p>
   </div>
   <div class='ocr_carea' id='block_1_82' title="bbox 2122 3265 3710 3347">
    <p class='ocr_par' dir='ltr' id='par_1_82' title="bbox 2122 3265 3710 3347">
     <span class='ocr_line' id='line_1_82' title="bbox 2122 3265 3710 3347; baseline -0.006 -20"><span class='ocrx_word' id='word_1_564' title='bbox 2122 3274 2369 3347; x_wconf 76' lang='lat' dir='ltr'><strong>quaedam</strong></span> <span class='ocrx_word' id='word_1_565' title='bbox 2424 3272 2727 3335; x_wconf 84' lang='lat' dir='ltr'><strong>comitissa,</strong></span> <span class='ocrx_word' id='word_1_566' title='bbox 2779 3285 2903 3325; x_wconf 89' lang='lat' dir='ltr'><strong>cum</strong></span> <span class='ocrx_word' id='word_1_567' title='bbox 2956 3268 3024 3324; x_wconf 87' lang='lat' dir='ltr'><strong>de</strong></span> <span class='ocrx_word' id='word_1_568' title='bbox 3073 3269 3174 3323; x_wconf 92' lang='lat' dir='ltr'><strong>hoc</strong></span> <span class='ocrx_word' id='word_1_569' title='bbox 3222 3266 3379 3321; x_wconf 88' lang='lat' dir='ltr'><strong>beato</strong></span> <span class='ocrx_word' id='word_1_570' title='bbox 3412 3265 3710 3319; x_wconf 79' lang='lat' dir='ltr'><strong>audivisset</strong></span> 
     </span>
    </p>
   </div>
   <div class='ocr_carea' id='block_1_83' title="bbox 2118 3355 3710 3430">
    <p class='ocr_par' dir='ltr' id='par_1_83' title="bbox 2118 3355 3710 3430">
     <span class='ocr_line' id='line_1_83' title="bbox 2118 3355 3710 3430; baseline -0.008 -9"><span class='ocrx_word' id='word_1_571' title='bbox 2118 3366 2418 3430; x_wconf 80' lang='lat' dir='ltr'><strong>Auxentio,</strong></span> <span class='ocrx_word' id='word_1_572' title='bbox 2450 3362 2736 3419; x_wconf 88' lang='lat' dir='ltr'><strong>contendit</strong></span> <span class='ocrx_word' id='word_1_573' title='bbox 2792 3362 2981 3416; x_wconf 73' lang='lat' dir='ltr'><strong>venire</strong></span> <span class='ocrx_word' id='word_1_574' title='bbox 3009 3370 3064 3415; x_wconf 91' lang='lat' dir='ltr'><strong>et</strong></span> <span class='ocrx_word' id='word_1_575' title='bbox 3111 3374 3235 3414; x_wconf 85' lang='lat' dir='ltr'><strong>eum</strong></span> <span class='ocrx_word' id='word_1_576' title='bbox 3272 3358 3521 3412; x_wconf 86' lang='lat' dir='ltr'><strong>adorare.</strong></span> <span class='ocrx_word' id='word_1_577' title='bbox 3546 3355 3710 3410; x_wconf 85' lang='lat' dir='ltr'><strong>Chal-</strong></span> 
     </span>
    </p>
   </div>
   <div class='ocr_carea' id='block_1_84' title="bbox 2123 3446 3711 3527">
    <p class='ocr_par' dir='ltr' id='par_1_84' title="bbox 2123 3446 3711 3527">
     <span class='ocr_line' id='line_1_84' title="bbox 2123 3446 3711 3527; baseline -0.008 -13"><span class='ocrx_word' id='word_1_578' title='bbox 2123 3458 2332 3514; x_wconf 90' lang='lat' dir='ltr'><strong>cedone</strong></span> <span class='ocrx_word' id='word_1_579' title='bbox 2395 3471 2528 3527; x_wconf 84' lang='lat' dir='ltr'><strong>ergo</strong></span> <span class='ocrx_word' id='word_1_580' title='bbox 2584 3454 2758 3519; x_wconf 78' lang='lat' dir='ltr'><strong>venit,</strong></span> <span class='ocrx_word' id='word_1_581' title='bbox 2817 3468 2958 3523; x_wconf 84' lang='lat' dir='ltr'><strong>equo</strong></span> <span class='ocrx_word' id='word_1_582' title='bbox 2997 3461 3175 3507; x_wconf 78' lang='lat' dir='ltr'><strong>vecta.</strong></span> <span class='ocrx_word' id='word_1_583' title='bbox 3209 3448 3277 3505; x_wconf 83' lang='lat' dir='ltr'><strong>Et</strong></span> <span class='ocrx_word' id='word_1_584' title='bbox 3334 3464 3456 3505; x_wconf 91' lang='lat' dir='ltr'><strong>cum</strong></span> <span class='ocrx_word' id='word_1_585' title='bbox 3513 3446 3711 3502; x_wconf 68' lang='lat' dir='ltr'><strong>Inissvt</strong></span> 
     </span>
    </p>
   </div>
   <div class='ocr_carea' id='block_1_85' title="bbox 2122 3542 3710 3620">
    <p class='ocr_par' dir='ltr' id='par_1_85' title="bbox 2122 3542 3710 3620">
     <span class='ocr_line' id='line_1_85' title="bbox 2122 3542 3710 3620; baseline -0.006 -18"><span class='ocrx_word' id='word_1_586' title='bbox 2122 3565 2292 3620; x_wconf 85' lang='lat' dir='ltr'><strong>prope</strong></span> <span class='ocrx_word' id='word_1_587' title='bbox 2322 3548 2554 3603; x_wconf 86' lang='lat' dir='ltr'><strong>Sanetos</strong></span> <span class='ocrx_word' id='word_1_588' title='bbox 2581 3545 2893 3616; x_wconf 70' lang='lat' dir='ltr'><strong>Apostolus,</strong></span> <span class='ocrx_word' id='word_1_589' title='bbox 2918 3542 3201 3599; x_wconf 82' lang='lat' dir='ltr'><strong>descendit</strong></span> <span class='ocrx_word' id='word_1_590' title='bbox 3231 3557 3294 3598; x_wconf 78' lang='lat' dir='ltr'><strong>ex</strong></span> <span class='ocrx_word' id='word_1_591' title='bbox 3338 3555 3499 3613; x_wconf 85' lang='lat' dir='ltr'><strong>equo,</strong></span> <span class='ocrx_word' id='word_1_592' title='bbox 3530 3550 3579 3595; x_wconf 90' lang='lat' dir='ltr'><strong>et</strong></span> <span class='ocrx_word' id='word_1_593' title='bbox 3617 3554 3710 3610; x_wconf 87' lang='lat' dir='ltr'><strong>pe-</strong></span> 
     </span>
    </p>
   </div>
   <div class='ocr_carea' id='block_1_86' title="bbox 2125 3637 3712 3699">
    <p class='ocr_par' dir='ltr' id='par_1_86' title="bbox 2125 3637 3712 3699">
     <span class='ocr_line' id='line_1_86' title="bbox 2125 3637 3712 3699; baseline -0.008 -1"><span class='ocrx_word' id='word_1_594' title='bbox 2125 3645 2220 3699; x_wconf 90' lang='lat' dir='ltr'><strong>dcs</strong></span> <span class='ocrx_word' id='word_1_595' title='bbox 2254 3644 2404 3697; x_wconf 81' lang='lat' dir='ltr'><strong>venit</strong></span> <span class='ocrx_word' id='word_1_596' title='bbox 2430 3641 2483 3697; x_wconf 89' lang='lat' dir='ltr'><strong>in</strong></span> <span class='ocrx_word' id='word_1_597' title='bbox 2519 3640 2930 3695; x_wconf 87' lang='lat' dir='ltr'><strong>monasterlmn.</strong></span> <span class='ocrx_word' id='word_1_598' title='bbox 2960 3637 3096 3692; x_wconf 90' lang='lat' dir='ltr'><strong>Cum</strong></span> <span class='ocrx_word' id='word_1_599' title='bbox 3132 3645 3312 3691; x_wconf 90' lang='lat' dir='ltr'><strong>autem</strong></span> <span class='ocrx_word' id='word_1_600' title='bbox 3337 3645 3481 3690; x_wconf 88' lang='lat' dir='ltr'><strong>esset</strong></span> <span class='ocrx_word' id='word_1_601' title='bbox 3516 3649 3712 3690; x_wconf 84' lang='lat' dir='ltr'><strong>ascen-</strong></span> 
     </span>
    </p>
   </div>
   <div class='ocr_carea' id='block_1_87' title="bbox 2122 3712 3702 3799">
    <p class='ocr_par' dir='ltr' id='par_1_87' title="bbox 2122 3712 3702 3799">
     <span class='ocr_line' id='line_1_87' title="bbox 2122 3712 3702 3799; baseline -0.006 -10"><span class='ocrx_word' id='word_1_602' title='bbox 2122 3747 2249 3789; x_wconf 69' lang='grc' dir='ltr'><strong>ειη-ιι</strong></span> <span class='ocrx_word' id='word_1_603' title='bbox 2280 3733 2366 3787; x_wconf 86' lang='lat' dir='ltr'><strong>ubi</strong></span> <span class='ocrx_word' id='word_1_604' title='bbox 2398 3712 2515 3787; x_wconf 67' lang='lat' dir='ltr'><strong>erat</strong></span> <span class='ocrx_word' id='word_1_605' title='bbox 2562 3731 2776 3794; x_wconf 86' lang='lat' dir='ltr'><strong>beatus,</strong></span> <span class='ocrx_word' id='word_1_606' title='bbox 2817 3738 2973 3799; x_wconf 91' lang='lat' dir='ltr'><strong>rupta</strong></span> <span class='ocrx_word' id='word_1_607' title='bbox 3009 3736 3160 3783; x_wconf 76' lang='lat' dir='ltr'><strong>veste</strong></span> <span class='ocrx_word' id='word_1_608' title='bbox 3195 3738 3249 3782; x_wconf 92' lang='lat' dir='ltr'><strong>et</strong></span> <span class='ocrx_word' id='word_1_609' title='bbox 3279 3727 3507 3795; x_wconf 72' lang='lat' dir='ltr'><strong>abiectis</strong></span> <span class='ocrx_word' id='word_1_610' title='bbox 3536 3742 3702 3781; x_wconf 66' lang='lat' dir='ltr'><strong>ornao</strong></span> 
     </span>
    </p>
   </div>
   <div class='ocr_carea' id='block_1_88' title="bbox 2124 3818 3702 3891">
    <p class='ocr_par' dir='ltr' id='par_1_88' title="bbox 2124 3818 3702 3891">
     <span class='ocr_line' id='line_1_88' title="bbox 2124 3818 3702 3891; baseline -0.005 -10"><span class='ocrx_word' id='word_1_611' title='bbox 2124 3825 2325 3881; x_wconf 86' lang='lat' dir='ltr'><strong>mentis</strong></span> <span class='ocrx_word' id='word_1_612' title='bbox 2351 3823 2489 3887; x_wconf 81' lang='lat' dir='ltr'><strong>suis,</strong></span> <span class='ocrx_word' id='word_1_613' title='bbox 2522 3822 2685 3891; x_wconf 74' lang='lat' dir='ltr'><strong>empit</strong></span> <span class='ocrx_word' id='word_1_614' title='bbox 2718 3820 2959 3875; x_wconf 78' lang='lat' dir='ltr'><strong>clamare</strong></span> <span class='ocrx_word' id='word_1_615' title='bbox 2991 3836 3006 3873; x_wconf 88' lang='lat'>:</span> <span class='ocrx_word' id='word_1_616' title='bbox 3047 3818 3187 3885; x_wconf 84' lang='lat' dir='ltr'><strong>Quid</strong></span> <span class='ocrx_word' id='word_1_617' title='bbox 3224 3818 3353 3872; x_wconf 90' lang='lat' dir='ltr'><strong>mihi</strong></span> <span class='ocrx_word' id='word_1_618' title='bbox 3398 3820 3474 3873; x_wconf 86' lang='lat' dir='ltr'><strong>rei</strong></span> <span class='ocrx_word' id='word_1_619' title='bbox 3527 3827 3702 3873; x_wconf 85' lang='lat' dir='ltr'><strong>tecum</strong></span> 
     </span>
    </p>
   </div>
   <div class='ocr_carea' id='block_1_89' title="bbox 2123 3903 3703 3979">
    <p class='ocr_par' dir='ltr' id='par_1_89' title="bbox 2123 3903 3703 3979">
     <span class='ocr_line' id='line_1_89' title="bbox 2123 3903 3703 3979; baseline -0.006 -10"><span class='ocrx_word' id='word_1_620' title='bbox 2123 3903 2229 3979; x_wconf 73' lang='lat' dir='ltr'><strong>est,</strong></span> <span class='ocrx_word' id='word_1_621' title='bbox 2267 3913 2498 3968; x_wconf 81' lang='lat' dir='ltr'><strong>Anxenti</strong></span> <span class='ocrx_word' id='word_1_622' title='bbox 2522 3910 2794 3977; x_wconf 77' lang='lat' dir='ltr'><strong>vermipes</strong></span> <span class='ocrx_word' id='word_1_623' title='bbox 2818 3910 2841 3963; x_wconf 88' lang='lat'><strong>?</strong></span> <span class='ocrx_word' id='word_1_624' title='bbox 2868 3909 3090 3979; x_wconf 85' lang='lat' dir='ltr'><strong>pulchre</strong></span> <span class='ocrx_word' id='word_1_625' title='bbox 3108 3907 3481 3961; x_wconf 79' lang='lat' dir='ltr'><strong>abscondebar</strong></span> <span class='ocrx_word' id='word_1_626' title='bbox 3507 3907 3561 3960; x_wconf 91' lang='lat' dir='ltr'><strong>in</strong></span> <span class='ocrx_word' id='word_1_627' title='bbox 3580 3906 3703 3976; x_wconf 83' lang='lat' dir='ltr'><strong>ejus</strong></span> 
     </span>
    </p>
   </div>
   <div class='ocr_carea' id='block_1_90' title="bbox 2125 3998 3701 4069">
    <p class='ocr_par' dir='ltr' id='par_1_90' title="bbox 2125 3998 3701 4069">
     <span class='ocr_line' id='line_1_90' title="bbox 2125 3998 3701 4069; baseline -0.004 -7"><span class='ocrx_word' id='word_1_628' title='bbox 2125 4007 2402 4062; x_wconf 87' lang='lat' dir='ltr'><strong>intestinis</strong></span> <span class='ocrx_word' id='word_1_629' title='bbox 2436 4022 2452 4064; x_wconf 88' lang='lat'><strong>:</strong></span> <span class='ocrx_word' id='word_1_630' title='bbox 2481 4013 2533 4058; x_wconf 92' lang='lat' dir='ltr'><strong>et</strong></span> <span class='ocrx_word' id='word_1_631' title='bbox 2564 4018 2691 4059; x_wconf 89' lang='lat' dir='ltr'><strong>ecce</strong></span> <span class='ocrx_word' id='word_1_632' title='bbox 2721 4017 2804 4056; x_wconf 88' lang='lat' dir='ltr'><strong>me</strong></span> <span class='ocrx_word' id='word_1_633' title='bbox 2832 4001 3066 4055; x_wconf 76' lang='lat' dir='ltr'><strong>eduxisti</strong></span> <span class='ocrx_word' id='word_1_634' title='bbox 3112 4008 3231 4069; x_wconf 90' lang='lat' dir='ltr'><strong>post</strong></span> <span class='ocrx_word' id='word_1_635' title='bbox 3276 3998 3464 4068; x_wconf 74' lang='lat' dir='ltr'><strong>viginti</strong></span> <span class='ocrx_word' id='word_1_636' title='bbox 3506 4012 3701 4056; x_wconf 87' lang='lat' dir='ltr'><strong>annos.</strong></span> 
     </span>
    </p>
   </div>
   <div class='ocr_carea' id='block_1_91' title="bbox 2125 4090 3694 4164">
    <p class='ocr_par' dir='ltr' id='par_1_91' title="bbox 2125 4090 3694 4164">
     <span class='ocr_line' id='line_1_91' title="bbox 2125 4090 3694 4164; baseline -0.008 -10"><span class='ocrx_word' id='word_1_637' title='bbox 2125 4099 2258 4154; x_wconf 84' lang='lat' dir='ltr'><strong>Eam</strong></span> <span class='ocrx_word' id='word_1_638' title='bbox 2294 4099 2437 4152; x_wconf 88' lang='lat' dir='ltr'><strong>enim</strong></span> <span class='ocrx_word' id='word_1_639' title='bbox 2474 4098 2752 4164; x_wconf 79' lang='lat' dir='ltr'><strong>ingressus</strong></span> <span class='ocrx_word' id='word_1_640' title='bbox 2779 4109 2925 4158; x_wconf 91' lang='lat' dir='ltr'><strong>sum,</strong></span> <span class='ocrx_word' id='word_1_641' title='bbox 2951 4108 3073 4147; x_wconf 91' lang='lat' dir='ltr'><strong>cum</strong></span> <span class='ocrx_word' id='word_1_642' title='bbox 3107 4102 3250 4147; x_wconf 85' lang='lat' dir='ltr'><strong>esset</strong></span> <span class='ocrx_word' id='word_1_643' title='bbox 3283 4090 3567 4145; x_wconf 78' lang='lat' dir='ltr'><strong>duodecim</strong></span> <span class='ocrx_word' id='word_1_644' title='bbox 3602 4104 3694 4143; x_wconf 80' lang='lat' dir='ltr'><strong>an-</strong></span> 
     </span>
    </p>
   </div>
   <div class='ocr_carea' id='block_1_92' title="bbox 2124 4184 3708 4255">
    <p class='ocr_par' dir='ltr' id='par_1_92' title="bbox 2124 4184 3708 4255">
     <span class='ocr_line' id='line_1_92' title="bbox 2124 4184 3708 4255; baseline -0.007 -8"><span class='ocrx_word' id='word_1_645' title='bbox 2124 4206 2226 4247; x_wconf 88' lang='lat' dir='ltr'><strong>nos</strong></span> <span class='ocrx_word' id='word_1_646' title='bbox 2258 4200 2406 4255; x_wconf 85' lang='lat' dir='ltr'><strong>nata,</strong></span> <span class='ocrx_word' id='word_1_647' title='bbox 2449 4203 2548 4243; x_wconf 89' lang='lat' dir='ltr'><strong>nec</strong></span> <span class='ocrx_word' id='word_1_648' title='bbox 2591 4202 2677 4242; x_wconf 90' lang='lat' dir='ltr'><strong>me</strong></span> <span class='ocrx_word' id='word_1_649' title='bbox 2711 4186 2965 4255; x_wconf 68' lang='lat' dir='ltr'><strong>cognovit</strong></span> <span class='ocrx_word' id='word_1_650' title='bbox 2988 4185 3261 4255; x_wconf 78' lang='lat' dir='ltr'><strong>quiSpiam</strong></span> <span class='ocrx_word' id='word_1_651' title='bbox 3297 4184 3363 4238; x_wconf 91' lang='lat' dir='ltr'><strong>ad</strong></span> <span class='ocrx_word' id='word_1_652' title='bbox 3399 4184 3503 4237; x_wconf 91' lang='lat' dir='ltr'><strong>hoc</strong></span> <span class='ocrx_word' id='word_1_653' title='bbox 3536 4196 3708 4250; x_wconf 85' lang='lat' dir='ltr'><strong>usque</strong></span> 
     </span>
    </p>
   </div>
   <div class='ocr_carea' id='block_1_93' title="bbox 2094 4273 3709 4357">
    <p class='ocr_par' dir='ltr' id='par_1_93' title="bbox 2094 4273 3709 4357">
     <span class='ocr_line' id='line_1_93' title="bbox 2094 4273 3709 4357; baseline -0.008 -16"><span class='ocrx_word' id='word_1_654' title='bbox 2094 4294 2361 4357; x_wconf 35' lang='lat' dir='ltr'><strong>‘tempus,</strong></span> <span class='ocrx_word' id='word_1_655' title='bbox 2408 4291 2463 4338; x_wconf 89' lang='lat' dir='ltr'><strong>ct</strong></span> <span class='ocrx_word' id='word_1_656' title='bbox 2515 4296 2603 4337; x_wconf 82' lang='lat' dir='ltr'><strong>me</strong></span> <span class='ocrx_word' id='word_1_657' title='bbox 2664 4280 2893 4335; x_wconf 81' lang='lat' dir='ltr'><strong>invitum</strong></span> <span class='ocrx_word' id='word_1_658' title='bbox 2951 4279 3017 4332; x_wconf 90' lang='lat' dir='ltr'><strong>ah</strong></span> <span class='ocrx_word' id='word_1_659' title='bbox 3076 4294 3140 4331; x_wconf 84' lang='lat' dir='ltr'><strong>ea</strong></span> <span class='ocrx_word' id='word_1_660' title='bbox 3187 4291 3432 4347; x_wconf 74' lang='lat' dir='ltr'><strong>separes.</strong></span> <span class='ocrx_word' id='word_1_661' title='bbox 3470 4273 3709 4346; x_wconf 79' lang='lat' dir='ltr'><strong>Signifer</strong></span> 
     </span>
    </p>
   </div>
   <div class='ocr_carea' id='block_1_94' title="bbox 2124 4368 3706 4445">
    <p class='ocr_par' dir='ltr' id='par_1_94' title="bbox 2124 4368 3706 4445">
     <span class='ocr_line' id='line_1_94' title="bbox 2124 4368 3706 4445; baseline -0.008 -13"><span class='ocrx_word' id='word_1_662' title='bbox 2124 4393 2252 4432; x_wconf 72' lang='lat' dir='ltr'><strong>vero</strong></span> <span class='ocrx_word' id='word_1_663' title='bbox 2285 4387 2337 4431; x_wconf 89' lang='lat' dir='ltr'><strong>et</strong></span> <span class='ocrx_word' id='word_1_664' title='bbox 2369 4390 2597 4445; x_wconf 82' lang='lat' dir='ltr'><strong>magnus</strong></span> <span class='ocrx_word' id='word_1_665' title='bbox 2628 4374 2797 4427; x_wconf 84' lang='lat' dir='ltr'><strong>Pater</strong></span> <span class='ocrx_word' id='word_1_666' title='bbox 2820 4381 3006 4426; x_wconf 90' lang='lat' dir='ltr'><strong>noster</strong></span> <span class='ocrx_word' id='word_1_667' title='bbox 3022 4370 3348 4434; x_wconf 84' lang='lat' dir='ltr'><strong>Auxentius,</strong></span> <span class='ocrx_word' id='word_1_668' title='bbox 3375 4377 3499 4421; x_wconf 86' lang='lat' dir='ltr'><strong>cum</strong></span> <span class='ocrx_word' id='word_1_669' title='bbox 3522 4368 3706 4421; x_wconf 86' lang='lat' dir='ltr'><strong>incre-</strong></span> 
     </span>
    </p>
   </div>
   <div class='ocr_carea' id='block_1_95' title="bbox 2125 4458 3708 4538">
    <p class='ocr_par' dir='ltr' id='par_1_95' title="bbox 2125 4458 3708 4538">
     <span class='ocr_line' id='line_1_95' title="bbox 2125 4458 3708 4538; baseline -0.006 -17"><span class='ocrx_word' id='word_1_670' title='bbox 2125 4476 2309 4538; x_wconf 85' lang='lat' dir='ltr'><strong>passct</strong></span> <span class='ocrx_word' id='word_1_671' title='bbox 2331 4466 2626 4536; x_wconf 77' lang='lat' dir='ltr'><strong>malignum</strong></span> <span class='ocrx_word' id='word_1_672' title='bbox 2650 4474 2702 4519; x_wconf 89' lang='lat' dir='ltr'><strong>et</strong></span> <span class='ocrx_word' id='word_1_673' title='bbox 2724 4462 3061 4517; x_wconf 87' lang='lat' dir='ltr'><strong>immundum</strong></span> <span class='ocrx_word' id='word_1_674' title='bbox 3082 4461 3354 4531; x_wconf 77' lang='lat' dir='ltr'><strong>Spiritum,</strong></span> <span class='ocrx_word' id='word_1_675' title='bbox 3380 4458 3708 4538; x_wconf 82' lang='lat' dir='ltr'><strong>etjussisset</strong></span> 
     </span>
    </p>
   </div>
   <div class='ocr_carea' id='block_1_96' title="bbox 2124 4535 3705 4624">
    <p class='ocr_par' dir='ltr' id='par_1_96' title="bbox 2124 4535 3705 4624">
     <span class='ocr_line' id='line_1_96' title="bbox 2124 4535 3705 4624; baseline -0.008 -8"><span class='ocrx_word' id='word_1_676' title='bbox 2124 4574 2249 4616; x_wconf 88' lang='lat' dir='ltr'><strong>eum</strong></span> <span class='ocrx_word' id='word_1_677' title='bbox 2282 4535 2686 4624; x_wconf 75' lang='lat' dir='ltr'><strong>obmutescere,</strong></span> <span class='ocrx_word' id='word_1_678' title='bbox 2752 4566 2805 4610; x_wconf 87' lang='lat' dir='ltr'><strong>et</strong></span> <span class='ocrx_word' id='word_1_679' title='bbox 2830 4570 2859 4611; x_wconf 88' lang='lat' dir='ltr'><strong>e</strong></span> <span class='ocrx_word' id='word_1_680' title='bbox 2887 4565 3138 4609; x_wconf 86' lang='lat' dir='ltr'><strong>creatura</strong></span> <span class='ocrx_word' id='word_1_681' title='bbox 3178 4568 3282 4607; x_wconf 87' lang='lat' dir='ltr'><strong>non</strong></span> <span class='ocrx_word' id='word_1_682' title='bbox 3342 4535 3648 4621; x_wconf 74' lang='lat' dir='ltr'><strong>erumpere,</strong></span> <span class='ocrx_word' id='word_1_683' title='bbox 3674 4564 3705 4604; x_wconf 89' lang='lat' dir='ltr'><strong>a</strong></span> 
     </span>
    </p>
   </div>
   <div class='ocr_carea' id='block_1_97' title="bbox 2125 4640 3705 4720">
    <p class='ocr_par' dir='ltr' id='par_1_97' title="bbox 2125 4640 3705 4720">
     <span class='ocr_line' id='line_1_97' title="bbox 2125 4640 3705 4720; baseline -0.006 -13"><span class='ocrx_word' id='word_1_684' title='bbox 2125 4651 2237 4707; x_wconf 87' lang='lat' dir='ltr'><strong>Deo</strong></span> <span class='ocrx_word' id='word_1_685' title='bbox 2292 4652 2512 4720; x_wconf 84' lang='lat' dir='ltr'><strong>supplex</strong></span> <span class='ocrx_word' id='word_1_686' title='bbox 2546 4649 2703 4719; x_wconf 88' lang='lat' dir='ltr'><strong>petiit</strong></span> <span class='ocrx_word' id='word_1_687' title='bbox 2734 4657 2792 4701; x_wconf 92' lang='lat' dir='ltr'><strong>nt</strong></span> <span class='ocrx_word' id='word_1_688' title='bbox 2823 4646 3027 4701; x_wconf 83' lang='lat' dir='ltr'><strong>Iaceret</strong></span> <span class='ocrx_word' id='word_1_689' title='bbox 3050 4659 3202 4700; x_wconf 87' lang='lat' dir='ltr'><strong>suam</strong></span> <span class='ocrx_word' id='word_1_690' title='bbox 3231 4659 3353 4698; x_wconf 90' lang='lat' dir='ltr'><strong>cum</strong></span> <span class='ocrx_word' id='word_1_691' title='bbox 3391 4657 3454 4697; x_wconf 88' lang='lat' dir='ltr'><strong>ea</strong></span> <span class='ocrx_word' id='word_1_692' title='bbox 3486 4640 3705 4698; x_wconf 86' lang='lat' dir='ltr'><strong>miseri-</strong></span> 
     </span>
    </p>
   </div>
   <div class='ocr_carea' id='block_1_98' title="bbox 2124 4736 3703 4800">
    <p class='ocr_par' dir='ltr' id='par_1_98' title="bbox 2124 4736 3703 4800">
     <span class='ocr_line' id='line_1_98' title="bbox 2124 4736 3703 4800; baseline -0.007 -1"><span class='ocrx_word' id='word_1_693' title='bbox 2124 4744 2391 4799; x_wconf 88' lang='lat' dir='ltr'><strong>cordiam.</strong></span> <span class='ocrx_word' id='word_1_694' title='bbox 2417 4741 2553 4796; x_wconf 83' lang='lat' dir='ltr'><strong>Cum</strong></span> <span class='ocrx_word' id='word_1_695' title='bbox 2585 4754 2768 4795; x_wconf 87' lang='lat' dir='ltr'><strong>autem</strong></span> <span class='ocrx_word' id='word_1_696' title='bbox 2799 4741 3037 4795; x_wconf 89' lang='lat' dir='ltr'><strong>dedisset</strong></span> <span class='ocrx_word' id='word_1_697' title='bbox 3057 4738 3105 4792; x_wconf 90' lang='lat' dir='ltr'><strong>ei</strong></span> <span class='ocrx_word' id='word_1_698' title='bbox 3131 4737 3196 4791; x_wconf 89' lang='lat' dir='ltr'><strong>de</strong></span> <span class='ocrx_word' id='word_1_699' title='bbox 3218 4736 3342 4792; x_wconf 87' lang='lat' dir='ltr'><strong>oleo</strong></span> <span class='ocrx_word' id='word_1_700' title='bbox 3364 4744 3703 4800; x_wconf 84' lang='lat' dir='ltr'><strong>sanctorum,</strong></span> 
     </span>
    </p>
   </div>
   <div class='ocr_carea' id='block_1_99' title="bbox 2125 4830 3705 4904">
    <p class='ocr_par' dir='ltr' id='par_1_99' title="bbox 2125 4830 3705 4904">
     <span class='ocr_line' id='line_1_99' title="bbox 2125 4830 3705 4904; baseline -0.007 -12"><span class='ocrx_word' id='word_1_701' title='bbox 2125 4846 2179 4892; x_wconf 91' lang='lat' dir='ltr'><strong>et</strong></span> <span class='ocrx_word' id='word_1_702' title='bbox 2208 4838 2328 4892; x_wconf 90' lang='lat' dir='ltr'><strong>eam</strong></span> <span class='ocrx_word' id='word_1_703' title='bbox 2350 4835 2599 4904; x_wconf 82' lang='lat' dir='ltr'><strong>jejunare</strong></span> <span class='ocrx_word' id='word_1_704' title='bbox 2632 4833 2889 4902; x_wconf 75' lang='lat' dir='ltr'><strong>iussisset</strong></span> <span class='ocrx_word' id='word_1_705' title='bbox 2933 4830 3293 4903; x_wconf 68' lang='lat' dir='ltr'><strong>quadraginta</strong></span> <span class='ocrx_word' id='word_1_706' title='bbox 3344 4830 3482 4898; x_wconf 88' lang='lat' dir='ltr'><strong>dies,</strong></span> <span class='ocrx_word' id='word_1_707' title='bbox 3516 4842 3705 4884; x_wconf 81' lang='lat' dir='ltr'><strong>sanam</strong></span> 
     </span>
    </p>
   </div>
   <div class='ocr_carea' id='block_1_100' title="bbox 2127 4919 3708 4993">
    <p class='ocr_par' dir='ltr' id='par_1_100' title="bbox 2127 4919 3708 4993">
     <span class='ocr_line' id='line_1_100' title="bbox 2127 4919 3708 4993; baseline -0.004 -10"><span class='ocrx_word' id='word_1_708' title='bbox 2127 4944 2246 4983; x_wconf 84' lang='lat' dir='ltr'><strong>eam</strong></span> <span class='ocrx_word' id='word_1_709' title='bbox 2274 4928 2473 4982; x_wconf 77' lang='lat' dir='ltr'><strong>dimisit</strong></span> <span class='ocrx_word' id='word_1_710' title='bbox 2501 4926 2774 4988; x_wconf 82' lang='lat' dir='ltr'><strong>Christus,</strong></span> <span class='ocrx_word' id='word_1_711' title='bbox 2809 4941 2928 4979; x_wconf 91' lang='lat' dir='ltr'><strong>eam</strong></span> <span class='ocrx_word' id='word_1_712' title='bbox 2964 4939 3165 4978; x_wconf 86' lang='lat' dir='ltr'><strong>curans</strong></span> <span class='ocrx_word' id='word_1_713' title='bbox 3196 4939 3291 4993; x_wconf 82' lang='lat' dir='ltr'><strong>per</strong></span> <span class='ocrx_word' id='word_1_714' title='bbox 3322 4921 3444 4993; x_wconf 82' lang='lat' dir='ltr'><strong>ejus</strong></span> <span class='ocrx_word' id='word_1_715' title='bbox 3501 4919 3708 4976; x_wconf 84' lang='lat' dir='ltr'><strong>oratio-</strong></span> 
     </span>
    </p>
   </div>
   <div class='ocr_carea' id='block_1_101' title="bbox 2128 5013 3706 5099">
    <p class='ocr_par' dir='ltr' id='par_1_101' title="bbox 2128 5013 3706 5099">
     <span class='ocr_line' id='line_1_101' title="bbox 2128 5013 3706 5099; baseline -0.005 -24"><span class='ocrx_word' id='word_1_716' title='bbox 2128 5035 2275 5075; x_wconf 87' lang='lat' dir='ltr'><strong>nem.</strong></span> <span class='ocrx_word' id='word_1_717' title='bbox 2310 5018 2473 5073; x_wconf 79' lang='lat' dir='ltr'><strong>Multa</strong></span> <span class='ocrx_word' id='word_1_718' title='bbox 2501 5034 2627 5099; x_wconf 70' lang='lat' dir='ltr'><strong>vero</strong></span> <span class='ocrx_word' id='word_1_719' title='bbox 2652 5018 2882 5089; x_wconf 68' lang='lat' dir='ltr'><strong>prmbuit</strong></span> <span class='ocrx_word' id='word_1_720' title='bbox 2915 5018 3242 5088; x_wconf 78' lang='lat' dir='ltr'><strong>pattpcribus</strong></span> <span class='ocrx_word' id='word_1_721' title='bbox 3271 5023 3325 5070; x_wconf 90' lang='lat' dir='ltr'><strong>et</strong></span> <span class='ocrx_word' id='word_1_722' title='bbox 3370 5013 3706 5069; x_wconf 86' lang='lat' dir='ltr'><strong>monasterio</strong></span> 
     </span>
    </p>
   </div>
   <div class='ocr_carea' id='block_1_102' title="bbox 2127 5114 2463 5186">
    <p class='ocr_par' dir='ltr' id='par_1_102' title="bbox 2127 5114 2463 5186">
     <span class='ocr_line' id='line_1_102' title="bbox 2127 5114 2463 5186; baseline 0 -16"><span class='ocrx_word' id='word_1_723' title='bbox 2127 5114 2187 5170; x_wconf 84' lang='lat' dir='ltr'><strong>S.</strong></span> <span class='ocrx_word' id='word_1_724' title='bbox 2223 5115 2463 5186; x_wconf 73' lang='lat' dir='ltr'><strong>[lyp-atii.</strong></span> 
     </span>
    </p>
   </div>
   <div class='ocr_carea' id='block_1_103' title="bbox 1902 5225 2136 5282">
    <p class='ocr_par' dir='ltr' id='par_1_103' title="bbox 1902 5225 2136 5282">
     <span class='ocr_line' id='line_1_103' title="bbox 1902 5225 2136 5282; baseline 0.026 -6"><span class='ocrx_word' id='word_1_725' title='bbox 1902 5225 2136 5282; x_wconf 65' lang='lat' dir='ltr'><strong>CAPUT</strong></span> 
     </span>
    </p>
   </div>
   <div class='ocr_carea' id='block_1_104' title="bbox 996 5226 2018 5394">
    <p class='ocr_par' dir='ltr' id='par_1_104' title="bbox 996 5226 2018 5383">
     <span class='ocr_line' id='line_1_104' title="bbox 996 5226 2018 5383; baseline 0.003 -16"><span class='ocrx_word' id='word_1_726' title='bbox 996 5310 1333 5383; x_wconf 80' lang='lat' dir='ltr'><strong>Cu!loquium</strong></span> <span class='ocrx_word' id='word_1_727' title='bbox 1356 5310 1416 5367; x_wconf 88' lang='lat' dir='ltr'><strong>S.</strong></span> <span class='ocrx_word' id='word_1_728' title='bbox 1446 5306 1699 5367; x_wconf 77' lang='lat' dir='ltr'><strong>Auxentii</strong></span> <span class='ocrx_word' id='word_1_729' title='bbox 1727 5331 1845 5368; x_wconf 79' lang='lat' dir='ltr'><strong>cum</strong></span> <span class='ocrx_word' id='word_1_730' title='bbox 1869 5226 2018 5370; x_wconf 54' lang='grc' dir='ltr'><strong>ιίὲ</strong></span> 
     </span>
    </p>
   </div>
   <div class='ocr_carea' id='block_1_105' title="bbox 2121 5226 3127 5394">
    <p class='ocr_par' dir='ltr' id='par_1_105' title="bbox 2121 5227 3127 5394">
     <span class='ocr_line' id='line_1_105' title="bbox 2121 5227 2245 5284; baseline 0.024 -3"><span class='ocrx_word' id='word_1_731' title='bbox 2121 5227 2136 5281; x_wconf 69' lang='grc' dir='ltr'><strong>Γ</strong></span> <span class='ocrx_word' id='word_1_732' title='bbox 2183 5229 2245 5284; x_wconf 87' lang='lat' dir='ltr'><strong>VI</strong></span> 
     </span>
     <span class='ocr_line' id='line_1_106' title="bbox 2121 5320 3127 5394; baseline -0.002 -20"><span class='ocrx_word' id='word_1_733' title='bbox 2121 5339 2150 5374; x_wconf 92' lang='grc' dir='ltr'><strong>ο</strong></span> <span class='ocrx_word' id='word_1_734' title='bbox 2181 5321 2321 5393; x_wconf 81' lang='lat' dir='ltr'><strong>Imp.</strong></span> <span class='ocrx_word' id='word_1_735' title='bbox 2346 5322 2616 5394; x_wconf 70' lang='lat' dir='ltr'><strong>Prolessio</strong></span> <span class='ocrx_word' id='word_1_736' title='bbox 2647 5320 2771 5392; x_wconf 76' lang='lat' dir='ltr'><strong>ﬁdei</strong></span> <span class='ocrx_word' id='word_1_737' title='bbox 2802 5320 3127 5375; x_wconf 66' lang='lat' dir='ltr'><strong>orthodoxae.</strong></span> 
     </span>
    </p>
   </div>
   <div class='ocr_carea' id='block_1_106' title="bbox 502 5428 2018 5499">
    <p class='ocr_par' dir='ltr' id='par_1_106' title="bbox 502 5428 2018 5499">
     <span class='ocr_line' id='line_1_107' title="bbox 502 5428 2018 5499; baseline 0.005 -17"><span class='ocrx_word' id='word_1_738' title='bbox 502 5429 635 5483; x_wconf 83' lang='lat' dir='ltr'><strong>AH&#39;.</strong></span> <span class='ocrx_word' id='word_1_739' title='bbox 673 5428 831 5483; x_wconf 71' lang='grc' dir='ltr'><strong>Μετὰ</strong></span> <span class='ocrx_word' id='word_1_740' title='bbox 860 5429 954 5484; x_wconf 75' lang='grc' dir='ltr'><strong>οὖν</strong></span> <span class='ocrx_word' id='word_1_741' title='bbox 985 5430 1145 5483; x_wconf 79' lang='grc' dir='ltr'><strong>τοῦτο</strong></span> <span class='ocrx_word' id='word_1_742' title='bbox 1202 5429 1535 5494; x_wconf 81' lang='grc' dir='ltr'><strong>ἀποττείλας</strong></span> <span class='ocrx_word' id='word_1_743' title='bbox 1562 5433 1590 5483; x_wconf 89' lang='grc' dir='ltr'>ὁ</span> <span class='ocrx_word' id='word_1_744' title='bbox 1624 5431 2018 5499; x_wconf 74' lang='grc' dir='ltr'><strong>εὐσεϐέστατος</strong></span> 
     </span>
    </p>
   </div>
   <div class='ocr_carea' id='block_1_107' title="bbox 433 5521 2017 5595">
    <p class='ocr_par' dir='ltr' id='par_1_107' title="bbox 433 5521 2017 5595">
     <span class='ocr_line' id='line_1_108' title="bbox 433 5521 2017 5595; baseline 0.003 -20"><span class='ocrx_word' id='word_1_745' title='bbox 433 5521 689 5592; x_wconf 80' lang='grc' dir='ltr'><strong>βασιλεὺς</strong></span> <span class='ocrx_word' id='word_1_746' title='bbox 744 5522 1001 5595; x_wconf 78' lang='grc' dir='ltr'><strong>δρόμωνα</strong></span> <span class='ocrx_word' id='word_1_747' title='bbox 1033 5523 1142 5577; x_wconf 71' lang='grc' dir='ltr'><strong>ἀπὸ</strong></span> <span class='ocrx_word' id='word_1_748' title='bbox 1196 5523 1290 5577; x_wconf 82' lang='grc' dir='ltr'><strong>τοῦ</strong></span> <span class='ocrx_word' id='word_1_749' title='bbox 1346 5523 1609 5591; x_wconf 69' lang='grc' dir='ltr'><strong>Ἐὸδὸμου</strong></span> <span class='ocrx_word' id='word_1_750' title='bbox 1640 5524 1729 5577; x_wconf 75' lang='grc' dir='ltr'><strong>διὰ</strong></span> <span class='ocrx_word' id='word_1_751' title='bbox 1748 5525 1809 5577; x_wconf 70' lang='grc' dir='ltr'><strong>τὸ</strong></span> <span class='ocrx_word' id='word_1_752' title='bbox 1834 5528 2017 5580; x_wconf 80' lang='grc' dir='ltr'><strong>ἐκεῖσε</strong></span> 
     </span>
    </p>
   </div>
   <div class='ocr_carea' id='block_1_108' title="bbox 431 5616 2017 5694">
    <p class='ocr_par' dir='ltr' id='par_1_108' title="bbox 431 5616 2017 5694">
     <span class='ocr_line' id='line_1_109' title="bbox 431 5616 2017 5694; baseline 0.003 -24"><span class='ocrx_word' id='word_1_753' title='bbox 431 5617 734 5688; x_wconf 79' lang='grc' dir='ltr'><strong>πρόκενσον</strong></span> <span class='ocrx_word' id='word_1_754' title='bbox 785 5616 948 5682; x_wconf 76' lang='grc' dir='ltr'><strong>εἶναι,</strong></span> <span class='ocrx_word' id='word_1_755' title='bbox 1013 5617 1397 5687; x_wconf 81' lang='grc' dir='ltr'><strong>μετεστείλατο</strong></span> <span class='ocrx_word' id='word_1_756' title='bbox 1441 5618 1535 5671; x_wconf 77' lang='grc' dir='ltr'><strong>τὸν</strong></span> <span class='ocrx_word' id='word_1_757' title='bbox 1584 5619 1856 5690; x_wconf 77' lang='grc' dir='ltr'><strong>μακάριον</strong></span> <span class='ocrx_word' id='word_1_758' title='bbox 1884 5623 2017 5694; x_wconf 83' lang='grc' dir='ltr'><strong>παρ’</strong></span> 
     </span>
    </p>
   </div>
   <div class='ocr_carea' id='block_1_109' title="bbox 496 5731 2023 5802">
    <p class='ocr_par' dir='ltr' id='par_1_109' title="bbox 496 5731 2023 5802">
     <span class='ocr_line' id='line_1_110' title="bbox 496 5731 2023 5802; baseline 0.002 -16"><span class='ocrx_word' id='word_1_759' title='bbox 496 5731 580 5802; x_wconf 76' lang='lat'><strong>(8)</strong></span> <span class='ocrx_word' id='word_1_760' title='bbox 600 5731 674 5786; x_wconf 81' lang='lat' dir='ltr'><strong>Ita</strong></span> <span class='ocrx_word' id='word_1_761' title='bbox 697 5734 972 5788; x_wconf 82' lang='lat' dir='ltr'><strong>Ccdrenus</strong></span> <span class='ocrx_word' id='word_1_762' title='bbox 1007 5736 1071 5787; x_wconf 87' lang='lat' dir='ltr'><strong>ad</strong></span> <span class='ocrx_word' id='word_1_763' title='bbox 1102 5734 1277 5788; x_wconf 55' lang='grc' dir='ltr'><strong>ουλε</strong></span> <span class='ocrx_word' id='word_1_764' title='bbox 1301 5732 1448 5797; x_wconf 61' lang='lat' dir='ltr'><strong>regni</strong></span> <span class='ocrx_word' id='word_1_765' title='bbox 1471 5732 1759 5790; x_wconf 70' lang='lat' dir='ltr'><strong>Iustiniani</strong></span> <span class='ocrx_word' id='word_1_766' title='bbox 1779 5734 2023 5789; x_wconf 86' lang='lat' dir='ltr'><strong>meminit</strong></span> 
     </span>
    </p>
   </div>
   <div class='ocr_carea' id='block_1_110' title="bbox 430 5802 2060 5875">
    <p class='ocr_par' dir='ltr' id='par_1_110' title="bbox 430 5802 2060 5875">
     <span class='ocr_line' id='line_1_111' title="bbox 430 5802 2060 5875; baseline 0.002 -19"><span class='ocrx_word' id='word_1_767' title='bbox 430 5804 730 5870; x_wconf 75' lang='grc' dir='ltr'><strong>προκένσου</strong></span> <span class='ocrx_word' id='word_1_768' title='bbox 780 5808 1070 5875; x_wconf 76' lang='grc' dir='ltr'><strong>γενομένου</strong></span> <span class='ocrx_word' id='word_1_769' title='bbox 1127 5808 1185 5856; x_wconf 76' lang='grc' dir='ltr'><strong>ἐν</strong></span> <span class='ocrx_word' id='word_1_770' title='bbox 1253 5806 1327 5873; x_wconf 79' lang='grc' dir='ltr'><strong>τῷ</strong></span> <span class='ocrx_word' id='word_1_771' title='bbox 1372 5802 1640 5873; x_wconf 74' lang='grc' dir='ltr'><strong>⁸1·Σϐὁόμῳ.</strong></span> <span class='ocrx_word' id='word_1_772' title='bbox 1693 5807 1783 5859; x_wconf 73' lang='lat' dir='ltr'><strong>l&#39;lst</strong></span> <span class='ocrx_word' id='word_1_773' title='bbox 1832 5816 2015 5860; x_wconf 59' lang='lat' dir='ltr'><strong>autc-nt</strong></span> <span class='ocrx_word' id='word_1_774' title='bbox 2056 5830 2060 5839; x_wconf 84' lang='lat'><strong><em>-</em></strong></span> 
     </span>
    </p>
   </div>
   <div class='ocr_carea' id='block_1_111' title="bbox 444 5875 2015 5947">
    <p class='ocr_par' dir='ltr' id='par_1_111' title="bbox 444 5875 2015 5947">
     <span class='ocr_line' id='line_1_112' title="bbox 444 5875 2015 5947; baseline 0.004 -21"><span class='ocrx_word' id='word_1_775' title='bbox 444 5888 762 5944; x_wconf 75' lang='lat' dir='ltr'><strong>proconsus,</strong></span> <span class='ocrx_word' id='word_1_776' title='bbox 795 5891 1086 5946; x_wconf 65' lang='lat' dir='ltr'><strong>ptoccssus</strong></span> <span class='ocrx_word' id='word_1_777' title='bbox 1122 5875 1322 5945; x_wconf 73' lang='lat' dir='ltr'><strong>regius,</strong></span> <span class='ocrx_word' id='word_1_778' title='bbox 1352 5876 1465 5932; x_wconf 72' lang='lat' dir='ltr'><strong>sive</strong></span> <span class='ocrx_word' id='word_1_779' title='bbox 1511 5875 1577 5929; x_wconf 82' lang='lat' dir='ltr'><strong>ad</strong></span> <span class='ocrx_word' id='word_1_780' title='bbox 1618 5876 1872 5947; x_wconf 83' lang='lat' dir='ltr'><strong>pietatem</strong></span> <span class='ocrx_word' id='word_1_781' title='bbox 1902 5876 2015 5931; x_wconf 69' lang='lat' dir='ltr'><strong>sive</strong></span> 
     </span>
    </p>
   </div>
   <div class='ocr_carea' id='block_1_112' title="bbox 2202 5431 3730 5505">
    <p class='ocr_par' dir='ltr' id='par_1_112' title="bbox 2202 5431 3730 5505">
     <span class='ocr_line' id='line_1_113' title="bbox 2202 5431 3730 5505; baseline -0.005 -12"><span class='ocrx_word' id='word_1_782' title='bbox 2202 5437 2496 5493; x_wconf 70' lang='lat' dir='ltr'><strong>XXXVIII.</strong></span> <span class='ocrx_word' id='word_1_783' title='bbox 2528 5438 2657 5493; x_wconf 84' lang='lat' dir='ltr'><strong>Post</strong></span> <span class='ocrx_word' id='word_1_784' title='bbox 2692 5438 2793 5493; x_wconf 90' lang='lat' dir='ltr'><strong>hoc</strong></span> <span class='ocrx_word' id='word_1_785' title='bbox 2824 5447 3001 5491; x_wconf 89' lang='lat' dir='ltr'><strong>autem</strong></span> <span class='ocrx_word' id='word_1_786' title='bbox 3036 5436 3157 5505; x_wconf 89' lang='lat' dir='ltr'><strong>pius</strong></span> <span class='ocrx_word' id='word_1_787' title='bbox 3205 5444 3507 5505; x_wconf 87' lang='lat' dir='ltr'><strong>mperator,</strong></span> <span class='ocrx_word' id='word_1_788' title='bbox 3538 5431 3730 5489; x_wconf 83' lang='lat' dir='ltr'><strong>misso.</strong></span> 
     </span>
    </p>
   </div>
   <div class='ocr_carea' id='block_1_113' title="bbox 2126 5526 3709 5597">
    <p class='ocr_par' dir='ltr' id='par_1_113' title="bbox 2126 5526 3709 5597">
     <span class='ocr_line' id='line_1_114' title="bbox 2126 5526 3709 5597; baseline -0.003 -12"><span class='ocrx_word' id='word_1_789' title='bbox 2126 5531 2390 5585; x_wconf 88' lang='lat' dir='ltr'><strong>dromone</strong></span> <span class='ocrx_word' id='word_1_790' title='bbox 2436 5548 2502 5586; x_wconf 77' lang='lat' dir='ltr'><strong>ex</strong></span> <span class='ocrx_word' id='word_1_791' title='bbox 2564 5530 2869 5594; x_wconf 81' lang='lat' dir='ltr'><strong>IIelnlomo,</strong></span> <span class='ocrx_word' id='word_1_792' title='bbox 2919 5529 3064 5597; x_wconf 87' lang='lat' dir='ltr'><strong>quod</strong></span> <span class='ocrx_word' id='word_1_793' title='bbox 3129 5526 3242 5582; x_wconf 92' lang='lat' dir='ltr'><strong>illic</strong></span> <span class='ocrx_word' id='word_1_794' title='bbox 3285 5535 3433 5581; x_wconf 87' lang='lat' dir='ltr'><strong>esset</strong></span> <span class='ocrx_word' id='word_1_795' title='bbox 3473 5540 3709 5596; x_wconf 79' lang='lat' dir='ltr'><strong>precen-</strong></span> 
     </span>
    </p>
   </div>
   <div class='ocr_carea' id='block_1_114' title="bbox 2124 5618 3721 5693">
    <p class='ocr_par' dir='ltr' id='par_1_114' title="bbox 2124 5618 3721 5693">
     <span class='ocr_line' id='line_1_115' title="bbox 2124 5618 3721 5693; baseline -0.001 -16"><span class='ocrx_word' id='word_1_796' title='bbox 2124 5636 2218 5677; x_wconf 86' lang='lat' dir='ltr'><strong>sus</strong></span> <span class='ocrx_word' id='word_1_797' title='bbox 2253 5621 2357 5693; x_wconf 85' lang='lat'><strong>(8),</strong></span> <span class='ocrx_word' id='word_1_798' title='bbox 2383 5625 2449 5676; x_wconf 81' lang='lat' dir='ltr'><strong>a=l</strong></span> <span class='ocrx_word' id='word_1_799' title='bbox 2480 5637 2545 5677; x_wconf 87' lang='lat' dir='ltr'><strong>se</strong></span> <span class='ocrx_word' id='word_1_800' title='bbox 2575 5622 2829 5679; x_wconf 82' lang='lat' dir='ltr'><strong>accersiit</strong></span> <span class='ocrx_word' id='word_1_801' title='bbox 2853 5622 3070 5675; x_wconf 79' lang='lat' dir='ltr'><strong>beatum</strong></span> <span class='ocrx_word' id='word_1_802' title='bbox 3095 5618 3425 5673; x_wconf 77' lang='lat' dir='ltr'><strong>Auxentium</strong></span> <span class='ocrx_word' id='word_1_803' title='bbox 3460 5633 3475 5672; x_wconf 90' lang='lat'><strong>:</strong></span> <span class='ocrx_word' id='word_1_804' title='bbox 3502 5626 3557 5672; x_wconf 92' lang='lat' dir='ltr'><strong>et</strong></span> <span class='ocrx_word' id='word_1_805' title='bbox 3580 5630 3721 5675; x_wconf 71' lang='lat' dir='ltr'><strong>cum</strong></span> 
     </span>
    </p>
   </div>
   <div class='ocr_carea' id='block_1_115' title="bbox 2130 5730 3725 5863">
    <p class='ocr_par' dir='ltr' id='par_1_115' title="bbox 2130 5730 3725 5863">
     <span class='ocr_line' id='line_1_116' title="bbox 2130 5730 3725 5863; baseline 0 -74"><span class='ocrx_word' id='word_1_806' title='bbox 2130 5738 2389 5861; x_wconf 69' lang='lat' dir='ltr'><strong>adlsolam</strong></span> <span class='ocrx_word' id='word_1_807' title='bbox 2424 5752 2695 5863; x_wconf 59' lang='grc' dir='ltr'><strong>ιιιὲιιιιιιιιι.</strong></span> <span class='ocrx_word' id='word_1_808' title='bbox 2723 5738 2958 5808; x_wconf 43' lang='lat' dir='ltr'><strong>[ﬁgatur</strong></span> <span class='ocrx_word' id='word_1_809' title='bbox 2993 5736 3073 5791; x_wconf 76' lang='grc' dir='ltr'><strong>ϐο</strong></span> <span class='ocrx_word' id='word_1_810' title='bbox 3111 5752 3136 5789; x_wconf 87' lang='lat' dir='ltr'><strong>r</strong></span> <span class='ocrx_word' id='word_1_811' title='bbox 3177 5735 3228 5789; x_wconf 90' lang='lat' dir='ltr'><strong>in</strong></span> <span class='ocrx_word' id='word_1_812' title='bbox 3260 5747 3380 5803; x_wconf 83' lang='lat' dir='ltr'><strong>cap.</strong></span> <span class='ocrx_word' id='word_1_813' title='bbox 3436 5732 3503 5787; x_wconf 75' lang='lat' dir='ltr'><strong>l5</strong></span> <span class='ocrx_word' id='word_1_814' title='bbox 3528 5730 3725 5789; x_wconf 55' lang='lat' dir='ltr'><strong>Curon</strong></span> 
     </span>
     <span class='ocr_line' id='line_1_117' title="bbox 2131 5819 2524 5863; baseline -0.003 0"><span class='ocrx_word' id='word_1_815' title='bbox 2131 5822 2195 5863; x_wconf 67' lang='lat' dir='ltr'><strong>lla</strong></span> <span class='ocrx_word' id='word_1_816' title='bbox 2223 5819 2342 5863; x_wconf 72' lang='lat' dir='ltr'><strong>altt‘.</strong></span> <span class='ocrx_word' id='word_1_817' title='bbox 2381 5825 2434 5862; x_wconf 85' lang='lat' dir='ltr'><strong>tt.</strong></span> <span class='ocrx_word' id='word_1_818' title='bbox 2510 5848 2524 5862; x_wconf 94' lang='lat'><strong>.</strong></span> 
     </span>
    </p>
   </div>
   <div class='ocr_carea' id='block_1_116' title="bbox 2129 5819 2524 5876">
    <p class='ocr_par' dir='ltr' id='par_1_116' title="bbox 2129 5819 2524 5876">
     <span class='ocr_line' id='line_1_118' title="bbox 2129 5819 2524 5876; baseline 0.003 -15"><span class='ocrx_word' id='word_1_819' title='bbox 2129 5819 2342 5876; x_wconf 73' lang='lat' dir='ltr'><strong>palaltt‘,</strong></span> <span class='ocrx_word' id='word_1_820' title='bbox 2381 5825 2434 5862; x_wconf 85' lang='lat' dir='ltr'><strong>tt.</strong></span> <span class='ocrx_word' id='word_1_821' title='bbox 2472 5819 2524 5863; x_wconf 76' lang='lat' dir='ltr'><strong>li.</strong></span> 
     </span>
    </p>
   </div>
  </div>
