4160 6426
499 333 631 398 1407

1652 344 1937 431 MENSIS
1974 343 2492 409 FEBRUARIUS.

3624 340 3762 411 1503

494 469 617 506 eum
642 452 866 509 vidisset
883 462 997 509 toto
1020 468 1248 524 corpore
1272 455 1527 513 amictum
1560 473 1625 514 cx
1652 461 2064 527 exercitatione,

2181 463 2368 534 ἑαυτῷ.
2399 464 2751 535 Θεασάμενος
2776 465 2830 519 δὲ
2849 463 3012 519 αὐτὸν
3037 462 3201 519 παντὶ
3241 462 3320 535 τῷ
3346 460 3563 533 σώματι
3592 477 3767 514 κατα-

498 559 753 613 magnam
818 545 869 598 in
896 560 1019 598 eum
1071 547 1364 603 ostendens
1392 552 1778 620 reverentiam,
1820 553 1947 609 dicit
1978 548 2073 614 ei:

499 636 628 690 Scio
676 647 727 691 te
753 652 874 691 esse
904 637 997 692 Dei
1027 653 1267 705 servum,
1309 643 1528 696 domine
1554 644 1806 707 Auxenti,
1831 657 1885 702 et
1908 648 2077 705 debes

496 731 809 782 consentire
862 738 1066 784 sancta:
1100 742 1154 785 et
1202 734 1554 788 meumenicze
1607 737 1815 807 synodo
1850 738 1915 793 ad
1948 740 2072 809 hoc,

497 835 565 874 ne
604 830 655 871 tu
691 820 787 874 tias
814 833 1002 876 auctor
1031 822 1348 878 oﬂ‘ensionis
1373 826 1439 879 iis
1466 828 1555 895 qui
1602 842 1719 882 eam
1757 831 1946 887 volunt
1977 834 2075 887 ad-

497 912 736 968 mittere.
789 914 1023 969 Sanctus
1052 928 1230 971 autem
1277 921 1632 988 respondens,
1671 923 1802 977 dicit
1836 925 2071 990 impera-

497 1004 598 1056 tori
630 1022 643 1057 :
673 1004 806 1070 Quis
837 1021 955 1059 sum
1014 1022 1116 1076 ego
1179 1009 1333 1062 cauis
1383 1022 1657 1079 mortuus,
1685 1016 1826 1083 quod
1863 1027 1921 1070 ut
1946 1031 2070 1071 cum

494 1096 699 1148 sanctis
728 1097 1037 1161 pastoribus
1078 1114 1462 1166 connumerer,
1492 1103 1644 1170 jubet
1682 1114 1769 1158 tua
1806 1110 2069 1176 potentia,

494 1188 585 1253 qui
622 1203 726 1240 nou
763 1204 954 1244 recuso
981 1192 1153 1258 pasci,
1196 1203 1247 1246 et
1300 1196 1544 1249 doctrina
1576 1197 1751 1265 egeo?
1774 1200 2075 1269 Imperator

496 1294 627 1333 vero
651 1288 935 1349 postquam
955 1283 1185 1351 plurima
1217 1299 1340 1337 eum
1368 1301 1432 1340 eo
1469 1298 1613 1342 esset
1638 1291 1875 1352 locutus.
1899 1294 2068 1348 dixit:

495 1372 790 1430 Coiisidcra
815 1378 942 1446 quid
966 1379 1237 1447 expediat,
1266 1388 1319 1433 et
1352 1395 1419 1433 ne
1453 1395 1552 1435 nos
1568 1381 1773 1437 adicias
1798 1385 2070 1443 molestia.

493 1464 628 1519 Nam
677 1482 776 1536 nec
837 1483 935 1522 nos
995 1469 1213 1538 quidem
1275 1472 1568 1540 quidquam
1604 1485 1802 1543 praeter
1837 1478 1888 1530 id
1927 1479 2073 1548 quod

493 1569 726 1626 oportet,
759 1562 852 1615 sed
883 1563 1133 1628 utdecet,
1159 1565 1225 1617 ad
1246 1567 1608 1621 sanctissima:
1640 1568 1900 1624 Ecclesia:
1918 1573 2072 1627 unio-

496 1667 644 1712 nem,
674 1662 723 1705 et
783 1669 894 1707 non
939 1655 1394 1721 deSIructionetn,
1449 1661 1739 1715 concilium
1771 1678 2072 1734 congrega-

497 1741 692 1797 vimus.
727 1742 852 1799 Haec
903 1761 1025 1801 cum
1059 1743 1280 1804 dixisset
1338 1752 1658 1821 imperator,
1689 1767 1745 1809 et
1789 1769 1978 1825 preces
2005 1756 2073 1810 ab

495 1849 561 1889 eo
600 1839 876 1908 petiisset,
909 1856 1032 1896 eum
1071 1843 1301 1899 dimisit.

575 2013 824 2072 XXXIX.
858 2017 990 2073 Cum
1041 2035 1171 2075 vero
1202 2023 1443 2080 venisset
1466 2024 1659 2081 beatus
1686 2028 1988 2083 Auxentius
2021 2030 2072 2083 in

496 2111 887 2163 monasterium
927 2109 1112 2166 Sancti
1145 2112 1363 2183 Hypatii
1407 2116 1458 2169 in
1494 2116 1814 2173 liuiiinianis
1856 2120 1985 2190 (ε’),
2021 2131 2075 2176 et

498 2201 724 2256 vidisset
749 2202 875 2257 illuc
906 2219 1160 2275 magnam
1191 2204 1462 2267 aﬂlnxisse
1505 2210 1934 2278 multitudinem,
1964 2226 2076 2266 cm-

498 2292 577 2362 pit
598 2294 854 2348 omnibus
890 2298 1187 2363 praecipere
1222 2310 1275 2350 ut
1303 2299 1643 2354 abstinerent
1672 2316 1700 2353 a
1734 2301 1987 2368 theatris,
2019 2315 2078 2358 ut

499 2399 621 2453 quac
642 2397 827 2439 essent
856 2401 1021 2440 causa
1055 2389 1432 2458 impudicitia‘,
1459 2392 1856 2449 adulteriorum
1884 2396 2075 2452 etfalsi

508 2474 827 2537 testimonii,
862 2478 1196 2547 perjuriique
1229 2493 1285 2535 et
1338 2482 1709 2551 blasphemiae,
1741 2497 1795 2542 et
1831 2489 2075 2542 omnium

499 2565 734 2634 denique
759 2583 877 2636 quae
901 2580 1028 2623 sunt
1053 2573 1323 2637 prohibita
1345 2585 1393 2626 et
1432 2575 1540 2630 Deo
1568 2560 1791 2630 minime
1812 2579 2028 2646 placent
2059 2598 2072 2634 :

501 2657 823 2712 hortabatur
847 2670 1028 2714 autem
1053 2663 1265 2718 siuei-ro
1282 2666 1504 2720 credere
1525 2667 1578 2721 in
1616 2681 1860 2722 sanctam
1892 2681 2079 2739 etquae

497 2759 579 2804 est
605 2750 847 2820 ejusdem
869 2756 1123 2808 essentia;
1142 2754 1489 2821 Trinitatem,
1524 2768 1579 2813 et
1613 2760 1861 2814 conﬁteri
1894 2762 2079 2817 Domi-

498 2858 629 2897 num
653 2854 899 2898 nostrqu
925 2843 1108 2900 Jesunt
1131 2846 1405 2903 Cbristmn
1438 2852 1744 2919 suscepisse
1771 2867 1989 2907 carnem
2014 2868 2079 2907 ex

497 2947 689 2991 sancto
715 2936 918 3011 Spiritu
933 2950 986 2991 et
1006 2939 1085 2992 illa
1096 2940 1170 2994 ria
1192 2956 1409 3011 semper
1425 2940 1649 3012 Virgine
1669 2952 1723 2998 et
1739 2945 2077 3012 Dcipareute,

497 3037 554 3080 et
583 3028 825 3082 assidere
846 3032 1212 3112 sanctissimis
1247 3033 1513 3100 ecclesiis,
1547 3037 1599 3088 in
1635 3036 1857 3104 psalmis
1890 3048 1946 3092 et
1983 3040 2083 3109 by-

2178 557 2559 628 πεπονημένον
2595 559 2659 612 ὲκ
2678 558 2776 628 τῆς
2806 560 3116 630 ἀσκήσεως,
3178 559 3386 627 σφόδρα
3416 554 3765 625 κατευλαση⁴

2177 644 2291 706 θεὶς
2320 643 2467 713 λέγει
2496 646 2676 716 αὐτῷ·
2707 648 2904 702 Δοῦλον
2932 650 3025 703 τοῦ
3059 650 3196 703 Θεοῦ
3235 649 3512 718 ὑπάρχειν
3545 663 3605 698 σε
3653 647 3759 698 ἑπ-

2179 734 2426 806 ίσταμαι,
2452 737 2578 805 κύρι
2617 737 2895 813 Αὑξέντιε,
2936 742 3027 794 καὶ
3072 741 3307 810 ὀφείλεις
3347 737 3660 792 συναινέσαι
3690 735 3761 805 τῇ

2176 828 2316 897 ἁγίῳ
2344 831 2439 882 καὶ
2459 833 2809 903 οἰκουμενικῇ
2844 834 3048 903 συνόδῳ
3067 875 3082 896 ,
3117 834 3256 902 πρὸς
3275 832 3337 885 τὸ
3360 832 3434 902 μὴ
3465 829 3764 899 παραίτιον

2176 921 2425 988 γενέσθαι
2482 923 2784 977 σκανδάλου
2842 927 2955 988 τοῖς
3020 925 3189 996 αὐτὴν
3247 922 3610 992 ἀποδέχεσθαι
3681 919 3762 989 μὴ

2175 1011 2545 1081 βουλομένοις.
2581 1013 2639 1067 Ὀ
2662 1014 2718 1066 δὲ
2746 1015 3069 1083 ἁποκριθείς
3101 1033 3233 1086 φησι
3257 1014 3395 1085 πρὸς
3430 1014 3624 1065 αὐτόν’
3661 1013 3765 1076 Τίς

2132 1152 2135 1153 ,
2174 1103 2292 1169 είμι
2349 1102 2459 1171 ἐγὼ
2489 1107 2517 1157 6
2567 1106 2715 1158 κύων
2745 1107 2774 1159 6
2804 1107 3104 1177 τεθνηκὼς,
3155 1106 3238 1159 ὅτι
3270 1105 3493 1171 ποιμέσι
3527 1120 3593 1173 με
3633 1120 3766 1154 συν-

2174 1194 2527 1264 αριθμεῖσθαι
2575 1199 2906 1268 προστάττει
2946 1200 3007 1252 τὸ
3038 1200 3243 1269 κράτος
3268 1216 3382 1276 σου,
3415 1197 3507 1250 τὸν
3535 1193 3766 1262 ποιμαί-

2173 1287 2356 1363 νεσθαι
2392 1291 2467 1358 μὴ
2498 1290 2934 1361 παραιτούμενον
2963 1292 3060 1345 καὶ
3080 1289 3430 1345 διδασκαλίας
3467 1288 3763 1356 ὲπιδεόμε-

2175 1396 2294 1442 νονς
2333 1381 2389 1433 Ὀ
2421 1381 2478 1434 δὲ
2514 1381 2772 1452 βασιλεὺς
2808 1384 2948 1451 μετὰ
2976 1385 3037 1438 τὸ
3062 1383 3294 1437 πλεῖστα
3326 1382 3465 1449 πρὸς
3487 1380 3549 1434 τὸ
3581 1379 3761 1432 διαλε-

2174 1470 2369 1540 χθῆναι
2395 1471 2543 1541 αὐτῷ
2560 1471 2699 1540 ἕφηί*
2720 1472 2926 1543 Σκέψαι
2947 1474 3008 1526 τὸ
3027 1473 3332 1543 συμφέρον,
3362 1473 3456 1525 καὶ
3482 1472 3557 1540 μὴ
3584 1470 3767 1539 λυπήο

2176 1579 2275 1634 σῃς
2306 1564 2455 1634 ἡμᾶς
2482 1580 2496 1594 ·
2524 1563 2658 1617 διότι
2687 1566 2779 1618 καὶ
2812 1570 2975 1634 ἡμεῖς
3001 1566 3153 1620 οὐδὲν
3176 1567 3330 1632 παρὰ
3363 1564 3427 1617 τὸ
3458 1565 3599 1629 δέον,
3624 1563 3765 1616 ἀλλὰ

2175 1652 2318 1705 κατὰ
2343 1653 2402 1706 τδ
2422 1655 2632 1724 πρέπον
2661 1656 2717 1707 ὲν
2753 1658 2820 1725 τῇ
2850 1656 3064 1721 ὲνώσει,
3092 1656 3187 1709 καὶ
3216 1657 3276 1707 ού
3311 1655 3630 1723 καθαιρέσει
3661 1656 3762 1720 τῆς

2181 1738 2493 1816 ἁγιωτάτης
2556 1746 2882 1824 Ἐκκλησίας
2942 1748 3043 1817 τὴν
3108 1746 3331 1800 σύνοδον
3385 1746 3764 1813 πεποιήμεθα.

2179 1837 2365 1890 Ταῦτα
2399 1836 2569 1890 εἰπὼν
2599 1838 2690 1890 καὶ
2712 1838 2877 1907 εὐχὴν
2908 1838 3138 1909 αἰτήσας
3184 1837 3314 1907 παρ’
3358 1835 3525 1889 αὑτοῦ
3555 1835 3768 1888 ἀπέλυε

2180 1946 2273 1981 σεν
2306 1929 2492 1983 αὐτόν.

2247 2019 2372 2073 ΛΘ.
2406 2018 2608 2073 Ἐλθὼν
2630 2016 2723 2073 οὖν
2751 2022 2779 2073 6
2812 2021 3079 2089 μακάριος
3105 2020 3163 2072 ἐν
3185 2019 3262 2088 τῷ
3287 2018 3637 2088 μοναστηρίῳ
3668 2017 3767 2070 τοῦ

2177 2112 2335 2179 ἁγίου
2381 2111 2641 2165 Ὑπατίου
2703 2114 2762 2164 ὲν
2827 2113 3253 2179 Ῥυυφινιαναῖς,
3282 2113 3377 2164 καὶ
3427 2112 3772 2177 θεασάμενος

2179 2203 2381 2272 πλῆθος
2441 2204 2577 2256 πολὺ
2629 2203 3034 2274 συνδραμόντας
3094 2204 3243 2270 αύτῷ
3300 2206 3503 2266 ἐκεῖσε,
3558 2203 3772 2273 ἤρξατο

2179 2298 2314 2350 πᾶσι
2344 2298 2666 2368 παρεγγυᾷν
2696 2296 2773 2366 τῷ
2798 2296 3103 2366 ἀπέχεσθαι
3131 2297 3238 2349 τῶν
3261 2296 3507 2361 θεάτρων
3532 2295 3603 2356 ὡς
3628 2298 3769 2349 ἁκο-

2178 2387 2370 2451 λασίας
2405 2389 2590 2442 αἰτίων
2618 2390 2874 2457 μοιχειῶν
2904 2405 2963 2440 τε
2990 2388 3086 2440 καὶ
3110 2385 3622 2457 ψευδομαρτυριῶν,
3668 2385 3769 2439 καὶ

2180 2481 2401 2534 πάντων
2429 2480 2539 2533 τῶν
2587 2480 3061 2549 ἀπηγορευμένων
3113 2480 3205 2532 καὶ
3230 2477 3349 2545 Θεῴ
3379 2477 3455 2547 μὴ
3499 2477 3773 2545 ἀρεσκόν-

2180 2590 2308 2636 των,
2327 2574 2604 2626 πιστεύειν
2625 2573 2681 2627 se
2702 2572 3013 2644 εἰλικρινῶς
3039 2560 3118 2634 είς
3146 2572 3244 2638 τὴν
3271 2571 3436 2639 ἁγίαν
3456 2571 3551 2623 καὶ
3578 2567 3773 2636 ὁμοούο
3860 2645 3864 2648 ξ

2183 2683 2297 2720 σιον
2328 2667 2536 2736 Τριάδα
2566 2667 2661 2720 καὶ
2688 2667 2973 2735 ὁμολογεῖν
3010 2666 3102 2719 τὸν
3134 2666 3337 2732 Κύριον
3364 2664 3523 2732 ἡμῶν
3553 2662 3770 2729 Ἰησοῦν

2180 2761 2418 2830 Χριστὸν
2457 2761 2521 2813 ὲκ
2549 2760 2866 2829 Πνεύματος
2904 2759 3059 2827 ἁγίου
3111 2760 3203 2812 καὶ
3233 2758 3455 2827 Μαρίας
3488 2758 3588 2825 τῆς
3620 2757 3771 2825 [Iap-

2181 2850 2336 2904 θένου
2361 2852 2456 2904 καὶ
2497 2851 2760 2905 Θεοτόκου
2809 2851 3189 2921 σαρκωθέντα,
3227 2852 3324 2902 καὶ
3375 2848 3770 2919 προσεδρεύειν

2183 2946 2303 3008 ταῖς
2343 2944 2678 3011 ἁγιωτάταις
2736 2942 3056 3013 ἐκκλησίαις
3082 2944 3140 2995 ὲν
3168 2943 3407 3012 ψαλμοῖς
3450 2943 3544 2994 καὶ
3574 2940 3772 3010 ὕμνοις

2183 3036 2281 3091 καὶ
2332 3035 2500 3108 ᾠδαῖς
2539 3037 2958 3106 πνευματικαῖς.
2997 3035 3155 3097 Τινὲς
3203 3035 3260 3087 δὲ
3305 3035 3369 3086 ὲκ
3398 3034 3492 3086 τοῦ
3525 3032 3771 3102 πλήθους

488 3119 641 3185 _muis
667 3131 722 3173 et
751 3121 983 3176 canticis
1018 3122 1377 3187 spiritalibus.
1403 3126 1631 3192 Quidam
1657 3143 1786 3182 vero
1824 3144 1890 3182 ex
1924 3130 2034 3183 mul
2054 3162 2073 3169 —

2189 3127 2595 3198 προσελθόντες,
2628 3128 2987 3198 πυρέττοντες
3017 3126 3112 3180 καὶ
3166 3125 3469 3195 ριγιῶντες,
3506 3123 3774 3189 ἀξιωθέν.

499 3211 747 3276 titudiue,
774 3213 867 3281 qni
888 3221 1263 3283 accesserant,
1297 3214 1670 3274 febricitantes
1688 3230 1743 3272 ct
1772 3221 2078 3287 horrentes,

497 3301 702 3371 dignati
770 3313 1023 3357 contactu
1059 3307 1177 3375 ejus
1231 3323 1445 3371 manus,
1513 3311 1634 3363 sani
1692 3320 1821 3364 sunt
1853 3312 2071 3367 redditi.

500 3394 560 3446 Ei
592 3405 773 3448 autem
807 3396 1172 3463 signiﬁcatqu
1200 3408 1281 3453 est
1306 3399 1498 3453 adesse
1527 3401 1759 3467 puellam
1785 3404 2079 3470 quamdam

511 3499 704 3539 recens
744 3497 965 3553 nuptam
988 3503 1108 3557 quae
1133 3491 1184 3542 in
1215 3490 1455 3543 thalamo
1485 3504 1734 3560 correpta
1761 3493 1858 3546 fuit
1887 3497 1953 3547 ab
1978 3497 2080 3549 int-

503 3576 704 3630 mundo
760 3577 1025 3645 daemone,
1056 3589 1112 3634 et
1138 3596 1197 3634 se
1234 3582 1440 3635 divellit
1475 3593 1527 3636 et
1563 3585 1821 3640 comedit.
1848 3584 2082 3642 Sanctus

505 3685 633 3724 vero
689 3686 814 3725 cum
871 3686 991 3725 eam
1039 3673 1294 3742 iussisset
1342 3677 1659 3739 ascendere,
1716 3677 1856 3732 dixit
1904 3678 2083 3755 lacry-

505 3777 697 3817 mans:
731 3760 1000 3817 Ornatam
1044 3776 1280 3819 veSIram
1336 3768 1680 3836 phalangem,
1725 3786 1845 3837 qum
1897 3772 2081 3835 generi

505 3854 782 3907 hominum
843 3869 1057 3923 semper
1104 3856 1426 3911 insidiatur!
1460 3859 1808 3923 Ohmutesce,
1852 3861 2083 3930 maligne

466 3945 749 4013 .spiritus,
782 3956 836 4000 et
883 3948 1143 4016 egredere
1195 3968 1224 4004 e
1256 3948 1347 4004 Dei
1395 3962 1670 4015 creatura,
1704 3952 1821 4006 sine
1861 3962 2080 4021 pertur-

502 4036 720 4090 batione
750 4050 804 4091 et
834 4037 942 4091 ulla
986 4040 1205 4108 injuria.
1230 4038 1463 4094 Perinde
1493 4043 1621 4111 ergo
1661 4057 1724 4096 ac
1758 4043 1801 4097 si
1833 4044 1884 4096 in
1918 4057 2083 4112 sopo-

506 4143 619 4180 rem
659 4138 802 4182 esset
848 4130 1083 4183 resoluta
1142 4132 1338 4198 puella,
1372 4134 1440 4186 ab
1487 4148 1547 4186 ea
1593 4135 1813 4188 recessit
1848 4134 2080 4187 daunou.

503 4216 637 4273 Cum
663 4226 842 4274 autem
865 4222 1213 4285 surrexisset,
1248 4222 1383 4277 abiit
1407 4240 1595 4280 rursus
1629 4240 1759 4279 sana
1792 4225 2081 4279 iudutount

504 4325 680 4375 suam,
716 4311 901 4366 laetans
922 4325 976 4367 et
1014 4314 1119 4367 Deo
1150 4314 1374 4384 gloriam
1414 4316 1681 4371 tribuens.

576 4402 690 4458 XL.
712 4404 849 4460 Cum
883 4421 1011 4459 vero
1037 4423 1224 4462 rursus
1262 4410 1482 4464 mittens
1508 4410 1805 4477 imperator
1843 4425 1969 4464 eum
1998 4427 2082 4467 ac-

2182 3236 2273 3281 τες
2304 3220 2402 3289 τῆς
2434 3220 2577 3289 ἁφῆς
2606 3220 2704 3284 τῆς
2731 3220 2916 3289 χειρὸς
2951 3218 3142 3284 αὐτοῦ,
3187 3220 3362 3286 ὑγιεῖς
3396 3219 3767 3288 κατέστησαν.

2195 3310 2472 3382 Ἐμηνύθη
2532 3310 2590 3363 δὲ
2636 3310 2809 3380 αὐτῷ.
2865 3312 2947 3364 ὅτι
3004 3310 3139 3380 κόρη
3175 3317 3258 3371 τις
3298 3309 3561 3377 νεόγαμος
3603 3311 3658 3361 ὲν
3686 3308 3772 3378 τῷ

2183 3403 2376 3471 παστῷ
2402 3402 2668 3471 ληφθεῖσα
2692 3402 2799 3454 ὑπὸ
2822 3401 3132 3468 πνεύματος
3157 3399 3471 3470 ἀκαθάρτου
3497 3401 3768 3468 πάρεστιν

2183 3493 2583 3549 κατάτίλλουσα
2613 3495 2816 3564 ἑαυτὴν
2849 3496 2940 3548 καὶ
2962 3494 3345 3547 κατεσθίουσα.
3393 3494 3453 3545 Ὀ
3483 3492 3541 3545 δὲ
3579 3490 3769 3543 κελεύ-

2186 3602 2285 3647 σας
2312 3586 2482 3655 αύτὴν
2513 3586 2778 3649 ἀνελθεῖν,
2808 3586 3112 3655 σύνδακρυς
3133 3585 3370 3653 γεγονὼς
3400 3584 3504 3653 ἔφη
3528 3602 3541 3615 '
3569 3585 3635 3635 Ὠ
3662 3586 3768 3654 τῆς

2187 3681 2434 3751 πονηρᾶς
2462 3680 2492 3731 ὑ
2501 3681 2616 3749 μῶν
2648 3680 2924 3748 φάλαγγος
2948 3680 3048 3747 τῆς
3069 3680 3156 3733 ἀεὶ
3196 3675 3649 3746 ἐπιϐουλευούσης
3684 3674 3768 3746 τῷ

2184 3773 2330 3843 γένει
2372 3773 2479 3825 τῶν
2532 3772 2871 3843 ἁνθρὼπωνῑ
2903 3772 3205 3842 Φιμώθητι,
3253 3770 3467 3838 πνεῦμα
3498 3770 3761 3838 πονηρὸν,

2192 3868 2286 3918 καὶ
2312 3865 2493 3931 ἔξελθε
2518 3868 2582 3918 ἐκ
2602 3866 2695 3918 τοῦ
2722 3865 3042 3934 πλάσματος
3072 3864 3164 3916 τοῦ
3187 3863 3322 3915 θεοῦ
3351 3863 3638 3931 ἀταράχως
3664 3861 3769 3913 καὶ

2185 3957 2634 4025 ἀνεπηρεάστως.
2702 3956 2790 4020 Ὠς
2841 3956 2935 4008 ἐπὶ
2991 3955 3146 4025 ὕμνῳ
3203 3950 3296 4007 οὖν
3337 3950 3768 4019 κατεκλυθείσης

2184 4046 2283 4112 τῆς
2322 4045 2514 4116 κόρης,
2548 4044 2801 4115 ἀπηλάθη
2830 4046 2858 4096 ό
2891 4044 3131 4112 δαίμωνο
3190 4044 3470 4096 ἀναστᾶσα
3505 4040 3561 4093 δὲ
3608 4036 3773 4102 αὖθις

2186 4138 2429 4208 ἀπῆλθεν
2452 4139 2610 4209 ὑγιὴς
2639 4139 2719 4201 εἰς
2744 4137 2835 4191 τὸν
2860 4133 3010 4190 οἷκον
3038 4136 3231 4207 αὐτῆς.

2258 4401 2348 4457 Μ’.
2394 4401 2481 4464 Ὧς
2510 4401 2566 4453 δὲ
2591 4401 2752 4454 πάλιν
2777 4400 3101 4464 ἀποστείλας
3140 4402 3168 4453 6
3208 4396 3462 4469 βασιλεὺς
3497 4396 3778 4466 μετεστεί-

511 4498 811 4565 cersiissct,
847 4505 1055 4572 rogavit
1078 4519 1146 4556 an
1169 4506 1531 4558 assentiretur
1561 4518 1764 4560 sancta!
1786 4510 1993 4577 synodo
2028 4520 2077 4563 et

2188 4497 2318 4550 λατο
2351 4495 2536 4558 αὑτὸν,
2566 4492 2800 4545 ἐπύθετο
2827 4494 2958 4564 παρ’
2988 4491 3176 4555 αὑτοῦ,
3208 4495 3255 4543 εἰ
3279 4491 3519 4543 συναινεῖ
3542 4493 3607 4557 τῇ
3638 4492 3776 4559 ἁγίᾳ

506 4610 629 4649 cum
686 4606 877 4649 sancta
919 4599 1353 4652 communicaret
1404 4596 1673 4653 Ecclesia.
1709 4599 1853 4668 Dixit
1901 4612 2080 4657 autem

504 4688 697 4755 beatus
737 4688 1065 4753 :Quomodo
1113 4704 1332 4758 possunt
1391 4692 1816 4756 (ommuuicare,
1870 4695 1915 4749 si
1978 4710 2081 4748 non

503 4781 835 4832 conﬁteatur
882 4796 1006 4847 esse
1062 4780 1443 4850 Deiparentem
1509 4797 1726 4852 semper
1765 4784 2088 4853 Virginem?

508 4871 651 4927 Dix't
679 4873 725 4926 ei
760 4872 1054 4941 imperator
1080 4890 1094 4925 :
1139 4873 1194 4927 Si
1223 4874 1422 4927 videris
1454 4890 1573 4942 quac
1604 4884 1733 4929 sunt
1784 4886 1930 4930 recte
1950 4891 2083 4930 con-

504 4964 715 5018 ﬁrmata
738 4976 800 5020 .et
832 4966 1071 5020 stabilita
1102 4980 1132 5019 a
1159 4968 1365 5036 synodo
1420 4968 1484 5020 ad
1539 4971 1963 5023 destructionem
1992 4985 2081 5024 re-

504 5057 774 5122 liquarum
820 5061 1109 5117 lueresum.
1139 5072 1266 5114 tune
1323 5074 1539 5131 Quoque
1585 5063 2080 5119 aSScntieris‘iRe-

504 5151 725 5218 Sputtdil
765 5161 990 5205 sanctus
1020 5168 1033 5205 :
1071 5150 1126 5206 Si
1161 5153 1297 5207 nihil
1333 5169 1585 5223 aggressa
1624 5163 1708 5207 cst
1742 5154 1855 5208 haec
1890 5166 2079 5211 sancta

506 5240 746 5309 synodus
785 5243 930 5309 quod
964 5243 1151 5296 tendat
1177 5245 1242 5296 ad
1263 5244 1617 5297 ever-tendunt
1652 5245 1941 5297 concilium
1972 5257 2082 5300 tre-

505 5342 787 5386 centorum
812 5333 998 5387 decem
1031 5342 1085 5388 et
1114 5347 1236 5388 octo
1265 5334 1510 5399 Patrum,
1546 5336 1635 5403 qui
1673 5346 1829 5389 erant
1859 5335 2078 5403 Nictme,

506 5423 601 5479 sed
652 5423 950 5495 perfectam
1004 5428 1313 5480 enuntiavit
1342 5427 1525 5479 carnis
1563 5440 1830 5497 suscepta:
1859 5444 2081 5484 tecono-

506 5515 669 5570 miam
723 5515 1032 5572 Servatoris
1077 5518 1248 5573 nostri
1289 5515 1418 5572 .lcsu
1450 5517 1680 5593 Christi,
1717 5532 1769 5576 ct
1803 5535 1922 5591 qua:
1953 5538 2083 5579 con-

2188 4589 2392 4658 συνόδῳ
2426 4589 2520 4641 καὶ
2554 4589 2804 4641 κοινωνεί
2850 4590 2916 4656 τῇ
2962 4584 3278 4654 Ἐκκλησία.
3320 4584 3378 4636 Ὀ
3408 4584 3465 4636 δὲ
3500 4586 3774 4653 μακάριος

2186 4682 2328 4751 ἔφη’
2363 4681 2486 4743 Πῶς
2530 4681 2637 4750 ἔχω
2664 4681 3012 4748 κοινωνῆσαι,
3055 4677 3129 4748 μὴ
3177 4677 3617 4747 ὀμολογουμένης
3644 4676 3777 4728 Θεο-

2182 4776 2344 4829 τόκου
2384 4774 2484 4845 τῆς
2515 4774 2602 4827 ἀεὶ
2636 4773 2953 4842 Παρθένου;
2989 4760 3093 4824 Καί
3130 4772 3158 4822 ὁ
3196 4770 3446 4840 βασιλεὺς
3478 4766 3599 4821 εἰπε
3632 4770 3776 4836 πρὸς

2191 4868 2354 4920 αὐτόν
2380 4884 2394 4899 ο
2440 4865 2565 4919 Ἐὰν
2589 4860 2683 4918 οὖν
2715 4865 2988 4935 ἐπισκέψῃ
3018 4867 3099 4926 εἰς
3129 4863 3197 4915 τὰ
3240 4862 3422 4925 καλῶς
3444 4859 3777 4928 ’κυρωθέντα

2191 4961 2296 5015 ὑπὸ
2322 4961 2421 5031 τῆς
2449 4959 2667 5012 συνόδου
2693 4957 2784 5011 καὶ
2808 4954 3175 5026 βεδαιωθὲντα
3201 4957 3281 5015 είς
3319 4952 3639 5020 καθαίρεσιν
3662 4956 3777 5004 τιον

2189 5053 2393 5106 λοιπῶν
2442 5053 2729 5123 αἱρέσεων,
2773 5048 3083 5102 συντίθεσαι
3125 5050 3220 5101 καὶ
3250 5047 3443 5111 αὑτόςς
3468 5045 3774 5115 Ἀπεκρίθη

2189 5147 2218 5199 ό
2259 5144 2529 5216 μακάριος
2554 5162 2567 5176 ·
2594 5144 2722 5212 Εῖγε
2752 5140 2826 5212 μὴ
2856 5140 2990 5211 πρὸς
3023 5141 3339 5211 ἀνατροπὴν
3370 5138 3464 5191 τοῦ
3497 5138 3775 5205 συμοόλου

2184 5236 2293 5291 τῶν
2315 5238 2371 5289 ὲν
2398 5235 2605 5305 Nini;
2637 5234 2967 5304 τριακοσίων
3022 5233 3157 5285 δέκα
3207 5236 3299 5285 καὶ
3336 5230 3483 5284 ὀκτὼ
3511 5232 3777 5300 Πατέρων

2184 5329 2603 5401 παρενεχείρισε
2631 5329 2698 5397 τῇ
2731 5328 2863 5397 ἁγίᾳ
2891 5324 3065 5395 αὐτῆς
3098 5324 3326 5395 συνόδῳ,
3393 5321 3530 5376 ἀλλὰ
3558 5322 3778 5375 τελείαν

2186 5423 2286 5492 τὴν
2344 5421 2658 5489 οἰκονομίαν
2709 5418 2802 5472 τοῦ
2832 5418 3082 5486 Σωτῆρος
3115 5414 3552 5488 ἡμῶν-Χριστοῦ
3582 5414 3780 5483 ἐξηγό-

2197 5531 2410 5588 ρενςεν,
2441 5515 2539 5569 καὶ
2563 5517 2663 5584 τὴν
2690 5514 2784 5565 ἐπὶ
2813 5511 2915 5582 τῆς
2956 5510 3239 5583 Παρθένου
3270 5509 3537 5562 Θεοτόκου
3585 5507 3780 5582 φωνὴν

580 5694 680 5774 (δῇ)
716 5696 845 5750 Erat
898 5697 1059 5774 locus
1079 5696 1168 5751 ille
1198 5697 1278 5774 sic
1321 5697 1497 5756 dictus
1524 5713 1555 5756 a
1611 5697 1821 5757 ιιιιιιιηο
1854 5702 2096 5772 consule,
2132 5703 2223 5774 qui
2250 5702 2538 5761 ecclesiam
2558 5700 2632 5759 ibi
2661 5698 3042 5771 Apostolorum
3088 5713 3215 5756 cum
3275 5694 3609 5755 monasterio
3636 5694 3775 5751 ardi-

507 5763 710 5836 smn,
748 5776 804 5820 ut
842 5777 989 5824 notat
1023 5766 1304 5825 Duronius.
