4160 6444
452 363 593 427 1403

1718 358 1895 418 VlTA
1937 358 2001 419 S.
2036 356 2442 418 AUXENTII.

3286 266 3315 283 ι,

3576 357 3717 424 1410

447 480 550 533 οὐκ
574 475 836 545 ἁφείλατο
857 491 873 508 ο
905 473 1062 538 αυθις
1083 472 1331 529 κοινωνῶ
1362 471 1458 527 καί
1489 471 1751 538 συναινῶ,
1802 473 2029 541 εὐχαρι-

2145 471 2283 525 renit
2316 470 2544 541 Virgini,
2576 470 2913 542 Deiparentis
2944 486 3134 529 vocem
3166 485 3272 526 non
3310 485 3501 528 rursus
3532 474 3721 529 abstn-

451 568 592 623 στῶν
623 567 699 637 τῷ
725 566 847 638 Θεῷ
872 569 968 620 καὶ
997 569 1062 638 τῇ
1093 565 1335 638 ὑμετέρᾳ
1359 564 1632 636 εὐσεϐείᾳ.
1659 564 1846 618 Ταῦτα
1874 560 2037 616 ἁκού-

458 678 556 723 σας
586 664 613 713 ὁ
645 660 924 732 βασιλεὺς,
954 658 1341 729 κατησπάζετο
1375 655 1543 711 αὐτοῦ
1576 656 1673 726 τὴν
1699 656 1918 725 ἔντιμον
1941 671 2035 707 κε-

453 749 651 820 φαλὴν,
683 751 775 802 καὶ
805 749 1090 805 ἐκέλευσεν
1118 748 1261 819 μετὰ
1314 747 1559 809 πλείονος
1591 747 1758 816 τιμῆς
1785 761 2037 817 παραγε-

452 843 642 895 νέσθαι
695 843 858 896 αὐτὸν
909 844 969 897 ἐν
1024 846 1090 913 τῇ
1157 841 1368 913 μεγάλῃ
1424 840 1704 913 ἁγιωτάτῃ
1749 840 2030 911 ἐκκλησίᾳ.

452 929 664 996 Πλῆθος
688 931 749 984 δὲ
775 931 910 986 πολὺ
939 931 1034 986 τοῦ
1073 931 1204 984 λαοῦ
1234 930 1519 984 συνείπετο
1547 930 1717 1000 αὐτῷ.
1773 931 2037 1001 Μηνύσας

450 1020 508 1074 δὲ
537 1023 565 1073 ὁ
600 1021 854 1092 βασιλεὺς
906 1022 986 1093 τῷ
1037 1023 1458 1094 ἁρχιεπισκόπῳ
1520 1024 2039 1077 Κωνσταντινουπό-

452 1111 591 1177 λεως
620 1116 685 1167 τὰ
716 1113 975 1183 λεχθέντα
1006 1114 1136 1185 παρ’
1191 1113 1381 1175 αὐτοῦ,
1413 1114 1593 1168 πάντα
1640 1114 1708 1168 τὰ
1745 1115 2038 1184 ὁρισθέντα

453 1205 559 1258 ὑπὸ
583 1205 684 1276 τῆς
713 1208 873 1275 ἁγίας
909 1205 1129 1260 συνόδου
1157 1206 1693 1277 παραναγνωσθῆναι
1732 1205 1885 1277 αύτῷ
1909 1206 2035 1259 ἐκέ-

453 1296 667 1352 λευσεν.
1026 1310 1039 1320 ·

522 1389 656 1446 MA'.
692 1390 801 1445 Καὶ
829 1391 893 1462 δὴ
923 1391 1301 1463 ἐντετυχηκὼς
1321 1393 1433 1457 τοῖς
1456 1389 1875 1463 πεπραγμένοις
1898 1390 2037 1461 μετὰ

453 1485 717 1554 ἀκριϐοῦς
748 1485 1018 1555 σκέψεως,
1061 1488 1154 1539 καὶ
1214 1475 1457 1549 πεισθεὶς
1488 1486 1580 1539 -ὄτι
1622 1485 1742 1537 κατ’
1789 1485 2039 1538 εὐδοκίαν

453 1575 590 1629 Θεοῦ
625 1576 693 1630 τὰ
717 1579 868 1648 παρὰ
901 1576 1000 1647 τῆς
1023 1578 1320 1647 Νεστορίου
1350 1575 1626 1646 φλυαρίας
1660 1576 1846 1630 καὶτὰ
1888 1577 2039 1647 παρὰ

454 1667 553 1738 τῆς
584 1669 859 1738 Εὐτυχοῦς
886 1670 1150 1741 προδήλου
1192 1671 1390 1740 μανίας
1420 1673 1501 1735 εἰς
1542 1671 1724 1741 λύμην
1754 1670 1865 1723 τῶν
1910 1669 2041 1722 πολ-

451 1756 563 1810 λῶν
614 1758 1045 1828 δογματισθέντα
1111 1760 1145 1830 ὴ
1218 1759 1353 1828 ἁγία
1428 1753 1650 1824 σύνοδος
1708 1759 2038 1814 ἐϐεϐαίωσεν

456 1848 755 1920 βλάσφημα
807 1846 967 1914 εἶναι,
1020 1852 1210 1905 καθότι
1245 1853 1429 1924 ἐκείνη
1468 1854 1567 1924 μὲν
1616 1852 1753 1924 πρὸς
1783 1852 1909 1915 τοὺς
1934 1853 2038 1921 ἀρ-

454 1943 755 2011 νουμένους
781 1945 881 2015 τὴν
910 1943 1098 1997 ούσίαν
1128 1943 1225 1998 τοῦ
1259 1944 1583 2016 μονογενοῦς
1608 1945 1738 1999 Υίοῦ
1769 1944 1864 1997 τοῦ
1899 1944 2036 1997 Θεοῦ

455 2034 848 2103 παρετάττετο,
908 2034 1046 2106 αὕτη
1100 2035 1158 2089 δέ
1216 2037 1351 2108 πρὸς
1408 2037 1536 2102 τοὺς
1578 2038 1678 2108 τὴν
1722 2037 2037 2106 οἰκονομίαν

454 2125 624 2203 αὑτοῦ.
651 2125 980 2191 ἁθετοῦντας
1003 2167 1020 2191 ,
1056 2129 1140 2181 ὅτι
1174 2129 1306 2192 Θεὸς
1337 2128 1413 2183 ὢν
1449 2133 1512 2184 ἐκ
1550 2129 1688 2184 Θεοῦ
1715 2132 1743 2184 ὁ
1781 2129 1874 2183 τοῦ
1901 2129 2036 2183 Θεοῦ

455 2218 584 2283 Υίὸς
643 2221 912 2284 συναΐδιος
975 2222 1071 2275 καὶ
1130 2222 1417 2292 ὁμοούσιος
1439 2224 1534 2276 καὶ
1584 2223 1919 2293 συνάναρχος
1961 2221 2038 2294 τῷ

454 2309 635 2382 Πατρὶ
660 2309 748 2363 ἐπ’
773 2311 1021 2381 ἐσχάτων
1052 2314 1129 2382 τῇ·
1150 2312 1400 2384 ἡμετέρᾳ
1430 2312 1593 2382 φύσει
1616 2312 1837 2376 ἐνωθεὶς
1870 2315 2037 2383 ἐσαρ-

456 2399 630 2471 κώθη,
666 2402 972 2471 ἀτρέπτως,
998 2404 1341 2476 ἁσυγχύτως,
1364 2404 1708 2475 άδιαιρέτως.
1736 2403 1909 2457 Τινῶν
1931 2404 2037 2475 γὰρ

455 2492 839 2561 φρενοϐλαϐὡς
874 2495 1040 2548 αὑτὸν
1095 2495 1473 2569 παραφθεῖραι
1510 2496 1902 2568 τολμησάντων
1935 2496 2038 2567 τὴν

453 2580 525 2637 δι’
559 2584 704 2655 ἡμᾶς
735 2585 830 2637 τοῦ
883 2584 1138 2655 Σωτῆρος
1196 2585 1535 2656 οίκονομίαν.
1591 2587 1892 2655 φαντασίαν
1940 2586 2039 2657 τὴν

454 2674 866 2744 ἐνανθρὼπησιν
891 2677 1177 2747 οἰομένων,
1205 2678 1368 2732 τινῶν
1395 2678 1450 2732 δέ
1477 2678 1729 2748 οὐράνιον
1756 2678 1919 2748 σῶμα
1946 2678 2039 2732 τὸν

457 2765 663 2835 Κύριον
719 2764 1151 2838 κατενηνοχέναι’
1202 2771 1651 2840 τερατευομένων
1675 2786 1688 2801 ·
1748 2768 1953 2841 ἐτέρων
1979 2770 2038 2825 δὲ

460 2861 658 2928 κρᾶσιν
693 2860 787 2913 καὶ
829 2861 1092 2930 σύγχυσιν
1130 2862 1246 2916 τῶν
1288 2863 1384 2917 δύο
1440 2864 1660 2932 φύσεων
1702 2864 2039 2935 ὁριζομένων

457 2949 555 3003 καὶ
583 2951 759 3005 ἄλλων
795 2957 1003 3024 τροπὴν
1021 2954 1083 3007 τὸ
1104 2956 1246 3008 θεῖον
1271 2955 1595 3009 πεπονθέναι
1627 2955 2036 3026 ληρωδούντων,

455 3044 566 3099 τῶν
616 3045 674 3098 δὲ
728 3045 932 3099 λοιπῶν
959 3045 1220 3101 Θεοτόκον
1275 3048 1377 3117 τὴν
1434 3047 1709 3117 Παρθένον
1750 3047 2038 3119 ὀνομάζειν

2137 562 2219 627 lit,
2248 563 2591 617 communico
2619 574 2675 619 et
2726 565 3022 629 assentior,
3069 563 3182 619 Deo
3213 579 3378 635 agens
3412 565 3618 636 gratias
3663 572 3721 620 et

2139 666 2332 709 vestrae
2354 657 2560 725 pietati.
2592 654 2717 713 lltrc
2747 672 2871 711 cum
2904 657 3169 711 andiisset
3192 657 3526 733 imperator,
3558 670 3721 711 oscu-

2138 747 2281 801 latus
2331 756 2415 805 est
2466 750 2836 802 venerandum
2880 758 2936 803 et
2989 760 3238 804 sanctum
3283 748 3403 815 ejus
3425 758 3632 815 caput:
3667 756 3723 801 et

2142 841 2222 897 sic
2270 842 2468 897 deinde
2496 842 2662 911 jussit
2689 857 2813 895 eum
2850 858 2971 897 cum
3016 845 3255 897 maximo
3282 843 3493 897 honore
3534 842 3722 896 venire

2142 933 2194 987 in
2217 948 2465 1002 magnam
2485 942 2540 989 et
2566 933 2966 988 sanctissimam
2989 934 3079 987 Dei
3109 934 3420 989 ecclesiam.
3446 934 3724 1000 Quatnob-

2138 1009 2267 1080 rem.
2301 1040 2494 1094 magna
2528 1039 2651 1079 enen
2692 1025 2872 1094 populi
2924 1027 3361 1094 consequebatur
3407 1026 3720 1080 multitudo.

2138 1115 2466 1186 Significans
2485 1127 2667 1170 autem
2694 1120 2993 1187 imperator
3013 1117 3428 1187 archiepiscopo
3446 1117 3721 1172 Constan-

2141 1209 2500 1290 tinopolitano
2535 1216 2655 1279 'qnte
2681 1210 2748 1263 ab
2781 1224 2849 1264 eo
2879 1210 3024 1263 dicta
3074 1208 3312 1272 fuerant,
3337 1208 3490 1275 jubet
3528 1207 3579 1261 ei
3617 1202 3720 1276 legi

2138 1303 2320 1357 omnia
2359 1318 2481 1372 qua:
2518 1318 2547 1357 a
2582 1314 2769 1357 sancta
2806 1304 3020 1373 synodo
3057 1301 3273 1356 fuerant
3300 1301 3548 1355 definita.
3624 1338 3627 1341 ι

2211 1394 2346 1449 XLI.
2377 1396 2478 1460 Qui
2508 1410 2631 1450 cum
2649 1395 2939 1465 diligenter
2960 1403 3014 1449 et
3037 1405 3295 1448 accurate
3313 1403 3432 1448 acta
3469 1393 3715 1464 legisset,

2139 1500 2193 1543 et
2223 1482 2891 1558 persuasum'habuissel,
2934 1487 3076 1556 quod
3134 1486 3225 1540 Dei
3272 1488 3724 1555 voiuntate,qnae

2140 1582 2404 1634 adversus
2447 1579 2681 1634 Nestorii
2732 1580 2927 1648 impias
2983 1594 3157 1650 nugas
3179 1590 3233 1633 et
3262 1577 3519 1649 Etttychii
3548 1577 3725 1631 maui-

2142 1671 2342 1726 festutn
2367 1671 2607 1725 furorem
2633 1671 2856 1726 decreta
2889 1671 3127 1737 fuerant,
3152 1681 3344 1726 saneta
3375 1669 3727 1725 confirmavit

2143 1765 2380 1833 synodus
2412 1779 2427 1816 :
2457 1765 2895 1834 quandoquidem
2929 1764 3015 1817 illa
3049 1765 3272 1835 quidem
3328 1764 3529 1837 direxit
3551 1764 3723 1819 aciem

2145 1858 2408 1930 adversus
2432 1871 2526 1910 eos
2554 1857 2643 1925 qui
2671 1857 2950 1926 negabant
2983 1857 3279 1913 essentiam
3321 1857 3584 1924 unigeniti
3631 1855 3723 1911 Dei
3798 1866 3805 1873 '

2144 1947 2288 2014 Filii,
2326 1949 2441 2003 haec
2464 1959 2647 2003 autem
2674 1952 2935 2004 adversus
2963 1964 3058 2005 eos
3091 1950 3182 2019 qui
3208 1950 3489 2004 inﬁrmant
3513 1960 3568 2004 et
3590 1935 3725 2005 con--

2149 2040 2352 2096 vellunt
2392 2041 2484 2095 Dei
2533 2042 2920 2105 mermoutiam,
2967 2043 3198 2096 dicendo
3238 2043 3379 2110 quod
3418 2057 3543 2096 cum
3578 2040 3722 2097 Deus

2140 2141 2282 2187 esset
2332 2147 2397 2186 ex
2452 2132 2561 2186 Deo
2594 2131 2685 2188 Dei
2718 2131 2909 2194 Filius,
2942 2142 3243 2188 coteternns
3274 2142 3330 2187 et
3352 2133 3596 2201 ejusdem
3633 2147 3726 2187 es-

2143 2225 2355 2285 sentite,
2404 2232 2460 2278 et
2507 2223 2761 2279 similiter
2791 2234 2955 2294 atque
2983 2224 3152 2278 Pater
3192 2238 3388 2278 carens
3427 2223 3722 2294 principio,

2144 2315 2199 2370 in
2244 2316 2453 2371 ultimis
2495 2316 2689 2371 diebus
2738 2327 2941 2370 nostra:
2998 2315 3184 2370 unitus
3220 2329 3451 2378 natum,
3503 2329 3725 2370 carnem

2143 2408 2384 2477 suscepit
2447 2407 2883 2472 irntnutabiliter,
2918 2406 3224 2467 inconfuse.
3261 2408 3561 2462 individuo.
3594 2408 3727 2462 Nam

2143 2515 2268 2555 cum
2325 2499 2546 2571 quidam
2606 2499 2768 2569 plane
2818 2509 3014 2555 emota:
3074 2502 3297 2564 mentis,
3344 2516 3467 2569 qua:
3506 2512 3732 2570 propter

2144 2606 2243 2646 nos
2273 2589 2412 2644 facta
2440 2599 2545 2655 est,
2575 2588 2890 2645 Servatoris
2943 2591 3418 2661 dispensationem
3479 2593 3596 2646 ausi
3627 2607 3733 2649 es—

2143 2689 2268 2737 sent
2327 2687 2747 2750 corrrumpere,‘
2778 2682 3033 2736 humanae
3075 2692 3284 2736 natura:
3318 2683 3725 2749 susceptionem

2140 2780 2396 2841 putantes
2436 2787 2559 2829 esse
2598 2772 2986 2842 phantasiam;
3020 2772 3240 2844 quidam
3289 2785 3469 2829 autem
3506 2774 3731 2830 etnleste

2141 2878 2338 2933 corpus
2362 2864 2919 2935 Dominumidetulisse
2939 2864 3249 2936 prodigiose
3264 2875 3607 2933 assererem;
3638 2865 3730 2921 alii

2142 2965 2271 3006 vero
2303 2953 2535 3006 duarum
2585 2969 2706 3021 quae
2755 2954 3088 3009 definiuntur
3133 2965 3449 3010 naturarum
3504 2957 3734 3013 commi-

2141 3044 2375 3099 stionem
2431 3056 2484 3100 et
2515 3045 2913 3112 confusionem,
2949 3056 3003 3102 et
3052 3048 3143 3101 alii
3176 3048 3529 3103 mutationem
3558 3047 3729 3104 Deum

459 3141 912 3207 παραιτουμένων
937 3154 952 3168 ⁶
983 3139 1035 3191 οἱ
1065 3140 1124 3191 ἐν
1156 3140 1223 3209 τῇ
1266 3138 1483 3211 μεγάλῃ
1506 3138 1682 3212 ταύτῃ
1732 3139 1826 3193 καὶ
1859 3142 2039 3192 οἰκουο

2146 3146 2367 3201 passum
2430 3147 2554 3188 esse
2604 3145 2977 3206 ttttgarentur;
3012 3135 3204 3204 reliqui
3231 3145 3412 3189 autem
3447 3136 3726 3207 Virginem

460 3232 660 3299 μενικῇ
694 3231 896 3301 συνόδῳ
961 3234 1107 3299 ἅγιοι
1141 3232 1384 3300 ιιατέρες
1410 3232 1505 3293 τὰς
1532 3231 1642 3282 τῶν
1677 3248 2042 3303 προγεγραμ-

459 3324 639 3391 μένων
670 3323 928 3377 ἁπάντων
955 3324 1356 3399 ἀνατρέποντες
1383 3325 1786 3394 αίρεσιαρχίας,
1832 3325 1934 3378 οὐκ
1981 3324 2042 3392 ἐξ

434 3415 671 3473 ,οἰκείων
696 3416 1097 3486 συλλογισμῶν,
1127 3417 1245 3470 ἀλλ’
1266 3417 1331 3470 ἐκ
1358 3417 1467 3470 τῶν
1496 3416 1657 3471 θείων
1686 3416 1925 3488 Γραφῶν
1947 3420 2043 3469 καὶ

455 3506 564 3558 τῶν
592 3508 736 3559 κατὰ
774 3510 969 3574 γενεὰν
1000 3507 1307 3561 θεσπεσίων
1359 3508 1725 3571 διδασκάλων,
1776 3511 1918 3579 μέγα
1945 3510 2043 3579 τῆς

456 3596 742 3671 εὐσεϐείας
770 3600 1070 3669 μυστήριον
1106 3599 1668 3669 ἐπισφραγισάμενοι,
1699 3599 2045 3652 ἐϐεϐαίωσαν

454 3690 548 3742 τὸν
576 3690 672 3743 ἐνα
702 3692 796 3743 καὶ
836 3692 1100 3761 μονογενῆ
1129 3691 1258 3744 Υίὸν
1308 3691 1403 3744 τοῦ
1437 3690 1597 3755 Θεοῦ,
1626 3692 1771 3745 κατὰ
1801 3692 1901 3762 τὴν
1932 3689 2045 3743 τῶν

454 3785 786 3851 τριακοσίων
831 3783 966 3836 δέκα
1010 3786 1105 3837 καὶ
1158 3782 1304 3836 όκτὼ
1340 3783 1514 3851 ἁγίων
1545 3783 1807 3852 Πατέρων
1836 3783 2043 3846 πίστιν,

455 3873 934 3945 ἀπαρεγχείρητον
959 3871 1098 3926 εἶναι
1130 3874 1273 3928 κατὰ
1295 3874 1395 3944 τὴν
1426 3876 1636 3927 οἰκείαν
1666 3874 1853 3942 φύσιν.
1873 3873 2045 3926 Τοῦτο

456 3965 568 4035 γὰρ
610 3964 887 4037 ’Δρειανοὶ
902 3964 1406 4037 παρασαλεύουσιν,
1432 3966 1614 4028 καθὼς
1644 3965 1741 4018 καὶ
1771 3966 1804 4035 ἡ
1829 3964 2045 4028 σύνοδος

457 4059 640 4130 satsqu
687 4058 747 4113 ἐν
801 4058 1008 4130 Νικαίᾳ.
1037 4061 1355 4130 γεγένηται,
1385 4059 1483 4113 καί⁹
1525 4058 1628 4131 τὴν
1671 4058 1910 4131 ὑστέραν
1953 4056 2046 4113 ἐπὶ

456 4153 558 4221 τῆς
589 4151 987 4224 βασιλευούσης
1019 4154 1164 4208 κατὰ
1193 4152 1304 4207 τῶν
1348 4150 1775 4207 Μακεδονιανῶν
1824 4149 2046 4204 σύνοδον

458 4245 570 4300 τῶν
599 4246 1182 4317 ἐκατδνπεντήκοντα,
1216 4246 1292 4309 ὡς
1320 4245 1400 4317 τῷ
1438 4244 1580 4316 ἁγίῳ
1607 4242 1886 4313 Πνεύματι
1924 4241 2045 4295 δια-

459 4342 789 4411 μαχομένων
817 4343 1117 4411 γραφικαῑς
1156 4357 1224 4406 μη
1238 4338 1488 4411 ρτυρίαις
1515 4336 2047 4405 ἐπασφαλισαμένην

458 4430 781 4503 ἐκύρωσαν,
830 4429 1019 4484 λοιπὸν
1069 4430 1214 4483 κατὰ
1259 4429 1369 4483 τῶν
1420 4427 1761 4482 άθετούντων
1805 4426 1905 4495 τὴν
1950 4424 2044 4477 τοῦ

2147 3226 2524 3294 Deiparentetn
2554 3228 2836 3282 nominare
2866 3238 3186 3284 recusarent
3220 3246 3235 3283 :
3266 3228 3358 3297 qui
3399 3230 3452 3282 in
3485 3229 3587 3285 hac
3614 3245 3735 3284 ma-

2145 3332 2248 3387 gna
2302 3327 2358 3372 et
2394 3320 2735 3374 mcumenica
2785 3324 2997 3390 synodo
3063 3333 3222 3376 erant
3270 3321 3447 3375 sancti
3518 3321 3729 3388 Patres,

2147 3409 2415 3474 Omnium,
2444 3425 2579 3479 quos
2603 3422 2732 3466 ante
2760 3411 3107 3481 scripsimus,
3125 3423 3433 3467 evertentes
3472 3414 3729 3476 haereses,

2150 3517 2259 3557 non
2284 3517 2358 3556 ex
2389 3504 2506 3558 suis
2529 3503 2885 3574 syllogismis,
2919 3508 3014 3559 sed
3047 3519 3113 3559 ex
3161 3506 3357 3561 divinis
3399 3502 3728 3576 Scripturis,

2146 3603 2202 3648 et
2248 3593 2550 3660 praeclaris,
2585 3595 2675 3669 qui
2734 3606 2894 3649 antea
2953 3594 3195 3662 fuerunt,
3232 3598 3572 3664 doctoribus,
3616 3612 3735 3651 ma-

2145 3700 2313 3755 gnum
2356 3685 2577 3754 pietatis
2630 3685 2949 3755 mysterium
3023 3687 3399 3755 obsignantes,
3431 3690 3732 3741 conlirma-

2148 3785 2346 3827 verunt
2371 3776 2588 3829 unicum
2610 3785 2665 3829 et
2688 3777 3022 3846 unigenitum
3049 3774 3379 3838 DciFtlittm.
3403 3779 3734 3832 convenien-

2148 3871 2231 3918 ter
2264 3865 2385 3918 lidei
2421 3874 2785 3919 trecentorum
2821 3865 3008 3918 decem
3044 3873 3099 3917 et
3132 3875 3256 3918 octo
3281 3875 3598 3918 sanctorum
3624 3863 3730 3917 Ρο-

2149 3965 2313 4020 trum,
2338 3957 2551 4025 propria
2571 3971 2670 4010 sua
2690 3964 2884 4010 natura
2906 3971 3031 4011 esse
3051 3958 3390 4012 inaccessum
3419 3960 3555 4011 :ltoe
3582 3959 3728 4010 enim

2147 4046 2481 4102 labefactant
2506 4048 2719 4116 Ariani,
2762 4051 3026 4104 adversus
3048 4062 3186 4119 quos
3225 4048 3331 4103 fuit
3366 4048 3457 4102 illa
3492 4048 3732 4118 synodus

2143 4134 2364 4197 Nicena
2401 4158 2416 4195 :
2445 4152 2499 4196 et
2519 4157 2639 4211 qua:
2660 4153 2847 4212 postea
2878 4142 2978 4196 fttit
3004 4143 3057 4196 in
3100 4143 3235 4197 urbe
3272 4143 3442 4214 regia,
3465 4145 3730 4214 synodum

2146 4243 2366 4290 centum
2392 4234 2854 4305 etquinquaginta
2879 4233 3103 4291 Patrum
3122 4235 3383 4289 adversus
3399 4232 3736 4288 Macedonia-

2148 4324 2434 4394 nos,utqui
2446 4339 2569 4381 cum
2582 4324 2788 4395 Spiritu
2807 4334 2994 4380 sancto
3012 4331 3336 4394 pugnarent,
3352 4319 3647 4392 Scriptura:
3660 4330 3732 4376 ιορ

2153 4420 2433 4476 stimoniis
2457 4421 2725 4475 munitam
2749 4415 3180 4485 comprobarunt
3205 4432 3220 4470 :
3249 4414 3388 4469 etde
3412 4421 3611 4468 caetero
3635 4414 3734 4467 ad—

454 4498 711 4597 Σωτῆρος
747 4521 910 4593 ἡμῶν
948 4521 1129 4593 Ἰησοῦ
1182 4520 1422 4592 Χριστοῦ
1462 4521 1795 4589 οἰκονομίαν,
1840 4518 1917 4581 ὡς
1956 4515 2040 4569 δο-

2156 4528 2343 4569 versus
2360 4528 2454 4569 eos
2465 4513 2556 4582 qui
2574 4511 2860 4567 abolebant
2877 4508 3186 4564 Servatoris
3198 4506 3366 4591 nostri
3382 4506 3510 4561 Jesu
3526 4505 3729 4561 Christi

410 4658 435 4693 -π
457 4620 619 4688 κήσει
648 4617 745 4672 καὶ
772 4617 874 4669 ούκ
901 4614 1133 4685 ἀληθείᾳ
1160 4613 1538 4684 σαρκωθέντος
1572 4611 1734 4666 αὑτοῦ
1762 4610 1859 4664 καὶ
1889 4609 2044 4680 ψιλὸν

456 4707 747 4779 ἄνθρωπον
780 4706 873 4759 τὸν
912 4706 978 4759 ἐκ
1010 4706 1109 4773 τῆς
1140 4704 1304 4770 ἁγίας
1341 4704 1620 4773 Παρθένου
1659 4701 1752 4754 καὶ
1778 4700 2045 4754 Θεοτὸκου

455 4798 677 4871 Μαρίας
707 4798 969 4870 τεχθέντα
997 4796 1386 4868 ληρωδούντων
1408 4808 1422 4823 ’
1452 4794 1572 4848 κατ’
1603 4795 1783 4848 αὐτῶν
1814 4793 2042 4863 ἐσχόλα-

458 4911 557 4948 σαν
583 4896 646 4947 ἓκ
673 4910 732 4947 τε
763 4897 864 4962 τῆς
904 4890 1213 4963 μαρτυρίας
1248 4888 1355 4941 τῶν
1383 4888 1544 4941 θείων
1582 4886 1817 4957 Γραφῶν
1853 4890 1945 4940 καὶ
1976 4887 2043 4938 ἐκ

456 4984 567 5039 τῶν
623 4983 920 5037 συνοδικῶν
978 4982 1073 5035 τοῦ
1136 4981 1557 5051 μακαριωτάτου
1615 4977 1891 5046 Κυριλλου
1941 4978 2043 5047 τῆς

469 5076 890 5144 Ἀλεξανδρέων,
931 5076 1023 5126 καὶ
1060 5073 1290 5135 Λέοντος
1327 5069 1421 5124 τοῦ
1452 5070 1751 5123 ὁσιωτάτου
1792 5069 2045 5138 ἁρχιεπι-

459 5170 664 5223 σκόπου
693 5166 938 5237 Ῥώμης,
971 5171 1065 5220 καὶ
1096 5164 1315 5218 πάντων
1340 5163 1450 5216 τῶν
1478 5162 1600 5215 κατ’
1628 5160 1962 5222 attito-lmen
1984 5176 2044 5212 τε

457 5262 523 5333 δὴ
550 5264 619 5333 τῇ
640 5262 735 5315 τοῦ
765 5258 1068 5314 ἀποστόλου
1096 5260 1304 5327 Πέτρου
1330 5254 1591 5326 ὁμολογίᾳ
1614 5254 2043 5323 συμϐαινούσας,

460 5358 604 5410 κατὰ
647 5356 727 5423 τὸ,
767 5372 787 5406 ι
816 5355 890 5408 Σὺ
931 5349 983 5407 εἷ
1021 5353 1052 5406 ό
1091 5351 1350 5422 Χριστὸς,
1392 5350 1420 5402 ό
1468 5347 1599 5411 Υἱὸς
1638 5345 1733 5399 τοῦ
1780 5343 1917 5399 Θεοῦ
1950 5343 2045 5397 τοῦ

459 5448 685 5515 ζῶντος,
716 5467 734 5501 ι
768 5447 983 5519 ὑψηλήν
1010 5461 1133 5499 τινα
1163 5442 1366 5514 στήλην
1390 5440 1534 5496 κατὰ
1564 5439 1671 5493 τῶν
1692 5435 2046 5501 κακοδοξούν·

457 5555 568 5594 των
601 5538 828 5602 εἰκότως
858 5538 1264 5608 ἀνεγείραντες,
1286 5534 1423 5604 πρὸς
1444 5530 1545 5604 τὴν
1570 5532 1679 5586 τῶν
1708 5526 2047 5603 όρθοδογμά-

458 5646 568 5686 των
603 5630 919 5702 βεϐαίωσιν.

1786 5704 1806 5713 α
1856 5708 1865 5726 δ
1916 5696 1942 5714 Α
1983 5699 2044 5714 οό-

532 5815 579 5896 ²ξ
606 5816 798 5873 Μαιῑῐι.
834 5831 948 5886 xvt,
975 5776 1061 5870 l6,

2152 4606 2537 4666 oeconomiam,
2572 4613 2628 4658 ut
2657 4601 2994 4672 quivisione,
3025 4606 3209 4667 etnon
3237 4598 3463 4653 veritate
3492 4606 3637 4652 esset
3656 4599 3737 4652 in-

2152 4704 2509 4761 carnatus,-et
2534 4697 2736 4750 nudum
2756 4707 2880 4749 esse
2905 4693 3201 4756 hominem,
3230 4690 3320 4758 qui
3347 4698 3510 4743 natus
3529 4699 3645 4743 erat
3662 4703 3730 4743 ex

2151 4799 2336 4845 sancta
2370 4786 2592 4856 Virgine
2619 4783 3013 4852 etDeiparente
3030 4779 3196 4835 Maria
3216 4819 3231 4845 ,
3261 4780 3444 4850 nugati
3476 4777 3729 4840 fuerant:

2151 4883 2412 4936 adversus
2427 4893 2541 4941 eos,
2561 4879 2803 4946 inquam,
2831 4889 3058 4945 operam
3085 4871 3379 4938 dederunt,
3413 4882 3549 4926 etes
3589 4871 3732 4925 divi-

2150 4991 2340 5031 narum
2370 4973 2773 5042 Scripturartnn
2810 4967 3141 5033 testimonio,
3177 4975 3232 5021 et
3276 4982 3342 5021 ex
3385 4965 3735 5037 synodalibus

2150 5066 2454 5124 beatissimi
2480 5064 2664 5134 Cyrilli
2696 5062 3071 5127 Alexandrini,
3102 5060 3371 5116 ethonis
3400 5060 3732 5137 sanctissimi

2153 5159 2546 5226 arclt:episcopi
2570 5156 2820 5222 Romani,
2862 5165 2917 5208 et
2944 5154 3185 5209 omnium
3211 5150 3540 5223 qmifucrunt
3560 5153 3642 5206 eis
3667 5152 3739 5205 si-

2152 5250 2388 5314 tniles,ut
2408 5264 2528 5319 quae
2545 5252 2639 5302 bea
2648 5246 2839 5303 tissimi
2854 5244 2999 5299 Petri
3019 5246 3367 5299 convenirent
3381 5240 3734 5304 confessioni,

2153 5322 2516 5413 congruenter
2537 5343 2586 5397 ei
2610 5343 2753 5411 quod
2785 5351 2888 5405 est,
2924 5337 3038 5394 t'l‘u
3068 5353 3128 5392 es
3154 5336 3407 5392 Christus
3442 5333 3610 5389 Filius
3639 5331 3737 5386 Dei

2155 5438 2264 5492 vivi
2300 5437 2342 5469 ¹⁷
2384 5454 2396 5490 :
2434 5454 2454 5488 ι
2488 5435 2780 5491 excelsam
2832 5432 3123 5503 quamdam
3185 5431 3492 5485 columnam
3542 5436 3736 5490 contra

2153 5545 2248 5585 eos
2278 5530 2370 5599 qui
2407 5529 2547 5583 mala
2583 5526 2774 5584 imbuti
2803 5533 2963 5581 erant
3000 5524 3276 5596 opinione,
3318 5523 3514 5578 merito
3542 5532 3741 5592 erexe-

2155 5634 2305 5694 runt,
2337 5622 2405 5679 ad
2438 5620 2806 5679 conﬁrmanda
2839 5627 2983 5677 recta
3012 5626 3068 5675 et
3101 5630 3228 5674 vera
3250 5616 3521 5687 dogmata.
