4160 6476
464 372 595 443 iiii

1621 367 1903 428 MENSIS
1944 365 2464 428 FEBRUARIUS.

3605 367 3742 433 1112

528 492 688 548 XLII.
719 491 854 547 Nam
882 499 934 546 et
965 490 1225 544 adversus
1256 501 1351 543 eos
1408 485 1651 555 dirigunt
1703 485 1896 548 aciem,
1946 485 2036 554 qui

2213 474 2348 538 ΜΒ¹⁸
2375 484 2499 547 Τοῖς
2524 498 2582 536 τε
2613 483 2720 555 γὰρ
2750 485 2830 545 εις
2862 483 2994 537 υἱῶν
3021 485 3186 539 δυάδα
3217 485 3277 539 τὸ
3303 486 3400 556 τῆς
3429 487 3744 560 οἰκονομίας

455 582 776 640 ωεουοιιιὶεξ
817 580 1131 651 mysterium
1164 583 1434 632 conantur
1479 574 1789 629 distrahere
1818 576 1875 627 in
1909 575 2042 628 duos

460 678 621 740 Iilios,
645 685 700 730 et
727 690 820 730 eos
854 674 944 742 qui
971 671 1250 743 patibilem
1279 668 1539 739 unigeniti
1567 666 1687 721 Filii
1722 667 1817 722 Dei
1840 671 2044 722 audent.

459 770 644 825 dicere
675 769 1040 832 divinitatem,
1093 764 1420 833 expeflunta
1471 779 1632 819 sacro
1653 773 1800 816 cmtu
1845 782 1856 816 :
1895 771 1948 816 et
1977 763 2044 816 iis

461 862 722 916 resistunt
743 859 835 928 qui
861 861 1089 912 duarum
1116 867 1434 911 naturarum
1461 856 1513 908 in
1545 854 1762 910 Christo
1784 853 2044 908 inducunt

459 953 839 1009 confusionem
875 968 888 1004 :
933 959 988 1005 et
1016 965 1133 1015 eos,
1159 949 1249 1018 qui
1283 948 1505 1002 caeleste
1525 962 1724 1016 corpus
1757 958 1847 999 aut
1874 946 2045 999 alicn-

456 1047 549 1117 jus
603 1047 828 1098 alterius
887 1044 1143 1096 essentiae
1187 1041 1376 1094 dicunt
1427 1054 1547 1094 esse
1579 1053 1647 1092 ex
1696 1038 1850 1092 nobis
1877 1037 1946 1091 ab
1980 1051 2045 1090 ro

463 1147 742 1205 acceptam
766 1135 907 1188 servi
930 1133 1159 1188 formam
1186 1143 1442 1200 tanquam
1476 1131 1768 1185 delirantes
1785 1129 2042 1198 ejiciunt:

428 1212 434 1233 ’
463 1239 521 1282 et
548 1242 640 1280 eos
672 1226 764 1293 qui
792 1227 925 1278 duas
955 1223 1174 1292 quidem
1207 1221 1415 1275 Domini
1469 1231 1694 1274 naturas
1730 1219 2046 1274 fabulantur

465 1315 592 1369 ante
643 1315 925 1378 unionem,
957 1323 1080 1382 post
1139 1312 1399 1366 unionem
1445 1327 1576 1366 vero
1608 1327 1793 1376 unam,
1843 1311 2048 1366 Ieriunt

463 1413 810 1477 anathemate
847 1426 860 1461 :
900 1423 1064 1460 unum
1093 1414 1146 1460 et
1173 1406 1420 1459 entndcm
1475 1405 1671 1458 Filium
1709 1404 2048 1458 concorditer

463 1503 804 1563 confitentes,
857 1498 1140 1552 Dmninum
1202 1507 1448 1550 nostrum
1503 1493 1689 1550 Jesutn
1747 1495 2046 1561 Christum,

467 1595 764 1664 perrectum
800 1593 852 1644 in
881 1589 1182 1652 divinitate,
1203 1597 1256 1641 et
1285 1587 1584 1657 perfectum
1609 1586 2046 1650 inhumanitate,

469 1685 641 1738 Deum
706 1696 849 1744 vere,
885 1694 1050 1732 unum
1081 1687 1135 1731 et
1183 1679 1433 1731 eunnlem
1477 1693 1491 1730 :
1521 1683 1578 1730 et
1602 1676 1874 1730 hominem
1900 1691 2048 1741 vere,

463 1790 531 1828 ex
559 1773 735 1826 anima
765 1770 991 1824 rationis
1026 1783 1260 1838 corpore
1297 1777 1545 1836 compote
1577 1776 1651 1829 et,
1681 1768 1772 1837 qui
1802 1776 1884 1821 est
1903 1767 2052 1836 ejus-

361 1886 370 1893 ·
463 1866 587 1918 dem
612 1863 886 1926 essentiar,
941 1859 1097 1924 cujus
1129 1857 1311 1923 Pater,
1342 1858 1486 1928 quod
1528 1858 1724 1911 attinet
1749 1858 1816 1911 ad
1847 1857 2048 1910 divini-

467 1966 633 2011 tatem
663 1965 750 2007 :et
771 1953 1012 2022 ejusdem
1033 1951 1284 2006 essentia:
1311 1951 1466 2019 cujus
1488 1965 1610 2016 nos,
1646 1958 1841 2020 praeter
1867 1962 2059 2018 pecca-

470 2061 604 2112 tum,
627 2048 873 2102 emndetn
889 2049 1030 2114 quod
1050 2045 1115 2097 ad
1131 2044 1518 2098 humanitatem
1541 2063 1553 2096 ;
1581 2054 1708 2098 ante
1725 2045 1918 2098 saecula
1941 2045 2060 2113 qui-

467 2141 590 2194 dem
611 2150 793 2192 natum
813 2153 876 2190 ex
894 2139 1077 2198 Putre,
1103 2135 1156 2190 in
1179 2135 1383 2189 ultimis
1405 2145 1584 2189 autem
1609 2135 1816 2196 diebus.
1839 2145 2060 2203 propter

473 2247 577 2285 nos
613 2232 858 2282 homines
888 2240 943 2282 et
975 2238 1199 2297 propter
1229 2239 1470 2280 nostram
1499 2227 1750 2291 salutem,
1782 2240 1845 2279 ex
1883 2223 2051 2276 Maria

397 2327 401 2332 '
468 2319 692 2393 Virgine
710 2331 765 2376 et
791 2321 1135 2390 Deiparente,
1153 2321 1297 2388 quod
1323 2319 1518 2372 attinet
1537 2319 1604 2371 ad
1623 2317 2014 2388 humanitatem
2039 2332 2054 2370 :

472 2430 640 2468 unum
676 2424 730 2467 et
763 2413 1014 2465 eumdem
1043 2411 1238 2465 Filium
1290 2409 1654 2477 unigenitum,
1685 2419 1740 2463 et
1767 2408 2057 2462 Dominum

475 2504 662 2561 Jesum
723 2503 1001 2559 Christum
1065 2503 1117 2556 in
1177 2503 1386 2556 duabus
1455 2501 1688 2566 naturis,
1743 2501 2051 2565 inconfuse,

479 2595 908 2659 immutabiliter,
972 2594 1276 2656 individue,
1332 2592 1425 2661 qui
1482 2593 1568 2661 pie
1615 2594 1964 2663 cognoscitur
2007 2600 2061 2646 et

476 2689 733 2740 adoratur
780 2685 850 2739 ab
883 2682 1138 2738 omnibus
1190 2682 1438 2738 ﬁdelibus
1467 2700 1480 2738 :
1511 2683 1766 2752 quoniam
1835 2690 2058 2738 sanctus

475 2777 692 2846 quidem
723 2776 960 2831 Joannes
989 2775 1344 2829 conscribens
1400 2774 1728 2844 principium
1761 2772 2056 2843 Evangelii,

475 2869 614 2923 dixit
646 2887 660 2922 :
702 2885 721 2918 ι
753 2867 808 2921 In
845 2865 1113 2934 principio
1144 2876 1263 2920 crat
1293 2863 1552 2930 Verbum,
1585 2874 1639 2920 et
1674 2863 1917 2920 Verbum
1942 2872 2063 2920 erat

475 2961 618 3030 apud
673 2959 867 3022 Deum,
932 2967 986 3012 et
1017 2957 1159 3010 Deus
1193 2966 1312 3010 erat
1365 2955 1622 3011 Verbum.
1659 2957 1724 3008 ".
1771 2973 1790 3008 ι
1827 2955 2060 3009 Sanctus

475 3067 608 3107 vero
661 3051 947 3106 Matthn-us
977 3068 990 3104 :
1039 3069 1056 3102 ι
1091 3048 1253 3104 Liber
1283 3049 1651 3118 generationis
1673 3045 1803 3102 Jesu
1831 3046 2059 3112 Christi,

2147 577 2384 646 διασπᾷν
2421 576 2763 646 ἐπιχειροῦσι
2814 579 3118 648 μυστήριον
3163 580 3608 650 παρατάττονται
3649 585 3746 636 καὶ

2146 671 2274 732 τοὺς
2318 669 2572 738 παθητὴν
2602 670 2696 722 τοῦ
2729 671 3056 741 μονογενοῦς
3091 672 3222 725 Υίοῦ
3254 672 3350 724 τοῦ
3383 674 3520 728 Θεοῦ
3559 674 3744 742 λέγειν

2147 761 2464 832 τολμῶντας
2486 763 2582 834 τὴν
2611 763 2842 833 θεότητα
2862 765 2958 816 τοῦ
2986 765 3134 832 ἱεροῦ
3164 765 3436 832 συλλόγου
3459 765 3748 820 ἀπωθοῦν-

2147 875 2258 922 ται,
2291 859 2523 919 καὶτοῖς
2555 856 2648 909 ἐπὶ
2677 856 2784 907 τῶν
2823 855 2918 908 δύο
2950 857 3167 923 φύσεων
3201 857 3294 909 τοῦ
3330 857 3570 927 Χριστοῦ
3601 859 3748 929 κρᾶ-

2152 963 2237 999 σιν
2275 947 2310 1017 ἢ
2347 946 2612 1016 σύγχυσιν
2663 945 2973 999 ἐπινοοῦσιν
3027 946 3424 1001 ἀνθίστανται·
3475 950 3568 1002 καὶ
3617 953 3750 1013 τοὺς

2149 1039 2398 1109 οὐράνιον
2423 1038 2455 1109 ἢ
2488 1037 2686 1106 ἐτέρας
2709 1037 2852 1099 τινὸς
2871 1037 3058 1100 οὐσίας
3087 1037 3354 1109 ὑπάρχειν
3379 1040 3479 1110 τὴν
3499 1041 3558 1106 ἐξ
3587 1041 3750 1110 ἡμῶν

2149 1131 2450 1200 ληφθεῖσαν
2483 1129 2631 1200 αύτῷ
2674 1129 2769 1182 τοῦ
2807 1129 2994 1183 δούλου
3051 1131 3287 1202 μορφὴν,
3324 1133 3749 1203 παραπαίοντας

2151 1221 2555 1288 ἐξελαύνουσιν,
2589 1222 2682 1274 καὶ
2714 1221 2840 1284 τοὺς
2873 1221 2966 1274 δύο
3001 1223 3101 1292 μὲν
3139 1223 3472 1293 μυθεύοντας
3511 1225 3620 1295 πρὸ
3647 1227 3752 1295 τῆς

2151 1313 2400 1376 ένώσεως
2422 1313 2518 1366 τοῦ
2548 1314 2754 1383 Κυρίου
2783 1313 2998 1382 φύσεις·
3029 1312 3158 1383 μίαν
3184 1314 3238 1368 δὲ
3269 1315 3409 1384 μετά
3433 1317 3533 1384 τὴν
3551 1317 3752 1369 ἕνωσιν

2151 1401 2673 1472 ἀναθεματίζουσιν,
2714 1402 2810 1456 ἕνα
2859 1403 2956 1456 καὶ
3003 1404 3096 1456 τὸν
3139 1405 3304 1457 αὑτὸν
3354 1404 3751 1474 ὁμολογοῦντες

2154 1493 2463 1565 συμφώνως
2502 1494 2625 1548 Υίδν
2671 1495 2764 1548 τὸν
2789 1481 3006 1566 ’Κύριον
3043 1496 3199 1566 ήμῶν
3245 1497 3455 1562 Ἰησοῦν
3488 1499 3754 1568 Χριστὸν,

2152 1589 2360 1640 τέλειον
2389 1589 2449 1641 ὲν
2479 1587 2716 1656 θειότητι
2746 1589 2844 1642 καὶ
2866 1589 3072 1640 τέλειον
3092 1589 3149 1639 ἐν
3185 1587 3588 1658 ἀνθρωπότητι,
3613 1588 3754 1640 Θεὸν

2153 1680 2372 1750 ἀληθῶς
2397 1680 2489 1732 τὸν
2520 1680 2617 1734 ἕνα
2649 1681 2744 1734 καὶ
2776 1682 2868 1732 τὶν
2900 1681 3062 1733 αὑτὸν
3095 1679 3192 1732 καὶ
3214 1678 3504 1748 ἄνθρωπον
3532 1679 3753 1747 ἀληθῶς

2154 1773 2217 1823 ὲκ
2246 1770 2422 1840 ψυχῆς
2451 1770 2676 1840 λογικῆς
2705 1772 2800 1823 καὶ
2829 1769 3105 1840 σώματος,
3147 1768 3437 1839 όμοούσιον
3467 1757 3558 1821 τὸν
3587 1769 3757 1820 αὐτον

2159 1862 2239 1933 τῷ
2285 1864 2462 1928 Harp!
2512 1863 2657 1916 κατὰ
2699 1863 2800 1933 τὴν
2848 1862 3083 1932 θεότητα
3134 1864 3228 1916 καὶ
3280 1864 3569 1931 ὀμοούσιον
3619 1863 3758 1932 ἡμῖν

2161 1958 2332 2028 χωρὶς
2361 1955 2669 2026 ἁμαρτίας·
2711 1956 2804 2009 τὸν
2833 1956 2996 2008 αὑτὸν
3028 1954 3170 2008 κατὰ
3201 1955 3300 2022 τὴν
3330 1954 3757 2025 ἁνθρωπότητα,

2161 2049 2268 2117 πρὸ
2317 2048 2532 2101 αἰώνων
2573 2048 2674 2115 μὲν
2716 2048 2780 2100 ὲκ
2825 2047 2918 2101 τοῦ
2967 2046 3183 2117 Πατρὸς
3224 2045 3556 2114 γεννηθέντα
3608 2044 3761 2098 κατά

2159 2145 2263 2206 τὴν
2305 2142 2560 2212 θεότητα,
2597 2141 2874 2210 πασχόντα
2907 2140 2963 2192 δὲ
2992 2140 3062 2194 δι’
3086 2140 3235 2208 ἡμᾶς
3267 2141 3396 2202 τοὺς
3429 2136 3760 2206 ἀνθρώπους

2160 2233 2255 2284 καὶ
2293 2231 2382 2284 διὰ
2415 2231 2515 2301 τὴν
2573 2231 2851 2300 ἡμετέραν
2911 2228 3208 2299 σωτηρίαν,
3261 2230 3328 2281 ἐκ
3384 2228 3608 2298 Μαρίας
3652 2227 3759 2293 τῆς

2162 2323 2444 2392 Παρθένου
2481 2324 2573 2376 καὶ
2601 2323 2867 2376 Θεοτόκου
2898 2321 3040 2374 κατὰ
3066 2320 3166 2393 τὴν
3189 2322 3619 2392 ἀνθρωπότητα·
3655 2321 3761 2374 ἕνα

2161 2419 2257 2472 καὶ
2295 2417 2386 2470 τὸν
2433 2416 2596 2470 αὑτὸν
2643 2415 2851 2486 Κύριον
2889 2414 3102 2486 Ἰησοῦν
3144 2413 3382 2485 Χριστὸν
3425 2415 3485 2469 ὲν
3519 2414 3611 2467 δύο
3647 2413 3763 2482 φύ-

2162 2522 2312 2559 σεσιν
2354 2508 2705 2576 ἀσυγχύτως,
2749 2505 3064 2575 ἀτρέπτως,
3116 2505 3443 2575 ἀδιαιρέτως
3487 2503 3761 2574 γνωριζό-

2165 2615 2324 2670 μενον
2375 2598 2472 2652 καὶ
2502 2597 2980 2666 προσκυνούμενον
3014 2597 3119 2649 ὑπὸ
3152 2599 3372 2650 πάντων
3405 2597 3512 2649 τῶν
3547 2597 3762 2649 πιστῶν

2162 2689 2424 2753 εὐσεϐῶς,
2466 2688 2602 2741 διότι
2646 2687 2745 2758 μὲν
2779 2691 2807 2740 ὁ
2843 2688 2998 2756 ἅγιος
3037 2688 3293 2756 Ἰωάννης
3323 2687 3423 2756 τὴν
3456 2687 3634 2756 ἀρχὴν
3658 2686 3760 2738 τοῦ

2161 2775 2503 2851 Εὑαγγελίου
2554 2771 3250 2851 συγγραφόμενόςφησιν·
3295 2797 3311 2830 ι
3351 2779 3439 2832 Ἐν
3463 2780 3604 2848 ἀρχῇ
3635 2773 3704 2849 ἦν
3728 2779 3765 2832 ό

2161 2876 2330 2942 Λόγος
2357 2875 2451 2927 καὶ
2473 2873 2500 2925 ό
2533 2872 2706 2939 Λόγος
2751 2869 2818 2948 ἦν
2858 2871 2995 2939 πρὸς
3029 2873 3121 2924 τὸν
3167 2871 3322 2936 Θεὸν,
3357 2870 3454 2924 καὶ
3474 2869 3605 2934 Θεὸς
3632 2865 3702 2941 ἦν
3726 2871 3766 2925 ὀ

2160 2968 2387 3034 Λόγος.»
2421 2965 2478 3018 ’0
2505 2964 2560 3018 δὲ
2595 2965 2749 3032 ἆγιος
2774 2963 3072 3024 Ματθαῖος·
3099 2963 3322 3024 «Bima;
3342 2960 3610 3030 γενέσεως
3649 2960 3763 3030 Ἰη-

2163 3059 2257 3112 σοῦ
2281 3058 2548 3130 Χριστοῦ,
2581 3056 2699 3109 υἱοῦ
2727 3057 2912 3118 Δασιδ,
2963 3055 3078 3107 υἱοῦ
3109 3053 3386 3125 Ἀδραὰμ,
3426 3074 3444 3106 ι
3489 3054 3584 3106 καὶ
3612 3053 3762 3106 κατὰ

479 3145 570 3199 lilii
610 3146 798 3209 David,
830 3145 925 3200 lilii
958 3147 1235 3200 Abraham
1275 3147 1318 3178 ⁸³
1353 3165 1368 3202 :
1410 3165 1431 3195 ›
1465 3158 1518 3202 et
1548 3146 1618 3201 iis
1643 3145 2057 3210 convenienter,

2164 3152 2328 3206 τοῦτο
2349 3155 2399 3204 οἱ
2437 3152 2555 3222 μετ’
2583 3149 2782 3213 αὐτοὺς
2822 3150 2968 3216 ἀγιοι
2996 3147 3240 3218 Πατέρες
3262 3147 3360 3218 τὴν
3391 3146 3623 3215 θεότητα
3659 3146 3762 3198 καὶ

477 3236 570 3304 qui
598 3246 784 3303 postea
819 3236 993 3289 secuti
1024 3246 1152 3291 sunt
1181 3236 1352 3290 sancti
1389 3235 1600 3301 Patres,
1633 3235 1970 3291 diVinitatem
2003 3244 2060 3290 et

479 3327 872 3381 humanitatem
908 3329 1072 3382 unius
1101 3328 1218 3382 Filii
1250 3326 1341 3381 Dei
1387 3331 1664 3394 docentes,
1717 3326 2060 3381 tradiderunt

477 3419 731 3474 omnibus
759 3437 775 3474 :
809 3421 1081 3488 quon-edo
1133 3421 1296 3473 etiam
1331 3419 1461 3472 dicit
1487 3418 1703 3473 divinus
1735 3417 1934 3472 Paulus
1961 3419 2008 3448 ²⁰
2041 3434 2056 3473 :

497 3529 514 3560 ι
555 3509 756 3564 Paulus
786 3525 977 3564 st-rvus
998 3509 1122 3563 Jesu
1151 3509 1378 3574 Christi,
1402 3518 1625 3563 vocatus
1644 3508 1943 3577 apostolus,
1969 3522 2058 3561 se-

481 3612 736 3672 gregatus
763 3603 828 3655 ad
868 3601 1221 3668 Evangelium
1253 3601 1370 3665 Dei,
1403 3601 1545 3671 quod
1587 3601 1737 3668 prius
1768 3599 2061 3653 annuntia-

482 3705 595 3750 tum
629 3695 730 3748 fuit
751 3710 842 3764 per
866 3696 1158 3764 prophetas
1188 3708 1316 3748 suos
1343 3693 1394 3746 in
1427 3693 1728 3761 Scripturis
1759 3692 1965 3746 sanctis
1993 3692 2061 3746 de

481 3785 620 3840 Filio
648 3802 768 3852 suo,
797 3787 886 3855 qui
921 3785 1097 3839 factus
1131 3784 1233 3838 fuit
1253 3800 1319 3838 ex
1345 3784 1552 3838 semine
1577 3782 1740 3838 David
1761 3783 2061 3838 secundum

479 3893 700 3934 carnem
731 3899 745 3934 :
788 3878 1042 3933 deﬁnitus
1093 3877 1265 3932 Filius
1295 3875 1388 3930 Dei
1422 3877 1476 3930 in
1510 3876 1733 3940 virtute,
1759 3875 2058 3931 secundum

483 3971 744 4040 Spiritum
790 3968 1266 4029 sanctiﬁcationis,
1298 3983 1364 4021 ex
1393 3966 1792 4022 resurrectione
1819 3975 2064 4020 mortuo-

485 4078 604 4117 rum
662 4059 790 4116 Jesu
842 4061 1046 4116 Christi
1107 4059 1324 4114 Domini
1385 4059 1558 4113 nostri
1589 4057 1656 4111 “.
1699 4057 1845 4124 nQui
1896 4057 2062 4112 etiam

482 4154 676 4208 rursus
707 4154 839 4208 dicit
887 4154 1229 4207 reverentius
1258 4147 1302 4182 ’ί
1339 4173 1352 4204 :
1390 4169 1408 4202 ι
1449 4150 1720 4216 Quoniam
1765 4149 1909 4204 enim
1967 4163 2064 4219 per

484 4246 762 4300 hominem
815 4260 982 4308 mors,
1016 4253 1068 4299 et
1115 4259 1210 4313 per
1250 4245 1527 4298 hominem
1559 4244 1886 4298 resurrectio
1921 4257 2065 4296 mor-

483 4349 702 4392 tuorum
731 4354 744 4402 ;
783 4356 801 4388 ι
831 4344 886 4390 et
926 4335 1040 4389 hinc
1075 4338 1462 4404 interpretans,
1507 4333 1785 4403 Bubjungit
1817 4350 1832 4386 :
1861 4350 1880 4384 ι
1920 4333 2067 4398 Quo-

482 4429 646 4483 modo
678 4429 820 4481 enim
853 4428 906 4480 in
960 4429 1131 4481 Adam
1189 4441 1380 4480 omnes
1431 4429 1758 4491 moriuntur,
1796 4427 1869 4480 ita
1898 4427 2064 4481 etiam

2165 3246 2264 3316 τὴν
2288 3243 2687 3317 ἀνθρωπότητα
2707 3242 2802 3296 τοῦ
2827 3243 2945 3304 ἑνὸς
2970 3241 3100 3294 Υίοῦ
3118 3241 3212 3294 τοῦ
3234 3239 3371 3293 Θεοῦ
3408 3239 3758 3300 διδάσκοντες

2167 3341 2516 3412 παρέδωκαν,
2545 3337 2730 3400 καθὼς
2762 3338 2859 3389 καὶ
2898 3337 2927 3389 ό
2970 3337 3262 3399 θεσπέσιος
3303 3333 3516 3397 Παῦλός
3547 3347 3753 3404 φησιν·

2175 3454 2192 3484 ι
2224 3433 2457 3497 Παῦλος,
2488 3432 2675 3494 δοῦλος
2711 3429 2885 3501 Ἰησοῦ
2927 3428 3166 3499 Χριστοῦ
3202 3429 3398 3498 κλητὸς
3430 3425 3760 3490 ἀπόστολος,

2167 3526 2550 3595 ἀφωρισμένος
2576 3524 2657 3586 είς
2687 3521 3020 3590 Εύαγγέλιον
3041 3521 3200 3584 Θεοῦ,
3227 3520 3257 3572 ὃ
3283 3518 3762 3591 προεπηγγείλατο

2167 3622 2256 3674 διὰ
2283 3621 2392 3672 τῶν
2439 3616 2738 3688 προφητῶν
2777 3615 2960 3669 αὐτῶν
3003 3616 3062 3666 έν
3113 3613 3360 3684 Γραφαῖς
3405 3611 3590 3678 ἁγίαις
3625 3609 3758 3678 περὶ

2166 3713 2261 3769 τοῦ
2293 3711 2426 3767 Υἱοῦ
2459 3709 2625 3766 αὑτοῦ
2657 3709 2752 3764 τοῦ
2784 3709 3079 3779 γενομένου
3125 3708 3190 3760 ὲκ
3232 3705 3552 3776 σπέρματος
3592 3704 3760 3757 Δαϐὶδ

2172 3805 2316 3859 κατά
2353 3806 2534 3874 σάρκα
2561 3799 2654 3856 τοῦ
2710 3799 3022 3871 ὁρισθέντος
3069 3800 3201 3852 Υἱοῦ
3245 3798 3380 3851 Θεοῦ
3428 3799 3487 3850 ὲν
3530 3797 3760 3865 δυνάμει

2168 3898 2311 3952 κατά
2342 3897 2660 3966 Πνεύματος
2715 3890 3024 3961 ἁγιωσύνης
3065 3891 3123 3957 ἐξ
3157 3891 3508 3950 ἀναστάσεως
3547 3889 3763 3956 νεκρῶν

2182 3987 2357 4059 Ἰησοῦ
2383 3984 2625 4056 Χριστοῦ
2663 3984 2756 4038 τοῦ
2803 3983 3009 4054 Κυρίου
3041 3980 3204 4051 ἡμῶν
3229 3996 3242 4010 ·
3290 3998 3309 4032 ι
3357 3979 3416 4042 ὃς
3465 3978 3558 4031 καὶ
3593 3975 3761 4030 πάλιν

2171 4077 2628 4147 δυσωπικὼτερόν
2669 4091 2867 4144 φησιν·
2893 4094 2911 4126 ι
2963 4073 3184 4142 Ἐπειδὴ
3215 4073 3326 4142 γὰρ
3361 4071 3428 4125 δι’
3466 4067 3760 4139 ἀνθρώπου

2171 4176 2199 4227 ό
2229 4173 2480 4234 θάνατος,
2518 4171 2612 4222 καὶ
2659 4169 2726 4222 δι’
2773 4167 3063 4238 ἀνθρώπου
3112 4165 3408 4225 ἀνάστασις
3446 4160 3654 4231 νεκρῶν
3683 4176 3696 4188 ·
3735 4178 3754 4210 ι

2172 4263 2266 4316 καὶ
2296 4261 2470 4316 τ..ῦτα
2492 4257 2814 4331 ἑρμηνεύων
2837 4257 3090 4327 ἐπιφέρει
3120 4271 3134 4285 ⁸
3173 4273 3191 4306 ί
3225 4254 3436 4323 ’Ὥσπερ
3468 4252 3576 4321 γάρ
3601 4252 3656 4302 έν
3677 4249 3760 4318 τῷ

2186 4355 2356 4425 ’Λδάμ
2368 4354 2568 4416 πάντες
2589 4352 3049 4422 ἀποθνήσκουσιν,
3064 4348 3235 4410 οὓτως
3253 4348 3345 4401 καὶ
3367 4349 3423 4400 ὲν
3444 4341 3762 4416 τῷΧριστῷ

2174 4445 2373 4507 πάντες
2406 4441 2928 4512 ζωοποιηθήσονται.
2966 4459 2983 4491 ι
3028 4439 3214 4492 Ταῦτα
3258 4439 3441 4491 τοίνυν
3490 4434 3763 4497 ἀποδεξά-

482 4523 538 4574 in
585 4519 716 4574 Jesu
791 4519 1012 4574 Christo
1062 4533 1254 4573 omnes
1328 4517 1754 4572 viviﬁcabuntur
1788 4519 1857 4572 ".
1890 4536 1908 4569 ι
1944 4517 2057 4572 Ilaec

2176 4554 2336 4610 μενος
2367 4537 2397 4589 ό
2439 4535 2712 4606 μακάριος
2749 4535 2806 4586 ὲν
2839 4531 3185 4603 πληροφορίᾳ
3228 4529 3384 4600 θεῖκῇ
3417 4530 3513 4582 καὶ
3545 4528 3763 4580 συνέσει

477 4627 614 4679 ergo
660 4627 781 4665 cum
839 4611 1059 4681 legisset
1103 4620 1159 4664 et
1215 4609 1524 4664 admisisset
1551 4610 1764 4675 beatus,
1792 4610 1846 4664 in
1889 4611 2070 4665 divina

483 4702 864 4758 satisfactione
893 4714 946 4758 et
982 4703 1215 4772 spiritali
1242 4703 1604 4773 intelligentia
1630 4719 1907 4767 assensus,
1938 4703 2072 4758 abiit

486 4796 846 4851 Htiﬂinianas.
907 4794 1022 4850 Non
1059 4805 1272 4864 Oportet
1292 4796 1416 4865 (δ”)
1451 4804 1634 4850 autem
1667 4811 1764 4851 nos
1803 4811 1870 4850 ex
1908 4794 2065 4864 igno-

482 4889 664 4943 rantia
696 4887 998 4942 maledictis
1017 4889 1274 4942 insectari
1301 4887 1394 4942 aut
1421 4887 1746 4942 calumniari
1777 4888 1916 4943 hanc
1937 4903 2068 4943 san-

483 4993 630 5039 ctam
669 4984 929 5054 synodum
958 4999 974 5049 ;
1009 4985 1103 5038 scd
1125 4983 1327 5049 potius,
1363 4982 1506 5052 quod
1532 4981 1877 5038 manifestum
1902 4989 1983 5037 est
2015 4988 2070 5034 et

488 5090 675 5129 verum
708 5085 1087 5144 agnoscentes,
1120 5076 1428 5130 admittere.

558 5187 744 5243 XLIII.
801 5189 990 5257 Itaque
1049 5203 1171 5242 cum
1218 5188 1394 5242 sancti
1447 5189 1666 5258 quidem
1721 5192 1914 5244 Patres
1953 5191 2070 5247 haec

481 5280 832 5335 concorditer
876 5282 928 5334 in
967 5279 1176 5350 synodo
1224 5279 2066 5349 declarassemetdetiniissent,

489 5382 546 5427 et
569 5373 941 5443 unusquisque
969 5374 1037 5426 a'd
1063 5387 1193 5428 suos
1227 5381 1616 5438 reverteretur,
1665 5373 1836 5427 noluit
1880 5379 2070 5428 beatus

487 5469 791 5524 Auxentius
819 5471 996 5523 redire
1021 5468 1086 5522 ad
1117 5467 1356 5536 priorem
1401 5478 1662 5529 montem,
1694 5463 1786 5519 sed
1821 5466 1873 5519 in
1905 5466 2069 5518 alium

484 5563 826 5631 asperiorem
851 5573 904 5618 et
928 5561 1200 5624 altiorem,
1240 5558 1550 5628 propiorem
1583 5565 1762 5611 autem
1802 5554 2066 5610 Rnﬂinia-

562 5680 609 5710 ⁸⁸
632 5678 791 5732 .Ioan.
815 5654 938 5743 t,‘l.

2175 4630 2525 4700 πνευματικῇ
2552 4625 2881 4696 συνθέμενος
2913 4623 3084 4693 ἀπῄει
3131 4625 3189 4676 ἐν
3228 4621 3649 4689 Ῥουφινιαναίς.
3679 4620 3760 4671 Οὐ

2175 4720 2281 4794 Χρὴ
2321 4715 2414 4772 οὖν
2441 4718 2590 4788 ἡμᾶς
2625 4715 2684 4779 ἐξ
2707 4717 2931 4784 ἀγνοίας
2969 4714 3228 4784 λοιδορεῖν
3255 4711 3289 4782 ἢ
3321 4703 3628 4764 διαϐάλλειν
3659 4707 3762 4778 τὴν

2174 4812 2335 4881 ἁγίαν
2371 4810 2590 4863 σύνοδον
2624 4807 2848 4876 ταύτην,
2907 4805 3045 4858 ἀλλὰ
3100 4803 3300 4875 μᾶλλον
3353 4802 3414 4855 τὸ
3464 4801 3631 4870 σαφὲς
3663 4801 3764 4852 καὶ

2175 4904 2373 4976 ἀληθὲς
2400 4900 2861 4972 ὲπιγινώσκοντας
2893 4896 3273 4968 ἀποδέχεσθαι.

2245 5189 2353 5242 Ml"
2387 5186 2508 5240 Τῶν
2543 5186 2642 5256 μὲν
2678 5183 2771 5236 οῦν
2817 5182 3010 5251 ἁγίων.
3049 5180 3310 5252 Πατέρων
3353 5176 3660 5248 συμφώνως
3700 5187 3764 5229 εν

2173 5284 2240 5352 τῇ
2284 5279 2488 5349 συνόδῳ
2540 5277 2715 5330 ταῦτα
2767 5275 3242 5344 διασαφησάντων,
3291 5272 3385 5326 καὶ
3435 5270 3760 5340 ὁριαάντων,

2177 5376 2275 5428 καὶ
2307 5364 2540 5426 ἑκάστου
2574 5371 2666 5422 ἐπὶ
2708 5368 2776 5422 τὰ
2809 5370 2988 5421 οἰκεῖα
3019 5366 3407 5437 ἑκδημοῦντος,
3445 5364 3544 5434 οὐχ
3585 5361 3763 5415 εἵλετο

2176 5469 2203 5518 ό
2233 5465 2506 5534 μακάριος
2546 5462 2625 5524 εἰς
2657 5460 2718 5514 τὸ
2751 5460 3020 5529 πρότερον
3067 5458 3404 5529 ὑποστρέψαι
3448 5457 3597 5524 ὅρος,
3640 5453 3760 5506 ἀλλ’

2175 5559 2254 5621 εἰς
2284 5558 2472 5627 ἓτερον
2496 5554 2833 5625 τραχύτερον
2865 5547 2960 5606 καὶ
2983 5551 3314 5622 ὑψηλότερον
3341 5567 3352 5579 θ
3381 5546 3762 5618 πλησιώτερον

1016 5677 1058 5708 ¹⁹
1081 5676 1272 5731 Matth.
1302 5691 1346 5740 ι,
1382 5675 1435 5728 1.
1511 5661 1882 5737 ‘°ll01tt.t,l.
1961 5674 2006 5703 ²¹
2038 5675 2057 5727 ι
2085 5673 2212 5730 Cor.
2248 5690 2339 5739 xv,
2374 5671 2466 5726 2|.
2545 5672 2742 5728 “Ibid.
2779 5671 2868 5725 22.

559 5816 684 5885 (8“)
726 5837 745 5868 ¢
773 5817 920 5874 Abiit
949 5813 1302 5882 Rulliaianas,
1329 5813 1512 5870 dicens
1543 5829 1560 5866 :
1595 5810 1710 5870 N0n
1743 5823 1976 5883 ονοΓωῦ
2005 5833 2023 5866 ³
2063 5824 2165 5870 ειτ-
2211 5812 2403 5868 Βι¹¹’⁰¹³”
