4160 6408
365 360 510 426 1413

1638 357 1818 419 ἮΤΑ
1853 355 1912 414 S.
1953 353 2350 415 AUXENTII.

3471 351 3605 414 illi

351 470 409 524 δὲ
453 470 714 539 ὑπαρχων
770 467 1182 536 Ῥουφινιανῶν,
1244 465 1482 538 τοῦνομα
1527 466 1750 532 Σκῶπα,
1805 465 1932 528 τοὺς

2040 463 2143 526 nis,
2177 463 2396 517 nomine
2437 460 2691 532 Scopam,
2749 463 2956 531 rogavit
2995 476 3113 526 eos,
3171 462 3265 532 qui
3319 468 3610 520 eoaveuie-

354 563 783 632 συνερχομένους
814 561 1048 630 ἠξίωσεν
1097 561 1319 629 ἐνέγκαι
1364 560 1550 626 αὐτὸν,
1607 560 1702 613 καὶ
1755 559 1948 622 οὕτως

354 654 499 708 κατὰ
525 657 587 707 τὸ
623 655 888 724 πρότερον
918 655 1103 723 σχῆμα
1137 652 1230 709 τὸν
1261 652 1424 706 πόθον
1455 651 1620 706 αὐτοῦ
1653 652 1926 714 ἀνύοντες,

356 745 454 798 σὺν
478 747 588 806 τοῖς
619 744 682 796 ὲκ
703 743 797 796 τοῦ
827 744 1196 815 μοναστηρίου
1222 745 1279 796 ἐν
1299 737 1343 811 ᾧ
1367 744 1642 814 διέτριψεν
1657 744 1928 811 ἀδελφοῖς,

359 836 497 906 μετά
555 835 784 906 ψαλμῶν
831 838 925 889 καὶ
975 836 1158 907 ὕμνων
1203 837 1299 890 καὶ
1345 836 1496 907 ᾠδῶν
1545 836 1930 906 πνευματικῶν

356 927 632 997 ἀνήγαγον
666 926 828 980 αὑτὸν
855 928 950 981 καὶ
988 928 1317 998 ποιήσαντες
1360 927 1588 981 κλουὸὸν
1626 929 1691 980 ἐκ
1733 927 1928 994 ξύλων,

355 1018 431 1081 ὡς
456 1018 642 1088 ὄρνεον
665 1019 911 1088 ὑψιτενὲς
932 1019 1264 1084 ἐνέκλεισαν,
1283 1018 1472 1089 θυρίδα
1491 1019 1650 1088 μόνον
1671 1019 1932 1080 ἐάσαντες

357 1109 492 1181 πρὸς
539 1109 637 1180 τήν
691 1110 801 1163 τῶν
856 1111 1309 1182 παραγινομένων
1357 1111 1646 1180 συντυχίαν
1691 1110 1832 1163 κατά
1867 1110 1932 1162 τὸ

359 1205 625 1274 πρότερον
659 1205 848 1274 σχῆμα
870 1219 882 1234 ⁸
911 1200 991 1268 οἷς
1020 1205 1386 1274 ἐπευξάμενος
1406 1205 1512 1258 ,καὶ
1540 1203 1768 1258 ἕκαστον
1796 1219 1930 1256 κατ-

359 1298 752 1366 ασπασάμενος
811 1298 1018 1362 πάντας
1075 1298 1380 1363 ἀπέλυσεν,
1431 1297 1800 1368 καταληφθεὶς
1855 1296 1934 1359 ὡς

358 1385 640 1457 στρουθίον
675 1388 907 1458 μονάζον
948 1391 1041 1442 ἐπὶ
1076 1389 1294 1460 δόματι,
1336 1390 1674 1461 εὐχαριστῶν
1706 1389 1782 1461 τῷ
1821 1389 1934 1443 Κυ-

361 1478 462 1550 ρίῳ
489 1479 577 1533 διὰ
601 1480 702 1550 τῆς
733 1481 997 1552 συνήθους
1027 1483 1256 1554 ήσυχίας
1283 1499 1343 1536 τε
1377 1484 1470 1537 καὶ
1500 1481 1826 1551 δοξολογίας.

428 1659 562 1713 MA'.
604 1658 921 1729 ’Δπέριττον
946 1659 1001 1712 δὲ
1021 1659 1334 1730 καὶμᾶλλον
1359 1659 1633 1729 ὠφέλιμον
1655 1659 1935 1729 ἡγούμεθα

353 1745 416 1799 τὸ
467 1747 834 1818 διηγήσασθαι
898 1749 1141 1820 μερικῶς
1195 1750 1289 1814 καὶ
1346 1749 1475 1812 τοὺς
1526 1749 1763 1803 ἐνταῦθα
1817 1753 1935 1802 ἐπι-

2033 555 2184 618 Lant,
2213 553 2392 624 ipsum
2423 553 2712 632 deducere.
2757 553 2955 622 Sicque
2985 553 3038 606 in
3081 554 3246 624 priori
3283 555 3466 608 habitu
3492 555 3609 625 ejus

2031 646 2361 700 desiderium
2414 645 2718 714 implentes,
2749 660 2870 698 cum
2900 643 3197 713 ,Fratribus
3239 645 3328 716 qui
3357 657 3513 700 erant
3542 662 3608 702 ex

2033 738 2366 792 monasterio
2425 737 2477 790 in
2519 751 2627 805 quo
2680 746 2762 790 est
2827 747 3101 799 versatus,
3148 755 3269 792 cum
3307 740 3526 808 psalmis
3551 749 3605 794 et

2033 829 2250 900 hymnis
2284 837 2339 884 et
2370 830 2596 883 canticis
2652 829 2991 897 spiritalibus
3045 847 3169 884 cum
3217 832 3554 886 deduxerunt
3589 851 3604 886 :

2033 933 2088 977 et
2120 938 2242 977 cum
2273 923 2488 993 globum
2523 937 2586 976 ex
2621 921 2783 994 lignis
2814 924 3093 989 fecissent,
3157 936 3410 992 tanquam
3452 941 3607 980 avem

2034 1014 2262 1070 sublime
2299 1016 2593 1079 volantem,
2640 1015 2818 1085 ipsum
2871 1016 2923 1068 in
2977 1029 3041 1070 eo
3063 1015 3422 1080 incluserunt,
3445 1035 3607 1072 unam

2034 1106 2204 1161 solam
2261 1107 2502 1162 sinentes
2566 1107 2886 1174 fenestram,
2929 1110 2995 1162 ad
3045 1097 3472 1163 conveniendum
3515 1127 3611 1166 eos

2033 1199 2126 1268 qui
2182 1200 2539 1264 accedebant,
2599 1214 2665 1254 eo
2710 1200 2816 1254 ritu
2865 1215 2972 1270 quo
3005 1202 3177 1270 prius.
3237 1202 3440 1268 Quibus
3474 1202 3609 1256 bene

2034 1301 2307 1361 precatus,
2357 1302 2412 1347 et
2467 1307 2905 1362 unumquemque
2951 1295 3250 1359 osculatus,
3311 1309 3500 1348 omnes
3523 1295 3607 1348 di-

2037 1383 2185 1438 misit
2232 1383 2287 1437 in
2315 1398 2467 1453 pace,
2507 1385 2732 1439 relictus
2768 1400 2977 1451 rursus,
3008 1394 3262 1456 tanquam
3304 1401 3493 1454 passer
3523 1401 3616 1440 so-

2034 1474 2248 1529 litarius
2279 1474 2324 1506 "
2358 1490 2522 1544 supra
2569 1486 2794 1540 tectum,
2825 1477 2933 1530 Deo
2966 1493 3130 1546 agens
3153 1478 3358 1548 gratias
3401 1488 3618 1550 propter

2036 1573 2354 1618 consuetam
2386 1564 2622 1633 quietem
2647 1574 2699 1620 et
2742 1565 3222 1634 glorilicationem.
3361 1631 3364 1634 Α

2107 1652 2225 1708 Non
2255 1639 2692 1711 alienumantem
2716 1658 3090 1711 existimamus
3108 1668 3268 1726 atque
3296 1659 3431 1712 adeo
3461 1658 3614 1726 utile,

2037 1747 2349 1816 singulatim
2399 1763 2651 1814 narrare,
2684 1763 2803 1820 quae
2843 1751 2931 1804 hic
2976 1755 3024 1803 ei
3069 1751 3618 1820 contigerunttenta-

359 1813 673 1906 συμϐάντας
712 1837 862 1906 αὐτῷ
899 1813 1248 1910 ’πε-ιρασμοὺς
1293 1838 1398 1891 ὑπὸ
1445 1839 1554 1892 τῶν
1613 1838 1937 1908 ἀκαθάρτων

2043 1813 2218 1894 tiones
2272 1841 2340 1894 ab
2402 1813 2717 1896 immundis
2755 1851 2812 1896 et
2860 1841 3109 1912 malignis
3161 1844 3464 1914 spiritibus.
3503 1844 3618 1900 Una

359 1927 706 1996 πνευμάτων.
754 1929 870 1998 Μιᾷ
911 1929 1019 1998 γὰρ
1051 1930 1205 1980 νυκτὶ
1257 1929 1698 1999 προσευχομένου
1747 1929 1936 1996 αὑτοῦ,

357 2023 678 2088 ἐπιστάντες
713 2023 764 2076 οἱ
795 2023 1049 2095 δαίμονες
1086 2027 1166 2087 είς
1205 2024 1409 2095 πλῆθος
1439 2024 1686 2095 ἄπειρον,
1729 2027 1787 2077 ἐν
1817 2026 1938 2079 δια-

357 2117 542 2187 φόροις
577 2117 1060 2188 σχηματιζόμενα,
1090 2118 1586 2191 κατακτυποῦντες,
1627 2119 1936 2190 βρύχοντες,

359 2208 734 2274 ἀπειλοῦντες,
769 2210 871 2263 οὐκ
913 2211 1139 2281 ἴσχυσαν
1172 2213 1262 2265 τὸν
1289 2212 1411 2265 νοῦν
1443 2212 1610 2266 αὑτοῦ
1654 2216 1938 2283 πειρᾶσαι.

368 2297 609 2370 Πληγαῖς
639 2299 734 2354 οὖν
773 2301 934 2355 αὑτὸν
967 2302 1248 2372 κόψαντες,
1283 2301 1451 2372 ᾤοντο
1479 2304 1565 2357 διὰ
1607 2305 1704 2375 τῆς
1728 2302 1940 2374 θυρίδος

359 2389 598 2454 ἐξωθοῦν
650 2391 788 2462 μετὰ
835 2391 1035 2463 πολλῆς
1083 2393 1179 2462 τῆς
1204 2394 1344 2464 βίας,
1387 2392 1612 2465 θρύλλον
1662 2395 1942 2461 ποιοῦντες

358 2484 452 2535 καὶ
496 2482 951 2554 διαταράσσοντες
998 2487 1225 2548 ἑαυτοὺς
1269 2485 1473 2556 μᾶλλον
1519 2487 1664 2556 ήπερ
1711 2488 1938 2548 ἐκεῖνον,

357 2575 560 2639 φωναῖς
591 2573 826 2641 ἀσήμοις
863 2573 1093 2642 βοῶντες
1119 2589 1133 2604 ο
1162 2574 1228 2627 Τί
1262 2591 1344 2628 σοι
1391 2577 1486 2629 καὶ
1523 2579 1642 2639 ταῖς
1670 2576 1938 2647 ἐρήμοις;

357 2663 630 2733 ἁναχώρει
657 2663 764 2715 τῶν
794 2666 1104 2735 ἡμετέρων.
1149 2665 1289 2719 Ἀλλ’
1315 2669 1342 2721 ὸ
1375 2667 1648 2738 μακάριος
1677 2669 1943 2736 γενναίως

361 2755 562 2824 φέρων,
595 2755 686 2807 τὸν
718 2755 888 2808 τύπον
917 2756 1014 2808 τοῦ
1047 2757 1318 2828 σωτηρίου
1353 2759 1589 2831 σταυροῦ
1617 2762 1741 2812 κατ’
1762 2761 1942 2814 αὐτῶν

356 2844 720 2915 διαχαράξας,
785 2847 1156 2916 ἀτονωτέρους
1245 2849 1621 2904 ἀπεδείκνυεν.
1701 2853 1812 2904 Καὶ
1878 2853 1944 2924 δὴ

363 2939 578 3007 πρωίας
605 2939 903 3010 γενομένης
943 2940 1065 2994 κατ’
1105 2941 1354 2994 εὐδοκίαν
1399 2940 1494 2995 τοῦ
1539 2941 1697 3006 Θεοῦ,
1746 2945 1810 2996 ἐκ
1847 2944 1942 2996 τοῦ

360 3030 651 3100 εἰρημένου
690 3031 948 3094 πολλάκις
982 3032 1246 3102 ἐμπορίου
1283 3033 1671 3102 Ῥουφινιανὼν
1709 3037 1801 3088 καὶ
1848 3034 1942 3088 τοῦ

358 3122 538 3173 ἐκεῖσε
586 3122 948 3192 μοναστηρίου
989 3123 1355 3193 παρεγένοντο
1410 3124 1658 3188 πλείονες
1716 3125 1942 3196 μοναχοί

357 3230 419 3265 τε
443 3213 536 3268 καὶ
564 3219 819 3284 κοσμικοὶ
854 3217 946 3268 ἐπὶ
989 3217 1050 3268 τὸ
1092 3216 1457 3287 εὐλογηθῆναι
1502 3219 1596 3271 καὶ
1633 3218 1943 3272 ἀπολαῦσαι

358 3304 456 3375 τῆς
485 3303 782 3376 καλλίστης
810 3306 977 3360 αὐτοῦ
1009 3307 1322 3378 συντυχίας.
1364 3308 1455 3373 Ὠς
1479 3307 1536 3361 δέ
1570 3311 1634 3362 ἐκ
1670 3309 1769 3379 τῆς
1804 3309 1944 3373 ἄγαν

357 3396 468 3449 τῶν
496 3396 823 3467 ἀκαθάρτων
865 3399 1193 3468 πνευμάτων
1230 3400 1614 3470 ταλαιπωρίας
1659 3401 1812 3471 μόλις
1843 3402 1944 3454 αύ-

359 3491 470 3555 τοῖς
513 3489 611 3558 τὴν
648 3488 840 3559 θυρίδα
877 3490 1112 3560 ἀνέῳξεν
1159 3492 1255 3545 καὶ
1301 3493 1735 3564 παρακλητικοῖς
1765 3492 1945 3560 λόγοις

360 3581 629 3653 ἐκέχρητο
658 3581 864 3647 αὐτοῖς,
911 3581 987 3646 ὡς
1017 3583 1116 3649 τὴν
1156 3583 1338 3637 αίτίαν
1385 3584 1484 3653 τῆς
1517 3583 1790 3655 τοσαύτης
1819 3587 1946 3638 ἀτο-

359 3673 478 3736 νίας
507 3673 770 3727 ἐπύθοντο
794 3691 810 3706 ο
839 3674 934 3726 τοῦ
969 3676 1026 3727 δὲ
1054 3676 1328 3745 φήσαντος
1357 3675 1432 3746 μὴ
1473 3673 1616 3729 εἶναι
1637 3678 1945 3747 ,κακουχίαν

361 3766 702 3836 σωματικὴν,
750 3766 866 3821 ἀλλ’
903 3768 1186 3838 ἐνέργειαν
1237 3768 1584 3838 διαϐολικὴν,
1631 3770 1852 3835 γνόντες
1892 3769 1942 3821 oi

360 3858 625 3927 παρόντες
659 3858 941 3929 ἡσύχασαν
967 3874 982 3888 ·
1035 3858 1130 3911 καὶ
1168 3859 1474 3927 παράθεσιν
1523 3860 1942 3929 ἐξαιτησάμενοι

361 3949 686 4022 κατῄεισαν.
719 3951 1072 4021 Συχκιοτέρως
1118 3951 1174 4004 δὲ
1215 3953 1446 4022 ἤρχοντο
1474 3954 1610 4023 πρὸς
1655 3953 1944 4024 ἐπίσκεψιν

359 4041 551 4104 αὑτοῦ,
596 4041 835 4112 μάλιστα
873 4043 922 4094 οί
955 4045 1018 4094 ἐκ
1064 4042 1158 4095 τοῦ
1197 4041 1587 4112 μοναστηρίου.
1627 4042 1822 4112 Ἡμεῖς
1848 4039 1944 4096 οὖν

359 4134 497 4203 πρὸς
525 4137 584 4186 τὸ
618 4133 693 4204 μὴ
724 4134 876 4203 παρά
915 4133 975 4186 τὸ
1016 4135 1215 4207 μέτρον
1249 4134 1338 4188 τὸν
1370 4134 1528 4202 λόγον
1572 4135 1942 4205 μηκυνθῆναι,

357 4228 484 4290 τοὺς
533 4227 752 4290 λοιποὺς
795 4229 1136 4299 πειρασμοὺς
1179 4229 1237 4280 ἐν
1284 4227 1362 4298 τῷ
1407 4227 1660 4298 προτέρῳ
1701 4227 1816 4299 δρει
1848 4229 1945 4281 καὶ

359 4321 419 4371 ἐν
445 4318 620 4388 τούτῳ
649 4319 1051 4391 γεγενημένους
1075 4320 1162 4373 ἐπ’
1197 4319 1348 4389 αὐτῷ
1375 4321 1740 4391 διηγήσασθαι
1767 4334 1946 4391 παρῃ-

357 4413 649 4482 τησάμεθα
672 4429 684 4442 ·
722 4412 817 4464 καὶ
839 4414 948 4482 γὰρ
976 4414 1055 4475 είς
1098 4412 1330 4480 ἄγγελον
1363 4413 1542 4481 φωτὸς
1584 4413 1944 4483 μεταϐληθεὶς

2040 1933 2183 1986 enim
2220 1941 2378 1987 nocte
2413 1947 2479 1987 eo
2525 1942 2738 2000 orante,
2795 1935 3118 1990 accedentes
3156 1937 3430 1991 dtemones
3461 1939 3622 1990 innu-

2041 2024 2353 2090 merabiles,
2401 2025 2739 2080 diversarum
2767 2027 3036 2081 visionum
3071 2028 3284 2097 species
3309 2044 3420 2098 prae
3453 2044 3509 2084 se
3541 2028 3622 2083 le-

2041 2126 2245 2182 rentes,
2272 2126 2597 2185 strepentes,
2629 2118 2925 2187 rugientes,
2966 2120 3256 2185 minantes,
3286 2135 3391 2174 non
3431 2131 3623 2189 potue-

2041 2217 2170 2262 runt
2222 2221 2456 2263 mentem
2493 2209 2610 2279 ejus
2665 2207 2894 2266 terrere.
2931 2211 3066 2266 Cum
3102 2227 3224 2266 eum
3259 2227 3390 2281 ergo
3445 2212 3620 2282 plagis

2041 2302 2374 2368 aﬂ‘ecissent,
2411 2304 2672 2372 putabant
2702 2303 2818 2359 fore
2847 2313 2904 2359 ut
2927 2321 2987 2360 se
3017 2306 3328 2361 deturbaret
3350 2321 3446 2375 per
3474 2307 3624 2361 l'ene-

2042 2405 2253 2461 stram,
2291 2410 2413 2449 cmn
2465 2396 2518 2448 vi
2566 2411 2758 2466 magna
2809 2397 3100 2450 tumultum
3151 2399 3412 2464 edentes,
3461 2409 3512 2452 et
3540 2415 3628 2454 δας

2044 2487 2190 2554 ipsos
2223 2486 2394 2556 magis
2417 2502 2576 2556 quam
2605 2487 2754 2540 illum
2784 2488 3193 2551 conturbantes,
3219 2488 3508 2544 inconditis
3532 2505 3631 2544 vo-

2043 2579 2196 2631 cibus
2220 2579 2583 2634 exclamantes
2619 2578 2790 2645 :Quid
2815 2579 2910 2634 tibi
2941 2595 3063 2634 cum
3095 2582 3296 2636 nostris
3339 2581 3569 2636 desertis
3598 2582 3624 2635 2

2046 2668 2260 2724 Recede
2313 2688 2342 2724 a
2397 2673 2563 2726 rebus
2604 2673 2825 2735 nostris,
2873 2673 3017 2727 male
3061 2674 3205 2728 enim
3233 2689 3293 2727 es
3329 2674 3624 2741 periturus.

2046 2762 2153 2817 Sed
2215 2764 2407 2816 beatus
2447 2765 2752 2818 Auxentius
2806 2762 3019 2819 fortiter
3049 2763 3252 2830 ferens,
3277 2766 3457 2818 crucis
3489 2764 3628 2834 [igu-

2045 2865 2162 2903 ram
2197 2851 2250 2904 in
2279 2865 2374 2905 eos
2424 2853 2751 2918 exprimens,
2788 2853 3021 2906 reddidit
3063 2854 3468 2908 imbecillioi'es.
3489 2855 3625 2908 Cum

2016 2988 2019 2990 _
2047 2939 2242 2992 fuisset
2292 2947 2475 2992 autem
2508 2955 2690 3004 mane,
2717 2950 2773 2996 ut
2819 2940 2928 2996 Deo
2961 2943 3190 3013 placuit,
3216 2957 3280 2996 ex
3311 2958 3454 3012 saepe
3481 2942 3628 2998 dicto

2044 3029 2288 3098 emporio
2321 3027 2776 3096 Rulllnianarum,
2812 3041 2865 3085 et
2897 3047 2984 3098 eo,
3030 3033 3174 3102 quod
3200 3031 3305 3086 illic
3334 3043 3472 3094 erat,
3508 3048 3628 3087 mo-

1971 3147 2016 3208 ο
2049 3120 2309 3184 nasterio,
2361 3131 2713 3176 accesserunt
2737 3124 2922 3190 plures
2972 3123 3227 3178 monachi
3262 3134 3317 3178 et
3340 3124 3628 3189 mundani,

2047 3222 2102 3265 ut
2157 3211 2592 3268 benedictionem
2624 3213 2693 3268 ab
2719 3229 2785 3269 eo
2809 3224 3275 3285 consequerentur
3299 3225 3354 3270 et
3384 3214 3632 3270 frueren-

2047 3311 2135 3356 tur
2173 3303 2545 3372 pulcherrima
2599 3307 2718 3374 ejus
2773 3305 3146 3360 contentione.
3183 3305 3316 3361 Cum
3353 3321 3480 3361 vero
3505 3321 3630 3375 pro-

2047 3401 2168 3460 pter
2219 3394 2444 3448 nimiam
2503 3394 2910 3449 immundorum
2945 3396 3241 3464 spirituum
3277 3393 3628 3452 aﬂlictionem

2048 3484 2141 3536 vix
2167 3486 2384 3538 tandem
2410 3485 2490 3539 eis
2523 3485 2826 3554 aperuisset
2861 3485 3186 3552 fenestram,
3208 3496 3261 3539 et
3299 3487 3479 3542 verbis
3501 3501 3631 3541 usus

2045 3586 2189 3629 esset
2224 3579 2365 3642 apud
2385 3591 2479 3632 eos
2504 3577 2907 3642 consolatoriis,
2931 3587 3193 3646 rogarunt
3225 3593 3445 3633 causam
3468 3587 3631 3634 tantae

2046 3662 2466 3718 imbecillitatis.
2501 3663 2638 3718 Cum
2673 3667 2721 3720 is
2771 3677 2952 3720 autem
2989 3667 3236 3733 dixisset,
3269 3683 3376 3722 non
3407 3683 3526 3723 esse
3548 3668 3632 3723 af-

2045 3751 2341 3805 ﬂictionem
2365 3751 2628 3821 corporis,
2657 3754 2750 3808 sed
2776 3753 3102 3808 diabolicam
3143 3757 3538 3826 operationem,
3570 3758 3629 3818 id

2043 3853 2459 3913 cognoscentes,
2503 3845 2592 3914 qui
2639 3847 2886 3911 aderant,
2929 3847 3199 3901 siluerunt
3229 3857 3284 3903 et
3315 3849 3627 3903 contentio-

2045 3955 2171 3994 nem
2201 3941 2404 3995 anlerri
2433 3941 2791 4011 deprecantes
2822 3945 3242 3999 descendebant.
3265 3944 3631 4015 Frequentius

2045 4044 2228 4090 autem
2288 4037 2620 4092 accedebant
2649 4039 2714 4092 ad
2748 4053 2874 4093 eum
2907 4039 3238 4095 visitandum
3271 4041 3505 4098 maxime
3532 4043 3627 4114 qui

2045 4137 2203 4183 erant
2232 4142 2297 4183 ex
2349 4129 2718 4195 monasterio;
2749 4145 2850 4185 nos
2899 4147 3054 4196 vero,
3091 4147 3157 4187 ne
3211 4133 3266 4187 in
3295 4133 3626 4190 immensum

2046 4229 2320 4278 cresceret
2351 4223 2552 4286 oratio,
2584 4223 2820 4293 reliquas
2847 4225 3195 4290 tentationes,
3227 4241 3348 4296 qua:
3379 4227 3430 4280 in
3457 4227 3626 4297 priori

2047 4323 2233 4365 monte
2282 4299 2338 4366 et
2364 4313 2416 4366 in
2455 4313 2561 4367 hoc
2597 4311 2756 4368 factae
2784 4324 2911 4368 sunt
2947 4318 2999 4368 in
3029 4331 3174 4379 eum,
3209 4331 3436 4370 narrare
3467 4333 3627 4373 recu-

2048 4403 2306 4458 savimus.
2343 4403 2398 4458 In
2430 4405 2677 4476 angelum
2703 4408 2850 4461 enim
2879 4407 3020 4462 lucis
3055 4417 3295 4462 ntulatus
3330 4409 3628 4477 malignus,

359 4508 390 4560 ὁ
433 4507 695 4578 πονηρὸς,
737 4505 813 4569 ὥς
849 4523 1014 4576 φησιν
1063 4509 1091 4559 ὁ
1137 4507 1480 4571 ’Λπόστολο;,
1515 4508 1731 4578 ἁπατᾷν
1781 4507 1940 4560 αὐτὸν

2052 4508 2110 4551 ut
2135 4497 2266 4552 dicit
2295 4498 2591 4566 Apostolus
2625 4499 2697 4562 “,
2731 4500 2956 4567 putabat
2987 4513 3047 4553 se
3083 4513 3207 4553 eum
3241 4501 3628 4568 decepturum.

325 4598 518 4670 ,ᾧετο,
552 4599 668 4653 ἀλλ’
697 4597 798 4651 οὐκ
840 4593 908 4668 ἦν
948 4598 1217 4662 εὐάλωτος
1253 4601 1282 4651 ό
1315 4598 1610 4668 μακάριος,
1648 4598 1854 4668 σφόδρα
1885 4596 1944 4651 δὲ

362 4689 563 4760 μᾶλλον
595 4689 857 4758 ἔμπειρος
904 4691 968 4742 ἐκ
1005 4689 1106 4758 τῆς
1149 4688 1257 4742 τῶν
1300 4689 1462 4742 θείων
1506 4689 1736 4758 Γραφῶν
1795 4689 1944 4742 διδα⁴

361 4779 609 4841 σκαλίας.

433 4871 568 4924 ΜΕ’.
596 4869 762 4922 Ὅθεν
803 4869 898 4923 καὶ
940 4871 1054 4934 τοῖς
1099 4870 1494 4942 συντρέχουσιν
1533 4873 1597 4925 ἐκ
1643 4871 1743 4940 τῆς
1774 4888 1946 4941 μεγαο

359 4962 611 5032 λωνύμου
651 4964 1275 5028 Κωνσταντινουπόλεως
1321 4965 1415 5018 καὶ
1447 4967 1557 5028 τοῖς
1599 4965 1804 5029 λοιποῖς
1836 4965 1946 5018 τῶν

361 5057 673 5125 ἐπιχωρίων
723 5057 1003 5126 προσηνὴς
1043 5052 1112 5127 ἧν
1162 5058 1257 5110 καὶ
1303 5057 1739 5127 παρακλητικὸς,
1773 5061 1822 5110 εί
1853 5058 1946 5112 καί

359 5164 442 5210 τις
468 5146 650 5211 ἄλλος,
701 5148 800 5217 τῆς
852 5149 1053 5218 ἀρετῆς
1105 5147 1214 5200 τῶν
1268 5147 1444 5216 λόγων
1481 5147 1648 5203 αὑτοῦ
1697 5147 1946 5212 ἅπαντας

361 5238 856 5308 προσκαλουμένης
879 5239 1094 5308 καὶτῆς
1121 5239 1248 5308 περὶ
1278 5239 1443 5292 αὑτοῦ
1477 5240 1666 5310 φήμης
1695 5240 1791 5292 καὶ
1819 5239 1944 5302 τοὺς

361 5332 550 5403 πορῤω
578 5331 954 5400 ἐφελκομένης
979 5345 994 5361 °
1024 5333 1167 5385 κατά
1195 5331 1287 5385 οὖν
1319 5331 1380 5385 τὸ
1411 5331 1600 5396 εἰωθὸς
1639 5331 1788 5402 αύτῷ
1819 5331 1944 5394 τοὺς

316 5418 318 5420 ⁷
361 5423 604 5494 πρωϊθεν
636 5424 966 5495 ἐρχομένους
1005 5425 1146 5494 μετά
1174 5426 1366 5496 τρίτην
1399 5426 1548 5497 ὥραν
1584 5427 1819 5480 ἀπέλυεν
1849 5425 1944 5480 καὶ

358 5517 486 5580 τοὺς
519 5516 708 5569 ἔπειτα
745 5517 887 5586 μετὰ
913 5517 1012 5588 τὴν
1037 5519 1223 5587 ’ἐκτηνο
1258 5520 1357 5574 οὐκ
1390 5522 1448 5573 ἐν
1487 5520 1656 5590 ἀργία
1688 5519 1746 5572 δὲ
1769 5534 1943 5590 προσ·

361 5608 602 5678 εδρεύειν
637 5611 766 5672 τοὺς
808 5611 1278 5682 ἐπισυνηγμένους
1326 5613 1495 5682 ἠφίει,
1531 5614 1648 5666 ἀλλ’
1699 5613 1730 5685 ἦ
1771 5617 1830 5667 ἐν
1865 5613 1943 5682 τῷ

429 5791 472 5821 ⁸³
500 5789 745 5854 Psal.cr.
821 5796 866 5828 “
906 5796 948 5852 ll
973 5797 1099 5853 Cor.
1135 5813 1172 5852 ι.

2049 4588 2155 4645 Sed
2207 4605 2313 4644 non
2371 4589 2527 4644 facile
2560 4588 2680 4659 capi
2711 4599 2952 4660 poterat
3017 4591 3206 4645 beatus
3256 4608 3272 4644 :
3309 4599 3366 4644 et
3402 4591 3627 4658 pulchre

2047 4683 2358 4748 resistebat,
2383 4699 2505 4738 eum
2531 4694 2677 4738 esset
2707 4683 2860 4737 valde
2881 4685 3090 4753 peritus
3116 4685 3381 4742 doctrinae
3410 4687 3627 4742 divina-

2049 4791 2170 4831 rum
2209 4774 2640 4844 Scripturarum.
2860 4829 2872 4839 ,

2121 4867 2284 4922 XLV.
2317 4867 2472 4924 Unde
2499 4868 2665 4922 etiam
2706 4869 2773 4923 iis
2804 4870 2896 4939 qui
2929 4870 2995 4924 ad
3023 4869 3202 4940 ipsum
3229 4871 3631 4928 conveniebant

2048 4976 2115 5016 ex
2149 4963 2451 5018 clarissima
2484 4960 2960 5030 Constantinopoli
2992 4974 3043 5017 et
3084 4964 3328 5033 -l‘e|iquis
3373 4965 3493 5034 ejus
3527 4965 3628 5020 loci

2053 5057 2386 5120 hominibus,
2419 5063 2540 5110 erat
2591 5053 2746 5108 valde
2797 5054 2944 5107 mitis
2977 5064 3031 5108 et
3059 5054 3326 5122 placidus,
3360 5067 3413 5111 et
3438 5059 3504 5110 ad
3535 5073 3630 5113 eos

2051 5146 2416 5205 consolandos
2473 5144 2957 5208 accommodatus,
3017 5153 3076 5197 ut
3139 5145 3185 5198 si
3252 5139 3574 5214 quisf'alius
3611 5187 3628 5214 ,

2051 5257 2242 5298 omnes
2296 5241 2597 5295 advocante
2649 5237 2769 5309 ejus
2820 5238 3107 5292 verborum
3158 5239 3382 5305 virtute,
3423 5235 3477 5300 et
3510 5240 3629 5312 ejus

2052 5336 2198 5391 fama
2257 5333 2509 5388 trahente
2537 5345 2630 5386 eos
2661 5331 2823 5384 etiam
2859 5331 2950 5400 qui
2993 5330 3182 5398 procul
3217 5341 3372 5385 erant
3404 5331 3620 5385 remoti.

2055 5425 2123 5481 Ut
2151 5440 2282 5496 ergo
2310 5430 2690 5486 consueverat,
2727 5435 2822 5476 cos
2849 5421 2940 5489 qui
3007 5435 3168 5476 mane
3200 5422 3512 5485 veniebant,
3549 5421 3631 5474 di-

2036 5515 2307 5572 mittebat
2352 5523 2474 5584 post
2525 5516 2716 5569 horam
2745 5513 2962 5569 tertiam
2999 5524 3098 5568 :et
3137 5501 3477 5586 quigpﬁstea,
3510 5522 3633 5584 post

2053 5621 2285 5667 sextam.
2323 5607 2437 5662 Non
2472 5608 2688 5663 sinebat
2722 5617 2904 5662 autem
2935 5606 2990 5660 in
3041 5604 3154 5659 etio
3209 5603 3492 5659 considere
3539 5617 3636 5658 eos
