4160 6410
530 270 670 336 1417

1796 265 1975 329 νιΤΑ
2013 268 2072 328 S.
2110 266 2512 330 AUXENTII.

3663 277 3800 343 l’tiS

520 385 658 457 οὔσῃ
709 388 809 440 καὶ
864 381 1268 455 πεπηρωμένῃ,
1304 382 1380 447 ὡς
1434 381 1570 453 μήτε
1621 379 1725 452 τὴν
1754 378 2097 434 διδασκαλίαι

2216 378 2448 448 Oportet
2480 395 2613 451 ergo
2660 373 2827 439 menti
2877 394 3098 453 nostra,
3135 400 3257 458 qua:
3290 388 3361 444 ita
3391 399 3475 446 est
3504 403 3797 460 occmcata,

524 479 637 533 τῶν
660 478 825 532 θείων
857 477 1089 548 Γραφῶν
1122 475 1487 545 εἰσδέχεσθαι,
1517 474 1550 545 ἢ
1579 475 1887 536 κατανοεῖν,
1914 470 2111 542 ὁδηγὸν

524 573 849 624 ἐπισπεῖσαι
882 570 976 624 τὸν
1015 568 1217 638 εὐσεϐῆ
1251 566 1515 636 λογισμὸν
1551 566 1645 619 καὶ
1671 564 2107 635 προηγουμένως

525 662 618 717 τὸν
651 663 816 732 φόϐον
844 660 940 715 τοῦ
992 659 1155 725 Θεοῦ,
1208 660 1358 721 ὅστις
1393 656 1756 729 κατορθοῦται
1793 656 1882 710 διὰ
1917 672 2111 724 συχνο-

523 755 691 825 τέρας
711 753 948 825 δεήσεως
990 768 1049 805 τε
1072 752 1168 805 καὶ
1199 750 1511 821 προσευχῆς
1541 749 1679 820 πρὸς
1706 748 1769 802 τὸ
1806 746 2108 803 ἀπολιποῦ-

525 862 629 899 σαν
685 848 756 899 τὰ
812 843 989 915 γεώδη
1046 845 1147 896 καὶ
1198 842 1439 913 φθαρτὰ,
1498 844 1591 895 ἐπὶ
1646 841 1714 895 τά
1751 842 1983 910 οὐράνια
2012 840 2108 897 καὶ

516 938 777 1008 ἄφθαρτα
807 936 1142 990 ἀποϐλέπειν
1192 936 1524 1006 πράγματα.
1559 933 1622 987 '0
1648 936 1758 1004 γὰρ
1796 933 2108 1003 διορατικὸς

520 1033 588 1102 τῇ
638 1029 784 1101 ψυχῇ
816 1029 914 1082 καὶ
967 1029 1404 1098 πεπαιδευμένος
1454 1030 1521 1098 τῇ
1556 1026 1791 1095 διανοίᾳ,
1826 1026 1888 1080 οὐ
1943 1025 2105 1094 μόνον

516 1123 633 1182 τοῖς
665 1121 1004 1189 σωματικοῖς
1027 1117 1330 1186 ὀφθαλμοῖς
1358 1117 1647 1187 ἐπιτρέπει
1692 1114 1792 1186 τὴν
1820 1113 1930 1167 τῶν
1968 1115 2109 1183 ὁρω-

523 1212 702 1283 μένων
722 1211 1181 1280 ἐπίσκεψιν,ἀλλά
1200 1210 1426 1273 καὶτοῖς
1447 1210 1541 1280 τῆς
1553 1210 1734 1279 ψυχῆς
1755 1208 1884 1278 μᾶλ)
1897 1225 1953 1261 ον
1972 1209 2072 1260 ἐνα
2086 1234 2103 1247 -

517 1303 753 1367 τενίζειν
790 1304 872 1366 εἰς
923 1302 1023 1374 τὴν
1052 1304 1162 1357 τῶν
1200 1304 1449 1373 ἀοράτων
1479 1302 1808 1370 κατανόησιν
1832 1315 1847 1330 ⁶
1877 1298 2103 1370 θεωρῶν

520 1396 620 1464 μὲν
643 1394 750 1447 τῶν
782 1396 1087 1466 νοουμένων
1121 1413 1179 1449 τε
1211 1398 1306 1447 καὶ
1352 1395 1460 1448 τῶν
1485 1391 1896 1462 πιπευομένων
1922 1392 2100 1447 ἀπλα.

517 1484 624 1547 νὼς
664 1486 761 1553 τὴν
811 1485 1146 1548 ὑπόστασιν,
1185 1483 1401 1552 φεύγων
1437 1484 1493 1536 δὲ
1535 1483 1633 1553 τὴν
1669 1478 2101 1549 πεπλανημένην

517 1577 612 1631 καὶ
655 1578 936 1647 μοχθηρὰν
979 1578 1072 1630 τοῦ
1103 1576 1219 1646 βίου
1258 1574 1636 1647 προσπάθειαν
1680 1572 1775 1626 καὶ
1804 1569 2101 1641 γυμνάζων

515 1669 760 1740 ἀκριϐἐις
787 1671 856 1722 τὰ
879 1668 1212 1740 αἰσθητήρια
1240 1669 1378 1737 πρὸς
1412 1669 1511 1739 τὴν
1540 1664 1634 1719 τοῦ
1669 1664 1839 1719 καλοῦ
1875 1662 1970 1716 καὶ
2000 1677 2102 1715 κα-

2212 480 2278 529 ,ut
2303 486 2479 541 neque
2496 472 2806 530 divinarum
2832 475 3244 547 Scripturarum
3271 479 3577 538 doctrinam
3598 486 3801 541 admit-

2218 570 2294 616 tat
2357 574 2451 619 aut
2482 565 2772 634 intelligat,
2797 569 3060 627 adbibere
3101 571 3295 629 ducem
3324 574 3468 644 piam
3500 577 3795 643 rationem,

2210 665 2266 708 et
2291 656 2566 725 praecipue
2600 658 2850 716 timorem
2895 660 3015 730 Dei,
3041 665 3134 735 qui
3162 678 3309 724 recte
3324 682 3423 723 suo
3445 668 3691 740 fungitur
3715 673 3797 729 of-

2215 745 2340 802 ﬁcio
2377 764 2476 818 per
2500 750 2842 820 frequentera
2876 758 3204 824 orationem,
3246 760 3313 815 ad
3349 760 3450 818 hoc
3481 772 3560 832 ut,
3590 765 3798 824 relictis

2214 839 2380 895 rebus
2411 844 2762 900 terrestribus
2788 857 2843 901 et
2864 846 2921 902 in
2952 851 3247 918 quascadit
3269 852 3552 924 interitus,
3583 860 3652 914 ad
3681 874 3799 917 cte-

2210 928 2371 987 lestia
2434 934 2723 1005 suspiciat.
2776 938 2880 1005 Qui
2914 942 3059 996 enim
3099 954 3185 1001 est
3215 945 3398 1003 animo
3422 952 3709 1021 perspicax
3738 963 3798 1009 et

2213 1035 2395 1079 mente
2419 1030 2689 1096 eruditus,
2714 1046 2818 1088 non
2847 1035 3126 1103 corporeis
3153 1038 3330 1093 solum
3362 1044 3586 1099 mandat
3615 1046 3797 1103 oculis

2211 1111 2603 1183 inspectionem
2638 1135 2825 1177 eorum
2873 1139 2994 1195 qua)
3041 1137 3381 1196 cernuntur,
3452 1134 3547 1189 sed
3598 1135 3794 1190 animae

2211 1222 2451 1279 quoque,
2487 1220 2651 1282 atque
2691 1214 2828 1270 adeo
2871 1216 3044 1271 multo
3077 1219 3271 1291 magis,
3309 1223 3485 1279 oculis
3512 1224 3797 1284 intendere

2210 1301 2708 1360 considerationem
2764 1321 2954 1361 eorum
2989 1324 3109 1378 qua:
3135 1328 3239 1366 non
3275 1313 3476 1369 cadunt
3511 1316 3613 1369 sub
3635 1332 3792 1387 aspe-

2208 1398 2381 1457 ctum,
2417 1407 2603 1448 eorum
2663 1410 2784 1465 quae
2830 1395 3195 1470 intelligentia
3226 1404 3625 1473 percipiuntur,
3660 1424 3795 1462 con-

2209 1485 2478 1553 templans
2534 1487 2653 1542 sine
2692 1503 2880 1545 errore
2929 1492 3318 1561 substantiam,
3356 1495 3584 1571 {fugiens
3612 1509 3794 1555 autem

2208 1588 2485 1632 errantem
2520 1586 2575 1633 et
2615 1579 2919 1651 improbam
2947 1585 3069 1639 vita:
3095 1584 3465 1653 aﬂcclionem,
3515 1598 3570 1644 et
3599 1606 3796 1647 sensus

2208 1667 2499 1738 diligenter
2532 1685 2796 1729 exercens
2843 1673 2910 1728 ad
2949 1674 3072 1729 boni
3119 1685 3175 1730 et
3220 1677 3347 1732 mali
3379 1680 3791 1738 discretionem.

515 1760 615 1816 κοῦ
670 1761 966 1833 διάκρισιν.
1036 1760 1401 1824 Ἀποστάντες
1460 1762 1571 1831 γὰρ
1617 1760 1666 1813 oi
1698 1757 1977 1825 ἄνθρωποι
2001 1755 2097 1824 τῆς

2207 1753 2471 1814 Homines
2500 1760 2671 1826 enim,
2705 1761 2850 1831 quia
2884 1777 3017 1817 cura
3044 1771 3101 1819 et
3130 1765 3309 1821 studio
3352 1767 3494 1837 ejus,
3530 1771 3676 1839 quod
3710 1783 3795 1826 est

515 1849 644 1921 περὶ
689 1850 787 1904 τοῦ
817 1851 990 1915 όντως
1025 1850 1235 1920 ἀγαθοῦ
1268 1851 1504 1920 σπουδῆς
1538 1867 1598 1902 τε
1649 1849 1747 1903 καὶ
1776 1844 2101 1916 ἐπιμελείας

512 1941 609 1996 ἐπὶ
639 1941 851 2011 ἔρωτας
881 1942 1153 2014 σωμάτων
1181 1942 1280 1997 καὶ
1313 1944 1411 2013 τὴν
1441 1941 1649 2012 ἄψυχον
1671 1940 1803 2010 ὖλην
1828 1939 1939 1994 τῶν
1962 1956 2102 2009 χρη-

514 2034 704 2107 μάτων
730 2033 822 2088 διὰ
853 2035 953 2104 τῆς
984 2034 1305 2100 πλεονεξίας
1335 2032 1779 2100 κατωλίσθησαν,
1826 2030 1926 2083 καὶ
1966 2029 2100 2100 περὶ

512 2127 609 2179 τὸν
664 2126 858 2196 λαιμὸν
898 2125 995 2180 καὶ
1051 2124 1151 2197 τὴν
1187 2125 1432 2196 γαστέρα
1484 2124 1583 2196 τὴν
1638 2124 1822 2177 πᾶσαν
1858 2123 2099 2193 σπουδὴν

511 2216 720 2282 ἔθεντο,
749 2217 871 2271 ὅθεν
910 2219 1041 2289 ἡμῖν
1073 2219 1168 2272 καὶ
1202 2218 1235 2288 ἡ
1289 2217 1495 2288 ἀρχαία
1541 2216 1819 2278 ἔκπτωσις
1871 2213 2095 2285 συνέϐη.

513 2309 576 2362 Et
608 2308 701 2364 οὖν
730 2308 938 2364 τούτων
972 2310 1337 2373 ἀποστάντες,
1383 2309 1482 2378 τὴν
1511 2307 1691 2379 ψυχὴν
1722 2308 1816 2361 ἐπὶ
1864 2307 1932 2362 τέι
1960 2305 2100 2359 θειό-

509 2416 649 2472 τερα
706 2401 1102 2471 πτερώσωμεν,
1162 2400 1566 2471 ἀπολαύσωμεν
1598 2401 1698 2471 τῆς
1747 2398 2097 2469 μεγαλοπρε-

512 2492 674 2557 πείας
711 2493 953 2563 ἐκείνης,
993 2493 1092 2561 τῆς
1145 2494 1470 2564 ἐπηρμένης
1517 2492 1620 2564 μὲν
1675 2491 1815 2563 ὑπὲρ
1847 2491 1957 2543 ἀνω
1990 2490 2098 2542 τῶν

510 2586 782 2658 οὐρανῶν,
813 2588 1238 2658 ἐπηγγελμένης
1278 2587 1336 2640 δὲ
1367 2588 1502 2640 πᾶσι
1523 2588 1637 2649 τοῖς
1667 2585 1972 2648 ἐκλεκτοῖς,
2001 2584 2099 2636 καὶ

508 2678 664 2731 οὐδὲν
685 2678 795 2731 ἀπὸ
821 2676 924 2747 τῆς
952 2678 1045 2731 τοῦ
1078 2677 1331 2748 σώματος
1376 2676 1757 2748 προσπαθείας
1793 2673 2097 2746 πεισόμεθα

510 2768 708 2831 κακὸν,
739 2768 854 2822 ἀλλ’
880 2768 1023 2833 ἄξιοι
1046 2768 1321 2839 γενόμεθα
1352 2768 1460 2823 τῶν
1494 2767 1734 2822 αἰωνίων
1766 2763 2006 2834 ἀγαθῶν.
2038 2764 2096 2819 '0

509 2862 621 2933 γὰρ
646 2861 781 2924 Θεὸς
813 2860 1200 2925 αὑτεξουσίους
1241 2861 1389 2930 ἡμᾶς
1417 2863 1678 2931 ἐποίησεν
1701 2859 1822 2914 οὐδὲ
1857 2859 1959 2931 μιᾷ
1988 2858 2096 2912 τῶν

508 2955 711 3020 ἔξωθεν
734 2955 951 3042 ἀνάγκη
970 2952 1426 3023 δεδουλωμένους,
1455 2953 1594 3006 ἀλλὰ.
1608 2955 1675 3023 τῇ
1697 2952 1878 3022 οξκείᾳ.
1897 2948 2094 3022 γνώμῃ

505 3048 570 3103 τὸ
596 3048 835 3120 ἀρέσκον
871 3050 1004 3119 ἡμῖν
1034 3048 1157 3102 κατ’
1186 3047 1439 3113 ἐξουσίαν
1475 3048 1863 3118 αἱρουμένους.

578 3140 716 3196 MG'.
747 3141 861 3212 Τὴν
888 3140 998 3212 γὰρ
1029 3139 1317 3211 συμφορὰν
1346 3139 1554 3211 ταύτην
1595 3140 1695 3211 τὴν
1729 3139 1823 3194 νῦν
1855 3137 2096 3212 κρατοῦ-

513 3248 615 3289 σαν
639 3233 701 3286 τὸ
754 3231 1102 3303 ἀνθρώπινον
1146 3232 1306 3302 γένος
1335 3234 1405 3304 τῇ
1443 3232 1632 3305 ἀπάτῃ
1668 3231 2099 3302 παρενεχθέντες

507 3323 968 3396 ἐπισπασάμεθα,
1010 3325 1072 3379 οὐ
1103 3324 1257 3396 παρά
1284 3321 1423 3377 Θεοῦ
1461 3321 1782 3394 γενομένην,
1842 3322 1926 3377 ὅτι
1962 3321 2097 3389 Θεὸς

507 3414 740 3472 θάνατον
786 3417 889 3472 οὐκ
946 3417 1229 3488 ἐποίησεν,
1283 3414 1404 3470 οὐδὲ
1440 3413 1707 3486 τέρπεται
1732 3413 1819 3468 ἐπ’
1847 3413 2096 3484 ἀπωλείᾳ

506 3508 751 3576 ζώντων,
779 3509 920 3564 ἀλλὰ
940 3509 1147 3579 τρόπον
1183 3508 1305 3564 τινά
1327 3511 1492 3582 ἡμεῖς
1524 3508 1742 3564 κτίσται
1773 3507 1867 3562 τοῦ
1915 3505 2092 3564 κακοῦ

507 3599 776 3671 γινόμεθα
805 3602 856 3654 οί
898 3600 1202 3671 ἄνθρωποι.
1234 3599 1449 3672 Ὥσπερ
1476 3600 1586 3670 γὰρ
1625 3600 1685 3653 τὸ
1707 3597 1939 3670 ἡλιακὸν
1975 3598 2095 3668 φῶς

507 3694 665 3762 κοινῇ
722 3691 1048 3762 πρόσκειται
1108 3692 1274 3745 πᾶσιν
1330 3687 1412 3756 οἷς
1463 3693 1498 3762 ἡ
1551 3690 1782 3761 δύναμις
1832 3689 1930 3745 τοῦ
1958 3691 2094 3763 όρᾷν

508 3784 794 3857 πρόσεστι,
819 3783 1046 3838 δύναταί
1074 3801 1180 3850 τις,
1212 3784 1309 3837 ἐὰν
1359 3782 1623 3855 βουληθῇ,
1676 3780 1974 3854 καμμύσας
2000 3782 2092 3837 τὸν

507 3875 809 3947 ὀφθαλμὸν,
834 3876 1172 3948 χωρισθῆναι
1200 3876 1299 3945 τῆς
1318 3876 1413 3930 τοῦ
1438 3876 1615 3945 φωτὸς
1640 3875 1873 3947 δωρεᾶς,
1902 3874 1963 3928 οὐ
1993 3872 2090 3927 τοῦ

507 3966 662 4037 ἡλίου
694 3968 757 4020 τὸ
817 3968 1011 4041 σκότος
1064 3964 1122 4021 ἐν
1161 3964 1356 4037 ἐκείνῳ
1412 3969 1763 4038 ποιήσαντος,
1805 3968 1944 4022 ἀλλὰ
1995 3964 2089 4022 τοῦ

506 4058 958 4130 ἀποστραφέντος
1007 4058 1109 4130 τὴν
1165 4058 1342 4129 αὐγὴν
1392 4061 1493 4131 τῆς
1549 4061 1768 4124 ἀκτῖνος
1823 4061 2091 4124 ἑκουσίως

505 4150 946 4223 ἐφελκυσαμένου
972 4151 1032 4205 τὸ
1062 4153 1274 4217 σκότος,
1296 4151 1485 4223 ὥσπερ
1515 4152 1672 4218 εἴτις
1700 4154 1881 4210 οἰκίαν
1913 4154 2091 4226 ἑαυτῷ

506 4245 962 4311 κατασκευάζων,
999 4246 1274 4317 μηδεμίαν
1313 4244 1535 4316 ὲντέμοι
1576 4246 1655 4318 τῷ
1696 4249 1836 4317 φωτὶ
1866 4248 1964 4318 τὴν
1996 4248 2090 4302 ἐπὶ

504 4339 573 4392 τά
604 4338 713 4391 ἔσω
761 4338 1015 4410 πάροδον,
1070 4338 1287 4409 ἀναυγῆ
1335 4340 1709 4410 ἀπεργάζεται
1756 4341 1855 4410 τὴν
1883 4341 2086 4406 οἰκίαν,

2208 1864 2342 1906 vere
2361 1850 2589 1917 bonum,
2614 1851 2957 1918 defecerunt,
2981 1856 3049 1911 ad
3087 1870 3328 1913 amorem
3362 1876 3676 1931 corporum,
3708 1873 3795 1918 at-

2209 1955 2316 2011 que
2374 1941 2673 1998 inanimam
2717 1946 2963 2014 pecunia:
3010 1947 3319 2015 tnateriam,
3352 1964 3453 2021 per
3503 1953 3791 2008 avaritiam

2208 2033 2446 2105 prolapsi
2490 2045 2619 2090 sunt
2641 2046 2698 2091 et
2722 2037 2865 2092 circa
2889 2038 3065 2107 gulam
3087 2053 3153 2093 ac
3182 2050 3429 2097 ventrem
3454 2057 3616 2099 omne
3631 2059 3791 2101 suum

2208 2123 2451 2179 studium
2476 2135 2793 2196 posuerunt.
2822 2125 2977 2183 Unde
3002 2128 3159 2185 nobis
3181 2145 3401 2201 quoque
3426 2133 3686 2206 antiquus
3714 2136 3794 2190 lu-

2208 2231 2341 2285 psus
2373 2217 2624 2288 contigit.
2648 2218 2751 2284 Qui
2786 2233 2918 2289 ergo
2943 2220 3011 2274 ab
3043 2221 3126 2278 his
3151 2221 3480 2290 defecimus,
3514 2228 3793 2297 erigamus

2209 2305 2452 2360 animum
2502 2310 2570 2360 ad
2617 2323 2680 2363 ea
2729 2322 2851 2378 qua:
2879 2320 3005 2364 sunt
3050 2311 3340 2369 diviniora.
3401 2313 3671 2370 Fruamur
3700 2317 3793 2372 illa

2209 2397 2639 2464 magniﬁcentia,
2697 2413 2817 2468 quae
2847 2410 2933 2456 est
2972 2416 3141 2472 supra
3173 2404 3342 2459 cados
3375 2405 3596 2475 quidem
3628 2407 3792 2475 elata,

2208 2489 2480 2557 promissa
2511 2499 2596 2544 est
2650 2502 2832 2546 autem
2872 2492 3127 2550 omnibus
3151 2494 3342 2550 electis
3375 2512 3390 2551 :
3419 2506 3477 2551 et
3506 2497 3640 2552 nihil
3670 2500 3795 2553 mali

2208 2581 2482 2651 patiamur
2512 2598 2542 2637 a
2591 2584 2745 2655 lapsu
2800 2584 3130 2653 affectionis,
3163 2591 3265 2644 scd
3313 2588 3613 2646 eiiiciamur
3647 2592 3794 2663 digni

2209 2668 2368 2729 bo'nis
2416 2676 2660 2731 aeternis.
2697 2672 2844 2732 Deus
2878 2677 3022 2733 enim
3071 2694 3176 2736 nos
3213 2679 3343 2735 fecit
3366 2680 3538 2737 libero
3563 2683 3796 2739 arbitrio

2208 2766 2490 2836 praeditos.
2508 2781 2683 2836 neque
2712 2770 3015 2825 servientes
3049 2769 3145 2825 ulli
3172 2779 3413 2826 externa:
3456 2775 3793 2837 necessitati.

2207 2859 2303 2912 sed
2358 2857 2534 2914 libere
2580 2868 2768 2916 nostro
2817 2861 3084 2916 arbitratu
3138 2862 3401 2932 eligentes
3443 2868 3585 2937 quod
3632 2868 3793 2924 nobis

2205 2952 2403 3020 placet.

2281 3130 2480 3188 XLIX.
2498 3130 2652 3189 Hanc
2678 3133 2824 3189 enim
2852 3133 3242 3205 calamitatem,
3266 3152 3373 3209 qua
3405 3153 3551 3195 nunc
3577 3149 3795 3197 tenetur

2210 3225 2509 3280 humanum
2539 3240 2735 3298 genus,
2778 3224 2971 3282 fraude
3003 3227 3208 3284 inducti
3239 3232 3580 3297 attraximus,
3621 3249 3730 3290 non
3760 3250 3793 3291 a

2208 3315 2321 3373 Deo
2342 3315 2565 3373 factam.
2602 3317 2747 3373 Deus
2774 3320 2918 3374 enim
2944 3329 3175 3376 mortem
3198 3336 3308 3377 non
3333 3322 3481 3391 fecit,
3501 3339 3677 3395 neque
3698 3325 3794 3382 de-

2201 3410 2439 3466 lectatur
2474 3411 2698 3468 interitu
2729 3412 2974 3470 vivorum
3022 3432 3038 3470 :
3093 3415 3189 3471 sed
3232 3418 3630 3486 quodamntodo
3666 3434 3789 3489 gnos

2202 3502 2457 3559 homines
2491 3520 2685 3561 sumus
2714 3506 3164 3563 malicreatores.
3191 3506 3480 3575 Quomodo
3513 3509 3661 3566 enim
3695 3510 3792 3567 lux

2203 3595 2339 3652 solis
2389 3603 2479 3657 est
2527 3601 2896 3655 communiter
2940 3600 3221 3670 praposita
3289 3602 3546 3659 omnibus
3592 3606 3793 3675 quibus

2199 3689 2358 3745 adest
2386 3692 2466 3744 vis
2497 3690 2750 3759 videndi;
2776 3701 2954 3763 potest
2976 3702 3183 3759 autem,
3214 3694 3261 3748 si
3307 3694 3440 3749 velit
3479 3695 3788 3767 quispiam,

2199 3777 2456 3834 claudens
2483 3782 2724 3846 oculum,
2753 3782 3036 3851 separaria
3069 3782 3367 3839 donolncis
3385 3791 3515 3855 (non
3546 3787 3689 3855 quod
3707 3790 3793 3844 sol

2202 3874 2256 3928 in
2285 3873 2375 3930 illo
2411 3872 2654 3929 effecerit
2681 3874 2956 3941 tenebras,
2988 3873 3087 3931 sed
3110 3877 3256 3945 quod
3278 3877 3414 3932 radii
3439 3878 3785 3949 splendorem

2198 3977 2503 4035 aversatus,
2528 3967 2783 4025 tenebras
2809 3983 2908 4024 sua
2927 3979 3123 4040 sponte
3139 3972 3451 4044 attraxerit)
3475 3989 3491 4029 :
3514 3976 3787 4044 quomodo

2201 4063 2247 4117 si
2278 4062 2401 4132 quis
2431 4063 2650 4119 domum
2685 4064 2788 4120 sibi
2818 4074 3165 4131 construens,
3202 4065 3406 4120 nullum
3436 4065 3542 4123 luci
3581 4068 3786 4123 aditum

2202 4157 2440 4226 praebeat
2471 4156 2822 4224 intrinsecus,
2873 4157 3171 4213 obscuram
3213 4158 3432 4214 domum
3465 4157 3671 4215 edicit:
3710 4159 3787 4216 ita

2200 4261 2298 4302 nos
2314 4261 2532 4316 quoque
2560 4246 2615 4301 in
2640 4257 2832 4302 natura
2860 4248 3130 4303 habentes
3160 4248 3360 4303 bonum
3390 4259 3442 4304 et
3475 4251 3785 4315 honestum,

2199 4351 2392 4394 nostro
2436 4339 2705 4394 arbitratu
2768 4340 3119 4405 innovamus,
3148 4355 3271 4409 qua:
3311 4352 3434 4396 sunt
3461 4352 3660 4411 praeter
3694 4359 3788 4397 tta-

506 4430 681 4493 οὖτως
718 4429 813 4484 καὶ
870 4431 1033 4502 ἡμεῖς
1096 4433 1154 4486 ἐν
1188 4435 1254 4504 τῇ
1318 4432 1478 4503 φύσει
1546 4433 1609 4486 τὸ
1667 4431 1832 4487 καλόν
1888 4450 1948 4487 τε
2001 4436 2097 4488 καί¹

2205 4443 2407 4498 turam,
2477 4440 2665 4487 nostra
2722 4441 2917 4502 sponte
2970 4430 3239 4486 malorum
3299 4432 3696 4502 experientiam
3730 4434 3783 4488 in

506 4522 715 4593 ἀγαθὸν
743 4523 960 4592 ἔχοντες
998 4525 1120 4575 κατ’
1143 4522 1396 4588 ἐξουσίαν
1423 4525 1492 4577 τὰ
1522 4524 1674 4596 παρά
1718 4523 1879 4594 φύσιν
1911 4544 2094 4580 καινο-

505 4612 808 4685 τομοῦμεν,
847 4614 1115 4677 ἑκουσίως
1152 4615 1253 4687 τὴν
1293 4617 1468 4669 κακοῦ
1510 4619 1707 4688 πεῖραν
1738 4620 1799 4671 ὲν
1845 4620 1912 4689 τῇ
1958 4620 2096 4673 ἀπο-

514 4707 723 4776 στροφῇ
758 4704 855 4758 τοῦ
893 4704 1061 4759 καλοῦ
1090 4708 1157 4776 τῇ
1203 4706 1308 4778 ίδίᾳ
1341 4709 1659 4780 προαιρέσει
1689 4710 2095 4780 δημιουργοῦν-

510 4810 629 4860 τες·
673 4798 841 4851 κακὸν
872 4799 981 4870 γὰρ
1021 4798 1127 4864 ἔξω
1161 4800 1508 4869 προσθέσεως
1541 4802 1664 4855 κατ’
1690 4802 1826 4857 ἰδίαν
1857 4804 2095 4858 ὑπόστα-

513 4907 597 4944 σιν
622 4890 1002 4962 θεωρούμενον
1032 4893 1089 4944 ἐν
1112 4894 1178 4964 τῇ
1210 4895 1371 4962 φύσει
1397 4892 1506 4948 τῶν
1526 4895 1717 4961 όντων,
1745 4895 1891 4952 ἔστιν
1915 4898 2093 4954 οὐδέν.

509 4981 629 5036 Πᾶν
662 4983 770 5054 γὰρ
800 4984 1008 5054 κτίσμα
1040 4983 1178 5037 Θεοῦ
1209 4983 1396 5049 καλὸν,
1443 4986 1539 5038 καὶ
1573 4987 1753 5040 πάντα
1778 4986 1878 5040 ὅσα
1905 4987 2095 5058 ἐποίη-

508 5093 601 5130 σεν
620 5079 648 5130 ό
669 5076 823 5140 Θεὸς,
849 5076 992 5131 καλὰ
1015 5078 1155 5134 λίαν.
1198 5077 1334 5131 Ἀλλ’
1356 5078 1545 5151 ἐπειδὴ
1572 5080 1711 5134 κατά
1736 5079 1833 5133 τὸν
1857 5080 2094 5153 ρηθέντα

506 5170 710 5242 τρόπον
748 5172 1023 5243 ἐπενοήθη
1080 5173 1193 5245 ζωῇ
1217 5173 1375 5244 ἡμῶν
1415 5172 1473 5227 τὸ
1506 5172 1849 5245 ἁμαρτάνειν
1880 5175 1976 5227 καὶ
2023 5177 2091 5246 τῇ

496 5261 805 5336 ,ἀκολουθίᾳ
860 5266 923 5318 ἐκ
959 5268 1164 5336 μικρᾶς
1210 5265 1468 5336 ἀφορμῆς
1512 5268 1776 5337 μεγίστης
1801 5267 1998 5331 κακίας
2035 5268 2094 5321 ἐν

508 5359 641 5431 ἡμῖν
668 5360 1094 5432 καταχυθείσης,
1126 5362 1200 5425 ὡς
1234 5365 1293 5415 τ’»
1321 5362 1550 5428 θεοειδές
1573 5366 1752 5417 ἐκεῖνο
1783 5364 1882 5434 τῆς
1912 5362 2093 5436 ψυχῆς

507 5451 704 5514 κάλλος
737 5453 879 5507 κατά
930 5455 1162 5526 μίμησιν
1216 5455 1309 5509 τοῦ
1368 5456 1732 5525 πρωτοτὺπου
1772 5457 2090 5528 γενόμενον,

508 5545 762 5617 καθάπερ
787 5547 1009 5619 σίδηρον
1035 5548 1514 5619 καταμελανθῆναι
1548 5547 1625 5619 τῷ
1648 5550 1744 5620 τῆς
1774 5550 1971 5615 κακίας
2002 5549 2091 5620 ἰῷ,

584 5730 627 5764 ⁸⁸
648 5732 783 5790 Gen.
819 5750 856 5789 ι.
1436 5780 1443 5787 .

828 5828 1104 5890 ΡΑτιιοι..
1139 5825 1256 5888 Gtt.
1291 5823 1509 5890 CXIV.

2198 4521 2327 4577 boni
2363 4531 2419 4577 et
2446 4521 2661 4577 honesti
2716 4521 3025 4586 aversione,
3081 4521 3353 4577 electione
3395 4531 3584 4577 nostra
3612 4532 3667 4578 et
3706 4525 3788 4578 in-

2199 4614 2402 4670 stituto‘
2430 4614 2788 4670 fabricantes.
2819 4613 3021 4668 Malum
3056 4614 3204 4669 enim
3231 4623 3387 4669 extra
3419 4615 3781 4685 propositum,

2201 4708 2420 4778 propria
2451 4707 2765 4763 substantia
2798 4708 3232 4773 consideratam,
3264 4706 3469 4760 nullum
3502 4714 3588 4761 est
3611 4707 3663 4761 in
3693 4723 3783 4762 re-

2201 4815 2322 4856 rum
2358 4811 2580 4856 natura.
2634 4799 2910 4870 Quidquid
2957 4799 3102 4855 enim
3144 4814 3174 4854 a
3228 4801 3341 4855 Deo
3391 4808 3642 4855 creatum
3674 4809 3781 4867 est,

2199 4891 2402 4948 bonum
2450 4902 2556 4958 est,
2592 4902 2646 4947 et
2688 4892 2871 4946 omnia
2911 4904 3254 4961 quaecunque
3296 4890 3427 4946 fecit
3457 4892 3620 4958 Deus,
3655 4902 3782 4948 sunt

2199 4984 2358 5040 valde
2387 4985 2529 5041 bona
2561 4984 2627 5042 ".
2658 4983 2764 5039 Sed
2793 4984 3050 5054 quoniam
3089 4997 3155 5039 eo
3176 4984 3336 5039 modo
3353 4983 3446 5054 qui
3470 4984 3648 5040 dictus
3675 4996 3782 5051 est,

2199 5091 2430 5148 peccare
2489 5076 2617 5131 vita:
2654 5085 2853 5132 nostra:
2899 5074 3003 5130 fuit
3048 5075 3442 5146 excogitatum,
3493 5085 3549 5129 et
3585 5089 3782 5134 conse-

2198 5177 2431 5240 quenter
2470 5183 2535 5223 ex
2575 5183 2740 5238 parva
2794 5168 3086 5223 occasione
3138 5168 3194 5222 in
3230 5183 3328 5224 nos
3369 5168 3667 5246 maximum
3699 5177 3785 5221 est

2199 5265 2431 5321 effusum
2464 5264 2679 5329 vitium,
2712 5261 2848 5317 adeo
2879 5274 2937 5315 nt
2976 5263 3158 5316 divina
3184 5262 3274 5316 illa
3307 5261 3504 5337 animrc
3535 5261 3783 5332 pulchri-

2199 5360 2353 5426 tudo,
2380 5374 2500 5429 ηοω
2526 5358 2668 5411 facta
2703 5366 2820 5412 erat
2863 5358 2926 5411 ad
2949 5357 3306 5412 imitationem
3339 5356 3633 5426 primaria,
3660 5366 3782 5410 tan-

2198 5440 2358 5525 quam
2386 5452 2590 5509 ferrum
2628 5460 2713 5507 cst
2749 5448 3050 5521 nigrefacta
3085 5449 3332 5520 rubigine
3360 5449 3496 5515 vitii,
3527 5464 3636 5503 non
3664 5463 3783 5503 am-

2198 5549 2340 5619 plius
2367 5546 2527 5603 nobis
2557 5545 2803 5615 propria,
2837 5558 2865 5597 a
2902 5554 3094 5598 natura
3126 5542 3193 5595 ad
3232 5540 3522 5609 imaginem
3554 5553 3781 5596 conser-

3412 5815 3490 5879 ιδ
