4160 6422
417 294 552 359 1419
1626 273 1913 340 MENSIS
1941 274 1998 334 F]

2099 269 2461 334 RUARIUS.
2488 266 2493 271 δ
2524 355 2534 359 _
3529 270 3675 338 mo

407 420 529 468 rata
556 405 756 478 gratia,
782 399 875 457 scd
901 400 967 453 ad
993 403 1300 453 extremum
1338 387 1547 461 peccati
1574 384 1988 445 transformata,

2099 378 2192 433 οὐκ
2214 377 2332 432 ἐστι
2366 377 2468 448 τῆς
2502 375 2714 442 οἰκείας
2740 377 2872 448 ἡμῖν
2913 376 3197 448 ἐκφύσεως
3222 379 3343 434 κατ’
3367 380 3554 436 είκόνα
3576 384 3681 456 χά.

400 513 460 559 ut
490 470 779 572 propterea
810 490 969 549 nobis
995 485 1222 559 perierit
1264 481 1503 553 dignitas
1528 473 1981 546 iucorruptionis,

2099 488 2243 543 ριτος
2272 470 2607 541 σωζομένου,
2663 470 2805 524 ἀλλά
2837 471 2975 540 πρ³ες
3006 471 3068 524 τὸ
3100 470 3327 543 ἔσχατον
3360 472 3457 543 τῆς
3495 476 3683 545 ἀμαρ-

398 559 519 667 qnze
547 559 631 650 est
666 589 964 646 secundum
998 582 1290 652 imaginem
1330 593 1345 634 :
1391 575 1651 632 debemus
1681 570 1830 628 omni
1867 579 1984 624 stu-

2099 563 2211 626 τίας
2268 559 2827 633 μεταμορφωθείσης,
2859 559 2937 625 ὡς
2966 562 3064 614 καὶ
3096 561 3184 614 διὰ
3211 560 3372 615 τοῦτο
3395 564 3545 633 ἡμᾶς
3576 565 3680 636 τὴν

399 655 490 746 (lio
521 703 550 742 a
582 685 815 740 mortuis
842 677 1100 749 operibus
1134 683 1417 728 recurrere
1449 670 1516 723 ad
1546 674 1711 737 Opera
1743 664 1866 718 vita!
1888 676 1987 733 per

2099 655 2247 722 Ξιξίαν
2269 656 2370 727 τῆς
2425 656 2546 710 κατ⁹
2576 656 2761 711 είκόνα
2799 656 3114 728 ἀφθαρσίας
3166 657 3491 721 ἀπολέσθαι,
3522 661 3678 735 πάσῃ

398 777 810 853 preniteutiam,
876 748 936 826 ut
1000 776 1247 826 nostram
1323 762 1655 831 recipiamus
1733 765 1985 812 naturam

2099 750 2292 821 σπουδῇ
2325 748 2619 819 ὀφείλομεν
2645 749 2756 803 ἀπὸ
2779 749 2889 803 τῶν
2926 748 3142 820 νεκρῶν
3172 748 3355 820 ἔργων
3395 749 3559 805 πάλιν
3579 753 3679 805 ἐπὶ

398 840 614 929 summo
674 867 768 922 Dei
832 874 1078 919 munere.
1127 858 1185 914 Si
1208 870 1339 924 ergo
1365 869 1397 909 a
1438 852 1593 907 nobis
1618 860 1986 920 expurgemus

2099 843 2157 897 τὰ
2180 843 2280 913 τῆς
2323 841 2470 911 ζωῆς
2495 842 2585 895 διά
2642 841 2934 913 μετανοίας
2962 840 3300 912 ἀναδραμεῖν
3326 842 3460 914 πρὸς
3494 844 3556 897 τὸ
3581 844 3685 915 τὴν

398 966 588 1023 sordes
614 976 736 1032 qua:
764 974 793 1012 a
839 946 971 1012 vitio
1002 954 1318 1013 inuruntur,
1346 956 1399 1002 et
1419 961 1538 1016 qua:
1563 945 1693 999 latet
1718 943 1772 996 in
1803 940 1985 994 anima

2099 936 2295 990 ›ίκείαν
2316 933 2480 1004 φύσιν
2510 934 2809 988 ἀπολαϐεῖν
2830 933 2930 1004 τῆς
2954 933 3050 987 τοῦ
3074 932 3212 987 Θεοῦ
3239 934 3682 1007 μεγαλοδωρεᾶς.

399 1024 737 1115 illustremus
789 1040 1275 1122 pulchritudinem,
1316 1051 1443 1095 tunc
1498 1039 1559 1093 lit
1603 1039 1740 1091 intra
1773 1047 1873 1089 nos
1899 1047 1986 1088 re-

2099 1029 2229 1082 Ἐὰν
2269 1025 2361 1081 οῦν
2417 1024 2821 1097 ὲκκαθάρωμεν
2852 1025 2947 1096 ἀφ’
2983 1026 3142 1099 ἡμῶν
3173 1026 3264 1079 τὸν
3296 1028 3684 1098 ὲπιγινόμενον

401 1164 565 1218 guunt
617 1144 754 1208 Dei;
789 1118 992 1198 etenim
1056 1136 1317 1193 Dominus
1366 1132 1523 1197 dixit,
1572 1129 1708 1197 Quia
1755 1140 1982 1197 regnum

2099 1120 2196 1174 ὶπὸ
2246 1121 2445 1184 κακίας
2504 1119 2683 1190 ῥύπον
2740 1118 2926 1172 καὶτὸ
2977 1118 3495 1190 ὲπικεκαλυμμένον
3524 1122 3582 1174 ἐν
3610 1122 3682 1191 τῇ

401 1243 496 1299 Dei
522 1243 664 1297 intra
700 1253 797 1293 vos
820 1243 902 1291 est
928 1232 997 1288 ".
1035 1251 1055 1284 ι

2099 1213 2231 1284 ψυχῇ
2264 1213 2461 1276 κάλλος
2492 1211 2940 1282 διαφιυτίσωμεν,
2974 1212 3099 1265 τότε
3138 1212 3293 1276 ἐντὸς
3337 1212 3497 1284 ήμῶν
3531 1213 3684 1281 γίνε-

2087 1322 2178 1359 ται
2226 1306 2259 1375 ἡ
2310 1303 2559 1375 βασιλεία
2592 1302 2686 1356 τοῦ
2717 1303 2854 1356 Θεοῦ
2877 1319 2892 1335 ·
2947 1306 3037 1357 καῖ
3069 1304 3181 1375 γὰρ
3209 1304 3237 1357 ό
3268 1303 3475 1375 Κύριος
3504 1297 3684 1366 εἶπεν,

2082 1399 2192 1461 ὅτι,
2228 1397 2289 1453 ἹΙ
2314 1396 2560 1468 βασιλεία
2587 1394 2681 1448 τοῦ
2706 1394 2841 1448 Θεοῦ
2865 1395 3014 1460 ἐντὸς
3046 1395 3200 1462 ὑμῶν
3231 1396 3400 1449 ἐστιν.

471 1512 536 1570 L.
561 1514 677 1568 Hoc
730 1517 909 1564 autem
943 1505 1155 1568 dicens,
1195 1497 1435 1557 ostendit
1477 1496 1623 1568 quod
1653 1493 1853 1550 bonum
1889 1489 1984 1544 Dei

2155 1494 2239 1547 N'.
2274 1491 2445 1546 Τοῦτο
2474 1491 2531 1545 δὲ
2560 1492 2740 1561 λέγων
2762 1489 3125 1556 ἐνδείκνυται,
3157 1491 3241 1543 ὅτι
3270 1490 3333 1543 τὸ
3353 1488 3561 1558 ἀγαθὸν
3584 1489 3685 1544 τοῦ

403 1620 511 1661 non
546 1612 630 1659 est
660 1604 971 1669 separatum
998 1609 1028 1648 a
1060 1601 1244 1648 nostra
1278 1599 1493 1653 natura,
1516 1585 1859 1657 qniliberum
1887 1580 1985 1634 ha-

2099 1585 2223 1655 Βεοῦ
2256 1585 2314 1638 οὖ
2352 1583 2690 1656 κεχώρισται
2723 1584 2821 1653 τῆς
2854 1581 3073 1652 φύσεως
3108 1582 3302 1653 ἡμῶν,
3342 1582 3464 1637 οὐδὲ
3493 1582 3689 1655 πόρρω

403 1700 594 1754 bemus
636 1690 970 1748 arbitrium:
1005 1685 1099 1741 sed
1154 1683 1323 1739 estin
1381 1691 1712 1749 unoquoque
1769 1674 1990 1745 ignora-

2099 1698 2194 1734 που
2226 1679 2335 1734 τῶν
2393 1678 2581 1749 ζητεῖν
2651 1677 2816 1731 αὐτὸν
2867 1676 3324 1749 προαιρουμένων
3370 1675 3689 1741 ἀπόκειται,

403 1800 516 1845 tum
537 1786 757 1857 quidem
788 1795 843 1838 et
860 1780 1053 1844 latens,
1077 1775 1295 1848 quando
1313 1788 1344 1828 a
1363 1772 1512 1827 curis
1534 1778 1592 1826 et
1614 1743 1986 1837 voluptatibus

2099 1771 2205 1826 ἀλλ’
2232 1774 2290 1826 ἐν
2315 1743 2537 1841 ὲκάσντῳ
2566 1770 2714 1823 ἐστὶν
2738 1743 3111 1837 ἀγνοοῦμενον
3140 1743 3242 1838 μὲν
3269 1767 3366 1820 καὶ
3385 1765 3686 1820 διαλανθά-

401 1879 566 1950 hujus
611 1873 798 1932 tnuudi
861 1870 1205 1927 sull‘ocatur:
1244 1862 1523 1919 invenitur
1590 1868 1772 1913 autem
1806 1866 1861 1911 et
1891 1870 1988 1911 co-

2099 1881 2203 1931 νον,
2242 1863 2320 1917 ὅτ’
2342 1862 2410 1917 ἀν
2439 1862 2543 1915 ὑπὸ
2565 1861 2675 1916 τῶν
2709 1859 2994 1932 μεριμνῶν
3011 1858 3109 1913 τοῦ
3129 1858 3252 1930 βίου
3272 1857 3685 1934 συμπνίτηται,

402 1969 707 2042 gnoscitur,
739 1965 959 2037 quando
988 1962 1055 2016 ad
1079 1959 1229 2015 illum
1262 1955 1438 2011 solum
1485 1961 1734 2009 nostram
1760 1961 1992 2004 conver-

2099 1955 2487 2027 εὑρισκόμενόν
2510 1972 2571 2008 τε
2610 1954 2705 2007 καὶ
2731 1952 3160 2024 γινωσκόμενον,
3191 1952 3269 2006 ὅτ’
3296 1951 3362 2006 ἂν
3385 1954 3464 2015 είς
3504 1953 3689 2006 έκεῖνο

403 2040 631 2120 terimus
657 2056 1065 2129 cogitationem.
1097 2050 1214 2106 Hoc
1235 2050 1379 2105 enim
1405 2047 1574 2103 etiam
1612 2044 1668 2099 in
1690 2041 1988 2105 drachmze,

2099 2049 2185 2102 mi
2226 2048 2387 2116 μόνον
2436 2045 2536 2117 τὴν
2561 2045 2807 2098 διάνοιαν
2838 2042 3001 2114 ἡμῶν
3042 2041 3489 2114 ἐπιστρέψωμεν.
3513 2040 3692 2095 Τοῦτο

403 2172 522 2230 qua:
568 2153 751 2227 periit,
816 2146 1171 2218 inquisitione
1230 2141 1389 2197 nobis
1438 2136 1698 2193 Dominus
1753 2134 1905 2205 ponit
1934 2132 1987 2186 in

410 2229 719 2319 Evangeliis
743 2240 813 2294 “.
844 2237 900 2293 Si
955 2236 1097 2292 enim
1147 2246 1371 2288 accensa
1418 2229 1639 2283 lucerna
1676 2231 1872 2279 nostrae
1893 2237 1988 2277 co-

403 2315 706 2412 gitationis,
750 2347 873 2405 qua:
900 2330 1034 2386 latet
1062 2338 1117 2384 et
1159 2325 1343 2396 periit,
1376 2321 1688 2376 drachmam
1728 2315 1991 2386 inquisie-

403 2408 601 2496 rimus,
637 2430 739 2483 sub
763 2436 1005 2481 stercore
1032 2433 1153 2473 eam
1185 2419 1412 2472 omnino
1443 2410 1802 2466 inveniemus.
1839 2408 1990 2462 Ster-

355 2549 369 2557 α
407 2539 504 2581 cus
530 2536 660 2577 vero
705 2516 1009 2586 intelligere
1060 2517 1275 2580 oportet
1320 2506 1513 2561 sordes
1541 2501 1749 2558 carnis.
1780 2498 1992 2566 Quibus

405 2615 629 2678 ablatis,
663 2623 717 2668 et
748 2625 846 2682 per
869 2609 1024 2663 bonae
1064 2605 1187 2658 vitae
1218 2615 1401 2657 curam
1439 2614 1503 2653 ac
1531 2600 1773 2653 studium
1801 2609 1992 2674 repur-

405 2710 570 2781 gatis,
604 2707 696 2758 liet
754 2697 1109 2756 manifestum
1164 2692 1306 2763 quod
1331 2691 1629 2761 qna-ritur:
1673 2696 1728 2744 et
1760 2703 1880 2743 cum
1910 2688 1994 2742 in-

402 2779 617 2855 venerit
647 2794 853 2857 anima,
881 2802 1004 2858 quae
1035 2797 1119 2841 est
1152 2801 1248 2855 per
1273 2783 1396 2837 boni
1425 2781 1788 2849 privationem
1810 2779 1989 2843 vidua,

404 2896 462 2950 id
509 2889 654 2964 quod
703 2885 970 2956 perierat,
1019 2878 1217 2947 gaudet
1276 2877 1474 2948 gaudio
1502 2872 1760 2929 inell‘abili
1794 2888 1809 2927 :
1838 2882 1893 2926 ct
1925 2871 1993 2925 ad

412 2962 544 3039 talis
579 2978 780 3034 latitia
824 2973 1139 3045 societatem
1193 2975 1459 3024 convocat
1515 2979 1707 3020 omnes
1762 2962 1992 3025 vicinas,

411 3087 608 3142 nempe
631 3068 880 3140 proprias
917 3064 1203 3120 facultates
1232 3075 1330 3131 per
1351 3073 1571 3122 sensus,
1604 3046 1789 3112 dicetis
1823 3053 1992 3109 :Mihi

411 3159 891 3236 congratulemini,
915 3157 1173 3229 quoniam
1208 3151 1392 3207 inveni
1454 3151 1800 3214 drachmam,
1830 3162 1993 3217 quam
2021 3126 2064 3184 (ί

406 3254 663 3326 perdidi:
703 3251 804 3307 hoc
834 3258 938 3316 est,
972 3247 1023 3301 id
1080 3245 1225 3311 quod
1258 3251 1378 3297 erat
1429 3242 1495 3296 ad
1530 3239 1626 3296 Dei
1677 3239 1992 3310 imaginem,

411 3347 558 3419 quod
607 3342 825 3415 perdidi.
847 3354 941 3409 per
970 3344 1280 3407 peccatum,
1312 3339 1490 3401 recept
1529 3341 1714 3386 autem
1745 3343 1842 3400 per
1876 3342 1996 3399 pm-

411 3435 724 3493 ttitenziam.
777 3431 835 3485 Si
888 3444 1014 3497 ergo
1045 3438 1126 3482 est
1161 3426 1275 3481 haec
1298 3423 1653 3493 intelligentia
1689 3422 1828 3492 ejus,
1853 3419 1997 3490 quod

412 3528 697 3598 quaeritur,
754 3518 1109 3584 inventionis,
1144 3530 1339 3585 nempe
1384 3515 1582 3570 divina
1629 3512 1887 3583 imaginis
1912 3525 1998 3566 re-

415 3619 650 3685 stitutio,
677 3629 801 3687 quae
831 3627 973 3668 nunc
1002 3620 1084 3666 est
1118 3608 1383 3663 absconsa
1411 3607 1464 3661 in
1501 3606 1753 3662 sordibus
1777 3603 1997 3671 animae,

408 3714 731 3771 studeamus
759 3707 892 3762 illud
921 3705 1040 3761 lieri
1071 3704 1219 3774 quod
1241 3711 1361 3756 erat
1399 3699 1766 3772 protoplastus
1802 3697 1855 3753 in
1890 3696 2001 3769 pri-

411 3821 501 3861 ma
532 3804 651 3872 ejus
681 3802 790 3855 vita
819 3818 833 3855 :
872 3798 1051 3854 nudus
1084 3795 1306 3867 quidem
1348 3794 1416 3848 ab
1439 3793 1638 3847 amictu
1662 3800 1999 3847 mortuarum

412 3897 656 3968 pellium,
696 3892 935 3948 revelata
968 3898 1148 3944 autem
1181 3888 1319 3943 facie
1342 3895 1397 3941 et
1432 3885 1600 3941 libera
1629 3884 1854 3955 gloriam
1893 3882 1999 3941 Do-

411 3990 546 4045 mini
579 3987 869 4058 speculans
897 3982 999 4055 (9).
1028 3980 1135 4037 Per
1163 3997 1326 4051 quam
1368 3992 1500 4048 ergo
1548 3978 1812 4032 rationem
1844 3985 1999 4032 extra

411 4083 726 4155 paradisum
787 4078 950 4148 ejecti
982 4090 1193 4140 sumus,
1225 4072 1437 4144 expulsi
1471 4070 1633 4127 simul
1663 4085 1788 4124 cum
1825 4070 2000 4140 primo

415 4184 661 4246 parente,
680 4185 781 4241 per
812 4168 1143 4225 contrariam
1168 4164 1547 4220 ascensionem
1578 4162 1707 4217 licet
1729 4162 1885 4218 nobis
1911 4176 1999 4216 re-

415 4268 552 4322 verti
584 4267 651 4320 ad
685 4263 966 4332 antiquam
1019 4257 1433 4314 beatitudinem.
1464 4254 1600 4310 Nam
1631 4265 1758 4310 tunc
1780 4253 1998 4324 quidem

415 4360 690 4429 voluptas,
719 4370 838 4426 qua:
866 4354 1110 4424 ingressa
1138 4360 1233 4405 est
1287 4364 1383 4421 per
1408 4347 1811 4418 deeeptionem,
1854 4346 2003 4400 dedit

2092 2142 2201 2214 γὰρ
2226 2144 2322 2196 aut
2355 2144 2413 2194 ἐν
2442 2143 2506 2222 τῇ
2544 2140 2774 2209 ζητήσει
2800 2137 3164 2208 ἀπολεομένης
3189 2136 3444 2208 δραχμῆς
3495 2138 3552 2189 ὲν
3574 2138 3689 2199 τοῖς

2090 2234 2441 2303 Εὖαγγελίοις
2466 2235 2494 2286 ὁ
2534 2232 2738 2303 Κύριος
2771 2233 2905 2301 ἡμῖν
2928 2230 3271 2288 ὑποτίθεται.
3295 2231 3355 2283 Ei
3382 2229 3489 2299 γὰρ
3510 2228 3693 2297 ἀψαυσ-

2091 2344 2184 2390 τες
2210 2326 2302 2380 τὸν
2363 2324 2554 2395 λύχνον
2593 2323 2691 2393 τῆς
2725 2322 2972 2384 διανοίας
3029 2320 3188 2392 ἡμῶν
3221 2322 3547 2390 ζητήσωμεν
3589 2317 3691 2388 τὴν

2085 2418 2487 2490 ’κεκρυμμένην
2515 2417 2611 2469 καὶ
2660 2413 3028 2485 ἀπολωμένην
3060 2412 3341 2484 δραχμὴν,
3376 2411 3691 2481 εὑρήσομεν

2097 2512 2317 2573 πάντως
2352 2510 2458 2563 ὑπὸ
2517 2509 2616 2579 τὴν
2651 2507 2881 2578 κόπρον.
2936 2506 3158 2576 Κόπρον
3189 2505 3246 2558 δὲ
3278 2502 3389 2575 χρὴ
3415 2505 3556 2557 νοεῖν
3589 2501 3693 2572 τὴν

2094 2606 2194 2675 τῆς
2234 2602 2437 2675 σαρκὸς
2490 2603 2790 2673 ῥυπαρίαν,
2850 2594 2917 2670 ἧς
2953 2600 3413 2669 ἀποσαρωθείσης
3443 2596 3539 2651 καὶ
3571 2596 3694 2649 δια-

2095 2694 2524 2765 καθαρισθείσης
2562 2692 2650 2747 διὰ.
2676 2692 2777 2762 τῆς
2808 2691 3133 2763 ἐπιμελείας
3162 2689 3256 2744 τοῦ
3291 2689 3431 2757 βίου,
3460 2688 3695 2760 ἔκδηλον

2094 2789 2156 2841 τὸ
2188 2785 2522 2858 ζητούμενον
2576 2784 2874 2856 γενήσεται
2900 2798 2913 2812 ”
2980 2784 3077 2836 καὶ
3116 2781 3360 2852 εὑροῦσα
3397 2784 3431 2853 ἡ
3460 2780 3608 2853 ψυχὴ
3653 2782 3692 2851 ἡ

2098 2881 2240 2936 κατά
2272 2880 2529 2951 στέρησιν
2582 2877 2679 2932 τοῦ
2728 2875 2898 2931 καλοῦ
2949 2877 3120 2947 χήρα,
3185 2874 3328 2946 ὅπερ
3379 2872 3693 2939 ἀπώλεσεν,

2095 2974 2278 3044 χαίρει
2338 2971 2513 3041 χαρὰν
2555 2968 2930 3039 ἀνεκλάλητον
2964 2967 3062 3022 καὶ
3115 2969 3201 3031 είς
3248 2966 3540 3021 κοινωνίαν
3591 2963 3697 3034 τῆς

2097 3064 2353 3134 τοιαύτης
2388 3062 2731 3135 εὐφροσύνης
2764 3060 3119 3129 ωγκαλεῖται
3140 3052 3243 3123 τὰς
3282 3057 3556 3129 γείτονας,
3590 3056 3695 3122 τὶς

2098 3154 2305 3216 οἰκείας
2331 3152 2613 3222 δυνάμεις,
2638 3150 2727 3204 διὰ
2746 3149 2855 3203 τῶν
2871 3148 3206 3222 αἰσθήσεων,
3234 3148 3553 3219 Συγχάρητέ
3573 3164 3691 3218 μοι,

2096 3247 2354 3316 λέγουσα,
2387 3246 2470 3300 δτι
2497 3239 2663 3323 εὖρον
2695 3244 2794 3313 τὴν
2824 3243 3077 3315 δραχμὴν
3111 3244 3182 3316 ἦν
3212 3244 3474 3298 ἀπώλεσα
3496 3258 3510 3272 ⁸
3542 3240 3694 3295 τοῦτ’

2099 3340 2295 3394 ἔστιτὸ
2318 3341 2438 3395 κατ’
2463 3340 2652 3393 εἰκόνα
2679 3338 2840 3403 Θεοῦ,
2862 3340 3001 3412 ὅπερ
3021 3339 3091 3392 δι’
3109 3338 3388 3409 ἁμαρτίας
3411 3338 3697 3400 ἀπώλεσα,

2099 3430 2185 3485 διὰ
2213 3431 2271 3484 δὲ
2323 3431 2616 3501 μετανοίας
2668 3430 2965 3485 ἀπέλαϐον.
3033 3429 3099 3482 Et
3157 3424 3254 3484 οὖν
3285 3428 3429 3500 αῦτη
3484 3429 3699 3501 satis”)

2101 3522 2314 3576 έπίνοια
2346 3523 2447 3594 τῆς
2495 3522 2591 3577 τοῦ
2634 3521 2974 3594 ζητουμένου
3006 3521 3305 3592 εὑρέσεως,
3352 3523 3386 3593 ἡ
3414 3521 3514 3593 τῆς
3546 3519 3700 3584 θείας

2100 3617 2312 3681 είκόνος
2367 3618 2844 3684 ἀποκατάστασις,
2877 3617 2978 3688 τῆς
3025 3618 3124 3672 νῦν
3170 3618 3228 3670 έν
3253 3614 3330 3687 τῷ
3356 3615 3456 3685 τῆς
3490 3615 3701 3685 σαρκῖις

2100 3714 2263 3785 ῥύπῳ
2287 3711 2739 3785 κεκαλυμμένης,
2776 3713 2954 3766 έκεῖνο
2985 3709 3382 3781 σπουδάσωμεν
3413 3709 3700 3779 γενέσθαι,

2099 3808 2130 3862 δ
2156 3803 2225 3880 ἦν
2254 3806 2399 3861 κατά
2428 3806 2528 3878 τὴν
2555 3805 2782 3878 πρώτην
2805 3801 2974 3857 αὐτοῦ
3007 3803 3155 3874 ζωὴν
3177 3806 3205 3858 ὁ
3241 3801 3692 3875 πρωτόπλαστος·

2102 3874 2311 3972 γυμνὸς
2349 3900 2450 3972 μὲν
2483 3874 2747 3969 ﬁsus;
2763 3898 2978 3966 νεκρῶν
3040 3874 3331 3968 δερμάτων
3371 3874 3707 3967 περιϐολῆς,

2103 3991 2617 4065 ἀνακεκαλυμμένῳ
2663 3991 2721 4045 δὲ
2766 3991 3053 4061 προσώπῳ
3085 3992 3180 4043 καὶ
3228 3989 3703 4062 εὒπαρῤησιάστῳ

2101 4086 2202 4157 τὴν
2247 4084 2406 4150 δόξαν
2447 4084 2654 4155 Κυρίου
2706 4082 3238 4156 κατοπτριζόμενος.
3285 4083 3366 4135 Δι’
3409 4078 3480 4154 ἦς
3517 4081 3703 4137 τοίνυν

2106 4178 2386 4250 μεθοδείας
2412 4177 2517 4244 ἔξω
2542 4178 2638 4230 τοῦ
2671 4177 3007 4249 παραδείσου
3031 4177 3341 4248 γεγόναμεν
3364 4176 3444 4247 τῷ
3479 4177 3703 4247 προπά-

2103 4287 2224 4340 τορι
2265 4270 2753 4340 συνεκδληθέντες,
2806 4268 2899 4323 διὰ
2930 4268 3031 4340 τῆς
3073 4270 3325 4333 ἐναντίας
3359 4268 3706 4339 συγκαταθέ-

2106 4381 2244 4427 σεως
2267 4363 2479 4430 ἔξεστιν
2510 4365 2645 4432 ⁴ἡμῖν
2670 4362 2834 4416 πάλιν
2861 4361 3185 4416 ἐπανελθεῖν
3206 4361 3300 4415 ἐπὶ
3330 4361 3431 4433 τὴν
3462 4360 3703 4433 ἀρχαίαν

411 4450 627 4506 initium
665 4448 859 4517 lapsni.
896 4444 1051 4499 Nunc
1104 4454 1283 4497 autem
1342 4442 1467 4495 vita:
1522 4441 1733 4509 puritas
1765 4453 1860 4508 per
1909 4441 1998 4491 do-

2110 4456 2515 4528 μακαριότητα.
2550 4455 2682 4507 Τότε
2750 4456 2851 4524 μὲν
2887 4455 2996 4525 γὰρ
3029 4454 3193 4525 ἡδονὴ
3243 4453 3313 4507 δι’
3345 4455 3564 4523 ἀπάτης
3587 4454 3707 4505 εἰσ-

414 4545 647 4599 ctriuam
696 4538 897 4595 Christi
954 4537 1337 4590 mandatorum
1390 4543 1446 4587 et
1501 4547 1688 4587 curam
1733 4531 2001 4586 bonorum

413 4650 519 4691 nos
540 4633 653 4689 illic
689 4644 882 4686 rursus
915 4630 1178 4685 restituit.
1217 4627 1324 4683 Sed
1360 4624 1618 4696 quoniam
1667 4635 1752 4679 est
1783 4624 2003 4695 paradi-

412 4736 508 4782 ‘sns
565 4724 884 4788 viventium,
917 4731 972 4776 et
1028 4734 1224 4790 purum
1292 4717 1692 4784 habitaculum,
1746 4732 1848 4773 nos
1877 4731 2005 4771 vero

413 4816 665 4873 carnales
712 4826 767 4868 et
796 4812 1054 4868 mortales
1089 4823 1143 4868 et
1177 4812 1437 4868 sordidati
1474 4811 1732 4881 peccatis,
1800 4825 1899 4863 nec
1951 4810 2003 4861 in

414 4912 517 4966 hac
553 4907 776 4977 regione
807 4922 929 4962 esse
977 4918 1226 4976 possunt,
1271 4905 1362 4971 qui
1401 4901 1592 4957 mortis
1623 4910 1876 4955 tenentur
1907 4915 2003 4968 po-

412 5000 615 5059 testate
646 5017 662 5057 :
694 5013 920 5067 necesse
977 5009 1065 5053 est
1104 5000 1321 5051 modum
1356 4995 1624 5064 aliquem”
1646 5003 1703 5048 et
1736 4993 2003 5047 rationem

412 5094 680 5160 invenire,
713 5100 772 5147 ut
800 5106 922 5146 cum
956 5090 1221 5145 fuerimus
1265 5100 1419 5142 extra
1472 5088 1614 5140 hanc
1649 5093 2004 5155 patestatem,

413 5194 778 5264 acquiramus
796 5192 1076 5247 civitatem
1105 5203 1226 5257 qua:
1268 5195 1593 5258 potestatem
1651 5184 1846 5238 mortis
1896 5200 2002 5239 non

412 5287 744 5352 extimescit,
775 5295 832 5340 ut
858 5283 1077 5339 internis
1108 5296 1324 5352 quoque
1352 5282 1512 5336 bonis
1552 5283 1822 5338 fruamur.

2103 4548 2371 4618 γενομένη
2395 4546 2493 4615 τῆς
2525 4545 2856 4611 ἐκπτώσεως
2883 4547 3088 4618 ἤρξατο
3106 4563 3121 4577 ο
3155 4547 3275 4599 νυνὶ
3297 4546 3357 4599 δὲ
3389 4545 3706 4615 καθαρότης

2105 4642 2221 4710 βίου
2259 4639 2348 4693 διὰ
2397 4639 2498 4710 τῆς
2531 4638 2642 4694 τῶν
2675 4638 2908 4693 ἐντολῶν
2939 4639 3034 4694 τοῦ
3077 4637 3323 4711 Χριστοῦ
3350 4637 3705 4701 διδασκαλίας

2104 4735 2199 4784 καὶ
2242 4732 2468 4801 ἀγαθῶν
2521 4732 2701 4803 ἔργων
2736 4732 3065 4804 ἐπιμελείας
3098 4735 3536 4803 ἀποκαθίστησιν
3586 4732 3710 4784 ἐκεῖ

2107 4825 2271 4877 πάλιν
2302 4826 2473 4895 ἡμᾶς.
2522 4826 2663 4879 Ἀλλ’
2704 4827 2893 4897 ἐπειδὴ
2923 4826 3258 4898 παράδεισος
3316 4826 3537 4891 ζώντων
3582 4828 3705 4878 ἐστὶ

2103 4918 2201 4969 καὶ
2236 4918 2483 4987 καθαρὸν
2516 4922 2855 4992 οἰκητήριον,
2895 4921 3059 4992 ἡμεῖς
3088 4919 3145 4972 δὲ
3175 4922 3423 4990 σάρκινοι
3453 4920 3544 4972 καὶ
3575 4918 3707 4985 θνη-

2103 5012 2186 5062 τοὶ
2207 5010 2302 5063 καὶ
2330 5012 2724 5084 ὲρρυπωμένοι
2748 5014 3050 5085 ἁμαρτίαις
3078 5011 3268 5083 ἐσμὲν,
3301 5021 3396 5065 καὶ
3428 5011 3529 5064 οὐκ
3552 5008 3705 5061 ἔστιν

2104 5101 2163 5152 ὲν
2194 5103 2260 5172 τῇ
2294 5102 2450 5172 χώρα
2489 5102 2698 5156 τούτων
2721 5103 2980 5172 γενέσθαι
3020 5103 3148 5164 τοὺς
3180 5106 3253 5174 τῇ
3280 5102 3575 5172 δυναστεία
3605 5098 3701 5153 τοῦ

2104 5192 2336 5248 θανάτου
2403 5195 2841 5267 κρατουμένους,
2901 5198 3203 5264 ἀναγκαῖόν
3261 5197 3435 5262 ἐστιν,
3494 5195 3703 5265 τρόπον

2104 5286 2229 5340 τινὰ
2265 5290 2358 5342 καὶ
2392 5289 2641 5343 ἐπίνοιαν
2691 5288 2961 5360 ἐξευρεῖν,
2993 5290 3144 5352 ὅπως
3175 5288 3244 5341 ἀν
3272 5287 3379 5355 ἔξω
3405 5288 3509 5359 τῆς
3539 5288 3699 5354 ἐξου-

415 5380 535 5444 σίας
555 5379 762 5451 ταύτης
782 5378 1068 5449 γενόμενοι
1098 5376 1434 5447 κτησώμεθα
1457 5377 1757 5441 πολιτείαν,
1788 5375 1888 5446 τὴν
1917 5376 2013 5429 τοῦ
2055 5377 2291 5433 θανάτου
2350 5382 2426 5453 μὴ
2477 5381 2827 5453 φοϐουμένην
2876 5382 3223 5448 δυναστείαν,
3266 5383 3356 5437 ἵνα
3429 5381 3526 5437 καὶ
3588 5380 3706 5438 τῶν

416 5476 652 5532 αἰωνίων
682 5472 906 5541 ἀγαθῶν
935 5468 1339 5540 ἀπολαύσωμεν
1371 5470 1429 5523 ἐν
1458 5467 1698 5542 Χριστῷ.

462 5594 506 5631 ’⁷
538 5596 670 5651 Luc.
734 5567 871 5658 xvtt,
928 5590 1025 5645 21.
1097 5589 1142 5622 ³⁸
1185 5587 1321 5644 Luc.
1358 5604 1449 5643 av.

480 5739 563 5810 r9)
601 5735 925 5794 Pet'l'ecliori
991 5735 1169 5793 adhuc
1228 5734 1413 5801 modo,
1454 5747 1619 5805 quam
1651 5731 1917 5812 _Moyses_
1947 5733 2001 5791 in
2043 5742 2234 5791 monte
2259 5770 2275 5802 ,
2338 5746 2445 5790 non
2478 5741 2672 5808 tamen
2689 5738 2990 5806 assecutus
3042 5730 3310 5789 visionem
3365 5731 3699 5794 beatiticam.
