4160 6404
476 324 616 399 1421

1744 322 1919 385 νιΤΑ
1958 321 2019 383 S.
2060 321 2461 385 AUXENTII.

3606 331 3748 401 “22

1926 451 2158 508 CAPUT
2188 451 2303 507 VII.

656 577 932 634 Ilabitatio
953 574 1013 631 S.
1056 572 1306 629 Auxentii
1329 574 1385 627 in
1411 582 1587 627 monte
1608 572 1814 639 Siopin.
1860 574 2110 629 'lnsnltus
2138 575 2435 628 drrmonnm
2471 575 2729 641 superati.
2770 573 2963 630 Modus
3008 579 3224 633 aranei.
3256 580 3595 639 Adhortatio.

540 693 667 749 ΝΜ.
699 692 887 747 Ταῦτα
940 693 1034 746 καὶ
1087 691 1156 745 τὰ
1185 692 1391 746 τούτων
1436 692 1660 746 πλείονα
1684 692 1933 760 λέγοντος
1960 691 2053 746 τοῦ

2234 693 2316 747 LI.
2341 693 2477 748 Cum
2529 693 2642 748 hmc
2669 703 2723 750 et
2783 696 2867 751 his
2896 697 3050 765 plura
3083 701 3271 756 beatus
3301 702 3506 760 diceret
3529 703 3750 763 Auxen-

471 788 745 859 μακιρίου
781 785 1075 852 Αὑξεντίου
1106 785 1185 855 τῷ
1220 785 1416 858 πλήθει
1443 786 1550 839 τῶν
1578 784 1965 851 συνελθόντων,
1991 786 2051 839 οὑ

470 882 633 952 μόνον
659 881 893 951 ἀνδρῶν,
923 879 1062 933 ἀλλὰ
1091 878 1511 948 καὶγυναικῶν,
1534 882 1592 933 οί»
1618 878 1867 938 πλείονες
1890 878 2055 950 ἔρωτι

467 970 598 1044 θείῳ
631 971 937 1044 τρωθέντες
967 970 1156 1042 ἠξίουν
1182 971 1595 1025 ἀποτάσσεσθαι
1636 971 1747 1024 τῶν
1784 970 2055 1041 βιωτικῶν

466 1066 561 1117 καὶ
637 1064 932 1136 μοχθηρῶν
991 1062 1338 1135 πραγμάτων
1397 1066 1467 1135 τῇ
1537 1065 1908 1133 ματαιότητι,
1965 1065 2060 1116 καὶ

465 1158 754 1229 προσιέναι
782 1157 853 1211 δι’
885 1156 1052 1210 αὑτοῦ
1082 1155 1160 1227 τῷ
1188 1158 1438 1228 Δεσπότῃ
1467 1156 1708 1229 Χριστῷ.
1759 1158 1818 1211 Ὀ
1843 1157 1899 1210 δὲ
1920 1156 2059 1227 μᾶλ-

464 1248 557 1301 λον
611 1249 902 1303 ὑπετίθετο
960 1250 1145 1310 αὐτοῖς
1195 1252 1262 1320 τῇ
1320 1249 1573 1319 πολιτεία
1630 1247 2058 1322 διορθουμένους

461 1342 772 1411 οἰκονομεῖν
815 1341 885 1393 τὰ
918 1340 1196 1410 προσόντα
1237 1342 1329 1394 καὶ
1364 1342 1440 1412 μὴ
1474 1341 1609 1410 πρὸς
1662 1342 1763 1411 μὲν
1792 1343 1851 1394 τ’)
1880 1340 2057 1411 παρ“.ν

463 1431 830 1502 ὀρεγομένους
861 1432 923 1485 τδ
975 1432 1166 1494 καλὸν,
1209 1433 1292 1495 εἰς
1339 1432 1567 1502 ὕστερον
1609 1432 1664 1485 δὲ
1693 1432 2055 1497 ὀκλάσαντας,

465 1525 817 1594 ἱπιστρέφειν
851 1522 925 1587 ὡς
949 1523 1119 1587 κύνας
1152 1524 1245 1576 ἐπὶ
1277 1524 1369 1577 τὸν
1413 1524 1545 1577 ίδιον
1596 1523 1812 1595 ἔμετον,
1859 1510 1952 1577 ἐπὶ
1989 1524 2060 1576 τὰ

465 1615 672 1686 ἀσθενῆ
703 1617 872 1671 πάλιν
894 1616 989 1670 καὶ
1024 1615 1220 1688 πτωχὰ
1259 1615 1353 1671 τοῦ
1395 1616 1606 1685 κόσμου
1651 1618 1890 1686 στοιχεῖα
1920 1616 2060 1685 μετά

464 1706 667 1777 πολλῆς
694 1706 984 1777 ἀκριϐείας
1012 1708 1106 1760 καὶ
1133 1708 1194 1760 οὑ
1221 1707 1322 1776 τῆς
1347 1708 1621 1777 τυχούσης
1652 1705 2058 1777 περισκέψεως.

476 1799 535 1853 Ἐ
549 1798 605 1850 πὶ
628 1796 790 1850 τοῦτο
811 1799 871 1852 τὸ
905 1797 1244 1869 κατόρθωμα
1277 1798 1371 1849 τὸν
1400 1796 1727 1867 βουλόμενον
1754 1796 2061 1868 προσέρχε-

470 1888 597 1943 σθαι
645 1890 775 1961 χρὴ,
837 1888 979 1944 ὥστε
1012 1889 1346 1960 θνηξόμενον
1376 1889 1477 1959 ἤδη
1526 1888 1623 1943 καὶ
1652 1890 1833 1942 πᾶσαν
1867 1890 2062 1960 ἡδονὴν

465 1985 789 2056 σωματικὴν
810 1985 1173 2057 συνκροῦντα.
1197 1986 1318 2039 Τῶν
1354 1985 1536 2057 ἄρτων
1560 1980 1651 2038 οὖν
1676 1982 2061 2053 διαδιδομένων

465 2076 609 2129 κατά
639 2075 700 2129 τὸ
729 2074 850 2139 ἔθος
880 2077 955 2140 ὡς
986 2077 1045 2129 ὲν
1066 2077 1144 2147 τῷ
1174 2076 1426 2149 προτέρῳ
1448 2077 1584 2148 ὃρει,
1621 2077 1827 2139 πάντας
1858 2075 2063 2128 ἀπέλυ-
2092 2057 2135 2113 Β

465 2184 560 2221 σεν
578 2183 593 2198 ·
616 2166 761 2230 τινὲς
787 2166 843 2220 δὲ
872 2167 929 2235 ἐξ
952 2167 1132 2220 αὑτῶν
1154 2167 1489 2240 ὲδραιοτέρῳ
1513 2167 1763 2239 λογισμῷ
1795 2165 2062 2220 καθοπλι-

478 2259 699 2334 ζόμενοι
734 2260 1219 2332 προσεκαρτέρουν
1243 2261 1421 2313 ἐκεῖσε
1452 2263 1518 2330 τῇ
1566 2260 1689 2314 καθ’
1720 2260 1935 2331 ἡμέραν
1964 2276 2059 2328 χο-

468 2351 789 2423 ρηγουμὲνῃ
846 2351 1069 2422 εὐλογίᾳ
1110 2351 1546 2423 ὲπαρκούμενοι.
1578 2352 1640 2404 Ei
1675 2352 1784 2423 γάρ
1808 2369 1892 2414 τις
1928 2368 2062 2420 προ-

465 2442 797 2514 αιρούμενος
820 2461 871 2495 τι
912 2444 1281 2515 προσέφερεν,
1315 2444 1343 2496 ὁ
1387 2445 1658 2515 μακάριος
1683 2444 1785 2496 οὐκ
1821 2443 2058 2513 ἐδέχετο,

466 2533 607 2603 πλὴν
637 2532 821 2586 ἐλαίου
854 2534 950 2586 καὶ
974 2533 1185 2603 κηρῶν,
1218 2533 1297 2603 τῷ
1326 2533 1384 2586 δὲ
1428 2533 1683 2604 μάγκηπι
1714 2534 1793 2604 τῷ
1837 2536 1932 2587 καὶ
1960 2536 2061 2604 τὴν

464 2626 733 2699 χορηγίαν
806 2626 1118 2697 ποιουμένῳ
1186 2625 1428 2680 δίδοσθαι
1502 2625 1659 2690 αὖθις
1720 2625 2058 2698 ἐπέτρεψενο

466 2717 713 2771 πλεῖστοι
772 2716 882 2786 γὰρ
945 2715 1056 2769 τῶν
1102 2716 1370 2787 ὲμπαθῶν
1420 2717 1515 2770 καὶ
1543 2716 1859 2786 πενομένων
1888 2734 2059 2789 προσ-

465 2808 696 2879 ήδρευον
718 2806 971 2860 ἐντεῦθεν
999 2806 1099 2878 τὴν
1128 2807 1399 2879 διοίκησιν
1429 2807 1652 2879 ἔχοντες
1699 2808 1788 2861 διὰ
1821 2809 1921 2879 τῆς
1952 2809 2063 2862 τῶν

467 2897 932 2968 παραγενομένων
957 2896 1208 2960 εὑποιῖας
1228 2911 1241 2924 ⁸
1272 2897 1497 2968 ὄχλησιν
1521 2897 1576 2950 δὲ
1613 2896 1808 2966 ἱκανὴν
1846 2898 1941 2950 καὶ
1968 2899 2032 2951 κὸ

466 3006 569 3045 πον
592 2991 760 3045 πολὺν
790 2989 1027 3061 μάλιστα
1054 2989 1159 3042 ὑπὸ
1187 2989 1296 3043 τῶν
1317 2988 1742 3059 δαιμωνιώντων
1774 2990 2062 3058 ὑφίστατο,

467 3081 542 3146 ὡς
570 3082 666 3136 καί
720 3099 874 3147 τινας
925 3082 1135 3136 αὐτῶν·
1186 3081 1247 3133 οὐ
1304 3080 1413 3151 γὰρ
1448 3080 1678 3145 πάντας,
1738 3080 1877 3134 ἀλλὰ
1934 3082 2062 3145 τοὺς

467 3173 651 3241 ἀξίους
677 3190 691 3204 ·
711 3172 801 3226 διὰ
825 3172 935 3225 τῶν
970 3170 1135 3225 αὑτοῦ
1170 3169 1488 3242 προσευχῶν
1514 3170 1698 3224 ἰᾶσθαι
1721 3169 1813 3224 τὸν
1835 3170 2058 3242 Κύριον.

496 3269 594 3322 Οτι
622 3267 681 3321 δὲ
706 3267 809 3321 οὑκ
840 3261 908 3337 ἦν
932 3267 1083 3335 αὐτῷ
1104 3264 1262 3333 λόγος
1295 3265 1424 3335 περὶ
1452 3264 1511 3316 τὸ
1535 3264 1908 3335 χρηματικὺν,
1943 3263 2061 3335 μετ’

466 3358 729 3431 ἀληθείας
754 3359 1097 3427 γινωσκέτω,
1122 3358 1212 3411 ὅτε
1235 3354 1628 3423 ἀναγινώσκων
1655 3355 1747 3408 καὶ
1772 3355 2063 3426 ἀκροώμε-

2164 783 2293 850 tius,
2324 798 2387 838 cx
2423 784 2489 837 iis
2517 785 2609 853 qui
2666 798 3058 852 convenerant,
3103 805 3208 847 non
3262 791 3440 849 solum
3462 796 3616 859 viris.
3649 800 3747 854 sed

2161 875 2326 931 etiam
2360 875 2604 943 feminis,
2642 878 2827 948 plures
2880 879 3068 935 divino
3095 897 3284 939 amore
3323 887 3578 954 saueiati,
3609 891 3752 947 voIco

2161 967 2293 1022 bant
2334 969 2652 1025 renuntiare
2700 970 2863 1026 rebus
2923 975 3211 1031 mundanis
3241 986 3295 1031 et
3340 979 3516 1047 malis,
3567 990 3624 1038 et
3649 999 3748 1055 per

2162 1059 2338 1131 ipsum
2389 1060 2607 1116 Christo
2653 1063 2882 1117 Domino
2933 1065 3233 1123 adhaerere.
3294 1070 3386 1125 Ille
3443 1084 3623 1130 autem
3649 1090 3746 1131 eos

2162 1151 2334 1221 magis
2378 1152 2725 1220 admonebat,
2779 1163 2837 1210 ut
2864 1157 3025 1209 vitam
3060 1173 3213 1213 suam
3242 1162 3601 1233 corrigentes,
3631 1168 3743 1222 dis-

2163 1253 2451 1312 pensarent
2513 1259 2609 1300 eas
2638 1260 2776 1315 quas
2814 1248 3089 1303 habebant
3112 1249 3400 1308 facultates
3435 1269 3451 1310 :
3481 1264 3661 1311 etnon
3691 1258 3748 1313 in

2164 1336 2449 1406 prmseutla
2509 1337 2727 1406 quidem
2762 1337 2959 1392 bonum
2991 1350 3043 1394 et
3089 1341 3376 1399 honestum
3410 1357 3748 1415 expetentes,

2164 1437 2354 1499 postea
2385 1442 2517 1485 vero
2545 1428 2811 1497 labentes,
2859 1441 3266 1489 reverterentur
3312 1444 3571 1505 tanquam
3598 1441 3755 1497 cauis

2163 1522 2230 1573 ad
2260 1519 2548 1583 vomitum,
2579 1535 2774 1590 nempe
2828 1536 3017 1576 rursus
3047 1523 3113 1578 ad
3156 1523 3424 1581 imbecilla
3482 1536 3538 1581 et
3583 1543 3751 1599 egena

2165 1612 2328 1681 hujus
2356 1610 2541 1666 mundi
2568 1612 2863 1667 elementa.
2894 1612 3029 1669 Cum
3064 1615 3297 1669 maxima
3326 1619 3471 1671 enim
3492 1620 3752 1677 cautione

2163 1711 2216 1755 et
2250 1715 2354 1754 non
2420 1700 2523 1755 levi
2556 1699 3000 1759 consideratione
3031 1715 3305 1774 Oportere,
3359 1721 3482 1763 eum
3509 1708 3600 1779 qui
3634 1711 3754 1768 vult

2164 1792 2229 1846 ad
2261 1793 2583 1863 praeclarum
2639 1795 2738 1849 hoc
2784 1810 2923 1865 opus
2982 1794 3267 1865 accedere,
3326 1809 3584 1869 tauquam
3630 1802 3748 1873 jam

2166 1886 2514 1952 moriturum,
2538 1895 2590 1940 et
2605 1885 2766 1941 simul
2789 1887 3148 1957 espellentem
3169 1904 3384 1945 omnem
3416 1891 3748 1962 voluptatem

2165 1979 2433 2049 corporis.
2468 1979 2671 2036 Deinde
2701 1981 2936 2051 panibus
2965 1982 3031 2039 de
3065 1997 3214 2038 more
3246 1982 3575 2048 distributis,
3608 1984 3753 2039 sicut

2164 2072 2219 2128 in
2254 2072 2419 2142 priori
2454 2083 2660 2137 monte,
2695 2088 2888 2130 omnes
2936 2074 3166 2130 dimisit.
3199 2075 3430 2143 Quidam
3461 2085 3644 2132 autem
3681 2090 3753 2133 ex

2165 2162 2246 2218 eis
2273 2162 2537 2217 stabiliori
2570 2163 2766 2217 armati
2787 2164 3138 2232 cogitatione,
3174 2164 3282 2220 illic
3302 2166 3750 2235 perseverabant,

2164 2269 2285 2324 qua:
2313 2255 2560 2325 quotidie
2590 2254 2697 2310 illic
2746 2256 3220 2325 suppeditabatur,
3256 2257 3497 2313 contenti
3527 2257 3752 2312 benedi-

2165 2344 2369 2400 ctione.
2432 2345 2489 2400 Si
2549 2347 2673 2416 quis
2719 2346 2865 2401 enim
2918 2346 3108 2403 volens
3141 2348 3344 2417 aliquid
3391 2350 3455 2401 ad
3490 2347 3749 2405 Sanctum

2167 2434 2409 2503 all‘erret,
2444 2434 2580 2491 nihil
2609 2436 2914 2508 accipiebat
2957 2446 3154 2508 praeter
3202 2438 3381 2497 oleum
3414 2446 3469 2494 ct
3513 2455 3693 2496 ceram
3733 2459 3748 2496 :

2162 2526 2387 2597 jubebat
2409 2537 2588 2582 autem
2609 2527 2660 2583 id
2695 2543 2882 2584 rursus
2909 2530 3024 2584 dari
3049 2529 3281 2600 mancipi
3305 2530 3441 2602 (I0),
3471 2533 3565 2603 qui
3599 2531 3747 2589 illam

2169 2619 2407 2674 faciebat
2462 2610 2978 2690 suppeditationem.
3017 2618 3240 2676 Plurimi
3273 2604 3425 2677 enim
3451 2639 3517 2678 ex
3559 2624 3625 2680 iis
3657 2624 3751 2695 qui

2169 2710 2374 2765 morbis
2418 2710 2690 2780 aliquibus
2723 2708 3046 2766 laborabant
3084 2721 3140 2768 et
3193 2714 3283 2781 qui
3341 2714 3592 2783 egebant,
3639 2715 3751 2771 illic

2166 2802 2580 2873 permanebant,
2609 2809 2667 2856 ut
2708 2801 2903 2870 quibus
2951 2802 3336 2859 subveniretur
3392 2818 3489 2874 per
3545 2806 3753 2861 benefi-

2167 2894 2400 2951 centiam
2434 2908 2621 2949 eorum
2654 2895 2746 2963 qui
2770 2893 3121 2951 accedebant.
3151 2894 3437 2950 Maximam
3469 2912 3601 2952 vero
3629 2912 3751 2953 mo-

2166 2986 2385 3057 lestiam
2412 2994 2466 3042 et
2518 2984 2807 3056 plurimum
2841 2985 3082 3041 laborem
3121 2988 3425 3044 sustinebat
3472 2990 3541 3044 ab
3566 2990 3632 3045 iis
3655 2992 3751 3062 qui

2166 3085 2323 3134 erant
2351 3078 2671 3134 daemoniaci
2702 3078 2838 3134 adeo
2867 3089 2922 3133 ut
2951 3081 3216 3150 quosdam
3237 3096 3302 3136 ex
3332 3082 3412 3138 eis
3444 3081 3574 3155 (non
3603 3086 3751 3141 enim

2167 3180 2377 3234 clunes,
2427 3172 2524 3226 sed
2566 3184 2682 3238 eos,
2721 3170 2810 3241 qui
2850 3179 3009 3227 erant
3032 3172 3200 3244 digni)
3236 3188 3334 3244 per
3382 3190 3510 3231 suas
3559 3192 3754 3247 preces

2168 3260 2447 3315 curaverit
2473 3258 2759 3318 Dominus.
2785 3259 2937 3328 Quod
2959 3275 3139 3318 autem
3173 3266 3248 3319 rei
3282 3265 3544 3321 faciendae
3568 3275 3623 3320 et
3652 3282 3754 3338 pe~

2170 3354 2347 3408 cunis:
2380 3355 2772 3425 ampliﬁcanda:
2806 3358 3005 3410 nullam
3051 3357 3280 3413 haberet
3312 3359 3599 3427 rationem,
3623 3375 3755 3417 vera

468 3424 716 3521 V0;'[J.E‘t&
738 3424 837 3521 την
868 3451 1128 3521 κοίμησιν
1154 3448 1319 3504 αὑτοῦ
1355 3447 1494 3515 ὑπὲρ
1523 3440 1719 3501 ἕκατὸν
1746 3424 2061 3517 νομίσματα

2168 3445 2327 3512 sciet,
2352 3424 2592 3516 tam’qui
2621 3447 2771 3519 legit,
2813 3463 2975 3518 quam
3003 3449 3095 3519 qui
3119 3450 3290 3514 audit,
3324 3452 3464 3522 quod
3493 3424 3613 3507 cum
3633 3462 3759 3524 post

468 3541 893 3613 ἐποφειλομένου
956 3542 1051 3595 τοῦ
1084 3538 1404 3612 ἀρτοποιοῦ,
1444 3530 1532 3592 ’δι’
1565 3538 1929 3608 ὑπομνήσεως
1961 3539 2057 3593 τοῦ

467 3630 711 3702 διαδόχου
760 3632 857 3686 καὶ
918 3631 1164 3703 μαθητοῦ
1208 3631 1399 3695 αὑτοῦ,
1450 3630 1583 3701 περὶ
1615 3622 1677 3682 οὗ
1708 3630 1851 3683 κατὰ
1875 3629 2058 3701 χώραν

470 3723 724 3792 ἐροῦμεν,
790 3725 944 3795 παρά
977 3740 1124 3785 τινος
1167 3722 1521 3791 φιλοχρίστον
1544 3720 1639 3773 καὶ
1664 3719 1925 3783 εὐσεϐοῦς
1959 3722 2055 3774 ἀν-

469 3814 596 3888 δρὸς
617 3817 793 3873 ταῦτα
824 3817 1199 3872 ἀποδίδοσθαι.

2167 3535 2285 3605 cjus
2321 3538 2604 3592 decessum
2654 3538 2880 3594 deberet
2928 3539 3117 3609 pistori
3174 3541 3294 3612 plus
3338 3556 3501 3612 quam
3532 3551 3752 3597 centum

2166 3629 2518 3696 numismata,
2549 3629 2860 3686 admonitus
2886 3632 2956 3687 ab
2984 3633 3103 3702 ejus
3142 3648 3459 3690 successore
3491 3644 3548 3691 et
3587 3633 3757 3692 disci-

2166 3720 2311 3789 pulo,
2337 3719 2402 3775 de
2420 3735 2526 3790 quo
2547 3736 2647 3776 suo
2677 3721 2797 3778 loco
2821 3722 3052 3789 dicetur,
3085 3724 3300 3794 quidam
3332 3723 3534 3781 Christi
3563 3742 3753 3781 amans

2163 3825 2217 3871 et
2256 3819 2376 3886 pius
2398 3828 2460 3868 ca
2490 3814 2730 3869 solverit.

2011 3977 2243 4036 CAPUT
2266 3977 2409 4036 VIII-

553 4103 720 4160 Vestis
745 4106 1115 4161 auachorizica
1147 4103 1312 4159 variis
1335 4112 1366 4160 α
1399 4103 1459 4160 S.
1481 4104 1751 4160 Auxentio
1782 4105 1912 4159 data
1936 4118 1955 4157 :
1979 4104 2204 4175 itemque
2230 4107 2453 4158 monita.
2483 4101 2792 4158 Dwmonum
2819 4102 3049 4158 insultas
3070 4104 3228 4169 varii,
3256 4113 3304 4158 et
3335 4105 3594 4162 remedia.

543 4223 672 4279 NB‘.
699 4221 1001 4294 Ζηλοῦντες
1018 4222 1080 4276 δέ
1105 4240 1250 4287 τινες
1278 4222 1370 4276 τὸν
1399 4220 1647 4277 τοιοῦτον
1676 4222 1861 4277 ἔνθεον
1894 4221 2063 4277 αὑτοῦ

474 4314 589 4386 βίον
620 4315 688 4368 δι’
713 4314 877 4385 ὄχλου
900 4315 1145 4383 ἐγίνοντο
1168 4316 1262 4369 τοῦ
1297 4316 1721 4387 στοιχειωθῆναι
1746 4317 1876 4387 παρ’
1894 4314 2064 4371 αὑτοῦ

470 4406 569 4460 καὶ
592 4405 999 4477 καθιερωθῆναι
1020 4406 1098 4478 τῷ
1120 4408 1385 4478 σχήματι.
1418 4409 1737 4480 Στοιχάριον
1760 4405 1854 4462 οὑν
1883 4408 2065 4472 διδοὺς

470 4497 713 4569 τρίχινον
763 4497 796 4567 ἢ
848 4497 1176 4568 δερμάτινον
1235 4500 1296 4565 ἐξ
1352 4495 1430 4554 ὧν
1476 4502 1735 4572 ⁴ιιμφίετο,
1787 4501 2061 4572 ἐπηύχετο

2237 4216 2349 4276 LII.
2380 4219 2721 4276 Emulantes
2769 4227 2951 4275 autem
2991 4228 3048 4275 et
3075 4220 3289 4276 beatam
3338 4221 3605 4281 ducentes
3628 4226 3755 4295 qui—

2166 4315 2289 4367 dam
2324 4310 2467 4367 hanc
2498 4310 2738 4366 divinam
2787 4310 2906 4381 ejus
2938 4312 3131 4376 vitam,
3180 4313 3456 4382 negotium
3508 4316 3556 4370 ei
3599 4319 3755 4371 exhi-

2164 4404 2387 4469 bebant,
2422 4413 2476 4457 ut
2499 4402 2568 4458 ab
2599 4417 2669 4458 eo
2692 4403 3041 4458 initiarentur
3065 4413 3123 4458 et
3147 4417 3601 4462 consecrarentur
3630 4410 3754 4481 ejus

2167 4495 2377 4551 habitu.
2408 4495 2542 4551 Cum
2579 4495 2761 4564 itaque
2807 4495 3046 4550 dedisset
3094 4497 3333 4552 tunicam
3358 4513 3425 4553 ex
3464 4498 3588 4568 pilis
3615 4515 3753 4555 cou-

474 4590 648 4661 Αέγων
669 4608 684 4624 ·
714 4589 983 4659 Πορεύου,
1025 4590 1242 4659 ἀδελφὲ,
1275 4591 1406 4647 ἔνθα
1435 4596 1463 4647 ὁ
1497 4594 1702 4667 Κύριός
1744 4611 1804 4649 σε
1855 4595 2059 4667 ίδηγη-

2171 4597 2372 4644 testam
2424 4598 2518 4644 aut
2571 4587 2860 4657 pelliceum
2892 4602 2960 4642 ex
3007 4588 3072 4644 iis
3103 4589 3304 4660 quibus
3333 4600 3453 4645 erat
3507 4591 3753 4659 indutus,

475 4698 558 4735 σει
577 4699 592 4716 ο
623 4685 681 4736 ἐν
710 4677 791 4745 οἷς
821 4682 886 4734 ὲκ
919 4680 1027 4733 τῶν
1058 4684 1623 4754 προσκαρτερούντων
1663 4703 1745 4750 τις
1777 4685 2061 4750 Βασίλειος

473 4774 575 4844 τὴν
621 4774 998 4846 προσηγορίαν
1053 4775 1360 4846 ἐξῃτήσατο
1411 4775 1589 4829 τοῦτο.
1656 4776 1925 4846 Ἀφθονος
1970 4773 2065 4832 οὖν

474 4867 741 4939 ὑπάρχων
764 4867 793 4918 ὀ
832 4866 1105 4939 μακάριος
1136 4869 1230 4921 καὶ
1254 4867 1463 4938 σφόδρα
1510 4869 1859 4939 φιλάδελςξος,
1895 4872 2063 4925 ἐπευ-

475 4958 709 5029 ξάμενος
757 4958 908 5030 αὑτῷ
960 4962 1055 5013 καὶ
1083 4959 1210 5022 δοὺς
1265 4960 1331 5031 ἣν
1361 4945 2061 5034 περιεὸἐῦλητομηλωτὴν,

474 5053 772 5106 ἀπέλυσεν.
815 5050 875 5105 '0
905 5050 964 5105 δὲ
994 5051 1247 5105 ἀπελθὼν
1286 5051 1363 5115 ὡς
1417 5052 1527 5107 ἀπὸ
1575 5055 1751 5107 εἰκοσι
1816 5055 2064 5125 σημείων

475 5142 839 5216 πορρωτέρω,
896 5142 955 5197 ἐν
1002 5160 1109 5197 τινι
1162 5143 1337 5213 βουνῷ
1371 5143 1569 5197 nsum
1628 5145 2067 5215 παρασκευάσας

475 5236 903 5308 οἰκοδομηθῆναι
931 5234 1257 5308 κατῴκησεν
1278 5232 1296 5265 ⁵
1338 5238 1432 5290 καὶ
1457 5236 1523 5306 δὴ
1550 5238 1689 5307 μετά
1713 5255 1836 5292 τινα
1874 5239 2068 5310 χρόνον

480 5327 665 5380 ίκανδν
695 5327 1018 5391 ἐπιστάντες
1043 5329 1093 5380 οἱ
1117 5327 1371 5391 δαίμονες
1396 5328 1487 5380 ἐπὶ
1510 5329 1767 5382 τοσοῦτον
1802 5330 2068 5401 ἐπετέθη-

480 5434 604 5488 σαν,
646 5419 723 5484 ὡς
774 5420 978 5493 μικροῦ
1031 5420 1144 5474 δεῖν
1172 5420 1599 5490 παρασκευάσαι
1658 5420 1824 5475 αὑτὸν
1850 5422 1945 5477 καὶ
1975 5424 2069 5477 ὲκ-

554 5601 670 5673 (ιο)
695 5599 914 5673 Pistori.
940 5602 1109 5673 Apud
1136 5601 1607 5673 Socratcmlih.u
1638 5616 1757 5669 cap.
1779 5600 1883 5655 18:
1916 5599 2064 5673 Prm-

485 5670 659 5743 crant'
691 5671 922 5743 panibus
977 5670 1356 5743 conficiendis,
1392 5670 1444 5726 οἳ
1491 5672 1772 5742 μάγκιπες
1805 5674 1872 5743 τῇ
1930 5671 2062 5725 Ῥω-

486 5742 667 5812 μαίων
690 5740 911 5815 γλώσσῃ
942 5742 1260 5800 καλοῦνται.
1299 5761 1316 5795 ι
1359 5743 1457 5809 Qui
1493 5740 1774 5814 mancipes
1801 5740 2063 5798 aliuma-

2166 4679 2493 4751 precabatur
2528 4679 2715 4735 dicens
2744 4694 2758 4733 :
2786 4678 2954 4745 Vade,
3009 4678 3202 4745 frater,
3237 4694 3344 4751 quo
3385 4690 3438 4737 te
3467 4683 3627 4738 ducet
3648 4682 3756 4741 Do-

2170 4772 2370 4831 minus.
2397 4770 2543 4826 Inter
2567 4786 2703 4842 quos
2725 4786 2788 4827 es
2819 4786 3045 4827 numero
3072 4786 3263 4828 eorum
3298 4772 3389 4844 qui
3425 4773 3535 4830 illic
3567 4789 3761 4844 perae.

2165 4867 2449 4928 verabant,
2484 4863 2716 4918 Basilius
2746 4863 2967 4933 quidam
3003 4865 3227 4921 nomine
3282 4865 3387 4922 hoc
3415 4868 3585 4937 petiit.
3618 4867 3754 4924 Cum

2168 4958 2349 5030 largus
2377 4973 2508 5027 ergo
2538 4964 2686 5012 esset
2718 4956 2919 5014 Beatus
2940 4968 2995 5012 et
3022 4957 3251 5014 fratrum
3281 4959 3435 5016 valde
3457 4974 3669 5026 amans,
3701 4962 3755 5018 c‘i

2166 5053 2308 5109 bene
2334 5059 2609 5122 precatus,
2631 5058 2687 5105 et
2739 5051 2862 5106 data
2911 5066 3074 5122 quam
3124 5050 3373 5108 induerat
3400 5052 3539 5124 pelle
3568 5053 3753 5119 ovilla,

2165 5159 2289 5199 eum
2350 5140 2578 5200 dimisit.
2606 5140 2697 5196 Ille
2724 5150 2904 5197 autem
2960 5141 3179 5214 longius
3227 5144 3419 5201 abiens
3464 5146 3530 5200 ad
3564 5146 3757 5217 viginti

2167 5235 2445 5300 milliaria,
2476 5248 2600 5288 cum
2631 5233 2684 5286 in
2719 5235 2954 5303 quodam
2980 5235 3119 5292 colle
3145 5247 3395 5295 curasset
3423 5238 3619 5295 cellam
3650 5239 3758 5296 sibi

2166 5327 2448 5393 aediﬁcari,
2475 5326 2586 5381 illic
2619 5324 2903 5384 habitavit.
2939 5329 3070 5386 Post
3121 5330 3342 5403 aliquod
3386 5346 3515 5388 vero
3542 5341 3760 5403 tempus

2167 5422 2493 5477 accedentes
2523 5419 2821 5486 daemones,
2848 5435 2973 5476 eurn
3000 5422 3134 5480 adeo
3170 5423 3513 5492 invaserunt,
3543 5435 3603 5480 ut
3627 5440 3755 5481 eum

2176 5603 2260 5659 nis
2292 5603 2654 5677 appellantur.
2704 5626 2733 5677 »ί
2757 5606 2823 5662 Ει
2872 5604 3093 5670 Suidas,
3134 5603 3512 5677 ἀρτοπολεῐον,
3547 5603 3610 5677 τὸ
3642 5620 3755 5674 μα-

2174 5670 2449 5741 γκιπείον,
2484 5676 2542 5727 ὲν
2564 5670 2609 5745 ᾧ
2634 5676 2682 5730 oi
2705 5676 2860 5749 ἄρτοι
2887 5679 3155 5748 γίνονται,
3176 5670 3207 5728 ἰ
3252 5676 3541 5748 pistrinum
3570 5675 3626 5731 in
3643 5670 3755 5748 quo

2172 5758 2344 5815 panes
2371 5744 2527 5800 fiunt.
2570 5764 2590 5798 ι

3808 4088 3825 4159 ἑ
