4160 6412
415 326 559 401 1423

1627 326 1911 388 MENSIS
1962 320 2479 386 FEBRUARIUS.

3538 319 3685 386 1121

412 446 799 520 propemodum
850 442 1078 501 fecerint
1114 440 1416 513 exspirare.
1445 440 1524 495 Ad
1555 453 1716 510 quem
1750 454 1874 493 cum
1903 438 1993 507 qui

2109 433 2337 488 πνεῦσαι
2360 450 2375 463 ο
2411 433 2550 504 πρὸς
2579 431 2638 484 ὃν
2667 432 2717 484 οἱ
2748 431 2857 484 τῶν
2912 431 3074 504 πέριξ
3104 433 3307 504 κωμῶν
3335 434 3593 504 νέμοντες
3620 436 3691 488 τὰ

412 556 479 596 ex
509 540 664 606 locis,
696 554 817 610 quat
853 544 1012 593 erant
1061 533 1441 600 circumcirca,
1494 539 1759 587 venerant
1812 529 1849 584 ii
1901 530 1994 602 qui

2109 525 2405 597 τετράποδα
2446 523 2773 587 ἀπελθόντες
2800 522 2894 578 καὶ
2921 527 3018 596 τῆς
3042 526 3306 597 συνήθους
3326 526 3492 580 αὐτοῦ
3521 527 3693 598 εὐχῆς

411 633 712 704 pascebant
770 644 987 699 pecora,
1014 628 1305 690 abiissent,
1336 634 1391 680 et
1422 632 1710 680 consuetas
1737 621 1853 689 ejus
1876 636 1999 692 pre-

414 740 529 788 ces,
588 723 713 778 dum
764 736 907 790 sarpe
963 719 1314 782 clamassent,
1351 730 1456 770 non
1512 724 1699 769 essent
1737 712 1996 775 assecuti,

415 816 562 871 cellae
593 815 832 870 fenestra
863 814 913 867 vi
943 818 1153 883 aperta,
1186 810 1372 864 vident
1398 822 1521 862 eum
1550 817 1760 861 mutum
1795 816 1849 860 et
1874 820 1999 873 pro.

417 910 541 961 nutu
571 907 841 976 jacentem
872 922 887 958 :
913 911 971 958 et
1004 902 1383 957 existimantes
1407 912 1532 953 eum
1549 911 1673 951 esse
1701 905 1995 955 mortuum,

418 1014 611 1053 rursus
644 1006 1018 1060 accurrentes,
1046 994 1163 1049 suis
1197 992 1598 1047 renuntiarunt.
1628 987 1728 1056 Qui
1760 1002 1881 1040 cum
1913 1000 1998 1038 as-

417 1091 747 1152 cendissent,
783 1090 1107 1142 invenerunt
1159 1100 1282 1139 eum
1329 1081 1447 1136 fere
1475 1082 1912 1141 semimortuum,
1944 1085 1999 1129 et

390 1172 521 1240 'nec
550 1181 818 1238 valentem
841 1179 1064 1236 omnino
1097 1178 1267 1246 loqui,
1285 1177 1380 1230 sed
1405 1173 1578 1228 solum
1604 1185 1794 1242 parum
1823 1168 1997 1235 respi-

418 1285 653 1330 rantem.
673 1274 808 1329 Cum
839 1282 1017 1325 autem
1038 1283 1235 1338 corpus
1252 1266 1368 1334 ejus
1390 1264 1652 1319 vidissent
1674 1260 1995 1326 sauciatum,

419 1382 583 1424 curru
618 1366 729 1421 cito
760 1366 943 1429 allato,
979 1377 1102 1418 eum
1136 1362 1188 1416 in
1229 1360 1348 1430 ipso
1376 1359 1683 1427 imponunt,
1708 1364 1761 1409 et
1793 1353 2001 1408 ducunt

421 1461 487 1514 ad
507 1459 723 1515 beatum
757 1457 1110 1510 Auxentium.
1137 1452 1239 1520 Qui
1264 1465 1388 1505 cum
1421 1458 1544 1520 post
1575 1448 1765 1502 horam
1798 1459 1996 1499 nonam

419 1551 756 1621 despexissei.
781 1564 811 1603 e
836 1546 1097 1614 fenestra,
1134 1551 1190 1599 et
1229 1559 1352 1600 eum
1388 1542 1639 1607 vidisset,
1681 1552 1817 1593 voce
1866 1535 2001 1591 dixit

420 1644 691 1715 apertiore
718 1639 942 1695 :Frater
961 1638 1149 1693 Basili.
1178 1636 1313 1692 Cum
1339 1635 1386 1691 is
1410 1648 1539 1704 ergo
1572 1647 1694 1688 eum
1726 1635 1997 1691 vocasset,

417 1745 476 1790 et
497 1733 586 1789 ille
610 1748 719 1787 non
750 1731 1106 1798 exaudiisset,
1145 1730 1306 1784 tertio
1335 1742 1530 1796 magna
1554 1724 1603 1779 vi
1631 1722 1888 1779 clamavit
1912 1738 1926 1772 :
1952 1720 1997 1774 0

418 1824 519 1880 tibi
551 1825 698 1889 dico,
724 1822 894 1877 frater
914 1821 1102 1876 Basili.
1125 1818 1261 1875 Cum
1283 1819 1332 1873 is
1351 1828 1530 1872 autem
1555 1816 1665 1871 cito
1685 1812 1997 1873 assedisset,

417 1914 554 1969 dicit
582 1914 630 1969 ei
666 1932 679 1968 :
718 1912 911 1983 Surge,
951 1910 1137 1980 accipe
1167 1917 1492 1980 potestatem
1540 1905 1829 1960 adversum
1887 1912 2002 1954 ten-

420 2017 679 2071 tatorem,
706 2021 813 2060 non
832 2003 1061 2075 amplius
1093 2004 1291 2056 timens
1320 1997 1595 2069 improbos
1611 2005 1667 2051 et
1695 1993 2002 2048 immundos

422 2097 717 2150 daemones.
767 2093 941 2149 Jussit
1000 2093 1182 2162 itaque
1230 2106 1355 2145 cum
1405 2102 1649 2159 surgere,
1685 2094 1739 2139 et
1785 2096 2003 2139 sumere

421 2187 788 2243 venerandum
824 2198 1022 2251 corpus
1055 2193 1110 2237 et
1140 2181 1415 2236 vivificutn
1450 2179 1771 2249 sanguinem
1793 2174 2001 2231 Domini

425 2279 595 2337 nostri
633 2276 758 2332 Jesu
774 2274 1004 2339 Christi,
1037 2282 1089 2328 et
1107 2273 1289 2328 statim
1316 2287 1504 2327 rursus
1540 2271 1735 2325 reverti
1762 2271 1815 2323 in
1845 2283 2002 2323 suum

426 2373 626 2427 locum.
664 2368 767 2443 Qui
802 2383 924 2422 cum
952 2367 1193 2428 abiisset,
1228 2365 1410 2419 ethoc
1446 2367 1607 2418 modo
1636 2378 1742 2416 non
1770 2361 2005 2431 amplius

428 2463 618 2518 fuisset
651 2469 912 2523 tentatus,
942 2468 992 2511 et
1020 2471 1079 2513 se
1114 2458 1288 2511 tribus
1311 2456 1465 2510 anuis
1489 2453 1705 2509 fortiter
1726 2452 2004 2509 exercuis-

427 2564 531 2619 set,
556 2554 610 2608 ln
637 2565 770 2622 pace
797 2549 1049 2622 migravit
1083 2562 1149 2603 ex
1187 2548 1288 2602 hac
1325 2547 1457 2603 vita.

501 2819 634 2875 Llii.
663 2817 770 2874 Sed
804 2825 924 2888 post
949 2814 1069 2887 ejus
1124 2813 1418 2870 adventum
1460 2811 1739 2869 monachis
1758 2826 1817 2868 et
1847 2827 2006 2867 muno

420 2915 586 2969 uanis
614 2910 721 2982 qui~
738 2909 986 2974 aderant,
1020 2918 1075 2964 et
1093 2909 1345 2962 omnibus
1371 2903 1594 2975 reliquis
1615 2904 1755 2960 dixit
1780 2906 2003 2959 beatus:

425 3003 715 3060 Damones
770 2999 1085 3056 hominibus
1134 2998 1466 3064 invidentes,
1495 3012 1529 3052 ο
1568 2996 1767 3053 fratres
1796 2996 2006 3059 dilecti,

431 3102 696 3165 perpetuo
726 3092 1106 3146 machinantur
1132 3091 1287 3145 nobis
1328 3104 1452 3145 esse
1502 3089 1891 3158 impedimento
1951 3087 2005 3142 in

420 3187 594 3243 tionis
642 3185 918 3256 operibus,
951 3193 1008 3238 et
1056 3180 1290 3237 maxime
1320 3181 1371 3235 in
1404 3185 1760 3251 temperantia
1791 3190 1846 3235 et
1880 3195 2011 3234 con-

426 3278 682 3343 tinentia,
717 3275 1127 3343 humilitateque
1160 3284 1212 3329 et
1242 3276 1627 3340 beneficentia,
1656 3274 2012 3342 orationeque

414 3376 487 3425 ‘et
519 3369 761 3434 silentio,
794 3368 1118 3436 lenitateque
1141 3378 1193 3422 et
1222 3369 1499 3436 patientia,
1534 3383 1773 3437 paceque
1793 3377 1849 3420 et
1878 3369 2014 3421 tole-

432 3458 634 3521 rantia,
689 3465 743 3511 et
800 3458 1069 3510 that-itote
1126 3455 1180 3509 in
1232 3458 1559 3522 proximum,
1599 3471 1700 3525 qua
1747 3455 1881 3509 nihil
1930 3466 2013 3511 est

436 3551 635 3621 majus.
666 3546 941 3619 O'ujiciunt
967 3548 1110 3602 enim
1139 3547 1205 3602 iis
1236 3548 1476 3618 quidem,
1535 3550 1625 3618 qui
1674 3550 1860 3603 volunt
1891 3564 2013 3604 esse

438 3654 823 3715 temperantes,
863 3643 1111 3697 diversas
1141 3644 1405 3713 quasdam
1433 3652 1486 3696 et
1540 3644 1679 3698 inter
1713 3660 1770 3697 se
1802 3643 2009 3698 discre-

432 3748 625 3807 pantes
677 3738 909 3806 species,
941 3746 995 3790 et
1041 3737 1288 3806 corporis
1334 3736 1669 3791 titillationes
1699 3755 1712 3791 :
1740 3738 2012 3807 quomodo

431 3832 598 3886 etiam
640 3828 1068 3895 abstinentibus,
1116 3829 1322 3883 ventris
1381 3831 1742 3899 appetitioues
1771 3847 1785 3884 :
1818 3839 1872 3883 et
1922 3830 2010 3895 iis,

433 3924 527 3993 qui
562 3922 750 3977 volunt
782 3921 1060 3976 humiliter
1098 3921 1166 3975 de
1194 3936 1254 3975 se
1280 3922 1505 3986 sentire,
1532 3938 1720 3975 vanam
1748 3921 2010 3989 gloriam:

437 4015 505 4070 iis
542 4025 719 4069 autem
751 4015 842 4085 qui
875 4013 929 4067 in
961 4013 1141 4066 animo
1188 4012 1391 4067 habent
1427 4012 1767 4077 benefacere,
1792 4029 2011 4067 suorum

437 4108 618 4176 petius
643 4119 828 4160 curam
867 4123 880 4158 :
914 4104 1090 4172 iisque
1119 4104 1207 4170 qui
1236 4110 1399 4156 orant
1437 4111 1491 4156 et
1519 4113 1684 4173 agunt
1713 4103 2011 4167 silentium,

437 4198 682 4253 diversas
746 4194 914 4250 animi
980 4196 1420 4264 perturbationes
1481 4205 1538 4250 et
1609 4195 2011 4257 multitudinem

437 4298 681 4344 veterum
745 4287 1082 4358 negotiorum
1116 4286 1229 4345 :iis
1276 4302 1401 4344 vero
1461 4287 1554 4357 qui
1608 4304 1668 4347 se
1712 4291 1764 4345 in
1794 4290 2015 4349 lenitate

438 4389 702 4436 exercent
764 4390 817 4437 et
851 4379 1167 4446 tolerantia,
1216 4393 1499 4451 opponunt
1546 4382 1714 4437 animi
1759 4398 2011 4453 angorem

2099 626 2157 675 ὲν
2178 621 2255 692 τῷ
2283 620 2479 691 κράξαι
2509 620 2830 679 πλειστάκις
2856 620 2931 691 μὴ
2954 621 3231 691 τυχόντες,
3259 621 3352 693 βίᾳ
3374 621 3472 692 τὴν
3494 620 3689 692 θυρίδα

2099 715 2201 786 τῆς
2229 714 2428 782 κέλλης
2476 712 2862 778 διανοίξαντες,
2905 712 3107 783 ὁρῶσιν
3155 713 3317 766 αὑτὸν
3353 714 3566 781 ἄφωνον
3595 715 3692 767 καὶ

2101 808 2286 879 πρηνῆ
2334 807 2735 877 κατακείμενον
2757 822 2771 834 ο
2804 807 2898 858 καὶ
2951 804 3203 870 δόξαντες
3233 805 3397 859 αὑτὸν
3426 806 3692 876 τεθνηκέ-

2100 919 2213 963 ναι,
2250 900 2404 963 αὖθις
2438 898 2879 970 καταδραμόντες
2919 900 3031 961 τοῖς
3063 897 3288 959 οἰκείοις
3320 897 3690 968 ἀπήγγειλαν,

2099 990 2151 1044 οἳ
2183 992 2275 1045 καὶ
2306 988 2626 1053 ἀνελθόντες
2660 986 2821 1059 εὗρον
2861 989 3023 1042 αὐτὸν
3057 989 3300 1061 ἡμιθανῆ
3328 989 3540 1060 σχεδὸν,
3563 991 3691 1060 μηδ’

2100 1081 2238 1145 ὅλως
2273 1081 2378 1134 κᾶν
2412 1080 2649 1150 λαλῆσαι
2693 1080 2967 1149 ἰσχύοντα,
3000 1079 3136 1135 ἀλλὰ
3180 1082 3343 1149 μίνον
3386 1080 3562 1151 αὔρας
3598 1101 3689 1152 μι-

2102 1175 2244 1245 κρᾶς
2267 1170 2435 1243 οὔσης
2468 1171 2635 1226 αὑτοῦ
2669 1172 2800 1243 περὶ
2834 1172 2933 1244 τὴν
2967 1173 3141 1243 πνοήν
3166 1188 3181 1202 ο
3218 1171 3278 1226 τὸ
3307 1172 3364 1225 δὲ
3399 1174 3560 1243 σῶμα
3598 1174 3695 1228 αὑ-

2100 1263 2196 1319 τοῦ
2245 1263 2738 1336 κατατετρωμένον
2790 1263 3165 1333 θεασάμενοι,
3224 1263 3421 1317 θᾶττον
3477 1264 3696 1336 ἄμαξαν

2103 1359 2561 1431 παραστήσαντες
2590 1357 2933 1410 ἱπιτιθὲασιν
2964 1357 3149 1420 αὐτὸν,
3178 1358 3269 1410 καὶ
3300 1358 3529 1427 ἄγουσιν
3558 1359 3695 1427 πρὸς

2103 1451 2196 1505 τὸν
2272 1451 2547 1520 μακάριον
2593 1449 2903 1515 Λὺξὲντιον.
2937 1450 3038 1512 Ὃς
3091 1448 3361 1518 διακύψας
3403 1450 3544 1504 κατὰ
3596 1452 3698 1522 τὴν

2104 1541 2334 1612 ὲννάτην
2358 1540 2510 1612 ῶραν
2531 1543 2595 1593 ὲκ
2614 1540 2708 1593 τοῦ
2741 1540 2981 1611 θυριδίου
3014 1542 3111 1595 καὶ
3137 1540 3473 1609 θεασάμενος
3508 1542 3693 1609 αὑτὸν,

2102 1630 2404 1702 τρανοτέρα
2422 1632 2486 1699 τῇ
2518 1632 2670 1702 φωνῇ
2694 1629 2881 1697 ἔλεγεν
2901 1647 2915 1661 ⁸
2954 1629 3177 1698 Ἀδελφέ
3201 1632 3475 1687 Βασίλειε.
3504 1631 3699 1685 Δεύτε-

2109 1736 2202 1790 ρον
2230 1722 2414 1773 τοίνυν
2456 1717 2622 1772 αὑτοῦ
2677 1719 3007 1782 καλέσαντος
3046 1720 3304 1773 κάκείνου
3336 1721 3412 1791 μὴ
3446 1721 3696 1775 ὑπακού-

2112 1828 2326 1876 σαντος,
2354 1811 2435 1874 είς
2463 1811 2523 1863 τὸ
2546 1810 2730 1882 τρίτον
2771 1810 2832 1875 ἐξ
2857 1810 3043 1880 ίσχύος
3076 1810 3342 1884 ἔκραξενο
3388 1814 3477 1865 Σοὶ
3529 1813 3698 1881 λέγω,

2109 1903 2306 1973 eam:
2332 1903 2578 1956 Βασίλειε
2599 1917 2614 1932 ·
2657 1901 2751 1956 τοῦ
2784 1903 2841 1956 δὲ
2867 1903 3030 1973 τάχος
3077 1903 3529 1975 ἀνακαοήσαντός
3563 1921 3699 1975 φησι

2111 1996 2246 2067 πρὸς
2277 1994 2461 2059 αὑτὸν,
2498 1994 2754 2060 Ἀνάστα,
2780 1993 2913 2047 λάϐε
2937 1995 3189 2060 ἐξουσίαν
3216 1996 3358 2049 κατὰ
3383 1996 3476 2049 τοῦ
3504 1999 3699 2069 πειρά-

2111 2088 2315 2152 ζοντος,
2346 2090 2545 2159 μηκέτι
2575 2085 2766 2148 δεδιὼς
2795 2086 2920 2149 τοὺς
2945 2087 3218 2158 πονηροὺς
3240 2089 3333 2140 καὶ
3353 2090 3699 2161 ἀκαθάρτους

2110 2180 2389 2251 δαίμονας.
2427 2179 2760 2232 Ἀναστάντα
2802 2174 2897 2232 οὖν
2928 2179 3091 2232 αὐτὸν
3134 2180 3428 2234 ἐκέλευσεν
3457 2182 3699 2250 μεταλα-

2111 2270 2225 2323 ϐεῖν
2264 2270 2360 2323 τοῦ
2392 2269 2577 2339 τιμίου
2614 2268 2869 2336 σώματος
2898 2269 3115 2323 καὶτοῦ
3152 2268 3423 2334 ζωοποιοῦ
3466 2272 3700 2342 αἵματος

2111 2358 2208 2412 τοῦ
2241 2358 2448 2429 Κυρίου
2483 2358 2646 2427 ἡμῶν
2687 2357 2864 2428 ⁸1ησοῦ
2898 2358 3162 2429 Χριστοῦ,
3210 2360 3306 2413 καὶ
3356 2360 3700 2431 παραχρῆμα

2113 2449 2475 2519 ὑποστρέφειν
2502 2448 2663 2503 πάλιν
2686 2450 2768 2512 είς
2789 2447 2882 2501 τὸν
2910 2449 3074 2502 αὐτὸν
3098 2451 3283 2503 τόπον.
3322 2451 3418 2514 Ὃς
3444 2450 3702 2506 ἀπελθὼν

2112 2540 2209 2592 καὶ
2248 2539 2473 2610 τειούτῳ
2524 2540 2714 2614 τρόπῳ
2773 2541 2973 2611 μηκέτι
3013 2542 3359 2612 πειρασθεὶς,
3414 2546 3473 2596 ὲν
3518 2548 3701 2614 τρισὶν

2112 2630 2293 2684 ἔτεσιν
2320 2632 2585 2700 γενναίως
2632 2633 2909 2702 ἀσκήσας,
2942 2635 3001 2685 ὲν
3040 2634 3234 2705 εἰρήνῃ
3293 2633 3564 2707 μετῆλθεν
3608 2636 3702 2688 τὸν

2113 2722 2237 2795 τῇδε
2273 2722 2409 2792 βίον.

2187 2812 2309 2867 Nl".
2352 2813 2515 2867 Ἀλλὰ
2547 2813 2689 2882 μετὰ
2714 2814 2817 2887 τὴν
2850 2813 3036 2885 ἄφιξιν
3062 2814 3256 2871 τούτου
3295 2821 3410 2883 τοϊς
3461 2819 3701 2891 παροῦσι

2116 2906 2374 2975 μοναχοῖς
2402 2906 2495 2958 καὶ
2524 2909 2812 2975 κοσμικοτς
2837 2909 2935 2959 καὶ
2958 2908 3094 2960 πᾶσι
3134 2908 3247 2969 τοῖς
3272 2906 3485 2972 λοιποῖς
3513 2909 3701 2978 ῐλεγεν

2112 2997 2144 3049 ὀ
2169 2995 2462 3066 μακάριος,
2499 2997 2563 3050 Oi
2595 2996 2849 3067 δαίμονες
2879 2998 3265 3068 βασκαίνοντες
3290 2999 3371 3071 τῷ
3399 3001 3712 3075 ἀνθρώπῳ..

2038 3135 2081 3193 c
2114 3087 2337 3157 ἀδελφοὶ
2363 3089 2662 3161 ἀγαπητοὶ,
2716 3090 2805 3143 διὰ
2836 3092 3056 3145 πάντων
3087 3092 3439 3163 μηχανῶνται
3482 3110 3703 3165 παρεμο

2115 3177 2294 3232 ποδῶν
2321 3180 2451 3251 ημῖν
2483 3181 2540 3233 ἐν
2562 3184 2674 3243 τοῖς
2698 3180 2926 3249 ἀγαθοῖς
2953 3183 3205 3251 γενέσθαι
3232 3182 3437 3253 ἔργοις,
3466 3186 3560 3239 καὶ
3591 3186 3702 3255 μά-

2115 3272 2275 3324 λιστα
2308 3271 2364 3324 έν
2386 3290 2442 3326 τε
2472 3276 2536 3345 τῇ
2583 3275 2910 3344 σωφροσύνῃ
2948 3276 3042 3330 καὶ
3090 3279 3409 3348 ἐγκρατείᾳ,
3442 3295 3705 3331 ’ταπεινο⁴

2118 3365 2360 3436 φροσῦνῃ
2415 3382 2472 3418 τε
2505 3366 2617 3435 καὶ,
2642 3367 2888 3438 εὐποιῖα,
2918 3370 3010 3421 καὶ
3038 3373 3311 3441 προσευχῇ
3349 3371 3444 3423 καὶ
3472 3371 3700 3443 ἠσυχίᾳ,

2117 3458 2363 3529 ὑπομονῇ
2417 3476 2474 3511 τε
2510 3460 2603 3511 καὶ
2644 3460 3019 3532 μακροθυμίᾳ,
3052 3465 3245 3535 εἰρήνῃ
3304 3481 3365 3517 τε
3395 3465 3489 3518 καὶ
3519 3465 3703 3531 ἀνεξι-

2115 3551 2306 3622 κακίᾳ,
2343 3553 2437 3605 καὶ
2483 3554 2548 3623 τῇ
2602 3554 2738 3622 πρὸς
2768 3552 2861 3606 τὸν
2894 3554 3126 3624 πλησίον
3151 3558 3368 3629 ἀγάπῃ,
3403 3551 3472 3629 ἧς
3514 3557 3705 3627 μεῖζον

2115 3644 2299 3697 οὐδέν·
2336 3645 2781 3718 ἀνθυπορέρουσι
2806 3648 2915 3718 γὰρ
2940 3650 3054 3711 τοῖς
3087 3650 3187 3718 μὲν
3217 3649 3564 3721 βουλομένοις
3595 3669 3704 3705 σω-

2117 3738 2336 3806 φρονεῖν
2387 3737 2564 3800 είδέας
2623 3739 2775 3801 τινὰς
2826 3739 3119 3811 διαφόρους
3170 3744 3259 3795 καὶ
3292 3742 3705 3811 ἀκαταλλήλως

2115 3828 2211 3880 καὶ
2245 3827 2658 3899 γαργαλισμοὺς
2692 3833 3059 3901 σωματικοὺς,
3082 3831 3345 3897 ὡσαύτως
3364 3835 3706 3905 τοῖςεγκρα-

2114 3921 2231 3972 τέσι
2290 3921 2388 3983 τὰς
2418 3922 2515 3990 τῆς
2556 3920 2763 3985 κοιλίας
2796 3922 3010 3992 ὀρέξεις
3046 3924 3140 3976 καὶ
3176 3924 3291 3988 τοῖς
3337 3941 3705 3997 ταπεινοφρο-

2116 4012 2228 4063 νεῖν
2261 4011 2474 4064 θέλουσι
2532 4012 2632 4081 τὴν
2659 4012 2968 4077 κενοδοξίαν
2989 4028 3003 4043 ⁶
3035 4014 3150 4077 τοῖς
3182 4013 3239 4066 δὲ
3274 4014 3566 4085 εὐποιῆσαι
3606 4014 3702 4066 θέ-

2114 4102 2301 4155 λουσιν
2346 4102 2835 4175 διασκεπτομένοις
2877 4104 2979 4174 τὴν
3036 4105 3144 4159 τῶν
3203 4106 3426 4159 οἰκείων
3496 4107 3705 4176 μᾶλλον

2117 4195 2446 4267 κηδεμονίαν
2466 4212 2483 4229 ο
2521 4199 2636 4261 τοῖς
2658 4197 2716 4251 δὲ
2751 4198 3215 4269 προσευχομένοις
3266 4199 3365 4255 καὶ
3393 4200 3705 4270 ἡσυχάζου-

2119 4307 2205 4343 σιν
2247 4291 2607 4361 ρεμὸασμοὺς
2652 4290 2949 4362 διαφόρους
2975 4293 3072 4348 καὶ
3104 4292 3311 4364 πλῆθος
3353 4294 3704 4367 πραγμάτων

2116 4383 2400 4453 ἀρχαίωνο
2463 4384 2559 4437 καὶ
2613 4385 2727 4447 τοῖς
2777 4385 2836 4437 ὲν
2889 4384 3136 4456 ὑπομονῇ
3197 4387 3291 4440 καὶ
3348 4387 3706 4458 μακροθυμίᾳ

437 4481 603 4542 atque
631 4469 1001 4536 timiditatem,
1029 4481 1087 4525 et
1133 4487 1355 4529 attinent.
1379 4488 1535 4527 suam
1568 4473 1969 4543 improbitatem
1996 4491 2006 4528 :

2116 4477 2478 4548 ἁσκουμένοις
2496 4475 2806 4547 ἁντιτίθησι
2832 4477 2932 4547 τὴν
2984 4479 3216 4547 ἁκηδίαν
3246 4481 3342 4533 καὶ
3375 4479 3580 4533 δειλίαν
3606 4485 3704 4535 καὶ

437 4563 559 4632 paci
588 4571 767 4616 autem
799 4571 853 4617 et
901 4550 1200 4631 patientiae,
1233 4563 1418 4619 odium
1471 4573 1526 4621 et
1557 4564 2012 4631 malevolentiam,

412 4666 535 4723 per
555 4666 718 4723 quam
752 4654 930 4723 perdit
958 4667 1101 4718 eam,
1129 4668 1250 4724 qua:
1276 4666 1364 4715 est
1401 4657 1459 4712 in
1506 4657 1747 4721 Christo,
1773 4660 2016 4715 charito-

434 4753 573 4807 tetn.
624 4754 679 4803 et
734 4757 946 4810 omnes,
1003 4752 1063 4801 ut
1122 4746 1290 4801 semel
1350 4745 1555 4822 dicam,
1592 4746 1804 4805 fructus
1838 4750 2015 4804 sancti

435 4836 699 4906 Spiritus,
715 4850 851 4905 quos
876 4849 1069 4892 eumue
1078 4838 1215 4892 ravit
1230 4838 1525 4908 Apostolus
1541 4839 1609 4903 ",
1626 4854 1719 4909 per
1739 4841 2015 4897 contraria

436 4938 703 4982 conantur
736 4935 1001 4989 evertere.
1061 4928 1164 4983 Sed
1193 4930 1286 5000 qui
1324 4938 1450 4989 sunt
1480 4932 1675 4989 muniti
1705 4934 1879 5001 gratia
1910 4932 2013 4986 Do-

438 5018 575 5077 mini
629 5021 796 5077 nostri
850 5017 978 5081 Jesu
1018 5020 1251 5088 Christi,
1309 5034 1630 5092 permanent
1681 5024 2006 5081 immobiles.

438 5108 805 5175 Quamobrem
835 5126 942 5165 non
982 5124 1069 5169 est
1094 5113 1428 5180 mirandum,
1468 5115 1690 5186 quando
1716 5130 1816 5170 nos
1838 5114 2008 5185 plagis

435 5200 819 5259 conscindunt.
855 5203 1086 5271 Quando
1131 5205 1278 5263 enim
1331 5220 1427 5275 per
1456 5207 1816 5277 cogitationes
1844 5218 1900 5265 et
1929 5224 2013 5264 te.

437 5292 619 5362 liquas
638 5295 885 5363 corporis
917 5295 1354 5365 perturbationes
1395 5312 1503 5353 non
1533 5310 1762 5368 possunt
1791 5316 1889 5357 nos
1917 5302 2014 5361 de-

420 5386 687 5459 turbare,
713 5396 847 5445 tunc
881 5400 982 5458 per
1004 5401 1063 5445 se
1091 5390 1518 5449 exercitatorum
1554 5402 1757 5451 terrent
1786 5395 2014 5466 petitio-

439 5492 584 5532 llelll.

478 5742 529 5772 ³⁵
593 5740 770 5801 Calai.
796 5761 847 5802 ν.

2117 4570 2300 4622 πᾶσαν
2322 4568 2419 4637 τὴν
2446 4568 2655 4621 οἰκείαν
2684 4571 2949 4642 πονηρίαν
2972 4586 2986 4599 ·
3012 4573 3079 4641 τῇ
3104 4571 3297 4642 είρήνῃ
3321 4571 3379 4623 δὲ
3407 4574 3498 4625 καὶ
3520 4570 3704 4634 ἀνεξι-

2119 4658 2289 4731 κακίᾳ
2344 4660 2443 4730 τὴν
2501 4661 2897 4729 μνησικακίαν,
2951 4660 3019 4714 διτ
3068 4657 3137 4734 ἦς
3171 4665 3310 4732 μετὰ
3345 4664 3407 4715 τὸ
3437 4663 3573 4729 πρὸς
3608 4661 3703 4714 τὸν

2119 4752 2349 4822 πλησίον
2382 4755 2539 4822 μῖσος
2581 4753 3053 4823 καταλυμαίνεται
3086 4754 3185 4824 τὴν
3217 4757 3277 4808 ἐν
3310 4754 3533 4827 Χριστῷ
3562 4756 3703 4822 6γὰ-

2119 4861 2230 4915 πτ,ν
2276 4847 2370 4898 καὶ
2420 4846 2598 4899 πάντα
2628 4844 2684 4897 δὲ
2711 4845 2788 4909 ὡς
2831 4846 2899 4901 ἄν
2949 4862 3031 4909 τις
3066 4846 3370 4918 συλλήϐδην
3400 4848 3546 4901 είποι
3574 4848 3703 4911 τοὺς

2118 4935 2214 4989 τοῦ
2269 4935 2430 5003 ἁγίου
2486 4935 2804 5006 Πνεῦματος
2862 4938 3131 5007 καρποὺς,
3172 4937 3265 4999 οὒ,
3310 4941 3339 4992 ὁ
3376 4938 3703 5002 ’Δπὸστολος

2120 5028 2553 5100 ἀπηριθμήσατο
2586 5030 2919 5101 ἀνατρέπειν
2945 5031 3035 5085 διὰ
3064 5032 3173 5087 τῶν
3203 5031 3541 5087 ὑπεναντίων
3575 5050 3702 5086 πει-

2116 5122 2344 5191 ριῖινται.
2386 5104 2525 5175 Ἄλλ*
2548 5121 2598 5173 oi
2630 5124 2694 5193 τῇ
2726 5122 2913 5192 χάριτι
2933 5122 3028 5177 τοῦ
3052 5120 3305 5192 Σωτῆρος
3339 5122 3496 5191 ἡμῶν
3519 5120 3699 5194 Ἰησοῦ

2110 5209 2352 5281 Χριστοῦ
2409 5216 2812 5283 τετειχισμέναι
2868 5210 3109 5276 ἁκλινεῑς
3156 5210 3541 5282 δια’μένουτιν⁶
3575 5211 3701 5267 ὅθεν

2111 5305 2173 5357 οὐ
2204 5303 2313 5375 χρὴ
2334 5304 2636 5374 θαυμάζειν
2655 5344 2671 5368 ,
2701 5304 2853 5358 ὁπότ’
2875 5306 2942 5360 ἂν
2974 5307 3067 5361 καὶ
3090 5309 3328 5376 πληγαῖς
3356 5306 3504 5377 ἡμᾶς
3526 5322 3692 5360 κατα·

2111 5400 2426 5456 κόπτουσιν.
2465 5398 2636 5453 Ὅταν
2668 5401 2778 5472 γὰρ
2806 5399 2896 5455 διὰ
2930 5399 3040 5453 τῶν
3077 5399 3299 5455 ἐννοιῶν
3328 5400 3423 5452 καὶ
3453 5398 3564 5453 τῶν
3585 5396 3699 5451 λοιο

2113 5491 2231 5544 πῶν
2264 5492 2596 5561 σωματικῶν
2630 5491 2820 5545 παθῶν
2857 5492 2933 5565 μὴ
2963 5494 3255 5564 δυνάμενοι
3288 5486 3414 5555 ὦσι,
3468 5489 3591 5545 τότε
3626 5489 3696 5543 δι’

2114 5583 2327 5639 ἑαυτῶν
2357 5584 2639 5656 πρόσεισιν
2662 5584 3029 5656 ὲκφοὸοὖντες
3057 5586 3184 5649 τοὺς
3212 5584 3481 5656 ἀσκητάς.
