4160 6422
364 376 499 442 142³1

1560 378 1844 438 MENSIS
1882 379 2401 446 FEBIIUARIUS.

3501 383 3638 450 1528

361 501 549 564 aperta
573 490 804 548 fenestra
833 493 1054 557 Beatus,
1092 507 1238 558 cum,
1270 512 1289 546 ι
1323 492 1644 550 Benedictus
1682 493 1939 550 Dominus

2045 499 2270 551 ἀΰπνων
2301 499 2718 565 διατελούντων,
2755 499 2976 566 ἀνοίξας
3010 499 3070 553 τὸ
3102 498 3340 569 θυρίδιον
3392 503 3419 556 ὁ
3451 508 3636 573 μακά-

363 586 530 650 Deus,
556 604 575 636 ι
614 595 696 641 ter
723 587 1076 641 vehementer
1127 585 1377 652 dixisset,
1411 595 1465 641 et
1505 587 1852 657 suSpirasset,
1888 598 1943 642 et

364 687 527 748 caput
589 679 640 732 in
696 689 896 733 terram
949 677 1287 744 inclinasset,
1348 679 1518 734 dicit:
1553 679 1708 745 Quod
1741 680 1940 735 eratin

362 767 591 824 Oriente
616 769 907 836 luminare,
946 786 979 825 ο
1006 771 1375 842 fllii,Symeon
1412 771 1575 827 Pater
1601 780 1788 827 noster
1818 773 1944 826 dor--

361 863 504 918 miit.
531 862 663 918 Cum
701 862 738 918 ii
795 873 976 918 autem
1022 873 1244 934 propter
1291 864 1643 932 psalmodiam
1682 880 1788 917 non
1820 878 1944 918 sen—

362 957 584 1022 sissent,
616 956 760 1024 quod
806 958 1008 1012 dictum
1069 957 1267 1019 fuerat,
1325 956 1477 1011 valde
1531 955 1665 1011 flens
1727 957 1941 1022 Beatus,

364 1063 551 1104 rursus
618 1049 750 1104 dicit
781 1049 1168 1104 eis:S:mctus
1217 1047 1381 1102 Pater
1437 1059 1642 1113 noster,
1691 1047 1945 1102 Ecclesiae

363 1141 614 1195 columna
635 1150 688 1195 et
705 1142 1128 1206 firmamentum,
1157 1141 1392 1212 Symcon
1414 1141 1697 1210 requievit,
1716 1149 1770 1195 et
1809 1141 1941 1196 nulli

363 1231 536 1300 culpa:
562 1231 740 1287 affinis
769 1243 824 1286 et
876 1233 1073 1288 ntunda
1108 1234 1226 1302 ejus
1281 1233 1460 1287 anima
1495 1248 1578 1288 me
1613 1233 1856 1288 inutilem
1889 1242 1942 1287 et

363 1323 617 1379 sordibus
649 1323 1012 1394 inquinatum,
1045 1340 1151 1380 non
1185 1332 1266 1379 est
1297 1324 1583 1394 dedignata
1625 1324 1942 1395 praeteriens

363 1415 625 1471 salutare.
689 1415 815 1470 Htec
869 1431 991 1469 cum
1056 1415 1358 1471 audiissent
1415 1425 1472 1470 et
1537 1415 1690 1471 Valde
1763 1423 1944 1472 essent

364 1505 624 1574 perculsi,
661 1521 767 1560 non
796 1515 1089 1575 potuerunt
1135 1506 1483 1574 respondere,
1517 1505 1610 1561 sed
1649 1505 1939 1570 siluerunt,

367 1600 645 1668 signantes
673 1609 882 1652 noctem
912 1599 963 1652 in
982 1614 1088 1668 qua
1125 1599 1241 1653 lucc
1268 1600 1410 1653 dicta
1435 1598 1670 1654 fuerant.
1689 1599 1823 1653 Cum
1847 1615 1944 1653 au-

366 1701 474 1745 tem
509 1691 692 1760 paucis
719 1699 840 1759 post
862 1689 1052 1745 diebus
1105 1689 1204 1745 hoc
1243 1689 1309 1745 ad
1359 1690 1508 1760 pium
1561 1691 1941 1759 imperatorem

364 1783 598 1837 Leonem
635 1783 689 1838 in
717 1782 986 1852 principio
1026 1783 1108 1837 sui
1173 1782 1385 1851 imperii
1421 1782 1647 1836 relatum
1681 1787 1846 1843 esset,
1886 1787 1942 1833 et

362 1875 614 1930 omnibus
660 1875 712 1930 id
767 1883 913 1930 esset
972 1886 1184 1940 notum,
1244 1875 1534 1943 diligenter
1586 1873 1813 1929 scrutati
1848 1871 1938 1942 qui
1972 1857 2014 1914 Β

363 1967 703 2034 audiverant,
731 1968 1056 2023 invenerunt
1090 1968 1258 2024 fuisse
1289 1981 1494 2022 certum
1539 1967 1680 2035 quod
1707 1965 1940 2023 Sanctus

363 2057 597 2122 dixerat,
640 2067 698 2113 ut
749 2060 890 2126 quod
944 2059 1124 2114 divina
1153 2059 1324 2129 gratia
1361 2057 1699 2128 praedixisset
1728 2071 1822 2127 per
1856 2071 1943 2111 re-

361 2149 686 2204 velationem
739 2151 789 2204 in
873 2152 1342 2206 consummatione
1398 2151 1569 2207 sancti
1633 2148 1938 2221 Symconis.

363 2238 535 2294 Valde
563 2255 694 2310 ergo
724 2240 1086 2310 obstupefacti
1117 2251 1172 2295 et
1230 2240 1398 2295 Deum
1458 2241 1844 2311 glorificantes,
1887 2239 1940 2292 in

362 2331 466 2387 hoc
501 2347 715 2402 quoque
743 2332 885 2388 docti
921 2334 1090 2398 fuere,
1117 2332 1282 2388 Deum
1316 2347 1472 2402 posse
1499 2333 1701 2388 omnia.

433 2507 594 2564 LVII.
627 2507 780 2576 Quod
825 2524 955 2564 vero
1007 2508 1120 2564 haec
1167 2524 1196 2564 a
1233 2509 1409 2576 nobis,
1457 2525 1563 2564 non
1622 2509 1733 2564 sola
1784 2509 1944 2563 motis

361 2603 702 2672 conjectura,
729 2603 872 2656 dicta
907 2603 1036 2665 sint,
1069 2603 1161 2657 sed
1204 2617 1323 2671 qua:
1365 2601 1776 2656 accuratissime
1805 2601 1944 2655 didi-

361 2695 537 2750 cimus
566 2695 634 2748 ab
664 2711 770 2749 uno
801 2694 867 2748 ab
897 2695 1014 2764 ejus
1043 2695 1399 2758 administris,
1431 2709 1492 2748 ea
1537 2694 1701 2748 etiam
1759 2709 1944 2763 perse-

362 2786 473 2843 cuti
531 2801 737 2841 sumns.
793 2785 961 2842 Nemo
1011 2801 1141 2857 ergo
1171 2787 1420 2853 dubitet;
1457 2803 1578 2841 nam
1630 2788 1847 2856 quinos
1875 2787 1944 2842 de

362 2881 466 2934 hoc
489 2880 767 2943 instruxit,
793 2889 911 2935 erat
941 2879 1158 2949 quidem
1191 2880 1370 2950 lingua
1429 2880 1715 2946 barbarus,
1749 2891 1805 2934 ut
1850 2880 1940 2949 qui

361 2980 508 3027 esset
541 2981 694 3026 ortus
726 2985 794 3025 ex
822 2970 1012 3040 Mysia,
1039 2980 1220 3026 mente
1268 2980 1446 3026 autem
1505 2972 1941 3037 honestissimus,

359 3073 420 3118 ut
451 3065 543 3134 qui
609 3077 966 3133 perseverans
1014 3063 1155 3132 apud
1195 3065 1412 3118 beatum
1443 3064 1798 3126 Auxentium,
1833 3080 1942 3118 non

2048 605 2164 658 ριος
2184 591 2275 641 καὶ
2309 591 2387 654 τὸ,
2425 589 2732 661 Εὐλογητὸς
2759 590 2984 660 Κύριος,
3025 590 3268 660 εἰρηκὼς
3303 594 3394 646 ἐπὶ
3425 595 3633 663 τρίτον,

2049 682 2294 751 σφοδρῶς
2329 683 2590 747 στενάξας
2624 683 2720 735 καὶ
2754 685 2856 754 τὴν
2891 683 3140 754 κεφαλὴν
3184 684 3372 749 κλίνας
3405 686 3631 756 ἔφησεν,

2070 773 2128 826 Ὀ
2146 775 2202 825 ἐν
2227 777 2292 844 τῇ
2323 774 2579 846 ’Λνατολῇ
2596 775 2844 848 φωστὴρ,
2866 769 2910 828 ὦ
2931 777 3114 840 τέκνα,
3147 777 3371 846 Συμεὼν
3396 778 3425 830 ὁ
3452 782 3634 850 πατὴρ

2050 866 2210 935 ἡμῶν
2251 866 2601 937 κεκοίμηται.
2648 868 2770 920 Τῶν
2827 867 3001 921 δὲδιά
3036 868 3138 938 τὴν
3198 868 3522 940 ψαλμῳδίαν
3555 873 3632 943 μὴ

2045 957 2383 1027 αἰσθομένων
2408 960 2466 1012 τὸ
2495 957 2682 1028 ῥηθὲν,
2721 957 2986 1012 ἔκλαυσεν
3018 961 3044 1012 ό
3080 961 3349 1028 μακάριος
3378 962 3472 1014 ἐπὶ
3511 962 3659 1036 ίκαη

2045 1051 2134 1103 νόν
2153 1067 2167 1080 ⁸
2199 1051 2567 1119 παυσαμένων
2591 1051 2648 1103 δὲ
2672 1050 2852 1102 αὐτῶν
2878 1051 3044 1105 πάλιν
3074 1051 3246 1120 λέγει,
3287 1054 3345 1105 Ὀ
3371 1053 3428 1104 ἐν
3456 1053 3632 1120 ἀγίοις

2045 1141 2239 1211 Πατὴρ
2273 1141 2429 1211 ἡμῶν
2458 1144 2484 1196 6
2513 1141 2701 1204 στύλος
2721 1141 2817 1195 καὶ
2849 1141 2908 1194 τὸ
2928 1141 3212 1212 ἑδραίωμα
3248 1145 3348 1212 τῆς
3373 1143 3634 1214 ἀληθείας

2046 1232 2271 1301 Συμεὼν
2326 1233 2698 1298 ἀνεπαύσατο,
2751 1233 2848 1287 καὶ
2917 1235 3210 1303 ήᾶμωμος
3268 1235 3360 1287 καὶ
3417 1235 3637 1306 καθαρά

2045 1324 2211 1376 αὑτοῦ
2261 1324 2407 1396 ψυχή
2442 1325 2540 1393 ἐμὲ
2588 1324 2680 1377 τὸν
2715 1326 2933 1396 ἀχρεῖον
2964 1325 3056 1378 καὶ
3103 1327 3496 1396 ὲρῤυπωμὲνον
3528 1328 3631 1380 οὐκ

2045 1415 2360 1487 ἀπηξίωσεν
2405 1417 2660 1485 φθάσασα
2696 1417 3186 1471 κατασπάσασθαι.
3251 1418 3434 1472 Ταῦτα
3469 1418 3637 1472 ἀκού-

2047 1523 2240 1569 σαντες
2274 1508 2366 1559 καὶ
2418 1507 2672 1576 μεγάλως
2697 1509 3100 1578 τρομάσαντες,
3130 1510 3498 1580 ἀποκριθῆναι
3535 1511 3634 1580 μὲν

2044 1599 2142 1651 οὐκ
2175 1599 2504 1669 ἐτόλμησαν,
2554 1601 2756 1670 μᾶλλον
2797 1601 2854 1653 δὲ
2885 1600 3189 1672 ἡσύχασαν,
3227 1603 3326 1672 τὴν
3358 1601 3508 1674 ὥραν
3540 1604 3635 1655 καὶ

2043 1689 2142 1762 τὴν
2170 1691 2342 1746 νύκτα
2370 1693 2842 1762 σημειωσάμενοι,
2873 1695 2930 1746 ὲν
3017 1693 3186 1747 ταῦτα
3208 1695 3424 1765 ἐλέχθη.
3460 1697 3547 1758 Ὠς
3575 1695 3633 1748 δὲ

2049 1785 2166 1854 μετ’
2192 1784 2380 1853 ὀλίγας
2413 1787 2629 1857 ἡμέρας
2665 1788 2696 1856 ἡ
2733 1786 2861 1857 περὶ
2909 1787 3103 1841 τούτου
3133 1788 3384 1858 ἀναφορὰ
3414 1788 3507 1840 τὸν
3541 1790 3635 1841 εύ-

2048 1877 2374 1931 σεϐέστατον
2413 1877 2638 1947 βασιλέα
2671 1879 2729 1930 ἔν
2776 1880 2898 1940 ταῖς
2924 1880 3123 1949 ἀρχαῖς
3154 1878 3319 1933 αὑτοῦ
3361 1878 3634 1932 κατέλαϐε

2045 1969 2271 2034 Λέοντα,
2327 1971 2423 2023 καὶ
2453 1973 2560 2032 τοῖς
2592 1970 2760 2022 πᾶσιν
2798 1970 3132 2041 ἐγνωρίσθη,
3165 1969 3636 2040 φιλοπονήσαντες

2043 2066 2093 2118 οἰ
2133 2066 2437 2134 ἀκηκοότες
2468 2057 2631 2135 εὗρον
2666 2064 2879 2132 ἀπλανῆ
2904 2061 3000 2117 τοῦ
3027 2063 3178 2116 ὁσίου
3208 2064 3307 2135 τὴν
3352 2065 3530 2134 ῥῆσιν,
3565 2062 3634 2135 ἢν

2045 2159 2231 2229 χάριτι
2262 2157 2386 2229 θείᾳ
2414 2158 2554 2212 κατὰ.
2597 2157 2945 2226 ἀποκάλυψιν
2997 2158 3324 2227 προειρήκει
3364 2159 3421 2209 ὲν
3449 2159 3514 2227 τῇ
3546 2173 3633 2209 τε-

2044 2249 2262 2303 λειώσει
2312 2250 2404 2302 τοῦ
2465 2249 2622 2317 ἁγίου
2669 2250 2978 2318 Συμεῶνος.
3027 2248 3492 2316 Καταπλαγέντες
3537 2246 3632 2300 οὖν

2046 2344 2294 2414 σφοδρῶς
2319 2345 2412 2397 καὶ
2441 2343 2759 2409 δοξάζοντες
2809 2343 2899 2396 τὸν
2925 2343 3078 2406 Θεὸν,
3120 2342 3480 2411 ἐδιδάχθησαν
3538 2343 3633 2396 καὶ

2045 2436 2103 2497 ἐν
2143 2436 2340 2503 τούτῳ,
2373 2436 2455 2488 ὅτι
2482 2436 2662 2488 πάντα
2690 2435 2895 2487 δυνατὰ
2927 2435 3078 2504 παρᾶ
3102 2432 3179 2503 τῷ
3206 2432 3345 2503 Θεῷ.

2116 2525 2242 2581 NZ'.
2277 2526 2401 2580 Ὀτι
2422 2527 2478 2580 δὲ
2505 2527 2603 2580 οὐκ
2630 2526 3047 2596 ὲστοχασμένως
3100 2524 3226 2594 παρ’
3272 2525 3431 2595 ἡμῶν
3458 2524 3636 2578 ταῦτα

2045 2621 2318 2684 λέλεκται,
2344 2619 2478 2672 ἀλλά
2513 2618 2650 2688 μετά
2686 2619 2932 2680 πλείονος
2982 2619 3295 2688 ἀκριϐείας,
3343 2617 3488 2684 ἀπερ
3538 2635 3638 2686 με·

2051 2714 2377 2782 μαθήκαμεν
2432 2712 2561 2779 παρ’
2601 2711 2719 2775 ἑνὸς
2753 2711 2862 2764 τῶν
2902 2712 3198 2782 ὑπουργῶν
3235 2711 3424 2777 αὑτοῦ,
3460 2711 3636 2764 ταῦτα

2044 2805 2418 2876 διεξήλθομεν,
2447 2805 2637 2874 μηδε“ς
2664 2803 3076 2874 ἀμφιϐαλλὲτω.
3112 2796 3280 2866 Οὗτος
3313 2804 3446 2874 γὰρ,
3474 2795 3633 2866 οὗτος

2045 2903 2074 2952 ό
2105 2905 2232 2973 περὶ
2265 2901 2452 2955 τούτου
2510 2903 2656 2971 ἡμᾶς
2709 2899 3091 2970 στοιχειώσας,
3145 2902 3212 2969 τῇ
3262 2897 3475 2967 γλώττῃ
3530 2897 3633 2967 μὲν

2049 2991 2326 3063 βάρϐαρος
2375 2992 2622 3061 ὑπῆρχεν
2657 2991 2720 3044 ἐκ
2777 2992 2876 3058 τῆς
2911 2991 3127 3053 Μυσίας
3183 2990 3525 3059 ὁρμώμενος.
3565 2992 3630 3059 τῇ

2045 3087 2239 3156 γνώμῃ
2273 3085 2328 3137 δὲ
2360 3085 2690 3152 πάνσεμνος,
2714 3083 2772 3145 ὃς
2802 3083 3234 3154 προσκαρτερῶν
3269 3081 3346 3151 τῷ
3377 3081 3636 3152 μακαρίῳ

359 3155 549 3210 vinum
596 3155 814 3223 biberit,
864 3170 973 3211 non
1027 3157 1150 3211 oleo
1181 3171 1309 3211 usus
1349 3157 1442 3220 sit,
1495 3173 1602 3210 non
1639 3157 1938 3226 pulmento,

2046 3178 2340 3246 Αύξεντίῳ,
2367 3177 2467 3229 οὐκ
2500 3176 2644 3229 οἴνου
2674 3174 3112 3244 μετελάμϐανεν,
3143 3174 3243 3226 οὐκ
3264 3174 3469 3236 ἐλαίου,
3505 3172 3633 3226 οὔτε

359 3259 468 3300 non
501 3243 703 3308 fructu,
742 3262 846 3300 non
897 3247 1130 3315 denique
1169 3245 1276 3300 ullo
1299 3246 1424 3302 alio.
1461 3246 1596 3300 Nam
1623 3257 1817 3316 praeter
1849 3262 1942 3317 pa-

360 3351 484 3394 nem
514 3346 570 3393 et
607 3353 803 3408 aquam
837 3346 892 3394 et
944 3340 1174 3400 semina,
1212 3353 1331 3408 qum
1384 3354 1490 3394 non
1544 3341 1938 3412 coquebantnr,

358 3442 535 3500 eaque
564 3445 668 3484 non
723 3429 790 3484 ad
822 3414 1169 3493 satietatem,
1201 3431 1390 3499 quavis
1442 3433 1557 3486 fere
1589 3440 1770 3493 nocte,
1803 3430 1940 3484 nihil

359 3521 682 3578 comedebat
709 3534 802 3576 aut
823 3522 1064 3588 bibebat,
1089 3523 1324 3578 interdiu
1347 3533 1524 3578 autem
1549 3539 1746 3592 parvas
1775 3539 1940 3594 quas-

360 3615 483 3671 dam
545 3630 735 3671 eruces
757 3631 819 3671 ex
845 3615 1059 3684 siliquis
1081 3617 1237 3670 valde
1258 3617 1534 3688 elegantes
1557 3618 1670 3672 suis
1693 3616 1940 3672 manilius

360 3707 580 3763 assidue
609 3707 860 3764 faciebat.
896 3709 995 3775 Qui
1024 3718 1206 3762 autem
1253 3709 1645 3776 ascendebant,
1673 3723 1764 3765 eas
1797 3709 1942 3764 acci-

357 3798 584 3870 piebant
634 3800 806 3871 gratia
862 3800 1282 3856 benedictionis.
1333 3800 1452 3869 Ipse
1515 3803 1671 3856 nobis
1705 3802 1819 3856 lucc
1846 3817 1940 3856 ore

358 3905 461 3946 suo
486 3891 834 3962 significavit,
871 3892 1148 3961 quietiam
1176 3903 1461 3962 postquam
1481 3892 1701 3948 dormiit
1717 3893 1936 3959 Beatus,

358 3997 483 4038 cum
515 3984 758 4039 moribus
786 3984 904 4039 loco
931 3999 1148 4054 quoque
1191 3985 1475 4040 successit.

428 4077 612 4135 LVIII.
646 4077 854 4134 Rursus
886 4094 1018 4150 ergo
1041 4079 1286 4148 pluribus
1326 4081 1692 4152 congregatis,
1719 4091 1774 4136 et
1804 4098 1937 4151 prae-

357 4170 503 4226 dicta
561 4180 821 4226 consueta
873 4171 1058 4240 regula
1108 4172 1368 4238 hymnum
1433 4172 1760 4238 dicentibus,
1813 4189 1937 4229 cum

359 4262 711 4317 beatissimus
763 4263 1068 4318 Auxentius
1117 4264 1420 4334 aperuisset
1449 4264 1766 4330 fenestram,
1800 4275 1936 4320 etut

358 4362 738 4418 consueverat,
787 4369 1006 4422 precum
1065 4353 1224 4409 linem
1285 4353 1526 4420 fecisset,
1597 4355 1937 4423 respondens

359 4459 498 4498 unus
527 4459 592 4498 ex
635 4443 702 4498 iis
741 4445 834 4513 qui
884 4445 1132 4509 aderant,
1168 4446 1336 4499 dixit:
1388 4445 1540 4513 Rogo
1584 4455 1654 4511 te,
1694 4448 1933 4508 domine,

2049 3269 2152 3339 ὲψή
2164 3286 2349 3336 ματος,
2380 3267 2506 3321 οὔτε
2531 3269 2779 3338 ὀπώρας,
2811 3267 2909 3319 ούκ
2941 3266 3104 3320 ἄλλου
3132 3267 3278 3329 τινος
3306 3267 3444 3336 πλὴν
3466 3266 3632 3336 ἄρτου

2049 3364 2144 3415 καὶ
2184 3361 2375 3423 ὓδατος
2429 3361 2524 3414 καὶ
2557 3359 2666 3412 τῶν
2723 3361 3058 3429 σπερμάτων
3115 3358 3181 3411 τὰ
3247 3360 3480 3425 ἇνεφθσ,
3539 3360 3636 3411 καὶ

2048 3453 2223 3508 ταῦτα
2251 3455 2348 3506 οὐκ
2378 3455 2459 3518 εἰς
2489 3453 2674 3523 κόρον,
2707 3452 2795 3505 διὰ
2827 3452 3011 3522 πάσης
3041 3451 3141 3522 μὲν
3179 3453 3366 3521 σχεδον
3409 3451 3514 3520 τῆς
3540 3469 3635 3504 νυ-

2050 3549 2175 3612 κτὸς
2200 3548 2660 3618 προσευχόμενος,
2708 3550 2767 3601 ὲν
2802 3548 2988 3618 ἡμέρᾳ
3013 3547 3070 3599 δὲ
3104 3546 3338 3616 σταυρία
3370 3548 3544 3616 μικρά
3569 3547 3636 3599 ἐκ

2049 3641 2294 3711 κρατίων
2349 3640 2490 3693 πάνυ
2549 3638 2763 3710 τερπνὰ
2813 3641 2938 3701 ταῖς
2993 3639 3183 3710 χερσὶν
3261 3637 3634 3707 ἐργαζόμενος

2047 3731 2296 3794 διετέλει,
2329 3731 2421 3783 καὶ
2451 3731 2499 3782 οἱ
2532 3730 2774 3792 ἀνιόντες
2817 3727 3141 3799 ἐκομίζοντο
3190 3727 3333 3780 αὺτά
3378 3726 3634 3793 εὐλογίας

2046 3825 2210 3895 χάριν
2233 3840 2247 3854 ⁸
2283 3821 2448 3885 αὐτὸς
2477 3822 2608 3890 ἡμῖν
2645 3821 2722 3888 τῷ
2753 3821 2939 3889 οἰκείῳ
2973 3821 3205 3890 στόματι
3236 3819 3378 3872 αὐτὰ
3405 3817 3638 3890 ἐγνώρι-

2049 3934 2166 3981 σεν,
2203 3919 2232 3969 ὁ
2290 3915 2382 3968 καὶ
2442 3913 2582 3983 μετά
2642 3913 2738 3966 τοῦ
2792 3913 3068 3983 μακαρίου
3118 3912 3377 3983 κοίμησιν
3418 3912 3515 3965 σὺν
3553 3911 3635 3982 τῷ

2046 4006 2234 4076 τρόπῳ
2263 4004 2357 4057 καὶ
2386 4003 2480 4056 τὸν
2507 4003 2672 4056 τόπον
2703 4003 3112 4072 διαδεξάμενος.

2118 4098 2253 4151 NII'.
2287 4095 2458 4149 Πάλιν
2509 4094 2602 4148 οὖν
2657 4094 2922 4148 πλειόνων
2980 4096 3480 4166 ὲπισυναχθέντων,
3537 4097 3634 4150 καὶ

2046 4189 2187 4242 κατά
2215 4187 2306 4239 τὸν
2341 4186 2741 4258 προειρημένον
2789 4185 2995 4256 συνήθη
3032 4186 3234 4240 κανόνα
3259 4187 3633 4255 ὐμνολογούν-

2045 4295 2174 4341 των,
2235 4275 2548 4342 ἀνοίξαντος
2601 4275 2696 4330 τοῦ
2747 4277 3172 4347 μακαριωτάτου
3225 4274 3516 4339 Αὑξεντίου
3570 4273 3633 4326 τὸ

2046 4370 2304 4442 θυρίδιον,
2337 4371 2429 4421 καὶ
2449 4369 2524 4430 ὼς
2549 4367 2730 4421 εἰώθει
2754 4366 2814 4421 τὸ
2833 4368 3009 4438 πέρας
3040 4367 3140 4435 τῆς
3172 4368 3336 4436 εὐχῆς
3369 4367 3629 4438 ποιήσας,

2045 4459 2368 4530 ἀποκριθεὶς
2417 4456 2495 4520 εἷς
2528 4459 2635 4512 τῶν
2666 4459 2952 4528 παρόντων
2975 4459 3078 4528 ἔφη
3106 4474 3120 4488 ο
3150 4458 3352 4527 Δέομαί
3383 4475 3496 4520 σου,
3534 4458 3631 4509 Δέ-

356 4535 609 4602 benedic,
663 4545 718 4591 et
774 4551 1018 4605 precare,
1080 4541 1226 4608 quod
1278 4553 1402 4592 cum
1449 4539 1622 4592 tribus
1656 4539 1931 4593 mensibus

2045 4570 2238 4616 σποτα,
2306 4552 2606 4621 εὐλόγησον
2664 4553 2760 4605 καὶ
2791 4551 2970 4616 εὖξαι,
3017 4555 3100 4604 ὅτι
3135 4551 3193 4604 ἓν
3248 4552 3389 4621 ὑπὲρ
3431 4549 3629 4620 μισθοῦ

356 4641 648 4696 unam'pro
688 4629 936 4683 mercede
990 4638 1267 4683 menstrua
1321 4644 1478 4684 ovem
1523 4630 1810 4697 accipiam,
1872 4645 1933 4684 ea

358 4719 591 4787 perdita,
641 4719 878 4774 frustror
937 4720 1187 4774 mercede
1247 4721 1410 4777 unius
1453 4723 1936 4779 mensiszsolebat

355 4809 501 4864 enim
557 4809 724 4865 Beato
776 4811 981 4865 hostias
1033 4811 1246 4867 afferre.
1309 4812 1405 4867 Ad-
1455 4814 1570 4868 haec
1623 4815 1934 4882 subridens,

355 4903 640 4971 respondit
665 4903 862 4958 Beatus
893 4921 906 4958 :
936 4905 1062 4959 Mihi
1102 4907 1203 4960 hoc
1242 4906 1404 4971 dicis,
1441 4918 1499 4960 ut
1543 4908 1632 4975 qui
1673 4909 1774 4961 sim
1805 4908 1936 4962 soli-

356 5003 446 5049 tus
471 4993 738 5060 divinare,
771 5005 863 5049 aut
889 4996 982 5064 qui
1015 5012 1207 5066 greges
1238 4998 1588 5066 possideam?
1623 4999 1714 5052 Ille
1747 5001 1882 5054 dixit
1918 5018 1933 5055 :

356 5085 729 5156 Nequaquam,
770 5088 864 5142 sed
900 5092 1067 5143 adoro
1099 5099 1170 5152 te,
1200 5101 1257 5144 ut
1297 5107 1440 5154 ores,
1475 5102 1530 5146 et
1592 5092 1932 5146 inveniatur.

355 5177 564 5234 Deinde
649 5194 772 5233 cum
854 5181 1127 5248 paululum
1200 5182 1629 5248 intermisisset,
1683 5184 1933 5254 Alypium

357 5269 647 5338 quemdam
682 5269 829 5326 clara
864 5287 1013 5337 voce,
1041 5283 1097 5327 ut
1127 5273 1356 5338 solebat,
1410 5275 1608 5330 Beatus
1658 5278 1930 5331 accersiit.

355 5356 492 5414 Cum
545 5359 651 5414 duo
696 5373 825 5431 ergo
879 5361 1082 5415 inventi
1137 5374 1321 5417 essent
1369 5363 1610 5430 ejusdem
1643 5364 1928 5418 nominis:

356 5449 499 5517 Tibi,
529 5451 729 5522 inquit,
757 5452 897 5519 dico,
924 5455 1013 5523 qui
1041 5465 1153 5509 stas
1209 5470 1236 5508 a
1265 5456 1527 5510 sinistris.
1571 5459 1697 5512 Seio
1723 5466 1774 5511 te
1824 5473 1930 5513 non

355 5559 476 5600 esse
496 5545 818 5602 sulfuratum
859 5563 1038 5614 ovem,
1069 5551 1162 5603 sed
1219 5550 1511 5616 invenisse,
1540 5551 1674 5605 vade
1712 5565 1842 5621 ergo
1877 5560 1931 5604 et

357 5637 544 5692 redde.
571 5637 669 5694 Hic
699 5638 866 5706 enim,
898 5641 990 5710 qui
1035 5642 1288 5711 perdidit,
1317 5642 1412 5697 dat
1451 5645 1606 5699 vobis
1653 5645 1719 5697 ad
1777 5660 1928 5698 sum-

357 5738 505 5795 ptum
537 5745 631 5784 sex
681 5733 868 5788 obolos
926 5744 983 5789 ut
1039 5751 1132 5791 vos
1184 5740 1604 5809 congregetttini.
1659 5738 1762 5806 Qui
1804 5756 1926 5792 eum

357 5819 580 5875 fecisset
608 5833 665 5877 ut
693 5825 879 5897 jussus
926 5829 1121 5899 fuerat,
1160 5842 1374 5905 recepta
1409 5849 1529 5901 ove,
1566 5834 1790 5890 Domino
1819 5834 1926 5907 egit

2041 4647 2183 4698 κατὰ
2215 4645 2359 4715 μῆνα
2387 4645 2682 4715 λαμϐάνων
2709 4643 3008 4714 πρόϐατον,
3046 4644 3349 4708 ἀπολέσας,
3386 4642 3482 4696 τοῦ
3517 4660 3625 4712 μηο

2043 4736 2130 4799 νὸς
2163 4737 2254 4790 τὸν
2289 4737 2478 4807 μισθὸν
2531 4735 2868 4806 ὑστεροῦμαι
2904 4731 3008 4805 (ἦν
3041 4736 3150 4805 γὰρ
3189 4734 3513 4798 διακονὶζων
3547 4733 3628 4803 τῷ

2046 4827 2303 4899 μακαρίῳ
2337 4826 2401 4878 τὰ
2439 4825 2718 4894 θύματα).
2764 4824 2906 4895 Πρὸς
2946 4825 3122 4877 ταῦτα
3157 4823 3436 4890 μειδιάσας
3462 4825 3488 4875 6
3521 4840 3629 4891 μα-

2042 4918 2234 4987 κάριος
2269 4918 2645 4988 ἀπεκρίνατο·
2714 4919 2871 4987 Ἐμοὶ
2923 4916 3083 4970 τοῦτο
3137 4916 3338 4984 λέγεις,
3394 4917 3470 4978 ὡς
3498 4935 3628 4986 μαν-

2039 5009 2291 5062 τεύεσθαι
2325 5009 2624 5079 είθισμένῳ
2665 5009 2697 5080 ἦ
2741 5010 2942 5078 ἀγέλας
2982 5011 3340 5079 κεκτημένῳ;
3372 5010 3624 5072 κακεῖνος

2040 5101 2167 5168 ἔφη,
2201 5101 2338 5169 Οὐχὶ
2368 5101 2661 5168 προσκυνῶ
2683 5117 2765 5164 σε,
2798 5101 2914 5154 ἀλλ’
2947 5102 3034 5155 ἵνα
3053 5099 3257 5171 ἐπεύξῃ
3281 5100 3374 5153 καὶ
3395 5101 3622 5172 εὑρεθῇ·

2040 5186 2160 5245 εἶτα
2217 5193 2416 5262 μικρὸν
2473 5191 2804 5257 διαστείλας,
2848 5193 3089 5246 Ἀλυπόν
3118 5210 3242 5246 τινα
3297 5193 3526 5263 λαμπρᾷ
3555 5195 3622 5263 τῇ

2039 5287 2213 5354 φωνῇ,
2239 5285 2311 5347 ώς
2342 5282 2408 5354 ἦν
2435 5285 2583 5355 αὐτῷ
2604 5287 2871 5356 πεφυκὸς,
2895 5288 3247 5356 μετεκαλείτο
3273 5289 3301 5340 6
3326 5286 3618 5357 μακάριος.

2039 5377 2141 5428 Δύο
2169 5372 2261 5429 οὖν
2289 5377 2596 5447 ὁμωνύμων
2623 5378 2980 5447 εὑρεθέντων,
3021 5381 3135 5442 Σοὶ,
3177 5379 3332 5450 φησὶ,
3365 5379 3510 5446 λέγω
3542 5381 3620 5448 τῷ

2039 5467 2095 5531 ἐξ
2127 5467 2423 5537 εὐωνύμων
2481 5468 2709 5522 ἑστῶτι·
2765 5465 2904 5532 οἶδα,
2939 5471 3022 5524 ὅτι
3081 5471 3182 5524 οὐκ
3213 5471 3466 5538 ἔκλεψας,
3502 5471 3618 5524 ἀλλ’

2038 5552 2194 5628 ε’ὗρες
2215 5558 2274 5611 τὸ
2307 5557 2578 5628 πρόϐατον
2599 5576 2612 5588 ·
2654 5559 2856 5614 ἄπελθε
2906 5559 3022 5624 οὖν,
3056 5561 3275 5630 ἀπόδος,
3307 5555 3474 5625 Οὗτος
3509 5564 3616 5631 γὰρ

2037 5652 2064 5701 6
2090 5649 2365 5715 ἀπολέσας
2399 5652 2456 5718 ἒξ
2490 5653 2672 5721 φόλεις
2700 5656 2778 5716 εἰς
2815 5639 3153 5724 ἀναλώματα
3183 5657 3417 5726 παρέχει
3445 5658 3534 5708 ἐπὶ
3560 5657 3621 5707 τὸ

2041 5741 2424 5810 συναλισθῆναι
2460 5745 2626 5815 ὑμᾶς,
2667 5745 2724 5808 ὃς
2753 5748 2984 5817 ποιήσας
3010 5749 3084 5810 ώς
3124 5749 3446 5818 ἐκελεύσθη,
3476 5749 3614 5802 ἀπο.-

2037 5835 2216 5893 λαϐὼν
2254 5838 2310 5893 τὸ
2335 5839 2558 5912 θρέμμα
2590 5840 2913 5911 ηὐχαρίστει
2939 5841 3014 5914 τῷ
3043 5842 3230 5916 Κυρίῳ
3269 5843 3344 5916 τῷ
3378 5842 3618 5898 ποιοῦντι
