4160 6416
1536 281 1571 292 υ

514 412 656 479 1429

1782 408 1961 469 VITA
1999 407 2060 468 S.
2106 405 2317 468 AUXE
2329 408 2489 470 NTII
2505 454 2518 470 .

3652 406 3788 472 1430

506 534 598 588 διὰ
643 531 755 587 τῶν
781 530 945 586 ὁσίων
972 529 1143 584 αὐτοῦ
1174 529 1390 599 μεγάλα
1438 528 1534 581 καί
1564 524 1974 596 ἀνεξιχνίαστα,
2014 534 2101 576 ενι

2220 526 2427 596 gratias,
2457 525 2548 596 qui
2573 539 2668 595 per
2699 533 2919 580 sanctos
2950 537 3077 580 suos
3111 521 3244 579 facit
3285 536 3474 595 magna
3533 533 3589 579 et
3638 525 3789 579 iuue-

509 625 640 689 δοεὰ
668 641 728 679 τε
750 624 844 679 καί
872 623 1108 688 ἐξαίσια,
1133 616 1210 678 ὧν
1241 623 1342 676 οὐκ
1374 620 1524 676 ἔστιν
1557 618 1814 692 ἀριθμός.

582 800 712 857 ΝΘ’.
743 803 860 874 Μιᾷ
882 802 940 856 δὲ
968 801 1077 857 τῶν
1097 801 1325 872 ἡμερῶν
1357 800 1598 872 πλήθους
1622 799 1968 871 συνηγμένον
1992 800 2104 855 τῶν

511 893 823 965 ἐπιχωρίων
857 910 918 946 τε
950 892 1045 948 καὶ
1069 892 1393 961 ιπολιτικῶν
1428 892 1524 946 καὶ
1569 891 1663 946 τοῦ
1713 892 1990 961 μακαρίου
2038 891 2107 945 τὰ

512 985 651 1057 πρὸς
701 984 980 1056 σωτηρίαν
1035 984 1428 1056 διαλεγομένου
1453 1025 1469 1049 ,
1545 984 1778 1047 ἐπιστάς
1848 983 2109 1056 ἄγροικος

511 1077 837 1150 χαιρετίζων
869 1077 1058 1146 ἔλεγεν
1086 1076 1239 1147 αὐτῷ
1261 1093 1275 1109 ⁸
1312 1078 1469 1146 Καλή
1500 1093 1594 1130 σου
1629 1076 1838 1147 ἡμέρα,
1868 1076 2109 1131 δέσποτα

517 1188 618 1241 μου
639 1186 654 1200 ’
697 1169 794 1224 τοῦ
820 1169 879 1224 δὲ
909 1171 1109 1240 σεμνὸν
1147 1168 1601 1238 ὲπιγελάσαντος,
1657 1170 1750 1223 καὶ
1777 1168 1889 1239 γάρ
1935 1164 2004 1240 ἦν
2029 1167 2108 1239 τῷ

513 1262 628 1317 δντι
661 1261 875 1334 χαρίεις
933 1263 1051 1326 καὶ,
1108 1262 1288 1328 Καλός
1323 1279 1407 1316 σοι
1454 1262 1650 1332 καιρὸς
1699 1262 2006 1332 εἰρηκότος,
2058 1262 2108 1315 οι

479 1354 785 1423 ιπαρόντες
811 1356 891 1418 εἰς
919 1355 1153 1418 ἑαυτοὺς
1187 1354 1590 1426 προσεμειδίων
1610 1371 1625 1386 ·
1656 1354 1688 1407 ὁ
1710 1352 1768 1407 δέ
1808 1370 1942 1424 φησι
1971 1354 2113 1424 πρὸς

516 1444 754 1510 αὐτούς·
792 1445 1068 1515 Γραφικὸς
1118 1448 1237 1501 ἐστι
1268 1445 1452 1515 λόγος,
1487 1445 1729 1515 ἀδελφοὶ,
1782 1463 1801 1496 ι
1846 1444 1941 1516 Μὴ
1970 1444 2110 1499 ἁπο-

518 1538 705 1609 κρίνου
745 1536 942 1608 ἁφρονι
996 1537 1138 1609 πρὸς
1180 1537 1281 1608 τὴν
1304 1537 1622 1609 ἀφροσύνην
1657 1535 1859 1591 αὐτοῦ·
1900 1556 1916 1590 ι
1957 1537 2006 1590 εἰ
2037 1532 2109 1609 ἦν

516 1627 781 1700 είρηκὼς,
813 1627 1144 1698 Εὐλόγησον,
1178 1628 1414 1700 ἧκουσεν
1441 1628 1548 1695 iv;
1581 1629 1610 1682 ὁ
1644 1628 1851 1700 Κύριος
1880 1628 2110 1697 εὐλογή-

518 1735 601 1773 σει
635 1736 696 1772 σε
726 1720 870 1774 κατά
898 1719 960 1774 τὸ
992 1720 1223 1790 συνῆθες
1249 1721 1385 1790 ἡμῖν
1410 1734 1425 1747 ·
1450 1719 1628 1784 αὐτὸς
1647 1720 1755 1792 γάρ
1776 1723 1925 1776 ἐστιν
1957 1722 1986 1773 ὁ
2011 1720 2110 1792 τὴν

2208 619 2506 690 stigabilia,
2547 619 2890 691 gioriosaque
2919 628 2975 675 et
3003 616 3369 686 admirabilia,
3405 635 3638 690 quorum
3675 636 3783 674 non

2209 723 2291 768 εει
2327 728 2609 767 numerus.

2280 803 2418 858 LIX.
2448 804 2693 872 Quodam
2741 813 2923 859 autem
2955 804 3043 861 die
3078 815 3405 876 congregata
3444 805 3789 861 multitudine

2213 908 2321 955 tam
2344 900 2672 954 rusticorum
2690 913 2853 969 quam
2877 898 3103 965 civium,
3136 909 3191 955 et
3215 899 3388 955 Beato
3402 914 3463 956 ea
3489 900 3792 955 disserente

2211 1005 2330 1062 quae
2369 991 2719 1062 pertinebant
2744 991 2810 1047 ad
2840 991 3092 1059 salutem,
3118 994 3340 1063 quidam
3365 993 3459 1063 qui
3494 993 3794 1048 advenerat

2212 1087 2469 1150 rusticus,
2501 1086 2639 1142 dixit
2666 1085 2751 1142 ei:
2777 1085 2959 1141 Bonus
2983 1085 3098 1141 dies
3135 1085 3258 1151 tibi,
3287 1084 3507 1141 domine
3535 1085 3629 1138 mi.
3653 1080 3791 1140 Cum

2212 1176 2304 1232 ille
2326 1187 2507 1232 autem
2544 1176 2772 1231 honeste
2802 1175 3080 1231 arrisisset
3112 1173 3254 1246 (erat
3295 1174 3441 1229 enim
3483 1187 3671 1226 revera
3712 1173 3795 1227 le-

2213 1269 2391 1341 pidus)
2423 1277 2477 1323 et
2506 1267 2760 1333 dixisset,
2791 1266 3001 1323 Bonum
3030 1267 3126 1323 tibi
3158 1277 3373 1338 tempus
3404 1265 3534 1336 :qui
3565 1266 3798 1322 aderant

2215 1363 2353 1433 apud
2379 1377 2437 1417 se
2470 1361 2741 1416 ridebant.
2794 1360 2893 1416 Ille
2939 1374 3069 1415 vero
3113 1359 3247 1414 dicit
3298 1358 3381 1414 eis
3410 1375 3425 1416 :
3459 1356 3556 1412 Est
3615 1371 3796 1412 sermo

2216 1454 2539 1523 Scriptum,
2571 1466 2606 1507 ο
2634 1450 2837 1508 fratres
2871 1466 2886 1506 :
2918 1468 2937 1502 ι
2971 1448 3050 1504 Ne
3102 1449 3369 1521 responde
3421 1451 3588 1503 stulto
3638 1446 3795 1515 juxta

2214 1544 2503 1600 stultitiam
2528 1558 2681 1598 suam
2703 1543 2802 1596 ³³.»
2830 1540 2888 1597 Si
2913 1540 3162 1606 dixisset,
3188 1538 3423 1595 Benedic
3446 1539 3794 1604 :audivisset,

2216 1637 2478 1692 Dominus
2509 1645 2563 1692 te
2584 1635 2889 1703 benedicet,
2927 1635 3074 1689 sicut
3133 1631 3540 1688 consuevimus.
3570 1630 3687 1699 Ipse
3714 1635 3799 1684 est

2214 1730 2382 1793 enim,
2423 1728 2516 1798 qui
2550 1729 2810 1784 honorem
2843 1743 2941 1797 per
2964 1742 3093 1783 suos
3149 1740 3338 1783 servos
3370 1725 3424 1779 iu
3456 1738 3515 1779 se
3571 1723 3793 1793 accipit,

514 1811 682 1882 τιμὴν
702 1811 791 1865 διὰ
817 1811 928 1865 τῶν
954 1814 1173 1867 οἰκείων
1204 1812 1373 1867 αὑτοῦ
1400 1813 1609 1867 δούλων
1635 1815 1718 1876 είς
1741 1812 1936 1867 ἑαυτὸν
1968 1813 2110 1866 ἀπο-

2220 1834 2267 1877 et
2294 1835 2739 1892 unumquemque
2762 1827 3143 1875 remuneratur
3164 1818 3416 1874 mercede
3440 1831 3555 1872 sua:
3584 1815 3793 1887 gratim.

514 1902 828 1973 δεχόμενος,
867 1904 964 1958 καὶ
1006 1903 1224 1975 ἑκάστῳ
1265 1904 1366 1976 τὴν
1394 1904 1638 1975 ἀμοιϐὴν
1689 1905 1792 1973 τῆς
1841 1904 2111 1975 μισθαπο-

516 1993 700 2059 δοσίας
733 1997 800 2066 τῇ
831 1996 999 2050 αὐτοῦ
1055 1998 1241 2067 χάριτι
1304 1996 1614 2061 ἀποδιδούς.
1654 1997 1877 2069 Ἐπειδὴ
1922 1998 1981 2051 δὲ
2008 1997 2109 2069 τὴν

518 2083 694 2156 καλήν
738 2103 842 2156 μου
870 2085 1087 2156 ἡμέραν
1113 2085 1436 2155 ἀπένειμεν,
1465 2086 1558 2138 τὸν
1583 2084 1748 2139 καλὸν
1773 2086 1964 2157 καιρδν
1986 2086 2112 2139 άντ-

517 2174 735 2231 έλαδεν.
788 2175 978 2240 Οὕτως
1034 2174 1495 2246 διορθωσάμενος,
1530 2174 1593 2228 οὐ
1647 2174 1809 2244 μόνον
1855 2173 1947 2227 τὸν
1986 2172 2108 2226 δια-

520 2266 854 2333 πταίσαντα,
889 2266 1026 2322 ἀλλά
1076 2267 1172 2320 καὶ
1206 2265 1333 2330 τοὺς
1371 2265 1594 2328 λοιποὺς
1642 2266 1914 2332 ἃπαντας,
1964 2263 2111 2319 ἔνδον

517 2359 780 2416 εἰσελθὼν
815 2361 976 2417 πάλιν
1024 2360 1324 2432 ἡσύχασεν.

592 2453 668 2510 Ξ.
701 2451 814 2524 Τῆς
874 2453 934 2507 δὲ
986 2452 1082 2507 τοῦ
1125 2453 1378 2525 Σωτῆρος
1417 2452 1581 2525 ἡμῶν
1635 2452 1814 2524 Ἰησοῦ
1869 2451 2110 2525 Χριστοῦ

523 2546 897 2618 συνεργούσης
950 2545 1103 2617 αὐτῴ
1168 2546 1430 2618 χάριτος,
1484 2545 1673 2600 πολλοὶ
1723 2545 2112 2616 δαιμονιῶντες

522 2637 895 2710 προσέτρεχον
945 2636 1097 2709 αὐτῷ
1120 2677 1137 2704 ,
1166 2639 1225 2691 οἰ
1274 2637 1376 2708 μὲν
1409 2639 1650 2701 ἑκόντες,
1711 2639 1806 2691 καὶ
1831 2636 1899 2691 δι’
1938 2635 2110 2689 αὑτοῦ

520 2728 619 2801 τὴν
645 2731 791 2784 ίασιν
813 2730 1214 2801 ἀσπαζόμενοι,
1240 2732 1291 2783 οἰ
1317 2731 1374 2783 δὲ
1397 2731 1646 2796 ἄκοντες,
1671 2731 1764 2784 καὶ
1788 2730 1878 2799 ὑφ’
1906 2729 2115 2800 ἑτέρων

521 2824 804 2894 ἀγόμενοι,
841 2821 1094 2886 οὕστινας
1142 2823 1220 2892 τῷ
1253 2822 1420 2890 ἐλαίῳ
1460 2823 1571 2878 τῶν
1619 2824 1794 2892 ἁγίων
1839 2823 2113 2894 λειψάνων

2211 1913 2479 1981 Quoniam
2510 1923 2692 1968 autem
2714 1912 2918 1969 bonum
2948 1910 3095 1967 diem
3125 1910 3257 1966 mihi
3289 1909 3560 1974 attribuit,
3596 1910 3640 1965 is
3667 1924 3797 1965 con-

2213 2016 2293 2062 tra
2322 2005 2534 2076 accepit
2571 2004 2768 2060 bonum
2794 2013 3029 2074 tempus.
3052 2002 3188 2058 Cum
3216 2001 3298 2060 sic
3324 2001 3655 2059 correxisset
3685 2017 3794 2056 non

2211 2102 2387 2156 solum
2413 2116 2536 2156 eum
2558 2102 2648 2171 qui
2671 2098 2998 2161 oﬂ'enderat,
3020 2097 3115 2153 sed
3131 2096 3296 2153 etiam
3316 2095 3557 2167 reliquos
3579 2110 3794 2160 omnes,

2212 2196 2354 2251 intro
2384 2195 2686 2265 ingressus,
2724 2209 2912 2250 rursus
2940 2191 3108 2250 siluit.

2274 2471 2386 2528 LX.
2412 2469 2721 2527 Servatoris
2748 2476 2929 2524 autem
2961 2464 3132 2522 nostri
3164 2464 3291 2522 .Iesu
3316 2463 3517 2519 Christi
3551 2477 3712 2534 Opem
3745 2462 3795 2518 ei

2218 2565 2427 2622 ferente
2460 2565 2657 2636 gratia,
2691 2562 2849 2619 multi
2870 2558 3190 2618 daemoniaci
3221 2558 3288 2613 ad
3321 2573 3446 2613 eum
3484 2554 3797 2623 veniebant,

2216 2675 2311 2716 sua
2346 2659 2561 2730 quidem
2598 2666 2793 2727 sponte
2820 2669 2874 2709 et
2900 2669 2994 2723 per
3011 2669 3071 2710 se
3091 2660 3399 2722 qumreutes
3434 2649 3797 2707 curationem.

2215 2751 2364 2818 Quos
2387 2749 2606 2820 quidem
2632 2747 2752 2804 oleo
2781 2755 3094 2802 sanctarum
3150 2741 3506 2812 reliquiarum
3535 2740 3798 2810 irrigans,

2215 2852 2581 2915 quartumque
2622 2848 2679 2895 et
2733 2837 3063 2894 Parasceves
3118 2834 3260 2891 diem
3319 2833 3559 2890 maxime
3599 2832 3799 2902 jubens

523 2917 762 2983 ποτίζων
798 2917 892 2971 καὶ
922 2916 1210 2987 νηστεύειν
1246 2916 1486 2988 μάλιστα
1509 2919 1610 2987 τὴν
1631 2918 1867 2987 τετράδα
1888 2921 1983 2971 καὶ
2012 2917 2113 2987 τὴν

2220 2934 2486 3006 jejuna‘re,
2515 2948 2640 2986 cum
2681 2929 2932 2985 oratione
2956 2929 3168 2984 iutensa
3205 2937 3263 2983 et
3287 2926 3505 2984 sincera
3547 2924 3674 2991 lide,
3704 2939 3802 2980 cu-

522 3009 881 3079 παρασκευην
921 3008 1162 3063 κελεύων
1194 3010 1293 3063 σὺν
1330 3010 1547 3062 ἐκτενεί
1577 3010 1859 3080 προσευχῇ
1888 3009 1985 3062 καὶ
2015 3011 2109 3062 πί-

2220 3040 2344 3082 raus
2370 3025 2598 3079 dimisit.
2635 3023 2781 3078 Inter
2812 3036 2950 3092 quos
2982 3020 3207 3091 quidam
3244 3022 3311 3075 ab
3342 3035 3408 3075 eo
3444 3027 3572 3075 sunt
3597 3018 3799 3089 depre-

521 3116 637 3154 στει
659 3100 943 3171 εἰλικρινεῖ
969 3099 1202 3172 ἰώμενος
1226 3100 1465 3155 ἀπέλυεν
1486 3117 1498 3131 ·
1532 3102 1594 3153 ὲν
1622 3094 1704 3162 οἷς
1728 3100 2111 3173 προσποιησά-

2220 3119 2395 3183 hensi,
2422 3116 2516 3188 qui
2561 3114 2736 3184 turpis
2790 3112 2928 3168 lucri
2967 3112 3140 3184 gratia
3201 3126 3259 3165 se
3301 3110 3635 3165 simulabant
3676 3122 3802 3164 esse

526 3194 679 3266 μενοί
711 3211 860 3259 τινες
882 3194 1111 3266 αἰσχροῦ
1146 3195 1374 3266 att-$93.20;
1413 3194 1577 3266 χάριν
1617 3195 1748 3257 τοὺς
1784 3193 2108 3266 summa)»

2220 3208 2584 3266 daemoniacos
2622 3220 2803 3277 :quos
2873 3204 3092 3275 quidem
3157 3200 3396 3257 Sanctus
3449 3201 3804 3256 vehementer

520 3306 620 3354 τας
645 3290 739 3344 ὑπ’
787 3291 952 3344 αὑτοῦ
1006 3290 1375 3362 ἐφωράθησαν
1423 3290 1519 3343 ιιιιί⁵
1551 3288 2114 3362 ἐπιπληκτικωτέρως

2220 3303 2541 3374 increpavit,
2570 3300 2758 3356 dicens
2784 3318 2798 3355 :
2824 3297 2938 3353 Nisi
2974 3295 3170 3352 essetis
3202 3294 3405 3365 dignati
3435 3294 3577 3349 dono
3622 3291 3799 3347 sancti

522 3383 1004 3455 κατεστύφθησαν,
1052 3383 1306 3453 λέγοντος
1351 3383 1448 3439 τοῦ
1499 3386 1770 3457 μακαρίου
1794 3384 1999 3447 αὐτοῖς.
2028 3383 2114 3436 ὅτι

2220 3395 2587 3466 baptismatis,
2615 3390 3040 3449 immedicabilis
3078 3386 3342 3445 damonis
3372 3385 3680 3442 dominatus
3712 3399 3806 3440 vos

534 3473 599 3527 Ei
628 3474 702 3545 μὴ
729 3470 828 3544 ἦτε
870 3476 969 3546 τῆς
1010 3475 1105 3529 τοῦ
1147 3477 1308 3544 ἁγίου
1339 3475 1659 3546 Πνεύματος
1710 3475 2116 3546 κπτηξιωμένοι

521 3568 755 3641 δωρεᾶς,
781 3569 889 3622 ὑπὸ
914 3570 1138 3624 ἀνιάτου
1167 3570 1423 3642 δαίμονος
1453 3570 1520 3624 ἂν
1547 3570 2051 3641 κατεκυριεύθητε..

593 3658 717 3718 ΞΜ.
763 3660 1057 3734 Ἐλευθέρα
1111 3662 1170 3716 δέ
1226 3679 1313 3726 τις
1348 3663 1697 3733 φερώνυμος,
1756 3662 1988 3732 λαμπρά
2038 3661 2117 3730 τῷ

524 3752 694 3820 γένει,
734 3752 1093 3824 λαμπροτέρα
1124 3753 1183 3807 δὲ
1205 3751 1305 3819 τῆς
1329 3752 1730 3822 εὐσεϐεστάτης
1778 3751 2116 3824 Που).χερίας

527 3844 958 3917 κουὸικουλαρία
997 3846 1301 3916 γεναμένη,
1349 3845 1600 3916 συνήθως
1655 3847 1928 3917 ἐρχομένη
1973 3844 2116 3916 μετὰ

529 3938 772 4002 πάντων,
802 3938 901 4002 τὰς
922 3938 1088 4010 εὐχὰς
1112 3937 1443 4009 ἐκαρποῦτο,
1463 3934 1605 4008 αὕτη
1630 3936 1796 4009 ἔρωτι
1824 3937 1957 4010 θείῳ
1971 3954 2116 4009 τρω-

527 4032 678 4085 θεῖσαι
698 4032 799 4101 τὴν
819 4031 1021 4103 ψυχὴν,
1044 4031 1273 4101 λείψανα
1300 4030 1475 4101 ἁγίων
1503 4029 1820 4101 κεκτημένη
1846 4032 2116 4102 παρέθετο

527 4120 608 4196 τῷ
638 4124 894 4196 μακαρίῳ
918 4140 934 4157 ο
989 4125 1211 4181 ἔπειτα·
1247 4125 1306 4178 δὲ
1344 4124 1612 4178 ἱκετεύειν
1662 4124 1829 4179 αὑτὸν
1857 4127 2119 4199 ἐπειρᾶτο

528 4216 620 4272 διὰ
646 4218 744 4289 τῆς
776 4218 1138 4291 κατηχήσεως
1165 4217 1335 4274 αὐτοῦ
1360 4217 1456 4272 τοῦ
1502 4220 1771 4291 μονήρους
1804 4218 1942 4290 βίου,
1975 4220 2115 4275 ἁπο-

530 4316 739 4369 σπᾶσαι
767 4312 940 4387 αὐτὴν
961 4315 1073 4371 τῶν
1102 4315 1308 4371 ὑλικῶν
1340 4316 1708 4388 πραγμάτων.
1757 4314 1866 4371 Τοῦ
1904 4314 1963 4369 δὲ
1997 4315 2117 4370 δια-

529 4403 714 4475 φόρως
743 4403 1187 4476 ἀναϐαλλομένου
1237 4408 1334 4461 καὶ
1393 4407 1700 4476 φάσκοντος
1741 4405 2006 4460 δύνασθαι
2058 4407 2118 4461 ὲν

528 4495 709 4567 ἀγαθῇ
740 4494 989 4567 πολιτείᾳ
1010 4512 1069 4549 τε
1098 4498 1196 4552 καὶ
1228 4499 1450 4570 εὐποιῖᾳ
1483 4502 1579 4553 καὶ
1600 4502 1661 4553 ὲν
1685 4498 1764 4569 τῷ
1796 4499 1897 4571 βίῳ
1919 4500 2118 4570 εὐαρε-

530 4589 679 4641 στεῖν
696 4587 776 4659 τῷ
800 4586 944 4675 θεῷ,
975 4588 1158 4661 ἐκείνη
1206 4590 1308 4644 οὐκ
1352 4592 1634 4646 ἐπαύσατο
1662 4591 1733 4646 δι’
1780 4591 1942 4664 δχλου
1972 4610 2121 4661 γινο-

531 4677 669 4748 μένη
694 4677 789 4731 τοῦ
811 4680 996 4750 τυχεῖν
1017 4680 1234 4736 τούτου.
1280 4680 1369 4745 Ὠς
1404 4681 1461 4735 δὲ
1490 4683 1798 4754 προσέσχεν
1830 4683 1909 4755 τῷ
1932 4682 2118 4755 διορα-

531 4769 669 4839 τικῷ
697 4769 908 4841 ὄμματι
932 4771 1034 4842 τὴν
1063 4771 1260 4845 ἀκλινῆ
1294 4774 1469 4844 αὐτῆς
1496 4775 1752 4830 ἔνστασιν
1790 4777 1886 4830 καὶ
1925 4778 2121 4830 ἀνεπί-

529 4860 736 4933 ληπτον
766 4863 1086 4931 κατάνυξιν,
1115 4864 1337 4938 εὐδοκία
1362 4866 1458 4919 τοῦ
1491 4868 1700 4931 πάντας
1731 4868 1981 4933 θέλοντος
2008 4886 2119 4924 σω-

532 4953 694 5025 θῆναι
723 4953 883 5021 Θεοῦ,
918 4955 1215 5010 ἐπένευσεν
1245 4958 1275 5011 ὁ
1300 4958 1448 5020 ὅσιος
1470 4959 1567 5011 καὶ
1589 4959 1697 5012 ἀπὸ
1725 4958 1846 5022 ἑνὸς
1882 4961 2117 5028 σημείου

530 5057 591 5108 ὲν
644 5055 719 5127 τῷ
753 5056 994 5127 ἐπιπέδῳ
1049 5055 1383 5127 προαστείου
1443 5057 1825 5127 τυγχάνοντα,
1875 5053 2119 5125 τοῦνομα

530 5144 775 5218 Γυρῆτα,
843 5150 1283 5219 προσκαρτερεῖν
1331 5151 1389 5202 ἑν
1426 5149 1506 5220 τῷ
1535 5150 1673 5213 τέως
1718 5150 2022 5220 ὲτέτρεψεν
2048 5153 2116 5223 τῇ

534 5237 736 5311 μελέτῃ
782 5239 894 5293 τῶν
937 5239 1098 5295 θείων
1148 5239 1384 5312 Γραφῶν
1440 5243 1829 5315 σχολάζουσαν.
1902 5243 2119 5314 Ταύτης

452 5362 461 5374 ι
535 5331 635 5399 μὲν
689 5330 782 5386 οὖν
845 5333 1288 5407 κατατρυφώσης
1343 5336 1422 5407 τῷ
1473 5336 1669 5408 κυρίῳ
1729 5337 1824 5389 καὶ
1864 5337 2119 5407 ἀσμένως

534 5423 712 5477 πάντα
775 5425 938 5480 πόνον
976 5427 1293 5498 σωματικὸν
1343 5427 1620 5502 φεροὸσης
1656 5428 1765 5482 ὑπὸ
1816 5429 1914 5499 τῆς
1949 5446 2120 5502 χορη-

530 5517 806 5587 γουμένης
855 5521 1008 5591 παρὰ
1059 5519 1153 5573 τοῦ
1209 5519 1348 5574 Θεοῦ
1376 5521 1457 5594 τῷ
1490 5520 1668 5594 Πατρὶ
1724 5520 1969 5591 χάριτος,
2025 5523 2120 5575 καὶ

532 5608 697 5664 ἄλλον
727 5612 1168 5684 Πεντεπιτρόπου
1198 5615 1344 5680 τινος
1375 5615 1634 5685 σύζυγος,
1679 5616 1900 5687 Κοσμία
1929 5614 2120 5670 τοῦνο-

536 5719 636 5773 μα,
654 5704 1079 5773 καταλειφθεῖσα
1105 5706 1258 5777 ἠξίου
1287 5709 1450 5764 αὐτὸν
1475 5711 1593 5781 μετ’
1615 5708 1832 5783 ἐκείνης
1860 5708 2119 5781 τετάχθαι

620 5887 667 5921 ³³
699 5887 860 5947 Prov.
906 5906 1054 5963 sum,
1086 5892 1140 5948 L

2151 4541 2201 4600 Ι)

2222 3489 2510 3545 tenuisset.

2293 3672 2430 3732 LXI.
2468 3670 2734 3739 Quadam
2773 3682 2905 3722 vero
2941 3666 3165 3720 nomine
3213 3663 3430 3733 quidem
3486 3659 3804 3723 Eleuthera,

2220 3775 2401 3820 tuente
2436 3770 2616 3818 autem
2649 3757 3016 3829 splendidiore
3043 3768 3197 3810 suam
3253 3765 3525 3807 coronans
3572 3748 3806 3819 appella-

2219 3861 2446 3923 tionem,
2478 3869 2598 3925 quae
2633 3853 2738 3925 piae
2786 3848 3038 3921 inprimis
3091 3845 3390 3902 Pulcherias
3445 3844 3626 3900 fuerat
3655 3842 3810 3899 cubi-

2221 3949 2448 4017 cuiaria,
2481 3947 2694 4005 solebat
2733 3943 2801 4000 ad
2839 3957 2961 3998 eum
2991 3939 3199 4003 venire,
3240 3947 3295 3993 et
3354 3954 3477 3993 cum
3527 3936 3803 4000 omnibus,

2220 4043 2339 4113 ejus
2368 4041 2650 4097 fruebatur
2680 4034 2955 4108 precibus.
2988 4030 3090 4097 Ea,
3119 4046 3241 4087 cum
3273 4039 3418 4086 esset
3456 4028 3559 4099 ipsi
3592 4028 3808 4082 animus

2221 4134 2408 4191 divino
2467 4144 2656 4186 amore
2705 4128 2950 4191 saucius,
3009 4139 3145 4194 quas
3203 4122 3437 4178 habebat
3494 4130 3808 4177 sanctorum

2223 4225 2498 4298 reliquias,
2528 4220 2778 4293 deposuit
2833 4219 2975 4290 apud
3027 4217 3279 4273 Beatum.
3313 4214 3517 4270 Deinde
3567 4213 3812 4271 tcutabat

2223 4319 2449 4390 supplex
2501 4317 2553 4373 ei
2597 4312 2951 4385 persuadere,
3007 4321 3071 4366 ut
3119 4309 3246 4364 vitae
3302 4306 3620 4362 monasticae
3647 4306 3714 4359 ab
3744 4318 3811 4359 eo

2224 4412 2492 4468 initiatam
2551 4406 2810 4464 evelleret
2857 4419 2888 4459 a
2922 4400 3250 4459 turbulentis
3281 4398 3445 4470 hujus
3495 4396 3678 4451 rutundi
3710 4410 3808 4450 nc-

2225 4504 2408 4579 gutiis.
2444 4502 2525 4559 Eo
2559 4509 2738 4557 autem
2767 4496 2933 4556 variis
2967 4495 3142 4551 modis
3165 4492 3474 4558 diﬂereutc,
3498 4499 3553 4547 et
3572 4489 3809 4554 dicente,

2228 4613 2374 4663 eam,
2403 4611 2467 4653 se
2484 4603 2632 4651 recte
2649 4590 2908 4665 gerendo,
2935 4595 2989 4646 et
3012 4585 3371 4645 beneﬁcentia
3394 4581 3616 4649 utendo,
3642 4582 3809 4638 etiam

2232 4693 2286 4747 in
2346 4688 2615 4745 mundana
2664 4686 2774 4741 vita
2830 4695 2992 4755 posse
3047 4678 3263 4750 placere
3291 4675 3541 4739 Domino,
3573 4672 3663 4727 illa
3703 4685 3811 4726 nou

2228 4783 2482 4842 cessabat
2509 4778 2856 4851 ei‘negotium
2886 4774 3169 4838 exhibere,
3192 4777 3251 4826 ut
3275 4771 3378 4824 hoc
3400 4771 3810 4836 assequeretur.

2226 4879 2522 4948 Postquam
2547 4888 2675 4929 vero
2692 4868 2995 4942 perspicaci
3014 4864 3175 4921 oculo
3197 4858 3579 4918 animadvertit
3598 4855 3809 4911 firmam

2226 4982 2282 5029 et
2310 4965 2643 5024 immobilem
2674 4962 2792 5031 ejus
2826 4956 3210 5018 constantiam,
3262 4963 3317 5010 et
3366 4964 3487 5020 quae
3535 4959 3812 5016 nunquam

2228 5061 2534 5125 deﬁciebat,
2565 5053 3058 5124 compunctionem,
3096 5046 3372 5102 voluntate
3428 5040 3543 5106 Dei,
3572 5039 3662 5110 qui
3704 5036 3818 5091 vult

2226 5168 2422 5213 omnes
2487 5164 2610 5207 esse
2662 5147 2869 5210 salvus,
2922 5141 3115 5198 annuit
3158 5137 3414 5197 Sanctus,
3442 5142 3499 5189 et
3539 5133 3590 5186 in
3622 5144 3816 5199 campo

2228 5242 2554 5308 suburbani,
2577 5239 2667 5311 qui
2701 5238 2936 5294 distabat
2966 5235 3110 5289 circa
3140 5244 3306 5284 unum
3339 5223 3680 5287 milliarium,
3712 5235 3816 5275 ne»

2230 5336 2373 5392 tuine
2410 5332 2631 5403 Cyrcta,
2656 5328 2821 5400 jussit
2872 5325 3079 5381 interea
3132 5331 3486 5392 perseverare
3524 5321 3806 5368 vacantem

2236 5424 2574 5484 meditationi
2639 5420 2948 5478 divinarum
3004 5414 3432 5484 Seripturarum.
3478 5408 3679 5479 Atque'
3717 5406 3821 5459 hae

2232 5519 2451 5590 quidem
2494 5531 2555 5573 se
2583 5515 2636 5570 in
2667 5510 2898 5568 Domino
2920 5504 3319 5577 jucundissima
3378 5498 3632 5590 explente
3666 5495 3819 5550 volu-

2232 5588 2405 5683 ptate,
2433 5618 2487 5665 et
2519 5620 2734 5663 omnem
2773 5603 3013 5659 laborem
3047 5596 3291 5668 corporis
3334 5592 3568 5649 libenter
3610 5588 3820 5646 ferente

2232 5707 2302 5765 ob
2330 5705 2560 5777 gratiam
2601 5716 2724 5774 qua:
2756 5714 2785 5753 a
2822 5696 2934 5753 Deo
2992 5694 3156 5750 Patre
3218 5690 3265 5746 ei
3318 5686 3770 5759 suppeditabatur
3802 5700 3817 5737 :
