4160 6422
367 402 497 466 Ῑιὶῗὶῖ

1562 401 1844 461 MENSIS
1875 401 2392 462 FEBRUARIUS.

3495 401 3634 467 H32

355 511 553 580 coajax
591 523 807 580 quoque
842 509 1068 563 alterius
1097 509 1379 579 cujusdam
1405 507 1770 579 Pantepitrnpi
1806 508 1940 580 (ll),

2061 510 2148 576 τῆς
2179 509 2385 579 φθορᾶς
2418 509 2759 562 ἀποστᾶσαν.
2799 509 2885 572 Ὠς
2923 510 2980 563 δὲ
3006 511 3098 564 διὰ
3129 510 3398 565 πλείστων
3432 531 3639 584 παραι-

360 603 579 661 nomine
634 601 873 664 Cosmia,
931 601 1201 655 accedens
1239 601 1462 668 rogabat
1512 615 1661 665 eum,
1695 615 1817 654 cum
1851 600 1938 654 illa

357 697 634 750 locaretur
672 695 930 750 recedens
965 710 993 747 a
1027 695 1392 763 corruptione.
1425 694 1562 750 Cum
1599 704 1780 748 autem
1819 693 1940 762 plu-

361 788 514 842 rimis
548 787 1012 844 admonitionibus
1033 803 1136 841 non
1163 788 1430 855 potuisset
1462 788 1509 842 ei
1536 789 1858 852 persuadere
1886 794 1945 840 ttt

364 883 560 935 marito
585 880 1028 951 coniungeretur,
1065 881 1188 952 ejus
1218 897 1432 950 quoque
1467 879 1792 936 necessariis
1823 893 1942 933 eam

361 987 484 1024 cum
542 971 706 1024 minis
763 972 829 1050 ad
881 972 931 1025 id
999 972 1373 1036 iueitautibus,
1418 987 1592 1039 neque
1645 970 1942 1040 quidquam

365 1062 798 1130 proficientibus,
825 1073 1048 1134 propter
1083 1064 1502 1134 insuperabilem
1540 1065 1658 1132 ejus
1691 1063 1742 1116 in
1775 1062 1942 1117 Deum

363 1171 605 1210 amorem
640 1155 735 1210 :id
788 1157 1229 1212 animadvertens
1296 1156 1550 1215 Sanctus.
1587 1156 1751 1223 jussit
1806 1155 1948 1208 hanc

361 1262 582 1317 quoque
610 1249 817 1302 versari
845 1264 965 1302 cum
1008 1251 1205 1318 priore.
1244 1248 1564 1315 Quinetiam
1603 1263 1740 1301 uxor
1763 1248 1948 1315 cujus-

363 1341 486 1392 dam
512 1341 794 1395 nutritoris
825 1340 1086 1406 ferarum,
1110 1342 1364 1396 omnibus
1386 1340 1613 1405 relictis,
1639 1357 1792 1395 suam
1823 1341 1944 1396 exi-

364 1441 497 1493 gens
553 1429 804 1492 salutem,
829 1430 1051 1498 rogabat
1080 1430 1338 1486 Sanctum
1371 1445 1440 1485 ne
1467 1446 1586 1485 eam
1620 1431 1934 1498 expelleret.

367 1518 540 1581 Quam
577 1533 698 1573 eum
730 1521 865 1576 satis
899 1521 1242 1589 instituisset,
1273 1531 1332 1576 ut
1369 1523 1800 1592 ﬁerettemplnm
1829 1524 1945 1587 Dei,

371 1611 642 1674 quomodo
671 1611 910 1666 Ostendit
938 1613 1053 1680 ejus
1084 1613 1216 1676 vita,
1257 1629 1375 1683 qua:
1415 1624 1599 1684 postea
1647 1625 1728 1670 est
1751 1630 1947 1670 conse—

369 1709 514 1766 cuta,
551 1702 703 1770 jubet
728 1719 845 1757 eam
879 1706 1112 1758 admitti.
1136 1704 1253 1760 Non
1285 1707 1454 1762 multo
1481 1717 1604 1776 post
1641 1717 1822 1762 autem
1855 1707 1952 1762 dat

369 1791 446 1844 eis
467 1791 706 1847 habitum
725 1795 791 1849 ad
815 1797 1254 1852 exercitationem
1276 1798 1431 1868 plane
1444 1800 1913 1854 accommodatum
1933 1817 1947 1852 :

2050 599 2249 653 νέσεων
2287 603 2470 654 auia-at
2525 600 2694 670 αὐτὴν
2744 601 2845 654 οὐκ
2876 602 3095 671 ἴσχυσεν
3125 603 3221 656 ἐπὶ
3265 606 3331 674 τῇ
3360 606 3633 677 συκιαφείᾳ

2049 691 2140 743 τοῦ
2187 692 2396 761 ἀνδρὸς,
2453 692 2611 745 τοῦτο
2650 693 2888 746 καὶτῶν
2941 694 3158 748 οίκείων
3188 695 3634 750 ἐπαπειλούντων

2049 784 2187 854 αὐτῇ
2215 786 2309 838 καὶ
2347 785 2514 855 μηδὲν
2549 785 2843 851 ἀνυόντων,
2889 787 3189 850 ἀνενδότως
3223 787 3303 857 τῷ
3331 787 3469 858 πρὸς
3497 788 3635 842 Θεὸν

2051 877 2220 945 πόθῳ,
2251 876 2424 947 ταύτῃ
2450 877 2701 948 προσχὼν
2726 879 2754 931 6
2782 879 3074 948 μακάριος,
3103 881 3342 931 συνεῖναι
3377 879 3513 947 μετά
3533 879 3634 950 τῆς

2051 970 2324 1040 προτέρας
2352 971 2448 1022 καὶ
2481 970 2687 1040 ταύτην
2713 971 3034 1042 ἐπέτρεψεν.
3095 970 3259 1024 Ἀλλὰ
3295 972 3388 1024 καὶ
3434 970 3634 1040 Θηρια-

2049 1061 2250 1130 τρόφου
2283 1061 2428 1125 τινος
2457 1063 2592 1131 γυνὴ
2625 1062 2840 1116 ἅπαντα
2867 1063 3241 1120 καταλιποῦσα
3263 1065 3356 1117 καὶ
3376 1063 3475 1135 τὴν
3507 1066 3635 1116 ἑαυ-

2051 1152 2150 1220 τῆς
2185 1153 2459 1222 σωτηρίαν
2487 1153 2776 1221 ἐξαιτοῦσα
2809 1155 2962 1223 ἠξίου
2992 1155 3082 1207 τὸν
3115 1155 3264 1208 ὅσιον
3291 1155 3366 1226 μὴ
3399 1154 3636 1208 ἀποϐάλ-

2052 1243 2240 1298 λεσθαι
2267 1246 2460 1314 αὑτήν.
2497 1245 2599 1300 Ἢν
2633 1247 2838 1310 ἱκανῶς
2879 1248 3201 1317 κατηχήσας
3234 1248 3455 1318 πρῶτον
3506 1248 3635 1300 ναὸν

2050 1337 2146 1390 τοῦ
2174 1336 2310 1390 Θεοῦ
2345 1337 2623 1406 γενέσθαι,
2651 1340 2902 1410 καθάπερ
2933 1341 3027 1392 καὶ
3073 1341 3101 1392 6
3157 1341 3296 1409 μετά
3322 1338 3497 1392 ταῦτα
3521 1337 3636 1408 βίος

2053 1426 2356 1491 ἀπέδειξεν,
2411 1427 2758 1498 εἰσδεχθῆναι
2778 1429 3015 1483 κελεύει.
3043 1431 3180 1484 Μετ’
3219 1430 3280 1483 οὐ
3307 1430 3442 1482 πολὺ
3474 1427 3662 1481 δίδοι--

2055 1537 2136 1574 σιν
2165 1520 2356 1584 αὐταῖς
2397 1521 2586 1592 σχῆμα
2623 1522 2794 1587 ὅντως
2849 1523 3152 1594 ἀσκητικὸν
3191 1524 3451 1594 τριχίνοις
3479 1521 3638 1592 χιτῶο

2055 1630 2138 1666 σιν
2188 1613 2358 1676 αὑτὰς
2393 1613 2784 1684 μεταμφιὰσας
2837 1619 2936 1671 καὶ
2981 1616 3320 1686 ὠμοφορὶοις
3376 1614 3636 1684 μεγάλοις

2052 1705 2194 1758 τισὶν
2243 1704 2319 1766 ὡς
2375 1706 2745 1762 δυσωπεῖσθαι
2779 1725 2901 1762 τινα
2955 1708 3052 1763 καὶ
3106 1709 3264 1778 μόνον
3297 1707 3509 1778 ὁρῶντα
3536 1703 3638 1773 τὴν

2052 1795 2326 1865 τοσαύτην
2361 1799 2670 1867 κατήφειαν
2706 1798 2897 1869 (οὖπω
2931 1800 3040 1867 γὰρ
3087 1793 3157 1868 ἦν
3191 1798 3250 1849 ἓν
3276 1797 3386 1857 τοῖς
3444 1793 3641 1863 μέρεσι

370 1892 428 1934 ιιι
478 1885 569 1953 qui
623 1887 820 1942 tunicis
859 1905 925 1942 ex
962 1889 1088 1959 pilis
1137 1892 1410 1946 contextis
1473 1906 1568 1948 eas
1613 1891 1872 1957 induerit,
1903 1899 1955 1944 et

2061 1891 2266 1952 τούτοις
2298 1891 2483 1960 σχῆμα
2513 1891 2752 1945 τοιοῦτον
2784 1893 3004 1945 πώποτε
3033 1891 3244 1963 φανέν).

373 1979 583 2048 magnis
620 1979 946 2050 quibusdam
977 1982 1195 2052 palliis:
1235 1984 1372 2039 adeo
1399 1993 1456 2040 ut
1499 1995 1842 2040 revereretur
1874 1982 2162 2054 quispiam,
2199 1985 2279 2036 vel
2352 1984 2525 2038 solum
2568 1986 2752 2040 videns
2805 1995 3007 2038 tantam
3034 1985 3333 2040 trisdtiam.
3391 1983 3638 2040 Nondum

369 2072 514 2125 enim
550 2073 604 2128 in
645 2073 728 2128 his
773 2075 1022 2140 partibus
1073 2077 1196 2132 talis
1252 2093 1489 2148 unquam
1531 2079 1748 2133 habitus
1783 2087 2123 2148 apparuerat.

1861 2231 2090 2287 CAPUT
2139 2230 2207 2286 Χ.

480 2343 863 2400 Monasterium
885 2345 1370 2400 sanctimonialium
1411 2349 1775 2400 constitutum.
1823 2346 2449 2472 Adgortatioﬁelvirtute
2491 2348 2772 2402 castitatis.
2829 2347 3016 2401 Obitus
3057 2357 3106 2401 et
3145 2346 3417 2415 sepultura
3467 2345 3526 2401 S.

1941 2429 2169 2472 ιισεηιιι.

1941 2429 2169 2473 meum.

449 2534 608 2592 LXII.
636 2535 904 2606 Deinceps
931 2547 1060 2605 ergo
1101 2535 1169 2588 ab
1200 2547 1264 2589 eo
1298 2541 1540 2606 tempore
1565 2534 1683 2590 alia:
1732 2535 1954 2605 quidem

378 2624 445 2678 ad
489 2640 608 2678 eam
640 2639 755 2680 rem
789 2623 1120 2698 accedebant
1149 2641 1163 2678 :
1192 2623 1308 2677 alia:
1352 2623 1593 2692 quidem,
1627 2639 1748 2693 qua:
1775 2624 1844 2681 ab
1871 2625 1960 2678 in-

378 2718 569 2785 genitis
591 2717 1003 2772 adducebantur
1026 2717 1344 2786 parentibus
1369 2719 1436 2772 ad
1466 2719 1768 2773 custodiam
1794 2717 1959 2788 virgi-

376 2808 619 2875 ginitatis
652 2827 666 2863 :
694 2809 812 2864 alia:
841 2817 1045 2876 autem,
1088 2808 1303 2864 theatro
1325 2817 1378 2862 et
1402 2823 1564 2863 scena
1589 2807 1812 2871 relictis,
1842 2808 1958 2862 dia-

378 2900 427 2950 Ιὶι
453 2899 502 2952 lo
559 2901 956 2968 renuntiantes,
1009 2908 1062 2955 et
1093 2899 1311 2956 Christo
1362 2917 1482 2956 cum
1515 2916 1711 2972 magno
1747 2899 1874 2955 ﬂetu
1907 2911 1962 2955 et

377 2989 651 3046 laboriosa
702 2991 1089 3048 lamentatione
1139 3009 1198 3048 se
1251 2994 1680 3061 coujungentes:
1715 2995 1852 3049 adeo
1902 3002 1961 3049 ut

381 3079 529 3134 brevi
574 3090 815 3148 tempore
855 3092 1208 3154 congregatae
1247 3084 1359 3140 sint
1404 3084 1688 3155 plusquam
1741 3093 1961 3154 septua-

380 3171 548 3239 ginta,
571 3182 619 3226 el
648 3173 714 3229 de
736 3185 933 3229 caetero
952 3175 1178 3245 jusserit
1195 3174 1393 3230 Beatus
1419 3177 1638 3232 domum
1661 3177 1956 3233 oratoriam

380 3264 460 3317 eis
487 3265 775 3320 mdilicare.
809 3266 960 3322 Citra
1015 3267 1178 3322 ullam
1234 3283 1364 3323 vero
1415 3268 1870 3324 intermissionem
1903 3269 1958 3323 in

379 3354 466 3408 die
505 3352 831 3411 Parasccves
861 3365 913 3412 et
946 3358 998 3412 in
1044 3358 1130 3412 die
1187 3359 1468 3414 Dominico
1518 3375 1611 3414 eas
1649 3375 1958 3423 accersens,

380 3455 434 3498 et
465 3447 530 3499 de
562 3447 873 3516 virginitate
926 3458 980 3501 et
1005 3449 1262 3516 pudicitia
1290 3450 1369 3503 eis
1396 3450 1560 3504 verba
1608 3451 1836 3512 faciens,
1867 3468 1956 3506 ro-

2125 2534 2246 2589 EB'.
2285 2537 2380 2589 Ἐκ
2409 2536 2528 2595 τότε
2558 2531 2653 2588 οὖν
2681 2534 2780 2586 καὶ
2809 2535 2997 2604 ιτεραι
3017 2532 3206 2602 λοιπον
3241 2532 3539 2606 προσίεσαν
3563 2532 3644 2605 τῷ

2060 2629 2369 2696 πράγματι,
2410 2625 2466 2678 αἱ
2502 2625 2602 2695 μὲν
2630 2625 2736 2678 ὑπὸ
2778 2623 3019 2693 εὐγενῶν
3052 2625 3256 2692 γονέων
3295 2625 3387 2676 ἐπὶ
3423 2621 3640 2697 φυλακῇ

2057 2715 2158 2783 τῆς
2205 2715 2508 2787 παρθενίας
2569 2713 3007 2785 προσαγόμεναι,
3056 2715 3113 2766 at
3155 2713 3212 2766 δὲ
3265 2714 3330 2767 ὲκ
3395 2716 3498 2786 τῆς
3529 2714 3643 2767 τῶν

2061 2809 2308 2878 θεάτρων
2336 2807 2561 2876 πομπῆς
2589 2805 2668 2877 τῷ
2716 2805 2948 2875 διαϐόλῳ
2980 2804 3446 2876 ἀποτασσόμεναι,
3483 2805 3558 2870 ὡς
3585 2808 3644 2860 ἐν

2059 2900 2224 2970 ὀλίγῳ
2252 2899 2429 2970 καιρῷ
2457 2899 2595 2971 ὑπὲρ
2618 2899 2716 2959 τὰς
2770 2898 3144 2968 ἑϐδομήκοντα
3186 2896 3522 2967 συναχθῆναι
3548 2899 3646 2951 καὶ

2059 2994 2247 3047 λοιπὸν
2282 2991 2670 3064 προτραπῆναι
2722 2991 2816 3044 τὸν
2849 2991 3117 3060 μακάριον
3173 2991 3459 3059 εὐκτήριον
3494 2984 3645 3042 οἷκον

2059 3088 2254 3150 αὐταῖς
2277 3084 2656 3156 οἰκοδομῆσαι.
2689 3083 3141 3155 Ἀπαραλείπτως
3165 3079 3258 3138 οὖν
3285 3082 3433 3137 κατὰ
3457 3099 3643 3151 παραυ

2063 3180 2264 3251 σκευὴν
2317 3183 2411 3234 καὶ
2463 3177 2741 3248 κυριακὴν
2787 3175 3284 3246 μεταστελλόμενος
3342 3174 3513 3237 αὐτὰς
3546 3173 3644 3226 καὶ

2057 3275 2149 3329 τὸν
2171 3276 2272 3342 τῆς
2307 3271 2611 3342 παρθενίας
2645 3271 2742 3324 καὶ
2786 3269 3143 3340 σωφροσύνης
3193 3269 3351 3336 λόγον
3386 3266 3644 3336 εἰσηγού-

2067 3384 2227 3438 μενος
2285 3365 2588 3435 παρεκάλει
2621 3363 2892 3416 νουθετῶν
2924 3364 3020 3416 καὶ
3075 3360 3279 3415 πείθων
3305 3359 3479 3430 λήθην
3505 3374 3649 3412 παν-

2067 3456 2196 3526 τελῆ
2228 3455 2559 3518 ποιήσασθαι
2587 3453 2696 3507 τῶν
2725 3453 2819 3506 τοῦ
2855 3453 2970 3521 βίου
3001 3452 3273 3523 τερπνῶν,
3303 3451 3379 3514 ὡς
3412 3465 3649 3521 τερπνο-

383 3538 544 3606 gabat
575 3552 690 3603 eas,
744 3539 1043 3594 admonens
1067 3549 1118 3594 et
1175 3543 1255 3596 eis
1286 3545 1646 3611 persuadens,
1682 3550 1739 3596 ut
1765 3543 1955 3598 oblivi-

2070 3515 2244 3619 τέρων
2299 3515 2395 3601 καὶ
2437 3543 2792 3614 ἀσυγκρίτων
2829 3515 3000 3596 ὄντων
3055 3515 3165 3596 τῶν
3194 3515 3266 3594 ὲν
3292 3515 3651 3609 ἐπαγγελίαις

383 3640 664 3686 scerentur
705 3631 946 3686 omnium
981 3647 1098 3700 quae
1129 3619 1330 3688 suntin
1365 3634 1473 3689 vita
1495 3632 1756 3702 jucunda,
1778 3643 1965 3705 utpote

381 3721 526 3790 quod
555 3723 662 3778 sint
699 3722 1029 3793 jucundiora
1077 3735 1130 3779 et
1161 3725 1611 3795 incumparabilia
1644 3727 1808 3793 bona,
1843 3742 1963 3798 quae

382 3824 510 3869 sunt
563 3815 620 3870 in
695 3816 1150 3886 promissionibus
1183 3840 1194 3874 :
1227 3827 1280 3874 et
1341 3834 1410 3874 ne
1479 3821 1887 3876 attralterentur
1932 3834 1963 3872 a

383 3906 566 3960 carnis
598 3906 984 3976 voluptatibus.
1018 3906 1154 3962 Nam
1184 3907 1286 3963 etsi
1333 3908 1493 3964 nobis
1516 3909 1585 3965 ad
1635 3909 1958 3981 conjugium

384 4008 634 4054 naturam
672 4000 816 4056 dedit
839 4001 1083 4064 Creator,
1109 4018 1207 4058 nos
1235 4018 1423 4059 rursus
1450 4002 1707 4071 dignatus
1737 4015 1819 4060 est
1845 4019 1961 4061 me-

383 4091 502 4146 liori
535 4093 810 4158 instituto,
841 4104 899 4146 ut
928 4093 1071 4150 bono
1098 4095 1149 4148 id
1182 4096 1325 4164 quod
1349 4105 1433 4152 est
1477 4097 1667 4154 melius
1703 4099 1964 4169 praefera-

385 4199 524 4237 mus.
548 4183 653 4237 Pro
675 4185 906 4238 naturali
931 4201 1164 4255 namque
1185 4189 1552 4255 matrimonio,
1578 4191 1629 4246 in
1664 4206 1772 4260 quo
1798 4192 1962 4247 situm

385 4283 488 4337 est,
511 4291 530 4323 ι
557 4273 796 4328 Crescite
809 4275 1308 4341 elmultiplicamini
1331 4281 1596 4348 etreplete
1624 4291 1822 4337 terram
1843 4282 1906 4348 3‘,
1941 4303 1957 4334 ι

383 4367 673 4434 opponitur
697 4366 932 4430 viduitas
962 4376 1015 4422 et
1042 4368 1247 4424 orbitas
1276 4369 1566 4426 liberorum
1596 4380 1686 4428 :et
1717 4389 1814 4444 pro
1839 4389 1966 4430 con-

383 4460 635 4514 versione
665 4460 730 4513 ad
760 4461 934 4514 virum
965 4477 1088 4515 cum
1117 4463 1382 4518 servitute
1415 4464 1741 4520 intolerabili
1775 4470 1964 4540 mysti-

385 4565 476 4602 ras
515 4559 571 4602 et
596 4549 964 4618 admirabiles,
992 4561 1042 4605 et
1081 4551 1135 4606 in
1190 4568 1328 4623 quas
1357 4569 1463 4610 non
1513 4557 1660 4610 cadit
1707 4559 1963 4627 viduitas,

388 4643 609 4710 nuptias
655 4642 942 4713 eligamus,
995 4660 1197 4714 sponso
1241 4647 1374 4701 uniti
1419 4649 1735 4719 immortali,
1789 4654 1962 4710 forma

381 4733 628 4800 specioso
643 4749 750 4802 pra:
768 4733 1209 4792 ﬁliislmtninum.
1231 4737 1596 4804 Quamobrem
1615 4759 1720 4799 non
1747 4754 1964 4814 Oportet

2067 3638 2293 3706 ἀγαθῶν
2319 3638 2416 3693 καὶ
2465 3637 2539 3708 μὴ
2570 3635 2984 3706 κατασύρεσθαι
3015 3636 3134 3698 ταῖς
3169 3635 3268 3703 τῆς
3300 3633 3506 3704 σαρκὸς
3539 3631 3658 3699 ἡδο-

2069 3736 2210 3796 ναῐς.
2236 3733 2296 3786 El
2326 3732 2436 3802 γὰρ
2458 3732 2550 3785 καὶ
2566 3729 2729 3799 φύσιν
2757 3730 2892 3800 ἡμῖν
2924 3729 3021 3782 ἐπὶ
3043 3729 3136 3782 τὸν
3159 3728 3337 3797 γάμον
3369 3729 3396 3780 6
3419 3725 3654 3793 ποιητὴς

2067 3826 2403 3896 ἐδωρήσατο,
2449 3823 2588 3879 ἀλλὰ
2620 3822 2998 3893 προαιρέσεως
3052 3823 3201 3892 ἡμᾶς
3236 3820 3398 3874 πάλιν
3433 3819 3658 3885 ἀμεινο-

2065 3917 2232 3986 τέρας
2268 3914 2502 3984 ἠξίωσεν
2529 3914 2563 3985 ἡ
2587 3911 2684 3966 τοῦ
2721 3913 2892 3968 καλοῦ
2933 3914 2994 3967 τὸ
3023 3912 3245 3966 κάλλιον
3275 3909 3652 3978 προτιμήσαν-

2069 4025 2159 4071 τος
2179 4025 2197 4040 ⁸
2221 4007 2344 4061 ἀντὶ
2377 4007 2476 4078 μὲν
2506 4008 2689 4076 γάμου
2716 4005 2975 4076 φυσικοῦ,
2999 4005 3085 4073 ἐφ’
3117 3998 3160 4071 ᾧ
3185 4005 3362 4056 κεῖται
3391 4001 3468 4064 τ’),
3509 4018 3526 4051 ι
3547 3999 3659 4052 Αὐ-

2073 4099 2321 4168 ξάνεσθε,
2350 4099 2446 4153 καὶ
2475 4099 2844 4170 πληθύνεσθε,
2873 4097 2968 4151 καὶ
2996 4095 3327 4166 πληρώσατε
3361 4093 3459 4162 τὴν
3492 4091 3651 4160 γῆνοι

2069 4193 2144 4257 ὡς
2179 4193 2235 4248 δὲ
2267 4193 2570 4248 ἀντίκειται
2599 4192 2798 4263 χηρεία
2830 4190 2925 4244 καὶ
2964 4188 3229 4244 ἀπαιδεία
3278 4187 3370 4240 καὶ
3404 4184 3538 4256 πρὸς
3563 4182 3659 4237 τὸν

2070 4285 2239 4354 ἄνδρα
2293 4284 2615 4352 ἀποστροφὴ
2679 4281 2819 4352 μετὰ
2863 4279 2966 4349 τῆς
2997 4279 3329 4332 ἀνυποίστου
3389 4273 3656 4340 δουλείας,

2069 4381 2246 4450 γάμον
2276 4378 2538 4450 μυστικὸν
2569 4378 2665 4431 καὶ
2688 4375 2993 4446 παράδοξον
3015 4375 3110 4428 καὶ
3140 4375 3446 4444 ἀχήρευτον
3468 4369 3657 4423 ἐπιλε-

2068 4471 2280 4541 γόμεθα
2311 4471 2532 4541 νυμφίῳ
2572 4469 2832 4538 ἀθανάτῳ
2863 4468 3167 4537 ἐνούμενοι,
3217 4464 3406 4534 ὡραίῳ
3467 4459 3659 4513 κάλλει

2074 4565 2223 4635 παρᾶ
2254 4565 2377 4627 τοῦς
2401 4563 2551 4624 υἱοὺς
2576 4562 2685 4615 τῶν
2717 4560 3048 4632 ἀνθρώπων.
3078 4559 3170 4612 Διὸ
3207 4559 3266 4612 οὐ
3305 4557 3412 4626 χρὴ
3447 4553 3658 4624 ἀφορᾷν

2069 4657 2208 4726 πρὸς
2239 4654 2397 4709 ἄλλον
2447 4655 2552 4708 τῶν
2603 4655 2696 4708 ἐπὶ
2749 4654 2854 4723 γῆς
2898 4653 3141 4724 ὡραίων,
3197 4652 3272 4714 ὡς
3322 4647 3658 4718 ὡραιότητος

2069 4747 2405 4818 ὡραιοτέρας
2437 4749 2530 4801 τοῦ
2561 4748 2692 4801 Υἰοῧ
2722 4746 2815 4800 τοῦ
2838 4746 2974 4800 Θεοῦ
3020 4746 3096 4816 μὴ
3119 4743 3311 4814 οὔσης.
3352 4741 3415 4794 Ἦ
3453 4740 3511 4794 δὲ
3561 4738 3660 4791 καὶ

383 4825 582 4879 intueri
638 4827 703 4880 ad
761 4828 947 4894 alium,
997 4831 1087 4899 qui
1124 4830 1197 4886 sit
1229 4833 1278 4886 in
1337 4842 1480 4886 terra
1506 4838 1802 4906 speciosus,
1836 4855 1955 4895 cum

2071 4843 2302 4906 πλοῦτος
2333 4842 2428 4895 καὶ
2453 4842 2580 4907 δόξα
2606 4841 2664 4908 ἐξ
2683 4840 2878 4911 ἀνδρὸς
2909 4841 3198 4910 γενήσεται
3236 4834 3565 4904 περιφανής.
3589 4833 3658 4886 Τί

383 4914 505 4969 ΡιΙῐί
550 4917 642 4972 Dei
671 4921 851 4988 specie
881 4936 990 4975 non
1025 4923 1097 4976 sit
1127 4923 1233 4978 alia
1261 4926 1576 4994 speciosior.
1610 4931 1665 4985 Si
1695 4941 1873 4986 autem
1908 4941 1964 4987 et

383 5010 584 5064 divitiae
623 5019 678 5064 et
716 5012 928 5081 insigne
980 5027 1362 5072 ornamentum
1397 5036 1424 5072 a
1467 5021 1661 5076 marito
1695 5025 1959 5092 procedit,

380 5104 508 5171 quid
543 5117 611 5157 eo
642 5105 828 5170 ditius,
883 5106 974 5176 qui
1009 5115 1092 5161 est
1146 5109 1267 5163 coeli
1303 5119 1358 5164 et
1393 5121 1548 5166 terra:
1591 5111 1872 5178 Dominus,
1909 5127 1964 5170 et

381 5198 586 5258 prrchet
617 5194 866 5263 spiritum
895 5206 948 5250 et
978 5197 1186 5251 vitam?
1216 5197 1272 5252 Si
1299 5213 1426 5254 vero
1453 5215 1686 5271 sponsus
1706 5213 1790 5255 est
1811 5203 1961 5258 claro

381 5299 578 5352 genere
613 5297 790 5352 natus,
823 5287 951 5356 quid
1002 5300 1086 5346 est
1126 5289 1272 5360 Rege
1307 5292 1620 5359 angelorum
1654 5294 1854 5351 clarius
1904 5310 1959 5353 et

379 5375 708 5443 gloriosius?
753 5380 810 5434 Si
844 5389 1022 5435 autem
1065 5390 1148 5436 est
1179 5383 1398 5452 sapiens
1444 5394 1499 5438 et
1535 5386 1960 5458 circumspectus

379 5467 594 5538 conjux,
643 5471 772 5541 quid
834 5483 914 5527 est
981 5475 1278 5542 sapientius
1314 5475 1520 5544 Opifice
1555 5479 1816 5547 omnium,
1850 5491 1959 5537 tam

457 5608 502 5640 “
527 5607 666 5664 Gen.
702 5627 737 5669 ι,
782 5610 866 5665 18.

2066 4934 2475 5004 πλουσιώτερον
2512 4934 2606 4986 τοῦ
2638 4933 2998 4996 δεσπόζοντος
3025 4928 3258 5000 ούρανοῦ
3297 4929 3393 4982 καὶ
3427 4929 3532 4995 γῆς
3561 4926 3659 4979 καὶ

2064 5029 2398 5101 παρέχοντος
2421 5029 2592 5098 πνοὴν
2616 5030 2706 5081 καὶ
2729 5026 2874 5098 ζωήν
2895 5044 2909 5094 ;
2938 5028 2999 5080 Εἰ
3022 5026 3078 5079 δὲ
3100 5027 3194 5080 καὶ
3218 5023 3410 5092 γένους
3441 5019 3657 5084 ἐνδόξου

2062 5125 2090 5177 6
2127 5123 2382 5192 νυμφίος,
2411 5121 2467 5175 τί
2509 5121 2778 5190 βασιλέως
2803 5120 3052 5189 ἀγγέλων
3083 5117 3465 5187 ὲνδοξότερονς
3507 5113 3569 5164 Εἰ
3598 5111 3659 5164 δὲ

2067 5217 2231 5284 σοφὸς
2255 5214 2346 5268 καὶ
2370 5231 2433 5267 πε
2447 5215 2733 5286 ρίὸλεπτος
2771 5217 2799 5268 ό
2824 5212 3095 5275 σύνοικος,
3132 5211 3184 5264 τί
3229 5208 3538 5278 σοφώτερον
3559 5202 3657 5258 τοῦ

2068 5309 2288 5364 πάντων
2324 5307 2539 5377 ὁρατῶν
2574 5310 2668 5362 καὶ
2723 5307 2972 5374 ἀοράτων
3021 5301 3387 5376 Δημιουργοῦ,
3442 5293 3504 5352 οὗ
3533 5312 3659 5349 συν·

2071 5403 2233 5470 ἀφεικ
2267 5404 2382 5466 ταῖς
2409 5401 2589 5454 αὐτῶν
2617 5399 3070 5473 μνηστευθείσαις
3094 5397 3240 5468 χαρὰ
3264 5391 3655 5458 ἀνεκλάλητος,

2071 5493 2562 5557 λειποτακτούσαις
2611 5495 2666 5546 δὲ
2729 5493 2952 5557 κόλασις
3005 5482 3656 5561 ἀπαραίτητοςςταύτης

448 5765 576 5850 (υἱ
619 5765 782 5850 Forte
843 5771 1214 5833 procuratoris
1281 5772 1567 5842 generalis,
1630 5773 1943 5842 ἐπίτροπος,

2061 5786 2330 5843 ocurator,
2395 5776 2848 5850 πεντεπίτροπος,
2913 5779 3152 5849 quinque
3238 5778 3372 5833 viris
3464 5790 3648 5833 rerum

376 5836 862 5899 procurandarum.
