  <div class='ocr_page' id='page_1' title='image "/cluster/home/n/w/nwhite01/storage/ocr_20150623/114:no.1/coo.31924054870187/725.png"; bbox 0 0 4160 6422; ppageno 0'>
   <div class='ocr_carea' id='block_1_1' title="bbox 620 403 758 469">
    <p class='ocr_par' dir='ltr' id='par_1_1' title="bbox 620 403 758 469">
     <span class='ocr_line' id='line_1_1' title="bbox 620 403 758 469; baseline 0.014 -2"><span class='ocrx_word' id='word_1_1' title='bbox 620 403 758 469; x_wconf 71' lang='lat'><strong>“35</strong></span> 
     </span>
    </p>
   </div>
   <div class='ocr_carea' id='block_1_2' title="bbox 1832 402 2670 470">
    <p class='ocr_par' dir='ltr' id='par_1_2' title="bbox 1832 402 2670 470">
     <span class='ocr_line' id='line_1_2' title="bbox 1832 402 2670 470; baseline -0.001 0"><span class='ocrx_word' id='word_1_2' title='bbox 1832 405 2121 470; x_wconf 79' lang='lat' dir='ltr'><strong>MBNSIS</strong></span> <span class='ocrx_word' id='word_1_3' title='bbox 2150 402 2670 469; x_wconf 80' lang='lat' dir='ltr'><strong>FEBRUARIUS.</strong></span> 
     </span>
    </p>
   </div>
   <div class='ocr_carea' id='block_1_3' title="bbox 3757 407 3898 476">
    <p class='ocr_par' dir='ltr' id='par_1_3' title="bbox 3757 407 3898 476">
     <span class='ocr_line' id='line_1_3' title="bbox 3757 407 3898 476; baseline 0.014 -3"><span class='ocrx_word' id='word_1_4' title='bbox 3757 407 3898 476; x_wconf 68' lang='lat'><strong>1436</strong></span> 
     </span>
    </p>
   </div>
   <div class='ocr_carea' id='block_1_4' title="bbox 610 516 2198 598">
    <p class='ocr_par' dir='ltr' id='par_1_4' title="bbox 610 523 2194 596">
     <span class='ocr_line' id='line_1_4' title="bbox 610 523 2194 596; baseline -0.003 -18"><span class='ocrx_word' id='word_1_5' title='bbox 610 535 738 578; x_wconf 83' lang='lat' dir='ltr'><strong>scut</strong></span> <span class='ocrx_word' id='word_1_6' title='bbox 763 523 1108 579; x_wconf 85' lang='lat' dir='ltr'><strong>necessaria?</strong></span> <span class='ocrx_word' id='word_1_7' title='bbox 1140 524 1426 582; x_wconf 84' lang='lat' dir='ltr'><strong>Undenam</strong></span> <span class='ocrx_word' id='word_1_8' title='bbox 1489 526 1886 596; x_wconf 82' lang='lat' dir='ltr'><strong>comparabunt</strong></span> <span class='ocrx_word' id='word_1_9' title='bbox 1913 539 2033 594; x_wconf 73' lang='lat' dir='ltr'><strong>quae</strong></span> <span class='ocrx_word' id='word_1_10' title='bbox 2069 536 2194 590; x_wconf 89' lang='lat' dir='ltr'><strong>per-</strong></span> 
     </span>
    </p>
   </div>
   <div class='ocr_carea' id='block_1_5' title="bbox 2303 516 3898 598">
    <p class='ocr_par' dir='ltr' id='par_1_5' title="bbox 2303 521 3898 598">
     <span class='ocr_line' id='line_1_5' title="bbox 2303 521 3898 598; baseline 0.005 -25"><span class='ocrx_word' id='word_1_11' title='bbox 2303 537 2466 588; x_wconf 87' lang='grc' dir='ltr'>σωσι;</span> <span class='ocrx_word' id='word_1_12' title='bbox 2524 522 2690 576; x_wconf 86' lang='grc' dir='ltr'>πόθεν</span> <span class='ocrx_word' id='word_1_13' title='bbox 2748 521 2816 577; x_wconf 74' lang='grc' dir='ltr'>τὰ</span> <span class='ocrx_word' id='word_1_14' title='bbox 2846 523 2984 592; x_wconf 76' lang='grc' dir='ltr'>πρὸς</span> <span class='ocrx_word' id='word_1_15' title='bbox 3018 523 3196 594; x_wconf 88' lang='grc' dir='ltr'>γάμον</span> <span class='ocrx_word' id='word_1_16' title='bbox 3253 523 3682 593; x_wconf 62' lang='grc' dir='ltr'><strong>συναλλάγματα</strong></span> <span class='ocrx_word' id='word_1_17' title='bbox 3727 529 3898 598; x_wconf 81' lang='grc' dir='ltr'>πορί-</span> 
     </span>
    </p>
   </div>
   <div class='ocr_carea' id='block_1_6' title="bbox 619 617 2196 674">
    <p class='ocr_par' dir='ltr' id='par_1_6' title="bbox 619 617 2196 674">
     <span class='ocr_line' id='line_1_6' title="bbox 619 617 2196 674; baseline 0.002 -5"><span class='ocrx_word' id='word_1_18' title='bbox 619 619 796 672; x_wconf 90' lang='lat' dir='ltr'><strong>tinent</strong></span> <span class='ocrx_word' id='word_1_19' title='bbox 851 617 918 672; x_wconf 89' lang='lat' dir='ltr'><strong>ad</strong></span> <span class='ocrx_word' id='word_1_20' title='bbox 951 619 1390 673; x_wconf 85' lang='lat' dir='ltr'><strong>contrahendum</strong></span> <span class='ocrx_word' id='word_1_21' title='bbox 1427 619 1879 674; x_wconf 86' lang='lat' dir='ltr'><strong>matrimonium?</strong></span> <span class='ocrx_word' id='word_1_22' title='bbox 1914 619 2196 674; x_wconf 89' lang='lat' dir='ltr'><strong>Undenam</strong></span> 
     </span>
    </p>
   </div>
   <div class='ocr_carea' id='block_1_7' title="bbox 613 706 2198 778">
    <p class='ocr_par' dir='ltr' id='par_1_7' title="bbox 613 706 2198 778">
     <span class='ocr_line' id='line_1_7' title="bbox 613 706 2198 778; baseline 0.001 -18"><span class='ocrx_word' id='word_1_23' title='bbox 613 706 1037 776; x_wconf 85' lang='lat' dir='ltr'><strong>suppeditabunt</strong></span> <span class='ocrx_word' id='word_1_24' title='bbox 1068 722 1186 776; x_wconf 64' lang='lat' dir='ltr'><strong>quae.</strong></span> <span class='ocrx_word' id='word_1_25' title='bbox 1239 707 1446 764; x_wconf 81' lang='lat' dir='ltr'><strong>faciunt</strong></span> <span class='ocrx_word' id='word_1_26' title='bbox 1496 712 1560 764; x_wconf 87' lang='lat' dir='ltr'><strong>ad</strong></span> <span class='ocrx_word' id='word_1_27' title='bbox 1593 710 1713 778; x_wconf 79' lang='lat' dir='ltr'><strong>ejus</strong></span> <span class='ocrx_word' id='word_1_28' title='bbox 1744 710 1911 766; x_wconf 85' lang='lat' dir='ltr'><strong>decus</strong></span> <span class='ocrx_word' id='word_1_29' title='bbox 1949 720 2004 765; x_wconf 90' lang='lat' dir='ltr'><strong>et</strong></span> <span class='ocrx_word' id='word_1_30' title='bbox 2036 725 2198 764; x_wconf 88' lang='lat' dir='ltr'><strong>orna-</strong></span> 
     </span>
    </p>
   </div>
   <div class='ocr_carea' id='block_1_8' title="bbox 615 796 2200 857">
    <p class='ocr_par' dir='ltr' id='par_1_8' title="bbox 615 796 2200 857">
     <span class='ocr_line' id='line_1_8' title="bbox 615 796 2200 857; baseline 0.003 -7"><span class='ocrx_word' id='word_1_31' title='bbox 615 806 858 851; x_wconf 90' lang='lat' dir='ltr'><strong>mentum</strong></span> <span class='ocrx_word' id='word_1_32' title='bbox 881 798 904 851; x_wconf 78' lang='lat' dir='ltr'><em>‘I</em></span> <span class='ocrx_word' id='word_1_33' title='bbox 927 796 1210 854; x_wconf 88' lang='lat' dir='ltr'><strong>Undenam</strong></span> <span class='ocrx_word' id='word_1_34' title='bbox 1245 799 1351 856; x_wconf 86' lang='lat' dir='ltr'><strong>alet</strong></span> <span class='ocrx_word' id='word_1_35' title='bbox 1374 801 1695 856; x_wconf 80' lang='lat' dir='ltr'><strong>ministros?</strong></span> <span class='ocrx_word' id='word_1_36' title='bbox 1727 801 1925 857; x_wconf 87' lang='lat' dir='ltr'><strong>Eadem</strong></span> <span class='ocrx_word' id='word_1_37' title='bbox 1955 804 2092 857; x_wconf 89' lang='lat' dir='ltr'><strong>ratio</strong></span> <span class='ocrx_word' id='word_1_38' title='bbox 2117 811 2200 856; x_wconf 91' lang='lat' dir='ltr'><strong>est</strong></span> 
     </span>
    </p>
   </div>
   <div class='ocr_carea' id='block_1_9' title="bbox 615 886 2196 958">
    <p class='ocr_par' dir='ltr' id='par_1_9' title="bbox 615 886 2196 958">
     <span class='ocr_line' id='line_1_9' title="bbox 615 886 2196 958; baseline 0.001 -19"><span class='ocrx_word' id='word_1_39' title='bbox 615 886 967 954; x_wconf 81' lang='lat' dir='ltr'><strong>reliquarum,</strong></span> <span class='ocrx_word' id='word_1_40' title='bbox 992 904 1113 958; x_wconf 72' lang='lat' dir='ltr'><strong>qua:</strong></span> <span class='ocrx_word' id='word_1_41' title='bbox 1171 889 1276 944; x_wconf 86' lang='lat' dir='ltr'><strong>huc</strong></span> <span class='ocrx_word' id='word_1_42' title='bbox 1315 898 1371 944; x_wconf 87' lang='lat' dir='ltr'><strong>et</strong></span> <span class='ocrx_word' id='word_1_43' title='bbox 1420 890 1547 944; x_wconf 94' lang='lat' dir='ltr'><strong>illuc</strong></span> <span class='ocrx_word' id='word_1_44' title='bbox 1581 889 1911 954; x_wconf 84' lang='lat' dir='ltr'><strong>distrahunt,</strong></span> <span class='ocrx_word' id='word_1_45' title='bbox 1940 904 2196 944; x_wconf 88' lang='lat' dir='ltr'><strong>curarum</strong></span> 
     </span>
    </p>
   </div>
   <div class='ocr_carea' id='block_1_10' title="bbox 614 977 2198 1051">
    <p class='ocr_par' dir='ltr' id='par_1_10' title="bbox 614 977 2198 1051">
     <span class='ocr_line' id='line_1_10' title="bbox 614 977 2198 1051; baseline 0.001 -20"><span class='ocrx_word' id='word_1_46' title='bbox 614 987 666 1031; x_wconf 88' lang='lat' dir='ltr'><strong>et</strong></span> <span class='ocrx_word' id='word_1_47' title='bbox 686 977 1110 1033; x_wconf 77' lang='lat' dir='ltr'><strong>sollicitudinum</strong></span> <span class='ocrx_word' id='word_1_48' title='bbox 1135 997 1150 1033; x_wconf 92' lang='lat'><strong>:</strong></span> <span class='ocrx_word' id='word_1_49' title='bbox 1184 995 1253 1035; x_wconf 88' lang='lat' dir='ltr'><strong>ne</strong></span> <span class='ocrx_word' id='word_1_50' title='bbox 1279 981 1451 1037; x_wconf 80' lang='lat' dir='ltr'><strong>(licam</strong></span> <span class='ocrx_word' id='word_1_51' title='bbox 1473 981 1688 1036; x_wconf 88' lang='lat' dir='ltr'><strong>dolores</strong></span> <span class='ocrx_word' id='word_1_52' title='bbox 1706 992 1894 1051; x_wconf 81' lang='lat' dir='ltr'><strong>partus</strong></span> <span class='ocrx_word' id='word_1_53' title='bbox 1917 990 1971 1036; x_wconf 89' lang='lat' dir='ltr'><strong>et</strong></span> <span class='ocrx_word' id='word_1_54' title='bbox 1990 991 2198 1034; x_wconf 77' lang='lat' dir='ltr'><strong>natura:</strong></span> 
     </span>
    </p>
   </div>
   <div class='ocr_carea' id='block_1_11' title="bbox 615 1070 2196 1140">
    <p class='ocr_par' dir='ltr' id='par_1_11' title="bbox 615 1070 2196 1140">
     <span class='ocr_line' id='line_1_11' title="bbox 615 1070 2196 1140; baseline 0.002 -17"><span class='ocrx_word' id='word_1_55' title='bbox 615 1070 989 1127; x_wconf 89' lang='lat' dir='ltr'><strong>necessitates.</strong></span> <span class='ocrx_word' id='word_1_56' title='bbox 1020 1072 1252 1136; x_wconf 82' lang='lat' dir='ltr'><strong>Revera,</strong></span> <span class='ocrx_word' id='word_1_57' title='bbox 1287 1082 1345 1126; x_wconf 91' lang='lat' dir='ltr'><strong>ut</strong></span> <span class='ocrx_word' id='word_1_58' title='bbox 1388 1073 1518 1127; x_wconf 92' lang='lat' dir='ltr'><strong>dicit</strong></span> <span class='ocrx_word' id='word_1_59' title='bbox 1565 1073 1780 1126; x_wconf 88' lang='lat' dir='ltr'><strong>divinus</strong></span> <span class='ocrx_word' id='word_1_60' title='bbox 1807 1072 2100 1140; x_wconf 77' lang='lat' dir='ltr'><strong>Apostolus</strong></span> <span class='ocrx_word' id='word_1_61' title='bbox 2128 1072 2196 1136; x_wconf 84' lang='grc'><strong>⁸⁵,</strong></span> 
     </span>
    </p>
   </div>
   <div class='ocr_carea' id='block_1_12' title="bbox 618 1161 2199 1231">
    <p class='ocr_par' dir='ltr' id='par_1_12' title="bbox 618 1161 2199 1231">
     <span class='ocr_line' id='line_1_12' title="bbox 618 1161 2199 1231; baseline 0.003 -19"><span class='ocrx_word' id='word_1_62' title='bbox 618 1161 843 1230; x_wconf 87' lang='lat' dir='ltr'><strong>innupta</strong></span> <span class='ocrx_word' id='word_1_63' title='bbox 887 1173 1044 1217; x_wconf 90' lang='lat' dir='ltr'><strong>curat</strong></span> <span class='ocrx_word' id='word_1_64' title='bbox 1100 1178 1218 1231; x_wconf 75' lang='lat' dir='ltr'><strong>qua:</strong></span> <span class='ocrx_word' id='word_1_65' title='bbox 1267 1173 1395 1218; x_wconf 88' lang='lat' dir='ltr'><strong>sunt</strong></span> <span class='ocrx_word' id='word_1_66' title='bbox 1443 1165 1675 1229; x_wconf 85' lang='lat' dir='ltr'><strong>Domini,</strong></span> <span class='ocrx_word' id='word_1_67' title='bbox 1715 1164 1900 1219; x_wconf 87' lang='lat' dir='ltr'><strong>abhis</strong></span> <span class='ocrx_word' id='word_1_68' title='bbox 1940 1165 2199 1220; x_wconf 88' lang='lat' dir='ltr'><strong>omnibus</strong></span> 
     </span>
    </p>
   </div>
   <div class='ocr_carea' id='block_1_13' title="bbox 614 1253 2197 1328">
    <p class='ocr_par' dir='ltr' id='par_1_13' title="bbox 614 1253 2197 1328">
     <span class='ocr_line' id='line_1_13' title="bbox 614 1253 2197 1328; baseline 0.004 -23"><span class='ocrx_word' id='word_1_69' title='bbox 614 1253 866 1317; x_wconf 81' lang='lat' dir='ltr'><strong>liberata,</strong></span> <span class='ocrx_word' id='word_1_70' title='bbox 907 1255 1020 1309; x_wconf 84' lang='lat' dir='ltr'><strong>sola</strong></span> <span class='ocrx_word' id='word_1_71' title='bbox 1072 1265 1251 1310; x_wconf 89' lang='lat' dir='ltr'><strong>autem</strong></span> <span class='ocrx_word' id='word_1_72' title='bbox 1305 1269 1498 1310; x_wconf 86' lang='lat' dir='ltr'><strong>ornata</strong></span> <span class='ocrx_word' id='word_1_73' title='bbox 1567 1257 2004 1328; x_wconf 90' lang='lat' dir='ltr'><strong>incorruptione,</strong></span> <span class='ocrx_word' id='word_1_74' title='bbox 2040 1256 2197 1324; x_wconf 87' lang='lat' dir='ltr'><strong>cujus</strong></span> 
     </span>
    </p>
   </div>
   <div class='ocr_carea' id='block_1_14' title="bbox 613 1348 2198 1421">
    <p class='ocr_par' dir='ltr' id='par_1_14' title="bbox 613 1348 2198 1421">
     <span class='ocr_line' id='line_1_14' title="bbox 613 1348 2198 1421; baseline 0.004 -23"><span class='ocrx_word' id='word_1_75' title='bbox 613 1349 986 1415; x_wconf 78' lang='lat' dir='ltr'><strong>suppetlitator</strong></span> <span class='ocrx_word' id='word_1_76' title='bbox 1017 1357 1103 1402; x_wconf 90' lang='lat' dir='ltr'><strong>est</strong></span> <span class='ocrx_word' id='word_1_77' title='bbox 1129 1357 1185 1402; x_wconf 89' lang='lat' dir='ltr'><strong>ct</strong></span> <span class='ocrx_word' id='word_1_78' title='bbox 1247 1348 1520 1418; x_wconf 80' lang='lat' dir='ltr'><strong>perfector</strong></span> <span class='ocrx_word' id='word_1_79' title='bbox 1543 1349 1726 1416; x_wconf 85' lang='lat' dir='ltr'><strong>Jesus,</strong></span> <span class='ocrx_word' id='word_1_80' title='bbox 1759 1361 1810 1405; x_wconf 89' lang='lat' dir='ltr'><strong>et</strong></span> <span class='ocrx_word' id='word_1_81' title='bbox 1842 1354 1933 1419; x_wconf 89' lang='lat' dir='ltr'><strong>qui</strong></span> <span class='ocrx_word' id='word_1_82' title='bbox 1971 1365 2064 1404; x_wconf 85' lang='lat' dir='ltr'><strong>vos</strong></span> <span class='ocrx_word' id='word_1_83' title='bbox 2100 1366 2198 1421; x_wconf 91' lang='lat' dir='ltr'><strong>po-</strong></span> 
     </span>
    </p>
   </div>
   <div class='ocr_carea' id='block_1_15' title="bbox 616 1439 2193 1512">
    <p class='ocr_par' dir='ltr' id='par_1_15' title="bbox 616 1439 2193 1512">
     <span class='ocr_line' id='line_1_15' title="bbox 616 1439 2193 1512; baseline 0.003 -20"><span class='ocrx_word' id='word_1_84' title='bbox 616 1449 724 1494; x_wconf 84' lang='lat' dir='ltr'><strong>test</strong></span> <span class='ocrx_word' id='word_1_85' title='bbox 774 1439 1050 1495; x_wconf 85' lang='lat' dir='ltr'><strong>custodire</strong></span> <span class='ocrx_word' id='word_1_86' title='bbox 1088 1441 1140 1494; x_wconf 91' lang='lat' dir='ltr'><strong>iu</strong></span> <span class='ocrx_word' id='word_1_87' title='bbox 1185 1443 1470 1496; x_wconf 89' lang='lat' dir='ltr'><strong>tolerantia</strong></span> <span class='ocrx_word' id='word_1_88' title='bbox 1507 1453 1562 1496; x_wconf 90' lang='lat' dir='ltr'><strong>et</strong></span> <span class='ocrx_word' id='word_1_89' title='bbox 1602 1459 1801 1511; x_wconf 81' lang='lat' dir='ltr'><strong>augere</strong></span> <span class='ocrx_word' id='word_1_90' title='bbox 1831 1443 1881 1496; x_wconf 91' lang='lat' dir='ltr'><strong>iu</strong></span> <span class='ocrx_word' id='word_1_91' title='bbox 1915 1458 2010 1512; x_wconf 86' lang='lat' dir='ltr'><strong>spe</strong></span> <span class='ocrx_word' id='word_1_92' title='bbox 2036 1445 2193 1496; x_wconf 82' lang='lat' dir='ltr'><strong>bona.</strong></span> 
     </span>
    </p>
   </div>
   <div class='ocr_carea' id='block_1_16' title="bbox 613 1533 2196 1606">
    <p class='ocr_par' dir='ltr' id='par_1_16' title="bbox 613 1533 2196 1606">
     <span class='ocr_line' id='line_1_16' title="bbox 613 1533 2196 1606; baseline 0.003 -21"><span class='ocrx_word' id='word_1_93' title='bbox 613 1533 895 1586; x_wconf 80' lang='lat' dir='ltr'><strong>Custodite</strong></span> <span class='ocrx_word' id='word_1_94' title='bbox 929 1546 1062 1602; x_wconf 79' lang='lat' dir='ltr'><strong>ergo</strong></span> <span class='ocrx_word' id='word_1_95' title='bbox 1089 1550 1186 1588; x_wconf 89' lang='lat' dir='ltr'><strong>vos</strong></span> <span class='ocrx_word' id='word_1_96' title='bbox 1211 1537 1356 1603; x_wconf 77' lang='lat' dir='ltr'><strong>ipsas</strong></span> <span class='ocrx_word' id='word_1_97' title='bbox 1391 1536 1442 1589; x_wconf 90' lang='lat' dir='ltr'><strong>iu</strong></span> <span class='ocrx_word' id='word_1_98' title='bbox 1471 1552 1555 1600; x_wconf 90' lang='lat' dir='ltr'><strong>ea,</strong></span> <span class='ocrx_word' id='word_1_99' title='bbox 1596 1537 1646 1590; x_wconf 91' lang='lat' dir='ltr'><strong>in</strong></span> <span class='ocrx_word' id='word_1_100' title='bbox 1679 1553 1786 1606; x_wconf 89' lang='lat' dir='ltr'><strong>qua</strong></span> <span class='ocrx_word' id='word_1_101' title='bbox 1810 1547 2016 1591; x_wconf 65' lang='lat' dir='ltr'><strong>vocata:</strong></span> <span class='ocrx_word' id='word_1_102' title='bbox 2043 1537 2196 1605; x_wconf 88' lang='lat' dir='ltr'><strong>estis,</strong></span> 
     </span>
    </p>
   </div>
   <div class='ocr_carea' id='block_1_17' title="bbox 615 1626 2199 1696">
    <p class='ocr_par' dir='ltr' id='par_1_17' title="bbox 615 1626 2199 1696">
     <span class='ocr_line' id='line_1_17' title="bbox 615 1626 2199 1696; baseline 0.007 -24"><span class='ocrx_word' id='word_1_103' title='bbox 615 1626 921 1691; x_wconf 84' lang='lat' dir='ltr'><strong>vocatione,</strong></span> <span class='ocrx_word' id='word_1_104' title='bbox 960 1635 1020 1680; x_wconf 91' lang='lat' dir='ltr'><strong>ttt</strong></span> <span class='ocrx_word' id='word_1_105' title='bbox 1079 1628 1317 1696; x_wconf 77' lang='lat' dir='ltr'><strong>virgines</strong></span> <span class='ocrx_word' id='word_1_106' title='bbox 1376 1628 1594 1684; x_wconf 85' lang='lat' dir='ltr'><strong>Chrile</strong></span> <span class='ocrx_word' id='word_1_107' title='bbox 1628 1647 1723 1685; x_wconf 87' lang='lat' dir='ltr'><strong>vos</strong></span> <span class='ocrx_word' id='word_1_108' title='bbox 1774 1631 2103 1696; x_wconf 75' lang='lat' dir='ltr'><strong>exhibeatis,</strong></span> <span class='ocrx_word' id='word_1_109' title='bbox 2140 1640 2199 1683; x_wconf 93' lang='lat' dir='ltr'><strong>ut</strong></span> 
     </span>
    </p>
   </div>
   <div class='ocr_carea' id='block_1_18' title="bbox 612 1717 2195 1793">
    <p class='ocr_par' dir='ltr' id='par_1_18' title="bbox 612 1717 2195 1793">
     <span class='ocr_line' id='line_1_18' title="bbox 612 1717 2195 1793; baseline 0.004 -23"><span class='ocrx_word' id='word_1_110' title='bbox 612 1717 777 1770; x_wconf 88' lang='lat' dir='ltr'><strong>etiant</strong></span> <span class='ocrx_word' id='word_1_111' title='bbox 842 1718 982 1772; x_wconf 85' lang='lat' dir='ltr'><strong>bona</strong></span> <span class='ocrx_word' id='word_1_112' title='bbox 1025 1728 1226 1773; x_wconf 66' lang='lat' dir='ltr'><strong>aatcrna</strong></span> <span class='ocrx_word' id='word_1_113' title='bbox 1279 1724 1683 1790; x_wconf 84' lang='lat' dir='ltr'><strong>consequamiui</strong></span> <span class='ocrx_word' id='word_1_114' title='bbox 1731 1723 1904 1793; x_wconf 78' lang='lat' dir='ltr'><strong>gratia</strong></span> <span class='ocrx_word' id='word_1_115' title='bbox 1946 1723 2064 1790; x_wconf 89' lang='lat' dir='ltr'><strong>Dei,</strong></span> <span class='ocrx_word' id='word_1_116' title='bbox 2107 1726 2195 1793; x_wconf 90' lang='lat' dir='ltr'><strong>qui</strong></span> 
     </span>
    </p>
   </div>
   <div class='ocr_carea' id='block_1_19' title="bbox 617 1809 1844 1885">
    <p class='ocr_par' dir='ltr' id='par_1_19' title="bbox 617 1809 1844 1885">
     <span class='ocr_line' id='line_1_19' title="bbox 617 1809 1844 1885; baseline 0.007 -25"><span class='ocrx_word' id='word_1_117' title='bbox 617 1823 710 1862; x_wconf 83' lang='lat' dir='ltr'><strong>vos</strong></span> <span class='ocrx_word' id='word_1_118' title='bbox 742 1809 956 1864; x_wconf 89' lang='lat' dir='ltr'><strong>vocavit</strong></span> <span class='ocrx_word' id='word_1_119' title='bbox 986 1811 1040 1864; x_wconf 91' lang='lat' dir='ltr'><strong>in</strong></span> <span class='ocrx_word' id='word_1_120' title='bbox 1073 1827 1228 1866; x_wconf 91' lang='lat' dir='ltr'><strong>suum</strong></span> <span class='ocrx_word' id='word_1_121' title='bbox 1259 1828 1482 1882; x_wconf 79' lang='lat' dir='ltr'><strong>regnum</strong></span> <span class='ocrx_word' id='word_1_122' title='bbox 1515 1826 1567 1869; x_wconf 90' lang='lat' dir='ltr'><strong>et</strong></span> <span class='ocrx_word' id='word_1_123' title='bbox 1598 1815 1844 1885; x_wconf 75' lang='lat' dir='ltr'><strong>gloriam.</strong></span> 
     </span>
    </p>
   </div>
   <div class='ocr_carea' id='block_1_20' title="bbox 686 1899 2191 1975">
    <p class='ocr_par' dir='ltr' id='par_1_20' title="bbox 686 1899 2191 1975">
     <span class='ocr_line' id='line_1_20' title="bbox 686 1899 2191 1975; baseline 0.007 -21"><span class='ocrx_word' id='word_1_124' title='bbox 686 1899 850 1954; x_wconf 80' lang='lat' dir='ltr'><strong>LXV.</strong></span> <span class='ocrx_word' id='word_1_125' title='bbox 883 1901 1178 1972; x_wconf 83' lang='lat' dir='ltr'><strong>Postquam</strong></span> <span class='ocrx_word' id='word_1_126' title='bbox 1207 1916 1385 1959; x_wconf 88' lang='lat' dir='ltr'><strong>autem</strong></span> <span class='ocrx_word' id='word_1_127' title='bbox 1410 1910 1644 1962; x_wconf 84' lang='lat' dir='ltr'><strong>cessavit</strong></span> <span class='ocrx_word' id='word_1_128' title='bbox 1681 1909 1750 1962; x_wconf 88' lang='lat' dir='ltr'><strong>ah</strong></span> <span class='ocrx_word' id='word_1_129' title='bbox 1783 1910 2191 1975; x_wconf 86' lang='lat' dir='ltr'><strong>adhortatione,</strong></span> 
     </span>
    </p>
   </div>
   <div class='ocr_carea' id='block_1_21' title="bbox 617 1995 2200 2072">
    <p class='ocr_par' dir='ltr' id='par_1_21' title="bbox 617 1995 2200 2072">
     <span class='ocr_line' id='line_1_21' title="bbox 617 1995 2200 2072; baseline 0.005 -24"><span class='ocrx_word' id='word_1_130' title='bbox 617 1995 756 2049; x_wconf 83' lang='lat' dir='ltr'><strong>bene</strong></span> <span class='ocrx_word' id='word_1_131' title='bbox 816 2005 1096 2065; x_wconf 86' lang='lat' dir='ltr'><strong>precatus,</strong></span> <span class='ocrx_word' id='word_1_132' title='bbox 1143 2011 1236 2052; x_wconf 88' lang='lat' dir='ltr'><strong>eas</strong></span> <span class='ocrx_word' id='word_1_133' title='bbox 1275 1999 1494 2055; x_wconf 84' lang='lat' dir='ltr'><strong>Christo</strong></span> <span class='ocrx_word' id='word_1_134' title='bbox 1547 2002 1970 2067; x_wconf 80' lang='lat' dir='ltr'><strong>commendavit,</strong></span> <span class='ocrx_word' id='word_1_135' title='bbox 2002 2002 2200 2072; x_wconf 85' lang='lat' dir='ltr'><strong>juheus</strong></span> 
     </span>
    </p>
   </div>
   <div class='ocr_carea' id='block_1_22' title="bbox 615 2087 2200 2164">
    <p class='ocr_par' dir='ltr' id='par_1_22' title="bbox 615 2087 2200 2164">
     <span class='ocr_line' id='line_1_22' title="bbox 615 2087 2200 2164; baseline 0.004 -22"><span class='ocrx_word' id='word_1_136' title='bbox 615 2087 868 2143; x_wconf 87' lang='lat' dir='ltr'><strong>omnibus</strong></span> <span class='ocrx_word' id='word_1_137' title='bbox 899 2098 957 2143; x_wconf 93' lang='lat' dir='ltr'><strong>ut</strong></span> <span class='ocrx_word' id='word_1_138' title='bbox 986 2090 1074 2144; x_wconf 89' lang='lat' dir='ltr'><strong>die</strong></span> <span class='ocrx_word' id='word_1_139' title='bbox 1102 2092 1355 2160; x_wconf 82' lang='lat' dir='ltr'><strong>sequenti</strong></span> <span class='ocrx_word' id='word_1_140' title='bbox 1393 2093 1632 2146; x_wconf 79' lang='lat' dir='ltr'><strong>venirent</strong></span> <span class='ocrx_word' id='word_1_141' title='bbox 1677 2094 1742 2146; x_wconf 81' lang='lat' dir='ltr'><strong>ad</strong></span> <span class='ocrx_word' id='word_1_142' title='bbox 1777 2096 2048 2164; x_wconf 83' lang='lat' dir='ltr'><strong>synaxim,</strong></span> <span class='ocrx_word' id='word_1_143' title='bbox 2082 2111 2200 2162; x_wconf 78' lang='lat' dir='ltr'><strong>qua:</strong></span> 
     </span>
    </p>
   </div>
   <div class='ocr_carea' id='block_1_23' title="bbox 619 2179 2197 2253">
    <p class='ocr_par' dir='ltr' id='par_1_23' title="bbox 619 2179 2197 2253">
     <span class='ocr_line' id='line_1_23' title="bbox 619 2179 2197 2253; baseline 0.003 -22"><span class='ocrx_word' id='word_1_144' title='bbox 619 2179 973 2234; x_wconf 85' lang='lat' dir='ltr'><strong>circumcirca</strong></span> <span class='ocrx_word' id='word_1_145' title='bbox 1023 2192 1202 2248; x_wconf 84' lang='lat' dir='ltr'><strong>erant,</strong></span> <span class='ocrx_word' id='word_1_146' title='bbox 1255 2183 1470 2253; x_wconf 83' lang='lat' dir='ltr'><strong>hymnis</strong></span> <span class='ocrx_word' id='word_1_147' title='bbox 1499 2185 1868 2238; x_wconf 85' lang='lat' dir='ltr'><strong>sanctiﬁcaus.</strong></span> <span class='ocrx_word' id='word_1_148' title='bbox 1906 2185 2197 2252; x_wconf 82' lang='lat' dir='ltr'><strong>Postquam</strong></span> 
     </span>
    </p>
   </div>
   <div class='ocr_carea' id='block_1_24' title="bbox 615 2273 2198 2344">
    <p class='ocr_par' dir='ltr' id='par_1_24' title="bbox 615 2273 2198 2344">
     <span class='ocr_line' id='line_1_24' title="bbox 615 2273 2198 2344; baseline 0.001 -20"><span class='ocrx_word' id='word_1_149' title='bbox 615 2286 745 2342; x_wconf 83' lang='lat' dir='ltr'><strong>ergo</strong></span> <span class='ocrx_word' id='word_1_150' title='bbox 802 2273 1040 2327; x_wconf 82' lang='lat' dir='ltr'><strong>venisset</strong></span> <span class='ocrx_word' id='word_1_151' title='bbox 1092 2275 1142 2326; x_wconf 92' lang='lat' dir='ltr'><strong>iu</strong></span> <span class='ocrx_word' id='word_1_152' title='bbox 1181 2277 1570 2330; x_wconf 86' lang='lat' dir='ltr'><strong>monasterium</strong></span> <span class='ocrx_word' id='word_1_153' title='bbox 1627 2278 1766 2344; x_wconf 87' lang='lat' dir='ltr'><strong>quod</strong></span> <span class='ocrx_word' id='word_1_154' title='bbox 1792 2277 2198 2339; x_wconf 71' lang='lat' dir='ltr'><strong>exstruehatur,</strong></span> 
     </span>
    </p>
   </div>
   <div class='ocr_carea' id='block_1_25' title="bbox 618 2363 2198 2436">
    <p class='ocr_par' dir='ltr' id='par_1_25' title="bbox 618 2363 2198 2436">
     <span class='ocr_line' id='line_1_25' title="bbox 618 2363 2198 2436; baseline 0.004 -20"><span class='ocrx_word' id='word_1_155' title='bbox 618 2363 848 2417; x_wconf 85' lang='lat' dir='ltr'><strong>iulensis</strong></span> <span class='ocrx_word' id='word_1_156' title='bbox 876 2363 1010 2419; x_wconf 79' lang='lat' dir='ltr'><strong>fusis</strong></span> <span class='ocrx_word' id='word_1_157' title='bbox 1044 2367 1319 2433; x_wconf 80' lang='lat' dir='ltr'><strong>precibus,</strong></span> <span class='ocrx_word' id='word_1_158' title='bbox 1351 2383 1475 2420; x_wconf 87' lang='lat' dir='ltr'><strong>cum</strong></span> <span class='ocrx_word' id='word_1_159' title='bbox 1504 2367 1855 2422; x_wconf 81' lang='lat' dir='ltr'><strong>multitudine</strong></span> <span class='ocrx_word' id='word_1_160' title='bbox 1900 2383 2020 2436; x_wconf 74' lang='lat' dir='ltr'><strong>qua:</strong></span> <span class='ocrx_word' id='word_1_161' title='bbox 2074 2384 2198 2423; x_wconf 91' lang='lat' dir='ltr'><strong>eum</strong></span> 
     </span>
    </p>
   </div>
   <div class='ocr_carea' id='block_1_26' title="bbox 621 2456 2200 2528">
    <p class='ocr_par' dir='ltr' id='par_1_26' title="bbox 621 2456 2200 2528">
     <span class='ocr_line' id='line_1_26' title="bbox 621 2456 2200 2528; baseline 0.004 -20"><span class='ocrx_word' id='word_1_162' title='bbox 621 2456 971 2520; x_wconf 85' lang='lat' dir='ltr'><strong>sequebatur,</strong></span> <span class='ocrx_word' id='word_1_163' title='bbox 1023 2456 1270 2510; x_wconf 83' lang='lat' dir='ltr'><strong>ascendit</strong></span> <span class='ocrx_word' id='word_1_164' title='bbox 1333 2459 1385 2511; x_wconf 92' lang='lat' dir='ltr'><strong>in</strong></span> <span class='ocrx_word' id='word_1_165' title='bbox 1453 2470 1690 2512; x_wconf 91' lang='lat' dir='ltr'><strong>montem</strong></span> <span class='ocrx_word' id='word_1_166' title='bbox 1724 2477 1737 2513; x_wconf 91' lang='lat'>:</span> <span class='ocrx_word' id='word_1_167' title='bbox 1774 2461 1860 2512; x_wconf 90' lang='lat' dir='ltr'><strong>uhi</strong></span> <span class='ocrx_word' id='word_1_168' title='bbox 1923 2472 2044 2528; x_wconf 87' lang='lat' dir='ltr'><strong>post</strong></span> <span class='ocrx_word' id='word_1_169' title='bbox 2093 2471 2200 2515; x_wconf 84' lang='lat' dir='ltr'><strong>tres</strong></span> 
     </span>
    </p>
   </div>
   <div class='ocr_carea' id='block_1_27' title="bbox 620 2544 2202 2617">
    <p class='ocr_par' dir='ltr' id='par_1_27' title="bbox 620 2544 2202 2617">
     <span class='ocr_line' id='line_1_27' title="bbox 620 2544 2202 2617; baseline 0.006 -20"><span class='ocrx_word' id='word_1_170' title='bbox 620 2544 838 2614; x_wconf 86' lang='lat' dir='ltr'><strong>quidem</strong></span> <span class='ocrx_word' id='word_1_171' title='bbox 887 2545 1005 2601; x_wconf 90' lang='lat' dir='ltr'><strong>dies</strong></span> <span class='ocrx_word' id='word_1_172' title='bbox 1069 2549 1370 2617; x_wconf 62' lang='lat' dir='ltr'><strong>a‘grotavit,</strong></span> <span class='ocrx_word' id='word_1_173' title='bbox 1426 2561 1544 2617; x_wconf 89' lang='lat' dir='ltr'><strong>post</strong></span> <span class='ocrx_word' id='word_1_174' title='bbox 1576 2552 1712 2605; x_wconf 86' lang='lat' dir='ltr'><strong>alios</strong></span> <span class='ocrx_word' id='word_1_175' title='bbox 1754 2567 1881 2606; x_wconf 90' lang='lat' dir='ltr'><strong>vero</strong></span> <span class='ocrx_word' id='word_1_176' title='bbox 1907 2553 2094 2607; x_wconf 85' lang='lat' dir='ltr'><strong>decem</strong></span> <span class='ocrx_word' id='word_1_177' title='bbox 2117 2561 2202 2606; x_wconf 87' lang='lat' dir='ltr'><strong>est</strong></span> 
     </span>
    </p>
   </div>
   <div class='ocr_carea' id='block_1_28' title="bbox 621 2648 890 2693">
    <p class='ocr_par' dir='ltr' id='par_1_28' title="bbox 621 2648 890 2693">
     <span class='ocr_line' id='line_1_28' title="bbox 621 2648 890 2693; baseline 0.019 -5"><span class='ocrx_word' id='word_1_178' title='bbox 621 2648 890 2693; x_wconf 75' lang='lat' dir='ltr'><strong>IlIOI&#39;lllllS.</strong></span> 
     </span>
    </p>
   </div>
   <div class='ocr_carea' id='block_1_29' title="bbox 697 2725 2200 2805">
    <p class='ocr_par' dir='ltr' id='par_1_29' title="bbox 697 2725 2200 2805">
     <span class='ocr_line' id='line_1_29' title="bbox 697 2725 2200 2805; baseline 0.007 -25"><span class='ocrx_word' id='word_1_179' title='bbox 697 2725 880 2781; x_wconf 79' lang='lat' dir='ltr'><strong>LXVI.</strong></span> <span class='ocrx_word' id='word_1_180' title='bbox 907 2728 1246 2798; x_wconf 77' lang='lat' dir='ltr'><strong>Congregata</strong></span> <span class='ocrx_word' id='word_1_181' title='bbox 1277 2748 1407 2804; x_wconf 78' lang='lat' dir='ltr'><strong>ergo</strong></span> <span class='ocrx_word' id='word_1_182' title='bbox 1466 2735 1765 2790; x_wconf 87' lang='lat' dir='ltr'><strong>multitudo</strong></span> <span class='ocrx_word' id='word_1_183' title='bbox 1811 2737 2023 2805; x_wconf 88' lang='lat' dir='ltr'><strong>piorum</strong></span> <span class='ocrx_word' id='word_1_184' title='bbox 2058 2737 2200 2792; x_wconf 78' lang='lat' dir='ltr'><strong>viro-</strong></span> 
     </span>
    </p>
   </div>
   <div class='ocr_carea' id='block_1_30' title="bbox 621 2818 2200 2892">
    <p class='ocr_par' dir='ltr' id='par_1_30' title="bbox 621 2818 2200 2892">
     <span class='ocr_line' id='line_1_30' title="bbox 621 2818 2200 2892; baseline 0.009 -25"><span class='ocrx_word' id='word_1_185' title='bbox 621 2832 737 2868; x_wconf 92' lang='lat' dir='ltr'><strong>rum</strong></span> <span class='ocrx_word' id='word_1_186' title='bbox 771 2833 836 2871; x_wconf 82' lang='lat' dir='ltr'><strong>ex</strong></span> <span class='ocrx_word' id='word_1_187' title='bbox 872 2818 1038 2884; x_wconf 83' lang='lat' dir='ltr'><strong>clero,</strong></span> <span class='ocrx_word' id='word_1_188' title='bbox 1063 2830 1120 2874; x_wconf 91' lang='lat' dir='ltr'><strong>et</strong></span> <span class='ocrx_word' id='word_1_189' title='bbox 1151 2822 1216 2876; x_wconf 89' lang='lat' dir='ltr'><strong>iis</strong></span> <span class='ocrx_word' id='word_1_190' title='bbox 1237 2839 1358 2892; x_wconf 78' lang='lat' dir='ltr'><strong>qua:</strong></span> <span class='ocrx_word' id='word_1_191' title='bbox 1402 2825 1756 2880; x_wconf 76' lang='lat' dir='ltr'><strong>circumcirca</strong></span> <span class='ocrx_word' id='word_1_192' title='bbox 1786 2838 1965 2892; x_wconf 81' lang='lat' dir='ltr'><strong>erant,</strong></span> <span class='ocrx_word' id='word_1_193' title='bbox 2019 2843 2200 2883; x_wconf 85' lang='lat' dir='ltr'><strong>mona-</strong></span> 
     </span>
    </p>
   </div>
   <div class='ocr_carea' id='block_1_31' title="bbox 618 2909 2202 2983">
    <p class='ocr_par' dir='ltr' id='par_1_31' title="bbox 618 2909 2202 2983">
     <span class='ocr_line' id='line_1_31' title="bbox 618 2909 2202 2983; baseline 0.007 -19"><span class='ocrx_word' id='word_1_194' title='bbox 618 2909 824 2973; x_wconf 82' lang='lat' dir='ltr'><strong>steriis,</strong></span> <span class='ocrx_word' id='word_1_195' title='bbox 853 2927 976 2965; x_wconf 88' lang='lat' dir='ltr'><strong>cum</strong></span> <span class='ocrx_word' id='word_1_196' title='bbox 1008 2913 1072 2967; x_wconf 91' lang='lat' dir='ltr'><strong>iis</strong></span> <span class='ocrx_word' id='word_1_197' title='bbox 1101 2913 1190 2983; x_wconf 86' lang='lat' dir='ltr'><strong>qui</strong></span> <span class='ocrx_word' id='word_1_198' title='bbox 1223 2925 1381 2969; x_wconf 87' lang='lat' dir='ltr'><strong>erant</strong></span> <span class='ocrx_word' id='word_1_199' title='bbox 1409 2928 1656 2971; x_wconf 86' lang='lat' dir='ltr'><strong>amantes</strong></span> <span class='ocrx_word' id='word_1_200' title='bbox 1687 2918 1926 2981; x_wconf 73' lang='lat' dir='ltr'><strong>virtutis,</strong></span> <span class='ocrx_word' id='word_1_201' title='bbox 1948 2935 2013 2975; x_wconf 79' lang='lat' dir='ltr'><strong>ex</strong></span> <span class='ocrx_word' id='word_1_202' title='bbox 2044 2938 2202 2975; x_wconf 87' lang='lat' dir='ltr'><strong>mun-</strong></span> 
     </span>
    </p>
   </div>
   <div class='ocr_carea' id='block_1_32' title="bbox 617 3002 2201 3080">
    <p class='ocr_par' dir='ltr' id='par_1_32' title="bbox 617 3002 2201 3080">
     <span class='ocr_line' id='line_1_32' title="bbox 617 3002 2201 3080; baseline 0.011 -27"><span class='ocrx_word' id='word_1_203' title='bbox 617 3002 823 3069; x_wconf 81' lang='lat' dir='ltr'><strong>danis,</strong></span> <span class='ocrx_word' id='word_1_204' title='bbox 874 3007 922 3057; x_wconf 91' lang='lat' dir='ltr'><strong>ei</strong></span> <span class='ocrx_word' id='word_1_205' title='bbox 976 3006 1118 3072; x_wconf 86' lang='lat' dir='ltr'><strong>justa</strong></span> <span class='ocrx_word' id='word_1_206' title='bbox 1191 3006 1439 3063; x_wconf 80' lang='lat' dir='ltr'><strong>fecerunt</strong></span> <span class='ocrx_word' id='word_1_207' title='bbox 1505 3013 1918 3080; x_wconf 80' lang='lat' dir='ltr'><strong>quartodecimo</strong></span> <span class='ocrx_word' id='word_1_208' title='bbox 1997 3017 2201 3070; x_wconf 79' lang='lat' dir='ltr'><strong>mensis</strong></span> 
     </span>
    </p>
   </div>
   <div class='ocr_carea' id='block_1_33' title="bbox 617 3091 2198 3174">
    <p class='ocr_par' dir='ltr' id='par_1_33' title="bbox 617 3091 2198 3174">
     <span class='ocr_line' id='line_1_33' title="bbox 617 3091 2198 3174; baseline 0.01 -28"><span class='ocrx_word' id='word_1_209' title='bbox 617 3091 920 3152; x_wconf 70' lang='lat' dir='ltr'><strong>Februarii.</strong></span> <span class='ocrx_word' id='word_1_210' title='bbox 964 3099 1142 3168; x_wconf 85' lang='lat' dir='ltr'><strong>Atque</strong></span> <span class='ocrx_word' id='word_1_211' title='bbox 1188 3101 1493 3158; x_wconf 84' lang='lat' dir='ltr'><strong>volentibus</strong></span> <span class='ocrx_word' id='word_1_212' title='bbox 1547 3105 1765 3173; x_wconf 86' lang='lat' dir='ltr'><strong>quidem</strong></span> <span class='ocrx_word' id='word_1_213' title='bbox 1818 3109 2112 3174; x_wconf 89' lang='lat' dir='ltr'><strong>aliquihus,</strong></span> <span class='ocrx_word' id='word_1_214' title='bbox 2145 3119 2198 3163; x_wconf 92' lang='lat' dir='ltr'><strong>ct</strong></span> 
     </span>
    </p>
   </div>
   <div class='ocr_carea' id='block_1_34' title="bbox 2304 615 3890 689">
    <p class='ocr_par' dir='ltr' id='par_1_34' title="bbox 2304 615 3890 689">
     <span class='ocr_line' id='line_1_34' title="bbox 2304 615 3890 689; baseline 0.005 -23"><span class='ocrx_word' id='word_1_215' title='bbox 2304 630 2439 667; x_wconf 89' lang='grc' dir='ltr'>σωσι</span> <span class='ocrx_word' id='word_1_216' title='bbox 2467 632 2482 681; x_wconf 94' lang='lat'><strong>;</strong></span> <span class='ocrx_word' id='word_1_217' title='bbox 2545 615 2712 670; x_wconf 84' lang='grc' dir='ltr'>πόθεν</span> <span class='ocrx_word' id='word_1_218' title='bbox 2766 617 2834 669; x_wconf 66' lang='grc' dir='ltr'>τὰ</span> <span class='ocrx_word' id='word_1_219' title='bbox 2866 616 3004 689; x_wconf 70' lang='grc' dir='ltr'>πρὸς</span> <span class='ocrx_word' id='word_1_220' title='bbox 3038 617 3460 687; x_wconf 78' lang='grc' dir='ltr'><strong>εὐσχημοσύνην</strong></span> <span class='ocrx_word' id='word_1_221' title='bbox 3490 619 3848 689; x_wconf 86' lang='grc' dir='ltr'>ἐπαρκέσωσι</span> <span class='ocrx_word' id='word_1_222' title='bbox 3875 639 3890 686; x_wconf 88' lang='lat'><strong>;</strong></span> 
     </span>
    </p>
   </div>
   <div class='ocr_carea' id='block_1_35' title="bbox 2303 705 3898 778">
    <p class='ocr_par' dir='ltr' id='par_1_35' title="bbox 2303 705 3898 778">
     <span class='ocr_line' id='line_1_35' title="bbox 2303 705 3898 778; baseline 0.004 -20"><span class='ocrx_word' id='word_1_223' title='bbox 2303 706 2471 758; x_wconf 68' lang='grc' dir='ltr'>πόθεν</span> <span class='ocrx_word' id='word_1_224' title='bbox 2499 705 2719 770; x_wconf 76' lang='grc' dir='ltr'><strong>οἰκέτας</strong></span> <span class='ocrx_word' id='word_1_225' title='bbox 2746 706 3114 778; x_wconf 79' lang='grc' dir='ltr'>διαθρεύσωσι</span> <span class='ocrx_word' id='word_1_226' title='bbox 3140 710 3235 761; x_wconf 77' lang='grc' dir='ltr'>καὶ</span> <span class='ocrx_word' id='word_1_227' title='bbox 3264 707 3376 761; x_wconf 83' lang='grc' dir='ltr'>τῶν</span> <span class='ocrx_word' id='word_1_228' title='bbox 3398 709 3490 761; x_wconf 73' lang='grc' dir='ltr'>ἐπὶ</span> <span class='ocrx_word' id='word_1_229' title='bbox 3527 712 3640 772; x_wconf 86' lang='grc' dir='ltr'>τοῖς</span> <span class='ocrx_word' id='word_1_230' title='bbox 3681 710 3898 775; x_wconf 81' lang='grc' dir='ltr'><strong>λοιποῖς</strong></span> 
     </span>
    </p>
   </div>
   <div class='ocr_carea' id='block_1_36' title="bbox 2299 796 3901 872">
    <p class='ocr_par' dir='ltr' id='par_1_36' title="bbox 2299 796 3901 872">
     <span class='ocr_line' id='line_1_36' title="bbox 2299 796 3901 872; baseline 0.006 -23"><span class='ocrx_word' id='word_1_231' title='bbox 2299 796 2412 850; x_wconf 82' lang='grc' dir='ltr'><strong>τῶν</strong></span> <span class='ocrx_word' id='word_1_232' title='bbox 2456 797 2746 869; x_wconf 80' lang='grc' dir='ltr'>μοχθηρῶν</span> <span class='ocrx_word' id='word_1_233' title='bbox 2776 800 3202 870; x_wconf 87' lang='grc' dir='ltr'>περισπασμῶν,</span> <span class='ocrx_word' id='word_1_234' title='bbox 3232 800 3319 854; x_wconf 79' lang='grc' dir='ltr'><strong>ἴνα</strong></span> <span class='ocrx_word' id='word_1_235' title='bbox 3349 801 3424 872; x_wconf 81' lang='grc' dir='ltr'>μὴ</span> <span class='ocrx_word' id='word_1_236' title='bbox 3447 801 3592 866; x_wconf 85' lang='grc' dir='ltr'>λέγω</span> <span class='ocrx_word' id='word_1_237' title='bbox 3635 803 3736 866; x_wconf 74' lang='grc' dir='ltr'><strong>τὰς</strong></span> <span class='ocrx_word' id='word_1_238' title='bbox 3770 803 3901 857; x_wconf 79' lang='grc' dir='ltr'><strong>ὀδύ-</strong></span> 
     </span>
    </p>
   </div>
   <div class='ocr_carea' id='block_1_37' title="bbox 2301 889 3902 963">
    <p class='ocr_par' dir='ltr' id='par_1_37' title="bbox 2301 889 3902 963">
     <span class='ocr_line' id='line_1_37' title="bbox 2301 889 3902 963; baseline 0.003 -22"><span class='ocrx_word' id='word_1_239' title='bbox 2301 905 2397 950; x_wconf 90' lang='grc' dir='ltr'><strong>νας</strong></span> <span class='ocrx_word' id='word_1_240' title='bbox 2422 889 2522 960; x_wconf 75' lang='grc' dir='ltr'>τῆς</span> <span class='ocrx_word' id='word_1_241' title='bbox 2552 891 2801 961; x_wconf 80' lang='grc' dir='ltr'><strong>κυήσεως</strong></span> <span class='ocrx_word' id='word_1_242' title='bbox 2827 892 2922 945; x_wconf 76' lang='grc' dir='ltr'>καὶ</span> <span class='ocrx_word' id='word_1_243' title='bbox 2952 891 3053 955; x_wconf 79' lang='grc' dir='ltr'><strong>τὰς</strong></span> <span class='ocrx_word' id='word_1_244' title='bbox 3097 892 3347 960; x_wconf 82' lang='grc' dir='ltr'>ἀνάγκας</span> <span class='ocrx_word' id='word_1_245' title='bbox 3398 892 3499 956; x_wconf 73' lang='grc' dir='ltr'><strong>τας</strong></span> <span class='ocrx_word' id='word_1_246' title='bbox 3544 895 3608 945; x_wconf 86' lang='grc' dir='ltr'>ὲκ</span> <span class='ocrx_word' id='word_1_247' title='bbox 3638 895 3736 963; x_wconf 76' lang='grc' dir='ltr'>τῆς</span> <span class='ocrx_word' id='word_1_248' title='bbox 3789 895 3902 963; x_wconf 66' lang='grc' dir='ltr'>φῦο</span> 
     </span>
    </p>
   </div>
   <div class='ocr_carea' id='block_1_38' title="bbox 2304 982 3903 1056">
    <p class='ocr_par' dir='ltr' id='par_1_38' title="bbox 2304 982 3903 1056">
     <span class='ocr_line' id='line_1_38' title="bbox 2304 982 3903 1056; baseline 0.004 -24"><span class='ocrx_word' id='word_1_249' title='bbox 2304 996 2464 1044; x_wconf 90' lang='grc' dir='ltr'>σεως.</span> <span class='ocrx_word' id='word_1_250' title='bbox 2503 982 2735 1048; x_wconf 86' lang='grc' dir='ltr'>Ὄντως,</span> <span class='ocrx_word' id='word_1_251' title='bbox 2759 984 2905 1037; x_wconf 87' lang='grc' dir='ltr'><strong>κατὰ</strong></span> <span class='ocrx_word' id='word_1_252' title='bbox 2928 983 3019 1036; x_wconf 74' lang='grc' dir='ltr'>τὸν</span> <span class='ocrx_word' id='word_1_253' title='bbox 3053 983 3199 1037; x_wconf 85' lang='grc' dir='ltr'>θεῖον</span> <span class='ocrx_word' id='word_1_254' title='bbox 3237 984 3588 1050; x_wconf 81' lang='grc' dir='ltr'>Ἀπὸστολον,</span> <span class='ocrx_word' id='word_1_255' title='bbox 3616 987 3649 1055; x_wconf 89' lang='grc' dir='ltr'><strong>ή</strong></span> <span class='ocrx_word' id='word_1_256' title='bbox 3676 987 3903 1056; x_wconf 81' lang='grc' dir='ltr'>ἄγαμος</span> 
     </span>
    </p>
   </div>
   <div class='ocr_carea' id='block_1_39' title="bbox 2305 1076 3903 1146">
    <p class='ocr_par' dir='ltr' id='par_1_39' title="bbox 2305 1076 3903 1146">
     <span class='ocr_line' id='line_1_39' title="bbox 2305 1076 3903 1146; baseline 0.004 -20"><span class='ocrx_word' id='word_1_257' title='bbox 2305 1077 2550 1146; x_wconf 79' lang='grc' dir='ltr'>μεριμνᾷ</span> <span class='ocrx_word' id='word_1_258' title='bbox 2575 1077 2642 1129; x_wconf 68' lang='grc' dir='ltr'>τὰ</span> <span class='ocrx_word' id='word_1_259' title='bbox 2678 1077 2772 1129; x_wconf 90' lang='grc' dir='ltr'><strong>τοῦ</strong></span> <span class='ocrx_word' id='word_1_260' title='bbox 2809 1076 3042 1146; x_wconf 80' lang='grc' dir='ltr'><strong>Κυρίου,</strong></span> <span class='ocrx_word' id='word_1_261' title='bbox 3074 1077 3283 1131; x_wconf 84' lang='grc' dir='ltr'>τούτων</span> <span class='ocrx_word' id='word_1_262' title='bbox 3332 1078 3592 1132; x_wconf 84' lang='grc' dir='ltr'>ἁπάντων</span> <span class='ocrx_word' id='word_1_263' title='bbox 3641 1080 3903 1133; x_wconf 56' lang='grc' dir='ltr'>ἀπαλλαξ-</span> 
     </span>
    </p>
   </div>
   <div class='ocr_carea' id='block_1_40' title="bbox 2302 1164 3900 1242">
    <p class='ocr_par' dir='ltr' id='par_1_40' title="bbox 2302 1164 3900 1242">
     <span class='ocr_line' id='line_1_40' title="bbox 2302 1164 3900 1242; baseline 0.004 -25"><span class='ocrx_word' id='word_1_264' title='bbox 2302 1167 2484 1232; x_wconf 86' lang='grc' dir='ltr'>γείσα,</span> <span class='ocrx_word' id='word_1_265' title='bbox 2511 1165 2791 1238; x_wconf 68' lang='grc' dir='ltr'>ἀφθαρσίᾳ</span> <span class='ocrx_word' id='word_1_266' title='bbox 2825 1167 2882 1219; x_wconf 83' lang='grc' dir='ltr'>δὲ</span> <span class='ocrx_word' id='word_1_267' title='bbox 2920 1168 3059 1240; x_wconf 82' lang='grc' dir='ltr'>μόνῃ</span> <span class='ocrx_word' id='word_1_268' title='bbox 3081 1169 3592 1239; x_wconf 81' lang='grc' dir='ltr'>κατακοσμηθείσα,</span> <span class='ocrx_word' id='word_1_269' title='bbox 3623 1164 3690 1240; x_wconf 77' lang='grc' dir='ltr'>ἧς</span> <span class='ocrx_word' id='word_1_270' title='bbox 3723 1187 3900 1242; x_wconf 84' lang='grc' dir='ltr'>χορη-</span> 
     </span>
    </p>
   </div>
   <div class='ocr_carea' id='block_1_41' title="bbox 2301 1257 3900 1332">
    <p class='ocr_par' dir='ltr' id='par_1_41' title="bbox 2301 1257 3900 1332">
     <span class='ocr_line' id='line_1_41' title="bbox 2301 1257 3900 1332; baseline 0.004 -22"><span class='ocrx_word' id='word_1_271' title='bbox 2301 1257 2396 1325; x_wconf 84' lang='grc' dir='ltr'><strong>γδς</strong></span> <span class='ocrx_word' id='word_1_272' title='bbox 2427 1259 2520 1310; x_wconf 71' lang='grc' dir='ltr'>καὶ</span> <span class='ocrx_word' id='word_1_273' title='bbox 2542 1257 2788 1328; x_wconf 82' lang='grc' dir='ltr'>ἀρχηγὸς</span> <span class='ocrx_word' id='word_1_274' title='bbox 2815 1259 2906 1312; x_wconf 73' lang='grc' dir='ltr'><strong>καὶ</strong></span> <span class='ocrx_word' id='word_1_275' title='bbox 2933 1259 3228 1330; x_wconf 82' lang='grc' dir='ltr'>τελειωτὴς</span> <span class='ocrx_word' id='word_1_276' title='bbox 3274 1259 3508 1330; x_wconf 85' lang='grc' dir='ltr'>Ἰησοῦς,</span> <span class='ocrx_word' id='word_1_277' title='bbox 3556 1264 3583 1314; x_wconf 76' lang='grc' dir='ltr'>ὁ</span> <span class='ocrx_word' id='word_1_278' title='bbox 3613 1265 3706 1314; x_wconf 72' lang='grc' dir='ltr'>καὶ</span> <span class='ocrx_word' id='word_1_279' title='bbox 3743 1261 3900 1332; x_wconf 72' lang='grc' dir='ltr'>ὑμᾶς</span> 
     </span>
    </p>
   </div>
   <div class='ocr_carea' id='block_1_42' title="bbox 2300 1348 3902 1422">
    <p class='ocr_par' dir='ltr' id='par_1_42' title="bbox 2300 1348 3902 1422">
     <span class='ocr_line' id='line_1_42' title="bbox 2300 1348 3902 1422; baseline 0.002 -20"><span class='ocrx_word' id='word_1_280' title='bbox 2300 1348 2600 1420; x_wconf 81' lang='grc' dir='ltr'>δυνάμενος</span> <span class='ocrx_word' id='word_1_281' title='bbox 2657 1352 2969 1421; x_wconf 83' lang='grc' dir='ltr'>φρουρῆσαι</span> <span class='ocrx_word' id='word_1_282' title='bbox 2997 1352 3055 1403; x_wconf 84' lang='grc' dir='ltr'><strong>ἐν</strong></span> <span class='ocrx_word' id='word_1_283' title='bbox 3098 1351 3346 1421; x_wconf 83' lang='grc' dir='ltr'>ὑπομονῇ</span> <span class='ocrx_word' id='word_1_284' title='bbox 3399 1355 3493 1406; x_wconf 73' lang='grc' dir='ltr'>καὶ</span> <span class='ocrx_word' id='word_1_285' title='bbox 3550 1353 3790 1422; x_wconf 78' lang='grc' dir='ltr'><strong>αὐξῆσαι</strong></span> <span class='ocrx_word' id='word_1_286' title='bbox 3837 1355 3902 1406; x_wconf 88' lang='grc' dir='ltr'><strong>ἐν</strong></span> 
     </span>
    </p>
   </div>
   <div class='ocr_carea' id='block_1_43' title="bbox 2301 1441 3898 1515">
    <p class='ocr_par' dir='ltr' id='par_1_43' title="bbox 2301 1441 3898 1515">
     <span class='ocr_line' id='line_1_43' title="bbox 2301 1441 3898 1515; baseline 0.004 -22"><span class='ocrx_word' id='word_1_287' title='bbox 2301 1441 2478 1494; x_wconf 88' lang='grc' dir='ltr'>ἐλπίδι</span> <span class='ocrx_word' id='word_1_288' title='bbox 2506 1446 2741 1513; x_wconf 80' lang='grc' dir='ltr'>χρηστῇ.</span> <span class='ocrx_word' id='word_1_289' title='bbox 2780 1443 3085 1496; x_wconf 81' lang='grc' dir='ltr'>Φυλάττετε</span> <span class='ocrx_word' id='word_1_290' title='bbox 3115 1443 3295 1497; x_wconf 82' lang='grc' dir='ltr'>τοίνυν</span> <span class='ocrx_word' id='word_1_291' title='bbox 3329 1445 3530 1508; x_wconf 68' lang='grc' dir='ltr'>ἑαυτὰς</span> <span class='ocrx_word' id='word_1_292' title='bbox 3563 1448 3618 1498; x_wconf 88' lang='grc' dir='ltr'><strong>ἐν</strong></span> <span class='ocrx_word' id='word_1_293' title='bbox 3638 1449 3704 1515; x_wconf 80' lang='grc' dir='ltr'>τῇ</span> <span class='ocrx_word' id='word_1_294' title='bbox 3756 1447 3898 1515; x_wconf 76' lang='grc' dir='ltr'>κλή-</span> 
     </span>
    </p>
   </div>
   <div class='ocr_carea' id='block_1_44' title="bbox 2303 1528 3900 1607">
    <p class='ocr_par' dir='ltr' id='par_1_44' title="bbox 2303 1528 3900 1607">
     <span class='ocr_line' id='line_1_44' title="bbox 2303 1528 3900 1607; baseline -0.001 -21"><span class='ocrx_word' id='word_1_295' title='bbox 2303 1550 2406 1598; x_wconf 92' lang='grc' dir='ltr'>σει,</span> <span class='ocrx_word' id='word_1_296' title='bbox 2506 1535 2798 1606; x_wconf 73' lang='grc' dir='ltr'><strong>ἐκλήθητε,</strong></span> <span class='ocrx_word' id='word_1_297' title='bbox 2845 1533 3154 1604; x_wconf 78' lang='grc' dir='ltr'>παρθένους</span> <span class='ocrx_word' id='word_1_298' title='bbox 3198 1535 3370 1602; x_wconf 71' lang='grc' dir='ltr'>ἁγνὰς</span> <span class='ocrx_word' id='word_1_299' title='bbox 3423 1535 3781 1606; x_wconf 80' lang='grc' dir='ltr'><strong>παραστῆσαι</strong></span> <span class='ocrx_word' id='word_1_300' title='bbox 3817 1537 3900 1605; x_wconf 78' lang='grc' dir='ltr'>τῷ</span> 
     </span>
    </p>
   </div>
   <div class='ocr_carea' id='block_1_45' title="bbox 2301 1626 3896 1697">
    <p class='ocr_par' dir='ltr' id='par_1_45' title="bbox 2301 1626 3896 1697">
     <span class='ocr_line' id='line_1_45' title="bbox 2301 1626 3896 1697; baseline -0.001 -17"><span class='ocrx_word' id='word_1_301' title='bbox 2301 1626 2549 1697; x_wconf 82' lang='grc' dir='ltr'>Χριστῷ,</span> <span class='ocrx_word' id='word_1_302' title='bbox 2603 1626 2689 1678; x_wconf 82' lang='grc' dir='ltr'>ἵνα</span> <span class='ocrx_word' id='word_1_303' title='bbox 2746 1626 2981 1679; x_wconf 75' lang='grc' dir='ltr'>καὶτῶν</span> <span class='ocrx_word' id='word_1_304' title='bbox 3013 1627 3251 1679; x_wconf 83' lang='grc' dir='ltr'>αἰωνίων</span> <span class='ocrx_word' id='word_1_305' title='bbox 3308 1626 3534 1694; x_wconf 82' lang='grc' dir='ltr'>ἀγαθῶν</span> <span class='ocrx_word' id='word_1_306' title='bbox 3594 1626 3896 1695; x_wconf 79' lang='grc' dir='ltr'>ἀξιωθῆτε,</span> 
     </span>
    </p>
   </div>
   <div class='ocr_carea' id='block_1_46' title="bbox 2300 1717 3901 1788">
    <p class='ocr_par' dir='ltr' id='par_1_46' title="bbox 2300 1717 3901 1788">
     <span class='ocr_line' id='line_1_46' title="bbox 2300 1717 3901 1788; baseline -0.001 -17"><span class='ocrx_word' id='word_1_307' title='bbox 2300 1719 2487 1788; x_wconf 83' lang='grc' dir='ltr'>χάριτι</span> <span class='ocrx_word' id='word_1_308' title='bbox 2533 1718 2628 1770; x_wconf 91' lang='grc' dir='ltr'><strong>τοῦ</strong></span> <span class='ocrx_word' id='word_1_309' title='bbox 2689 1718 3021 1782; x_wconf 83' lang='grc' dir='ltr'>καλέσαντος</span> <span class='ocrx_word' id='word_1_310' title='bbox 3077 1719 3220 1787; x_wconf 82' lang='grc' dir='ltr'>ὑμᾶς</span> <span class='ocrx_word' id='word_1_311' title='bbox 3249 1721 3328 1782; x_wconf 85' lang='grc' dir='ltr'><strong>εἰς</strong></span> <span class='ocrx_word' id='word_1_312' title='bbox 3370 1718 3467 1771; x_wconf 64' lang='grc' dir='ltr'>τὶπν</span> <span class='ocrx_word' id='word_1_313' title='bbox 3496 1717 3691 1771; x_wconf 77' lang='grc' dir='ltr'>ἑαυτοῦ</span> <span class='ocrx_word' id='word_1_314' title='bbox 3732 1719 3901 1788; x_wconf 78' lang='grc' dir='ltr'>βασι-</span> 
     </span>
    </p>
   </div>
   <div class='ocr_carea' id='block_1_47' title="bbox 2301 1811 2789 1875">
    <p class='ocr_par' dir='ltr' id='par_1_47' title="bbox 2301 1811 2789 1875">
     <span class='ocr_line' id='line_1_47' title="bbox 2301 1811 2789 1875; baseline 0.004 -13"><span class='ocrx_word' id='word_1_315' title='bbox 2301 1811 2454 1863; x_wconf 87' lang='grc' dir='ltr'>λείαν</span> <span class='ocrx_word' id='word_1_316' title='bbox 2488 1813 2581 1865; x_wconf 67' lang='grc' dir='ltr'><strong>καὶ</strong></span> <span class='ocrx_word' id='word_1_317' title='bbox 2612 1811 2789 1875; x_wconf 79' lang='grc' dir='ltr'>δόξαν.</span> 
     </span>
    </p>
   </div>
   <div class='ocr_carea' id='block_1_48' title="bbox 2373 1898 3902 1973">
    <p class='ocr_par' dir='ltr' id='par_1_48' title="bbox 2373 1898 3902 1973">
     <span class='ocr_line' id='line_1_48' title="bbox 2373 1898 3902 1973; baseline 0.001 -18"><span class='ocrx_word' id='word_1_318' title='bbox 2373 1903 2492 1958; x_wconf 85' lang='grc' dir='ltr'>ΞΕ¹.</span> <span class='ocrx_word' id='word_1_319' title='bbox 2539 1902 2628 1964; x_wconf 86' lang='grc' dir='ltr'>Ὣς</span> <span class='ocrx_word' id='word_1_320' title='bbox 2657 1898 2752 1956; x_wconf 80' lang='grc' dir='ltr'>οὖν</span> <span class='ocrx_word' id='word_1_321' title='bbox 2775 1901 3057 1955; x_wconf 79' lang='grc' dir='ltr'>ἐπαύσατο</span> <span class='ocrx_word' id='word_1_322' title='bbox 3085 1903 3186 1972; x_wconf 80' lang='grc' dir='ltr'>τῆς</span> <span class='ocrx_word' id='word_1_323' title='bbox 3243 1903 3620 1971; x_wconf 75' lang='grc' dir='ltr'>παραινέσεως</span> <span class='ocrx_word' id='word_1_324' title='bbox 3647 1906 3676 1956; x_wconf 79' lang='grc' dir='ltr'><strong><em>ὁ</em></strong></span> <span class='ocrx_word' id='word_1_325' title='bbox 3708 1921 3902 1973; x_wconf 76' lang='grc' dir='ltr'>μακα-</span> 
     </span>
    </p>
   </div>
   <div class='ocr_carea' id='block_1_49' title="bbox 2305 1993 3900 2067">
    <p class='ocr_par' dir='ltr' id='par_1_49' title="bbox 2305 1993 3900 2067">
     <span class='ocr_line' id='line_1_49' title="bbox 2305 1993 3900 2067; baseline 0 -17"><span class='ocrx_word' id='word_1_326' title='bbox 2305 2013 2420 2066; x_wconf 88' lang='grc' dir='ltr'>ριος</span> <span class='ocrx_word' id='word_1_327' title='bbox 2453 1995 2548 2050; x_wconf 73' lang='grc' dir='ltr'>καὶ</span> <span class='ocrx_word' id='word_1_328' title='bbox 2607 1995 2978 2065; x_wconf 79' lang='grc' dir='ltr'>ἐπευξάμενος</span> <span class='ocrx_word' id='word_1_329' title='bbox 3012 1993 3088 2064; x_wconf 82' lang='grc' dir='ltr'>τῷ</span> <span class='ocrx_word' id='word_1_330' title='bbox 3136 1995 3361 2065; x_wconf 71' lang='grc' dir='ltr'>Κριστῷ</span> <span class='ocrx_word' id='word_1_331' title='bbox 3391 1996 3561 2058; x_wconf 73' lang='grc' dir='ltr'>αὑτὰς</span> <span class='ocrx_word' id='word_1_332' title='bbox 3593 1995 3900 2067; x_wconf 81' lang='grc' dir='ltr'>παρέθετο,</span> 
     </span>
    </p>
   </div>
   <div class='ocr_carea' id='block_1_50' title="bbox 2303 2089 3904 2159">
    <p class='ocr_par' dir='ltr' id='par_1_50' title="bbox 2303 2089 3904 2159">
     <span class='ocr_line' id='line_1_50' title="bbox 2303 2089 3904 2159; baseline -0.001 -16"><span class='ocrx_word' id='word_1_333' title='bbox 2303 2093 2438 2144; x_wconf 75' lang='grc' dir='ltr'>πᾶσι</span> <span class='ocrx_word' id='word_1_334' title='bbox 2467 2089 2735 2153; x_wconf 82' lang='grc' dir='ltr'>κελεύσας</span> <span class='ocrx_word' id='word_1_335' title='bbox 2775 2090 2856 2152; x_wconf 85' lang='grc' dir='ltr'><strong>είς</strong></span> <span class='ocrx_word' id='word_1_336' title='bbox 2887 2089 3040 2158; x_wconf 73' lang='grc' dir='ltr'>λιτὴν</span> <span class='ocrx_word' id='word_1_337' title='bbox 3077 2089 3361 2159; x_wconf 85' lang='grc' dir='ltr'>παρεῖναι,</span> <span class='ocrx_word' id='word_1_338' title='bbox 3391 2089 3621 2154; x_wconf 80' lang='grc' dir='ltr'>σύναξιν</span> <span class='ocrx_word' id='word_1_339' title='bbox 3645 2089 3904 2142; x_wconf 78' lang='grc' dir='ltr'>ἐπετέλει</span> 
     </span>
    </p>
   </div>
   <div class='ocr_carea' id='block_1_51' title="bbox 2301 2180 3904 2252">
    <p class='ocr_par' dir='ltr' id='par_1_51' title="bbox 2301 2180 3904 2252">
     <span class='ocr_line' id='line_1_51' title="bbox 2301 2180 3904 2252; baseline -0.002 -18"><span class='ocrx_word' id='word_1_340' title='bbox 2301 2183 2368 2252; x_wconf 82' lang='grc' dir='ltr'>τῇ</span> <span class='ocrx_word' id='word_1_341' title='bbox 2402 2181 2550 2250; x_wconf 76' lang='grc' dir='ltr'>ἑξῆς,</span> <span class='ocrx_word' id='word_1_342' title='bbox 2615 2181 2683 2234; x_wconf 77' lang='grc' dir='ltr'>τὰ</span> <span class='ocrx_word' id='word_1_343' title='bbox 2733 2181 2893 2252; x_wconf 78' lang='grc' dir='ltr'>πέριξ</span> <span class='ocrx_word' id='word_1_344' title='bbox 2947 2184 3060 2245; x_wconf 81' lang='grc' dir='ltr'>τοῖς</span> <span class='ocrx_word' id='word_1_345' title='bbox 3099 2180 3290 2251; x_wconf 80' lang='grc' dir='ltr'>ὕμνοις</span> <span class='ocrx_word' id='word_1_346' title='bbox 3343 2181 3608 2248; x_wconf 75' lang='grc' dir='ltr'><strong>ἁγιάζων.</strong></span> <span class='ocrx_word' id='word_1_347' title='bbox 3682 2181 3770 2242; x_wconf 84' lang='grc' dir='ltr'>Ὦς</span> <span class='ocrx_word' id='word_1_348' title='bbox 3803 2180 3904 2234; x_wconf 76' lang='grc' dir='ltr'>οὖν</span> 
     </span>
    </p>
   </div>
   <div class='ocr_carea' id='block_1_52' title="bbox 2306 2273 3903 2346">
    <p class='ocr_par' dir='ltr' id='par_1_52' title="bbox 2306 2273 3903 2346">
     <span class='ocr_line' id='line_1_52' title="bbox 2306 2273 3903 2346; baseline -0.003 -17"><span class='ocrx_word' id='word_1_349' title='bbox 2306 2274 2556 2346; x_wconf 77' lang='grc' dir='ltr'>ἐληλύθει</span> <span class='ocrx_word' id='word_1_350' title='bbox 2587 2275 2644 2326; x_wconf 85' lang='grc' dir='ltr'><strong>ἐν</strong></span> <span class='ocrx_word' id='word_1_351' title='bbox 2673 2273 2750 2343; x_wconf 86' lang='grc' dir='ltr'>τῷ</span> <span class='ocrx_word' id='word_1_352' title='bbox 2781 2273 3089 2344; x_wconf 77' lang='grc' dir='ltr'>κτιζομένῳ</span> <span class='ocrx_word' id='word_1_353' title='bbox 3113 2273 3458 2343; x_wconf 82' lang='grc' dir='ltr'>ἁσκητηρίῳ,</span> <span class='ocrx_word' id='word_1_354' title='bbox 3505 2273 3675 2342; x_wconf 76' lang='grc' dir='ltr'>εὐχὴν</span> <span class='ocrx_word' id='word_1_355' title='bbox 3699 2275 3903 2344; x_wconf 80' lang='grc' dir='ltr'><strong>ἐκτενῆ</strong></span> 
     </span>
    </p>
   </div>
   <div class='ocr_carea' id='block_1_53' title="bbox 2306 2364 3905 2436">
    <p class='ocr_par' dir='ltr' id='par_1_53' title="bbox 2306 2364 3905 2436">
     <span class='ocr_line' id='line_1_53' title="bbox 2306 2364 3905 2436; baseline -0.003 -18"><span class='ocrx_word' id='word_1_356' title='bbox 2306 2369 2405 2420; x_wconf 78' lang='grc' dir='ltr'>σὺν</span> <span class='ocrx_word' id='word_1_357' title='bbox 2449 2366 2529 2436; x_wconf 81' lang='grc' dir='ltr'>τῷ</span> <span class='ocrx_word' id='word_1_358' title='bbox 2581 2365 2833 2435; x_wconf 77' lang='grc' dir='ltr'>ἑπομένῳ</span> <span class='ocrx_word' id='word_1_359' title='bbox 2879 2364 3075 2434; x_wconf 88' lang='grc' dir='ltr'>πλήθει</span> <span class='ocrx_word' id='word_1_360' title='bbox 3129 2365 3523 2434; x_wconf 82' lang='grc' dir='ltr'>ποιησάμενος,</span> <span class='ocrx_word' id='word_1_361' title='bbox 3562 2365 3702 2418; x_wconf 83' lang='grc' dir='ltr'>ἀνίει</span> <span class='ocrx_word' id='word_1_362' title='bbox 3733 2368 3793 2419; x_wconf 87' lang='grc' dir='ltr'><strong>ἐν</strong></span> <span class='ocrx_word' id='word_1_363' title='bbox 3822 2365 3905 2433; x_wconf 80' lang='grc' dir='ltr'><strong>τῷ</strong></span> 
     </span>
    </p>
   </div>
   <div class='ocr_carea' id='block_1_54' title="bbox 2304 2456 3904 2528">
    <p class='ocr_par' dir='ltr' id='par_1_54' title="bbox 2304 2456 3904 2528">
     <span class='ocr_line' id='line_1_54' title="bbox 2304 2456 3904 2528; baseline 0.001 -20"><span class='ocrx_word' id='word_1_364' title='bbox 2304 2457 2441 2526; x_wconf 76' lang='grc' dir='ltr'>ὄρει,</span> <span class='ocrx_word' id='word_1_365' title='bbox 2478 2458 2620 2526; x_wconf 81' lang='grc' dir='ltr'>μετᾶ</span> <span class='ocrx_word' id='word_1_366' title='bbox 2642 2459 2794 2526; x_wconf 79' lang='grc' dir='ltr'>τρεῖς</span> <span class='ocrx_word' id='word_1_367' title='bbox 2823 2456 2922 2525; x_wconf 81' lang='grc' dir='ltr'>μὲν</span> <span class='ocrx_word' id='word_1_368' title='bbox 2957 2457 3175 2528; x_wconf 83' lang='grc' dir='ltr'>ἡμέρας</span> <span class='ocrx_word' id='word_1_369' title='bbox 3219 2457 3602 2526; x_wconf 68' lang='grc' dir='ltr'>ἀρρωστήσας,</span> <span class='ocrx_word' id='word_1_370' title='bbox 3657 2457 3801 2525; x_wconf 80' lang='grc' dir='ltr'>μετὰ</span> <span class='ocrx_word' id='word_1_371' title='bbox 3844 2457 3904 2510; x_wconf 67' lang='grc' dir='ltr'>δὲ</span> 
     </span>
    </p>
   </div>
   <div class='ocr_carea' id='block_1_55' title="bbox 2305 2550 3014 2619">
    <p class='ocr_par' dir='ltr' id='par_1_55' title="bbox 2305 2550 3014 2619">
     <span class='ocr_line' id='line_1_55' title="bbox 2305 2550 3014 2619; baseline 0.001 -17"><span class='ocrx_word' id='word_1_372' title='bbox 2305 2550 2436 2605; x_wconf 79' lang='grc' dir='ltr'>δέκα</span> <span class='ocrx_word' id='word_1_373' title='bbox 2460 2551 2628 2614; x_wconf 82' lang='grc' dir='ltr'>ἄλλας</span> <span class='ocrx_word' id='word_1_374' title='bbox 2661 2551 3014 2619; x_wconf 74' lang='grc' dir='ltr'>τελευτήσας.</span> 
     </span>
    </p>
   </div>
   <div class='ocr_carea' id='block_1_56' title="bbox 2381 2725 3901 2799">
    <p class='ocr_par' dir='ltr' id='par_1_56' title="bbox 2381 2725 3901 2799">
     <span class='ocr_line' id='line_1_56' title="bbox 2381 2725 3901 2799; baseline -0.005 -15"><span class='ocrx_word' id='word_1_375' title='bbox 2381 2731 2515 2798; x_wconf 64' lang='lat' dir='ltr'><strong>EG&quot;.</strong></span> <span class='ocrx_word' id='word_1_376' title='bbox 2552 2729 2828 2799; x_wconf 84' lang='grc' dir='ltr'>Συναχθὲν</span> <span class='ocrx_word' id='word_1_377' title='bbox 2855 2725 2950 2782; x_wconf 86' lang='grc' dir='ltr'>οὖν</span> <span class='ocrx_word' id='word_1_378' title='bbox 3002 2728 3205 2799; x_wconf 77' lang='grc' dir='ltr'>πλῆθος</span> <span class='ocrx_word' id='word_1_379' title='bbox 3243 2728 3505 2796; x_wconf 81' lang='grc' dir='ltr'>ἁξιοθέων</span> <span class='ocrx_word' id='word_1_380' title='bbox 3535 2727 3749 2796; x_wconf 78' lang='grc' dir='ltr'>ἀνδρῶν</span> <span class='ocrx_word' id='word_1_381' title='bbox 3805 2727 3901 2780; x_wconf 71' lang='grc' dir='ltr'>καὶ</span> 
     </span>
    </p>
   </div>
   <div class='ocr_carea' id='block_1_57' title="bbox 2305 2818 3906 2892">
    <p class='ocr_par' dir='ltr' id='par_1_57' title="bbox 2305 2818 3906 2892">
     <span class='ocr_line' id='line_1_57' title="bbox 2305 2818 3906 2892; baseline -0.004 -14"><span class='ocrx_word' id='word_1_382' title='bbox 2305 2825 2550 2878; x_wconf 76' lang='grc' dir='ltr'>εὐλαδῶν</span> <span class='ocrx_word' id='word_1_383' title='bbox 2580 2823 2675 2876; x_wconf 88' lang='grc' dir='ltr'><strong>τοῦ</strong></span> <span class='ocrx_word' id='word_1_384' title='bbox 2703 2839 2760 2875; x_wconf 87' lang='grc' dir='ltr'><strong>τε</strong></span> <span class='ocrx_word' id='word_1_385' title='bbox 2795 2822 3002 2892; x_wconf 84' lang='grc' dir='ltr'>κλήρου</span> <span class='ocrx_word' id='word_1_386' title='bbox 3039 2823 3131 2874; x_wconf 81' lang='grc' dir='ltr'>καὶ</span> <span class='ocrx_word' id='word_1_387' title='bbox 3162 2821 3270 2874; x_wconf 82' lang='grc' dir='ltr'><strong>τῶν</strong></span> <span class='ocrx_word' id='word_1_388' title='bbox 3301 2821 3464 2892; x_wconf 78' lang='grc' dir='ltr'>πέριξ</span> <span class='ocrx_word' id='word_1_389' title='bbox 3514 2818 3906 2891; x_wconf 85' lang='grc' dir='ltr'>μοναστηρίων</span> 
     </span>
    </p>
   </div>
   <div class='ocr_carea' id='block_1_58' title="bbox 2308 2913 3902 2984">
    <p class='ocr_par' dir='ltr' id='par_1_58' title="bbox 2308 2913 3902 2984">
     <span class='ocr_line' id='line_1_58' title="bbox 2308 2913 3902 2984; baseline -0.004 -13"><span class='ocrx_word' id='word_1_390' title='bbox 2308 2919 2404 2972; x_wconf 82' lang='grc' dir='ltr'><strong>σὺν</strong></span> <span class='ocrx_word' id='word_1_391' title='bbox 2439 2919 2551 2979; x_wconf 86' lang='grc' dir='ltr'>τοῖς</span> <span class='ocrx_word' id='word_1_392' title='bbox 2611 2915 3059 2983; x_wconf 78' lang='grc' dir='ltr'>σπουδαιοτέροις</span> <span class='ocrx_word' id='word_1_393' title='bbox 3109 2914 3219 2967; x_wconf 85' lang='grc' dir='ltr'>τῶν</span> <span class='ocrx_word' id='word_1_394' title='bbox 3274 2913 3559 2984; x_wconf 82' lang='grc' dir='ltr'>κοσμικῶν</span> <span class='ocrx_word' id='word_1_395' title='bbox 3593 2913 3902 2982; x_wconf 73' lang='grc' dir='ltr'>ἐκήδευσαν</span> 
     </span>
    </p>
   </div>
   <div class='ocr_carea' id='block_1_59' title="bbox 2307 3005 3899 3078">
    <p class='ocr_par' dir='ltr' id='par_1_59' title="bbox 2307 3005 3899 3078">
     <span class='ocr_line' id='line_1_59' title="bbox 2307 3005 3899 3078; baseline -0.004 -15"><span class='ocrx_word' id='word_1_396' title='bbox 2307 3010 2469 3063; x_wconf 63' lang='grc' dir='ltr'>αὑτὸν</span> <span class='ocrx_word' id='word_1_397' title='bbox 2489 3011 2554 3078; x_wconf 82' lang='grc' dir='ltr'><strong>τῇ</strong></span> <span class='ocrx_word' id='word_1_398' title='bbox 2579 3006 3158 3078; x_wconf 78' lang='grc' dir='ltr'>τεσσαρεσκαιδεκάτῃ</span> <span class='ocrx_word' id='word_1_399' title='bbox 3183 3006 3276 3058; x_wconf 90' lang='grc' dir='ltr'><strong>τοῦ</strong></span> <span class='ocrx_word' id='word_1_400' title='bbox 3298 3005 3669 3076; x_wconf 75' lang='grc' dir='ltr'>Φεϐρουαρίου</span> <span class='ocrx_word' id='word_1_401' title='bbox 3701 3006 3899 3074; x_wconf 83' lang='grc' dir='ltr'>μηνός·</span> 
     </span>
    </p>
   </div>
   <div class='ocr_carea' id='block_1_60' title="bbox 2305 3097 3904 3173">
    <p class='ocr_par' dir='ltr' id='par_1_60' title="bbox 2305 3097 3904 3173">
     <span class='ocr_line' id='line_1_60' title="bbox 2305 3097 3904 3173; baseline -0.005 -17"><span class='ocrx_word' id='word_1_402' title='bbox 2305 3103 2471 3156; x_wconf 85' lang='grc' dir='ltr'>τινῶν</span> <span class='ocrx_word' id='word_1_403' title='bbox 2513 3105 2612 3173; x_wconf 79' lang='grc' dir='ltr'>μὲν</span> <span class='ocrx_word' id='word_1_404' title='bbox 2645 3102 2738 3156; x_wconf 84' lang='grc' dir='ltr'><strong>οῦν</strong></span> <span class='ocrx_word' id='word_1_405' title='bbox 2772 3102 3114 3173; x_wconf 78' lang='grc' dir='ltr'>βουλομένων</span> <span class='ocrx_word' id='word_1_406' title='bbox 3136 3104 3230 3154; x_wconf 80' lang='grc' dir='ltr'>καὶ</span> <span class='ocrx_word' id='word_1_407' title='bbox 3269 3101 3503 3169; x_wconf 80' lang='grc' dir='ltr'>μάλιστα</span> <span class='ocrx_word' id='word_1_408' title='bbox 3525 3101 3633 3154; x_wconf 88' lang='grc' dir='ltr'>τῶν</span> <span class='ocrx_word' id='word_1_409' title='bbox 3662 3100 3771 3154; x_wconf 72' lang='grc' dir='ltr'><strong>ἀπὸ</strong></span> <span class='ocrx_word' id='word_1_410' title='bbox 3804 3097 3904 3149; x_wconf 75' lang='grc' dir='ltr'><strong>τοῦ</strong></span> 
     </span>
    </p>
   </div>
   <div class='ocr_carea' id='block_1_61' title="bbox 620 3186 2198 3266">
    <p class='ocr_par' dir='ltr' id='par_1_61' title="bbox 620 3189 2197 3260">
     <span class='ocr_line' id='line_1_61' title="bbox 620 3189 2197 3260; baseline 0.01 -20"><span class='ocrx_word' id='word_1_411' title='bbox 620 3189 854 3244; x_wconf 78' lang='lat' dir='ltr'><strong>maxime</strong></span> <span class='ocrx_word' id='word_1_412' title='bbox 913 3191 978 3246; x_wconf 91' lang='lat' dir='ltr'><strong>iis</strong></span> <span class='ocrx_word' id='word_1_413' title='bbox 1032 3195 1120 3260; x_wconf 88' lang='lat' dir='ltr'><strong>qui</strong></span> <span class='ocrx_word' id='word_1_414' title='bbox 1173 3205 1334 3249; x_wconf 84' lang='lat' dir='ltr'><strong>erant</strong></span> <span class='ocrx_word' id='word_1_415' title='bbox 1397 3211 1462 3249; x_wconf 82' lang='lat' dir='ltr'><strong>ex</strong></span> <span class='ocrx_word' id='word_1_416' title='bbox 1519 3199 1849 3255; x_wconf 85' lang='lat' dir='ltr'><strong>monasterio</strong></span> <span class='ocrx_word' id='word_1_417' title='bbox 1899 3203 2197 3255; x_wconf 84' lang='lat' dir='ltr'><strong>beatissimi</strong></span> 
     </span>
    </p>
   </div>
   <div class='ocr_carea' id='block_1_62' title="bbox 2303 3186 3904 3266">
    <p class='ocr_par' dir='ltr' id='par_1_62' title="bbox 2309 3186 3904 3266">
     <span class='ocr_line' id='line_1_62' title="bbox 2309 3186 3904 3266; baseline -0.003 -19"><span class='ocrx_word' id='word_1_418' title='bbox 2309 3198 2673 3266; x_wconf 86' lang='grc' dir='ltr'>μοναστηρίου</span> <span class='ocrx_word' id='word_1_419' title='bbox 2703 3196 2796 3250; x_wconf 89' lang='grc' dir='ltr'><strong>τοῦ</strong></span> <span class='ocrx_word' id='word_1_420' title='bbox 2832 3195 3111 3265; x_wconf 78' lang='grc' dir='ltr'>μακαρίου</span> <span class='ocrx_word' id='word_1_421' title='bbox 3157 3194 3451 3255; x_wconf 82' lang='grc' dir='ltr'>’Υπατίου,</span> <span class='ocrx_word' id='word_1_422' title='bbox 3511 3195 3571 3244; x_wconf 84' lang='grc' dir='ltr'><strong>ἐν</strong></span> <span class='ocrx_word' id='word_1_423' title='bbox 3603 3186 3645 3259; x_wconf 78' lang='grc' dir='ltr'>ᾧ</span> <span class='ocrx_word' id='word_1_424' title='bbox 3688 3190 3782 3245; x_wconf 76' lang='grc' dir='ltr'>καὶ</span> <span class='ocrx_word' id='word_1_425' title='bbox 3821 3190 3904 3242; x_wconf 73' lang='grc' dir='ltr'>διο</span> 
     </span>
    </p>
   </div>
   <div class='ocr_carea' id='block_1_63' title="bbox 619 3279 2199 3354">
    <p class='ocr_par' dir='ltr' id='par_1_63' title="bbox 619 3279 2199 3354">
     <span class='ocr_line' id='line_1_63' title="bbox 619 3279 2199 3354; baseline 0.009 -21"><span class='ocrx_word' id='word_1_426' title='bbox 619 3279 855 3352; x_wconf 85' lang='lat' dir='ltr'><strong>llypatii,</strong></span> <span class='ocrx_word' id='word_1_427' title='bbox 911 3285 963 3338; x_wconf 90' lang='lat' dir='ltr'><strong>in</strong></span> <span class='ocrx_word' id='word_1_428' title='bbox 1016 3301 1125 3354; x_wconf 91' lang='lat' dir='ltr'><strong>quo</strong></span> <span class='ocrx_word' id='word_1_429' title='bbox 1183 3299 1432 3344; x_wconf 87' lang='lat' dir='ltr'><strong>versatus</strong></span> <span class='ocrx_word' id='word_1_430' title='bbox 1493 3301 1598 3354; x_wconf 87' lang='lat' dir='ltr'><strong>est,</strong></span> <span class='ocrx_word' id='word_1_431' title='bbox 1652 3307 1774 3346; x_wconf 91' lang='lat' dir='ltr'><strong>cum</strong></span> <span class='ocrx_word' id='word_1_432' title='bbox 1828 3294 2199 3348; x_wconf 85' lang='lat' dir='ltr'><strong>descendisset</strong></span> 
     </span>
    </p>
   </div>
   <div class='ocr_carea' id='block_1_64' title="bbox 616 3378 2200 3451">
    <p class='ocr_par' dir='ltr' id='par_1_64' title="bbox 616 3378 2200 3451">
     <span class='ocr_line' id='line_1_64' title="bbox 616 3378 2200 3451; baseline 0.01 -27"><span class='ocrx_word' id='word_1_433' title='bbox 616 3383 837 3442; x_wconf 81' lang='lat' dir='ltr'><strong>prapter</strong></span> <span class='ocrx_word' id='word_1_434' title='bbox 868 3378 1156 3444; x_wconf 75' lang='lat' dir='ltr'><strong>synodum,</strong></span> <span class='ocrx_word' id='word_1_435' title='bbox 1183 3381 1453 3447; x_wconf 87' lang='lat' dir='ltr'><strong>pretiosas</strong></span> <span class='ocrx_word' id='word_1_436' title='bbox 1483 3382 1600 3449; x_wconf 86' lang='lat' dir='ltr'><strong>ejus</strong></span> <span class='ocrx_word' id='word_1_437' title='bbox 1635 3383 1891 3450; x_wconf 83' lang='lat' dir='ltr'><strong>reliquias</strong></span> <span class='ocrx_word' id='word_1_438' title='bbox 1931 3386 2200 3451; x_wconf 88' lang='lat' dir='ltr'><strong>deponere</strong></span> 
     </span>
    </p>
   </div>
   <div class='ocr_carea' id='block_1_65' title="bbox 620 3462 2195 3542">
    <p class='ocr_par' dir='ltr' id='par_1_65' title="bbox 620 3462 2195 3542">
     <span class='ocr_line' id='line_1_65' title="bbox 620 3462 2195 3542; baseline 0.01 -28"><span class='ocrx_word' id='word_1_439' title='bbox 620 3462 674 3514; x_wconf 88' lang='lat' dir='ltr'><strong>in</strong></span> <span class='ocrx_word' id='word_1_440' title='bbox 729 3465 927 3532; x_wconf 73' lang='lat' dir='ltr'><strong>templo</strong></span> <span class='ocrx_word' id='word_1_441' title='bbox 1000 3464 1324 3520; x_wconf 81' lang='lat' dir='ltr'><strong>Sanctorum</strong></span> <span class='ocrx_word' id='word_1_442' title='bbox 1386 3471 1816 3538; x_wconf 80' lang='lat' dir='ltr'><strong>Apostolorum,</strong></span> <span class='ocrx_word' id='word_1_443' title='bbox 1873 3475 2195 3542; x_wconf 85' lang='lat' dir='ltr'><strong>quihusdam</strong></span> 
     </span>
    </p>
   </div>
   <div class='ocr_carea' id='block_1_66' title="bbox 623 3555 2202 3636">
    <p class='ocr_par' dir='ltr' id='par_1_66' title="bbox 623 3555 2202 3636">
     <span class='ocr_line' id='line_1_66' title="bbox 623 3555 2202 3636; baseline 0.01 -30"><span class='ocrx_word' id='word_1_444' title='bbox 623 3566 801 3607; x_wconf 78' lang='lat' dir='ltr'><strong>autem</strong></span> <span class='ocrx_word' id='word_1_445' title='bbox 840 3555 894 3608; x_wconf 89' lang='lat' dir='ltr'><strong>in</strong></span> <span class='ocrx_word' id='word_1_446' title='bbox 951 3559 1153 3626; x_wconf 89' lang='lat' dir='ltr'><strong>templo</strong></span> <span class='ocrx_word' id='word_1_447' title='bbox 1212 3559 1271 3612; x_wconf 92' lang='lat' dir='ltr'><strong>S.</strong></span> <span class='ocrx_word' id='word_1_448' title='bbox 1308 3559 1604 3626; x_wconf 73' lang='lat' dir='ltr'><strong>Zacharitr,</strong></span> <span class='ocrx_word' id='word_1_449' title='bbox 1662 3565 1807 3632; x_wconf 86' lang='lat' dir='ltr'><strong>quod</strong></span> <span class='ocrx_word' id='word_1_450' title='bbox 1855 3576 1941 3620; x_wconf 82' lang='lat' dir='ltr'><strong>est</strong></span> <span class='ocrx_word' id='word_1_451' title='bbox 1994 3567 2202 3636; x_wconf 87' lang='lat' dir='ltr'><strong>aliquot</strong></span> 
     </span>
    </p>
   </div>
   <div class='ocr_carea' id='block_1_67' title="bbox 621 3647 2202 3726">
    <p class='ocr_par' dir='ltr' id='par_1_67' title="bbox 621 3647 2202 3726">
     <span class='ocr_line' id='line_1_67' title="bbox 621 3647 2202 3726; baseline 0.009 -26"><span class='ocrx_word' id='word_1_452' title='bbox 621 3647 886 3703; x_wconf 74' lang='lat' dir='ltr'><strong>milliariis</strong></span> <span class='ocrx_word' id='word_1_453' title='bbox 916 3651 1063 3706; x_wconf 84' lang='lat' dir='ltr'><strong>illiue</strong></span> <span class='ocrx_word' id='word_1_454' title='bbox 1091 3652 1259 3707; x_wconf 90' lang='lat' dir='ltr'><strong>situm</strong></span> <span class='ocrx_word' id='word_1_455' title='bbox 1288 3655 1340 3708; x_wconf 92' lang='lat' dir='ltr'><strong>in</strong></span> <span class='ocrx_word' id='word_1_456' title='bbox 1376 3657 1582 3724; x_wconf 74' lang='lat' dir='ltr'><strong>[medio</strong></span> <span class='ocrx_word' id='word_1_457' title='bbox 1615 3659 1758 3726; x_wconf 81' lang='lat' dir='ltr'><strong>quod</strong></span> <span class='ocrx_word' id='word_1_458' title='bbox 1788 3659 1990 3713; x_wconf 69' lang='lat' dir='ltr'><strong>dicitur</strong></span> <span class='ocrx_word' id='word_1_459' title='bbox 2023 3659 2202 3714; x_wconf 86' lang='lat' dir='ltr'><strong>Theu-</strong></span> 
     </span>
    </p>
   </div>
   <div class='ocr_carea' id='block_1_68' title="bbox 622 3745 2202 3821">
    <p class='ocr_par' dir='ltr' id='par_1_68' title="bbox 622 3745 2202 3821">
     <span class='ocr_line' id='line_1_68' title="bbox 622 3745 2202 3821; baseline 0.009 -29"><span class='ocrx_word' id='word_1_460' title='bbox 622 3750 657 3792; x_wconf 85' lang='lat' dir='ltr'><strong>lt</strong></span> <span class='ocrx_word' id='word_1_461' title='bbox 675 3758 785 3794; x_wconf 91' lang='lat' dir='ltr'><strong>um.</strong></span> <span class='ocrx_word' id='word_1_462' title='bbox 818 3745 946 3807; x_wconf 72' lang='lat' dir='ltr'><strong>Qua:</strong></span> <span class='ocrx_word' id='word_1_463' title='bbox 971 3745 1038 3797; x_wconf 82' lang='lat' dir='ltr'><strong>ab</strong></span> <span class='ocrx_word' id='word_1_464' title='bbox 1063 3760 1127 3800; x_wconf 92' lang='lat' dir='ltr'><strong>eo</strong></span> <span class='ocrx_word' id='word_1_465' title='bbox 1166 3758 1494 3817; x_wconf 82' lang='lat' dir='ltr'><strong>congregata</strong></span> <span class='ocrx_word' id='word_1_466' title='bbox 1518 3748 1748 3815; x_wconf 78' lang='lat' dir='ltr'><strong>fuerant,</strong></span> <span class='ocrx_word' id='word_1_467' title='bbox 1774 3751 1840 3806; x_wconf 93' lang='lat' dir='ltr'><strong>iis</strong></span> <span class='ocrx_word' id='word_1_468' title='bbox 1863 3753 1954 3821; x_wconf 90' lang='lat' dir='ltr'><strong>qui</strong></span> <span class='ocrx_word' id='word_1_469' title='bbox 1977 3753 2202 3808; x_wconf 84' lang='lat' dir='ltr'><strong>aderant</strong></span> 
     </span>
    </p>
   </div>
   <div class='ocr_carea' id='block_1_69' title="bbox 619 3833 2203 3916">
    <p class='ocr_par' dir='ltr' id='par_1_69' title="bbox 619 3833 2203 3916">
     <span class='ocr_line' id='line_1_69' title="bbox 619 3833 2203 3916; baseline 0.01 -31"><span class='ocrx_word' id='word_1_470' title='bbox 619 3833 996 3901; x_wconf 78' lang='lat' dir='ltr'><strong>supplicabant</strong></span> <span class='ocrx_word' id='word_1_471' title='bbox 1031 3853 1154 3890; x_wconf 92' lang='lat' dir='ltr'><strong>cum</strong></span> <span class='ocrx_word' id='word_1_472' title='bbox 1211 3840 1398 3894; x_wconf 89' lang='lat' dir='ltr'><strong>multis</strong></span> <span class='ocrx_word' id='word_1_473' title='bbox 1428 3840 1708 3912; x_wconf 84' lang='lat' dir='ltr'><strong>lacrymis,</strong></span> <span class='ocrx_word' id='word_1_474' title='bbox 1748 3857 1815 3897; x_wconf 88' lang='lat' dir='ltr'><strong>ne</strong></span> <span class='ocrx_word' id='word_1_475' title='bbox 1856 3843 2018 3900; x_wconf 85' lang='lat' dir='ltr'><strong>Pater</strong></span> <span class='ocrx_word' id='word_1_476' title='bbox 2042 3862 2203 3916; x_wconf 84' lang='lat' dir='ltr'><strong>sepa-</strong></span> 
     </span>
    </p>
   </div>
   <div class='ocr_carea' id='block_1_70' title="bbox 618 3926 2199 4008">
    <p class='ocr_par' dir='ltr' id='par_1_70' title="bbox 618 3926 2199 4008">
     <span class='ocr_line' id='line_1_70' title="bbox 618 3926 2199 4008; baseline 0.011 -32"><span class='ocrx_word' id='word_1_477' title='bbox 618 3936 832 3978; x_wconf 86' lang='lat' dir='ltr'><strong>rarctur</strong></span> <span class='ocrx_word' id='word_1_478' title='bbox 865 3942 893 3978; x_wconf 89' lang='lat' dir='ltr'><strong>a</strong></span> <span class='ocrx_word' id='word_1_479' title='bbox 927 3926 1069 3983; x_wconf 76' lang='lat' dir='ltr'><strong>filiis.</strong></span> <span class='ocrx_word' id='word_1_480' title='bbox 1117 3927 1268 3985; x_wconf 87' lang='lat' dir='ltr'><strong>Tunc</strong></span> <span class='ocrx_word' id='word_1_481' title='bbox 1325 3931 1416 3986; x_wconf 88' lang='lat' dir='ltr'><strong>Dei</strong></span> <span class='ocrx_word' id='word_1_482' title='bbox 1456 3933 1732 3990; x_wconf 82' lang='lat' dir='ltr'><strong>voluntate</strong></span> <span class='ocrx_word' id='word_1_483' title='bbox 1778 3937 1846 3990; x_wconf 89' lang='lat' dir='ltr'><strong>ad</strong></span> <span class='ocrx_word' id='word_1_484' title='bbox 1878 3953 2066 3993; x_wconf 83' lang='lat' dir='ltr'><strong>eorum</strong></span> <span class='ocrx_word' id='word_1_485' title='bbox 2108 3941 2199 4008; x_wconf 90' lang='lat' dir='ltr'><strong>qui</strong></span> 
     </span>
    </p>
   </div>
   <div class='ocr_carea' id='block_1_71' title="bbox 628 4013 2204 4086">
    <p class='ocr_par' dir='ltr' id='par_1_71' title="bbox 628 4013 2204 4086">
     <span class='ocr_line' id='line_1_71' title="bbox 628 4013 2204 4086; baseline 0.013 -21"><span class='ocrx_word' id='word_1_486' title='bbox 628 4013 740 4068; x_wconf 87' lang='lat' dir='ltr'><strong>illic</strong></span> <span class='ocrx_word' id='word_1_487' title='bbox 771 4025 928 4069; x_wconf 82' lang='lat' dir='ltr'><strong>erant</strong></span> <span class='ocrx_word' id='word_1_488' title='bbox 954 4018 1210 4082; x_wconf 84' lang='lat' dir='ltr'><strong>salutem,</strong></span> <span class='ocrx_word' id='word_1_489' title='bbox 1237 4020 1288 4074; x_wconf 89' lang='lat' dir='ltr'><strong>in</strong></span> <span class='ocrx_word' id='word_1_490' title='bbox 1314 4024 1556 4077; x_wconf 87' lang='lat' dir='ltr'><strong>oratorio</strong></span> <span class='ocrx_word' id='word_1_491' title='bbox 1581 4025 1648 4078; x_wconf 88' lang='lat' dir='ltr'><strong>ah</strong></span> <span class='ocrx_word' id='word_1_492' title='bbox 1674 4041 1740 4080; x_wconf 94' lang='lat' dir='ltr'><strong>eo</strong></span> <span class='ocrx_word' id='word_1_493' title='bbox 1775 4029 1994 4084; x_wconf 91' lang='lat' dir='ltr'><strong>condito</strong></span> <span class='ocrx_word' id='word_1_494' title='bbox 2029 4030 2204 4086; x_wconf 89' lang='lat' dir='ltr'><strong>instar</strong></span> 
     </span>
    </p>
   </div>
   <div class='ocr_carea' id='block_1_72' title="bbox 620 4111 2199 4184">
    <p class='ocr_par' dir='ltr' id='par_1_72' title="bbox 620 4111 2199 4184">
     <span class='ocr_line' id='line_1_72' title="bbox 620 4111 2199 4184; baseline 0.011 -26"><span class='ocrx_word' id='word_1_495' title='bbox 620 4111 957 4171; x_wconf 79' lang='lat' dir='ltr'><strong>monasterii,</strong></span> <span class='ocrx_word' id='word_1_496' title='bbox 983 4125 1105 4163; x_wconf 88' lang='lat' dir='ltr'><strong>cum</strong></span> <span class='ocrx_word' id='word_1_497' title='bbox 1142 4112 1533 4180; x_wconf 88' lang='lat' dir='ltr'><strong>deposuerunt.</strong></span> <span class='ocrx_word' id='word_1_498' title='bbox 1580 4115 1746 4184; x_wconf 87' lang='lat' dir='ltr'><strong>Cujus</strong></span> <span class='ocrx_word' id='word_1_499' title='bbox 1807 4121 2199 4176; x_wconf 89' lang='lat' dir='ltr'><strong>monimentum</strong></span> 
     </span>
    </p>
   </div>
   <div class='ocr_carea' id='block_1_73' title="bbox 620 4203 2197 4281">
    <p class='ocr_par' dir='ltr' id='par_1_73' title="bbox 620 4203 2197 4281">
     <span class='ocr_line' id='line_1_73' title="bbox 620 4203 2197 4281; baseline 0.012 -30"><span class='ocrx_word' id='word_1_500' title='bbox 620 4215 716 4268; x_wconf 87' lang='lat' dir='ltr'><strong>per</strong></span> <span class='ocrx_word' id='word_1_501' title='bbox 742 4203 1095 4270; x_wconf 88' lang='lat' dir='ltr'><strong>multiplicem</strong></span> <span class='ocrx_word' id='word_1_502' title='bbox 1128 4205 1331 4262; x_wconf 79' lang='lat' dir='ltr'><strong>Christi</strong></span> <span class='ocrx_word' id='word_1_503' title='bbox 1391 4209 1777 4281; x_wconf 81' lang='lat' dir='ltr'><strong>benignitatem</strong></span> <span class='ocrx_word' id='word_1_504' title='bbox 1813 4215 1975 4269; x_wconf 78' lang='lat' dir='ltr'><strong>clllcit</strong></span> <span class='ocrx_word' id='word_1_505' title='bbox 2030 4230 2197 4272; x_wconf 87' lang='lat' dir='ltr'><strong>cura-</strong></span> 
     </span>
    </p>
   </div>
   <div class='ocr_carea' id='block_1_74' title="bbox 619 4294 1628 4365">
    <p class='ocr_par' dir='ltr' id='par_1_74' title="bbox 619 4294 1628 4365">
     <span class='ocr_line' id='line_1_74' title="bbox 619 4294 1628 4365; baseline 0.014 -20"><span class='ocrx_word' id='word_1_506' title='bbox 619 4294 798 4348; x_wconf 86' lang='lat' dir='ltr'><strong>tiones</strong></span> <span class='ocrx_word' id='word_1_507' title='bbox 832 4311 1004 4365; x_wconf 91' lang='lat' dir='ltr'><strong>usque</strong></span> <span class='ocrx_word' id='word_1_508' title='bbox 1037 4299 1089 4351; x_wconf 89' lang='lat' dir='ltr'><strong>in</strong></span> <span class='ocrx_word' id='word_1_509' title='bbox 1117 4299 1438 4356; x_wconf 87' lang='lat' dir='ltr'><strong>hodiernum</strong></span> <span class='ocrx_word' id='word_1_510' title='bbox 1464 4305 1628 4360; x_wconf 89' lang='lat' dir='ltr'><strong>diem.</strong></span> 
     </span>
    </p>
   </div>
   <div class='ocr_carea' id='block_1_75' title="bbox 697 4384 2194 4459">
    <p class='ocr_par' dir='ltr' id='par_1_75' title="bbox 697 4384 2194 4459">
     <span class='ocr_line' id='line_1_75' title="bbox 697 4384 2194 4459; baseline 0.014 -21"><span class='ocrx_word' id='word_1_511' title='bbox 697 4384 905 4441; x_wconf 74' lang='lat' dir='ltr'><strong>LXVII.</strong></span> <span class='ocrx_word' id='word_1_512' title='bbox 938 4388 1362 4449; x_wconf 88' lang='lat' dir='ltr'><strong>Cousummatus</strong></span> <span class='ocrx_word' id='word_1_513' title='bbox 1393 4407 1573 4452; x_wconf 88' lang='lat' dir='ltr'><strong>autem</strong></span> <span class='ocrx_word' id='word_1_514' title='bbox 1621 4398 1722 4453; x_wconf 79' lang='lat' dir='ltr'><strong>fuit</strong></span> <span class='ocrx_word' id='word_1_515' title='bbox 1754 4411 1976 4457; x_wconf 88' lang='lat' dir='ltr'><strong>sanctus</strong></span> <span class='ocrx_word' id='word_1_516' title='bbox 2007 4413 2194 4459; x_wconf 90' lang='lat' dir='ltr'><strong>noster</strong></span> 
     </span>
    </p>
   </div>
   <div class='ocr_carea' id='block_1_76' title="bbox 617 4479 2197 4563">
    <p class='ocr_par' dir='ltr' id='par_1_76' title="bbox 617 4479 2197 4563">
     <span class='ocr_line' id='line_1_76' title="bbox 617 4479 2197 4563; baseline 0.016 -36"><span class='ocrx_word' id='word_1_517' title='bbox 617 4479 902 4550; x_wconf 70' lang='lat' dir='ltr'><strong>presbyter</strong></span> <span class='ocrx_word' id='word_1_518' title='bbox 949 4491 1002 4535; x_wconf 87' lang='lat' dir='ltr'><strong>et</strong></span> <span class='ocrx_word' id='word_1_519' title='bbox 1029 4485 1455 4543; x_wconf 83' lang='lat' dir='ltr'><strong>archimandrita</strong></span> <span class='ocrx_word' id='word_1_520' title='bbox 1495 4501 1549 4545; x_wconf 91' lang='lat' dir='ltr'><strong>et</strong></span> <span class='ocrx_word' id='word_1_521' title='bbox 1599 4509 1827 4563; x_wconf 78' lang='lat' dir='ltr'><strong>magnus</strong></span> <span class='ocrx_word' id='word_1_522' title='bbox 1860 4497 2001 4551; x_wconf 86' lang='lat' dir='ltr'><strong>inter</strong></span> <span class='ocrx_word' id='word_1_523' title='bbox 2041 4513 2197 4552; x_wconf 70' lang='lat' dir='ltr'><strong>exer-</strong></span> 
     </span>
    </p>
   </div>
   <div class='ocr_carea' id='block_1_77' title="bbox 2305 3281 3906 3360">
    <p class='ocr_par' dir='ltr' id='par_1_77' title="bbox 2305 3281 3906 3360">
     <span class='ocr_line' id='line_1_77' title="bbox 2305 3281 3906 3360; baseline -0.006 -15"><span class='ocrx_word' id='word_1_524' title='bbox 2305 3291 2493 3360; x_wconf 68' lang='grc' dir='ltr'>έτριψε</span> <span class='ocrx_word' id='word_1_525' title='bbox 2521 3289 2710 3353; x_wconf 65' lang='grc' dir='ltr'>διαϐὰς</span> <span class='ocrx_word' id='word_1_526' title='bbox 2743 3290 2829 3341; x_wconf 73' lang='grc' dir='ltr'>διὰ</span> <span class='ocrx_word' id='word_1_527' title='bbox 2856 3288 2950 3357; x_wconf 79' lang='grc' dir='ltr'>τὴν</span> <span class='ocrx_word' id='word_1_528' title='bbox 2985 3287 3204 3339; x_wconf 80' lang='grc' dir='ltr'>σύνοδον</span> <span class='ocrx_word' id='word_1_529' title='bbox 3230 3287 3286 3337; x_wconf 81' lang='grc' dir='ltr'><strong>ἐν</strong></span> <span class='ocrx_word' id='word_1_530' title='bbox 3316 3283 3394 3354; x_wconf 82' lang='grc' dir='ltr'>τῷ</span> <span class='ocrx_word' id='word_1_531' title='bbox 3422 3284 3556 3352; x_wconf 76' lang='grc' dir='ltr'>οἴκῳ</span> <span class='ocrx_word' id='word_1_532' title='bbox 3586 3282 3694 3334; x_wconf 82' lang='grc' dir='ltr'>τῶν</span> <span class='ocrx_word' id='word_1_533' title='bbox 3723 3281 3906 3347; x_wconf 78' lang='grc' dir='ltr'>ἁγίων</span> 
     </span>
    </p>
   </div>
   <div class='ocr_carea' id='block_1_78' title="bbox 2317 3373 3906 3450">
    <p class='ocr_par' dir='ltr' id='par_1_78' title="bbox 2317 3373 3906 3450">
     <span class='ocr_line' id='line_1_78' title="bbox 2317 3373 3906 3450; baseline -0.006 -14"><span class='ocrx_word' id='word_1_534' title='bbox 2317 3383 2652 3436; x_wconf 78' lang='grc' dir='ltr'>Ἀποστόλων</span> <span class='ocrx_word' id='word_1_535' title='bbox 2685 3382 2866 3450; x_wconf 88' lang='grc' dir='ltr'>τίμιον</span> <span class='ocrx_word' id='word_1_536' title='bbox 2896 3377 3061 3432; x_wconf 80' lang='grc' dir='ltr'>αὑτοῦ</span> <span class='ocrx_word' id='word_1_537' title='bbox 3098 3377 3350 3445; x_wconf 70' lang='grc' dir='ltr'>λείψανον</span> <span class='ocrx_word' id='word_1_538' title='bbox 3372 3375 3691 3428; x_wconf 72' lang='grc' dir='ltr'>ἀποθέσθαι.</span> <span class='ocrx_word' id='word_1_539' title='bbox 3720 3373 3906 3427; x_wconf 82' lang='grc' dir='ltr'>Τινῶν</span> 
     </span>
    </p>
   </div>
   <div class='ocr_carea' id='block_1_79' title="bbox 2304 3466 3907 3544">
    <p class='ocr_par' dir='ltr' id='par_1_79' title="bbox 2304 3466 3907 3544">
     <span class='ocr_line' id='line_1_79' title="bbox 2304 3466 3907 3544; baseline -0.002 -19"><span class='ocrx_word' id='word_1_540' title='bbox 2304 3477 2361 3530; x_wconf 75' lang='grc' dir='ltr'>δὲ</span> <span class='ocrx_word' id='word_1_541' title='bbox 2401 3481 2458 3530; x_wconf 80' lang='grc' dir='ltr'><strong>ἐν</strong></span> <span class='ocrx_word' id='word_1_542' title='bbox 2529 3475 2608 3544; x_wconf 85' lang='grc' dir='ltr'>τῷ</span> <span class='ocrx_word' id='word_1_543' title='bbox 2666 3475 2801 3542; x_wconf 75' lang='grc' dir='ltr'>οἴκῳ</span> <span class='ocrx_word' id='word_1_544' title='bbox 2856 3475 2951 3523; x_wconf 80' lang='grc' dir='ltr'><strong>τοῦ</strong></span> <span class='ocrx_word' id='word_1_545' title='bbox 3005 3470 3162 3538; x_wconf 82' lang='grc' dir='ltr'>ἁγίου</span> <span class='ocrx_word' id='word_1_546' title='bbox 3223 3467 3495 3539; x_wconf 78' lang='grc' dir='ltr'>Ζαχαρίου</span> <span class='ocrx_word' id='word_1_547' title='bbox 3538 3467 3615 3536; x_wconf 81' lang='grc' dir='ltr'>τῷ</span> <span class='ocrx_word' id='word_1_548' title='bbox 3664 3466 3780 3520; x_wconf 74' lang='grc' dir='ltr'>ὄντι</span> <span class='ocrx_word' id='word_1_549' title='bbox 3827 3471 3907 3532; x_wconf 84' lang='grc' dir='ltr'>ὡς</span> 
     </span>
    </p>
   </div>
   <div class='ocr_carea' id='block_1_80' title="bbox 2303 3559 3907 3637">
    <p class='ocr_par' dir='ltr' id='par_1_80' title="bbox 2303 3559 3907 3637">
     <span class='ocr_line' id='line_1_80' title="bbox 2303 3559 3907 3637; baseline -0.008 -14"><span class='ocrx_word' id='word_1_550' title='bbox 2303 3570 2413 3623; x_wconf 73' lang='grc' dir='ltr'><strong>ἀπὸ</strong></span> <span class='ocrx_word' id='word_1_551' title='bbox 2486 3568 2732 3637; x_wconf 82' lang='grc' dir='ltr'>σημείων</span> <span class='ocrx_word' id='word_1_552' title='bbox 2768 3568 2825 3618; x_wconf 82' lang='grc' dir='ltr'><strong>ἐν</strong></span> <span class='ocrx_word' id='word_1_553' title='bbox 2858 3565 3101 3634; x_wconf 83' lang='grc' dir='ltr'>κτήματι</span> <span class='ocrx_word' id='word_1_554' title='bbox 3154 3561 3434 3631; x_wconf 68' lang='grc' dir='ltr'>λεγομένῳ</span> <span class='ocrx_word' id='word_1_555' title='bbox 3465 3559 3786 3630; x_wconf 80' lang='grc' dir='ltr'>θεατρῴδει,</span> <span class='ocrx_word' id='word_1_556' title='bbox 3846 3562 3907 3612; x_wconf 83' lang='grc' dir='ltr'>αἱ</span> 
     </span>
    </p>
   </div>
   <div class='ocr_carea' id='block_1_81' title="bbox 2309 3653 3905 3726">
    <p class='ocr_par' dir='ltr' id='par_1_81' title="bbox 2309 3653 3905 3726">
     <span class='ocr_line' id='line_1_81' title="bbox 2309 3653 3905 3726; baseline -0.006 -10"><span class='ocrx_word' id='word_1_557' title='bbox 2309 3663 2401 3716; x_wconf 77' lang='grc' dir='ltr'><strong>ὑπ’</strong></span> <span class='ocrx_word' id='word_1_558' title='bbox 2434 3660 2599 3716; x_wconf 74' lang='grc' dir='ltr'>αὑτοῦ</span> <span class='ocrx_word' id='word_1_559' title='bbox 2645 3659 2997 3726; x_wconf 71' lang='grc' dir='ltr'>συναχθεῖσαι</span> <span class='ocrx_word' id='word_1_560' title='bbox 3060 3656 3198 3726; x_wconf 72' lang='grc' dir='ltr'>μετὰ</span> <span class='ocrx_word' id='word_1_561' title='bbox 3252 3653 3450 3706; x_wconf 86' lang='grc' dir='ltr'>πολλοῦ</span> <span class='ocrx_word' id='word_1_562' title='bbox 3499 3653 3737 3722; x_wconf 77' lang='grc' dir='ltr'>ὀδυρμοῦ</span> <span class='ocrx_word' id='word_1_563' title='bbox 3767 3657 3905 3718; x_wconf 75' lang='grc' dir='ltr'>τοὺς</span> 
     </span>
    </p>
   </div>
   <div class='ocr_carea' id='block_1_82' title="bbox 2304 3746 3902 3826">
    <p class='ocr_par' dir='ltr' id='par_1_82' title="bbox 2304 3746 3902 3826">
     <span class='ocr_line' id='line_1_82' title="bbox 2304 3746 3902 3826; baseline -0.007 -17"><span class='ocrx_word' id='word_1_564' title='bbox 2304 3754 2585 3826; x_wconf 79' lang='grc' dir='ltr'>παρόντας</span> <span class='ocrx_word' id='word_1_565' title='bbox 2647 3755 2914 3813; x_wconf 76' lang='grc' dir='ltr'>ἱκέτευον,</span> <span class='ocrx_word' id='word_1_566' title='bbox 2946 3751 3020 3817; x_wconf 86' lang='grc' dir='ltr'>μὴ</span> <span class='ocrx_word' id='word_1_567' title='bbox 3053 3748 3388 3822; x_wconf 78' lang='grc' dir='ltr'>χωρισθῆναι</span> <span class='ocrx_word' id='word_1_568' title='bbox 3423 3748 3513 3799; x_wconf 61' lang='grc' dir='ltr'>τὴν</span> <span class='ocrx_word' id='word_1_569' title='bbox 3544 3746 3761 3816; x_wconf 81' lang='grc' dir='ltr'>πατέρα</span> <span class='ocrx_word' id='word_1_570' title='bbox 3788 3749 3902 3800; x_wconf 69' lang='grc' dir='ltr'>τιίν</span> 
     </span>
    </p>
   </div>
   <div class='ocr_carea' id='block_1_83' title="bbox 2303 3838 3902 3909">
    <p class='ocr_par' dir='ltr' id='par_1_83' title="bbox 2303 3838 3902 3909">
     <span class='ocr_line' id='line_1_83' title="bbox 2303 3838 3902 3909; baseline -0.008 -8"><span class='ocrx_word' id='word_1_571' title='bbox 2303 3849 2533 3902; x_wconf 80' lang='grc' dir='ltr'>τέκνων.</span> <span class='ocrx_word' id='word_1_572' title='bbox 2559 3847 2695 3899; x_wconf 79' lang='grc' dir='ltr'>Τότε</span> <span class='ocrx_word' id='word_1_573' title='bbox 2731 3844 2851 3897; x_wconf 83' lang='grc' dir='ltr'>κατ’</span> <span class='ocrx_word' id='word_1_574' title='bbox 2888 3842 3138 3895; x_wconf 65' lang='grc' dir='ltr'>εὐδοκίαν</span> <span class='ocrx_word' id='word_1_575' title='bbox 3175 3839 3270 3894; x_wconf 86' lang='grc' dir='ltr'><strong>τοῦ</strong></span> <span class='ocrx_word' id='word_1_576' title='bbox 3302 3840 3436 3892; x_wconf 83' lang='grc' dir='ltr'>Θεοῦ</span> <span class='ocrx_word' id='word_1_577' title='bbox 3479 3839 3614 3909; x_wconf 74' lang='grc' dir='ltr'>πρὸς</span> <span class='ocrx_word' id='word_1_578' title='bbox 3661 3838 3761 3909; x_wconf 80' lang='grc' dir='ltr'>τὴν</span> <span class='ocrx_word' id='word_1_579' title='bbox 3789 3839 3902 3890; x_wconf 80' lang='grc' dir='ltr'><strong>τῶν</strong></span> 
     </span>
    </p>
   </div>
   <div class='ocr_carea' id='block_1_84' title="bbox 2310 3931 3905 4008">
    <p class='ocr_par' dir='ltr' id='par_1_84' title="bbox 2310 3931 3905 4008">
     <span class='ocr_line' id='line_1_84' title="bbox 2310 3931 3905 4008; baseline -0.009 -12"><span class='ocrx_word' id='word_1_580' title='bbox 2310 3945 2492 3996; x_wconf 84' lang='grc' dir='ltr'>ἐκεῖσε</span> <span class='ocrx_word' id='word_1_581' title='bbox 2549 3938 2830 4008; x_wconf 77' lang='grc' dir='ltr'>σωτηρίαν</span> <span class='ocrx_word' id='word_1_582' title='bbox 2887 3938 2944 3988; x_wconf 90' lang='grc' dir='ltr'><strong>ἐν</strong></span> <span class='ocrx_word' id='word_1_583' title='bbox 2993 3934 3072 4004; x_wconf 79' lang='grc' dir='ltr'>τῷ</span> <span class='ocrx_word' id='word_1_584' title='bbox 3099 3934 3264 3988; x_wconf 82' lang='grc' dir='ltr'>αὑτοῦ</span> <span class='ocrx_word' id='word_1_585' title='bbox 3290 3932 3566 3985; x_wconf 81' lang='grc' dir='ltr'>κτισθέντι</span> <span class='ocrx_word' id='word_1_586' title='bbox 3619 3931 3905 4001; x_wconf 82' lang='grc' dir='ltr'>εὐκτηρίῳ</span> 
     </span>
    </p>
   </div>
   <div class='ocr_carea' id='block_1_85' title="bbox 2305 4018 3905 4102">
    <p class='ocr_par' dir='ltr' id='par_1_85' title="bbox 2305 4018 3905 4102">
     <span class='ocr_line' id='line_1_85' title="bbox 2305 4018 3905 4102; baseline -0.008 -15"><span class='ocrx_word' id='word_1_587' title='bbox 2305 4036 2384 4099; x_wconf 80' lang='grc' dir='ltr'><strong>είς</strong></span> <span class='ocrx_word' id='word_1_588' title='bbox 2406 4032 2559 4097; x_wconf 82' lang='grc' dir='ltr'>τάξιν</span> <span class='ocrx_word' id='word_1_589' title='bbox 2612 4029 2980 4102; x_wconf 82' lang='grc' dir='ltr'>μοναστηρίου</span> <span class='ocrx_word' id='word_1_590' title='bbox 3008 4026 3299 4080; x_wconf 79' lang='grc' dir='ltr'>κατέθεντο</span> <span class='ocrx_word' id='word_1_591' title='bbox 3323 4025 3508 4089; x_wconf 77' lang='grc' dir='ltr'>αὐτὸν,</span> <span class='ocrx_word' id='word_1_592' title='bbox 3534 4018 3594 4078; x_wconf 77' lang='grc' dir='ltr'><strong>οὗ</strong></span> <span class='ocrx_word' id='word_1_593' title='bbox 3617 4023 3676 4076; x_wconf 80' lang='grc' dir='ltr'>τὸ</span> <span class='ocrx_word' id='word_1_594' title='bbox 3707 4024 3905 4093; x_wconf 78' lang='grc' dir='ltr'>μνῆμα</span> 
     </span>
    </p>
   </div>
   <div class='ocr_carea' id='block_1_86' title="bbox 2302 4114 3906 4194">
    <p class='ocr_par' dir='ltr' id='par_1_86' title="bbox 2302 4114 3906 4194">
     <span class='ocr_line' id='line_1_86' title="bbox 2302 4114 3906 4194; baseline -0.008 -13"><span class='ocrx_word' id='word_1_595' title='bbox 2302 4127 2390 4181; x_wconf 77' lang='grc' dir='ltr'><strong>διὰ</strong></span> <span class='ocrx_word' id='word_1_596' title='bbox 2447 4125 2550 4194; x_wconf 82' lang='grc' dir='ltr'>τῆς</span> <span class='ocrx_word' id='word_1_597' title='bbox 2603 4121 2948 4192; x_wconf 79' lang='grc' dir='ltr'>πολυτρόπου</span> <span class='ocrx_word' id='word_1_598' title='bbox 3025 4118 3437 4188; x_wconf 81' lang='grc' dir='ltr'>φιλανθρωπίας</span> <span class='ocrx_word' id='word_1_599' title='bbox 3501 4117 3595 4169; x_wconf 88' lang='grc' dir='ltr'><strong>τοῦ</strong></span> <span class='ocrx_word' id='word_1_600' title='bbox 3656 4114 3906 4185; x_wconf 73' lang='grc' dir='ltr'>Χριστοῦ</span> 
     </span>
    </p>
   </div>
   <div class='ocr_carea' id='block_1_87' title="bbox 2305 4211 3251 4290">
    <p class='ocr_par' dir='ltr' id='par_1_87' title="bbox 2305 4211 3251 4290">
     <span class='ocr_line' id='line_1_87' title="bbox 2305 4211 3251 4290; baseline -0.011 -16"><span class='ocrx_word' id='word_1_601' title='bbox 2305 4219 2432 4290; x_wconf 85' lang='grc' dir='ltr'>ἄχρι</span> <span class='ocrx_word' id='word_1_602' title='bbox 2490 4217 2586 4272; x_wconf 85' lang='grc' dir='ltr'><strong>τοῦ</strong></span> <span class='ocrx_word' id='word_1_603' title='bbox 2648 4215 2744 4270; x_wconf 87' lang='grc' dir='ltr'><strong>νῦν</strong></span> <span class='ocrx_word' id='word_1_604' title='bbox 2781 4215 2952 4276; x_wconf 78' lang='grc' dir='ltr'>ἰάσεις</span> <span class='ocrx_word' id='word_1_605' title='bbox 2990 4211 3251 4264; x_wconf 82' lang='grc' dir='ltr'>ἐπιτελεῖ.</span> 
     </span>
    </p>
   </div>
   <div class='ocr_carea' id='block_1_88' title="bbox 2375 4393 3904 4467">
    <p class='ocr_par' dir='ltr' id='par_1_88' title="bbox 2375 4393 3904 4467">
     <span class='ocr_line' id='line_1_88' title="bbox 2375 4393 3904 4467; baseline -0.008 -12"><span class='ocrx_word' id='word_1_606' title='bbox 2375 4399 2494 4455; x_wconf 85' lang='grc' dir='ltr'>ΞΖ’.</span> <span class='ocrx_word' id='word_1_607' title='bbox 2532 4395 2857 4467; x_wconf 85' lang='grc' dir='ltr'>Ἐτελειὼθη</span> <span class='ocrx_word' id='word_1_608' title='bbox 2886 4396 2943 4448; x_wconf 83' lang='grc' dir='ltr'>δὲ</span> <span class='ocrx_word' id='word_1_609' title='bbox 2970 4397 2998 4448; x_wconf 83' lang='grc' dir='ltr'>ὁ</span> <span class='ocrx_word' id='word_1_610' title='bbox 3030 4397 3088 4449; x_wconf 89' lang='grc' dir='ltr'><strong>ἐν</strong></span> <span class='ocrx_word' id='word_1_611' title='bbox 3116 4395 3292 4462; x_wconf 85' lang='grc' dir='ltr'>άγιοις</span> <span class='ocrx_word' id='word_1_612' title='bbox 3327 4393 3520 4462; x_wconf 73' lang='grc' dir='ltr'>Πατὴρ</span> <span class='ocrx_word' id='word_1_613' title='bbox 3550 4393 3706 4462; x_wconf 68' lang='grc' dir='ltr'>ἡμων</span> <span class='ocrx_word' id='word_1_614' title='bbox 3741 4408 3904 4461; x_wconf 85' lang='grc' dir='ltr'>πρεσ-</span> 
     </span>
    </p>
   </div>
   <div class='ocr_carea' id='block_1_89' title="bbox 2306 4482 3905 4560">
    <p class='ocr_par' dir='ltr' id='par_1_89' title="bbox 2306 4482 3905 4560">
     <span class='ocr_line' id='line_1_89' title="bbox 2306 4482 3905 4560; baseline -0.009 -15"><span class='ocrx_word' id='word_1_615' title='bbox 2306 4491 2534 4560; x_wconf 80' lang='grc' dir='ltr'>ϐύτερος</span> <span class='ocrx_word' id='word_1_616' title='bbox 2583 4491 2678 4544; x_wconf 71' lang='grc' dir='ltr'>καὶ</span> <span class='ocrx_word' id='word_1_617' title='bbox 2707 4485 3144 4557; x_wconf 82' lang='grc' dir='ltr'>ἁρχιμανδρίτης</span> <span class='ocrx_word' id='word_1_618' title='bbox 3185 4484 3280 4536; x_wconf 74' lang='grc' dir='ltr'>καὶ</span> <span class='ocrx_word' id='word_1_619' title='bbox 3317 4482 3490 4551; x_wconf 80' lang='grc' dir='ltr'>μέγας</span> <span class='ocrx_word' id='word_1_620' title='bbox 3535 4483 3593 4533; x_wconf 92' lang='grc' dir='ltr'><strong>ἐν</strong></span> <span class='ocrx_word' id='word_1_621' title='bbox 3625 4482 3905 4550; x_wconf 79' lang='grc' dir='ltr'>άσκηταίς</span> 
     </span>
    </p>
   </div>
   <div class='ocr_carea' id='block_1_90' title="bbox 613 4559 2198 4653">
    <p class='ocr_par' dir='ltr' id='par_1_90' title="bbox 613 4573 2197 4652">
     <span class='ocr_line' id='line_1_90' title="bbox 613 4573 2197 4652; baseline 0.013 -26"><span class='ocrx_word' id='word_1_622' title='bbox 613 4573 874 4630; x_wconf 86' lang='lat' dir='ltr'><strong>citatores</strong></span> <span class='ocrx_word' id='word_1_623' title='bbox 901 4573 1202 4633; x_wconf 82' lang='lat' dir='ltr'><strong>Auxentius</strong></span> <span class='ocrx_word' id='word_1_624' title='bbox 1234 4580 1284 4633; x_wconf 92' lang='lat' dir='ltr'><strong>iu</strong></span> <span class='ocrx_word' id='word_1_625' title='bbox 1315 4579 1544 4648; x_wconf 88' lang='lat' dir='ltr'><strong>imperio</strong></span> <span class='ocrx_word' id='word_1_626' title='bbox 1561 4585 1632 4652; x_wconf 88' lang='lat' dir='ltr'><strong>pii</strong></span> <span class='ocrx_word' id='word_1_627' title='bbox 1653 4598 1706 4640; x_wconf 92' lang='lat' dir='ltr'><strong>et</strong></span> <span class='ocrx_word' id='word_1_628' title='bbox 1733 4587 1936 4643; x_wconf 84' lang='lat' dir='ltr'><strong>Christi</strong></span> <span class='ocrx_word' id='word_1_629' title='bbox 1962 4593 2197 4648; x_wconf 88' lang='lat' dir='ltr'><strong>amantis</strong></span> 
     </span>
    </p>
   </div>
   <div class='ocr_carea' id='block_1_91' title="bbox 2303 4559 3901 4653">
    <p class='ocr_par' dir='ltr' id='par_1_91' title="bbox 2303 4559 3901 4653">
     <span class='ocr_line' id='line_1_91' title="bbox 2303 4559 3901 4653; baseline -0.008 -14"><span class='ocrx_word' id='word_1_630' title='bbox 2303 4559 2594 4653; x_wconf 78' lang='grc' dir='ltr'>Αὐξέντιος</span> <span class='ocrx_word' id='word_1_631' title='bbox 2644 4585 2702 4636; x_wconf 90' lang='grc' dir='ltr'><strong>ἐν</strong></span> <span class='ocrx_word' id='word_1_632' title='bbox 2759 4584 2826 4652; x_wconf 79' lang='grc' dir='ltr'>τῇ</span> <span class='ocrx_word' id='word_1_633' title='bbox 2870 4579 3123 4650; x_wconf 74' lang='grc' dir='ltr'>βασιλείᾳ</span> <span class='ocrx_word' id='word_1_634' title='bbox 3179 4579 3273 4632; x_wconf 86' lang='grc' dir='ltr'><strong>τοῦ</strong></span> <span class='ocrx_word' id='word_1_635' title='bbox 3323 4577 3677 4648; x_wconf 81' lang='grc' dir='ltr'>φιλοχρίστου</span> <span class='ocrx_word' id='word_1_636' title='bbox 3725 4575 3901 4630; x_wconf 85' lang='grc' dir='ltr'>Λέον-</span> 
     </span>
    </p>
   </div>
   <div class='ocr_carea' id='block_1_92' title="bbox 615 4663 2194 4752">
    <p class='ocr_par' dir='ltr' id='par_1_92' title="bbox 615 4663 2194 4752">
     <span class='ocr_line' id='line_1_92' title="bbox 615 4663 2194 4752; baseline 0.013 -35"><span class='ocrx_word' id='word_1_637' title='bbox 615 4663 870 4732; x_wconf 82' lang='lat' dir='ltr'><strong>Zenonis,</strong></span> <span class='ocrx_word' id='word_1_638' title='bbox 902 4665 1183 4724; x_wconf 83' lang='lat' dir='ltr'><strong>Fehruarii</strong></span> <span class='ocrx_word' id='word_1_639' title='bbox 1209 4675 1414 4730; x_wconf 89' lang='lat' dir='ltr'><strong>mensis</strong></span> <span class='ocrx_word' id='word_1_640' title='bbox 1443 4693 1550 4732; x_wconf 76' lang='lat' dir='ltr'><strong>XIV.</strong></span> <span class='ocrx_word' id='word_1_641' title='bbox 1584 4676 1710 4734; x_wconf 79' lang='lat' dir='ltr'><strong>Fuit</strong></span> <span class='ocrx_word' id='word_1_642' title='bbox 1739 4695 1872 4734; x_wconf 79' lang='lat' dir='ltr'><strong>vero</strong></span> <span class='ocrx_word' id='word_1_643' title='bbox 1915 4683 2194 4752; x_wconf 84' lang='lat' dir='ltr'><strong>depositus</strong></span> 
     </span>
    </p>
   </div>
   <div class='ocr_carea' id='block_1_93' title="bbox 616 4757 2189 4846">
    <p class='ocr_par' dir='ltr' id='par_1_93' title="bbox 616 4757 2189 4846">
     <span class='ocr_line' id='line_1_93' title="bbox 616 4757 2189 4846; baseline 0.014 -38"><span class='ocrx_word' id='word_1_644' title='bbox 616 4757 672 4809; x_wconf 87' lang='lat' dir='ltr'><strong>in</strong></span> <span class='ocrx_word' id='word_1_645' title='bbox 706 4760 966 4826; x_wconf 66' lang='lat' dir='ltr'><strong>praedicto</strong></span> <span class='ocrx_word' id='word_1_646' title='bbox 995 4767 1349 4832; x_wconf 88' lang='lat' dir='ltr'><strong>monasterio,</strong></span> <span class='ocrx_word' id='word_1_647' title='bbox 1390 4769 1455 4841; x_wconf 82' lang='lat' dir='ltr'><strong>ad</strong></span> <span class='ocrx_word' id='word_1_648' title='bbox 1487 4770 1717 4840; x_wconf 78' lang='lat' dir='ltr'><strong>gloriam</strong></span> <span class='ocrx_word' id='word_1_649' title='bbox 1750 4771 1846 4828; x_wconf 90' lang='lat' dir='ltr'><strong>Dei</strong></span> <span class='ocrx_word' id='word_1_650' title='bbox 1874 4777 2069 4841; x_wconf 89' lang='lat' dir='ltr'><strong>nostri,</strong></span> <span class='ocrx_word' id='word_1_651' title='bbox 2100 4779 2189 4846; x_wconf 89' lang='lat' dir='ltr'><strong>qui</strong></span> 
     </span>
    </p>
   </div>
   <div class='ocr_carea' id='block_1_94' title="bbox 613 4851 2193 4926">
    <p class='ocr_par' dir='ltr' id='par_1_94' title="bbox 613 4851 2193 4926">
     <span class='ocr_line' id='line_1_94' title="bbox 613 4851 2193 4926; baseline 0.014 -26"><span class='ocrx_word' id='word_1_652' title='bbox 613 4857 873 4914; x_wconf 89' lang='lat' dir='ltr'><strong>operatur</strong></span> <span class='ocrx_word' id='word_1_653' title='bbox 895 4851 1035 4906; x_wconf 86' lang='lat' dir='ltr'><strong>dona</strong></span> <span class='ocrx_word' id='word_1_654' title='bbox 1064 4853 1116 4908; x_wconf 90' lang='lat' dir='ltr'><strong>in</strong></span> <span class='ocrx_word' id='word_1_655' title='bbox 1153 4859 1357 4911; x_wconf 80' lang='lat' dir='ltr'><strong>sanctis</strong></span> <span class='ocrx_word' id='word_1_656' title='bbox 1385 4859 1518 4914; x_wconf 87' lang='lat' dir='ltr'><strong>suis.</strong></span> <span class='ocrx_word' id='word_1_657' title='bbox 1557 4860 1823 4926; x_wconf 82' lang='lat' dir='ltr'><strong>Quoniam</strong></span> <span class='ocrx_word' id='word_1_658' title='bbox 1875 4881 1997 4919; x_wconf 91' lang='lat' dir='ltr'><strong>eum</strong></span> <span class='ocrx_word' id='word_1_659' title='bbox 2033 4867 2193 4922; x_wconf 90' lang='lat' dir='ltr'><strong>decet</strong></span> 
     </span>
    </p>
   </div>
   <div class='ocr_carea' id='block_1_95' title="bbox 613 4940 2196 5029">
    <p class='ocr_par' dir='ltr' id='par_1_95' title="bbox 613 4940 2196 5029">
     <span class='ocr_line' id='line_1_95' title="bbox 613 4940 2196 5029; baseline 0.018 -39"><span class='ocrx_word' id='word_1_660' title='bbox 613 4940 783 5011; x_wconf 75' lang='lat' dir='ltr'><strong>gloria</strong></span> <span class='ocrx_word' id='word_1_661' title='bbox 813 4958 935 4996; x_wconf 91' lang='lat' dir='ltr'><strong>cum</strong></span> <span class='ocrx_word' id='word_1_662' title='bbox 974 4945 1130 5001; x_wconf 83' lang='lat' dir='ltr'><strong>Patre</strong></span> <span class='ocrx_word' id='word_1_663' title='bbox 1160 4959 1216 5004; x_wconf 89' lang='lat' dir='ltr'><strong>et</strong></span> <span class='ocrx_word' id='word_1_664' title='bbox 1241 4961 1429 5006; x_wconf 87' lang='lat' dir='ltr'><strong>sancto</strong></span> <span class='ocrx_word' id='word_1_665' title='bbox 1453 4951 1682 5023; x_wconf 86' lang='lat' dir='ltr'><strong>Spiritu,</strong></span> <span class='ocrx_word' id='word_1_666' title='bbox 1720 4973 1864 5013; x_wconf 91' lang='lat' dir='ltr'><strong>nunc</strong></span> <span class='ocrx_word' id='word_1_667' title='bbox 1891 4969 1946 5014; x_wconf 93' lang='lat' dir='ltr'><strong>ct</strong></span> <span class='ocrx_word' id='word_1_668' title='bbox 1981 4975 2196 5029; x_wconf 82' lang='lat' dir='ltr'><strong>semper</strong></span> 
     </span>
    </p>
   </div>
   <div class='ocr_carea' id='block_1_96' title="bbox 615 5034 1579 5100">
    <p class='ocr_par' dir='ltr' id='par_1_96' title="bbox 615 5034 1579 5100">
     <span class='ocr_line' id='line_1_96' title="bbox 615 5034 1579 5100; baseline 0.018 -17"><span class='ocrx_word' id='word_1_669' title='bbox 615 5041 670 5084; x_wconf 88' lang='lat' dir='ltr'><strong>et</strong></span> <span class='ocrx_word' id='word_1_670' title='bbox 700 5034 749 5086; x_wconf 90' lang='lat' dir='ltr'><strong>in</strong></span> <span class='ocrx_word' id='word_1_671' title='bbox 781 5034 978 5090; x_wconf 70' lang='lat' dir='ltr'><strong>smcula</strong></span> <span class='ocrx_word' id='word_1_672' title='bbox 1005 5041 1352 5096; x_wconf 71' lang='lat' dir='ltr'><strong>SIDOIIlOl‘um.</strong></span> <span class='ocrx_word' id='word_1_673' title='bbox 1386 5045 1579 5100; x_wconf 80' lang='lat' dir='ltr'><strong>Amen.</strong></span> 
     </span>
    </p>
   </div>
   <div class='ocr_carea' id='block_1_97' title="bbox 687 5305 1202 5378">
    <p class='ocr_par' dir='ltr' id='par_1_97' title="bbox 687 5305 1202 5378">
     <span class='ocr_line' id='line_1_97' title="bbox 687 5305 1202 5378; baseline 0.012 -18"><span class='ocrx_word' id='word_1_674' title='bbox 687 5305 733 5337; x_wconf 82' lang='grc'>³³</span> <span class='ocrx_word' id='word_1_675' title='bbox 775 5307 791 5361; x_wconf 96' lang='lat' dir='ltr'><strong>I</strong></span> <span class='ocrx_word' id='word_1_676' title='bbox 820 5306 948 5362; x_wconf 89' lang='lat' dir='ltr'><strong>Cor.</strong></span> <span class='ocrx_word' id='word_1_677' title='bbox 987 5325 1084 5378; x_wconf 87' lang='lat' dir='ltr'><strong>vtt,</strong></span> <span class='ocrx_word' id='word_1_678' title='bbox 1111 5312 1202 5366; x_wconf 81' lang='lat' dir='ltr'><strong>5i.</strong></span> 
     </span>
    </p>
   </div>
   <div class='ocr_carea' id='block_1_98' title="bbox 692 5465 2084 5546">
    <p class='ocr_par' dir='ltr' id='par_1_98' title="bbox 692 5465 2084 5546">
     <span class='ocr_line' id='line_1_98' title="bbox 692 5465 2084 5546; baseline 0.005 -22"><span class='ocrx_word' id='word_1_679' title='bbox 692 5466 806 5540; x_wconf 71' lang='grc' dir='ltr'><strong>(Ιὲ)</strong></span> <span class='ocrx_word' id='word_1_680' title='bbox 848 5465 1143 5543; x_wconf 90' lang='lat' dir='ltr'><strong>lnterpres,</strong></span> <span class='ocrx_word' id='word_1_681' title='bbox 1176 5471 1424 5542; x_wconf 75' lang='lat' dir='ltr'><strong>Zenonis,</strong></span> <span class='ocrx_word' id='word_1_682' title='bbox 1457 5474 1547 5546; x_wconf 85' lang='lat' dir='ltr'><strong>qui</strong></span> <span class='ocrx_word' id='word_1_683' title='bbox 1592 5473 1760 5532; x_wconf 85' lang='lat' dir='ltr'><strong>Leoni</strong></span> <span class='ocrx_word' id='word_1_684' title='bbox 1799 5478 2084 5533; x_wconf 84' lang='lat' dir='ltr'><strong>successit.</strong></span> 
     </span>
    </p>
   </div>
   <div class='ocr_carea' id='block_1_99' title="bbox 2295 4668 3903 4747">
    <p class='ocr_par' dir='ltr' id='par_1_99' title="bbox 2295 4668 3903 4747">
     <span class='ocr_line' id='line_1_99' title="bbox 2295 4668 3903 4747; baseline -0.007 -16"><span class='ocrx_word' id='word_1_685' title='bbox 2295 4696 2387 4741; x_wconf 89' lang='grc' dir='ltr'><strong>τος</strong></span> <span class='ocrx_word' id='word_1_686' title='bbox 2416 4675 2562 4747; x_wconf 71' lang='grc'>(12),</span> <span class='ocrx_word' id='word_1_687' title='bbox 2600 4675 2732 4746; x_wconf 72' lang='grc' dir='ltr'>μηνὶ</span> <span class='ocrx_word' id='word_1_688' title='bbox 2759 4673 3116 4743; x_wconf 72' lang='grc' dir='ltr'>Φεϐρουαρίῳ</span> <span class='ocrx_word' id='word_1_689' title='bbox 3162 4668 3767 4740; x_wconf 78' lang='grc' dir='ltr'>τεσσαρεσκαιδεκάτῃ,</span> <span class='ocrx_word' id='word_1_690' title='bbox 3805 4670 3903 4720; x_wconf 80' lang='grc' dir='ltr'>καὶ</span> 
     </span>
    </p>
   </div>
   <div class='ocr_carea' id='block_1_100' title="bbox 2296 4760 3900 4838">
    <p class='ocr_par' dir='ltr' id='par_1_100' title="bbox 2296 4760 3900 4838">
     <span class='ocr_line' id='line_1_100' title="bbox 2296 4760 3900 4838; baseline -0.012 -15"><span class='ocrx_word' id='word_1_691' title='bbox 2296 4768 2565 4838; x_wconf 86' lang='grc' dir='ltr'>κατετέθη</span> <span class='ocrx_word' id='word_1_692' title='bbox 2605 4769 2662 4820; x_wconf 88' lang='grc' dir='ltr'><strong>ἐν</strong></span> <span class='ocrx_word' id='word_1_693' title='bbox 2726 4766 2805 4837; x_wconf 81' lang='grc' dir='ltr'>τῷ</span> <span class='ocrx_word' id='word_1_694' title='bbox 2853 4765 3244 4837; x_wconf 68' lang='grc' dir='ltr'>προειρημένῳ</span> <span class='ocrx_word' id='word_1_695' title='bbox 3291 4763 3570 4833; x_wconf 82' lang='grc' dir='ltr'>εὐκτηρίῳ</span> <span class='ocrx_word' id='word_1_696' title='bbox 3626 4765 3705 4824; x_wconf 85' lang='grc' dir='ltr'><strong>εἰς</strong></span> <span class='ocrx_word' id='word_1_697' title='bbox 3736 4760 3900 4825; x_wconf 78' lang='grc' dir='ltr'>δόξαν</span> 
     </span>
    </p>
   </div>
   <div class='ocr_carea' id='block_1_101' title="bbox 2293 4855 3898 4934">
    <p class='ocr_par' dir='ltr' id='par_1_101' title="bbox 2293 4855 3898 4934">
     <span class='ocr_line' id='line_1_101' title="bbox 2293 4855 3898 4934; baseline -0.006 -18"><span class='ocrx_word' id='word_1_698' title='bbox 2293 4860 2538 4934; x_wconf 78' lang='grc' dir='ltr'>Χριστοῦ</span> <span class='ocrx_word' id='word_1_699' title='bbox 2574 4860 2670 4913; x_wconf 89' lang='grc' dir='ltr'><strong>τοῦ</strong></span> <span class='ocrx_word' id='word_1_700' title='bbox 2703 4859 2840 4912; x_wconf 87' lang='grc' dir='ltr'>Θεοῦ</span> <span class='ocrx_word' id='word_1_701' title='bbox 2896 4858 3054 4929; x_wconf 83' lang='grc' dir='ltr'>ἡμῶν</span> <span class='ocrx_word' id='word_1_702' title='bbox 3087 4857 3182 4910; x_wconf 88' lang='grc' dir='ltr'><strong>τοῦ</strong></span> <span class='ocrx_word' id='word_1_703' title='bbox 3229 4855 3660 4924; x_wconf 74' lang='grc' dir='ltr'>ἐνδοξαζομένου</span> <span class='ocrx_word' id='word_1_704' title='bbox 3689 4857 3749 4907; x_wconf 87' lang='grc' dir='ltr'><strong>ἐν</strong></span> <span class='ocrx_word' id='word_1_705' title='bbox 3783 4857 3898 4917; x_wconf 84' lang='grc' dir='ltr'>τοῖς</span> 
     </span>
    </p>
   </div>
   <div class='ocr_carea' id='block_1_102' title="bbox 2295 4946 3900 5024">
    <p class='ocr_par' dir='ltr' id='par_1_102' title="bbox 2295 4946 3900 5024">
     <span class='ocr_line' id='line_1_102' title="bbox 2295 4946 3900 5024; baseline -0.009 -14"><span class='ocrx_word' id='word_1_706' title='bbox 2295 4955 2475 5024; x_wconf 84' lang='grc' dir='ltr'>ἁγίοις</span> <span class='ocrx_word' id='word_1_707' title='bbox 2504 4952 2694 5017; x_wconf 79' lang='grc' dir='ltr'>αὐτοῦ,</span> <span class='ocrx_word' id='word_1_708' title='bbox 2725 4950 2985 5021; x_wconf 81' lang='grc' dir='ltr'>ὄτιαὺτῷ</span> <span class='ocrx_word' id='word_1_709' title='bbox 3028 4950 3232 5022; x_wconf 89' lang='grc' dir='ltr'>πρέπει</span> <span class='ocrx_word' id='word_1_710' title='bbox 3288 4949 3413 5013; x_wconf 79' lang='grc' dir='ltr'>δόξα</span> <span class='ocrx_word' id='word_1_711' title='bbox 3446 4947 3543 5000; x_wconf 74' lang='grc' dir='ltr'>σὺν</span> <span class='ocrx_word' id='word_1_712' title='bbox 3593 4946 3673 5016; x_wconf 78' lang='grc' dir='ltr'>τῷ</span> <span class='ocrx_word' id='word_1_713' title='bbox 3722 4946 3900 5014; x_wconf 70' lang='lat' dir='ltr'>[hth</span> 
     </span>
    </p>
   </div>
   <div class='ocr_carea' id='block_1_103' title="bbox 2306 5037 3898 5117">
    <p class='ocr_par' dir='ltr' id='par_1_103' title="bbox 2306 5037 3898 5117">
     <span class='ocr_line' id='line_1_103' title="bbox 2306 5037 3898 5117; baseline -0.008 -13"><span class='ocrx_word' id='word_1_714' title='bbox 2306 5051 2404 5105; x_wconf 69' lang='grc' dir='ltr'>καὶ</span> <span class='ocrx_word' id='word_1_715' title='bbox 2466 5047 2544 5117; x_wconf 82' lang='grc' dir='ltr'>τῷ</span> <span class='ocrx_word' id='word_1_716' title='bbox 2592 5047 2734 5117; x_wconf 77' lang='grc' dir='ltr'>ἁγίῳ</span> <span class='ocrx_word' id='word_1_717' title='bbox 2770 5045 3076 5114; x_wconf 72' lang='grc' dir='ltr'>Πνεῦματι,</span> <span class='ocrx_word' id='word_1_718' title='bbox 3132 5043 3228 5097; x_wconf 85' lang='grc' dir='ltr'><strong>νῦν</strong></span> <span class='ocrx_word' id='word_1_719' title='bbox 3281 5042 3372 5095; x_wconf 74' lang='grc' dir='ltr'>καὶ</span> <span class='ocrx_word' id='word_1_720' title='bbox 3399 5039 3486 5094; x_wconf 74' lang='grc' dir='ltr'><strong>ἀεὶ</strong></span> <span class='ocrx_word' id='word_1_721' title='bbox 3529 5039 3626 5094; x_wconf 72' lang='grc' dir='ltr'>καὶ</span> <span class='ocrx_word' id='word_1_722' title='bbox 3663 5041 3744 5104; x_wconf 83' lang='grc' dir='ltr'><strong>είς</strong></span> <span class='ocrx_word' id='word_1_723' title='bbox 3772 5037 3898 5092; x_wconf 72' lang='grc' dir='ltr'>τοῦ·</span> 
     </span>
    </p>
   </div>
   <div class='ocr_carea' id='block_1_104' title="bbox 2305 5137 3136 5208">
    <p class='ocr_par' dir='ltr' id='par_1_104' title="bbox 2305 5137 3136 5208">
     <span class='ocr_line' id='line_1_104' title="bbox 2305 5137 3136 5208; baseline -0.007 -12"><span class='ocrx_word' id='word_1_724' title='bbox 2305 5142 2507 5204; x_wconf 80' lang='grc' dir='ltr'>αἰῶνας</span> <span class='ocrx_word' id='word_1_725' title='bbox 2532 5141 2640 5194; x_wconf 84' lang='grc' dir='ltr'>τῶν</span> <span class='ocrx_word' id='word_1_726' title='bbox 2665 5139 2900 5192; x_wconf 79' lang='grc' dir='ltr'>αἰώνων.</span> <span class='ocrx_word' id='word_1_727' title='bbox 2939 5137 3136 5208; x_wconf 69' lang='grc' dir='ltr'>Ἀμήν.</span> 
     </span>
    </p>
   </div>
  </div>
