4160 6422
285 400 424 471 1437

1550 417 1734 481 νιΤΑ
1764 420 1825 480 8.
1856 420 2229 486 JULIANAS.

3409 433 3549 500 1438

337 554 3039 607 Mm

1516 762 2399 883 ΜΑΡΤΥΡΙΟΝ

920 1010 1140 1099 ΤΗΣ
1212 1005 1538 1101 ΑΓΙΑΣ
1610 1016 2194 1105 ΜΑΡΤΥΡΟΣ
2269 1012 2886 1108 ΙΟΥΛΙΑΝΗΣ

1535 1203 1675 1261 THE
1713 1205 1808 1261 EN
1844 1204 2262 1278 ΝΙΚΟΜΗΔΙᾼ.

1537 1551 1693 1640 MA
1721 1554 2276 1647 RTYBIUM

845 1757 1456 1876 SANCT/E
1531 1764 2185 1880 JULIANAZ
2267 1767 3014 1883 MARTYRIS

1240 1984 1426 2059 quas
1469 1985 1550 2047 IN
1595 1966 2051 2050 NICOMEDIA
2092 1990 2337 2052 PASSA
2371 1991 2542 2052 ES'i‘.

283 2152 485 2218 (Latine
514 2151 644 2217 apud
668 2151 867 2203 Surium
891 2151 951 2202 ad
971 2152 1106 2203 diem
1132 2150 1189 2202 16
1209 2151 1470 2205 Februarii
1496 2150 1602 2218 (l);
1625 2154 1798 2206 Graece
1821 2153 1965 2204 nobis
1987 2154 2275 2219 suppeditat
2311 2158 2470 2207 codex
2496 2168 2589 2208 ms.
2615 2157 2742 2221 Reg.
2779 2157 2937 2208 Paris.
2975 2171 3029 2207 ιι.
3051 2157 3166 2208 92!.
3200 2158 3339 2209 Eutr.
3367 2157 3548 2225 Pan.)

350 2463 427 2516 A'.
470 2460 581 2515 Kal.
602 2459 865 2532 καλλίστη
892 2459 1000 2513 τῶν
1027 2460 1287 2533 πόλεωνὴ
1324 2461 1674 2534 Νικομήδους
1707 2463 1854 2534 φημὶ

2029 2461 2073 2516 1.
2106 2461 2284 2516 Etiam
2337 2462 2617 2516 civitatum
2678 2460 3067 2531 pulcherrima,
3093 2459 3431 2528 Nicomedia,
3464 2463 3550 2515 in-

279 2550 625 2621 Μαξιμιανοῦ
661 2550 753 2602 τοῦ
802 2548 1098 2614 δυσσεϐοῦς
1153 2552 1418 2622 ἄρξαντος
1458 2554 1862 2627 ὲμφιλοχηροῦν

278 2648 514 2716 τοσαύτη
549 2647 872 2710 κατείδωλος
911 2644 981 2717 ἦν
1003 2667 1017 2680 ο
1043 2648 1254 2702 ἐκεῖθεν
1278 2645 1372 2703 οὖν
1400 2650 1541 2721 ἁνήρ
1562 2668 1646 2715 τις
1672 2650 1861 2722 ὁρμώ-

284 2755 442 2808 μενος
469 2737 713 2807 τοῦνομα
756 2736 1049 2802 Ἐλεύσιος,
1081 2735 1161 2801 εἷς
1189 2741 1454 2812 ὑπάρχων
1482 2743 1592 2795 τῶν
1615 2746 1714 2812 τῆς
1739 2743 1861 2813 βου-

277 2827 378 2899 λῆς
402 2829 500 2881 καὶ
534 2829 686 2896 φίλος
717 2830 816 2899 μὲν
843 2829 923 2900 τῷ
968 2829 1283 2899 κρατοῦντι,
1326 2832 1480 2901 φίλος
1513 2832 1571 2886 δὲ
1603 2833 1823 2902 δαίμοσι
1844 2850 1858 2865 ·

281 2920 643 2989 μνηστεύεται
701 2921 892 2992 κόρην,
936 2921 1036 2989 τὴν
1075 2920 1226 2992 ὤραν
1272 2921 1554 2993 λαμπρὰν,
1597 2925 1659 2976 τὸ
1705 2927 1862 2992 γένος

278 3013 543 3083 ἐπιφανῆ,
572 3012 663 3067 τὸν
701 3014 904 3084 τρόπον
937 3014 1230 3086 ἐπαινετὴν
1280 3015 1374 3068 καὶ
1405 3016 1716 3087 φιλάρετον,
1752 3033 1862 3070 σω-

280 3102 556 3172 φροσύνης
608 3102 706 3172 οὐχ
750 3102 953 3173 ἥκιστα
1000 3104 1471 3175 μεταποιουμένην
1520 3104 1614 3158 καὶ
1657 3103 1861 3175 ταύτην

278 3195 481 3265 κόσμον
519 3195 721 3265 ἑαυτῆς
767 3196 971 3249 εἰδυῖαν
998 3211 1012 3226 ·
1050 3196 1110 3250 τὸ
1143 3197 1363 3249 πάντων
1415 3197 1602 3267 μεῖζον
1646 3199 1741 3250 καὶ
1772 3214 1879 3251 τεο.

277 3284 547 3339 λεὼτατον
581 3286 715 3339 πολὺ
754 3286 816 3338 τὸ
859 3286 1083 3349 εὐσεϐὲς
1109 3289 1190 3350 είς
1207 3286 1448 3357 Χριστὸν
1478 3280 1859 3358 κεκτημένηνο

275 3376 455 3429 καίτοι
480 3392 543 3445 γε
572 3377 635 3429 οὐ
662 3374 835 3439 καλὰς
858 3378 921 3430 ὲκ
947 3378 1289 3448 γεννητόρων
1315 3376 1515 3448 ἔχουσα
1543 3380 1678 3447 πρὸς
1702 3378 1863 3434 τοῦτο

272 3468 372 3533 τὰς
401 3468 658 3540 ἀφορμάς
684 3486 700 3502 ο
732 3470 918 3540 πατὴρ
953 3470 1056 3539 μὲν
1105 3470 1217 3541 γὰρ
1261 3472 1398 3541 αὐτῇ
1441 3472 1527 3525 ἐπ’
1570 3473 1694 3541 ίσης
1727 3472 1860 3527 ’Ἑλο

274 3557 401 3629 λησί
428 3575 484 3612 τε
508 3559 664 3628 φίλος
685 3562 781 3614 καὶ
808 3562 1159 3631 Χριστιανοῖς
1185 3562 1402 3634 ἄμαχος
1432 3563 1647 3634 ἔχθρὺς,
1677 3565 1863 3635 μήτηρ

273 3653 333 3707 δὲ
398 3653 651 3725 μεθόριον
686 3653 1015 3724 ὲλληνισμοῦ
1055 3655 1175 3724 ἃμα
1206 3657 1299 3708 καὶ
1323 3656 1629 3720 εὐσεϐείας,
1656 3657 1707 3707 εἰ
1735 3654 1860 3726 μηδ’

275 3744 451 3815 ἑτέρῳ
479 3747 540 3798 τὸ
573 3744 738 3799 πλέον
766 3747 1007 3816 νέμουσα
1029 3762 1042 3777 ⁸
1075 3746 1190 3800 ἀλλ’
1209 3748 1332 3815 οὐχὶ
1356 3748 1450 3800 κα)⁸
1478 3747 1510 3817 η
1548 3748 1857 3816 πάνσεμνος

286 3835 548 3909 Ἰουλιανή
574 3853 589 3869 ·
620 3837 780 3892 τοῦτο
823 3838 932 3909 γὰρ
975 3839 1147 3909 δνομα
1193 3842 1262 3909 τῇ
1306 3838 1481 3911 κόρῃο
1518 3838 1635 3891 ἀλλ’
1675 3839 1859 3910 ὁρῶσα

276 3931 368 3986 τὸν
396 3931 649 4003 οὐρανὸν,
677 3932 841 4003 ἀέρα,
875 3932 1174 3999 θάλασσαν,
1207 3933 1340 4004 πῦρ,
1373 3933 1556 4004 ἐζήτει
1585 3933 1678 3987 τὸν
1706 3932 1861 4004 δεδη-

280 4026 653 4098 μιουργηκότα
682 4028 777 4081 καὶ
809 4028 878 4082 δι’
903 4027 1088 4081 αὐτῶν
1113 4029 1296 4091 ὁποῖος
1322 4027 1390 4082 ἂν
1415 4029 1500 4100 εῖη
1526 4042 1540 4056 ·
1566 4028 1687 4081 λίαν
1725 4044 1855 4081 συν-

276 4118 416 4182 ετῶς
472 4120 903 4191 κατεμάνθανεν,
971 4120 1181 4175 Παῦλον
1227 4121 1427 4191 ἔχουσα
1491 4120 1813 4178 διδάσκαλον
1839 4161 1856 4189 ,

160 4262 164 4267 .
275 4215 369 4267 τδν
402 4212 592 4284 σοφόνο
627 4214 698 4268 τὰ
724 4213 834 4283 γὰρ
874 4213 1081 4284 ἀόρατα
1120 4212 1309 4280 αὑτοῦ,
1340 4215 1506 4284 φησιν
1550 4207 1728 4281 οὗτος,
1752 4213 1860 4267 ἀπὸ

277 4304 510 4369 κτίσεως
552 4308 761 4375 κόσμου
788 4307 900 4368 τοῖς
926 4307 1197 4376 ποιήμασι
1227 4306 1493 4377 νοούμενα
1519 4307 1857 4377 καθορᾶται·

277 4393 368 4450 διὰ
395 4395 605 4449 τοιοῦτο
645 4396 738 4449 καὶ
778 4394 872 4460 Εἷς
890 4398 999 4476 ἄρα
1026 4398 1182 4463 Θεὸς,
1215 4399 1393 4464 ἔλεγε,
1423 4400 1520 4453 καὶ
1558 4399 1748 4453 τοῦτον
1779 4399 1863 4452 δεῖ

277 4490 607 4558 προσκυνεῖν
629 4502 641 4516 ⁸
678 4487 808 4551 τοὺς
837 4487 895 4540 δὲ
933 4489 1128 4553 ἄλλους
1161 4491 1262 4544 οὐκ
1295 4489 1362 4545 ἃν
1400 4489 1662 4562 Ἰουλιανη
1704 4490 1862 4554 θεοὺς

279 4578 424 4633 εἴποι
475 4579 604 4633 ποτὲ
660 4579 781 4633 οὐδὲ
827 4580 994 4652 τιμὴν
1045 4583 1138 4636 καὶ
1170 4582 1336 4644 σείσας
1372 4581 1448 4645 ὡς
1488 4583 1630 4648 θεοῖς
1679 4584 1862 4647 αὐτοῖς

274 4670 548 4741 ἀπονείμη
570 4687 586 4702 ο
627 4670 801 4725 ταῦτα
826 4672 981 4741 ἔλεγε
1014 4674 1107 4726 καὶ
1139 4674 1351 4743 συνῳδὰ
1378 4677 1491 4739 τοῖς
1519 4674 1705 4744 λόγοις
1734 4678 1861 4727 ἑπε-

273 4763 420 4816 τὲ).ει
449 4763 519 4816 τὰ
547 4762 718 4833 ἔργω
763 4763 1064 4834 φροντίδων
1100 4764 1198 4835 μὲν
1223 4764 1316 4819 οὖν
1348 4765 1457 4820 τῶν
1484 4766 1663 4822 ἄλλων
1696 4766 1860 4822 ἀπεί-

275 4870 402 4923 χετο
425 4870 439 4886 ·
472 4855 618 4923 τρισὶ
644 4854 701 4908 δὲ
731 4855 942 4919 τούτοις
968 4857 1061 4911 τὸν
1105 4857 1221 4927 βίον
1257 4858 1479 4928 ἐμέριζε
1506 4858 1600 4912 τὸν
1634 4860 1858 4926 οἰκεῖον,

274 4950 408 5019 εὐχῇ
435 4951 531 5004 καὶ
560 4952 709 5016 ναοῖς
734 4951 869 5005 Θεοῦ
914 4952 1009 5005 καὶ
1041 4952 1201 5005 θείων
1227 4952 1461 5024 Γραφῶν
1493 4951 1856 5022 ἀναγνώσεσι,

276 5040 371 5093 καὶ
411 5041 557 5096 οὕτω
604 5042 699 5096 τὶν
743 5043 950 5114 μεταξὺ
983 5043 1164 5098 πάντα
1211 5044 1310 5114 τῆς
1360 5046 1658 5116 μνηστείας
1703 5045 1860 5117 διῆγε

274 5133 488 5203 καιρόν.

345 5392 422 5453 B’.
464 5397 618 5452 Ἐπεὶ
637 5399 693 5453 δὲ
721 5401 863 5456 καὶὸ
897 5403 1171 5470 Ἐλεύσιος
1191 5407 1318 5472 τοὺς
1342 5408 1557 5479 γάμους
1589 5411 1864 5467 ἐπέσπευ-

349 5534 365 5567 ¹
400 5532 560 5590 Rom.
593 5550 634 5604 l,
665 5535 755 5592 2|.

341 5681 417 5753 (l)
453 5680 523 5737 Ut
565 5680 757 5753 Latina
788 5678 993 5753 habent
1025 5677 1421 5753 Martyrologia
1444 5683 1610 5753 quod
1657 5693 1740 5738 est
1778 5665 1858 5739 ic-

271 5747 414 5825 sﬁtu'ni
469 5750 854 5825 translationis
899 5747 1040 5825 ejus,
1091 5747 1357 5825 nt'habe't
1408 5747 1852 5825 Martyrologium

272 5823 604 5880 Romanum.
627 5820 803 5879 Graeci
841 5821 893 5877 in
930 5820 1255 5895 Menologio,
1298 5827 1528 5881 natalem
1553 5820 1670 5897 Ejus
1705 5820 1849 5881 diem

1968 2568 2153 2623 quam,
2212 2567 2335 2608 cum
2392 2552 2484 2623 qui
2526 2552 2692 2622 impie
2724 2553 3029 2621 itupcravit,
3070 2551 3434 2607 Maximianus
3481 2553 3551 2608 li-

1966 2646 2164 2700 benter
2203 2644 2255 2698 in
2285 2658 2349 2699 ea
2402 2644 2644 2713 degeret,
2676 2652 2799 2698 erat
2827 2643 3009 2697 dedita
3043 2643 3210 2696 culmi
3256 2644 3544 2699 idolorum.

1968 2735 2044 2790 Ex
2077 2751 2139 2790 ea
2167 2750 2300 2805 ergo
2328 2735 2415 2790 vir
2465 2735 2689 2804 quidam
2733 2736 2940 2790 ducens
2988 2735 3277 2804 originem,
3330 2737 3549 2791 nomine

1969 2829 2216 2887 Eleuslus
2263 2828 2369 2898 (ί),
2421 2828 2512 2895 qui
2579 2834 2699 2881 erat
2744 2842 2884 2881 nnns
2914 2842 2981 2882 ex
3010 2835 3229 2892 senatu,
3253 2835 3309 2881 et
3334 2826 3547 2885 anticus

1954 2921 2187 2993 quidem
2244 2920 2606 2989 imperatori,
2663 2920 2876 2973 amicus
2937 2929 3119 2973 autem
3156 2919 3544 2987 temonibus,

1950 3014 2266 3084 despondet
2289 3012 2522 3083 puellam
2548 3012 2729 3080 specie
2748 3010 3067 3076 formosam,
3082 3026 3290 3081 genere
3317 3011 3545 3076 claram,

1962 3108 2206 3162 moribus
2230 3106 2453 3176 probam
2492 3115 2547 3161 et
2587 3104 2936 3181 laudabilem.
2986 3106 3407 3175 temperantiam
3441 3104 3542 3161 sibi

1964 3199 2203 3261 maxime
2260 3198 2624 3253 vindicantem
2676 3205 2732 3251 et
2778 3196 3037 3252 scientem
3087 3212 3209 3252 eam
3235 3212 3358 3252 esse
3383 3212 3546 3252 suum

1962 3299 2372 3357 ornamentum,
2405 3299 2461 3346 et
2521 3290 2665 3360 quod
2720 3301 2804 3345 est
2850 3291 3092 3345 omnium
3153 3292 3450 3345 maximum
3492 3295 3549 3344 et

1963 3384 2471 3455 perfectissimum,
2536 3383 2589 3437 in
2645 3382 2922 3439 Christum
2981 3398 3232 3454 magnam
3289 3383 3545 3452 pietatem

1964 3477 2356 3548 possidentem,
2379 3476 2483 3531 etsi
2511 3490 2581 3530 ex
2608 3473 2930 3544 parentibus
2962 3474 3028 3529 ad
3056 3474 3156 3528 hoc
3199 3489 3304 3528 non
3347 3472 3546 3529 bonam

1966 3572 2193 3625 haberet
2225 3569 2592 3623 occasionem.
2643 3564 2779 3621 Nam
2828 3568 2878 3620 ei
2947 3565 3167 3633 quidem
3220 3574 3340 3619 erat
3370 3575 3546 3633 pater,

1962 3676 2117 3730 atque
2146 3670 2201 3715 et
2231 3660 2441 3715 amicus
2465 3659 2786 3729 gentilibus,
2818 3666 2873 3711 et
2905 3655 3236 3711 Christianis
3298 3656 3550 3711 inimicus

1964 3752 2429 3823 inexpugnabilis.
2467 3750 2639 3804 Mater
2670 3765 2802 3804 vero
2831 3760 2947 3803 erat
2991 3748 3043 3801 in
3076 3746 3317 3802 conﬁnio
3341 3748 3548 3800 utrius-

1964 3862 2093 3919 que,
2124 3860 2319 3916 nempe
2347 3855 2403 3901 et
2433 3843 2720 3916 gentilium
2744 3843 2951 3898 erroris
2985 3840 3149 3897 simul
3200 3850 3256 3896 et
3305 3841 3546 3909 pietatis,

1961 3948 2019 3997 et
2070 3939 2248 3993 neutri
2305 3938 2557 3994 tribuens
2608 3936 2731 4006 plus
2784 3949 2947 4005 quam
2979 3932 3159 3988 alteri.
3190 3931 3297 3988 Sed
3332 3947 3438 3987 non
3468 3932 3550 3987 sic

1963 4032 2352 4091 honestissima
2381 4030 2594 4086 Juliana
2627 4030 2754 4101 (hoc
2773 4031 2918 4084 enim
2948 4039 3068 4082 erat
3091 4042 3287 4082 nomen
3312 4026 3547 4095 puellas),

1963 4128 2058 4182 sed
2124 4126 2315 4180 videns
2345 4124 2569 4189 calum,
2637 4132 2859 4186 terram,
2914 4135 3120 4185 aerem,
3147 4133 3318 4185 mare,
3346 4118 3546 4187 ignem,

1963 4218 2244 4292 quaerebat
2293 4232 2418 4273 eum
2460 4216 2552 4286 qui
2593 4230 2658 4271 ea
2697 4222 2783 4271 est
2820 4212 3143 4278 fabricatus,
3181 4221 3237 4268 ct
3268 4225 3368 4282 per
3405 4211 3543 4280 ipsa,

1963 4312 2217 4382 quisnam
2255 4319 2420 4373 esset,
2457 4308 2614 4362 valde
2657 4306 2956 4375 prudenter
2979 4303 3205 4369 didicit,
3247 4304 3546 4371 sapientem

1965 4403 2191 4458 Paulum
2249 4402 2456 4458 habens
2510 4400 2854 4471 magistrum.
2886 4395 3183 4452 lnvisibilia
3233 4395 3378 4449 enim
3405 4394 3524 4462 ejus

1965 4496 2162 4565 inquit,
2187 4508 2218 4549 τι
2241 4503 2493 4550 creatura
2519 4491 2702 4546 mundi
2728 4490 2984 4559 operibus
3030 4487 3300 4543 intellecta
3331 4485 3550 4554 conspi-

1963 4585 2188 4641 ciuntur
2213 4586 2254 4638 ί.
2290 4582 2588 4654 Propterea
2643 4598 2772 4652 ergo
2812 4581 3066 4637 dicebat:
3102 4579 3253 4635 Unus
3294 4588 3375 4632 est
3404 4579 3549 4632 Deus

1962 4692 2150 4737 verus.
2180 4685 2241 4732 et
2294 4692 2421 4732 eum
2475 4685 2692 4746 oportet
2727 4673 2978 4729 adorare.
3017 4672 3167 4727 Alios
3195 4681 3378 4725 autem
3408 4684 3551 4724 nun.

1961 4784 2123 4840 quam
2159 4769 2291 4824 deos
2321 4769 2519 4823 dixerit
2551 4766 2789 4829 Juliana,
2825 4780 3000 4834 neque
3042 4763 3246 4819 cultum
3287 4773 3343 4818 et
3381 4765 3549 4818 Itono-

1965 4874 2077 4915 rem
2110 4859 2193 4915 eis
2237 4868 2494 4928 tanquam
2550 4858 2655 4913 diis
2725 4856 3000 4912 tribuerit.
3033 4854 3162 4910 Haec
3216 4853 3457 4919 dicebat,
3493 4859 3552 4905 ct

1962 4952 2143 5009 verbis
2172 4950 2552 5009 convenientia
2584 4948 2854 5004 eliieiebat
2879 4962 3064 5016 opera.
3096 4947 3273 5016 Atque
3314 4944 3383 4999 ab
3427 4942 3550 4998 aliis

1960 5043 2179 5112 quidem
2239 5042 2390 5097 curis
2439 5041 2783 5107 abstinebat;
2837 5038 2922 5093 bis
2980 5052 3109 5093 vero
3167 5037 3339 5091 tribus
3392 5049 3548 5089 suam
3666 5041 3694 5068 ο

1886 5162 1930 5220 c
1965 5138 2134 5190 vitam
2159 5133 2539 5205 dispertiebat,
2570 5133 2827 5199 orationi,
2865 5130 3082 5201 templis
3112 5130 3229 5196 Dei,
3248 5139 3302 5181 et
3326 5125 3548 5220 lectioni

1967 5241 2250 5283 sacrarum
2302 5225 2711 5295 Scripturarum
2748 5239 2764 5278 :
2807 5232 2864 5278 et
2909 5222 2995 5279 sic
3047 5230 3219 5277 totum
3288 5217 3551 5288 transegit

1966 5329 2183 5390 tempus
2206 5320 2351 5389 quod
2376 5317 2479 5372 fuit
2503 5317 2641 5371 inter
2670 5313 2971 5383 sponsalia.

2037 5412 2100 5470 ll.
2126 5413 2261 5469 Cum
2301 5420 2480 5467 autem
2514 5407 2764 5465 Eleusine
2796 5414 3017 5478 urgeret
3054 5413 3110 5461 et
3135 5413 3454 5477 properaret
3479 5400 3549 5457 ad

1963 5685 2024 5741 ει
2073 5683 2382 5757 Decembris
2431 5693 2620 5757 agunt.
2657 5682 2793 5740 Vide
2840 5690 2999 5739 notas
3033 5676 3250 5737 Baronii
3287 5675 3354 5733 ad
3393 5675 3538 5732 Marc

1963 5756 2311 5827 ty‘roiogiunt.
