4160 6434
610 316 751 382 1443

1856 305 2140 369 MENSIS
2176 303 2694 366 FEBRUABIUS.

3757 303 3913 372 1444

681 440 769 498 Vl.
802 437 929 496 Hice
960 451 1085 494 cum
1118 433 1381 489 andiissct
1433 430 1744 503 prterectus,
1774 436 1830 483 et
1869 428 1978 498 igni
2017 427 2194 497 ignem

2318 496 2333 503 _
2373 422 2464 491 Ci".
2503 420 2724 479 Τόύτων
2772 423 3016 487 ἀκούσας
3059 426 3089 478 6
3125 424 3369 496 ἔπαρχος
3429 426 3526 480 καὶ
3577 429 3720 498 πυρὶ
3778 429 3908 500 πῦρ

611 534 932 595 addidisset,
965 535 1146 601 ignem
1170 528 1265 582 irae
1298 525 1407 596 igni
1429 525 1656 587 amoris,
1684 531 1829 577 totus
1860 521 2002 591 ignis
2023 533 2193 590 appa-

610 626 785 691 rebat,
820 635 870 680 et
897 621 1081 676 furore
1113 618 1442 689 agitabatur.
1483 614 1633 670 Talis
1674 615 1821 668 cnim
1872 620 1957 667 est
2014 624 2191 674 amor,

608 720 654 774 si
686 717 850 772 fuerit
906 712 1242 781 contemptui
1307 708 1546 765 habitus.
1572 708 1637 760 Et
1695 716 1982 776 propterea
2028 717 2194 774 grave

612 803 1155 865 tormentum'intulit
1179 802 1412 873 egregiae
1443 799 1519 854 illi
1556 798 1776 868 virgini.
1809 795 1868 851 Id
1915 810 2047 851 vero
2075 803 2197 850 erat

606 899 901 972 ejusmodi,
930 904 1040 952 uta
1066 904 1304 964 quatuor
1332 891 1470 948 loris
1497 899 1745 957 extensa,
1771 888 1941 943 aridis
1971 886 2193 957 quidem

610 993 816 1056 nervis,
849 989 1117 1045 viridibus
1143 994 1323 1041 autem
1360 982 1656 1038 viminibus
1688 983 1804 1050 ipsa
1829 980 1919 1034 diu
1950 995 1980 1033 a
2009 979 2197 1035 multis

610 1087 1016 1139 verberaretur.
1045 1078 1153 1135 Ubi
1184 1088 1366 1132 autem
1390 1074 1593 1130 defessi
1625 1073 1845 1144 quidem
1884 1081 2046 1127 erant
2089 1071 2194 1138 illi,

610 1176 704 1247 qui
745 1172 1107 1229 verberabant
1131 1170 1201 1239 (ei
1236 1182 1364 1223 vero
1397 1166 1609 1236 punitio
1631 1175 1750 1220 erat
1790 1164 1971 1233 potius
1994 1162 2199 1219 contir-

612 1267 783 1321 matio
848 1279 1043 1319 eorum
1102 1276 1225 1331 quae
1289 1260 1523 1323 dixerat,
1556 1266 1614 1312 ut
1657 1270 1780 1327 quae
1807 1254 1942 1310 nihil
1971 1256 2196 1312 omnino

612 1358 930 1414 ostenderet
960 1355 1226 1409 muliebre
1249 1366 1349 1407 nec
1390 1349 1705 1422 illiberale),
1742 1349 1942 1419 jubens
1973 1348 2196 1405 lictores

610 1463 827 1505 cessare
853 1446 1142 1517 prafectus
1173 1464 1186 1498 :
1220 1443 1328 1499 Sed
1362 1443 1479 1498 haec
1506 1443 1753 1513 quidem,
1787 1440 1989 1510 inquit,
2034 1455 2069 1496 ο
2098 1438 2196 1495 Ju-

614 1543 781 1605 liana,
817 1550 943 1596 sunt
976 1540 1129 1593 initia
1154 1546 1211 1592 et
1239 1536 1505 1606 promrnia
1539 1542 1966 1590 tormentorum.
1998 1531 2078 1586 Tu
2100 1547 2199 1586 au-

613 1644 718 1690 tem
747 1648 813 1688 ex
845 1633 931 1687 his
959 1633 1026 1687 de
1058 1631 1179 1686 aliis
1198 1644 1415 1699 quoque
1430 1629 1654 1698 capiens
1679 1625 2075 1695 conjecturam,
2100 1639 2197 1679 ac-

609 1727 745 1781 cede
786 1739 997 1796 titagnze
1037 1722 1222 1778 Dianae
1266 1715 1783 1777 sacriﬁcatura.8in
1818 1716 2016 1784 minus,
2049 1724 2197 1786 post-

615 1830 778 1885 quam
802 1785 960 1885 passa
989 1812 1176 1878 fueris,
1207 1812 1348 1868 scies
1364 1811 1587 1865 omnino
1619 1817 1670 1864 te
1690 1808 1757 1863 de
1782 1807 1945 1862 rebus
1961 1785 2069 1861 tuis
2090 1821 2195 1860 non
2233 1785 2273 1843 θ

609 1909 813 1965 bonum
855 1906 1066 1977 cepisse
1114 1903 1426 1959 consilium.
1460 1898 1556 1955 llla
1609 1914 1761 1963 vero,
1816 1912 1960 1968 aegre
2014 1895 2200 1954 ferens

612 2000 757 2070 quod
783 2008 999 2070 putaret
1039 2011 1099 2052 se
1130 2010 1293 2068 posse
1316 1995 1364 2049 ei
1402 1992 1736 2065 persuadere
1769 2010 1782 2047 :
1813 1989 1948 2058 Fac,
1999 1989 2200 2061 inquit,

614 2107 647 2148 ο
678 2103 733 2147 ιιι
762 2090 919 2163 plane
943 2089 1113 2145 stulte
1140 2097 1197 2143 et
1219 2100 1428 2141 amens.
1454 2083 1588 2138 Nam
1644 2097 1731 2138 me
1772 2080 1998 2137 habebis
2025 2082 2199 2151 magis

612 2196 858 2255 paratam
890 2183 1023 2254 pati,
1055 2195 1218 2251 quam
1253 2189 1309 2232 tu
1362 2179 1440 2232 sis
1469 2182 1691 2247 paratus
1721 2172 1925 2229 facere.
1956 2171 2093 2229 Cum
2121 2174 2204 2227 sic

612 2276 862 2341 dixisset,
878 2273 1181 2329 acerbioris
1205 2265 1473 2325 orationis
1493 2279 1684 2337 poenas
1702 2263 1801 2319 luit
1822 2265 2200 2334 gravissimas,

615 2382 877 2437 suspensa
905 2366 1128 2435 quidem
1159 2360 1376 2431 capillis
1406 2358 1623 2427 capitis,
1651 2371 1848 2425 magna
1879 2367 2062 2410 autem
2087 2355 2194 2411 diei

615 2470 772 2531 parte
827 2457 1092 2528 pendens,
1126 2456 1263 2509 adeo
1322 2461 1379 2505 ut
1404 2460 1626 2520 propter
1683 2448 1978 2503 violentam
2012 2459 2202 2504 exten-

617 2552 828 2606 sionem
877 2550 1064 2604 avulsa
1123 2545 1341 2616 quidem
1396 2543 1472 2599 sit
1527 2541 1680 2612 pellis
1724 2557 1752 2595 a
1786 2541 1986 2612 capite,
2022 2541 2205 2597 vultus

615 2657 748 2697 vero
775 2642 845 2696 sit
875 2640 1032 2694 valde
1053 2639 1424 2708 perturbatus,
1456 2645 1512 2690 et
1548 2647 1715 2704 super
1758 2631 1996 2687 frontem
2029 2642 2203 2688 tracta

616 2736 819 2791 fuerint
851 2732 1164 2804 supercilia.
1215 2728 1518 2785 Praefectus
1557 2742 1690 2796 ergo
1713 2727 1880 2782 etiam
1910 2736 2040 2797 post
2062 2740 2199 2794 sup-

617 2828 841 2900 plicium
904 2826 1067 2881 verba
1108 2838 1301 2878 rursus
1350 2821 1625 2888 adhibuit,
1650 2821 1701 2876 ei
1736 2835 1890 2889 spem
1931 2821 2213 2889 prwbente

621 2933 831 2982 amore,
868 2926 926 2972 et
978 2926 1039 2972 ut
1095 2916 1171 2979 id,
1213 2914 1358 2984 quod
1415 2912 1573 2969 valde
1632 2911 1811 2977 vellet,
1860 2920 2207 2983 exspectaret

623 3012 1003 3084 persuadente.
1096 3042 1099 3045 λ

701 3102 810 3159 VII.
840 3101 1134 3171 Postquam
1170 3107 1354 3153 autem
1386 3096 1479 3152 ille
1502 3096 1675 3151 multa
1706 3095 1919 3161 dicens,
1941 3096 2091 3153 visus
2119 3102 2208 3150 est
2238 3146 2275 3171 4,,

625 3168 1095 3254 inaniter-canere,
1127 3199 1181 3245 et
1213 3189 1278 3242 ad
1313 3203 1408 3243 cor
1436 3189 1658 3257 quidem
1686 3187 1822 3240 nihil
1846 3188 2047 3250 dicere,
2070 3186 2209 3243 loris
2234 3168 2278 3215 ⁸⁸

624 3292 805 3340 autem
863 3282 1042 3339 solum
1075 3295 1236 3335 aures
1270 3279 1521 3349 implere,
1555 3278 1807 3334 molestia
1850 3293 2042 3332 rursus
2072 3277 2210 3353 ειπερ

621 3388 742 3433 ctus
763 3386 847 3431 est
877 3377 1117 3445 impius:
1151 3381 1209 3428 et
1245 3387 1436 3429 rursus
1489 3380 1890 3441 consequenter
1930 3371 2209 3440 praeclarae

625 3472 854 3542 martyri
880 3469 1123 3527 adhibita
1148 3478 1273 3522 sunt
1297 3476 1591 3521 tormenta.
1610 3465 1780 3522 Iussit
1802 3468 1949 3521 enim
1970 3467 2207 3521 laminas

623 3562 834 3617 ferreas
867 3560 1019 3616 valde
1048 3560 1345 3615 candentes
1372 3559 1577 3627 imponi
1611 3560 1730 3631 ejus
1772 3559 1955 3614 axillis
1991 3570 2046 3614 et
2072 3558 2213 3612 latc-

623 3655 818 3713 ribus:
846 3653 1042 3709 deinde
1078 3652 1340 3707 lateribus
1386 3666 1604 3723 quoque
1636 3652 1851 3722 alligari
1909 3666 2127 3716 manus,
2155 3660 2212 3706 et

624 3746 842 3819 aliquod
880 3745 1027 3801 aliud
1078 3744 1287 3799 ferrum
1320 3743 1616 3813 transadigi
1654 3759 1749 3813 per
1778 3743 1955 3799 media
1982 3744 2100 3814 ejus
2128 3741 2211 3797 fc-

628 3854 799 3903 tnora,
830 3849 886 3893 et
911 3839 992 3891 sic
1018 3836 1350 3906 colligatum,
1383 3835 1464 3889 vel
1494 3838 1672 3904 potius
1699 3835 1992 3903 conﬁxam,
2014 3834 2210 3890 abduci

628 3936 685 3990 in
714 3948 1014 3989 carcerem.
1053 3931 1146 3986 Illa
1180 3945 1308 3984 vero
1326 3945 1449 3984 cum
1476 3939 1531 3983 et
1561 3938 1671 3983 tam
1722 3929 1978 3983 acerbum
2025 3935 2213 3995 pertu-

624 4025 783 4082 lisset
833 4024 1184 4093 supplicium,
1217 4029 1275 4075 et
1323 4021 1554 4075 abducta
1616 4018 1849 4075 essetin
1909 4032 2209 4083 carcerem,

625 4118 776 4173 humi
803 4118 995 4188 iacens
1022 4131 1040 4170 :
1069 4115 1292 4170 Domine
1322 4113 1464 4168 Deus
1495 4126 1647 4166 mens
1691 4110 2063 4180 omnipotens,
2094 4109 2212 4163 cla-

627 4209 832 4273 mabat,
893 4206 986 4276 qui
1050 4219 1112 4260 es
1167 4205 1405 4260 invictus
1454 4204 1507 4258 in
1555 4203 1815 4273 potentia,
1844 4201 1938 4273 qui
1969 4203 2125 4256 tortis
2156 4201 2211 4255 in

626 4300 908 4369 operibus,
942 4294 1099 4352 aufer
1120 4311 1152 4350 a
1184 4310 1271 4349 me
1297 4296 1397 4350 has
1435 4293 1781 4361 alﬂictiones,
1820 4304 1875 4348 et
1905 4294 1973 4348 ab
1994 4293 2087 4359 iis,
2116 4293 2217 4364 qui,

627 4404 716 4446 me
765 4390 1132 4455 circumdant,
1198 4387 1367 4443 libera
1419 4386 1721 4451 doloribus,
1779 4396 1838 4440 ut
1864 4385 2144 4440 Danielem
2178 4401 2210 4441 ιι

2299 511 2582 584 προσθεὶς,
2612 512 2676 567 τὸ
2723 511 2820 568 τοῦ
2869 512 3069 583 θυμοῦ,
3121 514 3185 568 τὸ
3212 515 3305 568 τοῦ
3354 516 3558 586 ἔρωτος
3599 515 3724 581 ὅλος
3780 517 3910 589 πῦρ

2297 606 2611 661 ἐδείκνυτοο
2669 607 2768 662 καὶ
2822 607 2993 678 μανία
3049 607 3362 679 συνείχετο·
3413 607 3656 673 τοιοῦτος
3702 612 3818 682 γὰρ
3877 614 3913 664 6

2298 695 2439 768 ἔρως
2476 697 2805 768 ἀτιμασθείς
2835 713 2849 726 °
2882 699 2979 751 καὶ
3011 697 3102 752 διὰ
3118 698 3293 753 ταῦτα
3327 701 3419 752 καὶ
3439 699 3683 771 χαλεπὴν
3717 702 3909 771 ἐπῆγε

2294 791 2363 858 τῇ
2400 788 2627 859 γενναίᾳ
2655 787 2753 859 τὴν
2787 788 3022 858 βάσανον
3044 807 3057 820 ’
3090 791 3124 859 ἡ
3153 790 3209 844 δὲ
3244 786 3313 861 ἦν
3352 791 3551 862 λὼροις
3595 793 3662 846 ὲκ
3692 810 3749 845 τε
3762 794 3913 846 cai-

2300 895 2412 949 ρων
2442 879 2794 933 διαταθεῖσαν
2819 919 2835 945 ,
2893 878 3107 950 νεύροις
3169 881 3270 949 μὲν
3322 881 3532 953 ξηροῖς,
3593 881 3785 951 λύγοις
3839 883 3908 936 δὲ

2296 970 2549 1043 χλωροῖς,
2581 973 2674 1025 ἐπὶ
2722 972 2859 1025 πολύ
2892 990 2953 1026 τε
2988 973 3161 1046 αὐτὴν
3193 976 3288 1028 καὶ
3338 975 3492 1046 παρὰ
3536 975 3754 1030 πολλῶν
3796 976 3870 1029 τύ
3891 1006 3907 1015 -

2298 1064 2551 1119 πτεσθαι.
2592 1064 2679 1129 Ὠς
2716 1064 2774 1118 δὲ
2823 1066 2872 1118 oi
2920 1063 3021 1136 μὲν
3067 1065 3363 1128 τύπτοντες
3406 1067 3667 1138 ἔκαμνον,
3714 1071 3784 1139 τῇ
3836 1068 3907 1121 δὲ

2300 1155 2590 1227 βεϐαίωσις
2622 1153 2691 1227 ἦν
2728 1157 2931 1227 μᾶλλον
2979 1156 3091 1210 τῶν
3138 1157 3313 1227 αὐτῆς
3355 1157 3532 1226 λόγων
3561 1159 3596 1229 ἡ
3643 1158 3909 1223 κύλασις,

2298 1248 2452 1302 οὐδὲν
2487 1248 2624 1310 ὅλως
2664 1248 2799 1318 θῆλυ
2845 1248 2942 1302 καὶ
2986 1249 3209 1316 ἀγεννὲς
3245 1249 3645 1322 ὑποφαινούσῃ,
3677 1251 3909 1303 παύσα-

2300 1338 2426 1393 σθαι
2458 1339 2587 1403 τοὺς
2608 1339 2838 1409 δημίους
2864 1340 3128 1405 κελεύσας
3164 1340 3440 1405 Ἑλεύσιος
3468 1358 3483 1408 ;
3529 1342 3688 1395 Ἀλλὰ
3713 1342 3903 1395 ταῦτα,

2302 1430 2422 1501 μὲν,
2447 1429 2576 1503 ἔφη,
2616 1430 2902 1504 Ἰουλιανὴ,
2930 1432 3039 1485 τῶν
3086 1432 3336 1502 βασάνων
3370 1433 3540 1502 ἀρχαὶ
3578 1434 3675 1487 καὶ
3700 1432 3901 1505 προοί-

2303 1539 2434 1597 μιαο
2477 1527 2541 1579 σὺ
2590 1526 2650 1580 δὲ
2686 1526 2797 1580 ἀπὸ
2843 1527 3051 1581 τούτων
3100 1527 3396 1591 εἰκάζουσα
3451 1525 3546 1579 καὶ
3592 1526 3722 1597 περὶ
3770 1527 3898 1582 ’τῶν

2298 1618 2477 1673 ἄλλων
2506 1618 2777 1691 πρόσελθε
2818 1622 2884 1691 τῇ
2938 1618 3153 1691 μεγάλῃ
3196 1617 3472 1689 Ἀρτέμιδι
3520 1616 3792 1672 θύσουσαο
3840 1620 3901 1670 εἰ

2300 1708 2345 1765 δ’
2376 1708 2438 1764 οὒ
2497 1711 2637 1781 μετά
2672 1711 2731 1765 τὸ
2767 1711 2963 1765 παθεῖν
2999 1711 3121 1782 εἴσῃ
3169 1710 3387 1773 πάντως
3430 1709 3493 1764 οὐ
3539 1709 3721 1773 καλῶς
3758 1712 3898 1781 περί⁵

2303 1804 2411 1858 τῶν
2442 1805 2661 1860 οἰκείων
2691 1804 3125 1875 βουλευσαμένη.
3163 1803 3228 1857 Ἥ
3254 1803 3310 1856 δὲ
3327 1802 3773 1875 δεινοπαθήσασα
3804 1802 3898 1872 ἐφ’

2301 1892 2382 1960 οἷς
2416 1899 2511 1952 καὶ
2542 1897 2623 1951 ἔτι
2663 1898 3019 1968 μεταπείσειν
3047 1897 3220 1968 αὐτὴν
3251 1896 3411 1968 ᾤετο,
3458 1897 3631 1958 Ποίει,
3680 1898 3838 1965 φησὶ.
3866 1894 3902 1948 δ

2304 1990 2504 2055 θέλεις,
2550 1991 2745 2061 ὴλίθης
2777 1990 2967 2061 σαφῶς
3001 1993 3093 2045 καὶ
3122 1992 3340 2061 ἀνόητε,
3368 1990 3445 2054 ὠς
3477 1989 3572 2043 τοῦ
3603 1989 3664 2043 σὲ
3718 1993 3902 2043 ποιεῖν

2303 2082 2403 2155 ἐμὲ
2437 2082 2639 2153 μᾶλλον
2670 2084 2813 2151 ἕξεις
2839 2082 2902 2136 τὸ
2931 2084 3122 2137 παθεῖν
3158 2083 3401 2154 ἕτοιμον.
3441 2082 3627 2147 Οὕτως
3656 2082 3902 2137 εἰποῦσα

2303 2174 2480 2244 λόγων
2513 2176 2859 2247 δριμυτέρων
2897 2175 3043 2229 ἔτισε
3074 2176 3349 2246 τιμωρίαν
3392 2175 3748 2247 πικροτάτην,
3780 2174 3903 2228 τῶν

2304 2268 2509 2339 τριχῶν
2538 2269 2639 2339 μὲν
2667 2269 3038 2341 ἀναρτηθεῖσα
3070 2269 3173 2339 τῆς
3202 2269 3446 2339 κεφαλῆς
3464 2286 3479 2301 ·
3511 2271 3605 2325 ἐπὶ
3633 2270 3770 2323 πολὺ
3795 2271 3905 2339 τῆς

2306 2360 2522 2431 ἡμέρας
2562 2361 2980 2430 ἑκκρεμαμένη,
3012 2359 3087 2423 ὥς
3114 2377 3175 2413 τε
3202 2362 3269 2431 τῇ
3308 2359 3400 2430 βίᾳ
3428 2360 3527 2429 τῆς
3558 2361 3803 2423 στάσεως
3837 2360 3906 2412 τὸ

2304 2452 2482 2523 δέρμα
2513 2451 2614 2522 μὲν
2649 2451 3075 2522 ἀποσπασθῆναι
3102 2455 3203 2523 si};
3237 2452 3506 2520 κεφαλῆς,
3539 2452 3638 2523 τὴν
3682 2451 3809 2521 ὄψιν
3838 2470 3905 2505 τε

2306 2544 2494 2608 δεινῶς
2525 2544 2889 2617 συγχυθῆναι,
2923 2546 3019 2598 καὶ
3041 2545 3142 2609 τὰς
3170 2544 3346 2615 ὀφρῦς
3368 2544 3483 2599 ἄνω
3509 2544 3605 2598 τοῦ
3636 2544 3907 2615 μετώπου

2306 2638 2742 2709 παρελκυθῆναι.
2773 2639 2833 2691 ’0
2848 2639 3081 2708 ἔπαρχος
3112 2638 3292 2692 τοίνυν
3316 2641 3410 2693 καὶ
3430 2637 3571 2709 μετὰ
3598 2638 3696 2709 τὴν
3722 2655 3909 2707 τιμωο

2308 2731 2433 2804 ρίαν
2457 2730 2624 2784 πάλιν
2658 2730 2852 2799 λόγους
2882 2730 3131 2802 προσῆγε
3174 2730 3270 2784 τοῦ
3304 2733 3509 2804 ἔρωτος
3543 2732 3707 2784 αὐτὸν
3731 2730 3905 2784 ἐπελ-

2307 2823 2561 2889 πίζοντος
2607 2824 2705 2877 καὶ
2748 2823 2807 2887 ὃς
2861 2823 3069 2896 σφόδρα
3119 2823 3381 2893 ἠϐούλετο
3429 2823 3739 2895 προσδοκᾷν
3777 2823 3911 2878 πεί-ο

2308 2919 2515 2984 θοντος.

2376 3105 2446 3158 Ζ.
2501 3102 2656 3156 Ἐπεὶ
2706 3102 2764 3158 δὲ
2808 3104 2983 3157 πολλά
3008 3104 3184 3173 λέγων
3222 3105 3432 3167 ἐκεῖνος
3478 3101 3642 3174 κενὴν
3674 3102 3912 3175 ψάλλειν

2312 3196 2497 3267 ἐῴκει,
2521 3197 2617 3250 καὶ
2647 3197 2828 3265 λέγειν
2850 3197 2949 3268 μὲν
2966 3199 3049 3260 εἰς
3072 3197 3302 3266 καρδίαν
3323 3196 3499 3263 οὐδὲν,
3525 3197 3629 3262 ἔξω
3653 3196 3713 3249 δὲ
3740 3200 3913 3267 μόνον

2312 3289 2383 3343 τά
2411 3281 2525 3343 ὦτα
2552 3287 2922 3359 περιαντλεῖν,
2946 3288 3093 3358 λύπη
3122 3289 3284 3343 πάλιν
3317 3288 3521 3358 μείζων
3543 3288 3622 3358 τῷ
3646 3288 3912 3343 δυσσεϐεῖ

2313 3384 2410 3437 καὶ
2461 3381 2775 3444 ἀκολούθως
2804 3384 2870 3452 τῇ
2907 3380 3136 3453 γενναίᾳ
3171 3380 3395 3451 μείζους
3435 3382 3491 3433 αί
3526 3378 3794 3449 βάσανοι·
3827 3381 3913 3433 σέ-

2311 3472 2452 3544 δηρα
2509 3472 2617 3545 γὰρ
2675 3473 2929 3526 ἐκέλευεν
2992 3474 3135 3541 ἄγαν
3186 3472 3583 3543 ἐκπυρωθέντα
3633 3473 3779 3526 κατά
3844 3490 3909 3527 τε

2311 3562 2422 3615 τῶν
2478 3561 2773 3632 μασχαλῶν
2824 3562 2962 3633 αὐτῇ
3007 3564 3102 3616 καὶ
3149 3564 3258 3617 τῶν
3306 3564 3560 3634 πλευρῶν
3610 3563 3911 3633 τίθεσθαιθ

2312 3649 2433 3708 εἶτα
2468 3655 2563 3708 καὶ
2591 3656 2713 3718 ταῖς
2755 3656 3019 3727 πλευραῖς
3048 3656 3148 3719 τὰς
3181 3659 3371 3728 χεῖρας
3415 3657 3767 3728 περιδεθῆναι
3806 3657 3912 3711 κει

2310 3746 2500 3815 ἕτερον
2521 3765 2575 3801 τι
2604 3747 2921 3817 διελαθῆναι
2956 3748 3201 3818 σιδήριον
3239 3749 3554 3818 καταμέσον
3593 3748 3768 3819 αὐτῆς
3793 3748 3909 3802 τῶν

2316 3838 2511 3909 μηρῶν
2537 3839 2632 3893 καὶ
2658 3838 2803 3892 οὕτω
2829 3838 3230 3910 συνδεοεῖσανῆ
3260 3838 3464 3908 μᾶλλον
3497 3840 3909 3909 περιπατεῖσαν

2312 3931 2395 3995 είς
2424 3930 2523 4003 τὴν
2575 3931 2804 4003 εἱρκτὴν
2854 3930 3192 4000 ἀπαχθῆναι.
3239 3929 3299 3983 ἹΙ
3329 3930 3388 3983 δὲ
3431 3930 3526 3983 καὶ
3558 3929 3768 4002 ταύτην
3803 3930 3914 3983 ὑπ-

2311 4020 2614 4091 ενεγκοῦσα
2640 4023 2737 4092 τὴν
2761 4019 3021 4092 ἀλγεινὴν
3045 4019 3281 4090 βάσανον
3314 4020 3407 4073 καὶ
3433 4020 3570 4090 πρὸς
3602 4018 3701 4090 τὴν
3732 4036 3911 4089 (ppon-

2316 4113 2420 4185 ραν
2465 4113 2799 4184 ἀπαχθεῖσα,
2834 4113 2977 4165 κατὰ
3018 4109 3115 4164 τοῦ
3157 4109 3390 4180 ἐδάφους
3440 4111 3696 4181 κειμένη,
3729 4111 3908 4181 Κύριέ

2317 4221 2442 4274 μου,
2467 4204 2620 4270 ἐϐόα,
2646 4203 2749 4257 Θεὲ
2782 4201 3187 4272 παντοκράτορ,
3218 4202 3249 4254 6
3277 4200 3547 4272 ἀήττητος
3571 4200 3628 4251 ὲν
3648 4198 3906 4267 δυνάμει.

2315 4298 2343 4350 6
2376 4297 2640 4370 κραταιὸς
2674 4298 2733 4350 ἐν
2782 4295 2993 4367 ἔργοις,
3041 4295 3206 4357 αὐτὸς
3241 4292 3461 4364 περίελέ
3516 4309 3620 4362 μου
3656 4290 3758 4355 τὰς
3790 4290 3910 4345 θλί-

2320 4389 2469 4461 ψεις,
2521 4390 2618 4443 καὶ
2654 4388 2764 4443 τῶν
2799 4387 3175 4459 περιεχουσῶν
3234 4404 3301 4457 με
3327 4384 3636 4450 ἀπάλλαξον
3676 4384 3906 4445 ὁ“υνῶν,

627 4484 894 4548 leonibus,
943 4494 1003 4538 ιιι
1061 4492 1174 4537 tres
1217 4494 1417 4551 pueros
1440 4481 1483 4546 ’,
1513 4491 1569 4536 et
1594 4477 1852 4533 Theclam
1899 4480 1967 4533 ab
1999 4479 2125 4548 igne
2155 4489 2208 4534 et

2313 4483 2388 4546 ὡς
2422 4482 2621 4554 Δανιὴλ
2679 4483 2745 4536 bc
2782 4481 3037 4545 λεόντων,
3090 4481 3165 4544 ὼς
3212 4482 3341 4545 τοὺς
3373 4482 3521 4549 τρεῖς
3568 4476 3772 4540 παῖδας
3813 4479 3911 4530 καὶ

625 4577 834 4633 bestiis.
868 4576 1032 4631 Pater
1060 4589 1213 4629 meus
1237 4582 1293 4629 et
1321 4582 1494 4628 mater
1515 4585 1632 4625 mea
1658 4570 2069 4641 dereliquerunt
2089 4584 2211 4624 me:

625 4677 684 4726 tu
718 4678 925 4735 autem,
974 4667 1222 4732 Domine,
1273 4681 1339 4720 ne
1378 4663 1677 4721 recesseris
1719 4679 1748 4718 a
1779 4679 1867 4718 me
1896 4682 1909 4720 :
1940 4670 2037 4720 sed
2068 4677 2212 4733 quo-

627 4764 788 4817 modo
846 4761 976 4816 olim
1017 4773 1238 4830 quoque
1296 4758 1595 4829 fugientem
1633 4756 1892 4813 lsraelem
1926 4770 2024 4826 per
2064 4769 2216 4809 mare

626 4853 967 4912 conservasti
992 4857 1036 4915 ³,
1064 4852 1200 4906 mari
1245 4845 1661 4906 vero‘iuimicos
1707 4864 1896 4905 eorum
1928 4848 2162 4905 obruisti
2196 4866 2211 4904 :

625 4950 701 5004 ita
735 4962 881 5003 nunc
904 4959 1124 5017 quoque
1159 4959 1246 5000 me
1273 4957 1454 5000 serva.
1498 4942 1632 4997 Eum
1683 4951 1863 4997 autem
1898 4943 1988 5010 qui
2022 4942 2218 4997 adver-

624 5055 721 5097 sus
746 5054 832 5094 me
863 5038 1085 5111 bellum‘
1115 5037 1277 5108 gerit,
1305 5035 1607 5108 confringe,
1641 5051 1735 5091 rex
1792 5035 2014 5099 invicte,
2046 5045 2098 5089 et
2120 5049 2216 5104 per

627 5146 777 5197 eum,
811 5129 1284 5194 adversarium,et
1306 5129 1401 5198 qui
1437 5143 1537 5183 nos
1574 5138 1808 5183 conatur
1838 5126 2211 5196 supplantare,

630 5220 914 5277 Satanam.
1778 5256 1785 5263 .
1948 5264 1951 5265 ν

702 5314 835 5369 νιιι,
866 5313 998 5369 Cum
1034 5329 1225 5384 preces
1255 5314 1432 5368 adhuc
1462 5321 1646 5368 essent
1686 5311 1739 5366 in
1771 5311 1964 5377 labris,
1990 5311 2056 5365 ad
2085 5326 2209 5368 eam

626 5406 861 5475 accedit,
917 5407 1010 5476 qui
1067 5405 1172 5461 sub
1229 5412 1510 5475 aspectum
1566 5420 1675 5461 non
1737 5403 1904 5470 cadit,
1964 5406 2209 5461 omnium

630 5500 802 5556 hostis
829 5508 886 5554 et
915 5499 1190 5563 inimicus,
1219 5496 1488 5553 simulans
1522 5512 1581 5552 se
1625 5512 1749 5553 esse
1787 5497 2040 5570 angelum
2069 5498 2162 5555 Dei
2193 5516 2207 5555 :

628 5592 848 5658 Gravia,
877 5593 1085 5655 dicens,
1113 5606 1147 5646 ο
1184 5590 1419 5657 Juliana,
1446 5601 1500 5645 et
1533 5590 1689 5646 valde
1728 5593 1914 5662 gravia
1940 5602 1995 5649 et
2052 5592 2213 5662 plane

685 5773 705 5803 ι
729 5772 939 5839 Dan.va
962 5782 1013 5827 et
1036 5785 1120 5827 ιιι.
1203 5771 1222 5803 ³
1246 5768 1417 5826 Exod.
1454 5774 1552 5828 xui
1579 5777 1634 5825 et
1659 5783 1771 5826 ενι.

2318 4574 2527 4629 Θέκλαν
2558 4575 2621 4627 ὲκ
2666 4574 2838 4645 πυρὸς
2877 4576 2972 4627 καὶ
3025 4571 3232 4643 θηρίων
3259 4587 3273 4603 ⁸
3305 4573 3334 4624 6
3368 4571 3554 4641 πατήρ
3606 4586 3709 4639 μου
3746 4568 3845 4621 καὶ
3872 4569 3908 4637 ή

2321 4670 2507 4741 μητήρ
2535 4686 2639 4738 μου
2670 4666 3034 4738 ὲγκατέλιπόν
3067 4683 3135 4736 με
3159 4684 3177 4699 υ
3213 4665 3278 4718 σὺ
3317 4662 3399 4728 δὲ,
3432 4663 3627 4735 Κύριε,
3663 4660 3741 4732 μὴ
3774 4662 3910 4714 67:0-

2320 4763 2459 4831 στῇς
2506 4760 2601 4815 ἀπ’
2640 4759 2803 4830 ἐμοῦ,
2838 4758 2955 4814 ἀλλ’
2986 4757 3046 4810 ὃν
3081 4757 3282 4825 τρόπον
3322 4755 3415 4809 καὶ
3466 4754 3636 4807 πάλαι
3669 4755 3764 4805 τὸν
3812 4754 3913 4822 μὲν

2330 4851 2550 4923 Ἰσραὴλ
2601 4851 2875 4920 φεύγοντα
2927 4850 3019 4903 διὰ
3055 4848 3333 4917 θαλάσσης
3378 4847 3613 4911 ἔσωσας,
3662 4845 3915 4918 θαλάσσῃ

2314 4946 2371 4999 δὲ
2411 4946 2538 5007 τοὺς
2574 4942 2805 5014 ἐχθροὺς
2853 4940 3038 4996 αὐτῶν
3089 4938 3501 5008 κατεκάλυψας.
3553 4936 3696 4991 οὕτω
3732 4937 3789 4991 δὲ
3821 4939 3916 4991 καὶ

2316 5038 2410 5094 νῦν
2445 5038 2620 5091 σῶσον
2662 5036 2760 5106 μὲν
2805 5036 2924 5104 ἐμὲ,
2959 5035 3050 5089 τὸν
3085 5031 3429 5102 πολεμοῦντα
3470 5029 3527 5084 δέ
3580 5046 3672 5100 μοι
3708 5029 3917 5102 κατάρο

2323 5129 2508 5203 ραξον,
2543 5131 2785 5199 ἀήττητε
2835 5126 3082 5198 βασιλεῦ,
3125 5126 3218 5180 καὶ
3242 5126 3312 5178 δι’
3343 5124 3509 5178 αὐτοῦ
3540 5125 3632 5176 τον
3669 5124 3912 5176 civ-uasi-

2324 5221 2486 5295 μενόν
2507 5238 2569 5275 τε
2591 5221 2685 5274 καὶ
2707 5219 3088 5283 ὑποσκελίζειν
3108 5218 3253 5289 ἡμᾶς
3278 5215 3619 5287 πειρώμενον
3641 5215 3911 5267 Σατανᾶν.

2398 5316 2479 5369 Η⁹.
2517 5314 2639 5368 Ἔτι
2667 5313 2766 5383 τῆς
2815 5313 2981 5382 εὐχῆς
3021 5312 3079 5363 ὲν
3111 5310 3346 5381 χείλεσιν
3395 5307 3587 5377 οὔσης.
3628 5307 3917 5372 πρόσεισιν

2322 5409 2462 5479 αὐτῇ
2491 5410 2519 5463 6
2552 5407 2767 5478 ἀφανὴς
2800 5406 3021 5460 πάντων
3068 5403 3264 5475 ἐχθρὸς
3292 5402 3388 5456 καὶ
3433 5401 3716 5471 πολέμιος,
3750 5399 3919 5467 ἄγγε-

2321 5504 2410 5566 λος
2442 5501 2578 5556 Θεοῦ
2609 5500 2749 5556 εἶναι
2792 5498 3205 5571 προσποιηθεὶς,
3236 5496 3412 5559 Δεινά,
3443 5494 3639 5564 λέγων,
3680 5485 3729 5546 ὦ
3793 5495 3921 5546 ’ίουη

2324 5596 2502 5668 λιανὴ,
2558 5596 2702 5651 κατὰ
2758 5593 2853 5649 σοῦ
2906 5596 2934 5647 6
2969 5595 3172 5666 ἄρχων,
3225 5591 3377 5648 δε.νᾶ
3422 5589 3629 5662 σφόδρα
3680 5590 3779 5644 καὶ
3824 5590 3921 5645 άν-
