4160 6448
257 320 399 384 1445

1531 306 1714 372 VITA
1741 305 1803 366 S.
1836 302 2208 366 JULIANIE.

3389 289 3528 355 1446

256 433 490 487 ύποιστα
520 424 909 498 παρεσκεύασε
938 421 1297 493 κολαστήρια·
1325 418 1390 473 σὺ
1423 417 1505 484 δὲ,
1537 417 1655 473 ἀλλ’
1680 416 1845 489 ἡνίκα

1951 410 2312 469 intolerabilia
2337 409 2600 466 adversus
2623 415 2673 463 te
2695 405 2984 478 [traiectus
3004 402 3525 476 paravitsupplicia.

256 522 420 594 μόνον
471 517 782 587 ὲξαγάγωσί
816 532 875 570 σε
907 513 1010 586 τῆς
1063 513 1334 583 φυλακῆς,
1393 511 1712 582 πρόσδραμε
1746 509 1842 562 καὶ

255 611 419 666 θύσον
449 609 638 675 εὐθὺς,
672 609 796 663 οὐδὲ
820 610 930 679 γὰρ
961 605 1206 671 ύποίσοις
1250 605 1312 658 τὸ
1340 604 1458 658 λίαν
1501 602 1699 673 πικρὸν
1729 599 1842 653 τῶν

253 703 553 759 κολάσεων.
583 702 651 756 Ἢ
678 701 756 755 δέ·
789 703 897 755 Καὶ
918 698 1022 765 τίς,
1046 699 1230 770 ᾔρετο,
1258 696 1357 764 σύ;
1387 695 1496 750 Καὶ
1523 695 1552 749 ὁ
1581 692 1838 763 πονηρός

257 796 526 865 Ἀγγελος
575 796 694 863 είμι
745 793 841 846 τοῦ
884 792 1057 846 Θεοῦ’
1106 790 1204 845 καὶ
1256 788 1446 860 ἑπειδὴ
1501 788 1659 856 λόγος
1692 783 1842 855 αὑτῷ

255 888 388 959 σιτερλ⁵
423 884 541 953 σοῦ,
580 886 789 955 πέμπει
823 900 890 954 με
923 881 1060 953 πρὸς
1090 882 1170 946 σὲ,
1210 879 1503 951 πεισθῆναί
1530 896 1590 932 σε
1617 876 1843 948 μηνύων

255 981 352 1034 καὶ
384 978 457 1048 μὴ
485 978 606 1041 ταῖς
636 975 863 1037 πολλαῖς
886 972 1143 1042 βασάνοις
1174 973 1236 1024 τὸ
1264 971 1423 1042 σῶμα
1452 970 1838 1041 διαφθαρῆναι·

202 1104 203 1107 η
258 1068 637 1140 συγγνώσεται
687 1069 796 1136 γάρ
832 1081 915 1118 σοι
968 1063 1278 1136 πεισθείσῃ,
1323 1062 1710 1135 φιλάνθρωτος
1740 1059 1840 1125 ὢν,

212 1168 215 1177 ‘
256 1160 347 1213 διά
367 1160 467 1231 τὴν
500 1156 699 1227 πολλὴν
737 1154 938 1227 σαρκὸς
984 1153 1291 1211 ἀσθένειαν.
1325 1154 1368 1206 Τ
1372 1153 1579 1225 αράχου
1610 1152 1705 1205 καὶ
1730 1151 1842 1204 δεί-

192 1288 197 1293 .
260 1265 432 1319 ματος
465 1248 559 1299 ἐπὶ
602 1245 811 1309 τούτοις
854 1246 890 1316 ἡ
925 1244 1137 1316 μάρτυς
1167 1243 1343 1314 μεστὴ
1385 1245 1633 1312 γίνεται·
1679 1241 1843 1313 ἐῴκει

257 1339 366 1411 γάρ
398 1338 490 1394 τοῦ
524 1339 859 1409 φαινομένου
891 1340 923 1403 ἡ
978 1338 1080 1409 μὲν
1113 1337 1301 1408 μορφὴ
1333 1338 1591 1406 ἀγγέλου,
1620 1337 1655 1406 ἡ
1698 1352 1841 1406 cupa

256 1431 424 1500 ϐουλὴ
452 1430 511 1483 δὲ
540 1429 802 1501 ἄντικρυς
837 1428 1034 1501 ἐχθροῦ
1060 1445 1073 1459 ·
1109 1430 1254 1499 μέγα
1286 1425 1380 1482 οῦν
1412 1431 1507 1483 καὶ
1536 1427 1844 1499 περιπαθὲς

259 1524 567 1590 στινάξασα
615 1526 712 1579 καὶ
742 1526 995 1598 δακρύων
1025 1525 1153 1588 τοὺς
1201 1525 1518 1596 ὀφθαλμοὺς
1565 1525 1840 1597 πλήσασα,

257 1617 435 1689 Κύριέ
472 1635 597 1688 μου,
651 1617 825 1687 λέγει,
861 1618 1060 1689 ποιητά
1105 1618 1215 1671 τῶν
1261 1619 1542 1683 ἁπάντων,
1592 1617 1652 1671 ὃν
1680 1617 1844 1689 μόνον

255 1709 368 1761 τῶν
407 1709 507 1780 μὲν
539 1711 807 1780 οὐρανίων
830 1712 886 1765 al
924 1710 1183 1780 δυνάμεις
1217 1710 1468 1780 ὑμνοῦσι,
1510 1709 1619 1762 τῶν
1642 1709 1845 1779 ἀερίων

1944 503 2026 560 Τιι
2055 514 2239 560 autem
2270 499 2613 558 solummodo
2643 514 2768 554 cum
2798 506 2852 553 te
2874 495 3165 553 eduxerint
3196 511 3231 552 θ
3256 496 3527 561 custodia,

1944 610 2176 652 accurre
2203 604 2259 651 et
2294 593 2479 650 statim
2511 589 2789 648 sacriﬁca.
2820 587 3011 660 Neque
3032 588 3177 644 enim
3232 586 3531 642 sustinebis

1943 688 2328 759 suppliciorum
2383 685 2609 741 nimiam
2664 682 3044 738 acerbitatem.
3082 679 3177 733 illa
3203 688 3384 733 autem
3415 694 3431 731 :
3463 676 3533 731 Et

1944 783 2195 852 quisnam
2222 788 2277 835 ιιι
2294 793 2352 835 es
2370 776 2397 832 ?
2417 775 2647 845 rogavit.
2675 772 2942 843 Malignus
2963 785 3125 827 vero:
3147 768 3300 835 Sum,
3329 767 3529 839 inquit,

1946 873 2041 928 Dei
2068 871 2296 942 angelus
2325 887 2340 925 :
2372 879 2429 925 et
2475 866 2735 939 quoniam
2772 866 2819 921 is
2849 878 3102 935 magnam
3152 863 3229 917 tui
3263 862 3416 917 ducit
3440 876 3531 914 ra-

1947 967 2170 1030 tionem,
2202 964 2371 1019 mittit
2398 977 2485 1017 me
2509 962 2577 1018 ad
2614 970 2688 1026 te,
2720 957 3112 1027 ntagnil’aciens
3127 965 3187 1010 ut
3216 964 3273 1011 tu
3302 969 3521 1025 pareas,

1943 1069 1998 1116 et
2046 1073 2157 1114 non
2214 1071 2414 1128 corpus
2464 1066 2615 1111 tuum
2674 1055 2862 1109 multis
2927 1052 3213 1108 tormentis
3274 1051 3526 1107 intereat.

1944 1153 2192 1224 Ignoscet
2216 1152 2361 1206 enim
2409 1149 2531 1214 tibi,
2555 1147 2605 1203 si
2654 1145 2925 1218 parueris,
2968 1160 3091 1201 cum
3126 1145 3200 1200 sit
3238 1143 3529 1212 benignus,

1943 1250 2169 1315 propter
2186 1242 2407 1297 multam
2431 1241 2616 1297 carnis
2632 1238 3083 1293 imbecillitatem.
3108 1235 3532 1292 Perturbatione

1944 1346 2001 1393 et
2023 1347 2230 1393 terrore
2259 1344 2464 1405 martyr
2497 1341 2720 1403 propter
2749 1331 2865 1386 haec
2890 1329 2991 1385 fuit
3011 1329 3190 1400 plena.
3225 1328 3524 1398 Natuejus,

1945 1429 2037 1501 qui
2088 1427 2409 1497 apparebat,
2466 1424 2759 1480 videbatur
2823 1421 3042 1492 quidem
3107 1408 3281 1475 lorma
3330 1418 3530 1489 angeli,

1947 1519 2240 1577 consilium
2288 1526 2470 1572 autem
2521 1524 2711 1585 aperte
2757 1512 2990 1568 inimici.
3050 1511 3186 1569 Cum
3207 1526 3338 1582 ergo
3378 1510 3538 1568 valde

1945 1624 2001 1670 et
2023 1610 2415 1668 miserabiliter
2449 1609 2811 1679 ingemuisset
2872 1614 2927 1661 et
2973 1603 3230 1675 lacrymis
3258 1601 3536 1673 implesset

1947 1698 2442 1758 oculos:llomine
2494 1697 2593 1765 mi,
2645 1697 2845 1766 inquit,
2893 1693 3160 1757 omnium,
3216 1707 3339 1765 quae
3385 1698 3533 1756 sunt,

212 1874 225 1883 _
256 1801 315 1855 δὲ
348 1799 623 1872 δαιμόνων
674 1804 993 1873 φρίττουσιν
1027 1805 1061 1876 ἡ
1113 1803 1346 1873 πληθὺς,
1380 1804 1456 1872 μή
1494 1817 1562 1873 με
1609 1800 1845 1873 παρόψει

1948 1791 2219 1850 eﬂector:
2268 1804 2432 1862 quem
2488 1788 2664 1845 solum
2724 1787 2943 1858 quidem
3014 1785 3240 1841 laudant
3300 1783 3539 1839 virtutes

254 1895 360 1965 τὴν
393 1893 719 1948 πεποιθυῑαν
759 1897 840 1960 εἰς
883 1895 962 1957 σὲ,
1005 1896 1127 1967 μηδ’
1156 1897 1215 1948 ἐν
1245 1897 1516 1965 προφάσει
1551 1913 1642 1967 μοι
1669 1911 1847 1967 σωτη-

258 1985 387 2056 ρίας
426 1986 456 2038 ὁ
509 1986 744 2056 πονηρὸς
792 1987 990 2058 πικρόν
1021 2003 1077 2040 τι
1123 1988 1336 2060 κεράσῃ
1369 1991 1659 2059 ποτήριονο
1708 1987 1846 2042 ἀλλὰ

254 2074 433 2145 δεῖξόν
475 2095 566 2149 μοι
590 2078 670 2143 τίς
702 2080 730 2131 ὁ
772 2079 945 2133 ταῦτα
971 2080 1146 2148 λέγων
1177 2083 1271 2135 καὶ
1306 2083 1398 2146 σὸς
1434 2079 1575 2137 εἶναι
1628 2084 1847 2154 οίκέτης

258 2167 882 2241 ὑποκρινόμενος.Εῐπε·
903 2172 1000 2227 καὶ
1026 2174 1055 2224 ὁ
1077 2174 1411 2245 καλούμενος
1432 2176 1592 2239 εὐθὺς
1621 2176 1845 2247 ἤκουσε,

256 2262 355 2315 καὶ
395 2263 551 2333 φωνὴ
605 2263 936 2334 ούρανόθενυ
991 2264 1219 2337 Θάρσει,
1272 2267 1479 2335 ἔλεγεν,
1540 2268 1844 2337 Ἰουλιανή·

256 2353 374 2424 ἐγὼ
403 2354 518 2427 γάρ
538 2355 655 2425 είμι
682 2356 822 2425 μετὰ
856 2356 978 2424 σοῦ,
1005 2358 1199 2412 τούτου
1223 2358 1279 2411 δὲ
1314 2359 1480 2414 λαϐοῦ
1499 2359 1710 2432 (δίδωμι
1737 2360 1848 2432 γάρ

258 2462 344 2499 σοι
376 2448 500 2499 κατ’
522 2447 691 2502 αὐτοῦ
733 2448 832 2521 τὴν
863 2448 1063 2522 ἰσχὺν),
1102 2452 1199 2505 καὶ
1225 2452 1372 2516 ὅστις
1399 2451 1486 2525 εἴη
1518 2453 1649 2525 παρ’
1680 2453 1847 2508 αὐτοῦ

259 2535 534 2605 μάνθανε.

326 2803 409 2857 θ’.
429 2802 588 2858 Οὕτω
605 2806 672 2876 τῇ
696 2805 828 2879 εὐχῇ
851 2806 950 2876 μὲν
969 2808 1002 2878 ἠ
1020 2810 1169 2881 φωνή
1191 2827 1206 2842 ·
1227 2813 1289 2883 τῇ
1310 2815 1463 2885 φωνῇ
1478 2813 1534 2866 δὲ
1560 2812 1848 2884 ἠκολούθει

250 2897 316 2952 τὸ
356 2896 553 2968 θαῦμα
575 2914 589 2927 ·
618 2899 820 2952 αὐτίκα
858 2900 967 2971 γὰρ
993 2902 1214 2956 ἐλύοντο
1249 2905 1347 2975 μὲν
1385 2906 1455 2958 τά
1499 2906 1697 2977 δεσμά,
1730 2906 1848 2971 ἐξέ-

252 3006 429 3045 πιπτε
460 2989 520 3043 δὲ
565 2990 593 3042 ὀ
623 2991 842 3061 σίδηρος
889 2992 1000 3046 τῶν
1041 2994 1233 3065 μηρῶν
1260 3010 1275 3026 ο
1306 2997 1339 3067 ἠ
1366 2996 1422 3049 δὲ
1473 2995 1570 3050 τοῦ
1615 2997 1848 3066 ἐδάφους

1947 1881 2278 1949 οωιεειὶιιιιι,
2330 1882 2522 1936 horret
2574 1892 2709 1933 vero
2746 1892 3036 1934 aereorum
3073 1876 3369 1931 multitudo
3422 1873 3537 1928 dauc-

1949 1990 2169 2033 monum
2199 1990 2216 2028 :
2249 1987 2316 2028 ne
2368 1986 2456 2027 me
2508 1969 2846 2039 despexeris,
2898 1982 3021 2040 quae
3067 1978 3290 2038 propter
3329 1977 3382 2022 te
3413 1981 3536 2022 sum

1947 2081 2107 2140 passa
2142 2082 2158 2121 :
2184 2079 2284 2121 nec
2309 2062 2441 2118 mibi
2459 2072 2725 2132 praetextu
2757 2060 2968 2125 salutis,
2989 2059 3266 2128 malignus
3288 2072 3539 2114 amarunt

1948 2158 2169 2230 aliquod
2259 2166 2523 2227 temperet
2586 2155 2885 2226 poculum:
2923 2153 3020 2211 sed
3086 2152 3313 2209 ostende
3378 2149 3534 2215 mihi,

1949 2254 2203 2324 quisnam
2250 2251 2344 2315 sit,
2374 2248 2468 2319 qui
2508 2249 2623 2303 hac
2656 2248 2809 2315 dicit,
2840 2256 2896 2302 et
2928 2246 3022 2316 qui
3059 2258 3121 2300 se
3166 2244 3322 2314 lingit
3384 2252 3535 2297 tuum

1949 2358 2072 2402 esse
2098 2341 2386 2397 famulum.
2426 2340 2597 2403 Dixit,
2626 2347 2680 2394 et
2703 2341 2887 2393 statim
2917 2336 3161 2392 exaudiit
3193 2337 3240 2391 is
3265 2335 3357 2406 qui
3385 2335 3538 2390 invo-

1949 2438 2200 2500 cabatur,
2230 2444 2287 2490 et
2322 2447 2425 2488 vox
2474 2432 2688 2488 exstitit
2716 2430 2936 2486 cmlitus
2971 2427 3260 2496 :Coulide,
3293 2427 3537 2489 Juliaua.

1949 2546 2070 2604 ego,
2100 2531 2248 2585 enim
2276 2545 2397 2585 sum
2428 2539 2628 2584 tecum.
2664 2525 2798 2581 Eum
2825 2532 3008 2580 autem
3044 2522 3395 2596 apprehende
3445 2522 3541 2593 (do

1950 2626 2095 2681 enim
2126 2623 2220 2680 tibi
2254 2625 2517 2679 adversus
2537 2635 2662 2677 eum
2678 2616 2887 2690 vires),
2926 2627 2983 2674 et
3003 2631 3069 2673 ex
3095 2631 3165 2673 eo
3194 2616 3346 2673 disce
3383 2616 3543 2685 quis-

1953 2730 2082 2771 nam
2108 2715 2202 2770 sit.
2733 2714 2735 2716 ’

2022 2825 2119 2883 1x.
2146 2825 2239 2882 Sic
2266 2839 2460 2895 preces
2497 2838 2599 2879 vox
2626 2823 2845 2894 quidem
2890 2832 2974 2878 est
2997 2828 3316 2887 consecuta,
3348 2834 3538 2877 vocem

1954 2933 2084 2975 vero
2137 2917 2487 2973 miraculum.
2531 2915 2726 2970 Statim
2779 2915 2922 2970 enim
2953 2913 3127 2970 soluta
3163 2914 3382 2984 quidem
3415 2922 3544 2969 sunt

1954 3009 2189 3076 vincula,
2211 3009 2407 3064 cecidit
2435 3017 2620 3063 autem
2643 3005 2852 3062 ferrum
2881 3021 2909 3060 a
2935 3005 3256 3060 femoribus.
3287 3004 3376 3058 Illa
3410 3017 3540 3059 vero

246 3082 419 3146 εὐθὺς
451 3082 802 3148 ἐξανίσταται
834 3088 929 3139 καὶ
982 3086 1068 3155 ἐφ’
1097 3087 1302 3159 ἑαυτῆς
1334 3089 1575 3157 γίνεται⁸
1606 3092 1699 3143 καὶ
1738 3089 1845 3142 τῶν

1955 3107 2122 3160 Ιιιιιιιο
2153 3103 2337 3158 statim
2390 3100 2658 3171 exsurgit,
2682 3108 2737 3154 et
2784 3083 2845 3153 ilt
2892 3098 2974 3154 sui
3002 3097 3142 3170 juris
3177 3116 3190 3152 :
3224 3104 3279 3151 et
3309 3112 3429 3151 cum
3459 3096 3542 3152 sic

244 3176 477 3247 δεσμῶν
532 3177 753 3249 ἐκείνης
803 3177 948 3232 οὕτω
1001 3179 1294 3247 λυθέντων,
1323 3183 1352 3234 ὁ
1407 3182 1595 3249 φανεὶς
1643 3182 1845 3253 μᾶλλον

1951 3195 2130 3251 soluta
2156 3202 2345 3249 essent
2367 3192 2516 3248 illius
2544 3191 2782 3255 vincula,
2820 3191 3038 3246 vinctus
3067 3188 3357 3243 videbatur
3381 3188 3428 3242 is
3446 3188 3539 3258 qui

242 3273 438 3344 ὼρᾶτο
490 3273 867 3345 πεπεδημένος
889 3291 905 3307 ο
947 3274 1008 3330 δν
1039 3277 1071 3347 ἡ
1106 3276 1314 3347 μάρτυς
1347 3277 1696 3349 κατασχοῦσα
1723 3295 1845 3348 γεν-

1951 3296 2298 3359 apparuerat.
2361 3284 2532 3352 Quem
2591 3299 2714 3338 cum
2768 3293 2974 3353 martyr
3025 3292 3250 3337 strenue
3278 3291 3538 3350 tanquam

239 3366 439 3430 ναίως,
471 3365 664 3419 δοῦλον
692 3366 845 3420 ὥσπε
855 3386 883 3438 ρ
904 3367 1055 3421 δεινὰ
1076 3372 1472 3441 πεπραγμένον
1495 3371 1632 3441 πρὸς
1664 3370 1845 3436 ἐξέτα-

1952 3392 2171 3432 servum
2204 3375 2729 3447 comprehendisset,
2753 3375 2843 3443 qui
2878 3374 3063 3444 gravia
3105 3382 3536 3443 perpetraverat.

237 3477 329 3515 σιν,
362 3456 512 3531 ἦγε,
564 3458 658 3522 Τίς
707 3476 769 3512 τε
814 3455 866 3512 εἱ
920 3462 1017 3514 καὶ
1045 3463 1237 3527 πόθεν,
1286 3463 1542 3531 λέγουσα,
1569 3465 1666 3516 καὶ
1696 3464 1845 3534 παρὰ

1951 3468 2110 3524 duxit
2146 3468 2213 3522 ad
2249 3465 2737 3532 exatuinationem,
2791 3465 2980 3521 dicens
3014 3482 3029 3518 :
3066 3463 3326 3531 Quisnam
3358 3480 3441 3528 es.
3485 3472 3541 3519 et

231 3555 386 3618 τίνος
422 3553 549 3623 ἄρα
586 3553 880 3624 τυγχάνεις
906 3555 1356 3627 ἀπεπαλμὲ·.ος;
1396 3557 1490 3610 τὸν
1530 3557 1589 3610 δὲ
1619 3557 1845 3628 (στερρὰ

1953 3563 2124 3627 unde,
2150 3568 2205 3616 et
2235 3575 2264 3614 a
2289 3574 2396 3629 quo
2428 3560 2628 3613 missus
2647 3558 2673 3612 τ
2702 3557 2857 3612 ΙΙΙιιιιι
2882 3565 3062 3613 autem
3086 3557 3343 3629 (validum
3372 3558 3541 3621 enim,

236 3649 353 3718 γὰρ
380 3663 470 3708 τις
526 3645 624 3698 καὶ
657 3646 890 3715 ἀόρατος
923 3647 1122 3716 ἤπειγε
1155 3647 1377 3716 μάστιξ)
1401 3648 1658 3718 άληούειν
1683 3648 1845 3717 ὴνάγ.

1953 3654 2095 3723 quod
2131 3652 2234 3707 sub
2261 3659 2543 3721 aspectum
2578 3664 2683 3704 non
2702 3649 2961 3713 cadebat,
2996 3653 3225 3718 urgebat
3249 3647 3542 3720 ﬂagellum)

241 3741 420 3804 καςεν
466 3740 610 3800 ὅλως
638 3736 769 3792 ὄντα
799 3740 1102 3809 φιλοψευδὶι
1124 3779 1140 3805 ,
1171 3742 1268 3794 καὶ
1305 3741 1480 3795 πάντα
1507 3739 1645 3810 ὁμοῦ
1675 3755 1845 3793 κατα-

1953 3743 2132 3813 coegit
2189 3756 2375 3795 verum
2448 3740 2652 3806 dicere,
2702 3754 2829 3795 cum
2881 3747 3025 3795 esset
3054 3740 3277 3794 omnino
3333 3740 3543 3795 amicus

240 3834 424 3902 λέγει,
482 3830 580 3884 τὸν
634 3832 1039 3896 ἀπεσταλκότα,
1088 3834 1171 3887 ὃτι
1224 3832 1310 3903 εἴη
1364 3835 1393 3886 ὁ
1440 3833 1704 3901 Σατανᾶς,
1757 3835 1851 3888 τὸν

239 3925 682 3995 ἀπεσταλμένον
733 3926 920 3992 αὑτὸν,
954 3927 1036 3980 ὅτι
1067 3927 1282 3980 ἐκείνου
1321 3928 1594 3997 δαιμόνων
1634 3929 1663 3979 ὁ
1696 3928 1851 3999 πρῶ·

237 4033 369 4081 τος·
404 4015 513 4088 τὴν
547 4016 750 4080 αἰτίαν,
776 4017 857 4070 δτι
895 4018 1108 4086 μεγάλα
1134 4019 1200 4070 δι’
1229 4017 1401 4087 αὐτῆς
1433 4020 1461 4070 ὁ
1493 4019 1729 4089 πονηρὸς
1756 4020 1854 4072 πέ-

240 4110 504 4181 πληκτοο
550 4109 687 4177 πρὸς
737 4109 972 4174 τούτοις,
1008 4111 1091 4163 ὅτι
1146 4110 1309 4173 αὐτὸς
1347 4112 1555 4174 ἐκεῖνος
1598 4113 1627 4164 ὀ
1666 4111 1758 4164 καὶ
1784 4116 1851 4184 τῇ

237 4204 365 4276 Εὕα
402 4201 582 4256 πάλαι
613 4201 709 4272 τὴν
743 4200 994 4272 ὀλεθρίαν
1020 4202 1391 4275 προσαγαγὼν
1424 4204 1734 4275 συμὸουλὴν
1759 4208 1853 4258 καὶ

238 4300 393 4353 Κάῖν
425 4295 512 4358 είς
543 4293 970 4363 ἀδελφοκτονίαν
997 4297 1208 4364 ὲπὰρλς
1242 4297 1423 4349 καὶτὸ
1453 4296 1701 4365 φονεύειν
1737 4298 1845 4350 εἰσ·

1959 4296 2075 4366 lpse
2107 4295 2198 4366 qui
2235 4295 2361 4350 Evae
2395 4293 2524 4348 olim
2578 4292 2951 4363 perniciosum
2988 4292 3138 4347 dedit
3167 4292 3457 4348 consilium
3485 4305 3542 4348 ct

235 4389 639 4463 ηγησάμενος,
677 4386 1152 4456 Ναϐουχοδονόσορ
1194 4389 1294 4456 τὴν
1336 4392 1437 4459 τῆς
1480 4387 1691 4455 είκόνος
1724 4390 1845 4444 ἀνά-

1958 4387 2026 4442 ad
2089 4387 2277 4443 fratris
2321 4387 2524 4442 czedem
2560 4384 2699 4441 Cain
2738 4384 2996 4445 incitavit
3025 4385 3070 4451 ⁸,
3105 4392 3159 4439 et
3188 4384 3281 4454 qui
3330 4384 3542 4439 incinxit

237 4500 449 4539 στάσιν
508 4479 774 4543 ὑποθεὶς,
826 4477 1041 4546 Ἡρώδη
1085 4482 1185 4549 τὴν
1233 4481 1607 4550 παιδοφονίαν,
1679 4482 1845 4536 Ἰούδα

1956 4483 2332 4553 parricidium,
2397 4483 2489 4553 qui
2549 4482 2817 4552 suggessit
2873 4477 3419 4545 Nabuchodonosori,
3477 4490 3538 4535 ut

231 4577 345 4651 τὴν
395 4572 727 4644 προδοσίαν,
778 4566 899 4622 εἶτα
952 4573 1045 4623 καὶ
1090 4574 1186 4641 τὴν
1219 4572 1479 4644 ἀγχόνην.
1520 4574 1660 4643 Ἐγὼ
1708 4577 1845 4628 κεκί-

1957 4575 2222 4628 excitaret
2249 4584 2482 4628 statuam
2513 4574 2558 4638 ⁸,
2592 4572 2788 4627 Herodi
2845 4585 3136 4641 puerorum
3184 4571 3541 4639 occisionem,

233 4686 417 4740 yf‘xa,
453 4665 650 4735 φησιν,
684 4668 777 4715 καὶ
805 4664 946 4716 κατὰ
977 4663 1253 4732 Στεφάνου
1281 4666 1372 4717 τὸν
1401 4666 1684 4737 λιθασμὸν,
1714 4669 1845 4721 κατὰ

1953 4663 2104 4720 ludas
2138 4665 2501 4736 proditionem
2525 4673 2579 4719 et
2600 4664 2796 4719 deinde
2831 4661 3151 4732 laqueum‘.
3185 4660 3318 4733 Ego,
3344 4664 3539 4733 inquit,

231 4764 469 4835 Πέτρου
530 4760 592 4812 δὲ
633 4761 726 4811 καὶ
790 4758 999 4811 Παύλολ
1045 4759 1140 4811 τοῦ
1204 4758 1305 4829 μὲν
1356 4760 1456 4831 τὴν
1515 4762 1845 4833 ὲπικεφαλὴι

1952 4759 2116 4811 etiam
2150 4755 2535 4825 lapidationem
2554 4756 2693 4810 movi
2716 4756 2979 4809 adversus
3002 4753 3340 4822 Stephanum
3366 4756 3386 4787 "
3407 4771 3422 4811 :
3445 4757 3545 4809 acl-

233 4857 599 4926 σταύρωσιν,
634 4850 729 4903 τοῦ
781 4851 836 4903 δὲ
887 4852 983 4920 τὴν
1027 4851 1117 4904 διὰ
1166 4852 1353 4920 ξίφους
1409 4854 1727 4924 ἀναίρεσιν·
1760 4857 1845 4908 etsi

1953 4863 2149 4905 versus
2176 4846 2398 4904 Petrum
2428 4857 2606 4903 autem
2636 4857 2693 4902 et
2719 4845 2969 4912 Paulum,
3001 4848 3145 4902 illius
3180 4849 3400 4926 quidem
3447 4863 3545 4903 ca-

229 4951 465 5010 τούτοις
506 4946 680 4997 πᾶσιν
719 4944 830 5011 ἐγώ
876 4947 991 5014 εἰμι
1022 4945 1052 4996 ὁ
1107 4945 1390 5016 Ἑϐραίους
1431 4945 1531 5016 μὲν
1568 4948 1845 5001 εἰδωλολα.⁴

1954 4941 2065 5011 pite
2091 4941 2332 4997 demisso
2367 4942 2417 4996 in
2468 4951 2668 4995 terram
2702 4941 3134 5006 cruciﬁxionem,
3181 4923 3344 5009 huius
3415 4955 3544 4997 vero

228 5045 396 5115 τρεῖν
421 5037 767 5100 ἀναπείσας,
813 5037 1140 5107 Σολομῶντα
1169 5038 1225 5090 δὲ
1256 5042 1349 5091 τὸν
1385 5039 1550 5107 σοφὸν
1591 5042 1845 5113 μωράνας

1952 5048 2085 5090 ense
2137 5034 2636 5103 iuteremptiouem.
2701 5031 2988 5088 Postremo
3074 5049 3175 5104 ego
3236 5050 3382 5099 sum,
3444 5035 3542 5104 qui

230 5139 333 5192 καὶ
360 5134 637 5201 παίγνιον
674 5131 1006 5201 παρανόμων
1045 5131 1223 5195 δείξας
1254 5132 1493 5202 ἐρώτων.

1952 5127 2195 5196 persuasi
2249 5124 2491 5182 Hebraeis
2555 5134 2613 5180 ut
2682 5134 2868 5181 essent
2916 5124 3157 5181 cultores
3230 5126 3543 5188 idolorum;

1953 5218 2299 5274 Salomonem
2333 5228 2514 5273 autent
2591 5217 2890 5288 sapientem
2944 5216 3227 5284 inl‘atuavi,
3277 5228 3334 5273 et
3378 5215 3537 5273 el'feci

1963 5309 2296 5364 nefariorum
2332 5323 2580 5364 amorum
2627 5308 2944 5364 ludibrium.

306 5406 372 5459 ι’.
410 5399 618 5456 Ταῦτα
648 5397 724 5461 ὡς
756 5398 991 5467 ἤκουσεν
1022 5395 1305 5468 Ἰουλιανὴ,
1334 5395 1428 5450 καὶ
1450 5394 1640 5466 ἕτερόν
1665 5411 1719 5448 τι
1744 5394 1845 5448 τῶι

2039 5398 2109 5455 Χ.
2142 5398 2270 5456 Haec
2327 5409 2615 5472 postquam
2648 5401 2854 5457 audivit
2882 5398 3123 5465 Juliana,
3149 5401 3297 5458 aliud
3321 5416 3540 5473 quoque

229 5494 588 5571 ταραδόξων
622 5490 799 5544 ἐποίει
825 5506 838 5519 ·
884 5491 1121 5563 δεσμοὺς
1155 5489 1357 5553 ἄλλους
1398 5488 1574 5556 ἐπῆγε
1624 5488 1705 5560 τῷ
1736 5489 1845 5542 δαί-

1965 5494 2091 5549 feeit
2120 5492 2490 5548 admirabile:
2529 5492 2633 5547 alia
2672 5491 2889 5548 vincula
2936 5502 2991 5549 et
3042 5493 3232 5564 plagas
3289 5494 3550 5564 imposuit

229 5609 363 5666 μονι
425 5588 530 5644 καὶ
588 5583 841 5656 πληγάς·
875 5584 1096 5648 πάντως
1146 5585 1205 5639 δὲ
1259 5586 1287 5637 ὁ
1319 5586 1412 5638 καὶ
1460 5584 1668 5637 τούτων
1722 5584 1845 5638 ἄνευ

1965 5586 2220 5641 daemoui.
2273 5584 2505 5641 Omnino
2555 5594 2738 5640 autem
2792 5585 2841 5643 is
2863 5584 3052 5653 etiam,
3083 5588 3178 5657 qui
3202 5586 3408 5658 absque
3438 5586 3548 5651 bis,

1955 3833 2222 3890 mendacii
2256 3851 2270 3887 :
2310 3840 2364 3888 et
2395 3832 2578 3886 omnia
2610 3832 2773 3888 simul
2821 3838 3090 3897 recenset,
3122 3844 3269 3897 eum,
3306 3832 3398 3902 qui
3435 3833 3541 3885 mi-

1955 3939 2123 3995 serat,
2158 3930 2303 3999 quod
2349 3929 2561 3983 scilicet
2609 3936 2757 3983 esset
2789 3926 3020 3982 Satanas
3060 3943 3180 3993 :se,
3221 3927 3314 3998 qui
3342 3927 3541 3982 missus

1954 4020 2153 4087 fuerat,
2195 4034 2389 4090 nempe
2417 4020 2560 4088 quod
2600 4026 2749 4075 esset
2776 4018 2984 4088 primus
3010 4033 3079 4073 ex
3130 4017 3249 4088 ejus
3283 4018 3543 4072 daemoni-

1957 4115 2100 4166 bus:
2132 4125 2376 4176 causam,
2409 4111 2554 4180 quod
2598 4124 2696 4178 per
2741 4110 2914 4179 ipsam
2969 4109 3237 4179 malignus
3283 4123 3536 4179 magnum

1957 4203 2152 4259 vulnus
2215 4211 2525 4273 acceperat.
2560 4200 2831 4256 Praeterea
2886 4202 3031 4270 quod
3082 4200 3198 4270 ipse
3252 4210 3399 4256 esset
3447 4199 3541 4256 ille

344 5773 370 5806 ⁸
398 5770 550 5831 Gen.
580 5778 644 5820 ιιι
686 5780 737 5823 et
766 5782 841 5826 tv.
915 5764 937 5796 '
957 5764 1095 5823 Dan.
1147 5781 1230 5823 ιιι.
1315 5767 1335 5799 ⁸
1364 5765 1554 5822 Matth.
1582 5780 1727 5821 τινι.
1803 5766 2026 5822 'Actor.
2052 5780 2149 5820 vn.

1560 5898 1589 5921 ,Ι
