4160 6424
618 285 754 350 lin

1832 278 2119 339 MENSIS
2156 277 2684 339 FEBRUARIUS.

3750 271 3903 335 1448

619 394 1028 455 inevitabilibus
1064 393 1212 448 illum
1245 388 1579 447 constrinxit
1626 386 1879 453 vinculis,
1917 395 1970 442 et
2026 385 2205 442 cﬂeeit

2327 390 2527 456 ἰεσμοῖς
2556 387 2766 440 ἐκεῖνον
2792 384 3057 455 ἀφύκτοις
3088 382 3402 456 περιϐαλὼν
3434 381 3529 436 καὶ
3577 386 3737 454 χερσὶ
3765 400 3913 453 κρα-

616 501 676 548 ut
731 497 1006 546 teneretur
1065 486 1339 548 manibus,
1403 498 1508 536 non
1573 490 1656 535 est
1711 479 2034 535 incredibile
2075 493 2201 534 eum

615 596 938 655 procurasse
968 596 983 633 τ
1017 589 1076 631 ut
1108 576 1336 630 vinculis
1365 589 1552 629 rursus
1577 573 1834 640 ligaretur
1857 587 1885 624 a
1912 581 2120 635 sancta,
2149 581 2204 624 et

619 674 852 730 sentiret
898 671 1102 738 plagas.
1157 668 1334 736 Atque
1395 666 1484 720 ille
1533 664 1752 733 quidem
1812 663 2205 718 admirabiliter

618 781 836 836 gravem
862 762 1106 816 dolorem
1128 759 1422 822 sentiebat,
1456 765 1509 809 et
1543 755 1765 824 rogabat
1798 762 1858 807 ut
1905 752 2207 806 solveretur

618 873 646 910 a
683 854 909 908 vinculis
945 865 1001 908 et
1043 851 1383 906 rel-araretur
1439 865 1468 902 a
1511 847 1702 917 plagis.
1764 844 2031 912 Quoniam
2078 855 2208 894 vero

620 963 726 1002 non
797 944 1132 1008 solvebatur,
1181 939 1413 996 deﬂebat
1470 939 1870 992 calamitatem:
1911 935 2006 989 llei
2051 933 2205 996 mibi,

619 1041 830 1103 dicens,
890 1036 1030 1102 Quid
1092 1037 1157 1090 de
1214 1049 1301 1087 me
1362 1031 1500 1086 lict?
1553 1046 1665 1100 quo
1711 1028 1960 1098 lugiam?
2007 1026 2207 1080 Multos

620 1132 839 1201 quidem
869 1128 1053 1196 decepi
1083 1147 1097 1181 :
1133 1126 1316 1180 tuultis
1355 1135 1533 1176 autem
1575 1122 1727 1177 intuli
1777 1119 2120 1183 amicliones,
2153 1129 2208 1172 et

621 1225 918 1277 multorum
960 1221 1038 1275 fui
1077 1235 1240 1274 causa
1295 1219 1590 1282 malorum,
1619 1232 1926 1281 carcerum,
1963 1216 2206 1284 publica.

623 1318 855 1378 tionnm,
916 1316 1218 1384 plagarum,
1274 1311 1804 1381 COIlﬂtgl‘illlOlllllll,
1863 1310 2204 1375 exsiliorum,

623 1419 677 1464 et
709 1419 986 1478 postremo
1039 1406 1237 1460 mortis
1267 1405 1501 1458 acerbae.
1542 1402 1648 1458 Sed
1683 1402 1862 1456 nullus
1889 1417 2080 1457 eorum
2123 1419 2209 1456 me

623 1501 846 1553 omnino
907 1497 1206 1566 superavit.
1257 1494 1382 1548 ιιυρο
1446 1509 1573 1547 vero
1632 1505 1889 1560 tanquam
1934 1492 2210 1561 mancipio

622 1592 787 1644 etiam
845 1589 1057 1640 vincula
1106 1587 1385 1655 imposuit,
1416 1595 1471 1639 et
1521 1585 1710 1654 plagas
1764 1585 2011 1647 incussit,
2044 1594 2210 1638 etme

624 1681 852 1734 detinet.
891 1680 1019 1744 Sed,
1058 1696 1090 1732 υ
1115 1691 1270 1748 pater
1299 1689 1355 1732 et
1399 1679 1656 1747 princeps
1689 1687 1894 1742 noster,
1935 1677 2212 1746 quomodo

2305 480 2516 534 τεῖσθαι
2560 481 2994 551 παρασκευάσας
3050 478 3144 532 καὶ
3193 479 3397 531 ἄκοντα
3450 475 3660 546 τάληθῆ
3714 476 3912 544 λέγειν

2307 573 2731 643 ἐκϐιασάμενος,
2757 573 2909 624 οὐδὲν
2957 571 3186 625 ἄπιστον
3216 572 3265 623 εί
3309 570 3403 622 καὶ
3437 569 3682 622 δεδέσθαι
3731 571 3910 623 αὑτὸν

2305 665 2527 733 δεσμοῖς
2559 663 2723 716 πάλιν
2755 663 2889 734 πρὸς
2919 665 3016 731 τῆς
3045 664 3206 730 ἁγίας
3243 666 3338 715 καὶ
3379 661 3606 732 πληγῶν
3643 661 3910 716 αἰσθάνει-

2309 759 2434 811 σθαι
2491 757 2930 828 παρεσκεύασεν.
2971 756 3032 808 Ὀ
3071 762 3172 826 μὲν
3219 754 3310 808 οῦν
3361 755 3684 826 παραδόξως
3736 755 3908 825 ήλγει

2307 855 2404 905 καὶ
2458 853 2568 905 τῶν
2621 851 2841 921 δεσμῶν
2891 849 3118 920 λυθῆναι
3163 836 3328 920 ἠξίου
3367 851 3460 902 καὶ
3507 849 3614 902 τῶν
3669 838 3911 919 πληγῶν

2309 943 2602 1014 ἀνεθῆναι·
2629 945 2754 997 ἐπεὶ
2785 944 2842 997 δὲ
2889 944 2965 1013 μὴ
3005 943 3248 1004 ἐλέλυτο,
3283 942 3382 1011 τὴν
3423 941 3712 1012 συμφορὰν
3739 943 3909 994 ἀπω-

2309 1034 2505 1106 δύρετο
2525 1048 2539 1063 ⁸
2579 1035 2760 1104 Οῐμοι,
2793 1033 2991 1102 λέγων,
3021 1033 3108 1094 τίς
3143 1036 3426 1102 γένωμαι;
3459 1034 3552 1085 ποῖ
3583 1030 3859 1103 φεύξομαι
3887 1047 3905 1095 ;

2313 1131 2529 1193 πολλοῖς
2558 1131 2657 1200 μὲν
2687 1130 2931 1198 ἀπάτην,
2976 1126 3191 1188 πολλοῖς
3221 1127 3278 1180 δὲ
3321 1126 3414 1178 καὶ
3446 1125 3656 1194 θλίψεις
3687 1127 3908 1193 ἐπήγα-

2312 1240 2409 1292 γον
2457 1225 2550 1276 καὶ
2600 1223 2788 1276 κακῶν
2833 1221 3007 1284 αῖτιος
3050 1220 3318 1288 κατέστην
3374 1219 3588 1271 πολλῶν
3635 1215 3906 1287 εἰρκτῶν,

2313 1316 2660 1387 δημεύσεων,
2712 1315 2964 1384 πληγῶν,
3012 1313 3285 1376 καύσεων,
3334 1311 3643 1382 ὑπεροριῶν
3693 1311 3788 1363 καὶ
3839 1308 3910 1359 τὸ

2311 1409 2624 1464 τελευταῖον
2655 1409 2887 1462 Θανάτου
2915 1407 3113 1478 πικροῦ
3134 1422 3148 1438 ·
3177 1404 3314 1459 ἀλλὰ
3335 1403 3540 1458 τούτων
3565 1403 3736 1464 οὐδεὶς
3763 1400 3906 1469 ἐμοῦ

2312 1505 2374 1556 τὸ
2401 1501 2664 1570 παράπαν
2699 1500 3068 1570 περιεγένετο.
3099 1497 3247 1566 Λῦτη
3271 1496 3327 1550 δέ
3361 1496 3458 1548 καὶ
3487 1495 3560 1557 ὡς
3586 1491 3907 1563 ἀνδραπόδῳ

2313 1595 2422 1646 τινὶ
2457 1594 2546 1645 καὶ
2593 1591 2770 1660 δεσμὰ
2815 1590 3108 1660 περιέϐαλε
3141 1591 3235 1642 καὶ
3286 1589 3502 1660 πληγὰς
3536 1587 3766 1638 ἐνέτεινε
3802 1583 3906 1635 καὶ

2316 1686 2568 1756 κατέχει·
2599 1684 2737 1748 ἀλλ’,
2767 1679 2812 1738 ὧ
2846 1685 3021 1752 πάτερ
3044 1685 3138 1737 καὶ
3170 1683 3337 1752 ἄρχον
3360 1682 3621 1751 ἡμέτερε,
3660 1678 3775 1740 πῶς
3801 1678 3908 1728 οὐκ

625 1792 733 1830 non
773 1775 1076 1844 cognovisti
1115 1775 1166 1828 id
1199 1774 1342 1842 quod
1393 1781 1514 1825 erat
1541 1768 2212 1834 eventurum?Quomodo

2327 1753 2490 1848 ἔγνως
2517 1778 2576 1831 τὸ
2604 1777 2984 1847 συμϐήσεσθαι
3039 1776 3275 1846 μέλλονς
3308 1775 3425 1838 πῶς
3457 1774 3745 1842 ἐπεμπεςς
3785 1772 3910 1822 πῶς

625 1867 878 1922 misisti?
914 1866 1198 1932 Quomodo
1254 1865 1513 1934 ignorasti
1573 1863 1677 1917 hoc
1727 1862 1928 1916 malum
1976 1862 2210 1931 inexpu-

625 1960 867 2028 gnabile,
938 1960 1082 2028 quod
1143 1958 1457 2027 virginitate
1528 1954 1661 2008 nihil
1717 1954 1794 2010 sit
1821 1954 2114 2018 excelsius,
2160 1962 2217 2008 et

627 2054 880 2122 martyris
900 2052 1154 2121 precibus
1185 2049 1319 2104 nihil
1343 2048 1576 2103 fortius?

697 2143 790 2200 Xl.
832 2143 967 2198 Cum
1001 2157 1128 2196 vero
1159 2144 1207 2197 is
1261 2143 1343 2196 sie
1373 2141 1806 2206 examinaretur,
1837 2139 1988 2194 misit
2021 2137 2215 2209 prml'e-

626 2249 774 2302 etns,
807 2238 897 2307 qui
929 2235 1201 2291 Julianam
1237 2237 1493 2290 educeret
1527 2249 1558 2288 ο
1605 2249 1850 2298 carcere,
1877 2234 1921 2288 si
1965 2233 2123 2287 modo
2154 2247 2218 2286 ea

628 2335 855 2385 viveret.
885 2329 976 2382 lila
1019 2344 1148 2398 ergo
1175 2327 1479 2381 ducebatur
1517 2345 1528 2379 :
1559 2327 1734 2380 malus
1787 2338 1970 2380 autem
2006 2327 2216 2380 damon

626 2424 696 2478 ab
727 2437 792 2476 ea
824 2430 1052 2484 tractus,
1087 2421 1442 2488 sequebatur.
1472 2417 1684 2487 Martyr
1733 2432 1862 2472 vero
1893 2418 2044 2472 stetit
2092 2429 2222 2472 ante

628 2513 968 2582 pra-fectum,
1030 2513 1260 2580 primam
1339 2525 1564 2565 servans
1630 2510 2118 2579 pulchritudinem,
2164 2520 2220 2565 et

628 2605 859 2674 perinde
886 2621 948 2660 ac
977 2605 1024 2658 si
1076 2604 1210 2657 nihil
1257 2603 1385 2657 mali
1443 2604 1795 2658 sustinuisset
1817 2618 1996 2671 neque
2028 2603 2080 2656 in
2118 2606 2219 2657 ob-

627 2711 788 2750 scuro
829 2711 1048 2751 carcere
1094 2695 1300 2749 inclusa
1375 2695 1608 2749 luisset:
1651 2695 1744 2749 sed
1805 2697 2029 2764 perinde
2080 2710 2144 2749 ac
2173 2695 2221 2748 si

631 2790 823 2844 fuisset
854 2790 905 2843 in
940 2789 1200 2853 thalamo,
1239 2798 1294 2843 et
1320 2789 1458 2844 bene
1502 2797 1555 2843 et
1592 2789 1741 2842 laute
1789 2799 1975 2842 curata
2031 2787 2220 2842 fuisset

629 2890 682 2934 et
705 2891 950 2950 accepta.
977 2880 1124 2934 Dixit
1173 2892 1356 2936 autem
1415 2863 1747 2950 praefectus:
1779 2879 1879 2934 Dic
1945 2881 2102 2944 mihi,
2133 2879 2219 2933 in-

629 2972 1027 3044 quit,Juliana,
1070 2976 1290 3044 quando
1317 2984 1372 3028 et
1405 2990 1434 3028 a
1497 2990 1604 3044 quo
1654 2975 1752 3029 has
1807 2973 2046 3028 didicisti
2085 2989 2224 3041 prae~

633 3065 846 3134 stigias,
868 3074 923 3119 et
949 3081 1184 3132 quanam
1215 3075 1334 3119 arte
1388 3065 1462 3118 ita
1511 3063 1889 3134 contempsisti
1919 3073 2212 3130 tormenta,

640 3170 705 3216 ut
732 3160 940 3215 nullum
963 3175 1148 3214 serves
1175 3174 1362 3215 eorum
1394 3159 1717 3232 vestigium?
1742 3162 1843 3215 Ars
1872 3158 2111 3229 quidem,
2139 3158 2223 3212 in-

631 3252 769 3324 quit,
799 3266 832 3306 ο
861 3251 1136 3320 praefecte,
1172 3251 1315 3307 nulla
1342 3261 1427 3307 est
1461 3267 1478 3306 :
1518 3253 1611 3307 sed
1661 3253 1843 3305 divina
1901 3252 2138 3320 quadam
2168 3257 2225 3304 et

631 3344 890 3403 ineﬂ‘abili
946 3346 1212 3414 potentia,
1247 3361 1368 3414 quae
1420 3360 1526 3398 non
1561 3343 1737 3399 solum
1776 3352 1850 3410 te,
1888 3345 1982 3398 sed
2013 3355 2222 3412 patrem

635 3453 852 3508 quoque
889 3450 1037 3492 tuum
1069 3437 1329 3490 Satanam
1357 3438 1564 3506 pudore
1601 3435 1801 3497 aﬁ'ecit,
1830 3452 1913 3489 me
1945 3450 2074 3488 vero
2105 3452 2226 3488 am-

636 3531 808 3584 bobus
837 3528 1014 3584 effecit
1055 3529 1441 3598 potentiorem,
1471 3543 1662 3598 nempe
1711 3539 1765 3582 et
1797 3533 1891 3582 tuo
1945 3526 2125 3581 furore
2173 3536 2227 3582 ct

639 3624 886 3692 improba
948 3621 1092 3676 illius
1128 3630 1245 3674 arte
1280 3639 1293 3676 :
1327 3621 1410 3674 sic
1445 3620 1534 3674 hic
1563 3620 1784 3690 quidem
1833 3621 2085 3676 Christus
2136 3637 2227 3676 ve-

635 3723 778 3766 stras
816 3715 959 3767 vires
989 3712 1292 3776 enervavit,
1327 3711 1437 3766 illic
1463 3720 1644 3765 autem
1680 3711 1776 3766 tibi
1827 3721 1882 3765 et
1946 3723 2034 3766 tuo
2083 3713 2223 3780 patri

635 3817 691 3860 et
728 3807 920 3859 \CSll‘lS
966 3806 1194 3859 asseclis
1227 3808 1404 3872 ignem
1444 3805 1660 3875 paravit
1699 3805 2018 3870 terribilem,
2060 3817 2116 3858 et
2149 3815 2228 3858 te-

637 3909 780 3952 trum
832 3908 1120 3964 tartarum,
1162 3910 1218 3952 et
1276 3900 1558 3961 tenebras,
1587 3907 1645 3950 ct.
1697 3912 1960 3965 vermem,
2004 3907 2056 3951 et
2105 3913 2227 3968 qua:

639 4005 738 4045 nec
763 3999 942 4046 mente
967 4001 1143 4059 potest
1172 3991 1371 4060 aliquis
1405 3989 1875 4059 comprehendere
1909 4004 2007 4045 nec
2030 4003 2220 4059 perse-

637 4087 729 4154 qui
771 4087 1046 4139 oratione.

713 4175 824 4229 XII.
855 4177 988 4230 (lum
1013 4179 1189 4246 ignem
1213 4177 1475 4232 audiisset
1499 4175 1810 4246 pra-lectus,
1837 4177 2013 4246 ignem
2039 4183 2228 4230 contra

643 4269 815 4337 ipsam
845 4272 1077 4338 paravit,
1111 4273 1199 4338 qui
1228 4279 1313 4322 est
1337 4271 1405 4321 ad
1443 4279 1654 4339 tempus
1691 4271 1900 4323 scilicet
1943 4279 1999 4321 et
2024 4269 2232 4320 exstin-

641 4362 843 4430 gnitur.
875 4362 1138 4416 Accendit
1162 4362 1344 4428 itaque
1370 4364 1642 4416 fornacem
1664 4361 1822 4431 lignis
1841 4370 1895 4414 et
1915 4361 2229 4425 sarmentis,

2252 3113 2300 3174 Ο

2315 1870 2534 1941 ἠγνόεις
2571 1870 2630 1922 τὸ
2659 1869 2870 1938 ἄμαχον
2907 1866 3069 1919 τοῦτο
3097 1865 3294 1929 δεινὸν,
3325 1863 3404 1926 ῶς
3431 1862 3542 1931 ἄρα
3574 1861 3725 1913 οὐδὲν
3758 1873 3912 1927 παρ-

2317 1964 2500 2025 θενίας
2533 1962 2832 2032 Ἀλότερω
2869 1959 3019 2032 Hart.
3057 1957 3202 2030 ὑψ.],
3237 1957 3390 2010 οὐδὲν
3424 1953 3770 2025 μαρτυρικῆς
3800 1954 3913 2003 εὑ·-

2317 2058 2418 2128 χῆς
2454 2057 2802 2127 ἰσχυρότερον
2830 2071 2846 2119 ;

2389 2145 2496 2202 lA'.
2547 2148 2634 2200 Ἐν
2695 2139 2739 2213 ᾧ
2777 2146 2832 2198 δὲ
2891 2138 3046 2208 οὗτος
3103 2143 3302 2196 οὑτωσὶ
3359 2139 3669 2209 ἐξητάζετο,
3733 2137 3830 2190 καὶ
3881 2138 3914 2187 ὁ

2319 2241 2558 2312 ἔπαρχος
2616 2240 2836 2309 ἔπεμπε
2874 2241 2972 2308 τῆς
3015 2236 3242 2307 εἱρκτῆς
3300 2233 3598 2300 Ἰουλιανὴν
3652 2234 3914 2298 ἀγαγεῖν,

2320 2334 2481 2403 εἴπερ
2511 2333 2647 2394 ὅλως
2679 2332 2774 2384 καὶ
2807 2330 2874 2399 ζῇ
2903 2346 2915 2360 ·
2955 2331 2986 2400 ἡ
3020 2330 3119 2398 μὲν
3151 2325 3245 2381 οὖν
3279 2328 3445 2398 ἤγετο
3473 2341 3487 2354 ·
3523 2325 3552 2376 ὁ
3586 2324 3818 2393 πονηρὸς
3851 2323 3914 2374 δὲ

2320 2424 2460 2495 αὐτῇ
2514 2424 2724 2493 δαίμων
2779 2423 3078 2492 συρόμενος
3133 2421 3358 2474 εἵπετο·
3409 2421 3445 2488 ἡ
3489 2419 3548 2471 δέ
3589 2420 3798 2486 μάρτυς
3830 2415 3915 2481 τῷ

2320 2518 2548 2585 ἐπάρχῳ
2577 2516 2903 2584 παρίστατο,
2933 2515 2993 2566 τὸ
3031 2513 3248 2582 πρῶτον
3300 2509 3664 2573 ἀποσώζουτα
3715 2505 3916 2567 κάλλος

2323 2611 2421 2663 καὶ
2465 2609 2657 2678 ὥσπερ
2691 2607 2843 2661 οὐδὲν
2878 2607 3163 2659 ὑποστᾶσα
3205 2604 3378 2657 δεινὸν
3419 2603 3541 2655 οὐδὲ
3576 2603 3767 2671 εἱρκτῇ
3808 2600 3915 2660 ζω-

2325 2699 2491 2770 φῲδει
2523 2700 3004 2761 κατακλεισθεῖσα,
3024 2696 3138 2749 ἀλλ’
3159 2692 3270 2748 οἷον
3290 2699 3346 2748 ἐν
3383 2693 3613 2762 θαλάμῳ
3639 2687 3776 2744 οὖσα
3816 2690 3917 2742 καὶ

2327 2791 2528 2860 πολλῆς
2554 2789 2853 2860 ἀξιουμένη
2882 2795 2979 2860 τῆς
3003 2789 3326 2851 εὐπαθείας·
3360 2787 3454 2840 καὶ
3483 2787 3511 2837 ὀ
3530 2786 3712 2854 ἄρχων
3730 2798 3745 2813 ·
3779 2780 3918 2833 Εἱπὲ

2329 2901 2444 2954 μοι,
2473 2886 2600 2953 ἔφη,
2648 2882 2933 2952 Ἰουλιανὴ,
2975 2883 3110 2934 πότε
3158 2882 3252 2933 καὶ
3283 2879 3414 2948 παρ’
3442 2878 3566 2930 ὅτου
3606 2877 3668 2944 δὴ
3700 2876 3769 2926 τὰ
3806 2889 3923 2924 τοι-

2326 2974 2469 3028 αῦτα
2503 2975 2610 3028 τῶν
2642 2975 2910 3045 γυητειῶν
2935 2975 3146 3042 ἠσκησε
3193 2979 3290 3025 καὶ
3339 2972 3446 3024 τινι
3489 2969 3651 3038 τέχνη
3689 2969 3788 3028 τὰς
3819 2965 3924 3036 βα-

2330 3068 2525 3131 σάνους
2551 3067 2871 3134 ἐφαύλισας,
2900 3065 3043 3120 ὥστε
3067 3066 3189 3118 οὐδὲ
3218 3066 3362 3135 ἴχνος
3389 3063 3567 3116 αὐτῶν
3594 3060 3747 3113 οὑδὶν
3776 3060 3926 3111 ἁπο-

2331 3160 2525 3227 σώςειν
2542 3177 2558 3226 ;
2603 3160 2667 3215 'H
2689 3160 2770 3214 δέ·
2804 3161 2981 3233 Τέχνη
3001 3160 3123 3229 μὲν,
3159 3161 3329 3226 λέγει,
3351 3151 3396 3211 ῶ
3424 3157 3627 3230 ἄρχων,
3661 3153 3923 3222 οὐδεμιᾷ,

2325 3255 2626 3325 δυνάμειδέ
2645 3254 2766 3325 θείᾳ
2793 3253 2857 3326 δή
2890 3272 2996 3308 τινι
3029 3256 3124 3306 καὶ
3165 3254 3422 3325 ἀρρήτῳ,
3466 3252 3499 3322 ἢ
3535 3251 3597 3302 οὐ
3632 3249 3794 3318 μόνον
3832 3246 3918 3308 σέ,

2326 3347 2466 3401 ἀλλὰ
2526 3347 2744 3400 καὶτὸν
2777 3347 2870 3400 σὸν
2910 3347 3149 3416 πατέρα,
3192 3345 3283 3397 τὸν
3337 3345 3608 3407 Σατανᾶν,
3653 3344 3921 3412 ᾔσχυνεν,

2329 3440 2432 3510 ἐμὲ
2487 3441 2544 3493 δὲ
2595 3442 2800 3510 ἀμφοῖν
2833 3440 3124 3512 κρείττονα
3173 3440 3266 3492 καὶ
3309 3437 3410 3508 τῆς
3443 3437 3643 3506 μανίας
3683 3437 3780 3490 καὶ
3821 3438 3923 3505 τῆς

2329 3533 2538 3587 ἐκείνου
2580 3534 2939 3602 κακοτεχνίας
2979 3533 3299 3599 ἀπέδειξεν·
3332 3533 3506 3594 οὕτως
3547 3529 3785 3583 ἐνταῦθα
3823 3529 3926 3598 μὲν

2327 3624 2427 3692 τὴν
2471 3624 2624 3692 ἰσχὺν
2676 3622 2830 3692 ὑμῶν
2869 3625 2898 3674 ὁ
2941 3622 3177 3692 Χριστὸς
3219 3621 3602 3690 ἐξενεύρισεν·
3639 3621 3822 3672 ἐκεῖσε
3865 3618 3926 3674 δὲ

2333 3717 2416 3770 σοὶ
2445 3715 2643 3785 καὶτῷ
2677 3715 2758 3784 σῴ
2791 3716 2989 3784 πατέρι
3019 3719 3113 3767 καὶ
3141 3717 3256 3776 τοῖς
3289 3714 3412 3766 καθ’
3439 3714 3585 3783 ὑμᾶς
3628 3713 3738 3783 πῦρ
3770 3714 3925 3782 ἡτοί-

2334 3824 2475 3878 μασε
2513 3807 2744 3876 φοϐερὸν
2774 3808 2867 3858 καὶ
2897 3807 3172 3874 τάρταρον
3202 3804 3439 3875 χαλεπὸν
3472 3807 3566 3857 καί
3605 3807 3797 3866 σκότος
3827 3805 3925 3856 καὶ

2334 3897 2593 3966 σκώληκα
2627 3900 2719 3950 καὶ
2749 3899 2850 3950 ὅσα
2883 3899 3018 3968 μήτε
3057 3897 3133 3967 νῴ
3151 3897 3469 3965 περιλαϐεῖν
3494 3913 3575 3960 τις
3608 3898 3747 3966 μήτε
3777 3895 3926 3964 λόγῳ

2331 3991 2622 4055 διεξελθεῖν
2651 3991 2898 4045 δύναται.

2406 4165 2505 4222 lB'.
2542 4167 2661 4238 Πῦρ
2692 4166 2932 4230 ἀκούσας
2966 4171 2994 4220 ὁ
3037 4168 3300 4237 ἔπαρχος,
3333 4167 3448 4239 πῦρ
3475 4167 3772 4238 ηὐτρέπιζε
3805 4168 3930 4219 κατ’

2335 4261 2530 4330 αὐτῆς,
2563 4264 2702 4332 πρὸς
2729 4263 2920 4332 καιρὸν
2943 4262 3144 4332 δηλαδὴ
3167 4265 3257 4315 καὶ
3283 4263 3646 4333 σϐεννύμενον
3664 4280 3678 4294 ·
3712 4261 3931 4314 ἐκκαίει

2334 4354 2628 4423 τοιγαροῦν
2661 4357 2893 4425 κάμινον
2936 4357 3113 4420 ξύλοις
3142 4373 3202 4410 τε
3245 4357 3338 4409 καὶ
3370 4356 3668 4426 φρυγάνοις
3703 4357 3798 4408 καὶ
3829 4357 3932 4408 ὅσα

642 4465 700 4508 et
731 4454 972 4523 qualibet
997 4456 1248 4518 materia,
1283 4469 1402 4522 qum
1435 4452 1590 4506 facile
1623 4461 1802 4520 potest
1861 4453 1946 4505 uri
1988 4461 2043 4505 et
2101 4452 2222 4522 igne

2333 4448 2428 4516 τῆς
2471 4445 2604 4516 ὖλης
2634 4444 2926 4516 εὖπρηστα
2957 4449 3050 4501 καὶ
3080 4448 3160 4519 τῷ
3192 4453 3326 4518 πυρὶ
3353 4449 3567 4518 δαπάνη
3612 4447 3928 4516 ἐπιτηδεία·

641 4548 911 4601 consumi.
967 4546 1065 4600 Ubi
1098 4557 1277 4601 autem
1315 4547 1666 4599 vehementer
1713 4545 1872 4613 arsit,
1913 4545 2228 4615 praclaram

646 4639 912 4707 virginem
974 4639 1026 4691 in
1063 4654 1186 4691 eum
1244 4638 1520 4704 iujiciunt.
1553 4637 1642 4690 Illa
1677 4651 1806 4691 vero
1857 4641 1922 4691 ad
1957 4637 2124 4690 Deum
2155 4639 2239 4690 in-

646 4731 920 4793 tuebatur,
966 4740 1019 4782 et
1077 4729 1348 4798 lacrymas
1409 4728 1696 4782 emittebat
1741 4743 1810 4782 ex
1839 4728 2030 4792 oeulis,
2075 4737 2128 4782 et
2155 4729 2236 4780 hae

644 4836 826 4890 parvae
853 4833 1040 4890 guttae,
1078 4823 1272 4876 lluvios
1312 4821 1558 4884 imitatae,
1607 4821 1785 4889 ignem
1835 4823 2237 4874 exstinxerunt.

646 4911 880 4967 Maximo
916 4915 1100 4982 itaque
1131 4924 1258 4967 sunt
1286 4915 1648 4984 obstupefacti
1672 4915 1934 4968 miraculo
1970 4923 2113 4966 totus
2144 4929 2242 4980 po-

646 5007 804 5075 pulus
873 5005 1392 5074 Nicomediensium,
1457 5022 1511 5060 et
1565 5009 1664 5060 viri
1723 5021 1952 5060 numero
2019 5008 2239 5060 circiter

649 5098 929 5168 quingenti
965 5115 1067 5150 una
1117 5114 1247 5153 voce
1276 5111 1331 5153 et
1366 5109 1544 5155 mente
1567 5101 2016 5154 exc-laniaverant
2045 5115 2058 5150 :
2089 5096 2239 5152 Unus

649 5200 733 5245 est
781 5189 940 5254 Deus,
981 5206 1142 5253 unus,
1175 5193 1420 5261 inquam,
1453 5191 1617 5256 Deus,
1655 5193 1746 5260 qui
1803 5201 1888 5244 est
1922 5189 2064 5244 Deus
2097 5206 2244 5242 tuar-

652 5283 786 5350 tyris
811 5281 1039 5337 Julianae
1071 5300 1084 5335 :
1116 5286 1291 5353 ipsum
1354 5301 1452 5338 nos
1483 5287 1706 5353 quoque
1741 5283 1994 5348 colimus,
2030 5293 2084 5335 et
2111 5297 2243 5349 gen-

655 5375 826 5428 tilium
902 5376 1067 5430 cultui
1125 5379 1520 5432 renuntiamus.
1582 5376 1773 5430 Veniat
1827 5379 1996 5440 ensis,
2058 5377 2244 5429 veniat

657 5466 822 5538 ignis,
852 5471 1031 5522 veniat
1085 5471 1288 5537 qumvis
1320 5471 1422 5524 alia
1458 5487 1602 5523 mors
1635 5479 1689 5522 et
1749 5471 2128 5537 cujuscunque
2151 5485 2246 5537 ge-

655 5562 824 5612 neris.
858 5561 1035 5629 Atque
1058 5576 1152 5614 eos
1201 5561 1418 5629 quidem
1472 5563 1654 5615 statim
1686 5562 1893 5629 accepit
1924 5562 2090 5623 ensis,
2121 5574 2243 5612 cum

651 5652 730 5704 sic
765 5650 1014 5717 jussisset
1045 5652 1358 5720 praefectus,
1397 5655 1546 5707 nullo
1584 5654 1769 5708 relicto
1810 5654 1899 5722 qui
1953 5669 2058 5705 non
2084 5653 2246 5705 fuerit

655 5741 708 5793 in
741 5743 959 5800 Christo
1013 5756 1443 5801 consummatus.
1481 5748 1736 5817 Ejusdem
1800 5762 2015 5816 quoque
2062 5747 2244 5803 exitus

2338 4540 2463 4591 ἐπεὶ
2489 4539 2548 4592 δὲ
2597 4540 2835 4611 ἰσχυρῶς
2865 4541 3215 4608 ἐξεκέκαυτο,
3247 4542 3611 4612 ἐμϐάλλουσιν
3657 4542 3798 4609 αὐτῇ
3833 4557 3934 4608 την

2338 4635 2630 4702 γενναίαν·
2662 4637 2695 4703 ἡ
2725 4635 2782 4688 δὲ
2818 4638 2954 4706 πρὸς
3009 4636 3143 4689 Θεὸν
3186 4638 3335 4706 ἐώρα
3390 4637 3484 4690 καὶ
3531 4637 3745 4706 δάκρυα
3779 4637 3931 4704 ἠφίει

2338 4728 2450 4780 τῶν
2481 4728 2801 4798 ὀφθαλμῶν,
2839 4731 2932 4782 καὶ
2967 4733 3024 4784 αἱ
3064 4733 3261 4799 μικραὶ
3288 4725 3451 4784 αὗται
3491 4733 3776 4799 σταγόνες,

2339 4837 2449 4872 των
2503 4823 2780 4892 ποταμοὺς
2835 4823 3242 4891 μιμησάμεναι,
3293 4823 3356 4874 τὸ
3405 4824 3517 4894 πῦρ
3544 4822 3802 4876 ἔσϐεσαν.
3843 4823 3933 4890 ’ΐῴ

2345 4913 2589 4982 μεγίστῳ
2639 4915 2820 4967 τοίνυν
2870 4915 3240 4982 ἐκπληγέντες
3289 4916 3384 4969 τοῦ
3426 4917 3727 4987 θαύματος,
3761 4915 3930 4985 δῆμος

2342 5006 2462 5068 ὅλος
2511 5007 2894 5076 Νικομηδέων,
2929 5008 3124 5078 ἄνδρες
3169 5010 3260 5062 τὸν
3286 5009 3516 5080 άριθμλιν
3552 5011 3686 5062 ὡσεὶ
3733 5026 3932 5062 πεντα-

2344 5099 2539 5162 κόσιοι,
2570 5103 2669 5170 μιᾷ
2711 5102 2803 5152 καὶ
2836 5105 2987 5172 φωνῇ
3049 5102 3142 5154 καὶ
3178 5102 3376 5175 γνώμῃ
3402 5117 3416 5131 ·
3464 5098 3557 5164 Εἷς
3591 5103 3748 5165 Θεὸς,
3798 5098 3874 5164 εἷς
3906 5105 3934 5154 ὁ

2343 5194 2440 5261 τῆς
2471 5192 2748 5263 μάρτυρος
2787 5193 3106 5261 Ἰουλιανής,
3138 5195 3367 5260 ἐξεϐόων
3393 5211 3404 5224 ·
3442 5196 3605 5247 αὑτὸν
3647 5198 3740 5247 καὶ
3777 5195 3933 5263 ἡμεῖς

2350 5285 2626 5348 σεϐόμεθα
2687 5286 2782 5337 καὶ
2835 5288 2903 5337 τὰ
2943 5285 3216 5357 Ἑλλήνων
3247 5289 3756 5357 ἁποτετράμμεθα·
3813 5293 3934 5338 εἴτι-ι

2352 5372 2526 5442 ξίφος,
2559 5379 2688 5428 εἰτω
2735 5377 2867 5447 πῦρ,
2897 5378 3025 5430 εἵτω
3076 5381 3418 5442 παντοδαπὸς
3468 5379 3625 5442 ἄλλος
3677 5381 3930 5442 θάνατος.

2350 5469 2587 5534 Τούτους
2621 5474 2720 5540 μὲν
2763 5473 2964 5525 αὐτίκα
2999 5475 3061 5526 ’τὸ
3110 5475 3260 5542 ξίφος
3313 5475 3644 5545 ἐλάμϐανεν,
3674 5477 3820 5528 οῦτω
3850 5495 3937 5529 κε-

2350 5562 2642 5626 λεύσαντος
2678 5565 2770 5617 τοῦ
2806 5566 3074 5636 ἐπάρχου,
3106 5567 3333 5636 μηδενὸς
3365 5569 3546 5621 αὐτῶν
3583 5567 3940 5635 ἀπολειζξθέν-

2351 5673 2460 5721 τος,
2511 5657 2608 5726 τῆς
2657 5662 2715 5711 ἐν
2769 5660 2991 5729 Χριστῴ
3043 5659 3416 5724 τελειώσεως·
3461 5663 3836 5731 ἐκοινώνησαν
3884 5663 3937 5715 es

2351 5749 2531 5812 αὐτοῖς
2588 5751 2682 5802 καὶ
2735 5755 2993 5820 γυναῖκες
3038 5753 3128 5808 τοῦ
3189 5756 3305 5808 ἴσου
3359 5756 3544 5820 τέλους
3597 5755 3792 5810 ἑκατὸν
3849 5757 3937 5810 καὶ
