4160 6486
389 397 526 462 1449

1655 391 1829 452 VlTA
1873 389 1936 448 S.
1979 388 2347 450 ΙυιΙΑΝιΕ.

3516 387 3653 447 1450

379 509 697 579 τριάκοντα.
723 504 860 558 Οὐδὲ
890 502 1001 574 γὰρ
1025 501 1222 572 ἥττους
1247 493 1408 556 αὗται
1434 499 1544 554 τῶν
1577 499 1810 570 ἀνδρῶν,
1839 499 1964 553 ὅσον

2099 511 2223 552 uere
2277 495 2438 552 socia:
2499 505 2714 550 centum
2755 502 2810 551 et
2863 494 3083 564 triginta
3141 495 3434 560 mulieres;
3480 515 3652 570 neque
3741 536 3748 562 ε

382 603 463 665 είς
491 600 797 663 εὐσέϐειαν,
827 596 1204 666 ἀνεφάνησαν.

455 779 557 836 II".
594 779 899 850 Παφλάζων
930 778 986 831 δὲ
1016 775 1096 830 ἔτι
1127 777 1154 829 6
1181 775 1421 846 ἔπαρχος
1452 773 1529 844 τῷ
1561 772 1739 843 θυμῷ,
1770 774 1850 834 εἰς
1882 770 1970 824 λέ-

385 875 524 945 ϐητα
561 874 752 939 ζέοντα
784 871 918 943 πυρὶ
955 867 1136 940 πολλῷ
1171 867 1271 936 τὴν
1310 865 1605 936 Ἰουλιανην
1627 863 1968 935 ἐμϐληθῆναι

291 1009 301 1018 .
385 966 714 1038 προστάττει
743 981 756 996 ·
790 965 824 1034 ἡ
858 964 916 1017 δὲ
957 961 1078 1016 θεία
1125 961 1286 1032 χάρις
1320 958 1489 1013 αὑτὸν
1524 959 1808 1028 μονονουχὶ
1846 956 1970 1008 λου-

384 1060 514 1130 τρὸν
546 1058 757 1112 ἐδείκνυ
783 1059 850 1126 τῇ
886 1055 1124 1126 μάρτυρι
1158 1051 1380 1107 καὶτῶν
1405 1050 1607 1116 πόνων,
1634 1048 1751 1104 ἀλλ’
1778 1049 1839 1102 οὐ
1863 1046 1971 1100 τῶν

387 1149 568 1221 μελῶν
597 1148 752 1221 τῆξίν
780 1163 839 1200 τε
880 1148 974 1201 καὶ
1006 1145 1253 1200 διάλυσιν
1272 1159 1287 1174 ο
1321 1144 1434 1206 τοῖς
1463 1141 1520 1195 δέ
1552 1158 1617 1210 γε
1645 1140 1776 1213 περὶ
1809 1139 1972 1193 αὑτὸν

385 1241 827 1311 διακονουμένοις
859 1235 1174 1307 Χαλδαῖκὴν
1197 1235 1364 1306 ἀλλην
1381 1233 1611 1304 κάμινον
1636 1246 1648 1261 °
1678 1231 1831 1300 ἄφνω
1864 1230 1973 1300 γὰρ

384 1337 414 1388 6
439 1333 606 1404 λέϐης
638 1331 830 1404 ραγεὶς
863 1330 959 1385 καὶ
988 1328 1176 1398 κύκλῳ
1205 1325 1394 1396 ὥσπερ
1421 1324 1526 1378 ὑπό
1551 1339 1696 1386 τινος
1723 1319 1970 1392 μηχανῆς

386 1425 661 1498 ἔκχυθεὶς,
716 1424 844 1486 τοὺς
901 1417 1279 1492 περιεστῶτας
1329 1415 1576 1471 ἀπώλεσε
1629 1410 1968 1484 παραδόξως,

389 1516 588 1578 αὐτούς
645 1531 708 1567 τε
741 1512 966 1576 δικαίως
1006 1512 1244 1573 κολάσας
1293 1512 1386 1564 καὶ
1434 1509 1599 1578 πεῖρα
1642 1502 1823 1570 δείξας
1849 1503 1974 1566 τοὺς

390 1609 654 1678 ἄφρονας,
709 1599 821 1668 οἷος
854 1603 930 1658 ῶν
963 1604 1052 1658 ἐπ’
1090 1603 1310 1666 αὐτοὺς,
1344 1595 1457 1662 οἷος
1507 1599 1564 1650 ὲν
1615 1598 1683 1668 τῇ
1735 1596 1990 1672 μάρτυρι.

390 1698 671 1768 κατεφάνη
696 1715 708 1729 ·
762 1697 906 1750 οὓτω
930 1696 1038 1748 τῶν
1060 1693 1273 1764 δημίων
1303 1689 1714 1753 ἀναλωθέντων,
1749 1690 1778 1742 6
1807 1686 1979 1756 ἐπαρο

390 1808 483 1862 χος
509 1791 622 1860 οὐκ,
647 1790 880 1861 ἤνεγκεν
926 1789 986 1841 τὸ
1018 1786 1236 1857 συμϐὰν
1288 1784 1400 1838 οὐδ’
1432 1781 1668 1852 ἀνεκτὴν
1707 1781 1846 1845 ὅλως
1879 1780 1978 1849 τὴν

393 1883 683 1952 συμφορὰν
715 1881 1020 1952 ὲλογήσατο
1041 1896 1054 1910 ·
1090 1875 1158 1950 ἦν
1184 1877 1240 1931 δὲ
1266 1877 1327 1930 τὸ
1363 1875 1594 1946 καιρίως
1637 1871 1865 1936 λυποῦν,
1896 1870 1978 1923 ὅτι

394 1976 532 2047 μηδὲ
560 1977 730 2046 κόρας
777 1975 908 2045 μιᾶς
945 1970 1334 2042 περιγενέσθαι
1385 1967 1575 2038 ἴσχυσε
1599 1983 1610 1995 ·
1646 1966 1848 2034 δεῖγμα
1881 1962 1982 2032 τῆς

394 2066 637 2138 ἀθυμίας
669 2064 1004 2138 περιέρρηξε
1045 2063 1145 2134 μὲν
1191 2060 1359 2115 αὐτοῦ
1387 2064 1488 2130 τὴν
1525 2057 1730 2128 ἐσθῆτα
1757 2071 1769 2085 ·
1810 2054 1982 2108 πολλά

391 2160 452 2214 δὲ
496 2159 636 2214 κατά
679 2160 790 2212 τῶν
841 2158 1005 2212 αὐτοῦ
1061 2155 1204 2210 θεῶν
1259 2152 1367 2206 ὑπὸ
1399 2150 1744 2223 βαρυθυμίας
1802 2147 1983 2216 ἀφῆκε

391 2255 636 2325 ῥήματα.
678 2253 769 2314 Ὦς
808 2250 902 2304 οὖν
933 2249 1156 2317 ἐπάγων
1187 2245 1286 2309 τὰς
1314 2243 1585 2314 τιμωρίας
1616 2240 1769 2293 οὐδὲν
1799 2239 1984 2310 ἤνυεν,

396 2343 620 2398 πλείονα
654 2342 856 2414 μᾶλλον
887 2341 988 2412 τὴν
1037 2340 1289 2393 ἔνστασιν
1333 2334 1510 2399 οὕτως
1544 2333 1686 2408 ὁρῶν
1735 2335 1802 2404 τῇ
1841 2332 1986 2404 μάρ-

401 2453 524 2508 τυρι
559 2436 875 2507 γινομένην,
899 2435 992 2489 τὸν
1020 2434 1109 2489 διὰ
1140 2433 1326 2504 ξίφους
1358 2430 1589 2487 θάνατον
1623 2427 1987 2498 ἀποφαίνεται

399 2533 521 2586 κατ’
549 2532 740 2602 αὐτῆς.

474 2811 570 2863 1Δ’.
600 2809 860 2880 Πρόσεισι
880 2805 939 2861 δὲ
965 2805 1060 2861 καὶ
1084 2802 1238 2871 αὖθις
1261 2808 1289 2860 6
1310 2803 1610 2877 πειράζων,
1639 2807 1667 2860 6
1691 2806 1791 2876 τὴν
1815 2804 1991 2876 ἀρχὴν

401 2903 468 2972 τῇ
507 2902 746 2972 μάρτυρι
779 2897 1097 2970 προσελθὼν
1137 2898 1409 2962 Σατανὰς,
1443 2900 1538 2950 καὶ
1585 2897 1757 2951 πολλὰ
1790 2897 1992 2966 μᾶλλον

403 2993 657 3063 παθὼνῆ
700 2991 906 3064 δράσας
942 2991 1037 3045 καὶ
1083 2989 1368 3063 πόρρωθεν
1406 2989 1537 3052 στὰς
1587 2989 1690 3060 (ἔτι
1721 2989 1830 3062 γὰρ
1880 2989 1994 3041 ἐδε-

402 3087 572 3141 δοίκει
606 3087 701 3159 καὶ
731 3083 960 3155 πληγῶν
997 3083 1296 3154 ἐμέμνητο)
1334 3081 1596 3152 ὲπέχαιρε
1627 3079 1788 3150 δῆθεν
1822 3079 1994 3147 αὐτῆς

404 3178 484 3250 τῷ
539 3177 757 3248 θανάτῳ
796 3177 891 3231 καὶ
943 3176 1069 3237 τοὺς
1125 3173 1355 3244 δημίους
1403 3173 1666 3242 παρόρμα
1709 3171 1848 3242 προς
1893 3168 1993 3239 τὴν

2076 589 2220 644 enim
2245 589 2376 644 viris
2407 588 2536 643 visae
2560 595 2688 644 sunt
2716 586 3025 654 inferiores,
3057 587 3201 658 quod
3231 590 3421 645 attinet
3449 592 3512 646 ad
3544 594 3656 662 pic—
3739 578 3745 590 ’

2077 689 2269 737 tatem.

2152 773 2290 829 Xlll.
2319 775 2511 830 Adhuc
2543 783 2725 828 autem
2765 775 2843 829 ira
2909 774 3124 830 fervens
3175 775 3480 846 prmfectus,
3505 776 3660 846 jubet

2079 864 2350 921 Julianam
2377 881 2566 922 rursus
2589 865 2736 935 injici
2782 867 2834 920 in
2867 867 3122 932 lebetem,
3159 869 3330 923 multo
3393 869 3517 940 igne
3539 870 3663 926 hul-

2081 957 2324 1013 lientem.
2363 957 2555 1013 Divina
2613 973 2744 1014 vero
2791 961 2966 1030 gratia
2997 974 3122 1014 eum
3156 962 3546 1030 prOpemodum
3577 962 3663 1017 ef-

2082 1050 2211 1106 fecit
2269 1052 2495 1122 martyri
2548 1051 2821 1106 lavacrum
2880 1050 3152 1117 laborum,
3200 1069 3309 1108 non
3350 1064 3530 1108 autem
3567 1055 3662 1126 qui

2082 1145 2326 1200 membra
2387 1143 2746 1214 liquefacerct
2801 1155 2856 1200 et
2909 1145 3234 1202 dissolveret
3267 1165 3279 1200 :
3308 1148 3375 1202 iis
3417 1165 3543 1202 vero
3570 1148 3666 1219 qui

2083 1235 2227 1290 circa
2259 1235 2434 1304 ipsum
2469 1234 2877 1300 ministrabant,
2899 1234 3247 1293 Chaldaicam
3283 1239 3446 1292 aliam
3478 1239 3668 1294 fortia.

2085 1339 2224 1380 cem.
2248 1325 2381 1380 Nam
2401 1341 2522 1378 cum
2546 1335 2766 1396 repente
2784 1328 3058 1396 erupisset
3084 1326 3253 1394 lebes,
3270 1339 3327 1384 et
3351 1331 3668 1385 circumcir-

2089 1432 2149 1472 ca
2177 1427 2429 1488 tanquam
2454 1419 2522 1472 ab
2544 1417 2724 1487 aliqua
2751 1418 2997 1473 machina
3016 1429 3163 1473 esset
3181 1419 3403 1484 elIusus,
3428 1421 3668 1477 admira-

2090 1508 2268 1564 biliter
2295 1519 2350 1564 et
2377 1519 2573 1579 praeter
2602 1510 2914 1580 Opinionem
2940 1511 3172 1580 perdidit
3195 1526 3288 1567 eos
3312 1514 3403 1583 qui
3430 1513 3668 1570 circum-

2087 1604 2352 1656 stabant:
2401 1611 2455 1656 et
2507 1617 2631 1656 cum
2689 1617 2784 1657 eos
2844 1603 2990 1674 juste
3041 1603 3332 1673 puniisset,
3383 1618 3441 1660 et
3489 1608 3670 1662 stultis

2087 1695 2418 1749 ostendisset
2479 1695 2842 1764 experientia,
2878 1694 3057 1764 qualis
3105 1699 3157 1752 iu
3195 1697 3362 1766 ipsos,
3395 1708 3450 1753 et
3495 1699 3672 1770 qualis

2089 1788 2396 1857 apparuerit
2423 1789 2472 1842 in
2500 1801 2814 1860 martyrem.
2844 1792 2980 1846 Cum
3012 1793 3090 1848 sic
3113 1792 3338 1848 fuissent
3360 1794 3671 1864 consumpti

2091 1877 2329 1940 lictores,
2363 1881 2649 1950 pra'fccuts
2679 1897 2784 1938 non
2838 1883 2962 1938 tulit
2994 1884 3140 1955 quod
3165 1885 3462 1953 acciderat,
3495 1899 3672 1954 neque
3707 1872 3709 1874 6

2087 1973 2311 2026 omnino
2376 1973 2710 2030 tolerandam
2764 1977 3036 2044 reputavit
3087 1976 3478 2032 calamitatem.
3515 1977 3669 2045 Quod

2090 2075 2271 2119 autem
2305 2080 2426 2118 eum
2461 2067 2730 2135 praecipue
2762 2067 2902 2121 male
2929 2067 3183 2132 habebat,
3214 2075 3352 2136 erat,
3385 2069 3528 2138 quod
3570 2085 3674 2124 nec

2089 2155 2264 2225 potuit
2293 2155 2511 2224 quidem
2551 2172 2712 2210 unam
2775 2171 3036 2226 superare
3064 2157 3316 2226 puellam.
3349 2157 3504 2224 Quod
3543 2173 3674 2213 vero

2092 2246 2193 2302 fuit
2218 2247 2472 2301 indicium
2505 2247 2620 2315 ejus
2649 2249 3006 2317 a-gritudiuis,
3036 2260 3239 2305 vestem
3269 2252 3488 2320 quidem
3515 2267 3668 2306 suam

2092 2337 2347 2392 laceravit
2385 2355 2401 2393 :
2444 2339 2612 2392 multa
2672 2350 2855 2394 autem
2893 2339 3056 2394 verba
3091 2341 3143 2393 in
3181 2355 3311 2396 suos
3336 2342 3466 2396 deos
3494 2341 3672 2396 emisit
3717 2403 3725 2413 ι

2093 2449 2204 2504 prae
2233 2433 2439 2490 dolore.
2469 2431 2604 2488 Cum
2644 2449 2776 2504 ergo
2805 2435 3069 2505 supplicia
3100 2434 3361 2501 inferens,
3389 2435 3520 2490 nihil
3546 2450 3674 2505 pro»

2094 2527 2303 2590 ticeret,
2335 2526 2409 2581 ita
2437 2527 2608 2595 magis
2641 2526 2830 2582 videns
2858 2528 3085 2599 martyri
3115 2542 3363 2584 crescere
3417 2536 3670 2583 constan-

2095 2624 2246 2687 tiam,
2292 2621 2397 2676 l'ert
2442 2621 2494 2674 in
2539 2635 2658 2676 eam
2682 2622 3043 2688 sententiam,
3078 2631 3137 2678 ut
3169 2637 3301 2678 ense
3324 2633 3551 2678 mortem
3582 2637 3673 2677 su-

2095 2715 2240 2768 beat.

2173 2805 2315 2860 XIV.
2343 2804 2601 2860 Procedit
2661 2817 2838 2861 autem
2905 2820 3097 2860 rursus
3155 2821 3369 2876 quoque
3421 2816 3678 2873 tentatur,

2095 2896 2187 2965 qui
2217 2897 2286 2953 ab
2315 2898 2469 2953 initio
2514 2899 2582 2952 ad
2638 2911 2931 2971 martyrem
2990 2911 3299 2956 accesserat
3340 2902 3592 2965 Satanas,
3627 2916 3680 2957 et

2097 2989 2255 3058 longe
2315 2990 2467 3060 plura
2519 3007 2713 3061 passus
2765 3007 2927 3062 quant
2971 2993 3198 3059 faciens,
3227 3004 3281 3048 et
3315 2995 3502 3061 procul
3529 3005 3680 3048 stans

2098 3081 2298 3152 (adhuc
2319 3085 2461 3137 enim
2488 3085 2734 3149 timebat,
2766 3097 2819 3140 et
2854 3087 3132 3156 plagarum
3164 3089 3528 3158 meminerat),
3560 3089 3680 3155 ejus
3765 3117 3767 3119 ι

2101 3185 2278 3230 morte
2313 3177 2611 3246 gaudebat,
2649 3188 2704 3233 et
2761 3181 2827 3233 ad
2885 3180 3086 3234 eisdem
3134 3180 3396 3235 incitabat
3434 3179 3677 3236 lictores.

407 3271 624 3340 σφαγήν
647 3285 661 3299 ·
699 3269 821 3322 ἐπεὶ
847 3269 904 3322 δὲ
934 3269 968 3339 ἡ
1001 3264 1226 3336 γενναία
1249 3264 1415 3336 δριμὺ
1450 3263 1587 3333 πρὸς
1614 3262 1778 3316 αὐτὸν
1803 3261 1990 3315 ἀπεῖδε

2099 3265 2230 3321 Cum
2283 3278 2463 3322 autem
2496 3270 2647 3339 virgo
2677 3269 2765 3323 illa
2800 3269 2957 3324 furtis
3001 3285 3124 3325 eum
3181 3271 3350 3326 torvis
3379 3273 3684 3341 aspexisset

408 3362 505 3417 καὶ
539 3361 878 3432 διεὸλέψατο,
917 3361 1053 3414 Οὐαί
1082 3376 1195 3430 μοι,
1237 3358 1446 3430 κράξας
1481 3358 1709 3421 ἐκεῖνος,
1741 3356 1885 3425 τάχα
1924 3370 1992 3424 με

405 3456 526 3517 ταῖς
554 3455 714 3524 χερσὶ⁸
742 3454 836 3506 καὶ
865 3449 1018 3515 αὖθις
1048 3452 1190 3505 ἑλεῖν
1217 3450 1488 3520 βούλεται,
1519 3449 1734 3519 ἀφανὴς
1776 3447 1989 3516 γέγονε.

409 3543 524 3596 Καὶ
551 3543 578 3595 6
616 3543 714 3613 μὲν
753 3543 858 3596 ὑπὸ
884 3541 1095 3594 πολλῶν
1124 3541 1233 3594 τῶν
1267 3543 1562 3611 μαρτύρων
1592 3538 1764 3602 οὕτως
1795 3539 1858 3592 τὸ
1879 3538 1997 3601 δέος

409 3616 845 3705 ἀνομολογήσας,
891 3635 1104 3704 ἀπέδρα
1131 3649 1142 3663 ·
1177 3635 1208 3704 ἡ
1243 3633 1299 3685 δὲ
1353 3632 1660 3693 καλλίνικος
1703 3629 1995 3700 Ἰουλιανὴ,

412 3727 603 3798 ὥσπερ
628 3726 727 3778 οὐκ
759 3725 854 3778 ἐπὶ
881 3725 1134 3788 θάνατον,
1166 3723 1282 3776 ἀλλ’
1314 3723 1407 3775 ἐπὶ
1442 3722 1596 3775 λῦσιν
1630 3721 1831 3790 μᾶλλον
1869 3719 2000 3788 ἀγο-

416 3819 556 3890 μένη
601 3817 832 3871 θανάτου
866 3816 962 3870 καὶ
991 3816 1170 3869 πόνων
1204 3815 1530 3884 ἀπαλλαγὴν
1572 3813 1868 3884 ἐπορεύετο
1898 3829 1998 3883 χα-

417 3912 608 3981 ρίεσσα
636 3911 735 3981 τὴν
764 3909 909 3980 ὄψιν,
943 3908 1148 3980 φαιδρὰ
1185 3911 1298 3972 τοῖς
1328 3906 1628 3978 ὀφθαλμοῖς
1658 3907 1753 3960 καὶ
1775 3907 1875 3976 τὴν
1899 3905 1997 3972 τῆς

413 4004 592 4074 ψυχῆς
621 4000 770 4056 ἔνδον
798 4001 994 4073 ἡδονὴν
1035 3999 1435 4072 ὑπογράφουσα
1461 4014 1474 4028 ·
1509 3997 1679 4051 πολλά
1711 3997 1845 4066 πρὸς
1871 3997 1999 4058 τοὺς

419 4095 942 4166 συμπορευομένους
989 4093 1127 4165 αὐτῇ
1177 4091 1540 4163 διαλεγομένη
1594 4091 1688 4144 καὶ
1735 4087 2000 4141 πείθουσα

420 4189 588 4259 μηδὲν
615 4183 754 4241 εἶναι
790 4187 930 4259 μήτε
962 4187 1074 4240 τῶν
1103 4184 1387 4257 παρόντων
1415 4183 1638 4254 ἀγαθῶν
1673 4181 2000 4253 τιμιώτερον

421 4283 558 4352 μήτε
592 4280 702 4334 τῶν
731 4280 994 4349 ἀλγεινῶν
1026 4280 1376 4351 ἰσχυρότερον
1405 4278 1503 4348 τῆς
1533 4279 1612 4340 είς
1641 4275 1733 4329 τὺν
1763 4273 2002 4344 Χριστὸν

418 4376 663 4445 ἀγάπης.
693 4375 881 4430 Ταῦτα
927 4370 1050 4428 εἷπε
1102 4374 1345 4436 καὶτοῖς
1393 4371 1575 4444 ἔργοις
1627 4369 1998 4440 ὲπεσφράγιζε

416 4467 487 4522 τά
537 4465 804 4537 λεχθέντα
834 4482 848 4496 ’
885 4466 1009 4519 ἐπεὶ
1047 4465 1158 4536 γὰρ
1191 4464 1326 4535 πρὸς
1375 4463 1524 4533 αὑτῷ
1555 4461 1634 4533 τῷ
1676 4464 1829 4532 τόπῳ
1867 4479 2002 4515 κατ-

419 4563 575 4634 έστη,
636 4560 766 4614 ἔνθα
798 4560 906 4613 ἔδει
934 4559 1030 4614 καὶ
1060 4559 1158 4630 τὴν
1187 4557 1468 4611 τελείωσιν
1499 4555 1778 4621 δέξασθαι,
1807 4555 2000 4626 πρῶτα

424 4655 523 4724 μὲν
557 4654 758 4725 ἑαυτὴν
793 4653 1103 4706 ἀντέτεινεν
1135 4651 1215 4715 είς
1240 4651 1409 4721 εὐχήν
1433 4665 1446 4681 ⁶
1480 4650 1671 4704 ἔπειτα
1700 4649 1757 4703 δὲ
1794 4647 2001 4702 καὶτὸν

420 4745 625 4816 αὐχένα
659 4745 796 4816 πρὸς
820 4743 1036 4815 σφαγὴν
1061 4743 1261 4810 ἔκλινε,
1287 4741 1386 4813 τὴν
1425 4743 1596 4814 αὐτὴν
1624 4741 1874 4806 σώζουσα
1902 4740 2002 4810 τῆς

421 4839 603 4910 ψυχῆς
657 4839 1000 4910 εὐφροσύνην
1031 4839 1126 4892 καὶ
1173 4837 1340 4909 μηδὲν
1391 4837 1528 4900 ὅλως
1563 4836 1816 4908 κατηφὴς
1873 4834 2004 4887 ὑπο-

429 4931 700 4999 φαίνουσα
731 4932 824 4985 καὶ
854 4929 998 4983 οὕτω
1033 4929 1134 5001 τὴν
1161 4927 1451 4999 νικοιρόρον
1499 4929 1871 4999 ἀποτέμνεται
1917 4945 2007 4980 κε-

425 5022 622 5096 φαλήν.

501 5119 602 5173 ΙΕ’.
635 5118 777 5188 Γυνὴ
805 5118 860 5171 δέ
892 5136 976 5182 τις
1007 5117 1181 5187 Σοφία
1209 5117 1452 5187 τοῦνομα
1482 5117 1626 5171 κατά
1653 5133 1776 5170 τινα
1812 5132 2009 5168 συντυ-

432 5211 555 5281 χίαν
577 5210 676 5282 τὴν
705 5211 1056 5281 Νικομήδους
1089 5211 1212 5264 τότε
1245 5210 1571 5281 διερχομένη
1599 5209 1693 5262 καὶ
1739 5207 1876 5279 πρὸς
1909 5208 2010 5279 τὴν

434 5304 801 5375 μεγαλόπολιν
852 5303 1092 5358 ἀπιοῦσα
1139 5303 1383 5375 Ῥώμην,
1412 5303 1472 5357 τὸ
1505 5302 1648 5374 ἱερὸν
1672 5303 1848 5356 ἐκεῖνο
1891 5301 2010 5372 μεθ’

431 5397 631 5469 ἑαυτῆς
661 5398 929 5470 λαμϐάνει
956 5396 1210 5467 λείψανον
1229 5435 1246 5462 ,
1293 5398 1390 5451 καὶ
1417 5396 1601 5450 οἴκαδε
1629 5394 1684 5448 δὲ
1725 5395 1887 5448 τοῦτο
1917 5410 2012 5447 κο-

436 5490 667 5560 μίσασα,
696 5491 822 5545 ναὸν
867 5494 932 5562 τῇ
973 5491 1213 5563 μάρτυρι
1249 5490 1359 5543 τῶν
1397 5489 1574 5544 ἄθλων
1613 5488 1764 5556 ἀξιον
1800 5487 2014 5556 ἀνεγεί-

436 5601 542 5657 ρει.
570 5587 705 5640 Μετ’
736 5586 796 5639 οὐ
836 5585 972 5639 πολὺ
999 5584 1095 5640 καὶ
1125 5587 1152 5639 ὁ
1181 5583 1375 5656 μιαρὸς
1415 5583 1690 5645 Ἐλεύσιος
1715 5583 1816 5653 τῆς
1842 5598 2015 5652 προσ-

433 5679 682 5749 ηκξύσης
717 5677 867 5748 αὑτῷ
911 5678 1069 5749 δίκης
1109 5676 1490 5748 παραπολαύει
1512 5693 1526 5707 ο
1562 5675 1794 5728 πλέοντα
1823 5675 1933 5744 γὰρ
1960 5675 2018 5726 ὲν

438 5771 682 5843 θαλάσσῃ
710 5770 906 5842 ἄνεμοί
935 5787 1078 5834 τινες
1127 5770 1312 5842 ἄγριοι
1339 5769 1754 5840 παραλαϐόντες
1781 5768 1875 5823 καὶ
1920 5784 2020 5838 χα-

435 5863 600 5921 λεπὸν
626 5862 778 5936 αὐτῷ
809 5863 1102 5918 κλυδώνιον
1133 5863 1596 5934 περιστήσαντες,
1628 5861 1727 5935 τὴν
1757 5861 1858 5935 μὲν
1888 5861 2020 5920 ναῦν

757 5964 1031 6028 Paraon.
1075 5964 1191 6026 Gn.
1231 5963 1444 6057 CXIV.

2097 3359 2289 3424 oculis,
2328 3360 2436 3424 ille,
2473 3359 2568 3414 llei
2602 3363 2757 3426 mihi,
2795 3362 3060 3426 clamans,
3086 3376 3174 3416 me
3203 3361 3341 3417 forte
3363 3365 3473 3418 vult
3499 3379 3688 3419 rursus

2100 3453 2512 3522 apprehendere
2544 3455 3077 3518 manibus,evanuit.
3104 3455 3172 3510 Et
3199 3455 3290 3512 ille
3314 3457 3529 3527 quidem
3560 3473 3682 3512 cum

2102 3547 2258 3602 multi
2282 3548 2538 3604 adessent
2562 3558 2744 3615 testes,
2773 3560 2974 3604 metum
3005 3552 3084 3606 sic
3103 3551 3404 3618 confessus,
3432 3553 3641 3624 aufugit
3668 3571 3683 3608 :

2102 3639 2334 3710 gloriosa
2358 3654 2489 3701 vero
2520 3642 2714 3696 victrix
2737 3639 2971 3709 Juliana,
3000 3652 3256 3712 tauquam
3290 3659 3396 3699 non
3431 3645 3498 3701 ad
3533 3661 3681 3701 mor-

2104 3741 2211 3786 tem
2257 3731 2574 3794 duceretur,
2625 3735 2720 3786 sed
2785 3732 2961 3800 potius
3017 3735 3084 3788 ad
3113 3733 3436 3789 solutionem
3459 3737 3684 3800 mortis,

2104 3824 2416 3880 ambulabat
2468 3824 2640 3879 alacri
2673 3824 2843 3891 vultu,
2878 3825 3014 3881 laetis
3068 3827 3261 3892 oculis,
3295 3838 3351 3881 et
3381 3828 3579 3884 anima:
3609 3828 3692 3882 in-

2104 3924 2316 3970 ternam
2353 3917 2666 3986 exprimens
2713 3915 3072 3986 voluptatem,
3103 3932 3223 3970 cum
3265 3915 3333 3970 iis
3351 3917 3440 3986 qui
3473 3932 3598 3972 cum
3622 3933 3685 3972 ea

2104 4005 2458 4060 ambulabant
2485 4005 2712 4059 multum
2749 4004 3048 4070 disserens,
3079 4016 3134 4060 et
3181 4007 3537 4075 persuadens,
3571 4007 3690 4060 nul-

2108 4097 2216 4149 lum
2266 4111 2388 4152 esse
2446 4111 2620 4165 neque
2655 4111 2720 4150 ex
2775 4095 2930 4150 bonis
2986 4096 3347 4162 praesentibus
3370 4097 3688 4165 pretiosius,

2107 4203 2282 4260 neque
2308 4203 2370 4243 ex
2413 4191 2659 4244 tristibus
2689 4187 2920 4243 validius
2949 4187 3243 4244 dilectione
3300 4189 3352 4243 in
3386 4187 3688 4245 Christum.

2109 4282 2234 4337 Haec
2259 4283 2416 4346 dixit,
2443 4292 2500 4337 et
2553 4282 2715 4338 factis
2769 4283 2902 4351 ipsis
2947 4283 3258 4351 obsignavit
3291 4297 3411 4352 quae
3451 4283 3692 4338 dixerat.

2109 4375 2400 4445 Postquam
2434 4375 2580 4430 enim
2615 4374 2715 4429 fuit
2765 4374 2817 4427 in
2871 4389 2934 4428 eo
2975 4374 3094 4429 loco
3132 4376 3224 4430 ubi
3257 4375 3544 4444 Oportebat
3568 4389 3692 4430 eam

2110 4467 2360 4535 accipere
2382 4466 2935 4528 consummationem,
2970 4468 3205 4534 primum
3235 4465 3456 4534 quidem
3487 4480 3545 4521 so
3569 4480 3695 4522 ere-

2113 4559 2189 4611 xit
2213 4558 2279 4611 ad
2315 4559 2644 4621 orationem,
2675 4555 2872 4612 deinde
2896 4562 2952 4610 et
2978 4554 3176 4610 collum
3204 4555 3484 4612 inclinavit
3514 4557 3569 4612 in
3588 4571 3694 4612 caa-

2107 4654 2251 4720 dem,
2289 4651 2533 4707 eamdem
2557 4665 2783 4707 servans
2807 4649 2973 4704 animi
2995 4649 3256 4716 lmtitiam,
3283 4659 3339 4705 et
3362 4649 3495 4705 nihil
3513 4652 3696 4707 omni-

2111 4761 2178 4801 uo
2199 4747 2352 4801 triste
2379 4744 2692 4800 ostendens.
2721 4742 2798 4798 Ita
2827 4741 3054 4797 victoria
3078 4741 3274 4813 insigni
3303 4742 3353 4797 ei
3382 4751 3549 4814 caput
3573 4757 3692 4798 am-

2110 4849 2345 4909 putatur.

2187 5106 2304 5163 κν.
2367 5106 2557 5163 Mulier
2613 5114 2790 5162 autem
2853 5105 3138 5177 quaedam,
3195 5104 3418 5162 nomine
3465 5105 3692 5176 Sophia,

2115 5205 2254 5260 forte
2314 5204 2528 5258 iortuna
2596 5212 2726 5257 tunc
2787 5203 3055 5256 transiens
3114 5197 3516 5266 Nicomediam,
3542 5210 3599 5254 et
3622 5201 3691 5256 ad

2117 5313 2368 5365 magnam
2423 5296 2613 5351 urbem
2668 5294 3019 5365 proﬁciscens
3066 5293 3314 5359 Romam,
3363 5291 3482 5348 illas
3509 5306 3699 5348 sacras

2117 5404 2303 5445 secum
2361 5388 2560 5457 accipit
2611 5387 2872 5456 reliquias
2906 5397 3153 5454 :easque
3185 5384 3402 5438 domum
3437 5391 3690 5452 portans,

2117 5458 2324 5538 excitat
2349 5481 2578 5550 martyri
2605 5477 2865 5548 templum
2888 5475 3108 5546 dignum
3135 5474 3252 5544 ejus
3276 5472 3690 5528 certaminibus.

2120 5572 2288 5628 Paulo
2349 5581 2472 5641 post
2521 5568 2890 5624 exsccrandus
2951 5579 3166 5635 quoque
3193 5561 3447 5617 Eleusius
3475 5561 3701 5615 meritas

2123 5669 2225 5722 luit
2283 5679 2493 5738 paenae.
2529 5664 2663 5716 Nam
2722 5678 2843 5718 cum
2899 5661 2955 5716 in
3007 5659 3143 5714 mari
3198 5657 3544 5726 navigantem
3571 5655 3701 5709 saevi

2122 5764 2343 5834 quidam
2367 5761 2512 5816 venti
2544 5753 3053 5828 deprehendissent,
3092 5765 3146 5808 et
3172 5753 3444 5824 ingentem
3489 5760 3701 5818 tempe-

2124 5865 2324 5917 statem
2357 5854 2714 5924 excitassent,
2743 5853 2914 5924 ipsam
2964 5848 3184 5922 quidem
3213 5862 3409 5903 navem
3437 5859 3546 5902 una
3581 5858 3707 5901 cum

3279 5941 3353 6042 Ιιϐ
