4160 6422
442 365 578 432 1433

1416 374 1598 439 VITA
1636 374 1740 436 SS.
1783 374 2061 435 LEONIS
2097 376 2195 436 ET
2226 376 2669 439 PAREGORII.

3569 374 3706 441 “54

438 488 785 556 λριστιανοῖς
840 485 1178 560 ἀνθίστησιν,
1228 487 1365 543 ἀλλά
1416 489 1485 543 τὰ
1532 491 1880 560 πνευματικὰ
1922 490 2022 559 τῆς

2146 506 2248 546 ιιι-ο
2279 491 2601 560 Christiani,
2637 493 2734 549 sed
2774 492 3040 563 spiritalia
3069 492 3346 563 nequitiae.
3376 490 3579 550 Christi
3607 508 3706 548 au-

440 581 705 653 πινηρίας
728 596 742 610 ⁸
775 583 811 653 ἡ
843 582 899 635 δὲ
947 580 1042 636 τοῦ
1078 581 1317 653 Χριστοῦ
1375 580 1596 654 βοήθεια
1636 581 2022 653 ἰσχυροτέρους

439 676 585 729 κατὰ
620 673 717 728 τοῦ
769 673 1021 728 διαϐόλου
1060 676 1187 737 τοὺς
1231 674 1430 728 ἑαυτοῦ
1459 674 1696 738 οἰκείους
1726 673 2022 728 δείκνυσιν.

440 764 738 818 Πιστούται
770 764 919 818 δὲτὸ
964 765 1200 837 ρημένον
1235 766 1440 830 ίκανῶς
1486 767 1550 820 ἑκ
1604 764 1708 836 τῆς
1739 765 1850 820 τῶν
1905 782 2027 833 γεν-

438 857 606 911 ναίων
643 857 939 929 μαρτύρων
968 857 1196 921 Λέοντος
1220 858 1318 913 καὶ
1343 860 1692 930 Παρηγορίου
1719 859 2023 929 ὑπομονῆς·

440 948 535 1003 τοῦ
565 948 676 1020 γὰρ
705 950 979 1019 μακαρίου
1037 950 1390 1022 Παρηγορίου
1444 951 1930 1022 προτελειωθέντες
1966 955 2024 1005 ἐν

440 1044 690 1113 ὑπομονῇ
718 1045 774 1095 ὲν
806 1045 998 1114 Κυρίῳ
1022 1044 1119 1097 καὶ
1150 1044 1251 1115 τῆς
1289 1044 1398 1098 τῶν
1431 1044 1642 1098 πολλῶν
1690 1045 1869 1099 πόνων
1897 1047 2029 1099 ἀνα-

445 1134 661 1203 παύλης
691 1134 789 1204 τὴν
833 1135 1117 1205 βασιλείαν
1178 1135 1289 1189 τῶν
1319 1136 1589 1207 οὐρανίων
1614 1137 1945 1208 εὑραμένου,
1999 1139 2027 1188 6

446 1230 719 1299 μακάριος
774 1228 927 1282 Λέων
978 1229 1069 1282 τὸν
1125 1229 1225 1300 μὲν
1262 1228 1452 1298 ἀγῶνα
1492 1229 1586 1282 τοῦ
1642 1229 2027 1292 τελειωθέντος

444 1319 805 1391 ἐμακάριζεν,
839 1320 1000 1385 αὐτὸς
1019 1320 1077 1374 δὲ
1099 1321 1158 1373 ὲν
1185 1320 1333 1392 λύπῃ
1365 1319 1672 1390 κατείχετο,
1706 1320 1789 1373 ὅτι
1820 1319 1894 1390 μὴ
1921 1319 2028 1373 τῶν

445 1412 628 1467 αὐτῶν
645 1413 946 1483 τετύχηκεν
971 1411 1219 1481 ἀγώνων,
1246 1412 1436 1484 κοινῆς
1451 1411 1821 1483 προκειμένης
1843 1411 2028 1472 αὐτοῖς

443 1506 547 1577 τῆς
575 1502 718 1558 ὁδοῦ.
1612 1506 1621 1515 ’

519 1615 597 1669 B'.
632 1615 767 1667 Κατ’
797 1613 1013 1678 ὲκείνας
1034 1613 1093 1666 δὲ
1131 1613 1230 1677 τὰς
1253 1613 1469 1683 ἡμέρας
1517 1612 1718 1683 συνέϐη
1750 1612 1843 1665 τὸν
1904 1612 2032 1666 ἀνθ-

452 1706 659 1759 ύπατον
686 1705 978 1759 Λολλιανὺν
997 1706 1102 1758 ὑπὸ
1120 1704 1228 1758 τῶν
1249 1704 1518 1775 βασιλέων
1548 1702 1902 1776 κληρωθέντα
1926 1720 2034 1759 πα-

451 1796 781 1867 ραγενέσθαι
810 1794 915 1860 ἓως
949 1795 1131 1848 αὐτῶν
1158 1795 1590 1864 φυλαττωμένης
1611 1796 1707 1864 τῆς
1730 1795 1906 1865 ἀρχῆς
1926 1795 2032 1848 ὑπὸ

447 1889 541 1942 τοῦ
580 1888 880 1959 ἐπιτρόπου
913 1887 1014 1958 τῆς
1070 1888 1283 1952 πόλεως
1315 1887 1409 1942 τοῦ
1451 1890 1507 1942 ὲν
1536 1888 1834 1959 Πατάροις.
1882 1887 2033 1942 Ἐπι-
2065 1878 2105 1932 Β

448 1980 619 2034 τελῶν
646 1976 740 2033 οὖν
766 1983 794 2034 6
832 1980 1159 2050 παμμίαρος
1191 1982 1485 2050 ἐπίτροπος
1514 1979 1709 2049 ἑορτὴν
1737 1978 2037 2048 Σεράπιδος

453 2071 549 2124 καὶ
584 2069 802 2123 σύνοδον
832 2070 1046 2123 ἀσεϐῶν
1085 2070 1428 2140 συγκροτῶν,
1458 2070 1600 2123 κατὰ
1634 2069 1743 2123 τῶν
1769 2071 2035 2139 Χριστια-

449 2159 559 2213 νῶν
588 2158 907 2213 ὲϐουλεύετο
938 2159 1031 2212 καὶ
1062 2159 1273 2221 πάντας
1337 2159 1757 2229 κατηνάγκαζεν
1801 2158 1896 2211 ἐπὶ
1937 2158 2037 2228 τὴν

452 2251 869 2323 εἰδωλομανίαν.
919 2250 1145 2306 Πολλῶν
1202 2249 1260 2304 δὲ
1287 2251 1694 2322 συντρεχόντων
1749 2250 1847 2305 καὶ
1885 2249 2038 2319 φόϐῳ

451 2343 784 2414 ἀνθρωπίνῳ
834 2342 1237 2415 συνεχομένων,
1300 2343 1500 2414 ἤχθετο
1545 2345 1700 2412 μὲνὸ
1763 2342 2036 2412 μακάριος

448 2434 605 2489 Λέων
631 2435 750 2488 οὐδὲ
789 2435 983 2505 μέχρις
1011 2437 1184 2507 ἀκοῆς
1213 2434 1397 2506 φέρων
1428 2434 1528 2506 τὴν
1562 2435 1671 2488 τῶν
1701 2434 2038 2506 παρανόμων

450 2526 657 2597 τόλμαν
685 2545 698 2559 ·
728 2527 1259 2599 προσδιαλεγόμενος
1280 2528 1337 2581 δὲ
1364 2528 1499 2598 πρὸς
1532 2526 1744 2589 ἑαυτὸν,
1772 2526 1917 2597 ἐξῄει
1943 2524 2039 2579 ἐπὶ

451 2618 541 2671 τὶν
562 2618 749 2681 τόπον,
798 2618 931 2671 ἔνθα
980 2617 1044 2673 τὸ
1099 2618 1354 2689 λείψανον
1398 2619 1579 2672 ἔκειτο
1627 2618 1722 2671 τοῦ
1757 2616 2035 2688 μακαρίου

456 2712 732 2783 μάρτυρος
763 2712 1153 2783 Παρηγορίουο
1207 2711 1503 2780 γενόμενος
1553 2711 1610 2766 δὲ
1660 2709 1787 2764 κατ’
1831 2711 2041 2764 ἐκεῖνον

452 2805 546 2858 τὸν
580 2804 772 2868 τόπον,
801 2806 859 2856 ἐν
885 2798 929 2871 ᾧ
971 2801 1073 2875 τὴν
1104 2802 1278 2873 ἀσεϐῆ
1324 2803 1640 2873 πανήγυριν
1670 2800 1963 2854 ἐπετέλουν
1991 2800 2041 2851 οί

452 2895 659 2967 ταύτης
692 2895 858 2962 ἄξιοι,
893 2894 1132 2958 ἕκαστος
1153 2893 1263 2947 τῶν
1296 2893 1552 2965 ὁρώντων
1575 2893 1684 2948 άπό
1711 2909 1770 2946 τε
1795 2892 1895 2962 τῆς
1925 2892 2044 2954 ἡλι-

454 2991 582 3053 κίας
601 2989 774 3059 αὐτῆς
806 2989 901 3043 καὶ
927 2987 1038 3042 άπὸ
1059 2989 1160 3060 τῆς
1192 2984 1323 3055 περὶ
1347 2985 1409 3038 τὸ
1438 2984 1734 3056 πρόσωπον
1761 2981 2042 3037 καταστά-

455 3098 595 3146 σεως
620 3082 717 3135 καὶ
741 3081 840 3150 τῆς
862 3078 1116 3150 ἐσθῆτος,
1139 3079 1233 3132 καὶ
1254 3077 1363 3133 ἀπὸ
1384 3077 1477 3130 τοῦ
1501 3075 1575 3147 μὴ
1602 3073 2041 3129 συνδιατίθεσθαι

452 3175 566 3237 τοῖς
594 3173 895 3244 δρωμένων
942 3171 1125 3226 αὐτῶν
1173 3171 1391 3236 κακοῖς,
1427 3169 1760 3239 Χριστιανὸν
1794 3166 2043 3238 ὑπελάμς-

2129 595 2233 638 tem
2260 585 2521 639 auxilium
2549 600 2678 641 suus
2712 584 2880 641 edicit
2923 585 3180 641 fortiores
3220 585 3487 641 adversus
3520 585 3732 645 diabo-.

2128 678 2261 731 lum.
2293 677 2440 733 δίης
2468 692 2594 731 vero
2619 678 2887 748 probatur
2914 679 2966 733 id
2999 678 3143 748 quod
3176 679 3381 732 dictum
3409 686 3492 733 est
3520 694 3585 733 ex
3613 694 3707 747 ge-

2128 784 2447 824 nerosormn
2481 761 2778 839 martyrum
2821 768 3019 826 Leonis
3045 781 3100 826 et
3149 770 3426 838 Paregorii
3463 769 3704 824 toleran-

2130 865 2226 917 tia.
2262 862 2394 917 Nam
2427 878 2551 917 cum
2588 862 2646 916 Β.
2676 863 3000 931 Paregorins
3028 861 3222 919 fuisset
3263 862 3415 932 prius
3449 876 3707 917 consum-

2132 966 2312 1010 matus
2344 953 2711 1009 intolerantia
2747 957 2798 1008 in
2860 954 3110 1019 Domino,
3150 963 3205 1009 et
3240 953 3531 1009 multorum
3558 953 3712 1008 labo-

2134 1062 2251 1100 rum
2301 1047 2542 1114 requiem
2581 1048 2882 1102 invenisset
2934 1060 3156 1115 regnum
3207 1044 3490 1109 ctelorum,
3515 1044 3710 1099 beatus

2133 1145 2337 1206 martyr
2366 1134 2570 1190 Christi
2605 1133 2738 1199 Leo,
2769 1135 2886 1205 ejus
2942 1134 3160 1205 quidem
3194 1135 3286 1203 qui
3324 1133 3709 1188 fuiteonsum-

2139 1236 2340 1290 malus,
2374 1236 2650 1282 certamen
2680 1229 2898 1282 beatum
2923 1242 3044 1282 esse
3069 1225 3302 1280 ducebat
3337 1244 3350 1278 :
3385 1224 3500 1295 ipse
3530 1234 3712 1278 autem

2138 1319 2474 1374 afﬁciebatur
2513 1334 2707 1391 magno
2747 1319 2934 1375 dolore
2963 1322 3107 1387 quod
3144 1334 3249 1372 non
3291 1317 3483 1373 fuisset
3518 1332 3716 1371 consc-

2137 1421 2295 1465 cutus
2322 1411 2465 1466 idem
2504 1419 2805 1478 certamen,
2846 1427 2969 1466 cum
3000 1419 3142 1465 esset
3166 1412 3479 1465 communis
3524 1405 3606 1463 via
3632 1410 3712 1463 eis

2135 1503 2410 1572 proposita
2421 1540 2436 1556 .

2206 1613 2272 1669 ll.
2309 1614 2419 1669 Illis
2454 1630 2585 1669 vero
2616 1616 2805 1669 diebus
2867 1614 3100 1685 contigit
3155 1611 3538 1685 proconsulem
3589 1612 3717 1666 Lol-

2138 1709 2342 1763 lianum
2369 1709 2601 1764 electum
2648 1708 2717 1762 ab
2765 1708 3210 1779 imperatoribus,
3235 1707 3422 1762 venire
3450 1718 3620 1773 usque
3650 1705 3718 1761 ad

2138 1817 2254 1864 cos.
2283 1817 2405 1856 cum
2442 1801 2614 1856 rectio
2646 1809 2793 1856 esset
2830 1814 2896 1854 eo
2927 1808 3172 1869 tempore
3194 1813 3361 1869 penes
3390 1805 3718 1869 procurato-

2142 1912 2253 1949 rem
2287 1895 2460 1957 urbis,
2492 1895 2583 1964 qui
2633 1903 2749 1949 erat
2782 1893 3014 1949 Pataris.
3046 1892 3343 1948 Celebrans
3394 1900 3573 1946 autem
3602 1902 3721 1943 sce-

2142 1988 2346 2043 Iuratus
2379 1996 2701 2057 procurator
2755 1986 2897 2041 diem
2947 1986 3144 2040 festum
3183 1984 3484 2053 Serapidis,
3509 1992 3562 2038 et
3590 1998 3723 2036 con-

2140 2095 2372 2151 gregans
2402 2078 2693 2134 concilium
2737 2078 3051 2148 impiorum,
3090 2076 3433 2133 consultabat
3460 2078 3724 2145 adversus

2138 2169 2507 2232 Christianos,
2541 2177 2593 2222 ct
2623 2167 2849 2237 cogebat
2883 2181 3078 2221 omnes
3126 2168 3193 2220 ad
3227 2165 3431 2220 cultum
3471 2165 3719 2218 insanum

2142 2259 2430 2316 idolorum.
2464 2258 2600 2314 Cum
2659 2258 2811 2313 multi
2863 2272 2993 2313 vero
3038 2265 3449 2317 concurrerent,
3483 2267 3537 2310 et
3573 2265 3720 2309 metu

2141 2356 2384 2410 humano
2420 2361 2758 2417 tenerentur,
2790 2367 2933 2423 aegre
2982 2350 3108 2406 tulit
3140 2350 3359 2421 quidem
3397 2347 3459 2402 B.
3492 2347 3622 2411 Leo,
3654 2363 3721 2401 ne

2141 2445 2330 2500 audire
2365 2444 2585 2513 quidem
2610 2445 2893 2500 sustinens
2913 2445 3202 2514 impiorum
3226 2442 3535 2498 audaciam.
3569 2440 3724 2509 Apud

2143 2552 2202 2593 se
2236 2548 2415 2592 autem
2452 2537 2750 2597 disserens.
2776 2552 3032 2607 egressus
3060 2537 3143 2592 est
3195 2537 3264 2593 ad
3305 2535 3484 2591 locum
3514 2535 3567 2589 in
3615 2549 3727 2604 quo

2139 2629 2397 2700 iacebant
2452 2629 2693 2697 reliquiae
2728 2628 2788 2683 Β.
2819 2629 3076 2700 martyris
3124 2627 3428 2696 Paregorii.
3461 2627 3596 2683 Cum
3631 2641 3728 2678 au-

2147 2730 2252 2775 tem
2289 2720 2481 2776 fuisset
2506 2721 2558 2775 in
2585 2720 2677 2774 illo
2711 2721 2856 2786 loco,
2883 2721 2936 2774 in
2967 2735 3076 2789 quo
3126 2720 3459 2791 peragebant
3525 2718 3724 2772 festum

2143 2813 2542 2868 exsecrandum
2576 2825 2627 2867 ct
2654 2813 2902 2882 impium,
2934 2813 3027 2883 qui
3055 2828 3123 2867 eo
3153 2813 3298 2882 digni
3344 2820 3522 2876 erant.
3557 2826 3728 2867 unus-

2144 2903 2374 2973 quisque
2403 2917 2594 2957 eorum
2626 2905 2718 2974 qui
2776 2904 3051 2969 videbant,
3084 2914 3192 2958 tam
3222 2914 3290 2959 ex
3327 2907 3444 2974 ipsa
3497 2911 3726 2965 statura.

2144 3007 2305 3064 quam
2336 3008 2405 3048 ex
2438 2995 2590 3049 vultu
2619 3002 2674 3050 et
2704 3004 2879 3059 veste,
2910 3005 2965 3051 ct
2989 3010 3055 3051 ex
3088 3010 3153 3052 eo
3183 2997 3330 3066 quod
3376 3011 3481 3049 non
3535 3009 3728 3050 assen-

2149 3084 2344 3140 tirctur
2372 3084 2555 3148 malis,
2588 3101 2709 3156 qua:
2729 3086 2797 3142 ab
2825 3087 2960 3158 ipsis
2984 3086 3204 3153 fiebant,
3227 3086 3577 3142 existimabat
3603 3101 3727 3140 eum

2145 3189 2266 3231 esse
2300 3174 2676 3232 Christianum
2708 3186 2763 3233 et
2786 3178 2943 3247 plane
2968 3179 3325 3234 reverendum
3352 3193 3366 3243 ;
3399 3186 3557 3233 erant
3582 3177 3728 3235 enim

454 3267 618 3323 ϐανεν
653 3264 792 3321 εἶναι
826 3265 922 3320 καὶ
973 3264 1189 3336 ἀληθῶς
1221 3263 1402 3326 αἰδοῦς
1436 3263 1588 3328 ἄξιον
1615 3278 1629 3293 ·
1656 3257 1726 3333 ἦν
1750 3262 1859 3332 γὰρ
1889 3259 2040 3331 αὐτῷ

2148 3267 2196 3323 ei
2239 3270 2516 3324 moderata
2537 3271 2746 3337 omnia,
2799 3271 3158 3325 monasticam
3197 3270 3341 3324 enim
3376 3268 3542 3324 vitam
3571 3283 3732 3323 exer-

456 3360 855 3433 μεμετρημένα
883 3360 952 3414 τά
979 3358 1160 3412 πάντα
1177 3372 1193 3387 ο
1230 3359 1328 3411 καὶ
1348 3357 1459 3427 γὰρ
1486 3356 1786 3424 ἀσκητικδς
1800 3354 1892 3407 τὸν
1923 3353 2039 3424 βίον

453 3450 545 3525 ἦν,
567 3455 632 3507 ἐκ
666 3451 937 3522 νεωτέρου
966 3450 1145 3522 τούτῳ
1196 3447 1622 3521 προσεσχηκὼς,
1660 3448 1719 3500 ὲν
1741 3444 2040 3517 ἐγκρατείᾳ

455 3547 551 3599 καὶ
577 3546 637 3600 ἐν
657 3545 852 3617 ἁγνείᾳ
883 3544 979 3598 καὶ
1010 3542 1337 3615 σωφροσύνῃ
1356 3558 1370 3572 ·
1403 3542 1463 3594 τὸ
1484 3541 1543 3594 δὲ
1564 3538 1771 3610 ἔνδυμα
1800 3534 1947 3609 εἶχεν
1975 3538 2041 3590 ὲκ

456 3635 661 3709 τριχῶν
716 3634 1059 3706 ὑφασμένον,
1089 3633 1275 3696 αὐτοῖς
1319 3631 1504 3702 ἔργοις
1533 3629 1897 3684 άποστολικδν
1926 3627 2041 3698 βίον

462 3727 801 3799 μιμούμενος
872 3726 967 3780 καὶ
1017 3723 1271 3796 ζηλωτὴς
1323 3721 1418 3776 τοῦ
1448 3720 1606 3790 άγίου
1647 3718 1898 3773 Ἰωάννου
1946 3716 2041 3772 τοῦ

458 3820 776 3892 Προδρόμου
809 3818 905 3875 καὶ
932 3815 1244 3872 Βαπτιστοῦ
1267 3814 1579 3886 γενόμενος.

534 3939 608 3994 1'".
650 3935 1106 4008 Παραγενόμενος
1131 3928 1227 3988 οὖν
1248 3932 1344 3986 ἐπὶ
1371 3932 1464 3986 τὸν
1499 3931 1862 4004 προκείμενον
1893 3926 2044 3997 αὐτῷ

457 4033 625 4088 τόπον
676 4030 772 4083 καὶ
821 4029 921 4092 τὰς
966 4026 1227 4097 συνήθεις
1251 4025 1486 4088 ἀποδοὺς
1519 4024 1706 4094 εὐχάς,
1738 4019 2044 4091 ἐπανῆλθεν

460 4125 555 4178 ἐπὶ
587 4122 687 4195 τὴν
740 4122 945 4184 οἰκίαν,
1001 4119 1096 4174 καλ.
1127 4117 1279 4173 ἔνδον
1339 4116 1604 4171 εἰσελθὼν
1655 4113 1917 4169 καὶκατὰ
1944 4114 2045 4182 τὴν

463 4216 757 4290 συνήθειαν
793 4214 1113 4285 εὐξάμενος,
1142 4213 1238 4268 atat
1267 4212 1435 4283 ἄρτου
1470 4207 1818 4280 μεταλαϐὼν,
1850 4206 2046 4278 ἔμενεν

461 4310 548 4379 ἐφ’
577 4306 777 4379 ἑαυτῷ,
804 4306 957 4362 οὐδὲν
983 4305 1172 4378 ἓτερον
1199 4305 1234 4377 ἢ
1259 4303 1336 4370 ,τὰ
1363 4305 1590 4374 γενναῖα
1640 4298 2047 4370 κατορθώματα

461 4402 556 4456 τοῦ
577 4399 866 4463 θεοσεϐοῦς
896 4398 1247 4471 Παρηγορίου
1301 4395 1562 4468 μελετῶν.
1613 4394 1724 4451 Καὶ
1754 4395 1813 4446 ὲν
1835 4392 2048 4455 τούτοις

461 4495 573 4557 τοῖς
599 4492 887 4562 λογισμοῖς
916 4488 1015 4554 ὢν,
1034 4489 1113 4554 είς
1142 4488 1310 4543 ὕπνον
1340 4490 1480 4561 πρὸς
1505 4489 1691 4558 ὀλίγον
1709 4487 2043 4559 κατηνέχθη,

464 4583 553 4636 ἵνα
591 4581 692 4654 τὴν
727 4583 839 4636 τῶν
884 4577 1163 4648 ἐσομένων
1221 4579 1370 4650 αὐτῷ
1406 4581 1751 4651 πραγμάτων
1782 4578 2047 4649 θεάσηται

462 4674 643 4742 δόξαν.
703 4674 921 4744 Ὠσπερ
983 4673 1095 4743 γάρ
1138 4673 1167 4724 ό
1197 4670 1545 4743 πατριάρχης
1585 4670 1788 4740 Ἰωσὴφ
1828 4666 1935 4723 εἶδε
1980 4669 2050 4723 τὰ

468 4766 730 4840 μέλλοντα
760 4767 912 4838 παρὰ
932 4764 1028 4819 τοῦ
1059 4763 1196 4817 Θεοῦ
1218 4763 1522 4832 ἐπάγεσθαι
1547 4767 1634 4817 ἐπ’
1664 4766 1850 4830 αὐτὴν,
1876 4763 2049 4827 οὕτως

432 4874 435 4879 '
466 4861 560 4913 καὶ
585 4861 612 4912 6
645 4857 921 4929 μακάριος
943 4856 1096 4911 Λέων
1125 4854 1393 4909 ἐθεάσατο
1426 4856 1515 4910 διὰ
1544 4855 1862 4926 Πνεύματος
1889 4856 2049 4924 ἁγίου

463 4953 564 5021 τὴν
602 4951 713 5004 τῶν
746 4951 1025 5019 ἐσομένων
1047 4945 1200 5018 αὐτῷ
1233 4948 1578 5018 πραγμάτων
1614 4947 1860 5001 ἔκϐασιν.
1908 4946 2053 5001 Ἐδό-

466 5062 553 5099 κει
586 5043 768 5097 τοίνυν
789 5043 927 5116 δρᾷν
954 5040 1228 5114 χειμῶνος
1252 5041 1407 5106 δντος
1433 5042 1665 5112 σφοδροῦ
1698 5043 1792 5095 καὶ
1820 5043 2054 5117 χειμάρ·

469 5138 580 5207 ρων
637 5134 960 5207 κατάρῤυαν
1022 5132 1334 5204 εἰληφότων
1400 5131 1625 5203 πολλὴν,
1681 5133 1827 5187 κατὰ
1886 5135 2053 5201 μέσου

468 5223 692 5279 ἑστάναι
743 5223 838 5277 τοῦ
869 5222 1176 5295 χειμάρρου
1224 5222 1319 5276 τὸν
1353 5222 1702 5296 Παρηγόριον
1727 5224 1824 5277 καὶ
1855 5224 2054 5279 ἑαυτδν

470 5317 649 5371 καίτοι
710 5315 1060 5369 ἐπικινδύνου
1124 5314 1334 5388 σφόδρα
1395 5314 1552 5377 δντος
1606 5312 1704 5368 τοῦ
1761 5316 2052 5387 ῥεύματος,

470 5408 783 5481 ὲπιρίπτειν
838 5408 932 5461 καὶ
987 5407 1303 5479 ὶπιτρέχειν
1364 5405 1443 5477 τῷ
1503 5405 1769 5478 μακαρίῳ.
1813 5407 2053 5476 μάρτυρι

475 5501 830 5575 Παρηγορίῳ.
890 5504 991 5574 τὴν
1040 5501 1136 5555 ἐπὶ
1191 5501 1252 5556 τὸ
1299 5500 1601 5572 μαρτύριον
1646 5500 1766 5552 ὁδὸν
1795 5499 2057 5555 ὁδεύοντι.

482 5595 545 5648 ’0
597 5597 695 5665 μὲν
740 5593 834 5649 οὖν
890 5597 1029 5664 μετὰ
1078 5594 1177 5666 τὴν
1201 5594 1295 5648 τοῦ
1324 5594 1599 5664 ὁράματος
1633 5592 1765 5646 θέαν
1788 5591 2057 5663 ἐγερθεὶς,

553 5823 572 5856 ⁸
606 5824 741 5879 Gen.
777 5840 985 5879 XXXVII.

2149 3372 2340 3418 cuerat
2368 3376 2398 3417 a
2425 3361 2758 3431 iuventute:
2805 3372 2861 3418 et
2910 3364 3031 3419 ideo
3082 3363 3296 3418 deditus
3332 3362 3509 3418 fuerat
3557 3362 3733 3416 conti-

2151 3455 2370 3519 nentiae,
2400 3456 2641 3512 castitati
2671 3466 2727 3512 et
2774 3457 3171 3527 temperantiae.
3221 3454 3601 3512 lndnmentum
3644 3472 3737 3510 u-

2151 3555 2259 3603 tem
2295 3548 2415 3616 ejus
2435 3562 2501 3603 ex
2545 3548 2671 3619 pilis
2705 3558 3040 3617 contextum,
3074 3557 3130 3605 et
3160 3550 3321 3619 plane
3340 3560 3400 3604 re
3433 3550 3544 3618 ipsa
3564 3546 3734 3603 vitam

2154 3638 2518 3693 :emulabatur
2567 3640 2943 3709 apostolicam,
2980 3649 3033 3696 et
3066 3642 3243 3697 fuerat
3304 3642 3618 3696 immutator
3670 3639 3731 3696 S.

2148 3727 2375 3785 Joannis
2401 3728 2785 3786 Praecursoris.

2223 3927 2313 3984 ΙΙΙ.
2340 3929 2474 3984 Cum
2501 3944 2632 4001 ergo
2656 3929 2978 3986 accessisset
3000 3930 3066 3986 ad
3093 3930 3268 3985 locum
3294 3935 3342 3985 ei
3370 3932 3734 4003 propositum,

2152 4031 2208 4075 ct
2238 4036 2432 4092 preces
2453 4019 2689 4077 fudisset
2718 4020 3034 4086 consuetas,
3071 4021 3290 4077 domum
3323 4033 3406 4077 est
3435 4039 3687 4080 reversus
3719 4044 3732 4081 :

2153 4123 2205 4170 et
2238 4129 2365 4169 cum
2414 4113 2609 4170 fuisset
2671 4114 2974 4184 ingressus,
3005 4125 3059 4170 et
3091 4115 3156 4170 de
3197 4130 3351 4170 more
3375 4125 3649 4186 precatus.
3685 4126 3740 4173 et

2153 4218 2348 4275 panem
2405 4203 2754 4274 sumpsisset,
2798 4206 3055 4260 manebat
3103 4206 3242 4276 apud
3297 4220 3376 4272 se,
3423 4206 3553 4260 nihil
3592 4207 3737 4262 aliud

2156 4299 2423 4354 meditans
2449 4312 2613 4368 quam
2649 4297 2906 4368 praeclara
2964 4298 3105 4354 facta
3150 4300 3222 4366 pii
3274 4279 3568 4370 Paregorii.
3601 4298 3736 4355 Cum

2157 4394 2272 4447 lucc
2296 4401 2473 4447 autem
2509 4391 2650 4462 apud
2708 4405 2765 4445 se
2815 4391 3003 4446 animo
3059 4392 3313 4462 agitaret,
3374 4391 3650 4460 paululum
3685 4393 3739 4447 in

2157 4497 2405 4537 somnum
2470 4490 2555 4537 est
2608 4480 2901 4544 resolutus,
2937 4488 2997 4534 ut
3046 4495 3224 4534 rerum
3286 4481 3389 4536 sibi
3434 4481 3739 4536 futurarum

2157 4573 2383 4643 gloriam
2440 4572 2729 4641 aspiceret.
2776 4570 3057 4638 Quomodo
3099 4572 3248 4626 enim
3284 4574 3601 4642 patriarcha
3638 4571 3738 4627 Jo-

2155 4669 2285 4735 seph
2317 4664 2468 4729 vidit,
2511 4680 2632 4735 quae
2666 4680 2694 4718 a
2737 4663 2846 4719 Deo
2904 4674 3087 4719 essent
3121 4664 3222 4719 sibi
3259 4665 3538 4720 inferenda
3564 4668 3580 4697 ¹
3611 4683 3624 4720 :
3664 4667 3741 4722 ita

2153 4760 2316 4813 etiam
2363 4758 2426 4811 B.
2457 4755 2568 4811 Leo
2624 4757 2755 4810 vidit
2802 4770 2900 4828 per
2938 4754 3203 4824 Spiritqu
3271 4768 3519 4811 sanetum
3560 4773 3739 4812 rerum

2155 4852 2258 4907 sibi
2323 4850 2628 4903 futurarum
2688 4856 2967 4903 eventum.
3026 4847 3188 4904 Visus
3239 4859 3322 4903 est
3367 4864 3497 4919 ergo
3531 4851 3737 4917 videre,

2156 4961 2277 5000 cum
2308 4954 2452 4999 esset
2488 4944 2785 4997 vehemens
2816 4951 3129 5012 tempestas,
3156 4952 3211 4997 et
3242 4954 3512 4999 torrentes
3543 4961 3739 5013 magno

2159 5042 2358 5106 impetu
2394 5034 2717 5098 defluerent,
2748 5035 3100 5105 Paregorium
3126 5044 3181 5091 et
3209 5051 3269 5091 se
3294 5047 3439 5092 stare
3473 5039 3523 5091 in
3558 5039 3737 5100 medio

2160 5141 2400 5186 torrente
2428 5146 2439 5181 :
2475 5136 2529 5182 et
2562 5127 2690 5181 licet
2712 5136 2855 5182 esset
2875 5125 3135 5181 ﬂuentum
3156 5128 3316 5183 valde
3344 5131 3735 5198 periculosum,

2160 5237 2218 5277 se
2241 5220 2508 5292 projicere
2527 5230 2582 5275 et
2619 5234 2909 5274 accurrere
2938 5219 3006 5272 ad
3053 5218 3113 5272 Β.
3152 5229 3448 5291 martyrem
3504 5202 3739 5291 Parego-

2161 5315 2326 5376 rium,
2359 5310 2450 5382 qui
2482 5309 2891 5380 ingrediebatur
2918 5309 3021 5363 iter
3047 5309 3112 5362 ad
3163 5311 3513 5383 martyriuzu.
3546 5311 3738 5379 Itaque

2165 5418 2448 5478 postquam
2489 5405 2754 5459 visionem
2809 5405 3132 5473 aspexisset,
3172 5405 3463 5469 excitatus,
3501 5407 3638 5474 apud
3684 5422 3744 5462 se

2166 5508 2394 5555 eventus
2422 5496 2629 5552 faciens
2663 5495 3053 5565 conjecturam,
3075 5493 3308 5561 conjecit
3336 5510 3421 5560 ea,
3452 5510 3569 5563 qua:
3591 5507 3747 5551 erant

2168 5602 2446 5649 eventura.
2514 5590 2767 5659 Seipsum
2815 5599 2992 5644 autem
3057 5588 3273 5643 beatum
3337 5587 3742 5656 pronuntiabat,
