4160 6428
488 344 625 408 1455

1670 338 1949 400 MENSIS
1990 337 2510 398 FEBRUARIUS.

3604 332 3749 399 1156

485 435 628 503 quod
650 433 925 503 aliquanto
960 439 1200 502 tempore
1240 439 1487 485 versatus
1522 438 1663 484 esset
1699 443 1821 483 cum
1850 427 1911 482 Β.
1947 427 2053 482 Pa-

2174 426 2253 479 ιαὶ
2277 428 2456 498 ἑαυτῷ
2478 427 2783 498 συγκρίνων
2806 429 2904 498 τὴν
2933 427 3183 490 ἔκϐασιν,
3204 425 3303 479 ούκ
3335 424 3439 490 ἔξω
3468 423 3577 478 τῶν
3604 426 3745 474 ἀπο-

487 528 718 595 regorio.

566 731 647 788 IV.
685 733 944 799 Deinceps
984 746 1111 800 ergo
1141 729 1206 784 ad
1263 744 1384 782 cum
1437 727 1749 790 accedebat,
1800 736 2055 796 tauquam

489 825 555 877 ad
597 823 971 878 fidelissimum
1009 821 1240 891 aliquem
1304 820 1512 876 socium
1556 819 1894 886 certaminis,
1963 819 2056 873 sed

488 925 586 981 per
608 909 841 965 medium
886 909 1083 975 forum,
1117 918 1172 964 et
1226 923 1320 979 per
1348 909 1418 968 id.
1449 910 1590 979 quod
1623 909 1901 963 dicebatur
1934 907 2060 963 Tri-

493 1005 698 1058 rhaanm
730 1021 745 1056 :
778 1013 834 1058 et
863 1019 984 1058 cum
1006 1004 1244 1059 venisset
1271 1004 1337 1057 ad
1376 1002 1576 1066 locum,
1606 1002 1753 1056 videt
1807 1000 2059 1058 lucernas

490 1105 547 1150 et
589 1096 836 1152 eereolos
886 1111 1149 1151 accensos
1203 1096 1345 1150 circa
1409 1095 1696 1150 delubrum
1730 1111 1744 1149 :
1781 1102 1836 1149 et
1869 1109 2058 1149 eorum

491 1189 729 1255 quidem,
757 1188 846 1257 qui
883 1187 1268 1247 accenderant,
1304 1184 1559 1241 misertus
1585 1195 1688 1249 est,
1724 1193 1782 1238 ut
1818 1185 1907 1256 qui
1968 1185 2064 1239 de-

493 1277 630 1345 ιιυριί
660 1284 844 1331 essent
876 1291 891 1330 :
919 1292 1040 1330 cum
1099 1275 1319 1344 propius
1380 1290 1509 1329 vero
1543 1275 1883 1333 accessisset.
1926 1290 2058 1330 con-

493 1366 644 1420 trivit.
679 1369 929 1422 lucernas
958 1366 1070 1420 suis
1101 1365 1369 1430 manibus,
1399 1374 1454 1420 el
1489 1381 1677 1421 cereos
1723 1367 2063 1421 conculcat'it

493 1460 740 1526 pedibus.
786 1458 865 1513 eis
922 1459 1152 1513 dicens:
1189 1457 1243 1511 Si
1292 1459 1420 1511 deos
1473 1458 1802 1513 existimatis
1861 1458 2062 1514 habere

491 1552 657 1617 vires,
684 1550 894 1618 seipsos
929 1549 1244 1603 defendant.
1278 1547 1461 1619 Mystre
1506 1561 1684 1604 autem
1740 1551 2062 1619 iniquitatis,

491 1651 635 1695 rmtu
664 1649 990 1710 congregato
1029 1640 1342 1709 impiorum,
1368 1640 1674 1695 clamabant
1706 1641 1967 1696 adversus
1996 1640 2055 1696 S.

493 1727 750 1795 Leonem,
785 1737 842 1783 ut
868 1730 959 1799 qui
990 1738 1261 1783 averteret
1286 1742 1428 1794 eam,
1465 1744 1585 1797 qum
1633 1743 1659 1779 a
1699 1728 1912 1783 fortuna
1942 1738 2065 1783 erat

2167 514 2487 585 θησομένων
2517 516 2840 581 ἀπείκαζεν,
2869 516 3059 570 ἑαυτὸν
3092 517 3150 569 δὲ
3180 514 3539 586 ἐμακάριζεν,
3572 513 3653 566 ὅτι
3676 510 3748 566 ἂν

2164 609 2301 681 πρὸς
2326 611 2511 680 ὀλίγον
2544 611 2620 682 τῷ
2650 612 2908 684 μακαρίῳ
2959 610 3293 685 Παρηγορίῳ
3325 607 3671 679 συνέτριψεν.

2233 724 2310 776 Δ’.
2357 721 2447 788 Ἐξ
2480 722 2649 793 αὐτῆς
2702 719 2818 791 οὖν,
2850 722 3042 796 ὥσπερ
3092 723 3228 793 πρός
3258 740 3380 776 τινα
3412 721 3745 776 πιστότατον

2169 813 2582 883 συναγωνιστὴν
2614 814 2968 885 παρεγένετο,
2990 814 3092 868 οὐκ
3115 813 3197 867 ἐτι
3225 812 3548 884 λεληθότως,
3573 812 3661 867 διὰ
3686 811 3746 866 δὲ

2165 908 2336 978 μέσης
2402 907 2612 977 ἀγορᾶς
2660 908 2758 962 καὶ
2817 907 2908 962 διά
2960 906 3054 962 τοῦ
3089 907 3386 977 λεγομένου
3433 906 3742 978 Τροιχείου.

2164 999 2381 1070 Προϊὼν
2439 1000 2620 1054 τοίνυν
2671 1002 2776 1071 ὁρᾷ
2818 999 3046 1071 λύχνους
3078 999 3174 1053 καὶ
3204 998 3491 1070 κηριόλους
3532 999 3663 1066 περὶ
3683 997 3748 1050 τὸ

2162 1089 2436 1144 εἰδωλεῖον
2468 1091 2905 1162 ἁνακαιομένους
2931 1092 3021 1146 καὶ
3048 1091 3162 1154 τοῖς
3195 1089 3295 1160 μὲν
3320 1088 3522 1159 ἀψασιν
3545 1089 3751 1160 συνήλ-

2165 1198 2338 1253 γησεν
2371 1183 2447 1247 ὡς
2477 1183 2854 1253 ἡπατημένοις
2883 1198 2895 1212 ·
2928 1181 3286 1235 ἀτοπώτατον
3315 1181 3373 1235 δὲ
3429 1175 3570 1234 εἶναι
3595 1180 3750 1248 λογι-

2165 1273 2402 1343 σάμενος
2454 1276 2553 1343 τὴν
2604 1276 2783 1329 αὐτῶν
2838 1275 3093 1344 ἀνομίαν,
3156 1272 3389 1344 πλησίον
3439 1271 3750 1340 γινόμενος,

2163 1364 2289 1428 τούς
2349 1384 2409 1418 τε
2445 1365 2673 1436 λύχνους
2723 1369 2847 1430 ταῖς
2884 1366 3045 1429 ἰδίαις
3087 1365 3246 1436 χερσὶ
3311 1363 3601 1435 συνέτριψε
3653 1363 3753 1416 καὶ

2163 1456 2291 1518 τοὺς
2318 1456 2607 1525 κηριόλους
2631 1460 2743 1520 τοῖς
2762 1457 2891 1510 ποσὶ
2928 1456 3327 1526 συνεπάτησεν,
3351 1456 3577 1525 φάσκων
3606 1456 3753 1526 πρὸς

2166 1545 2365 1609 αὐτούς
2383 1562 2398 1578 ο
2425 1547 2488 1599 El
2509 1547 2769 1616 νομίζητε
2790 1546 2916 1610 τοὺς
2946 1547 3104 1610 θεοὺς
3132 1545 3288 1616 ὑμῶν
3315 1545 3461 1616 ἐχειν
3490 1544 3748 1613 δύναμιν,

2169 1636 2395 1700 ἑαυτοὺς
2419 1636 2890 1708 ἐκδικησάτωσαν.
2937 1639 3002 1691 Ἦ
3034 1637 3092 1691 δὲ
3124 1635 3323 1708 πρᾶξις
3349 1635 3445 1691 τοῦ
3472 1635 3745 1707 μακαρίου

2171 1725 2399 1790 Λέοντος
2440 1725 2559 1791 ὁδὸς
2604 1723 2672 1798 ἦν
2715 1727 2811 1781 τοῦ
2858 1726 3166 1790 ἀποϐάντος
3222 1725 3372 1797 αύτῷ
3427 1725 3748 1797 μαρτυρίῳ·

493 1819 670 1874 oblata
701 1819 754 1875 in
788 1821 1086 1884 civitatem,
1115 1818 1569 1874 benevolentiam.
1600 1818 1735 1873 Cum
1784 1834 1913 1873 vero
1942 1833 2062 1874 ere-

2174 1817 2612 1888 προσευξάμενος
2639 1816 2732 1872 οὖν
2763 1817 2838 1887 τῷ
2874 1817 3086 1888 Κυρίῳ,
3125 1818 3303 1887 εῐχετο
3328 1815 3426 1885 τῆς
3451 1814 3750 1887 προκειμέ-

490 1911 659 1967 visset
689 1910 974 1975 tumultus,
1008 1921 1062 1966 et
1089 1911 1228 1965 fama
1266 1920 1410 1968 esset
1447 1926 1542 1980 per
1571 1918 1739 1965 totam
1789 1911 2059 1965 civitatem

491 2001 610 2071 ejus
649 2002 792 2072 quod
823 1999 1027 2057 factum
1078 2000 1276 2067 fuerat,
1307 2009 1360 2056 et
1408 2002 1742 2070 pervenisset
1778 2003 1844 2056 ad
1901 2016 2063 2057 aures

493 2093 857 2160 procuratoris
903 2095 990 2162 qui
1030 2103 1161 2148 tunc
1193 2093 1606 2148 administrabat
1643 2093 2057 2162 rempublicam,

494 2199 589 2239 sua
647 2200 777 2239 usus
815 2185 1121 2253 iniquitate,
1150 2183 1302 2254 jubet
1365 2184 1566 2239 milites
1603 2186 1894 2239 observare
1948 2181 2066 2249 ejus

492 2275 753 2339 reditum,
785 2283 840 2329 et
873 2278 1048 2329 virum
1096 2275 1583 2343 comprehendere.
1612 2273 1679 2328 Et
1736 2274 1796 2329 S.
1846 2273 2065 2344 quidem

2172 1924 2271 1979 νης
2291 1908 2436 1963 ὁδοῦ.
2471 1908 2533 1963 Oi
2555 1908 2611 1962 δέ
2635 1909 2732 1980 τῆς
2756 1909 2991 1977 ἀνομίας
3016 1909 3217 1979 μύσται
3250 1907 3504 1978 σύστημα
3532 1906 3749 1960 ἀσεϐῶν

2180 2002 2655 2072 συγκροτήσαντες
2719 2000 2995 2054 κατεϐόων
3037 1999 3133 2053 τοῦ
3190 1999 3345 2066 ἁγίου
3396 2000 3642 2060 Λέοντος.
3682 1997 3761 2058 ὡς

2169 2091 2572 2161 ἀποστέφοντος
2621 2090 2719 2158 τὴν
2757 2090 2911 2162 παρὰ
2964 2094 3063 2162 τῆς
3113 2091 3284 2161 τύχης
3332 2091 3411 2153 εἰς
3458 2089 3557 2158 τὴν
3602 2086 3763 2142 πόλιν

2178 2179 2414 2233 εὖνοιαν.
2447 2180 2538 2244 Ὧς
2563 2179 2619 2234 δὲ
2653 2184 2679 2234 ὁ
2705 2179 2934 2250 θόρυϐος
2952 2179 3180 2250 ἐπηύξει
3209 2180 3303 2234 καὶ
3340 2181 3654 2249 περιηχεῖτο
3678 2180 3761 2241 εἰς

2174 2273 2357 2325 πᾶσαν
2378 2271 2479 2343 τὴν
2507 2273 2685 2335 πόλιν,
2714 2272 2776 2324 τὸ
2807 2273 3035 2340 γεγονὸς
3060 2268 3225 2341 ἦλθεν
3252 2271 3344 2324 καὶ
3368 2272 3445 2332 είς
3467 2270 3566 2328 τὰς
3584 2270 3756 2332 ἀκοὰς

492 2363 604 2420 Leo
626 2375 713 2421 est
763 2379 1041 2430 reversus,
1068 2381 1163 2433 per
1196 2381 1256 2422 se
1300 2366 1654 2423 considerans
1688 2366 1739 2421 id
1781 2366 1924 2435 quod
1948 2372 2069 2419 erat

2174 2361 2266 2415 τοῦ
2321 2363 2446 2415 τότε
2485 2363 2582 2434 τὴν
2633 2364 2807 2434 ἀρχὴν
2857 2361 3382 2435 παραφυλάσσοντος
3433 2360 3757 2431 ἐπιτρόπου,

494 2465 835 2522 eventurum,
863 2456 1049 2512 oculos
1073 2459 1266 2527 mentis
1292 2459 1360 2512 ad
1378 2456 1543 2511 Deum
1564 2456 1847 2512 extollens.
1870 2454 2069 2510 Milites

2174 2454 2270 2509 καὶ
2304 2455 2481 2527 οἰκείᾳ
2514 2456 2860 2525 χρησάμενος
2889 2453 3212 2526 παρανομίᾳ
3239 2452 3568 2525 προστάττει
3592 2468 3761 2522 στρα-

499 2564 626 2603 vero
663 2563 787 2603 cum
817 2562 986 2618 prope
1014 2547 1398 2614 accessissent,
1429 2555 1485 2601 et
1528 2562 1651 2602 eum
1682 2544 2069 2616 apprehendis-

2174 2546 2376 2610 τιὼτας
2413 2547 2806 2621 παρατηρῆσαι
2841 2547 2941 2616 τὴν
2974 2546 3166 2600 τούτου
3203 2545 3464 2600 ἐπάνοδον
3504 2545 3597 2599 καὶ
3630 2544 3758 2597 συλ-

497 2647 621 2693 sent
652 2654 758 2695 non
806 2640 1150 2695 resistentem
1203 2653 1381 2709 neque
1416 2639 1855 2701 tumultuantem,
1903 2637 2069 2691 addu-

2174 2634 2359 2688 λαϐεῖν
2391 2635 2484 2689 τὸν
2538 2636 2729 2707 ἄνδρα.
2771 2637 2830 2691 ’0
2882 2639 2979 2708 μὲν
3007 2633 3104 2692 οὖν
3143 2637 3371 2709 ἐπανῄει
3411 2636 3535 2691 καθ’
3566 2636 3759 2690 ἑαυτὸν

497 2738 626 2785 t'uut
660 2747 781 2785 eum
812 2732 880 2785 ad
917 2740 1352 2801 procuratorem.
1384 2730 1480 2785 Ille
1531 2745 1660 2784 vero
1688 2738 1943 2799 tanquam
1970 2728 2069 2782 im-

2177 2726 2400 2781 σκοπῶν
2415 2728 2475 2780 τὸ
2504 2728 2943 2799 ἀποϐησόμενον,
2972 2730 3101 2792 τοὺς
3139 2729 3457 2799 ὀφθαλμοὺς
3509 2728 3610 2795 τῆς
3641 2728 3763 2782 διαο

498 2821 676 2877 mauis
704 2823 948 2890 qumdam
984 2821 1123 2889 fera,
1153 2837 1355 2876 vorans
1401 2821 1746 2889 sanguinem,
1778 2819 1967 2890 plenus
1989 2818 2068 2873 fu-

2179 2819 2331 2883 νοίας
2388 2821 2687 2874 ἀνατείνων
2746 2822 2881 2891 πρὸς
2918 2822 3011 2876 τὸν
3037 2821 3189 2876 Θεόν.
3233 2824 3296 2876 Ol
3330 2822 3388 2875 δὲ
3429 2821 3763 2893 στρατιῶται

500 2925 642 2979 rore,
670 2914 989 2967 movebatur
1013 2913 1274 2968 adversus
1310 2923 1628 2982 martyrem.

2177 2910 2407 2980 πλησίον
2435 2912 2724 2983 γενόμενοι
2754 2914 2847 2967 καὶ
2901 2912 3284 2983 ἐπιλαϐόμενοι
3330 2914 3430 2966 οὐκ
3462 2912 3766 2982 ἀντιπράτ-

494 3026 658 3063 τοντα
691 3011 811 3064 οὐδὲ
833 3009 1233 3082 θορυϐούμενον
1259 3009 1340 3081 τῷ
1362 3008 1647 3081 ἐπιτρόπῳ
1679 3008 2070 3077 προσάγουσιν.
2125 3005 2185 3058 '0
2230 3006 2310 3071 δὲ,
2347 3001 2438 3061 οἷά
2478 3024 2563 3070 τις
2623 3008 2728 3080 θὴρ
2754 3006 3071 3079 αἱμοϐόρος,
3102 3008 3316 3080 πλήρης
3355 3008 3622 3080 ὑπάρχων
3654 3025 3764 3076 μας

498 3105 638 3169 νίας,
671 3107 814 3160 κατά
855 3105 952 3159 τοῦ
1014 3105 1295 3179 μάρτυρος
1320 3106 1577 3171 ἐκινεῖτο,
1644 3102 2002 3173 λογιζόμενος
2072 3100 2286 3172 μήποτε
2340 3103 2704 3173 συγχωρήσας
2764 3101 2864 3173 τὴν
2902 3101 3141 3174 πρᾶξιν·
3209 3101 3469 3173 πρόξενος
3536 3102 3767 3175 γένηται

497 3198 816 3269 παρρησίας
850 3199 1200 3269 Χριστιανοῖς
1225 3198 1326 3269 τῆς
1359 3200 1437 3263 είς
1468 3198 1536 3252 τὰ
1574 3197 1684 3253 τῶν
1722 3196 1993 3268 Ἑλλήνων
2021 3192 2215 3249 εἴδωλα
2248 3193 2619 3258 καταλύσεως.
2734 3188 2737 3191 “

573 3342 634 3397 V-
663 3344 954 3413 Ροειφκιιη
991 3352 1170 3398 amem
1198 3343 1330 3397 Vi‘m
1367 3357 1533 3413 Ρτοβθ
1555 3357 1678 3398 θθεθ
1708 3342 1771 3396 Β·
1808 3342 2065 3405 ίλθοηθηιο
2097 3349 2140 3407 C
2248 3354 2323 3411 E'.
2368 3356 2520 3410 Ἐπεὶ
2543 3355 2600 3409 δὲ
2627 3353 2858 3425 πλησίον
2880 3353 3173 3422 γενόμενον
3201 3347 3340 3405 εἶδεν
3364 3350 3458 3405 τδν
3484 3350 3761 3423 μακάριον

497 3435 683 3491 statim
714 3436 764 3489 ei
790 3436 989 3503 olijecit
1024 3434 1335 3496 audaciam,
1362 3449 1468 3503 qua
1497 3448 1631 3488 usus
1672 3432 1850 3487 fuerat
1872 3432 2067 3486 adver-

456 3574 457 3577 η
499 3541 593 3582 sus
658 3528 934 3591 lucernas,
982 3524 1220 3580 dicens:
1255 3524 1378 3578 Mihi
1430 3525 1650 3590 videris,
1694 3539 1728 3579 ο
1758 3539 1941 3589 senex,
1987 3523 2069 3578 vel

501 3623 753 3689 ignorare
802 3617 950 3673 vires
1013 3619 1236 3671 deorum
1299 3616 1628 3682 caelestium,
1682 3615 1825 3685 quod
1884 3629 2071 3669 eorum

499 3720 717 3765 cvertas
770 3709 1084 3778 religionem
1129 3726 1143 3763 :
1190 3716 1284 3761 aut
1342 3707 1605 3773 insanire,
1657 3717 1716 3760 ut
1762 3707 1850 3774 qui
1909 3706 2077 3761 facias

501 3811 697 3872 praeter
735 3802 785 3857 id
814 3802 957 3872 quod
1012 3800 1228 3855 videtur
1265 3797 1620 3854 divinissimis
1652 3800 1852 3852 nostris
1899 3797 2074 3867 impe-

502 3895 777 3952 ratoribus
803 3912 816 3949 :
846 3908 984 3963 quos
1007 3893 1281 3949 secundos
1310 3902 1620 3947 servatores
1648 3901 1703 3947 et
1725 3892 1856 3946 deos
1872 3892 2076 3962 optime

504 3986 761 4042 facientes
800 3999 901 4041 nos
932 3999 1208 4041 vocamus.
1243 3986 1320 4039 Ad
1350 3984 1463 4041 haec
1498 3984 1632 4039 divit
1669 3982 1779 4039 Leo
1837 3983 2064 4039 sanctis-

500 4078 669 4133 simus
703 4091 719 4130 :
750 4076 946 4133 Multos
971 4076 1225 4133 ccelestes
1252 4075 1383 4131 deos
1413 4076 1619 4143 dixisti,
1668 4090 1701 4131 ο
1729 4086 2070 4147 procurator.

501 4167 716 4224 Veritas
754 4177 936 4224 autem
972 4184 1081 4225 non
1106 4169 1179 4224 ita
1218 4168 1416 4236 habet;
1454 4178 1538 4225 est
1581 4170 1727 4224 enim
1770 4183 1909 4223 unus
1941 4168 2077 4222 Deus

500 4258 803 4315 caelestium
866 4266 923 4314 et
975 4259 1344 4324 terrestrium,
1393 4257 1654 4314 Dominus
1706 4268 1891 4314 noster
1917 4257 2077 4315 Jesus

498 4351 772 4417 Christus,
805 4349 977 4404 Filius
1028 4348 1121 4404 Dei
1156 4349 1286 4414 vivi,
1342 4349 1433 4419 qui
1491 4365 1600 4406 non
1651 4349 1816 4406 habet
1844 4364 1983 4421 opus
2016 4360 2074 4405 ut

2177 3451 2406 3512 Λέοντα,
2433 3449 2639 3513 εὐθέως
2661 3450 2859 3518 ἐνῆγεν
2887 3448 2987 3520 τὴν
3016 3449 3146 3517 περὶ
3173 3447 3300 3508 τοὺς
3330 3445 3558 3517 λύχνους
3578 3445 3764 3500 αὐτῶν

2173 3541 2477 3613 γενομένην
2505 3540 2734 3610 τόλμαν,
2759 3541 2934 3609 λέγων
2954 3558 2968 3572 ·
3019 3541 3173 3611 Ἐμοὶ
3211 3537 3411 3602 δοκεῖς,
3454 3537 3760 3609 πρεσϐύτα,

2173 3631 2207 3703 ἢ
2236 3631 2336 3700 τὴν
2358 3633 2467 3686 τῶν
2502 3632 2846 3702 ἐπουρανίων
2879 3631 3018 3685 θεῶν
3044 3631 3262 3699 ἀγνοεῖν
3288 3631 3542 3701 δύναμιν,
3565 3631 3759 3702 ὅτιπερ

2174 3724 2271 3786 τὰς
2285 3724 2463 3777 αὐτῶν
2479 3722 2779 3793 θρησκείας
2795 3722 3124 3793 ἀνατρέπεις
3146 3738 3160 3753 ·
3179 3722 3211 3792 ἢ
3238 3722 3541 3792 μεμηνέναι
3569 3722 3753 3790 πράτ-

2175 3834 2281 3870 των
2310 3815 2380 3870 τά
2411 3818 2562 3883 παρὰ
2594 3815 2656 3869 τδ
2705 3816 2898 3870 δοκοῦν
2936 3817 3049 3879 τοῖς
3081 3813 3380 3876 θειοτάτοις
3409 3815 3442 3883 ή
3453 3812 3569 3884 μῶν
3599 3813 3759 3882 βασι-

2176 3905 2383 3972 λεῦσιν,
2432 3906 2525 3971 οὒς
2580 3907 2870 3977 δευτέρους
2915 3906 3171 3977 σωτῆρας
3207 3906 3299 3960 καὶ
3345 3905 3500 3967 θεοὺς
3553 3904 3756 3976 ἄριστα

2182 3997 2472 4061 ποιοῦντας
2517 3997 2903 4068 ἀποκαλοῦμεν
2937 3999 3122 4069 ἡμεῖς.
3155 3997 3301 4067 Πρὸς
3327 3995 3501 4050 ταῦτα
3527 3996 3555 4047 ὁ
3585 3995 3759 4064 άγιώ-

2178 4106 2337 4152 τατος
2361 4091 2514 4144 Λέων
2568 4089 2671 4160 ἔφη
2695 4105 2709 4120 ο
2742 4089 2981 4153 Πολλοὺς
3002 4089 3165 4152 αὐτὸς
3204 4087 3567 4158 ἐπουρανίους
3600 4087 3761 4151 θεοὺς
3846 4130 3859 4137 -

2178 4180 2408 4252 εἴρηκας
2430 4198 2442 4211 ·
2482 4180 2597 4252 ἔχει
2627 4180 2684 4234 δὲ
2717 4181 2814 4251 οὐχ
2839 4178 3035 4244 οὕτως,
3059 4172 3105 4233 ὧ
3129 4179 3466 4251 ἐπίτροπε,ἡ
3495 4178 3725 4250 ἀλήθεια
3743 4193 3760 4208 ⁶

2179 4266 2257 4331 εἷς
2293 4271 2401 4343 γὰρ
2430 4272 2460 4324 ό
2482 4272 2591 4324 τῶν
2618 4270 2960 4341 ἐπουρανίων
2991 4270 3087 4324 καὶ
3112 4269 3372 4338 ἐπιγείων
3414 4269 3567 4334 Θεὸς,
3598 4269 3627 4318 ὸ
3652 4266 3765 4320 Κύ-

2180 4378 2295 4432 ριος
2329 4362 2485 4432 ἡμῶν
2529 4360 2734 4432 Ἰησοῦς
2758 4360 2993 4432 Χριστὸς
3032 4364 3062 4416 ὁ
3092 4360 3219 4425 Υἱὸς
3246 4360 3342 4415 τοῦ
3377 4360 3536 4425 Θεοῦ,
3578 4358 3767 4414 τοιαύ-

499 4444 578 4498 sic
604 4443 810 4497 colatur
843 4443 912 4497 ab
969 4442 1307 4498 hominibus.
1338 4440 1572 4512 Spiritus
1605 4442 1751 4498 enim
1784 4445 2069 4509 contritus,

2180 4472 2280 4525 της
2329 4455 2628 4527 θεραπείας
2669 4456 2823 4526 παρά
2859 4456 2969 4508 τῶν
3027 4452 3335 4527 ἀνθρώπων
3386 4454 3448 4507 ού
3506 4452 3760 4524 χρῄζωνο

499 4545 552 4591 et
580 4535 763 4589 anima
788 4550 908 4604 quae
924 4532 1211 4589 consuevit
1238 4533 1515 4589 humiliter
1534 4533 1602 4589 de
1623 4547 1684 4589 se
1702 4534 1923 4599 sentire,
1951 4544 2076 4588 sunt

500 4630 639 4698 apud
676 4627 839 4683 Deum
869 4628 924 4681 in
952 4643 1143 4696 magna
1165 4627 1587 4683 existimatione.
1619 4626 1874 4682 Lucerna!
1892 4637 2074 4683 autem

499 4731 555 4774 et
610 4721 753 4775 cerei
808 4721 899 4790 qui
948 4719 1091 4774 circa
1146 4719 1439 4776 simulacra
1502 4720 1893 4785 accenduntur,
1948 4729 2077 4774 sunt

501 4816 623 4869 vani
652 4823 707 4867 et
736 4813 925 4869 inanes
950 4815 1204 4882 quoniam
1241 4814 1446 4868 sentire
1471 4827 1581 4867 non
1602 4821 1826 4881 possunt
1857 4812 1993 4881 lapis
2023 4822 2078 4867 et

499 4922 575 4961 :cs
610 4915 666 4960 et.
698 4905 926 4974 lignum,
954 4921 1074 4976 quae
1096 4904 1165 4959 ab
1202 4905 1480 4960 hominum
1511 4913 1628 4957 arte
1651 4913 1776 4958 sunt
1800 4911 2074 4959 exstructa

505 5009 557 5052 et
589 4998 873 5053 fabricata.
908 4997 963 5053 Si
1012 5012 1163 5065 vero,
1191 5012 1224 5050 ο
1269 5005 1617 5067 procurator,
1658 5012 1780 5053 eum
1828 4996 1917 5067 qui
1947 5011 2076 5053 vere

500 5100 584 5145 est
622 5091 765 5146 Deus
822 5090 1179 5159 intelligeres,
1236 5106 1341 5144 nou
1398 5089 1539 5143 hanc
1596 5089 1876 5144 materiam
1930 5090 2077 5145 nullo

501 5199 663 5237 sensu
689 5183 972 5252 prmditam
1006 5184 1330 5237 honorasscs
1358 5182 1560 5236 honore
1581 5180 1877 5236 sumtuum.
1908 5181 2074 5237 Cessa

500 5291 632 5345 ergo
662 5274 827 5331 iubis
863 5276 1062 5331 frustra
1088 5274 1357 5338 laborare,
1386 5287 1436 5329 et
1462 5277 1619 5329 lauda
1651 5274 1816 5331 Deum
1860 5279 2078 5329 univer-

500 5382 711 5433 sorum,
746 5377 800 5420 et
830 5368 948 5436 ejus
1002 5367 1198 5421 Filium
1254 5368 1611 5436 unigenitum,
1648 5365 1933 5422 Dominum
1976 5381 2077 5420 n0-

503 5473 645 5517 trum
677 5459 863 5516 Jesuni
925 5457 1226 5525 Christum,
1270 5460 1620 5514 Servatorem
1652 5460 1836 5515 mundi
1869 5469 1924 5515 et
1947 5458 2078 5529 Opi-

506 5556 656 5608 ticem
691 5551 999 5606 animarum
1034 5562 1366 5607 nostrarum.
1404 5551 1484 5605 Ad
1514 5552 1627 5606 haec
1659 5551 1795 5606 dixit
1818 5567 2077 5621 procura-

507 5656 590 5696 tor
630 5659 645 5698 :
680 5642 796 5697 Non
842 5643 1167 5711 respondisti
1196 5644 1249 5699 iu
1282 5645 1568 5712 praesentia
1595 5645 1660 5697 ad
1695 5643 1922 5698 crimina
1957 5661 2078 5714 qua:

505 5733 600 5785 tibi
645 5733 995 5801 objiciuntur,
1063 5732 1155 5791 sed
1222 5734 1323 5787 alia
1398 5734 1579 5789 dixisti
1628 5749 1724 5804 pro
1761 5734 1902 5788 aliis.
1945 5734 2074 5791 Nam

2178 4545 2397 4617 πνεῦμα
2423 4545 2533 4617 γάρ
2556 4543 3020 4615 συντετριμμένον
3078 4544 3231 4616 παρά
3261 4542 3382 4613 Θεῷ
3409 4541 3635 4611 δόκιμον
3663 4541 3763 4594 καὶ

2176 4636 2322 4709 ψυχὴ
2362 4636 2811 4706 ταπεινοφρονεῖν
2850 4634 3167 4704 εἰθισμένη·
3227 4633 3413 4704 λύχνοι
3437 4633 3497 4687 δὲ
3528 4633 3626 4687 καὶ
3656 4650 3762 4704 κη-

2182 4729 2351 4801 ριόλοι
2385 4730 2432 4782 οί
2488 4727 2619 4797 περὶ
2662 4726 2733 4780 τὰ
2794 4725 2988 4780 εἴδωλα
3024 4724 3282 4793 μάταιοιο
3340 4723 3466 4778 ἐπεὶ
3514 4722 3648 4793 μηδὲ
3681 4723 3766 4785 είς

2179 4821 2429 4891 αἴσθησιν
2463 4821 2639 4873 ἐλθεῖν
2659 4819 2935 4883 δύνανται,
2964 4818 3056 4871 ὅτε
3136 4816 3307 4882 λίθος,
3355 4816 3450 4869 καὶ
3478 4818 3506 4869 ό
3532 4814 3762 4887 χαλκὸς,

2179 4913 2355 4968 καὶτὸ
2386 4912 2563 4978 ξύλον,
2590 4914 2653 4966 ἐκ
2669 4912 2867 4982 τέχνης
2884 4910 3189 4980 ἀνθρώπων
3210 4908 3758 4977 κατασκευαζόμενα·

2178 5008 2227 5060 εί
2252 5006 2309 5059 δὲ
2340 5006 2533 5071 ἐνόεις,
2555 4998 2601 5058 ὦ
2636 5003 2927 5074 ἐπίτραπε,
2973 5001 3066 5056 τὸν
3096 5001 3268 5064 ὄντως
3303 5000 3437 5055 Bs?»
3467 5001 3569 5054 οὐκ
3598 4998 3665 5055 ἂν
3692 5002 3761 5070 τῇ

2181 5095 2282 5168 ὕλῃ
2333 5096 2504 5168 ταύτῃ
2539 5092 2832 5167 προσῆψας
2878 5093 3045 5164 τιμὴν
3079 5092 3446 5162 θυμιαμάτων
3495 5089 3764 5159 ἀναισθη-

2179 5187 2353 5242 τοῦσι.
2387 5186 2602 5241 Παῦσαι
2656 5181 2751 5241 οὗν
2786 5185 2889 5255 τῆς
2940 5185 3197 5256 τοιαύτης
3259 5184 3646 5254 ματαιοποιίας
3669 5182 3765 5236 καὶ

2177 5278 2368 5346 δόξαζε
2394 5278 2486 5331 τὸν
2514 5278 2609 5332 ἐπὶ
2632 5277 2851 5332 πάντων
2896 5277 3029 5330 Θεὸν
3068 5278 3163 5332 καὶ
3199 5276 3291 5329 τὸν
3322 5275 3451 5328 Υἱὸν
3480 5275 3646 5328 αὑτοῦ
3669 5274 3764 5326 τὸν

2182 5370 2473 5441 μονογενῆ,
2528 5370 2618 5425 τὸν
2658 5371 2863 5441 Κύριον
2901 5368 3058 5440 ἡμῶν
3118 5367 3326 5439 Ἰησοῦν
3383 5366 3643 5439 Χριστὸν,
3672 5367 3766 5419 τὸν

2180 5461 2408 5532 Σωτῆρα
2467 5460 2560 5515 τοῦ
2627 5465 2833 5530 κόσμου
2888 5462 2981 5513 καὶ
3035 5459 3375 5530 Δημιουργὸν
3427 5458 3538 5511 τῶν
3575 5457 3766 5527 ψυχῶν

2182 5552 2340 5623 ἡμῶν
2362 5570 2375 5583 ·
2406 5554 2541 5623 πρὸς
2558 5553 2730 5607 ταῦτα
2753 5555 2781 5607 ὁ
2812 5551 3108 5621 ἐπίτροπος
3145 5552 3248 5621 ἔφη
3279 5567 3291 5579 ·
3325 5552 3440 5604 Οὐκ
3464 5548 3766 5617 ἀπολογίαν

2184 5645 2323 5716 ὑπὲρ
2353 5638 2429 5699 ὧν
2465 5646 2670 5717 ἐγκαλῇ
2716 5645 2851 5716 πρὸς
2883 5644 2943 5696 τὸ
2979 5643 3152 5714 παρὸν
3180 5643 3427 5714 εἴρηκας,
3459 5642 3574 5694 ἀλλ’
3599 5642 3765 5708 ἕτερα

2183 5740 2297 5793 ἀνθ’
2336 5739 2576 5811 ἐτέρων
2641 5738 3047 5808 ἐγκαλούμενος
3111 5736 3219 5806 γὰρ
3274 5736 3402 5806 περὶ
3436 5735 3543 5788 τῶν
3599 5733 3763 5797 Θεῶν,
