4160 6422
391 377 526 441 H57

1381 381 1553 440 VlTA
1591 382 1696 443 SS.
1745 380 2028 441 LEONIS
2067 378 2163 437 ET
2197 377 2650 438 PAREGORII.

3500 375 3635 439 1458

382 493 624 561 περὶτοῦ
654 494 1086 564 Χριστιανισμοῦ
1129 497 1400 556 διδάσκεις
1438 495 1758 564 προθύμως·
1793 495 1953 564 χάρις

2068 504 2182 543 cum
2227 491 2293 541 de
2323 491 2386 541 iis
2417 485 2710 549 aecuseris,
2743 492 2995 554 prompto
3036 494 3090 538 et
3125 483 3289 538 alacri
3325 483 3505 536 animo
3541 488 3636 536 do-

380 586 436 639 δὲ
462 589 571 648 τοῖς
607 587 770 650 θεοῖς,
805 590 919 650 τοῖς
957 589 1030 658 μὴ
1066 587 1290 641 ὲάσασίν
1339 604 1396 639 σε
1428 587 1704 640 διαλαθεῖν
1729 589 1958 641 τοιαῦτα

380 677 766 745 τολμήσαντα·
799 677 831 746 ἢ
871 677 1050 730 τοίνυν
1096 677 1360 744 ἐπίγνωθι
1399 677 1526 738 τοὺς
1572 677 1728 738 θεοὺς
1768 677 1958 730 καὶτὰ

385 766 508 834 ἱερά
544 768 624 828 εἰς
653 767 849 830 αὐτοὺς
884 769 1268 837 ὲπιπλήρωσον
1291 771 1356 838 τῇ
1388 768 1580 839 γνώμῃ
1611 769 1717 820 τῶν
1753 769 1958 837 παρόνσ-

382 872 488 907 των
525 855 865 928 πειθόμενος,
899 858 931 928 ἢ
960 858 1101 928 ὑπὲρ
1153 852 1227 910 ὧν
1261 859 1588 929 ἐτόλμησας,
1637 859 1725 922 δὸς
1749 859 1847 930 τὴν
1877 876 1957 912 τι-

387 950 621 1019 μωρίαν.

455 1067 543 1131 ς’.
575 1066 716 1133 Πρὸς
744 1065 915 1119 ταῦτα
973 1069 1002 1119 ὀ
1042 1068 1252 1137 μάρτυς
1304 1066 1491 1122 εἶπεν·
1539 1068 1694 1138 Ἐμοὶ
1729 1069 1827 1138 μὲν
1862 1068 1958 1139 ἡδὺ

383 1151 470 1226 ἦν,
512 1158 647 1227 μηδὲ
685 1157 779 1211 ἕνα
811 1159 843 1228 ἢ
876 1159 1131 1228 δεύτερον
1169 1161 1453 1231 ὀλισθῆσαι
1486 1163 1585 1231 τῆς
1629 1163 1959 1232 ἐπουρανίου

383 1249 658 1314 γνώσεως,
687 1248 748 1301 οὔ
779 1251 831 1302 τί
862 1267 923 1319 γε
951 1252 1056 1322 μὴν
1082 1251 1334 1304 τοσοῦτον
1370 1252 1600 1319 πλῆθος⁹
1659 1252 1850 1322 ἐπειδὴ
1903 1251 1961 1305 δὲ

383 1340 495 1406 ὁρῶ
511 1342 637 1402 τοὺς
653 1342 881 1404 πολλοὺς
899 1344 1208 1413 μεμηνότας
1239 1345 1490 1406 ἀνοσίως.
1518 1345 1592 1415 μὴ
1618 1351 1845 1416 νομίσῃς
1868 1345 1964 1397 ἕνα

390 1449 456 1502 με
485 1433 688 1486 τούτων
725 1433 888 1498 εἶναι,
945 1437 1273 1506 Χριστιανὸν
1311 1436 1473 1490 ὄντα·
1520 1435 1632 1505 ἐγὼ
1666 1437 1775 1506 γάρ
1815 1436 1963 1490 ἔνδον

385 1524 524 1594 ἔχων
555 1525 622 1577 τά
671 1525 1006 1579 ἀποστολικά
1044 1527 1507 1596 παραγγέλματα,
1567 1525 1780 1589 τούτοις
1825 1527 1963 1597 πρὸς

387 1616 632 1686 ὑπακοὴν
661 1621 956 1688 χρήσομαι.
987 1619 1048 1670 Εἰ
1073 1618 1130 1670 δὲ
1157 1619 1429 1688 τιμωρίαν
1453 1619 1544 1671 ἐπὶ
1569 1618 1781 1681 τούτοις
1797 1620 1966 1672 ἀπαιο

385 1709 519 1770 τετς.
559 1709 632 1777 μὴ
670 1709 902 1778 βράδυνε
925 1726 938 1738 °
967 1710 1028 1762 οὑ
1054 1711 1162 1780 γὰρ
1193 1711 1281 1763 διὰ
1311 1710 1407 1780 τὴν
1435 1711 1802 1783 νομιζομένην
1831 1713 1964 1782 παρ’

391 1799 518 1866 ὑμῖν
580 1798 891 1868 βαρυτάτην
959 1801 1190 1869 βάσανον
1228 1802 1556 1872 φυλάξομαι,
1616 1802 1750 1856 ἀλλὰ
1787 1805 1963 1856 πάντα
1992 1823 2040 1882 Β

389 1890 686 1956 ὑπομένειν
741 1891 974 1958 ἑτοίμως
1021 1891 1151 1961 ἔχω,
1206 1893 1347 1963 ὑπὲρ
1373 1893 1466 1945 τοῦ
1500 1895 1574 1964 μή
1631 1912 1752 1948 τινα
1777 1894 1961 1949 δοῦναι

393 1979 516 2042 καθ’
549 1980 704 2048 ἡμῶν
734 1980 811 2048 τῷ
845 1980 1077 2050 διαϐόλῳ
1110 1981 1312 2053 χώραν.
1345 1983 1408 2036 Ei
1464 1983 1520 2036 δὲ
1553 1984 1627 2052 μὴ
1671 1985 1868 2047 πάντες
1895 1985 1965 2038 τά

392 2073 530 2125 αὐτὰ
556 2073 843 2140 φρονοῦσιν
897 2077 1050 2143 ἡμῖν,
1097 2076 1352 2145 ζήσονται
1403 2076 1499 2145 τὴν
1539 2077 1796 2147 τοιαύτην
1819 2077 1965 2148 ζωὴν

394 2165 584 2232 μόνην.
621 2163 683 2216 ἸΙ
717 2165 825 2234 γάρ
859 2165 1128 2233 μέλλουσα
1163 2167 1276 2236 ζωὴ
1310 2167 1398 2219 διὰ
1427 2168 1533 2220 τῶν
1570 2171 1827 2223 τοιούτων
1850 2169 1963 2223 θλί-

387 2253 534 2323 ψεων
563 2257 931 2323 περιποιεῖται
958 2272 972 2285 °
1004 2256 1176 2318 οὕτως
1205 2258 1313 2328 γὰρ
1340 2259 1371 2326 ἡ
1402 2259 1592 2328 Γραφὴ
1645 2259 1814 2328 λέγει,
1847 2281 1967 2318 στε-

391 2346 490 2414 νὴν
535 2342 674 2399 εἶναι
707 2348 798 2399 καὶ⁵
832 2347 1201 2419 τεθλιμμένην
1235 2353 1334 2422 τὴν
1367 2353 1482 2406 ὁδον
1522 2354 1619 2424 τὴν
1643 2358 1966 2426 ἀπάγουσαν

391 2439 470 2498 είς
500 2437 596 2507 τὴν
623 2439 838 2492 αίὼνιον
861 2439 1028 2510 ζωήν.
1061 2442 1120 2494 '0
1144 2444 1443 2514 ἐπίτροπος
1471 2441 1624 2500 εἶπεν
1644 2466 1656 2478 ·
1693 2450 1755 2503 El
1783 2451 1965 2504 τοίνυν

390 2529 553 2592 αὐτὸς
597 2531 898 2599 ὁμολογεῖς,
938 2534 1133 2605 στενὴν
1164 2532 1304 2590 εἶναι
1349 2538 1442 2592 καὶ
1466 2540 1834 2612 τεθλιμμένην
1865 2544 1966 2616 τὴν

392 2620 521 2688 παρ’
551 2622 679 2688 ὑμῖν
737 2623 874 2690 ὁδὸν,
910 2625 1001 2678 ἐπὶ
1035 2627 1134 2697 τὴν
1184 2629 1461 2700 ἡμετέραν
1511 2631 1680 2686 οὖσαν
1705 2634 1967 2691 πλατεῖαν

393 2711 486 2763 καὶ
514 2709 762 2780 βελτίονα
805 2715 1130 2784 μετάστηθι.
1177 2719 1233 2771 Ὁ
1262 2719 1418 2786 ἅγιος
1456 2724 1609 2777 Λέων
1637 2719 1822 2778 εἶπεν·
1855 2730 1968 2801 Οὐχ

391 2802 564 2866 οὕτως
607 2804 744 2872 ἔφην
779 2803 919 2859 εἶναι
963 2808 1155 2880 στενὴν
1187 2812 1262 2874 ὡς
1320 2814 1394 2884 μὴ
1435 2820 1632 2885 χωρεῖν
1663 2822 1788 2883 τοὺς
1815 2822 1968 2892 βαδί-

393 2895 586 2958 ζοντας
606 2911 620 2926 ·
658 2897 844 2950 πολλοὶ¹
894 2899 1002 2972 γὰρ
1026 2901 1117 2953 ἐπὶ
1149 2905 1355 2975 ταύτην
1384 2908 1480 2977 τὴν
1504 2913 1796 2984 καλλίστην
1848 2917 1968 2971 ὁδὸν

392 2989 694 3058 ἐπέϐησαν,
729 2991 864 3044 άλλά
897 2993 1059 3063 στενὴ
1107 2996 1346 3064 εἴρηται,
1373 2999 1496 3068 ἣτις
1527 3003 1664 3070 μετά
1698 3021 1966 3076 στενοχω-

395 3081 538 3150 ρίας,
587 3084 680 3136 καὶ
730 3085 983 3154 θλίψεως,
1011 3088 1106 3140 καὶ
1152 3089 1422 3160 ἀνάγκης,
1469 3094 1564 3147 καὶ
1598 3095 1842 3166 διωγμοῦ
1871 3102 1965 3154 τοῦ

393 3174 536 3244 ὑπὲρ
562 3176 910 3250 δικαιοσύνης
947 3183 1060 3244 τοῖς
1087 3180 1232 3234 οὕτω
1264 3185 1713 3255 προστιθεμένοις
1747 3191 1966 3259 βαδίζε-

389 3283 478 3320 ται
505 3283 520 3300 ο
560 3271 672 3332 τοῖς
700 3271 810 3340 γὰρ
835 3275 1292 3343 προαιρουμένοις
1335 3275 1509 3330 ταῦτα
1537 3280 1568 3349 ἡ
1616 3281 1798 3347 πίστις
1828 3285 1965 3338 πλα-

389 3359 595 3430 τυτάτη
631 3361 906 3430 όδηγοῦσα
945 3367 1000 3416 ἐν
1024 3368 1144 3429 ταῖς
1168 3366 1327 3431 ίδίαις
1356 3372 1580 3440 ἀρεταῖς
1602 3389 1614 3403 ·
1647 3376 1763 3438 πῶς
1782 3376 1840 3429 δὲ
1869 3379 1968 3432 οὐκ

389 3453 458 3507 ἂν
485 3456 762 3528 ἀποφήνῃ,
817 3461 917 3528 τὴν
949 3460 1049 3529 μὲν
1084 3464 1216 3532 παρ’
1272 3465 1409 3534 ἡμῖν
1434 3466 1742 3540 λεγομένην
1776 3472 1968 3544 στενὴν

392 3548 510 3601 ὁδὸν
541 3549 892 3623 πλατυτάτην
917 3557 998 3617 είς
1046 3558 1321 3628 σωτηρίαν
1373 3555 1550 3629 εἷναι;
1587 3564 1774 3631 μαθὼν
1804 3565 1879 3628 ὠς
1905 3568 1970 3620 ὲκ

394 3640 632 3703 πίστεως
682 3642 802 3706 ἑνὸς
878 3648 1222 3715 προπάτορος
1281 3650 1536 3720 Ἀϐραάμ
1593 3655 1968 3725 ἀναρίθμητον

394 3731 598 3800 πλῆθος
632 3735 690 3786 ὲν
726 3735 907 3788 πίστει
943 3736 1269 3800 δικαιοῦται,
1313 3741 1726 3811 ἀναπαυόμενον
1755 3746 1812 3798 ὲν
1857 3749 1972 3811 τοῖς

394 3824 616 3888 κόλποις
640 3826 806 3878 αὐτοῦ
832 3842 846 3857 ·
875 3826 974 3898 τὴν
1001 3829 1056 3881 δὲ
1085 3830 1216 3901 παρ’
1249 3832 1277 3883 ὑ
1287 3835 1378 3899 μίν
1408 3834 1668 3888 πλατεῖαν
1703 3837 1821 3890 ὁδον
1846 3855 1969 3890 στε-

393 3914 490 3986 νὴν
526 3911 668 3969 εἶναι
699 3919 840 3971 κατὰ
889 3921 1150 3974 ἀπιστίαν
1198 3923 1294 3975 καί¹
1322 3924 1520 3996 ἀληθὲς
1543 3928 1734 3981 τοῦτο·
1769 3931 1824 3982 αί
1858 3930 1970 4003 γάρ

393 4008 588 4076 ἀρεταὶ
646 4010 901 4082 διαφοραὶ
953 4015 1047 4067 καὶ
1095 4016 1346 4070 πλατεῖαι
1402 4023 1800 4090 τυγχάνουσαι,
1855 4027 1969 4091 τοῖς

393 4097 644 4169 ἀπείροις
676 4105 862 4155 στεναὶ
895 4107 992 4156 καὶ
1026 4105 1219 4159 ἀϐατοι
1245 4108 1674 4182 καθεστήκασιν.

460 4189 534 4245 Z'.
567 4192 799 4246 Πλείονα
831 4192 926 4249 οὖν
956 4197 1341 4268 διαλεγομένου
1375 4200 1466 4254 τοῦ
1525 4204 1680 4271 ἁγίου
1741 4207 1969 4271 Λέοντος

393 4284 487 4336 καὶ
539 4284 777 4354 ἰσχυρῶς
831 4291 1224 4360 συνισταμένου
1257 4292 1334 4363 τῷ
1377 4295 1503 4364 περί
1534 4297 1966 4369 Χριστιανισμοῦ

391 4375 554 4447 λόγῳ,
581 4377 641 4429 τὸ
663 4378 774 4432 τῶν
803 4379 980 4433 ἀθέων
1020 4383 1290 4437 Ἰουδαίων
1312 4403 1371 4438 τε
1399 4389 1492 4441 καί
1530 4389 1807 4459 Ἑλλήνιον
1832 4393 1968 4464 πλῆ-

2058 595 2150 633 ees
2177 579 2241 632 de
2272 577 2713 632 Cltristiauismo.
2745 577 2855 630 Diis
2896 586 3075 630 autem
3122 575 3319 642 gratia,
3379 575 3468 643 qui
3525 591 3632 628 non

2061 671 2305 734 siverunt
2342 679 2393 723 te
2423 669 2610 730 latere,
2644 683 2766 722 cum
2799 670 2912 721 haec
2941 682 3105 720 ausus
3141 667 3330 720 fueris.
3363 667 3470 719 Aut
3503 682 3632 733 ergo

2062 776 2298 829 agnusve
2356 761 2506 822 deos,
2541 771 2597 812 et
2623 758 2783 826 imple
2830 773 3018 812 eorum
3075 773 3252 819 sacra,
3305 774 3492 810 eorum
3541 757 3631 824 qui

2063 854 2281 914 adsunt,
2339 866 2536 919 parcus
2591 849 2871 902 sententia
2902 867 2915 902 :
2951 859 3041 901 aut
3093 849 3158 901 da
3214 863 3397 915 pinnas
3421 863 3636 913 eorum,

2062 955 2185 1010 quae
2218 954 2384 992 ausus
2409 954 2467 991 es
2497 937 2803 998 admittere,

2135 1048 2199 1102 Vl
2254 1049 2334 1104 Ad
2379 1049 2492 1102 ltzec
2533 1049 2668 1101 dixit
2718 1057 2926 1118 martyr
2958 1067 2970 1101 :
3001 1046 3130 1100 Mihi
3181 1048 3396 1116 quidem
3450 1047 3641 1103 fuisset

2058 1139 2384 1211 jucundum,
2423 1140 2628 1193 nullum
2685 1139 2776 1194 hic
2809 1155 2931 1194 esse
2981 1139 3190 1206 lapsum
3244 1155 3273 1192 a
3308 1141 3516 1193 crelesti
3547 1156 3640 1194 co-

2063 1232 2308 1302 gnitione
2332 1247 2438 1286 non
2469 1231 2640 1285 solum
2666 1239 2876 1284 tantam
2906 1231 3334 1284 multitudinem.
3366 1230 3635 1296 QttOninm

2064 1332 2240 1377 autem
2277 1323 2433 1377 video
2470 1323 2668 1376 multos
2698 1321 2859 1390 impie
2896 1321 3203 1382 insaniisse,
3247 1337 3316 1374 ne
3370 1331 3525 1388 putes
3555 1335 3643 1374 me

2064 1429 2184 1470 esse
2215 1430 2378 1469 unum
2416 1429 2480 1468 ex
2513 1415 2596 1468 his
2628 1429 2751 1467 cum
2785 1412 2885 1466 sint
2918 1411 3264 1466 Christianus
3287 1413 3310 1464 Ἰ
3333 1411 3444 1480 Ego
3471 1412 3637 1476 enim,

2063 1507 2155 1577 qui
2191 1508 2336 1560 intus
2397 1505 2570 1559 habeo
2616 1515 2881 1574 praecepta
2937 1501 3256 1572 apostolica,
3313 1503 3394 1556 his
3425 1516 3549 1555 utar
3576 1503 3642 1555 ad

2064 1597 2450 1652 obedientiam.
2489 1593 2586 1650 Sin
2641 1607 2822 1649 autem
2852 1607 3073 1664 propter
3110 1595 3224 1648 haec
3274 1609 3460 1663 pot-uas
3496 1611 3525 1647 a
3560 1608 3645 1647 me

2067 1690 2262 1758 exigis,
2298 1704 2365 1742 ne
2394 1687 2633 1741 diﬂeras.
2668 1688 2781 1741 Non
2825 1689 2968 1741 enim
3035 1695 3256 1756 propter
3289 1698 3641 1751 tormentum,

2067 1778 2210 1850 quod
2253 1795 2280 1832 a
2337 1779 2487 1832 vobis
2542 1778 2886 1832 existimatur
2930 1775 3331 1844 gravissimum,
3388 1775 3642 1828 cavebo:

2068 1871 2163 1926 Sed
2189 1869 2371 1925 omnia
2396 1885 2512 1922 sum
2551 1879 2775 1937 paratus
2819 1868 3113 1930 sustinere,
3153 1880 3220 1918 ne
3253 1867 3374 1934 quis
3404 1867 3494 1918 det
3528 1865 3644 1917 dia-

2071 1961 2193 2016 bolo
2222 1961 2273 2015 in
2312 1975 2409 2015 nos
2443 1960 2620 2015 locum
2656 1960 2913 2029 aliquem.
2955 1959 3049 2011 Sin
3103 1972 3231 2012 vero
3277 1973 3384 2011 non
3455 1971 3644 2009 omnes

2071 2052 2261 2107 eadem
2301 2067 2420 2121 qua:
2444 2067 2542 2106 nos
2565 2054 2827 2116 sentiunt,
2859 2051 2971 2104 haec
3003 2049 3118 2104 sola
3153 2050 3262 2103 vita
3300 2050 3502 2102 vivent.
3542 2047 3646 2100 Fu-

2069 2155 2188 2200 tura
2257 2150 2400 2200 cnim
2432 2147 2538 2200 vita
2573 2146 2872 2216 acquiritur
2905 2161 2998 2214 per
3026 2146 3124 2200 Itas
3179 2142 3519 2198 aﬂlictiones.
3555 2143 3646 2197 Sic

2068 2235 2214 2289 enim
2243 2235 2378 2288 dicit
2403 2235 2682 2302 Scriptura
2719 2237 2761 2301 ',
2787 2243 2993 2287 arctam
3025 2246 3146 2288 esse
3177 2233 3319 2285 viam
3351 2245 3471 2300 quae
3497 2232 3647 2286 ducit

2069 2329 2133 2383 ad
2165 2329 2329 2383 vitam
2380 2339 2662 2383 teternam.
2714 2329 2860 2382 Dixit
2915 2327 3209 2397 praefectus
3249 2326 3351 2380 :Si
3413 2335 3465 2377 tu
3520 2338 3650 2391 ergo

2069 2415 2348 2472 conﬁteris
2371 2426 2575 2471 arctam
2600 2432 2720 2472 esse
2741 2418 2907 2482 viam,
2927 2432 3048 2486 quae
3067 2425 3150 2472 est
3168 2417 3307 2486 apud
3333 2430 3451 2480 vos,
3481 2413 3649 2468 transi

2070 2507 2136 2561 ad
2192 2515 2459 2570 nostram,
2515 2523 2634 2578 qua:
2666 2518 2750 2564 est
2802 2508 2906 2563 lata
2937 2517 2992 2564 et
3042 2508 3255 2563 melior.
3288 2507 3430 2561 Dixit
3470 2517 3647 2561 autem

2068 2605 2288 2652 sanctus
2324 2597 2482 2652 :Non
2525 2613 2643 2652 eam
2707 2598 2816 2652 dixi
2851 2612 2974 2651 esse
3022 2599 3156 2652 adeo
3207 2607 3412 2652 arctam
3461 2606 3516 2649 ut
3546 2611 3650 2650 non

2070 2689 2245 2758 capiat
2275 2705 2371 2744 eos
2398 2689 2488 2758 qui
2519 2689 2606 2742 illa
2633 2671 3031 2758 ingrediuntur.
3054 2687 3203 2742 Multi
3228 2689 3371 2742 enim
3400 2687 3653 2758 pulcher-

2071 2782 2261 2835 rimam
2294 2782 2434 2835 hanc
2463 2781 2603 2835 viam
2628 2791 2752 2834 sunt
2788 2779 3043 2849 ingressi.
3091 2779 3196 2833 Sed
3247 2779 3388 2832 dicta
3437 2770 3521 2832 est
3553 2794 3651 2831 an.

2068 2881 2384 2941 gusta;quze
2417 2887 2541 2926 cum
2583 2870 2895 2933 aluit-tione,
2927 2871 3173 2940 angustia
3213 2879 3267 2924 et
3313 2871 3646 2925 necessitate

2068 2972 2122 3016 et
2155 2977 2252 3029 pro
2279 2959 2487 3028 justitia
2520 2960 2898 3029 persecutione
2929 2960 3098 3014 initur
3123 2959 3190 3014 ab
3210 2960 3277 3014 iis
3305 2960 3396 3029 qui
3433 2959 3499 3014 ad
3526 2975 3648 3012 eam

2071 3049 2358 3103 accedunt.
2397 3049 2468 3102 lis
2491 3063 2619 3103 vero
2643 3048 2732 3113 qui
2771 3063 2890 3104 eam
2915 3063 3010 3102 sua
3067 3055 3262 3116 sponte
3321 3048 3648 3116 suscipiunt,

1996 3157 2038 3215 ο
2074 3140 2206 3195 ﬁdes
2242 3149 2324 3195 est
2351 3140 2643 3206 latissima,
2677 3141 2952 3196 deducens
2995 3140 3061 3194 ad
3113 3140 3362 3210 proprias
3397 3140 3645 3193 virtutes.

2071 3231 2177 3285 Cur
2206 3246 2310 3284 non
2340 3237 2520 3284 autem
2555 3231 2894 3299 pronuntias.
2921 3231 3064 3285 viam
3091 3229 3332 3298 quidem,
3365 3245 3485 3297 quat
3509 3228 3648 3298 apud

2074 3338 2170 3377 nos
2203 3322 2400 3377 dicitur
2443 3335 2697 3393 angusta,
2737 3340 2858 3380 esse
2890 3325 3212 3380 latissimam
3253 3326 3320 3378 ad
3361 3325 3593 3380 salutem
3635 3343 3648 3378 :

2073 3428 2195 3468 cum
2222 3413 2477 3468 didiceris
2502 3416 2643 3482 quod
2696 3431 2760 3469 ex
2809 3417 2914 3470 fide
2965 3417 3122 3470 unius
3179 3417 3425 3486 parentis
3483 3415 3654 3468 nostri

2075 3504 2303 3558 Abraha:
2334 3504 2622 3560 multitudo
2643 3507 3057 3563 innumerabilis
3081 3507 3414 3574 justificatur
3437 3511 3489 3562 in
3517 3508 3644 3572 (ide,

2076 3597 2423 3665 requiescens
2476 3597 2530 3650 in
2558 3597 2675 3666 ejus
2707 3599 2830 3653 sinu
2859 3617 2872 3653 :
2910 3601 3052 3653 viam
3096 3615 3224 3654 vero
3250 3614 3369 3668 qua:
3401 3607 3487 3654 est
3513 3602 3654 3668 apud

2077 3702 2172 3742 vos
2205 3686 2336 3752 lata,
2385 3702 2508 3742 esse
2555 3697 2839 3756 angustam
2893 3705 2990 3758 per
3053 3689 3654 3745 incredulitatemirjst

2072 3787 2252 3832 autem
2291 3780 2392 3832 hoc
2427 3794 2630 3834 verum.
2659 3779 2904 3837 Virtutes
2939 3782 3106 3845 enim,
3134 3798 3257 3837 eum
3287 3783 3397 3836 sint
3426 3782 3654 3837 diversae

2072 3877 2128 3923 et
2167 3868 2309 3936 latae,
2345 3879 2472 3925 sunt
2507 3871 2776 3940 imperitis
2827 3883 2992 3929 arcta
3023 3884 3080 3928 et
3114 3875 3428 3928 inaccessm.

2144 4235 2256 4289 VII.
2289 4235 2414 4291 Haec
2458 4250 2588 4306 ergo
2635 4243 2690 4290 et
2745 4234 2830 4290 bis
2893 4237 3047 4305 plura
3115 4248 3308 4293 sancto
3359 4237 3656 4295 disserente

2073 4323 2275 4391 Leone,
2302 4336 2356 4381 et
2406 4325 2808 4381 Cbristianismi
2866 4328 3128 4382 rationem
3186 4338 3406 4384 strenue
3454 4332 3658 4384 contir-

2074 4425 2278 4480 mante,
2305 4415 2593 4487 impiorum
2621 4413 2929 4470 Iudaeorum
2965 4423 3020 4470 et
3048 4416 3334 4486 gentilium
3380 4417 3656 4472 exclama-

506 4469 726 4533 ἀνεϐόα,
761 4469 948 4534 ἀξιοῦν
981 4473 1056 4543 μὴ
1086 4481 1390 4547 συγχωρεῖν
1438 4480 1601 4535 αὐτὸν
1641 4483 1821 4536 λαλεῖν
1868 4487 1968 4541 ὅσα

2077 4506 2154 4559 vit
2189 4469 2503 4573 multitudo,
2535 4519 2734 4574 rogans
2765 4517 2833 4559 ne
2879 4505 2928 4558 ei
2974 4469 3296 4560 concederet
3341 4507 3484 4574 loqui
3533 4521 3658 4576 quae

392 4558 668 4627 βούλεται.
709 4562 768 4615 '0
796 4561 890 4615 οὖν
925 4564 1220 4635 ἐπίτροπος
1257 4569 1392 4635 πρὸς
1421 4572 1492 4624 τά
1520 4573 1670 4643 παρά
1716 4575 1808 4628 τοῦ
1834 4576 1971 4648 πλή-

393 4651 518 4716 θους
547 4655 816 4725 εἰρημένα
867 4659 1064 4729 φησίν*
1134 4661 1276 4730 Ἐγὼ
1325 4663 1418 4716 καὶ
1450 4665 1610 4736 λόγου
1659 4669 1971 4740 παρρησίαν

391 4746 530 4808 τέως
563 4749 902 4821 μεταδίδωμι
945 4753 1040 4805 καὶ
1072 4754 1260 4827 κοινὴν
1306 4757 1492 4826 φιλίαν
1530 4759 1838 4832 πειθομένῳ
1860 4765 1971 4824 τοῖς

393 4840 538 4904 θεοῖς
557 4841 952 4914 ὑπισχνοῦμαι.
995 4846 1054 4899 '0
1083 4847 1142 4901 δὲ
1190 4847 1344 4916 ἆγιός
1375 4867 1543 4922 φησιν
1563 4869 1578 4884 ο
1621 4853 1682 4906 Εἰ
1715 4855 1814 4922 μὲν
1845 4856 1970 4910 ἑπι-

391 4931 618 5004 λέλησαι
649 4934 759 4987 τῶν
787 4935 938 5005 ἐμῶν
969 4935 1166 5007 λόγων,
1196 4940 1480 5012 ὲπίτροπε,
1517 4945 1698 5008 καλῶς
1727 4950 1821 5000 καὶ
1849 4948 1969 5001 δεύ-

391 5042 554 5096 τερον
605 5029 845 5099 ἐρωτᾷςο
902 5033 950 5083 εί
986 5031 1042 5084 δὲ
1076 5035 1376 5104 μέμνησαι,
1433 5037 1543 5091 ῖσθι
1588 5040 1662 5102 ὼς
1709 5041 1809 5094 οὐκ
1853 5041 1970 5095 ἔστι

393 5121 617 5175 δυνατὸν
645 5125 754 5186 τοῖς
803 5122 964 5191 φύσει
1007 5124 1082 5195 μὴ
1113 5122 1235 5179 οὖσι
1267 5127 1409 5191 θεοῖς
1439 5131 1804 5185 συντίθεσθαι.
1845 5134 1970 5203 Ὀρ-

395 5213 560 5280 γίλως
581 5212 674 5266 οὖν
695 5213 962 5278 διατεθεὶς
985 5217 1114 5284 περὶ
1139 5217 1267 5279 τοὺς
1289 5217 1505 5286 λόγους,
1537 5219 1749 5274 κελεύει
1779 5221 1974 5288 μαστί-

343 5305 353 5321 '
399 5307 585 5372 ζεσθαι
616 5309 676 5360 το
695 5307 873 5376 τίμιον
910 5307 1070 5379 σῶμα
1093 5309 1188 5362 τοῦ
1222 5309 1532 5381 μάρτυροςο
1556 5313 1632 5377 ὡς
1663 5314 1720 5366 δὲ
1751 5316 1810 5368 τὸ
1835 5315 1972 5384 πλῆ-

397 5401 486 5462 θος
511 5400 616 5451 τῶν
648 5401 872 5470 πληγῶν
907 5401 1048 5472 ὑπὲρ
1082 5401 1317 5472 ἀριθμὸν
1362 5399 1430 5474 ἦν
1459 5404 1491 5475 ἢ
1521 5405 1665 5458 κατὰ
1694 5406 1972 5476 ὑπομονὴν

399 5491 648 5558 σώματος
677 5489 1042 5560 ἀνθρωπίνου,
1079 5492 1107 5544 ό
1157 5495 1540 5561 γενναιότατος
1593 5495 1831 5569 ἀθλητὴς
1879 5499 1970 5552 τοῦ

399 5584 635 5652 Χριστοῦ
659 5586 796 5652 πρὸς
819 5587 972 5640 οὐδὲν
1004 5586 1112 5640 τῶν
1144 5590 1535 5659 πραττομένων
1567 5589 1832 5644 διετίθετο
1853 5594 1971 5646 οὐδὲ

397 5671 499 5734 ἕως
529 5676 865 5744 βραχυτάτου
894 5678 1197 5748 στεναγμοῦ
1238 5679 1611 5750 φθεγξάμενος
1635 5699 1649 5711 ο
1680 5679 1822 5751 εἶχεν
1863 5684 1970 5754 γάρ

452 5801 468 5828 ³
499 5797 682 5851 .llat'lt.
719 5817 808 5858 vn.
847 5802 929 5853 ll.

2075 4599 2257 4654 vellet.
2292 4597 2433 4653 Dicit
2463 4607 2643 4653 autem
2675 4604 2998 4666 procurator
3025 4597 3092 4650 ad
3114 4611 3174 4651 ea
3203 4611 3322 4666 quae
3359 4597 3500 4652 dicta
3525 4606 3656 4652 sunt

2074 4707 2102 4745 a
2138 4691 2481 4746 multitudine
2517 4690 2671 4759 :Ego
2703 4704 2846 4744 nunc
2875 4689 2922 4743 ei
2943 4688 3010 4743 do
3047 4698 3366 4758 potestatem
3394 4691 3651 4760 loquendi

2075 4782 2262 4846 libere,
2303 4791 2353 4837 et
2388 4795 2735 4836 communem
2787 4779 3084 4834 amicitiam
3144 4781 3420 4850 polliceor,
3453 4783 3497 4836 si
3550 4784 3656 4838 diis

2072 4879 2279 4941 pareat.
2335 4870 2476 4923 Dixit
2513 4877 2691 4922 autem
2729 4866 2788 4924 S.
2834 4868 2941 4923 Leo
2979 4886 2992 4922 :
3026 4867 3081 4924 Si
3121 4885 3365 4924 meorum
3430 4870 3651 4941 quidem
3705 4927 3716 4972 Ι

2075 4961 2363 5016 verborum
2409 4959 2608 5015 oblitus
2665 4973 2746 5024 es,
2783 4975 2816 5015 ο
2861 4969 3202 5029 procurator,
3261 4969 3406 5014 recte
3457 4977 3648 5016 rursus
3700 4983 3705 5024 ς

2076 5051 2397 5119 interrogas.
2429 5051 2486 5105 Si
2520 5065 2647 5106 vero
2670 5051 3144 5118 meministi,scias
3173 5051 3286 5104 ﬁeri
3320 5067 3422 5105 nou
3461 5067 3644 5120 posse,
3695 5077 3702 5112 ι

2074 5154 2130 5197 ut
2155 5143 2420 5195 assentiar
2485 5140 2798 5196 adorandos
2831 5157 2954 5196 esse
3017 5142 3169 5206 deos,
3212 5142 3302 5210 qui
3349 5158 3455 5196 non
3515 5153 3649 5198 sunt
3689 5143 3695 5223 ς

2076 5245 2290 5288 natura.
2327 5233 2479 5287 Tunc
2506 5234 2587 5288 Itis
2606 5233 2786 5287 verbis
2810 5233 2890 5286 ira
2916 5241 3116 5299 motus,
3135 5232 3288 5302 jubet
3313 5234 3444 5289 caedi
3469 5235 3652 5304 ﬂagris

2074 5325 2439 5378 venerandum
2475 5339 2673 5395 corpus
2705 5325 2982 5396 martyris.
3010 5325 3142 5380 Cum
3171 5335 3352 5381 autem
3405 5326 3651 5380 multitu-

2073 5415 2142 5470 do
2174 5415 2452 5486 plagarqu
2480 5425 2625 5470 esset
2677 5415 3110 5482 innumerabilis,
3169 5426 3223 5471 et
3274 5418 3445 5484 major
3491 5433 3651 5486 quam

2076 5517 2132 5558 ut
2161 5509 2212 5561 id
2238 5509 2509 5562 sustinere
2548 5518 2731 5578 posset
2766 5508 3061 5562 humanum
3092 5523 3307 5579 corpus,
3330 5509 3654 5564 fortissimus

2075 5598 2272 5652 athleta
2305 5599 2508 5655 Christi
2552 5598 2682 5665 Leu,
2717 5600 2864 5654 nulla
2907 5615 2973 5655 ex
3006 5601 3070 5655 iis
3101 5616 3221 5669 qua:
3249 5601 3469 5666 liebant,
3493 5602 3646 5669 quid-

2075 5705 2233 5756 quam
2264 5688 2614 5758 adiciebatur,
2647 5707 2712 5746 ne
2775 5691 3060 5746 minimum
3117 5692 3332 5762 quidem
3385 5691 3647 5748 etnittens
