4160 6304
495 291 669 383 μεθ’
1721 319 2003 380 MENSIS
2042 318 2557 382 FEBBUARIUS.
3626 317 3766 382 1460

488 434 807 503 suspirium,
835 440 1002 488 totam
1025 433 1167 488 enim
1203 441 1440 488 mentem
1471 447 1626 488 suam
1655 442 1710 489 et
1741 434 2070 489 desiderium
2107 441 2131 495 Α

2116 441 2146 495 Α
2176 435 2267 486 τὸν
2293 434 2458 488 πόθον
2486 434 2624 501 πρὸς
2657 433 2747 487 τὸν
2781 433 3012 505 Κύριον.
3045 428 3216 488 Εἶπεν
3245 429 3340 488 οὖν
3383 435 3410 486 ὁ
3441 433 3759 504 ἐπίτροπος·

489 525 845 580 convertebat
873 527 937 577 ad
969 524 1278 578 Dominum.
1320 523 1544 577 Dicebat
1587 534 1766 579 autem
1805 539 2067 594 procura-

2179 528 2372 598 Μικρὰ
2424 527 2596 582 ταῦτα
2628 526 2698 580 τά
2723 528 3068 597 γεγενημένα
3111 543 3193 580 σοι
3223 526 3358 597 πρὸς
3391 526 3457 579 τά
3495 526 3763 596 μέλλοντα

493 627 574 671 tor
605 633 619 668 :
648 615 816 670 Parva
858 625 1006 681 sunt,
1035 631 1066 669 ο
1129 615 1261 682 Leo,
1319 616 1454 678 haec,
1485 616 1686 685 quibus
1733 615 1958 670 allectus
1987 630 2066 678 es,

2184 617 2584 690 βασανιστήρια
2608 636 2621 649 ·
2665 619 2921 688 πείσθητι
2942 619 3036 671 οὖν
3071 637 3160 688 μοι
3197 618 3295 671 καὶ
3325 619 3422 679 τάς
3468 617 3763 687 νομιζομέ-

492 715 782 771 tormenta,
811 706 853 758 si
877 706 1305 759 considerantur
1343 720 1466 758 cum
1497 706 1715 759 futuris.
1757 703 1833 758 De
1871 713 2071 758 caetero

2183 727 2280 772 νας
2339 711 2531 772 θυσίας
2581 704 2918 781 προσένεγκε
2961 711 3076 773 τοῖς
3129 709 3291 771 Θεοῖς.
3337 708 3396 761 '0
3426 710 3583 776 ἅγιος
3611 709 3765 760 Λέων

490 799 622 853 mihi
647 812 796 865 pare,
833 808 882 849 et
917 799 1021 851 diis
1067 797 1226 860 oller,
1260 813 1382 866 quae
1409 807 1538 850 sunt
1600 796 1720 867 lege
1774 797 2073 850 ccustituta

2184 795 2337 852 εἶπεν
2364 815 2374 827 ·
2423 801 2481 852 Ὀ
2515 800 2723 868 φθάσας
2748 796 2902 853 εἷπον
2937 799 3224 862 πολλάκις,
3248 801 3422 852 εἰπεῖν
3451 801 3526 853 ὀὐ
3557 816 3765 868 παραι-

491 891 780 945 sacriﬁcia.
816 889 962 943 Dixit
995 890 1052 944 S.
1090 889 1198 943 Leo
1234 909 1246 944 :
1287 888 1535 958 Ojudcx,
1579 890 1722 958 quod
1757 905 1900 958 srepe
1923 891 2074 957 prius

2181 892 2441 962 τήσομαι,
2495 894 2576 944 ὅτι
2609 892 2732 946 οὒτε
2763 893 2920 956 θεοὺς
2956 889 3094 956 οἰδα,
3133 892 3257 945 οὗτε
3288 892 3450 946 θύσαι
3481 893 3760 961 τολμήσω,

491 980 626 1045 dixi,
659 995 765 1034 non
796 981 1060 1034 recusabo
1086 996 1272 1034 rursus
1303 980 1484 1033 dicere
1514 995 1528 1033 :
1565 980 1748 1048 Neque
1799 981 1897 1034 hos
1948 979 2070 1032 novi

2183 983 2339 1046 εἰδὼς
2369 986 2438 1037 τὰ
2490 985 2888 1056 χρησιμώτατα
2921 985 3028 1038 τῶν
3075 987 3249 1054 ἁγίων
3285 986 3516 1057 Γραφῶν
3547 1000 3765 1055 παραγ-

490 1075 642 1136 deos,
686 1089 864 1138 neque
915 1089 1152 1142 unquam
1206 1071 1259 1126 in
1319 1072 1560 1126 animum
1605 1072 1858 1125 inducam
1891 1082 1947 1122 ut
1993 1071 2074 1126 eis
2183 1075 2452 1144 τέλματα.

493 1170 824 1231 sacrilicem,
854 1177 912 1220 ut
957 1168 1048 1235 qui
1089 1169 1255 1220 sciam
1301 1176 1573 1235 praecepta
1609 1181 1890 1220 sacrarum
1928 1163 2357 1235 Scripturarum.
2406 1173 2484 1225 Dii
2539 1172 2704 1237 enim,
2751 1172 2841 1241 qui
2873 1171 3070 1227 coelum
3115 1181 3170 1226 et
3220 1180 3419 1225 terram
3467 1186 3572 1223 non
3619 1169 3765 1224 fece-

496 1271 648 1323 runt,
715 1268 938 1329 pereant
964 1274 991 1311 a
1030 1257 1166 1311 facie
1205 1266 1365 1311 terra:
1390 1259 1430 1311 ³.

573 1351 703 1406 VIII.
738 1350 817 1405 Ad
853 1353 966 1403 hzcc
995 1348 1131 1402 dixit
1164 1358 1487 1416 procurator
1525 1364 1537 1401 :
1573 1348 1687 1402 Hoc
1739 1349 1912 1402 solum
1951 1350 2077 1402 dic:

2261 1357 2341 1412 ll'.
2378 1358 2520 1428 Πρὸς
2559 1357 2731 1411 ταῦτα
2771 1360 2798 1410 ὁ
2822 1357 3116 1430 ἐπίτροπος
3165 1351 3321 1408 εἶπεν
3348 1372 3362 1388 ο
3403 1357 3573 1408 Τοῦτο
3607 1356 3768 1424 μόνον

497 1442 674 1511 Magni
727 1450 855 1495 sunt
897 1440 994 1504 dii,
1021 1449 1074 1495 et
1128 1440 1450 1494 liheraberis
1487 1457 1514 1493 a
1573 1444 1880 1495 tormentis.
1913 1439 2083 1494 Pareo

2187 1450 2332 1512 εἰπὲ,
2367 1449 2450 1501 ὅτι
2481 1449 2710 1517 μεγάλοι
2735 1451 2786 1502 οἰ
2813 1449 2950 1512 θεοὶ,
2975 1449 3068 1502 καὶ
3094 1448 3440 1501 ἀπαλλάττου
3469 1466 3481 1477 ·
3512 1449 3764 1516 φείδομαι

497 1533 639 1587 enim
676 1532 801 1597 tibi,
855 1541 998 1584 tuam
1032 1530 1331 1598 respiciens
1380 1531 1658 1596 canitiem,
1693 1541 1744 1585 et
1779 1531 1942 1584 alium
1977 1531 2074 1584 ha-

2185 1542 2295 1610 γάρ
2329 1559 2421 1594 σου
2453 1543 2554 1610 τήν
2588 1559 2644 1594 τε
2676 1541 2866 1594 πολιὰν
2905 1539 3060 1602 εἰδὼς
3094 1541 3190 1593 καὶ
3221 1540 3320 1608 τὴν
3350 1539 3654 1610 προσοῦσάν
3686 1555 3767 1591 σοι

495 1624 670 1680 bitum
697 1621 969 1691 corporis.
1003 1620 1150 1674 Dixit
1182 1620 1240 1676 S.
1280 1620 1390 1675 Leo
1422 1637 1434 1674 :
1464 1619 1576 1674 Hoc
1612 1623 1726 1690 ipse
1749 1636 1966 1690 quoque
2001 1619 2084 1672 di-

2187 1633 2289 1701 τήν
2319 1649 2377 1684 τε
2419 1632 2584 1701 ἄλλην
2613 1632 2706 1684 τοῦ
2734 1630 2986 1698 σώματος
3033 1630 3388 1686 κατάστασιν.
3433 1629 3574 1697 Πρὸς
3601 1625 3769 1679 ταῦτα

498 1713 699 1773 xerim,
753 1726 846 1766 eos
891 1724 1078 1764 revera
1107 1723 1228 1763 esse
1263 1724 1488 1780 magnos
1522 1720 1576 1765 et
1617 1709 1840 1765 idoneos
1866 1711 1928 1764 ad
1961 1724 2086 1778 per-
2119 1778 2141 1790 _

2123 1778 2157 1790 _
2191 1725 2218 1777 ὁ
2253 1722 2406 1790 ἆγιος
2442 1723 2594 1776 Λέων
2619 1717 2771 1774 εἶπεν
2796 1736 2810 1750 ⁸
2875 1722 3048 1774 Τοῦτο
3104 1721 3169 1775 ἂν
3206 1721 3422 1790 εἴποιμι
3453 1720 3546 1772 καὶ
3582 1719 3766 1781 αὐτὸς,

498 1806 702 1858 denilas
731 1803 940 1856 animas
970 1801 1244 1872 quaeipsis
1272 1778 1521 1856 credunt.
1550 1801 1696 1856 Dixit
1729 1804 1807 1856 ira
1845 1803 2084 1872 percitus
2119 1778 2141 1832 Ῑ

2128 1778 2158 1832 Β
2191 1814 2265 1875 ὡς
2293 1778 2509 1881 άληθῶς
2556 1811 2782 1879 μεγάλοι
2817 1811 2909 1863 καὶ
2960 1811 3138 1862 ἱκανοὶ
3159 1808 3338 1877 ψυχας
3362 1778 3627 1860 ἀπολέσαι
3651 1807 3771 1868 ταῖς

500 1893 1071 1962 procurator:.lubeo
1129 1904 1179 1948 te
1231 1896 1374 1948 trahi
1439 1909 1533 1963 per
1584 1906 1790 1965 petras,
1826 1906 2080 1962 tanquam

2194 1903 2584 1965 πιστευούσαις
2639 1904 2844 1963 αὐτοῖς.
2913 1900 3201 1969 Θυμωθείς
3264 1895 3356 1952 οὖν
3400 1901 3427 1951 ὁ
3478 1897 3772 1966 ἐπίτροπος

501 1984 687 2039 furore
715 1993 1047 2054 correptum,
1083 1993 1134 2038 et
1167 1987 1243 2039 sic.
1267 1987 1404 2039 mori
1436 1990 1650 2040 acerbe.
1675 1985 1818 2040 Dixit
1849 1985 1906 2038 Β.
1934 1984 2081 2039 Leo:

2193 1990 2347 2048 εἶπεν
2374 2009 2386 2021 ’
2433 1993 2792 2061 Ἐλκυσθῆναί
2819 2009 2876 2045 σε
2914 1991 3237 2061 προστάττω
3264 1990 3404 2042 κατὰ
3439 1989 3656 2058 πετρῶν
3693 1987 3768 2049 ὡς

502 2079 689 2142 Quivis
759 2081 948 2132 mortis
1008 2078 1200 2132 modus
1233 2089 1314 2131 est
1364 2078 1495 2132 mihi
1548 2079 1819 2148 immndus
1866 2086 2086 2146 propter

2199 2081 2484 2152 μεμηνότα
2505 2082 2598 2133 καὶ
2624 2079 2797 2142 οὕτως
2819 2079 3096 2133 τεθνάναι.
3125 2080 3272 2133 Καὶὸ
3300 2079 3571 2148 μακάριος
3597 2076 3769 2130 Λέων.

503 2189 728 2242 regnum
761 2173 1007 2228 caeleste.
1042 2174 1172 2228 Eam
1205 2175 1348 2228 enim
1378 2188 1514 2228 voco
1539 2173 1707 2226 vitam
1742 2183 1796 2226 et
1825 2172 2082 2234 salutem,

2208 2174 2382 2242 Ἰσίμοί,
2453 2177 2636 2241 φησιν,
2697 2173 2828 2239 ἡδὺς
2879 2173 2990 2234 πᾶς
3030 2171 3261 2224 Θανάτου
3325 2172 3525 2238 τρόπος
3557 2168 3644 2220 διὰ.
3673 2169 3777 2236 τὴν

503 2280 645 2333 ηυδε,
670 2273 954 2334 postquam
980 2265 1107 2318 hinc
1134 2279 1446 2329 excessero,
1480 2264 1628 2318 dabit
1658 2263 1786 2318 mihi
1844 2275 1902 2318 ut
1926 2263 2082 2318 habi-

2195 2263 2521 2334 ἐπουράνιον
2557 2262 2868 2331 βασιλείανο
2901 2261 3106 2331 ταύτην
3147 2260 3254 2328 γὰρ
3287 2260 3434 2328 ζωὴν
3459 2259 3554 2311 καὶ
3590 2273 3766 2310 σωτν-

507 2366 614 2408 tem
664 2371 786 2410 cum
840 2357 1046 2410 sanctis
1100 2355 1451 2426 martyribus.
1494 2355 1640 2410 Dixit
1701 2366 2074 2424 procurator:

2197 2355 2321 2428 ρίαν
2353 2354 2524 2417 καλῶ,
2557 2354 2676 2424 ἥτις
2700 2353 2796 2424 τὴν
2825 2354 3136 2422 συνοίκησιν
3171 2353 3264 2422 τὴν
3295 2351 3435 2421 μετὰ
3465 2351 3574 2402 τῶν
3607 2350 3778 2418 ἁγίων

506 2446 668 2511 Pare,
698 2462 729 2498 ο
752 2446 883 2513 Leo,
911 2447 1092 2502 edicto
1124 2448 1537 2515 imperatorum,
1574 2457 1626 2500 et
1648 2448 1754 2512 dic,
1787 2447 1866 2500 Dii
1905 2461 2090 2501 serva-

2199 2447 2337 2519 μετά
2369 2445 2466 2518 τὴν
2496 2445 2821 2514 ἀπαλλαγὴν
2843 2447 2941 2514 τὴν
2975 2444 3223 2498 ἐντεῦθεν
3253 2443 3529 2514 δωρεῖται.
3572 2443 3630 2495 '0
3659 2442 3781 2496 ὲπί-

509 2549 680 2603 tores,
724 2539 983 2608 quaniam
1015 2554 1074 2592 es
1129 2540 1331 2607 alioqui
1393 2540 1502 2593 cito
1546 2539 1743 2592 acerbe
1767 2539 2086 2592 moriturus.

2197 2552 2398 2607 τροπος
2433 2533 2586 2591 εἶπεν
2608 2555 2620 2567 ⁶
2657 2537 2920 2606 Πείσθηθι
2955 2536 3032 2606 τῷ
3064 2537 3452 2603 προστάγματι
3496 2537 3592 2588 καὶ
3627 2535 3777 2601 λέγε,

509 2629 657 2682 Dixit
691 2639 867 2681 autem
901 2627 958 2682 S.
999 2627 1106 2682 Leo
1150 2627 1240 2683 :O
1288 2629 1475 2698 judex,
1545 2629 1672 2682 mihi
1727 2629 1932 2682 videris
1966 2643 2090 2683 esse

2198 2631 2280 2683 ὃτι
2312 2628 2552 2697 σωτῆρες
2580 2630 2627 2680 οἰ
2660 2627 2792 2694 θεοὶ,
2834 2626 2866 2697 ἢ
2903 2626 3009 2680 ἴσθι
3043 2625 3168 2697 παρ’
3195 2625 3336 2678 αυτά
3365 2625 3777 2693 τεθνηξόμενος.

510 2721 664 2774 valde
688 2720 1012 2781 imbecillus,
1045 2721 1135 2788 qui
1168 2721 1342 2776 solum
1371 2722 1588 2775 assidue
1620 2721 1749 2773 mihi
1781 2720 1960 2774 verbis
1987 2721 2090 2772 mi-

2210 2721 2268 2775 '0
2293 2723 2446 2784 ἆγιος
2465 2721 2614 2774 Λέων
2637 2716 2789 2772 εἶπεν
2810 2736 2822 2749 ·
2864 2718 3003 2771 Πολύ
3037 2735 3126 2786 μοι
3148 2717 3326 2779 δοκεῖς
3360 2717 3628 2779 ἀσθενεῖν,
3656 2733 3784 2768 συν-

511 2813 675 2876 t:eris,
710 2821 902 2878 prazter
937 2813 1098 2866 verba
1158 2821 1338 2866 autem
1390 2812 1524 2866 nihil
1558 2810 1748 2866 facias.
1781 2810 1914 2864 Cum
1959 2825 2091 2864 vero

2201 2815 2341 2885 εχῶς
2359 2813 2638 2885 μοιλόγοις
2654 2811 2917 2874 ἀπειλῶν,
2941 2810 3073 2880 μηδὲ
3089 2810 3144 2862 δὲ
3162 2809 3334 2877 πέρας
3351 2808 3458 2861 τῶν
3479 2809 3651 2875 λόγων
3663 2806 3783 2859 δια-

509 2911 731 2972 propter
761 2903 874 2957 haec
910 2904 1235 2958 seditionem
1278 2904 1542 2972 agitasset
1592 2904 1900 2967 multitudo,
1937 2903 2093 2956 valde

2203 2907 2601 2977 πραττόμενος.
2635 2904 3036 2964 Στασιάσαντος
3067 2903 3124 2954 δὲ
3152 2902 3245 2953 ἐπὶ
3268 2899 3480 2962 τούτοις
3515 2898 3606 2952 τοῦ
3646 2898 3785 2966 πλή-

510 2995 856 3064 perturbatus
876 3007 1222 3065 procurator,
1242 2997 1410 3066 jussit
1453 3007 1701 3050 sanctum
1727 2997 1946 3066 quidem
1972 2995 2089 3063 capi

2204 2999 2351 3062 θους,
2397 2996 2693 3066 ταραχθεὶς
2728 2997 2755 3047 ὁ
2790 2994 3109 3064 ἐπίτροπος,
3167 2991 3468 3063 ἐπέτρεψεν
3507 2991 3785 3058 λαμϐάνε-

512 3085 764 3156 pedibus,
803 3087 942 3140 trahi
973 3097 1154 3141 autem
1180 3088 1232 3142 in
1285 3097 1603 3153 torrentem,
1642 3088 1696 3140 in
1746 3103 1810 3142 eo
1846 3086 2092 3141 ultimum
2125 3132 2155 3190 ε

2145 3132 2166 3153 η
2207 3090 2328 3143 σθαι
2366 3090 2463 3159 μὲν
2511 3089 2616 3141 τῶν
2648 3087 2825 3139 ποδῶν
2867 3087 2957 3137 τὸν
2993 3084 3171 3152 ἆγιον,
3200 3083 3455 3136 ἕλκεσθαι
3479 3081 3537 3134 δὲ
3570 3082 3661 3134 ἐπὶ
3693 3081 3788 3133 τὸν

2145 3166 2167 3190 »Α
2350 3183 2359 3190 .
2385 3187 2394 3190 -
2423 3184 2434 3190 -
2593 3183 2606 3190 -
2756 3180 2767 3190 ι
2880 3181 2902 3190 -
2925 3177 2936 3190 ο
3178 3175 3191 3190 ι
3463 3174 3475 3190 ρ

515 3178 770 3231 daturum
801 3179 1150 3247 supplicium.
2126 3174 2158 3190 ν

2126 3174 2167 3190 ν
2202 3183 2558 3253 χειμάρρουν,
2591 3183 2647 3233 ὲν
2678 3180 2853 3247 τούτῳ
2876 3177 3117 3231 δώσοντα
3140 3175 3239 3246 τὴν
3272 3174 3566 3244 τιμωρίαν.

591 3269 682 3326 IX.
714 3271 848 3326 Cum
891 3273 1074 3341 itaque
1097 3275 1429 3327 sententiam
1459 3273 1866 3343 pronuntiasset
1904 3287 2100 3340 procu-

2271 3275 2545 3335 Θ¹.Εὑθὺ;
2581 3272 2673 3326 οὖν
2726 3270 3157 3340 ἀποφηναμένου
3221 3268 3316 3322 τοῦ
3359 3269 3682 3338 ἐπιτρόπου,
3735 3270 3785 3321 οἰ

516 3372 690 3424 rator,
725 3363 910 3416 statim
950 3365 1094 3417 servi
1128 3365 1339 3432 peccati
1369 3373 1423 3416 et
1481 3363 1719 3417 ministri
1752 3363 2096 3418 tenebrarum

2201 3371 2298 3435 τῆς
2321 3367 2596 3437 ἁμαρτίας
2652 3365 2890 3418 διακόνοι
2922 3358 3104 3417 εἷλκον
3129 3362 3219 3416 τὸν
3276 3363 3550 3431 μακάριον
3580 3361 3788 3412 Λέοντα

519 3456 736 3506 beatmn
768 3453 1005 3508 Leonem
1051 3465 1336 3509 traxerunt
1370 3456 1420 3509 in
1476 3465 1775 3508 torrentem
1805 3454 2099 3507 inhumane

2202 3462 2346 3514 κατά
2381 3460 2473 3513 τοῦ
2501 3459 2802 3528 χειμάρρου
2833 3457 3001 3527 ὠμῶς
3026 3456 3119 3509 καὶ
3140 3455 3386 3518 ἀνιλεῶς.
3412 3456 3599 3524 ιιεπλη
3611 3453 3788 3523 ρωμέ-

517 3557 572 3599 ct
596 3547 911 3602 crudeliter.
947 3545 1099 3601 Tunc
1125 3547 1306 3602 sciens
1349 3561 1470 3602 esse
1517 3546 1795 3615 impletum
1826 3562 1980 3598 suum
2012 3547 2102 3598 de-

2204 3571 2295 3606 νου
2345 3551 2436 3605 οὖν
2470 3550 2634 3603 αὑτοῦ
2672 3549 2765 3602 τοῦ
2825 3550 3050 3613 σκόπου,
3099 3547 3387 3608 ἀνατείνας
3434 3547 3559 3608 τοὺς
3587 3544 3786 3613 ὀφθαλ-

519 3641 803 3704 siderium,
841 3643 905 3695 ad
935 3641 1102 3695 Deum
1155 3643 1422 3697 extollens
1465 3643 1676 3707 oculos,
1711 3645 1791 3696 sic
1825 3643 1988 3709 coepit
2019 3643 2100 3694 di-

2209 3647 2348 3714 μους
2379 3643 2511 3712 πρὸς
2538 3645 2630 3695 τὸν
2655 3643 2810 3704 Θεὸν,
2847 3642 3052 3712 ἤρξατο
3079 3640 3261 3708 λέγειν
3283 3657 3297 3671 θ
3331 3639 3652 3708 Εὑχαριστῶ
3679 3655 3786 3703 σοι,

519 3748 688 3786 cere:
727 3733 954 3788 Domine
979 3731 1105 3788 Jesu
1139 3733 1376 3801 Christe,
1421 3750 1522 3801 ago
1560 3736 1652 3788 libi
1709 3734 1910 3802 gratias
1959 3748 2103 3786 nunc

2207 3739 2385 3808 Πάτερ
2416 3735 2507 3789 τοῦ
2533 3735 2800 3804 Χριστοῦ,
2831 3735 2888 3795 ὃς
2917 3735 3008 3786 ἐπί
3035 3735 3171 3786 πολὺ
3213 3733 3274 3785 οὐ
3311 3731 3651 3801 διεχώρησας
3687 3732 3788 3800 ἐμέ

519 3837 573 3880 et
621 3827 670 3878 in
731 3828 952 3892 saacala,
980 3829 1123 3896 quod
1163 3843 1249 3882 me
1289 3844 1394 3881 non
1451 3828 1542 3882 diu
1578 3827 1926 3897 separaveris
1960 3826 2101 3896 afa-

2205 3847 2264 3883 τε
2291 3831 2385 3882 καὶ
2411 3829 2499 3881 τὸν
2528 3829 2748 3895 οἰκέτην
2789 3826 2879 3879 τὸν
2915 3825 3004 3878 σὺν
3049 3825 3417 3895 [ιαρηγόριον,
3447 3823 3562 3875 ἀλλ’
3599 3825 3791 3893 ὲτάχυ-

519 3913 670 3968 ιιιιιΙο
703 3928 792 3970 ttto
825 3914 1139 3986 Paregorio,
1185 3918 1278 3972 sed
1307 3918 1436 3971 mihi
1483 3918 1724 3972 velocem
1756 3917 2099 3972 occasionem

2205 3925 2300 3985 νάς
2342 3939 2432 3992 μοι
2463 3921 2846 3989 δωρησάμενος
2893 3919 3168 3991 πρόφασιν
3198 3918 3559 3986 ἀκολουθῆσαι
3615 3915 3785 3986 αὐτῷ.

521 4007 739 4062 dederis
793 4023 915 4060 eum
964 4011 1248 4078 sequendi.
1304 4010 1482 4064 Laetor
1513 4026 1642 4076 ergo
1678 4012 1744 4065 iis
1805 4025 1925 4080 quae
1957 4011 2099 4064 facta

2206 4015 2399 4086 Χαίρω
2421 4015 2600 4067 τοίνυν
2625 4014 2716 4066 ἐπὶ
2741 4015 2852 4076 τοῖς
2879 4014 3214 4083 γενομένοις,
3241 4013 3323 4065 ὅτι
3364 4013 3484 4065 ἀντὶ
3519 4010 3626 4063 τῶν
3655 4027 3793 4079 προ-

520 4107 650 4153 snnt
689 4115 702 4152 :
747 4113 939 4167 nempe
961 4101 1102 4166 quod
1130 4116 1224 4168 pro
1248 4102 1382 4154 meis
1420 4103 1692 4170 prioribus
1728 4103 1963 4171 peccatis
2017 4116 2106 4154 no-

2206 4110 2382 4179 τέρων
2410 4125 2512 4178 μου
2544 4108 2964 4178 ἁμαρτημάτων
2996 4106 3209 4174 ἑφόδιον
3258 4104 3442 4158 ἰκανὸν
3492 4103 3791 4173 κομίζομαι

521 4205 648 4243 Irunt
677 4191 934 4245 viaticum
965 4192 1177 4260 accipio
1205 4194 1550 4263 martyrium,
1586 4204 1638 4246 et
1665 4195 1806 4261 quod
1834 4196 1886 4247 in
1911 4208 2103 4247 manus

2207 4199 2266 4252 τὸ
2306 4199 2607 4270 μαρτύριον
2629 4200 2721 4250 καί
2747 4200 2826 4250 ὅτι
2859 4201 2939 4260 εἰς
2983 4199 3174 4267 χεῖρας
3205 4196 3456 4266 ἀγγέλων
3490 4213 3580 4248 σου
3611 4212 3791 4264 παρα·-

527 4283 847 4352 angelorum
889 4292 1103 4337 tuorum
1135 4300 1315 4338 meum
1349 4286 1503 4339 trado
1552 4286 1830 4354 spiritum,
1862 4287 1913 4340 in
1948 4296 2106 4340 aeter-

2209 4292 2402 4363 τίθημι
2431 4293 2492 4344 τὸ
2526 4291 2744 4360 πνεῦμά
2780 4307 2904 4359 μου,
2941 4289 3229 4360 ἐλεύθερος
3261 4290 3341 4352 εἰς
3373 4290 3464 4341 τὸν
3495 4287 3666 4340 αἰῶνα
3693 4287 3795 4354 τῆς

523 4390 653 4426 num
718 4373 857 4427 liber
895 4376 1300 4430 conservandus
1357 4391 1388 4430 a
1449 4377 1659 4446 judicio
1706 4377 2102 4444 improborum.

2209 4385 2316 4438 τῶν
2375 4383 2594 4436 ἀτόπων
2646 4383 2881 4447 κρίσεως
2939 4381 3442 4451 φυλαχθησόμενος.
3497 4379 3658 4446 Ὑπὲι.
3699 4373 3793 4429 οὖν

524 4468 700 4536 Atque
741 4481 839 4534 pro
879 4467 945 4520 iis
976 4467 1194 4533 quidem
1230 4483 1351 4536 quae
1379 4469 1433 4521 in
1464 4483 1548 4520 me
1588 4469 1743 4532 tium,
1771 4477 1890 4522 esto
1924 4469 1991 4522 iis
2014 4469 2101 4536 qui
2131 4471 2167 4532 I

2150 4471 2186 4532 D
2212 4474 2322 4527 τῶν
2346 4473 2468 4527 κατ’
2494 4471 2594 4539 ἐμὲ
2617 4470 2914 4539 δρωμένων
2935 4469 3093 4536 γενοῦ
3137 4469 3234 4538 μὲν
3267 4467 3408 4529 ἵλεος
3437 4468 3547 4527 τοῖς
3582 4461 3793 4530 τολμῶ-

523 4559 641 4613 ausi
667 4569 794 4613 sunt
823 4561 1092 4628 propitius
1121 4579 1134 4614 :
1168 4561 1247 4616 eis
1281 4569 1459 4614 autem
1489 4560 1747 4624 concede,
1782 4571 1837 4611 ut
1861 4569 1910 4614 te
1933 4576 2105 4629 agno-

2218 4584 2302 4620 σιν
2324 4583 2338 4597 ο
2368 4565 2593 4634 χάρισαι
2623 4563 2678 4616 δὲ
2715 4565 2901 4624 αὐτοῖς
2939 4560 3241 4630 ἐπιγνῶναί
3299 4575 3358 4611 σε
3390 4559 3481 4610 τὸν
3515 4557 3623 4608 τῶν
3658 4555 3794 4608 ὅλων

524 4657 681 4701 scant
713 4647 878 4701 Demn
906 4651 1282 4703 universorum
1309 4666 1322 4702 :
1357 4649 1612 4718 quoniam
1637 4664 1741 4700 non
1766 4649 1845 4701 vis
1873 4649 2104 4718 aliquem

2215 4658 2347 4710 Θεὸν
2374 4673 2388 4688 ο
2424 4657 2488 4708 σὺ
2513 4656 2622 4726 γὰρ
2651 4649 2702 4705 εἶ
2739 4653 2955 4721 ἀληθῶς
2977 4653 3004 4704 ὁ
3039 4651 3112 4721 μὴ
3147 4649 3475 4719 βουλόμενος
3507 4646 3598 4700 τὸν
3631 4645 3795 4698 θάνα-

527 4740 730 4807 perire,
758 4740 849 4794 sed
905 4756 1095 4795 omnes
1125 4755 1248 4794 esse
1283 4741 1463 4794 salvos
1492 4748 1546 4791 et
1577 4741 1759 4793 venire
1810 4740 1874 4794 ad
1931 4741 2098 4808 potni-

2213 4766 2306 4802 τον
2353 4746 2446 4799 τοῦ
2484 4743 2841 4816 ἀμαρτωλοῦ,
2870 4743 2945 4806 t'o;
2985 4743 3083 4811 τὴν
3141 4741 3435 4810 μετάνοιαν
3462 4755 3474 4768 ο
3509 4737 3537 4791 ὃ
3569 4741 3662 4790 καὶ
3697 4734 3791 4788 τοῦ

527 4829 777 4885 tentiam.
825 4829 963 4898 Quin
1006 4833 1168 4886 etiam
1210 4831 1434 4885 cuilibet
1489 4832 1580 4899 qui
1637 4832 1853 4886 invocat
1910 4845 2106 4885 nomen

2215 4841 2421 4903 πάθους
2457 4839 2616 4909 ἡμῶν
2653 4840 2852 4893 ἄπονον
2883 4838 2978 4907 τὴν
3011 4835 3290 4905 ὑπομονὴν
3316 4833 3706 4902 χαρισάμενος,
3739 4831 3795 4882 ὲν

528 4938 729 4984 memn,
788 4925 1060 4988 condona,
1091 4923 1336 4988 Domine,
1367 4937 1462 4976 sua
1516 4931 1758 4989 peccata,
1803 4933 1857 4976 ct
1903 4923 2106 4978 colloca

2217 4932 2439 5003 Χριστῷ
2479 4931 2653 5002 Ἰησοῦ
2682 4930 2758 4998 τῷ
2789 4931 2979 4999 Κυρίῳ
3006 4928 3182 4998 ἡμῶν,
3215 4926 3333 4994 μεθ’
3362 4917 3421 4978 οὗ
3449 4924 3527 4994 τῷ
3560 4923 3732 4994 Πατρὶ
3764 4924 3796 4993 ἡ

527 5027 675 5076 cum,
699 5010 789 5065 ubi
821 5013 1001 5066 videat
1043 5013 1216 5066 lucem
1261 5011 1437 5065 vultus
1481 5014 1581 5077 tut,
1647 5013 1899 5081 quoniam
1961 5023 2015 5066 tu
2050 5027 2108 5067 es

1961 5023 2015 5066 ῑ¹¹
2050 5027 2108 5067 es
2215 5025 2342 5091 δόξα
2374 5025 2466 5076 καὶ
2504 5023 2563 5076 τὸ
2595 5024 2797 5093 κράτος
2822 5026 2900 5084 εἰς
2931 5021 3060 5084 τοὺς
3085 5020 3314 5084 αἰῶνας.
3366 5020 3562 5088 Ἀμήν.

532 5102 673 5156 Dens
712 5104 861 5157 solus
903 5105 1111 5173 patiens
1166 5114 1220 5159 et
1271 5105 1453 5159 multa:
1504 5105 1911 5168 ritisericordim,
1946 5115 1998 5159 et
2059 5116 2109 5159 te

530 5195 687 5247 decet
718 5194 892 5263 gloria
917 5196 970 5248 in
1003 5199 1197 5250 saecula
1232 5199 1578 5252 saeculorum.
1610 5199 1781 5251 Amen
1813 5198 1914 5266 (1).

605 5286 672 5339 Χ.
705 5287 994 5354 Postquam
1047 5288 1213 5343 Amen
1263 5290 1450 5344 stricta
1511 5306 1644 5343 voce
1680 5291 2111 5357 pronuntiasset,

2287 5290 2344 5340 l'.
2387 5289 2474 5350 Ὠς
2506 5289 2561 5340 δὲ
2595 5290 2675 5350 τὸ,
2726 5289 2932 5358 Ἀμὴν,
2970 5287 3108 5358 μετά
3133 5287 3336 5357 πολλῆς
3371 5285 3684 5356 προθυμίας
3711 5301 3800 5337 κε-

535 5383 784 5450 spiritunt
811 5382 1026 5436 tandem
1055 5384 1340 5455 expulsum
1375 5386 1602 5441 Domino
1626 5395 1778 5455 grato
1812 5386 1992 5438 animo
2025 5401 2113 5438 rc-

2219 5377 2439 5445 κραγὼς
2469 5378 2810 5448 ἀνέπεμψεν,
2857 5378 2974 5447 μετ’
3003 5379 3358 5450 εὐχαριστίας
3382 5377 3441 5430 τὸ
3467 5373 3684 5445 πνεῦμα
3722 5373 3798 5442 τῷ

621 5517 640 5546 ³
665 5514 774 5571 Jer.
817 5533 870 5582 κ,
918 5517 1001 5572 Η.

551 5725 587 5779 Υ
614 5657 690 5720 (t)
727 5655 1020 5777 ῗριμιιιηιίῑι
1047 5675 1216 5726 usque
1241 5659 1306 5712 ad
1338 5659 1495 5712 linem
1525 5657 1785 5713 Olltib't‘l'al
1823 5656 2091 5724 interpres
2148 5653 2288 5725 apud
2322 5652 2564 5709 Suriutn.
2601 5653 2979 5724 Supplevimus
3013 5667 3075 5708 ex
3118 5652 3567 5723 interpretatione
3614 5659 3798 5706 nostra

579 5741 703 5779 .D'T-
783 5744 906 5779 Ατῐι.

579 5741 703 5779 ,Τι’τ-
741 5741 906 5784 ΓΑΤΠ.
