4160 6414
405 326 542 394 1461

1414 323 1589 387 VITA
1629 323 1737 382 SS.
1779 320 2059 384 LEONIS
2088 324 2187 385 ET
2217 326 2675 389 PAREGORII.

3536 324 3676 392 “62

374 437 585 509 -Κυρίῳ
615 434 937 506 παρέδωκεν
961 449 975 465 ⁸
1011 436 1062 489 oi
1087 434 1144 488 δὲ
1181 436 1280 506 τῆς
1310 433 1545 504 ἀνομίας
1574 431 1847 503 ὑπηρέται
1882 431 1976 486 ἐπί

2094 435 2260 491 misit.
2289 435 2426 490 Tum
2461 436 2767 506 iniquitatis
2797 437 2938 492 servi
2987 439 3162 495 sancti
3206 438 3466 509 reliquias
3503 441 3557 495 in
3592 457 3680 495 ru-

389 545 534 591 τινος
585 526 1027 598 ἀνακομίσαντες
1079 526 1285 597 ὑψηλοῦ
1325 526 1475 580 λίθου
1501 526 1563 579 τὸ
1602 525 1857 595 λείψανον
1884 524 1982 580 τοῦ

393 621 576 687 ἁγίου,
639 617 817 681 οὕτως
875 619 1071 687 ἀφιᾶσι
1126 619 1269 672 κατὰ
1312 619 1414 688 τῆς
1477 617 1797 690 φάραγγοςο
1831 617 1893 671 τὸ
1925 617 1983 670 δὲ

396 712 560 781 σῶμα
588 708 917 780 κατενεχθὲν
948 709 1193 779 οὐδαμοῦ
1240 709 1573 782 διεσπάσθη,
1594 709 1712 765 ἀλλ’
1743 709 1776 781 ἢ
1808 707 1986 772 οὕτως

394 804 618 875 ὴρέμως
679 800 992 873 κατηνέχθη
1019 818 1031 829 ·
1079 800 1259 865 ἔδοξεν
1308 803 1365 856 δὲ
1406 804 1469 856 ἐκ
1495 803 1596 873 τῆς
1640 802 1986 876 τραχύτητος

398 897 645 966 ξέσματα
703 893 1006 965 λαμϐάνειν
1061 892 1242 961 ὀλίγα.
1325 894 1387 946 '0
1440 895 1538 965 μὲν
1599 897 1985 963 γενναιότατος

397 988 555 1040 Λέων
577 986 753 1053 τούτῳ
787 985 865 1054 τῷ
890 984 1080 1055 τρόπῳ
1111 983 1208 1037 τοῦ
1239 982 1488 1037 διαϐόλου
1538 987 1840 1057 κρατήσας,
1874 985 1985 1039 τῶν

398 1074 642 1142 ἐπαξίων
690 1076 972 1145 στεφάνων
1011 1075 1266 1145 ἠξίωται.
1316 1074 1537 1146 Ἐπειδὴ
1584 1075 1641 1129 δὲ
1682 1076 1891 1130 δίκαιον
1917 1074 1985 1148 ἦν

398 1172 498 1244 τὴν
523 1172 630 1224 τῶν
655 1172 1045 1240 γεγενημένων
1073 1169 1481 1239 μεγαλουργίαν
1510 1169 1590 1231 είς
1624 1169 1759 1222 ίδίαν
1782 1170 1987 1238 φυλάτ·

399 1264 592 1316 τεσοαι
627 1262 786 1326 δόξαν
838 1261 935 1315 καὶ
971 1261 1071 1331 τὴν
1100 1261 1212 1313 τῶν
1274 1259 1610 1332 εὐεργεσιῶν
1646 1261 1870 1332 μνήμην
1904 1264 1986 1325 είς

400 1353 625 1423 ἔλεγχον
658 1353 767 1404 τῶν
794 1350 1205 1421 γεγενημένων,
1240 1350 1406 1421 μέχρι
1440 1349 1536 1403 τοῦ
1568 1349 1666 1404 νῦν
1698 1351 1934 1415 σώζεται
1959 1352 1987 1403 ὁ

399 1445 587 1506 τόπος.
621 1443 801 1497 Ὅπου
844 1443 956 1513 γὰρ
1004 1443 1067 1495 τὸ
1103 1442 1262 1511 σῶμα
1314 1439 1623 1515 κατηνέχθη
1676 1441 1770 1495 τοῦ
1808 1440 1985 1509 ἁγίου,

403 1536 736 1606 κρημνώδης
766 1551 851 1599 τις
879 1535 975 1589 καὶ
1013 1533 1217 1598 ἄϐατος
1246 1537 1516 1605 πρότερον
1555 1532 1654 1599 ὢν,
1685 1532 1762 1597 ὡς
1797 1533 1891 1586 καὶ
1924 1534 1988 1586 ἐκ

404 1631 571 1700 μόνης
602 1628 701 1699 τῆς
727 1627 857 1692 θέας
884 1626 1134 1681 κίνδυνον
1158 1626 1423 1692 ἀπειλεῖν,
1458 1624 1553 1678 νῦν
1588 1624 1873 1687 ἀκίνδυνος
1896 1624 1991 1677 καὶ

399 1721 650 1791 ἀσφαλὴς
711 1721 808 1774 ἀπ’
863 1720 1075 1773 ἐκείνου
1135 1721 1383 1790 γέγονεν.
1437 1717 1706 1782 Πολλάκις
1748 1718 1859 1790 γὰρ
1890 1718 1990 1771 καὶ

2094 542 2215 596 pem
2251 526 2500 584 sublatas
2523 528 2729 583 exalto
2761 527 2816 582 in
2875 529 3177 585 convallem
3214 531 3558 602 deiecerunt,
3602 531 3677 586 ita

2091 630 2272 675 tamen
2304 629 2361 673 ut
2403 635 2603 690 corpus
2655 621 2851 677 leviter
2897 621 3043 676 inter
3089 622 3395 678 cadendum
3437 623 3673 687 allisnm,

2087 722 2285 767 caetero
2316 713 2541 767 illaesum
2567 713 2863 770 videretur.
2896 714 2991 771 Sic
3020 714 3151 780 Leo,
3196 714 3282 771 vir
3303 715 3676 772 nobilissimus

2089 804 2303 861 diabolo
2342 813 2622 873 superato,
2669 806 2889 861 coronis
2938 820 3075 875 quas
3117 807 3322 876 optime
3377 817 3673 874 meruerat,

2087 905 2172 952 est
2205 907 2448 953 ornatus.
2474 897 2609 965 Quia
2646 908 2827 953 autem
2855 897 2987 953 illud
3014 897 3237 962 factum,
3270 899 3414 970 quod
3444 899 3513 954 ad
3546 914 3675 968 per~

2088 998 2307 1058 peluam
2346 989 2423 1044 rei
2465 989 2786 1046 memoriam
2827 1000 3166 1055 servaretur,
3217 990 3439 1060 dignum
3504 1000 3672 1054 esset,

2090 1082 2241 1135 locus
2306 1080 2450 1144 iste,
2520 1091 2823 1149 praeruptus
2876 1089 2932 1135 et
2998 1080 3310 1136 inacccssns
3384 1088 3673 1151 antequam

2089 1173 2267 1227 sancti
2296 1188 2496 1243 corpus
2522 1174 2808 1243 tetigisset,
2842 1172 3132 1228 liodiedum
3166 1172 3308 1228 lenis
3372 1183 3428 1229 et
3449 1174 3675 1243 pervius

2091 1264 2356 1318 cernitur.
2389 1262 2544 1333 Smpe
2591 1263 2737 1318 enim
2793 1263 2992 1332 saepius
3039 1263 3141 1317 viri
3174 1263 3563 1332 mulieresque,
3584 1264 3676 1334 ju-

2093 1363 2273 1407 menta
2319 1368 2538 1423 qucque
2584 1352 2637 1408 in
2676 1354 2840 1408 istum
2870 1352 3185 1423 voraginem
3226 1355 3345 1409 sine
3371 1354 3560 1411 dolore
3586 1362 3679 1408 aut

2091 1442 2316 1498 vulnere
2343 1443 2557 1514 delapsa
2593 1446 2902 1500 referuntur
2921 1463 2935 1512 ;
2957 1446 3066 1500 imo
3093 1446 3220 1515 equi
3246 1447 3523 1516 quondam
3547 1461 3677 1501 cur-

2094 1535 2182 1591 rui
2201 1534 2374 1603 juncti
2398 1552 2520 1592 cum
2552 1551 2684 1593 casu
2716 1536 2868 1594 fatali
2888 1538 3086 1595 eodem
3116 1538 3321 1609 delapsi
3349 1549 3559 1607 essent,
3591 1540 3678 1594 in-

2097 1628 2341 1684 columes
2366 1643 2431 1683 ac
2460 1628 2595 1684 salvi
2627 1629 2752 1684 inde
2777 1638 3098 1685 evaserunt.
3127 1627 3413 1685 Postremo
3447 1629 3681 1684 fratrum

2096 1719 2470 1789 benignissitni
2492 1722 2670 1799 sancti
2692 1723 2949 1793 martyris
2965 1736 3166 1792 corpus
3184 1722 3474 1793 diligenter
3491 1727 3679 1776 sustu-

401 1815 598 1885 ἀνδρες
628 1814 721 1867 καὶ
753 1814 1011 1882 γυναῖκες
1045 1812 1141 1866 καὶ
1191 1810 1360 1883 ἕτερά
1403 1828 1529 1865 τινα
1580 1810 1696 1875 ζῶα
1754 1810 1986 1881 ἀστοχή-

2093 1810 2295 1879 lerunt,
2322 1821 2378 1866 et
2412 1812 2619 1866 vultum
2662 1812 2817 1883 quasi
2859 1814 3123 1869 ridentem
3183 1814 3432 1869 videntes
3489 1810 3679 1867 mirati

405 1923 575 1960 σαντα
624 1906 722 1976 τῆς
773 1903 897 1958 ὁδοῦ
948 1903 1069 1958 κατ’
1102 1904 1313 1959 ἐκεῖνον
1359 1902 1568 1973 ἠνέχθη
1594 1901 1688 1956 τὸν
1716 1902 1987 1974 κρημνὸν,

404 2002 497 2054 καὶ
533 2001 654 2055 οὐδὲ
681 2001 818 2070 πρὸς
847 2003 909 2053 τὸ
947 1997 1290 2069 βραχύτατον
1315 1997 1547 2069 ᾔσθοντο
1573 1998 1761 2063 πόνου,
1806 1996 1903 2050 καὶ
1929 1994 1992 2049 τὸ

401 2093 466 2163 δὴ
500 2094 756 2163 μέγιστον
805 2093 996 2164 ὅχημά
1044 2106 1176 2146 ποτε
1210 2091 1308 2144 σὺν
1364 2092 1480 2154 τοῖς
1512 2088 1734 2142 ἕλκουσι
1766 2089 1990 2154 κτήνεσι

404 2183 753 2255 κατενεχθὲν,
797 2182 1000 2246 παντὸς
1052 2182 1389 2254 ἀπείραστον
1440 2178 1689 2233 κινδύνου
1720 2177 1992 2249 διαμεμέο

404 2291 571 2345 νηκεν
625 2275 722 2329 καὶ
771 2277 801 2328 ὁ
850 2274 951 2343 μὲν
1002 2275 1168 2338 τόπος
1220 2273 1428 2345 ταύτην
1474 2268 1847 2340 ἀπεκληρὼθη
1894 2269 1995 2337 τὴν

405 2367 750 2436 εὐεργεσίαν.
806 2368 871 2420 Οἱ
902 2366 958 2421 δὲ
990 2366 1385 2420 εὐλαϐέστατοι
1430 2364 1539 2419 τῶν
1570 2361 1819 2431 ἀδελφῶν
1853 2361 1992 2430 μετά

408 2459 647 2529 σπουδῆς
678 2459 998 2530 ἀνελόμενοι
1031 2459 1093 2511 τὸ
1121 2458 1286 2529 σῶμα
1315 2456 1409 2511 τοῦ
1443 2454 1748 2526 ἁγιωτάτου
1780 2453 1992 2523 μάρτυ-

412 2564 524 2617 ρος,
550 2548 865 2621 ἐθαύμαζον
893 2549 1011 2613 πῶς
1045 2549 1106 2603 τὸ
1145 2550 1243 2621 μὲν
1294 2549 1589 2621 πρόσωπον
1637 2542 1705 2618 ἦν
1740 2545 1990 2617 φαιδρὸν,

2092 1910 2265 1968 sunt;
2293 1903 2559 1974 reliquum
2599 1920 2833 1974 namque
2860 1919 3058 1973 corpus
3091 1905 3264 1960 rubro
3291 1903 3476 1959 colore
3510 1901 3682 1959 ευσε-

2089 2003 2242 2052 ctum
2274 2005 2528 2065 tanquam
2551 2011 2583 2051 e
2607 1997 2906 2052 certamine
2923 1996 3062 2051 duro
3087 1996 3353 2066 prodiisse
3369 1996 3677 2052 videbatur.

2091 2088 2387 2158 Postquam
2442 2087 2639 2143 deinde
2696 2102 2900 2158 corpus
2947 2104 3088 2158 aqua
3140 2089 3377 2142 lavatum
3419 2087 3681 2142 decenter

2100 2180 2506 2245 inhumassent,
2577 2180 2782 2236 reversi
2833 2191 2982 2246 sunt,
3018 2179 3192 2235 Deum
3220 2193 3346 2234 cum
3381 2177 3679 2248 gratiarum

2104 2272 2413 2328 actionibus
2439 2273 2808 2344 gloriﬁcantes
2838 2283 2891 2329 et
2909 2273 3281 2344 supplicantes
3306 2279 3364 2325 ut
3388 2269 3519 2340 ipsis
3543 2282 3681 2338 quo-

2102 2379 2206 2433 qne
2241 2379 2360 2418 sors
2397 2371 2452 2418 et
2479 2365 2733 2419 ilormitio
2758 2365 2954 2421 similis
2980 2365 3335 2428 tribueretur,
3369 2365 3425 2415 in
3458 2359 3682 2415 nomine

2102 2455 2275 2511 Patris
2306 2467 2358 2510 et
2390 2455 2511 2510 Filii
2560 2466 2617 2510 et
2639 2456 2875 2526 Spiritus
2908 2457 3108 2520 sancti,
3137 2455 3226 2510 cui
3260 2454 3431 2524 gloria
3475 2461 3532 2508 et
3579 2466 3680 2522 po-

2102 2555 2270 2600 testas
2298 2547 2350 2599 in
2378 2547 2577 2602 srecula
2604 2546 2952 2603 saeculorum.
2975 2548 3171 2604 Amen.

408 2645 484 2709 ὡς
511 2645 691 2698 δοκεῖν
724 2646 972 2716 μειδιᾷν·
999 2646 1061 2699 τὸ
1089 2645 1148 2699 δὲ
1177 2644 1302 2700 ὅλον
1334 2643 1496 2716 σῶμα
1528 2643 1760 2716 ἐρυθρὸν
1791 2644 1892 2713 μὲν
1957 2641 2033 2706 ὡς
2111 2642 2221 2695 ἀπὸ
2276 2642 2490 2709 ἀγῶνος
2532 2643 2721 2714 ἠρέμα
2773 2642 3150 2713 κεκονιμένον.
3208 2641 3520 2704 Λοὺσαντες
3584 2629 3683 2692 οὖν

411 2732 566 2787 ὕδατι
623 2732 718 2786 καὶ
758 2732 879 2803 μετ’
931 2733 1256 2804 ἐπιμελείας
1309 2733 1698 2805 καταθέμενοι,
1729 2731 1986 2803 ἀπῄεσαν
2024 2731 2482 2801 εὐχαριστοῦντες
2554 2736 2652 2789 καὶ
2705 2734 3026 2803 δοξάζοντες
3091 2734 3184 2789 τὸν
3218 2733 3378 2798 Θεὸν,
3414 2731 3507 2788 τὸν
3536 2729 3684 2786 οὕτω

411 2829 675 2898 γενναίαν
699 2828 981 2901 ὑπομονὴν
1004 2829 1083 2900 τῷ
1120 2829 1402 2901 μακαρίτῃ
1452 2830 1833 2902 χαρισαμένῳ,
1874 2826 2167 2898 εὐχόμενοι
2237 2828 2441 2899 κλήρου
2500 2829 2593 2883 καὶ
2629 2829 2800 2901 μονῆς
2828 2824 2930 2903 τῆς
2980 2829 3151 2901 αὐτῆς
3174 2826 3600 2898 καταξιωθῆναι,
3623 2822 3684 2878 ὲν

411 2922 641 2991 ὀνόματι
660 2920 901 2992 Πατρὸς,
931 2922 1026 2976 καὶ
1049 2921 1205 2988 Υίοῦ,
1242 2921 1335 2975 καὶ
1371 2921 1529 2991 ἁγίου
1564 2920 1908 2993 Πνεῦματος,
1949 2912 1995 2988 ᾧ
2039 2920 2073 2992 ἡ
2111 2920 2240 2986 δόξα
2263 2923 2356 2975 καὶ
2390 2921 2451 2974 τὸ
2481 2922 2683 2993 κράτος
2742 2924 2822 2989 είς
2852 2923 2983 2989 τοὺς
3045 2922 3252 2987 αίῶνας
3300 2922 3413 2976 τῶν
3439 2919 3679 2978 αἰώνων.

422 3013 619 3085 Ἀμήν.
