4038 6206
373 419 2921 461 W

1765 673 2344 784 NOTITIA

920 993 1639 1079 SCRIPTOBUM
1724 991 2283 1079 SYMEONIS
2355 994 3201 1080 METAPHRAST/E

1263 1277 1360 1349 (Ex
1403 1276 1602 1342 Allatio.
1634 1276 1714 1335 De
1755 1282 2081 1349 Syracosium
2116 1274 2350 1348 scriptis.
2386 1274 2530 1333 Paris
2559 1276 2717 1340 1664.
2751 1278 2858 1350 ιο.)

465 1662 593 1744 124]
642 1664 761 1729 Sed
783 1658 907 1745 jam
942 1683 1037 1727 me
1062 1672 1229 1726 vocat
1268 1663 1340 1727 ad
1372 1683 1460 1739 se,
1497 1664 1666 1744 cujus
1697 1665 1787 1726 vel
1835 1660 2079 1723 soliusA
2105 1664 2220 1739 ait,
2252 1666 2445 1727 multa
2500 1664 2730 1728 addidit
2761 1682 2841 1727 ca:
2892 1668 3143 1746 proprio
3201 1668 3469 1746 ingenio,
3505 1682 3626 1727 non
3686 1672 3753 1728 at

382 1752 708 1830 gratialtac
724 1762 924 1816 nostra
939 1752 1201 1818 Diatriba
1224 1753 1494 1816 instituta
1511 1762 1598 1816 est
1620 1752 1875 1833 Symeon
1901 1752 2027 1814 Me-
2111 1767 2207 1813 res
2233 1758 2415 1833 gestae
2442 1752 2717 1832 fuerunt,
2749 1755 2856 1816 sed
2884 1761 2952 1817 ut
2977 1753 3113 1818 heri
3143 1764 3492 1836 potuerunt.

383 1841 742 1923 taphrastes,
778 1851 899 1907 tum
926 1844 1166 1918 virtute,
1201 1852 1323 1906 tum
1357 1842 1592 1924 scriptis
1621 1842 1776 1903 ultra
1814 1841 2027 1904 huma-

385 1949 531 1995 num
582 1943 819 2014 captum
851 1932 1243 2009 admirabilis,
1276 1952 1391 2014 quo
1449 1932 1537 1993 vel
1569 1932 1694 1994 solo
1726 1928 2031 1993 fraudibus

385 2018 859 2085 adversariorum
880 2031 1227 2086 corruentes
1248 2020 1530 2085 Ecclesia
1553 2030 1862 2083 structura
1882 2018 2028 2082 soli-

390 2108 609 2173 dentur
656 2119 716 2175 et
744 2115 1171 2175 sustineantur.
1223 2111 1418 2176 Pietas
1449 2111 1591 2174 tanti
1647 2110 1779 2181 viri,
1812 2111 2035 2192 scripta

390 2198 856 2281 elegantissima,
887 2201 1123 2265 labores
1149 2201 1639 2282 ingeniosissimi,
1673 2199 1887 2279 vigilia
1916 2208 2031 2260 tam

278 2372 281 2379 Ι
391 2289 591 2365 utiles,
624 2290 860 2353 animus
909 2293 1202 2368 sincerus,
1233 2309 1433 2366 verax,
1470 2288 1716 2353 mentiri
1768 2287 2029 2362 nescius,

395 2380 769 2443 stomachum
810 2381 990 2444 movit
1039 2381 1333 2444 haereticis
1367 2401 1383 2455 ;
1415 2399 1532 2442 non
1585 2378 1883 2460 patiuntur
1916 2386 2032 2438 tam

391 2478 669 2550 patenter
687 2489 794 2533 sua
818 2471 1148 2553 prastringi
1169 2489 1202 2533 a
1226 2471 1343 2550 1251
1365 2478 1521 2531 tanto
1547 2469 1834 2550 scriptore
1857 2483 2031 2528 men-

391 2556 584 2621 dacia.
623 2557 775 2631 Quid
796 2567 970 2639 ergo?
991 2559 1374 2640 Dejiciendus
1394 2567 1480 2622 est
1506 2559 1581 2621 de
1601 2561 1809 2639 gradu:
1836 2555 2032 2617 dimo-

396 2647 622 2711 vendus
648 2666 717 2710 ex
749 2648 1072 2728 dignitate:
1107 2648 1385 2711 vilescat:
1423 2648 1521 2710 ﬁat
1551 2665 1703 2708 unus
1727 2665 1796 2706 ex
1826 2644 2032 2706 trivio:

389 2736 775 2800 insimuletur
818 2737 1237 2801 inconstantia
1280 2736 1603 2812 mendacii,
1637 2733 2036 2813 negligentia,

391 2822 2036 2907 ignorantiamegeturilliingenium,studium,t‘acultas,

386 2914 815 2993 judicium.Sic
832 2916 1331 2978 hominidemitur
1361 2915 1530 2977 ﬁdes.
1565 2914 1671 2975 Ubi
1697 2912 2042 2991 incorrupta
2068 2947 2101 2997 Β

390 3002 544 3067 ﬁdes
590 3021 709 3066 non
742 3012 853 3079 est,
891 3004 1214 3067 credulitas
1247 3012 1361 3078 est,
1396 3000 1925 3074 inconsiderantia,
1959 3010 2017 3059 te

391 3092 758 3157 meritas.Ne
782 3101 1009 3157 temere
1030 3093 1306 3157 dicantur
1330 3092 1603 3165 credere,
1629 3108 1701 3152 ne
1731 3106 2040 3170 perperam

391 3181 604 3258 ﬁdere,
631 3181 853 3245 dictum
879 3182 1061 3245 veluti
1092 3181 1338 3244 dubium
1364 3179 1848 3254 examinandum,
1871 3177 2040 3258 judi-

395 3270 677 3346 candum,
711 3270 772 3332 in
823 3272 1099 3335 examine
1155 3281 1270 3334 tam
1308 3271 1488 3351 vario,
1526 3278 1584 3332 et
1634 3286 1840 3350 parum
1872 3284 2042 3347 aquo

396 3378 521 3423 non
545 3359 798 3423 deerunt
820 3360 1116 3423 machina
1131 3361 1201 3423 ad
1227 3357 1864 3423 refellendumzsaltem
1889 3356 2044 3417 irau.

395 3449 508 3513 dos
557 3458 616 3513 et
644 3449 767 3512 doli
815 3451 1014 3513 locum
1046 3451 1372 3527 invenient,
1403 3458 1464 3513 et
1504 3448 1755 3511 reddent
1799 3444 2044 3526 legentis

395 3539 661 3603 animum
695 3558 1047 3621 suspensum
1076 3548 1136 3602 et
1155 3539 1418 3603 anxium.
1454 3538 1607 3601 llinc
1631 3536 1827 3599 omnis
1850 3537 2045 3597 hare-

397 3629 653 3693 ticorum
678 3629 737 3691 in
762 3629 1218 3712 Metaphrastem
1245 3628 1657 3692 maledicentia
1676 3626 2045 3705 efﬂuxit;quo

398 3717 638 3781 tandem
665 3717 1275 3783 lucrolconsideretur
1299 3716 1599 3782 Gesnerus
1630 3717 1687 3777 in
1712 3714 2043 3778 Bibliothe—

397 3824 491 3873 ca.
533 3807 803 3889 Symcon
835 3807 1546 3889 Constantinopolitanae
1591 3805 2047 3884 Ludimagistcr

394 3898 645 3961 circiter
684 3915 880 3961 annos
909 3898 1132 3961 abhinc
1152 3898 1435 3961 ducentos
1476 3896 1805 3976 composuit
1839 3895 2044 3955 Graec

396 3986 838 4070 Metaphrases,
861 3988 928 4051 id
949 3994 1056 4064 est,
1070 3986 1242 4051 Vitas
1261 3994 1611 4051 sanctorum
1629 4003 1761 4065 qua:
1784 3981 2047 4063 singulis

396 4074 1692 4157 mensibusproprielegunturjlospinisnus
1706 4073 1789 4136 De
1811 4071 2049 4152 templis

2192 1841 2639 1923 Expendantur,
2674 1842 2777 1905 sed
2805 1843 3028 1923 judicio
3080 1845 3458 1926 prudentium
3498 1844 3750 1924 singula.

2115 1933 2439 2011 Μέγιστρος,
2466 1931 2786 2013 Magister,
2812 1951 3031 1995 nomen
3062 1934 3122 1996 in
3155 1934 3303 1996 Aula
3327 1933 3753 2014 imperatorum

2114 2021 2412 2102 dignitatis
2432 2030 2611 2104 atque
2634 2023 2835 2099 oilicii,
2869 2023 3119 2104 ejusque
3141 2022 3297 2085 inter
3318 2022 3429 2085 alia
3451 2021 3754 2104 pracipui,

2114 2118 2394 2193 tanquam
2447 2111 2547 2192 qui
2596 2111 2796 2174 titulos
2848 2111 2961 2172 sibi
3016 2113 3367 2182 vindicaret,
3416 2121 3755 2192 περιφανοῡο,

2118 2209 2175 2262 et
2203 2198 2577 2278 περιϐλέπτου,
2615 2199 2771 2262 inter
2793 2201 3076 2281 patricios
3107 2201 3299 2264 locum
3336 2200 3606 2276 haberet,
3638 2200 3758 2262 imo

2116 2307 2296 2370 supra
2324 2289 2565 2353 eosdem
2602 2289 2944 2365 haberetur,
2980 2291 3041 2354 in
3093 2290 3363 2353 conciiiis
3393 2290 3652 2366 sederet,
3685 2289 3758 2351 ad

2116 2378 2502 2442 sustinendos
2536 2379 2595 2440 in
2629 2378 2983 2459 baptismate
3013 2371 3436 2460 imperatorum
3466 2379 3618 2441 ﬁlios
3645 2381 3757 2439 δι]-

2118 2469 2500 2542 scisceretur,
2532 2469 3048 2548 consanguinitate
3075 2469 3421 2531 eorumdem
3468 2469 3755 2548 jungerc-

2122 2567 2238 2640 tur,
2265 2558 2634 2638 ignoratione
2656 2576 2857 2619 rerum
2879 2559 3219 2623 Gracarum
3254 2560 3312 2619 in
3347 2557 3758 2637 Ludi-Magis-

2123 2658 2307 2723 trum,
2341 2657 2390 2710 st
2441 2648 2490 2708 si
2524 2648 2637 2708 diis
2682 2648 2872 2728 placet
2903 2659 2959 2711 et
3008 2647 3396 2729 Hospiniano,
3432 2647 3760 2712 trivialem.

2126 2742 2259 2820 Ipse
2290 2738 2388 2800 hic
2441 2736 2706 2806 domum.
2743 2757 2817 2799 ne
2850 2738 3070 2799 nimius
3122 2742 3255 2813 sint,
3291 2738 3432 2819 quid
3467 2738 3539 2800 de
3570 2756 3638 2799 ea
3667 2737 3762 2797 di-

2123 2826 2345 2907 gnitate
2375 2825 2679 2907 scripserit
2735 2826 3154 2888 Constantinus
3185 2827 3763 2909 Porphyrogenneta,

2125 2918 2226 2994 qui
2258 2917 2411 2978 hanc
2444 2914 2600 2977 bene
2628 2918 2783 2978 scire
2813 2926 3068 2997 poterat,
3099 2917 3158 2977 in
3190 2915 3324 2979 Vita
3351 2916 3553 2979 Basilii
3585 2914 3770 2977 Mace-

2124 3005 2322 3079 donis,
2357 3005 2515 3087 quod
2567 3024 2683 3066 non
2719 3004 2797 3066 ita
2827 3004 3068 3067 obvium
3127 3007 3201 3068 sit
3233 3007 3485 3069 referam
3564 3008 3772 3066 Narrat

2125 3096 2416 3176 siquidem
2444 3095 2547 3158 ille
2568 3095 2643 3157 de
2660 3094 2878 3158 Basilio
2906 3117 2919 3159 ζ
2953 3101 3062 3163 Τῆς
3088 3094 3139 3151 δὲ
3161 3098 3408 3176 προνοίας
3428 3097 3657 3173 ἀγούσης
3680 3097 3772 3151 τὸν

2128 3185 2396 3243 Βασίλεισν
2427 3186 2750 3264 εὐμηχάνῶς
2782 3186 2909 3263 πρὸς
2942 3184 3073 3264 ὅπερ
3103 3184 3366 3256 ἐϐούλετο,
3404 3185 3591 3248 εὒϐἑως
3622 3185 3758 3259 μετὰ

2124 3277 2222 3344 τὴν
2265 3275 2326 3331 ἐκ
2368 3281 2464 3341 τῆς
2498 3274 2770 3342 στρατείας
2801 3275 3136 3353 ὑποστροφὴν
3181 3272 3297 3354 [96]
3326 3277 3615 3330 υἱοποιεται
3645 3275 3768 3329 τοῦθ

2126 3388 2215 3422 τον
2248 3368 2276 3421 ὁ
2323 3364 2589 3442 βασιλεύς.
2627 3362 2925 3443 Ἐτύγχανε
2965 3364 3066 3442 γὰρ
3108 3363 3341 3427 καθάπαξ
3373 3364 3565 3426 οἰκείας
3607 3366 3771 3438 γονῆς

2127 3454 2388 3533 ἀμοιρῶν,
2422 3455 2507 3509 καὶ
2552 3452 2649 3520 τῆς
2694 3453 2798 3508 τῶν
2840 3453 3142 3530 μαγίστρων
3191 3450 3568 3528 ὑπερλάμπρας
3613 3451 3773 3526 τιμῆς

2128 3544 2291 3610 ἀξιον.
2339 3543 2456 3623 Ἐφ’
2490 3545 2565 3598 ὧν
2620 3550 2687 3620 τῇ
2736 3542 2995 3619 βασκανῖά
3041 3542 3365 3620 ῥηγνύμενος
3399 3542 3425 3595 ὁ
3480 3539 3775 3617 λογοθὲτης

2130 3632 2452 3709 Συμϐατιος,
2486 3634 2574 3689 καὶ
2627 3634 2691 3688 τὰ
2720 3633 2866 3697 ἑξῆς.
2933 3630 3355 3693 Verumtamen
3385 3630 3775 3708 providentia

2128 3725 2351 3801 ferente
2403 3719 2736 3794 Basiliam,
2767 3720 2844 3781 ad
2880 3719 2964 3790 id,
2998 3721 3153 3800 quod
3186 3718 3397 3782 liberat
3444 3718 3772 3799 aptissime,

2128 3811 2293 3873 illico
2340 3820 2472 3892 post
2505 3811 2674 3872 illam
2706 3810 3203 3873 exercitationem
3259 3815 3313 3868 et
3342 3807 3630 3880 reditum,
3664 3808 3772 3868 im-

2125 3909 2369 3982 perator
2396 3900 2662 3963 eumdem
2690 3917 2798 3978 pro
2824 3899 2974 3980 ﬁlio,
3006 3897 3167 3979 quod
3220 3899 3349 3978 ipse
3379 3896 3586 3959 nullos
3619 3895 3775 3958 libe-

2127 4008 2227 4054 ros
2278 3988 2551 4061 habebat,
2607 3989 2875 4070 adoptat,
2911 3996 2963 4050 et
3021 3988 3453 4065 magistrorum
3502 3984 3774 4067 praeful-

2128 4087 2299 4161 gentc
2340 4079 2639 4157 dignitate
2666 4077 3051 4141 condecorat.
3110 4076 3218 4139 His
3251 4076 3570 4158 rumpitur
3602 4076 3771 4136 invi-

399 4169 605 4228 scribit
645 4168 810 4226 Illum
835 4171 1008 4242 fuisse
1053 4169 1323 4228 trivialem
1361 4166 1830 4240 Constantinopoli
1876 4163 2048 4220 Ludi-

2132 4170 2237 4231 dia
2299 4168 2603 4250 logotlzcta
2653 4166 3023 4247 Symbatias,
3057 4174 3173 4229 etc.
3212 4165 3622 4245 Magistrorum
3681 4162 3783 4223 tli—

402 4239 1251 4337 magistrum,ntentlacitn'um
1287 4255 1593 4336 Legendus
1614 4239 2109 4333 scripsisscntecc
2134 4258 2325 4338 gnitas
2359 4239 2448 4319 'ea
2476 4266 2587 4332 est,
2623 4239 2717 4318 ut-
2738 4273 2846 4318 nec
2875 4254 2949 4317 ab
3001 4239 3385 4337 imperatoris
3416 4254 3554 4316 ﬁliis
3586 4252 3786 4330 negli-

402 4343 660 4425 amplius
684 4344 1905 4424 abhincducentisvigintiannisvtxisse.
1935 4339 2049 4401 Ca—
2133 4356 2393 4428 geretur,
2445 4348 2545 4407 sed
2595 4346 2667 4408 ad
2718 4364 2847 4408 eam
2907 4345 3087 4407 \eluti
3147 4343 3288 4426 quid
3342 4343 3676 4415 sublimius,
3710 4362 3786 4405 ex

403 4432 791 4497 saubonus‘in
815 4434 1134 4497 Baronium
1159 4434 1405 4497 exercit.
1435 4434 1708 4509 46,num.
1735 4432 1833 4493 95:
1865 4432 2051 4492 Meta-

2134 4438 2418 4500 inieriore
2451 4437 2876 4516 imperatorum
2914 4434 3014 4497 lilii
3056 4434 3299 4514 gradum
3329 4432 3615 4495 facerent.

397 4523 799 4605 phrasta,qui
809 4526 998 4587 vitam
1021 4524 1685 4604 etresgestaslongini
1705 4522 1884 4582 istius
1903 4520 2050 4581 scri-
2216 4527 2319 4591 ma
2351 4527 2452 4608 qui
2500 4526 2724 4599 dicunt,
2763 4543 2943 4605 quare
2976 4543 3093 4585 non
3150 4522 3403 4602 [rodunt
3430 4528 3732 4582 auctorem
3756 4523 3785 4581 ?

398 4617 543 4695 psit,
568 4620 803 4676 tantum
838 4614 1169 4677 tribuimus
1213 4630 1323 4677 nos
1352 4621 1648 4694 quantum
1687 4619 1739 4672 et
1779 4609 2047 4698 debetur,
2134 4617 2306 4698 Apud
2338 4634 2512 4697 quem
2546 4612 2866 4676 invenere?
2901 4621 2958 4675 et
2997 4613 3292 4674 invenisse
3318 4628 3629 4672 necessum
3663 4620 3783 4683 est,

404 4706 515 4784 qui
538 4701 860 4782 diligentia
879 4720 1145 4784 summa,
1173 4702 1524 4779 sediudicio
1548 4699 1809 4763 nulloin
1830 4715 1903 4759 ea-
1932 4697 2054 4758 σοι·
2136 4697 2203 4767 ni
2245 4722 2383 4766 suas
2417 4704 2852 4775 meditationes,
2889 4711 2945 4763 et
2978 4721 3094 4763 non
3144 4718 3268 4763 rem
3305 4711 3529 4779 gestam
3568 4699 3787 4761 litteris

404 4791 654 4857 lectione
664 4792 744 4855 sit
756 4801 1255 4883 uersatusmeque
1270 4792 1456 4854 aliter
1476 4790 1815 4866 Baroniusj
1828 4787 2052 4849 ndicat.

403 4886 604 4960 quoties
616 4882 855 4944 intendit
874 4887 1109 4944 animum
1132 4902 1145 4944 :
1171 4883 1316 4959 quod
1339 4885 1556 4942 utinam
1584 4897 1793 4953 semper
1818 4882 2051 4952 fecisset.

404 4968 496 5034 Ne
522 4969 655 5034 alia
678 4972 812 5034 loca
840 4971 972 5053 ejus
995 4974 1328 5052 pro/eram,
1351 4971 1415 5032 in
1446 4967 1664 5050 quibus
1696 4965 2056 5045 Metaphra-

402 5068 535 5136 stes,
558 5071 617 5122 ut
648 5065 872 5122 antliam
916 5080 1054 5138 sape
1086 5063 1410 5137 fabularum
1458 5058 1843 5119 nummarium
1882 5074 2061 5118 serere

407 5151 677 5231 castigat
700 5168 719 5212 :
750 5151 817 5212 in
838 5151 951 5211 hac
971 5150 1227 5213 historia
1266 5166 1387 5211 non
1408 5154 1646 5210 constat
1666 5147 1797 5225 ipse
1815 5144 1954 5207 sibi.
1989 5144 2059 5207 Et

407 5259 575 5305 num.
594 5241 694 5304 96:
725 5240 972 5303 Primus
992 5239 1155 5301 enim
1179 5238 1337 5318 quod
1349 5236 1593 5317 quidem
1615 5233 1789 5295 hodie
1806 5234 2055 5309 sciatur,

407 5329 867 5413 Mctaphrastes,
901 5329 1159 5408 scriptor
1187 5327 1407 5413 oppido
1454 5340 1679 5398 recens,
1712 5330 1763 5413 et
1786 5340 2060 5404 perstrpe

404 5420 799 5493 vanissimas,
824 5432 1202 5497 magnusque
1235 5412 1585 5494 fabularum
1616 5412 1883 5473 (tn-ilium
1913 5432 2055 5474 con-

402 5511 732 5581 earcinator,
754 5511 871 5583 ejus
891 5509 974 5567 rei
988 5509 1249 5565 meminit.
1287 5506 1345 5563 Et
1372 5506 1540 5564 alius:
1569 5502 1724 5562 Vitas
1749 5507 2060 5569 sanctorum

2145 5513 2527 5587 magistrum.
2553 5506 2806 5570 Michael
2825 5505 3054 5568 Psellns
3074 5501 3357 5566 Encomio
3377 5501 3435 5560 in
3461 5500 3735 5561 eumdem
3777 5519 3792 5562 :

405 5594 741 5662 translatus
768 5594 993 5657 Latine
1035 5593 1199 5667 apud
1233 5591 1660 5672 Lipomannm,
1689 5600 1744 5652 et
1796 5589 2061 5659 Surinm

405 5685 714 5756 habemus;
736 5684 847 5746 sed
862 5684 1128 5764 plurima
1151 5683 1217 5744 in
1243 5682 1321 5744 iis
1350 5678 1624 5760 fabulose
1644 5681 1870 5762 scripta
1897 5693 2058 5761 sunt,

408 5772 633 5854 Nempe
682 5771 1148 5853 Uetapltrastes,
1187 5777 1253 5834 ut
1283 5769 1695 5833 Bellarminus
1754 5776 2063 5839 verissime

2139 4794 2443 4857 mandant.
2494 4792 2643 4853 Vide
2675 4793 2812 4875 quid
2850 4792 2926 4852 (le
2981 4789 3241 4868 magistri
3275 4790 3557 4868 dignitate
3591 4788 3784 4849 disse-

2139 4883 2576 4954 runtCodinus,
2613 4878 2891 4942 Historici
2934 4878 3057 4952 alii,
3093 4889 3148 4938 et
3171 4877 3546 4943 Glosszttores
3576 4878 3787 4941 Graro

2142 4972 2407 5035 Barbari.
2443 4970 2511 5033 Et
2541 4979 2603 5031 ut
2631 4968 2904 5032 acerbius
2935 4968 3259 5039 insaniant,
3283 4967 3530 5028 audiant
3564 4977 3621 5029 et
3652 4967 3785 5027 dis—

2140 5069 2431 5133 cant,tum
2456 5059 2693 5121 demum
2712 5058 2988 5130 fremant,
3015 5056 3468 5136 Metaphrastem
3490 5056 3792 5117 Constan-

2142 5149 2388 5229 tinopoli
2419 5157 2612 5210 ortum
2646 5146 2862 5208 illustri
2900 5145 3143 5220 familia,
3182 5163 3536 5224 summoque
3569 5163 3796 5223 g-nere

2145 5236 2748 5321 prognatum,divitiis
2776 5236 3205 5309 abundantem,
3231 5231 3303 5294 ab
3328 5232 3799 5314 imperatoribus

2140 5328 2315 5391 variis
2330 5326 2721 5408 dignitatibus
2744 5327 3353 5393 condecoratum,nou
3385 5324 3644 5402 potuisse
3661 5342 3800 5384 esse

2142 5418 2245 5481 imi
2269 5416 2533 5479 subsellii
2558 5417 2770 5493 virum,
2798 5415 2984 5477 multo
3019 5419 3212 5474 minus
3243 5412 3574 5473 Triuialem
3614 5412 3801 5473 Ludi-

2150 5602 2245 5658 Kz‘:
2294 5599 2417 5676 τόγε
2446 5597 2898 5674 θαυμπτιώτερον,
2930 5598 3016 5651 καὶ
3074 5592 3152 5649 διὸ
3185 5590 3389 5666 μᾶλλον
3424 5591 3480 5644 ἄν
3508 5612 3588 5644 τις
3634 5589 3788 5643 ἐκεν-

2145 5711 2233 5745 νον
2283 5689 2619 5765 θαυμάσειεν,
2654 5684 2733 5740 ὅτι
2780 5686 2870 5739 καῖ
2924 5685 3106 5761 γένους
3140 5681 3195 5736 εὖ
3241 5680 3402 5759 ἔχων,
3437 5679 3523 5732 καὶ
3573 5677 3637 5732 τὰ
3689 5681 3798 5742 si;

2142 5776 2381 5840 εὖκλείεις
2441 5776 2649 5833 οἴκοθεν
2706 5772 3056 5850 κεκτημέναις,
3117 5772 3271 5847 βιθεϊ
3329 5789 3379 5823 τε
3441 5764 3799 5837 πλούτρκο-
