4038 6206
426 311 581 377 39.

1856 302 2064 373 LEON
2072 308 2142 371 IS
2193 299 2533 372 ALLA'I‘II.

3738 302 3817 371 40

425 456 491 511 ut
518 465 616 511 res
635 455 798 529 gesta
820 455 912 511 est
932 447 1006 513 ab
1027 447 1143 511 alio
1167 446 1662 527 conscriptatn,et
1684 443 2069 524 publicatam,
2095 453 2131 500 Α
2161 460 2398 504 manam
2463 441 2844 523 divinamque
2901 440 3159 529 intersit,
3207 440 3347 522 quid
3404 441 3561 502 inter
3618 439 3809 502 histo-

423 528 1018 610 undpimmutationis
1036 540 1368 612 huiusmodi
1397 538 1832 607 Metapbrastem
1863 549 2077 608 argue-
2161 532 2380 605 ricam,
2437 541 2492 594 et
2544 531 2992 608 evangelistam,
3026 528 3167 611 quid
3217 529 3375 590 inter
3424 530 3699 607 dogmata
3750 540 3809 591 et

420 623 527 688 rit?
551 624 768 690 l’rodat
787 625 847 688 in
872 626 1094 689 lucem.
1127 623 1297 688 Alias
1318 621 1494 686 illiex
1525 622 1765 701 ingenio
1788 630 1847 684 et
1873 620 2072 701 suspi-
2161 621 2648 697 consuetudines,
2681 620 2821 703 quid
2856 621 3010 682 inter
3038 638 3134 682 res
3167 624 3495 700 praecipuas
3523 626 3583 680 et
3616 620 3805 696 potis-

417 715 593 779 cione
616 715 870 797 quadam
894 734 1001 779 sua
1025 712 1317 777 asserenti
1343 731 1464 775 non
1479 712 1820 776 credemus.
1852 709 2065 790 Suspi-

417 813 589 867 cetur
619 805 722 867 ille
742 803 1026 887 quidquid
1053 801 1213 877 velit,
1237 801 1516 865 acumine
1540 800 1910 880 ingenii,quo
1930 799 2066 880 pol-

416 892 522 968 let,
555 893 778 958 edicet.
813 892 927 958 Res
957 910 1089 954 cum
1154 892 1212 952 in
1244 891 1398 954 facto
1429 892 1733 967 consistat,
1766 889 1878 952 nisi
1935 906 2063 951 rem

415 982 662 1065 ipse,uti
691 991 856 1063 gesta
879 979 1058 1055 est,in
1091 979 1353 1043 medium
1390 980 1674 1063 proferat,
1708 997 1833 1043 rem
1865 978 2061 1047 aliter.

415 1079 473 1137 et
500 1073 585 1135 uti
616 1071 742 1152 geri
776 1070 1299 1153 potuerit,narrari
1329 1090 1365 1134 a
1393 1069 1793 1152 Hetaphraste
1824 1088 1941 1131 non
1964 1067 2059 1130 di-

411 1161 839 1226 cetnus.Addit
858 1159 1162 1241 colloquia
1186 1166 1246 1224 et
1268 1159 1547 1240 dialogos
1567 1166 1897 1240 martyrum
1921 1175 2058 1222 cum

405 1249 890 1330 persecutoribus
919 1247 1071 1323 Quid
1094 1255 1148 1312 si
1165 1248 1265 1312 illa
1287 1248 1497 1313 habuit
1523 1248 1650 1329 ipse
1674 1266 1748 1311 ex
1772 1245 1907 1311 aliis
1929 1264 2058 1309 ma-

411 1338 737 1421 nuscriptis
759 1348 818 1402 et
836 1337 1008 1403 libris
1028 1338 1525 1415 authenticis,qui
1549 1337 1726 1399 modo
1753 1336 1846 1399 vel
1872 1336 2059 1417 negli-

407 1427 610 1508 gentia
626 1427 1061 1504 hominum,vel
1075 1427 1408 1491 rusticitate
1428 1428 1528 1490 illa
1542 1427 1760 1494 Stta,vel
1773 1432 2064 1489 vetustate

407 1516 1132 1590 obsoleverintwitigcntis
1147 1517 1477 1575 Graecorum
1499 1525 1908 1589 Imperatorem
1929 1530 2065 1588 quo.

406 1620 536 1667 rum
559 1605 808 1667 maxime
832 1616 952 1666 tum
969 1614 1094 1666 erat
1116 1621 1290 1679 penes
1308 1611 1640 1665 universum
1656 1608 1853 1664 orbem
1871 1616 2064 1665 aucto-

405 1697 565 1765 ritas,
592 1697 654 1756 in
682 1696 796 1755 illis
813 1696 1219 1769 conquirendis
1249 1712 1362 1754 non
1387 1696 1585 1755 deluit.
1619 1696 1847 1754 Maximi
1871 1710 2063 1766 sump—

2157 711 2364 786 simas,
2402 729 2552 792 quas
2600 712 2687 772 vel
2722 710 3017 773 levissima
3072 708 3481 771 immutatione
3524 708 3805 771 vulnera-

2156 799 2335 877 veris,
2370 808 2430 864 et
2475 801 2633 863 inter
2677 798 3031 873 levissimas,
3076 806 3138 859 et
3183 797 3503 860 scribentis
3554 796 3805 860 arbitrio

2151 888 2461 963 obnoxias,
2496 908 2627 970 quae
2660 898 2961 966 utcunque
3010 896 3264 950 narratae
3316 887 3458 948 dum
3495 905 3529 947 a
3559 887 3804 949 veritate

2150 998 2271 1042 non
2300 979 2628 1055 receditur,
2653 978 2801 1041 nulli
2827 979 3248 1040 detrimentum
3278 976 3629 1057 adjungunt.
3658 975 3803 1050 Quis

2150 1070 2210 1132 in
2271 1068 2608 1132 referendis
2677 1067 2991 1149 colloquiis
3063 1065 3430 1129 verosimilia
3500 1066 3802 1129 damnet?

2144 1157 2375 1241 Operas
2435 1168 2493 1221 et
2540 1156 2854 1221 facultates
2913 1156 3158 1219 collatas
3201 1154 3275 1217 ab
3329 1155 3797 1237 imperatoribus

2143 1248 2383 1312 abunde
2413 1249 2708 1330 expressit
2739 1247 2972 1312 Psellus
3002 1247 3061 1308 in
3096 1248 3365 1310 oratione
3396 1265 3410 1309 ε
3453 1248 3591 1303 dum:
3620 1249 3679 1325 γέ
3711 1271 3796 1306 τοι

2144 1337 2273 1417 μηδ’
2327 1340 2386 1397 ἐκ
2416 1339 2682 1418 παρέργου
2715 1346 2899 1395 τοῦτον
2949 1340 3112 1415 ἧφοκι
3143 1339 3235 1392 τοῦ
3282 1338 3620 1416 πράγματος,
3655 1336 3795 1412 μηδὲ

2145 1430 2305 1487 αότὸν
2335 1430 2653 1509 προθέμενον
2706 1430 2750 1484 εἶ
2794 1428 2871 1503 μὴ
2905 1427 3027 1483 ὅσον
3068 1425 3366 1504 βούλεσθλι.
3413 1425 3682 1483 Βισῖλειον
3737 1425 3793 1482 δὲ

2145 1521 2330 1578 τοῦτον
2388 1517 2748 1597 παρακλήσεις
2807 1517 2892 1573 ἐπὶ
2948 1516 3101 1572 τοῧτο
3149 1517 3508 1595 προήνεγκπν,
3555 1514 3649 1571 καί
3700 1516 3789 1578 οἷς

2143 1610 2472 1690 ἐφροντίᾷτο
2521 1606 2678 1685 λόγος
2708 1607 2794 1662 καὶ
2822 1607 3049 1668 σύνεσις,
3091 1606 3185 1662 Καὶ
3227 1606 3295 1671 ἦν
3327 1608 3466 1677 αὐτῷ
3498 1607 3530 1673 ἦ
3574 1627 3784 1684 πειρασ-

2144 1700 2273 1766 κευὴ
2306 1698 2357 1764 ἐξ
2410 1697 2645 1772 ἑτοίμου,
2680 1694 2870 1757 κύκλος
2902 1714 2958 1751 τε
2992 1695 3050 1751 οὗ
3078 1695 3280 1773 βραχὺς
3334 1698 3438 1747 τῶν
3472 1713 3525 1747 τε
3557 1694 3781 1766 πρώτως

406 1794 499 1849 tus
513 1795 719 1853 tamex
739 1788 1149 1860 imperatorum
1162 1788 1511 1856 aerario,tum
1525 1802 1593 1845 ex
1619 1787 1863 1859 propriis
1878 1786 2051 1858 ipsius

2142 1786 2611 1863 ἐνσημαινομὲνων
2631 1785 2729 1852 τὴν
2753 1782 2859 1849 λὲξι
2876 1806 2912 1864 θ,
2931 1788 3016 1839 καὶ
3039 1788 3143 1838 τῶν
3167 1783 3300 1856 μετὰ
3317 1789 3478 1838 τκῦτκ
3499 1783 3774 1839 τεθέντων·

406 1875 992 1961 Metapbrastm,cujus
1013 1876 1213 1950 ampla
1235 1887 1397 1937 erant
1421 1878 1796 1945 tacutta'.cs,in
1823 1878 1934 1935 hoc
1953 1892 2055 1935 ne-

405 1966 566 2047 gotio
584 1965 1207 2045 decreti,eﬁ‘usissime
1230 1966 1595 2046 suppeditati
1618 1976 1776 2031 sunt:
1805 1985 1923 2029 non
1951 1966 2052 2029 de-

398 2055 565 2117 luere
584 2055 1208 2127 comitum.eorumque
1228 2053 1696 2115 doctissimorum
1723 2052 2050 2114 auxiliaEa

400 2162 643 2228 quoque
664 2152 1020 2227 tempestate
1040 2144 1245 2227 plures
1278 2145 1664 2226 manuscripti
1693 2144 1931 2209 codices
1953 2145 2053 2207 ha-

403 2234 723 2311 bebantur,
749 2253 926 2316 quam
960 2235 1071 2298 hac
1114 2242 1317 2297 nostra
1339 2243 1533 2309 aetate,
1563 2254 1696 2296 cutn
1731 2243 1791 2297 et
1828 2232 2050 2298 Barba-

399 2323 1076 2391 rorum-incursionibus
1098 2323 1612 2389 universaGrtecia
1634 2323 1849 2387 atllicta
1868 2334 2051 2400 est,et

397 2414 629 2480 similes
669 2414 908 2479 codices
937 2413 1441 2496 nequissimorum
1475 2414 1784 2476 hominum
1819 2412 2050 2475 scelere

397 2503 575 2568 variis
599 2502 795 2569 modis
822 2501 1309 2584 deperditi:adde
1334 2503 1709 2566 curiosorum
1736 2499 2046 2565 hominum

395 2591 800 2657 sollicitudine
829 2601 889 2654 et
911 2592 1134 2667 studio,
1168 2591 1283 2654 alio
1307 2601 1487 2674 atque
1515 2591 1634 2654 alio
1665 2590 1976 2673 exportati.

474 2680 618 2755 Quis
647 2681 851 2761 itaque
903 2683 1040 2761 jure
1071 2684 1400 2760 negaverit,
1436 2700 1568 2764 qua}
1616 2683 2050 2762 Metapltrastes

392 2771 770 2836 concinnavit
824 2772 887 2834 in
917 2771 1049 2834 aliis
1078 2770 1411 2846 codicibus,
1443 2772 1636 2852 iisque
1696 2769 1813 2833 ﬁde
1844 2770 2045 2851 dignis

393 2879 513 2926 non
545 2861 873 2942 perlegisse
903 2861 932 2922 ?
964 2859 1038 2924 Et
1066 2867 1260 2941 potest
1289 2860 1526 2923 tandem
1559 2860 1830 2941 quilibet,
1863 2859 2046 2922 dum-

392 2950 573 3017 modo
602 2968 807 3014 rerum
863 2947 1249 3012 substantiam
1284 2967 1405 3011 non
1455 2948 1811 3022 immutarit,
1843 2948 1961 3012 alio
1992 2957 2051 3012 et

393 3039 517 3105 alio
544 3039 722 3103 modo
753 3056 882 3102 rem
915 3038 1154 3103 etierre.
1190 3037 1418 3101 Etenim
1445 3040 1497 3100 si
1523 3037 1735 3100 iisdem
1770 3038 1898 3121 ipse
1923 3038 2047 3101 for-

398 3127 649 3195 mnliset
664 3127 1091 3205 luminibus,ac
1103 3127 1584 3204 veteresilli,rem
1609 3128 2044 3210 exscripsisset,

394 3216 665 3285 Vitarttm
728 3217 1086 3300 exscriptor,
1121 3236 1240 3279 non
1289 3225 1499 3281 auctor
1537 3217 1655 3281 dici
1705 3219 2042 3281 meruisset.

2140 1878 2237 1934 nni
2279 1874 2439 1939 ἄλλος
2472 1875 2558 1932 ἐπ’
2590 1872 2757 1948 {iper
2795 1876 2821 1930 ὁ
2880 1873 2975 1948 μὲν
3007 1875 3071 1929 τὰ
3102 1878 3284 1951 πρῶται
3333 1879 3520 1951 ποιῶν,
3554 1874 3581 1927 ὁ
3609 1871 3664 1928 δὲ
3716 1874 3781 1929 τὰ

2137 1966 2370 2045 δεύτερα,
2389 1966 2478 2023 καὶ
2501 1965 2584 2021 ἐπὶ
2615 1965 2817 2028 τούτοις
2848 1966 2893 2019 οἱ
2925 1963 2987 2018 τὰ
3009 1962 3451 2039 συγγεγραμμένχ
3483 1960 3783 2039 ὲξκκριόού-

2136 2078 2309 2133 μενοι,
2333 2054 2410 2111 ἵν’
2439 2053 2520 2111 ὅτι
2550 2054 2672 2117 τοὺς
2704 2052 3040 2131 ὑπογραφέας
3073 2050 3245 2122 λάθοι,
3279 2051 3408 2128 πρὸς
3439 2051 3538 2114 τὴν
3566 2052 3786 2108 ὑποκει-

2136 2145 2304 2221 μένην
2352 2139 2728 2221 διορθώσονται
2760 2141 2983 2199 ἔννοιαν.
3020 2142 3092 2199 Οὔ
3121 2140 3218 2218 γὰρ
3255 2140 3380 2205 ἒνῆν
3411 2140 3553 2213 αὗτῷ
3582 2138 3666 2195 διὰ
3718 2142 3783 2198 τὸ

2135 2232 2338 2300 πλῆθος
2369 2237 2475 2289 τῶν
2519 2230 2950 2310 συγγραμμάτων
3003 2226 3263 2292 πολλάκις
3297 2229 3363 2284 τὰ
3392 2229 3522 2286 αὖτὰ
3578 2228 3783 2287 ἀνακυ-

2134 2321 2288 2380 κλεῖν
2316 2343 2373 2379 τε
2401 2322 2489 2379 καὶ
2519 2321 2732 2399 ἐφορᾷν,
2765 2318 2915 2377 Ἀλλ’
2948 2320 2992 2375 εἰ
3023 2320 3110 2375 καὶ
3140 2314 3306 2382 πολὺς
3328 2320 3356 2373 ὁ
3385 2316 3548 2388 ζῆλος
3579 2319 3786 2395 ὀνόμα-

2130 2434 2223 2478 τος
2273 2414 2360 2469 καὶ
2391 2414 2424 2480 ἡ
2478 2412 2686 2490 φροντὶς
2718 2408 3061 2488 περιττοτέρα
3094 2414 3184 2463 τοῦ
3239 2405 3470 2478 δέοντος,
3505 2405 3541 2474 ἦ
3573 2407 3783 2474 μᾶλλον

2131 2503 2261 2580 πρὸς
2312 2503 2463 2558 τοῦτο
2493 2499 2558 2568 δὴ
2586 2499 2905 2580 ἀξιόχρεως·
2958 2495 3078 2554 ἀλλ’
3109 2496 3199 2574 ὅγε
3231 2498 3434 2576 στάχυς
3483 2496 3780 2567 ἐνενικήκει

2132 2597 2321 2669 μακρῷ
2350 2590 2447 2658 τὴν
2478 2595 2701 2669 σπορᾷν,
2734 2590 2822 2645 καὶ
2850 2590 2912 2644 τὸ
2943 2586 3103 2654 λήϊον
3124 2587 3243 2643 οἷον
3265 2584 3469 2645 οιῦδέπω
3495 2588 3581 2645 καὶ
3611 2589 3781 2664 τήμεο

2131 2702 2240 2759 ρον.
2280 2679 2405 2738 Εἴτε
2435 2681 2521 2736 καὶ
2554 2677 2721 2755 μηδὲν
2752 2677 2885 2735 ἄλλο
2916 2684 2991 2751 τῷ
3023 2676 3165 2756 ἀνδρὶ
3214 2673 3613 2750 διεσπούδαστο,
3642 2677 3776 2752 μηδ’

2131 2769 2460 2850 ἀποχρῶντα
2480 2770 2547 2825 τὰ
2573 2769 2635 2824 vi:
2660 2767 2795 2825 ἄλλα
2817 2767 3119 2841 σύμπαντα,
3142 2767 3231 2822 καὶ
3254 2766 3372 2822 ποθ’
3396 2764 3615 2822 ἓκκστον
3638 2767 3771 2843 πρὸς

2130 2858 2376 2940 ἀφορμὴν
2407 2858 2669 2937 εὐφημίας
2722 2857 2934 2936 ἆρκοῦν,
2970 2854 3107 2912 ἀλλὰ
3137 2856 3261 2933 τόγε
3294 2863 3526 2914 τοιοῦτον
3557 2851 3763 2910 ἑλέσθαι

2248 2947 2293 2969 I‘
2567 2949 2582 2969 κ
2644 2946 2672 2983 τί
3031 2945 3052 2967 Γ
3198 2947 3208 2965 1
3270 2966 3290 2977 ⁸,
3394 2945 3406 2963 π
3615 2945 3626 2965 1

2130 2958 2464 3024 στουοασμα,
2497 2970 2584 3005 χιιι
2616 2969 2753 3005 οδτω
2786 2946 3208 3023 καταπράςασθαι
3236 2966 3292 3001 τε.
3326 2966 3411 3000 και
3440 2941 3767 3021 ἀκριϐωσασ-

2128 3041 2238 3115 ϐαι,
2270 3038 2525 3115 αὔταρκες
2555 3037 2669 3094 iuni
2700 3037 2894 3099 παντὸς
2926 3034 3093 3093 ἄλλου
3124 3035 3251 3114 πρὸς
3282 3037 3549 3112 ἓγκωμιον
3576 3040 3652 3100 τῷ
3680 3032 3774 3089 ἀνι

2130 3127 2231 3206 δρί.
2262 3126 2465 3191 Porro
2494 3133 2697 3190 autem
2728 3126 2935 3189 dicunt
2956 3142 3094 3187 eum
3126 3141 3250 3186 ncn
3279 3122 3494 3186 leviter
3509 3130 3569 3185 et
3597 3125 3775 3202 quasi

2129 3216 2309 3280 aliud
2334 3224 2607 3298 agentem
2636 3214 2794 3280 hanc
2822 3230 2950 3277 rem
2997 3230 3123 3276 esse
3152 3229 3504 3295 aggressum
3537 3233 3554 3285 ;
3588 3228 3776 3291 neque

395 3305 666 3373 Studium
697 3306 901 3373 simile
922 3305 1263 3373 laudarent
1284 3308 1343 3369 in
1367 3309 1502 3373 Vita
1517 3308 1761 3372 Joannis
1789 3306 2044 3371 Damas-
2127 3307 2324 3388 ipsum
2354 3305 2558 3370 idsibi
2572 3304 3058 3388 proposuisse,ut
3077 3303 3299 3382 faceret
3330 3306 3625 3383 quantum
3644 3301 3772 3364 vel-

394 3395 552 3472 ceni,
577 3396 837 3461 Joannes
869 3393 1208 3476 patriarcha
1225 3394 1838 3479 Hierosolymitanns:
1876 3398 1933 3456 Εἰ
1954 3397 2042 3455 οὖν

2129 3395 2364 3461 let.Sed
2386 3396 2778 3477 imperatoris
2798 3393 3268 3458 adhortationes
3287 3408 3419 3455 eum
3437 3391 3519 3454 ad
3533 3390 3647 3454 hdc
3664 3394 3777 3454 ad-

391 3487 489 3556 τὴν
540 3486 739 3544 ἐκείνου
769 3486 979 3568 μορφὴν
1009 3484 1149 3543 οὕτω
1178 3487 1238 3543 τὸ
1269 3485 1514 3563 λαμπρὸν
1564 3483 1961 3559 ἐπισπεύδουσι,
1992 3488 2043 3543 τί

2140 3485 2379 3562 luxere,
2402 3492 2459 3549 et
2485 3486 2561 3562 ii,
2596 3484 2816 3566 quibus
2837 3500 3001 3546 curae
3021 3490 3161 3546 erat
3188 3482 3473 3545 doctrina
3502 3487 3564 3543 et
3584 3481 3771 3543 intel-

387 3573 491 3654 ἄρα
516 3574 633 3632 δέον
664 3573 789 3653 περῖ
836 3576 930 3638 τὰς
962 3574 1195 3653 ἱστορίας
1227 3580 1333 3632 τῶν
1393 3574 1631 3653 πράξεων
1662 3573 2038 3652 ἠμελημένως

2140 3577 2404 3658 Tigentia,
2438 3583 2499 3637 et
2541 3581 2864 3657 promptus
2889 3574 2950 3636 ei
2998 3573 3121 3651 fuit
3153 3578 3508 3654 apparatus,
3540 3577 3596 3633 et
3646 3584 3775 3633 non

387 3663 480 3737 ἆᾷν
519 3665 642 3731 τοὺς
671 3662 887 3743 λόγους,
922 3663 1017 3721 καί
1065 3662 1325 3725 ἆκαλλεϊς
1358 3681 1374 3740 ;
1434 3666 1722 3741 Οὐμενοῦν.
1757 3673 1887 3730 Τοῖς
1935 3665 2035 3744 γὰρ

2140 3682 2351 3729 torvus
2379 3663 2544 3728 orbis
2586 3681 2815 3745 eorum,
2845 3665 2953 3745 qui
2998 3665 3200 3743 primo
3231 3662 3558 3727 dictionem
3606 3662 3775 3725 notis

390 3752 785 3832 ἀγροικοτέροις
804 3752 1202 3832 συγγνώμη,ὡς
1226 3752 1435 3835 ἔχουσι,
1453 3752 1791 3834 σχεδιάζουσι
1817 3753 2033 3832 λόγους’

2140 3755 2521 3836 recipiebant,
2555 3761 2614 3819 et
2641 3770 2866 3829 eorum,
2892 3753 3003 3835 qui
3015 3760 3229 3834 postea
3252 3751 3758 3815 transcribebant:

388 3844 485 3907 τὰς
516 3841 727 3921 πράξεις
751 3839 798 3899 δ’
826 3842 1162 3921 ἱστοροῦντᾶς
1184 3848 1289 3900 τῶν
1319 3841 1783 3922 ἑναρεστησάντων
1802 3848 2034 3924 Χριστῷ,

2140 3852 2180 3907 ιι
2208 3844 2369 3908 alius
2394 3851 2528 3925 post
2555 3843 2773 3919 alium,
2805 3839 2913 3905 ille
2940 3842 3185 3923 quidem
3217 3843 3418 3922 prima
3473 3840 3766 3923 faciebat,

389 3936 476 3995 οἷς
507 3933 538 3990 ὁ
567 3930 726 4011 λόγος
757 3932 818 3989 τὸ
840 3929 1266 4009 σπουδαζόμενον
1292 3932 1532 4011 γέγονεν,
1554 3933 1615 3991 οὗ
1646 3933 2034 4011 συγγνωστέον,

2140 3934 2221 3998 tie
2250 3952 2391 3997 vero
2417 3933 2680 3998 secunda
2707 3930 3110 3996 easeribebat.
3141 3931 3213 3993 Et
3220 3938 3358 4011 post
3383 3929 3489 3993 hos
3517 3929 3635 3993 alii
3654 3932 3769 4011 qui

282 4036 287 4037 '
388 4021 536 4099 βίους
566 4021 729 4099 ἁγίων
759 4020 1218 4100 παρεωραμένοις,
1251 4020 1709 4103 ἐσχεδιασμένοις,
1741 4024 1815 4085 ὡς
1853 4021 2034 4102 ἔτυχε,

2140 4041 2256 4105 tua
2302 4025 2530 4105 scripta
2583 4024 2858 4103 fuerant,
2908 4020 3164 4103 pulchre
3212 4018 3661 4102 intelligebant,
3694 4028 3769 4083 ut

393 4111 483 4169 ml
512 4108 720 4186 μᾶλλον
747 4107 948 4188 ἀνδρῶν
965 4110 1241 4187 τοιοότῶν,
1265 4115 1351 4176 οἷς
1367 4112 1507 4180 πνοὴ
1528 4112 1616 4169 καὶ
1636 4112 1750 4184 ζωὴ
1775 4112 1836 4169 τὸ
1856 4110 2037 4190 λόγοις

2140 4113 2281 4195 yuod
2308 4114 2641 4192 scriptores
2669 4110 2957 4187 latuerat,
2981 4111 3063 4174 ad
3085 4112 3463 4192 propositam
3487 4112 3765 4191 corrige-

390 4196 753 4278 ἰπαγρυπνετν
781 4199 1174 4278 ὶχρημάτισεν.
1198 4197 1404 4281 Igitur
1430 4201 1488 4264 si
1516 4202 1683 4263 circa
1700 4201 2038 4278 imaginum

2140 4210 2251 4267 'ent
2266 4204 2649 4266 sententiam.
2660 4198 2813 4265 Nam
2830 4199 2955 4281 [46]
2966 4206 3212 4282 propter
3224 4201 3589 4281 scriptorum
3608 4200 3769 4261 mul—

388 4287 763 4369 eﬂigiaturaa
814 4294 1144 4369 tantapore
1166 4290 1355 4371 proba
1369 4296 1467 4353 tur
1509 4290 1577 4353 id
1603 4306 1792 4370 genus
1818 4289 2034 4366 studii,
2121 4294 2451 4358 titudinem
2484 4309 2604 4354 non
2631 4289 2855 4354 licebat
2874 4291 2929 4351 ei
2954 4306 3117 4371 stupe
3137 4290 3348 4353 eadem
3374 4287 3680 4352 revolvere
3706 4298 3770 4351 et

385 4378 724 4459 dignumne
760 4377 985 4457 fuerit,
1021 4379 1187 4461 quod
1215 4381 1485 4461 ipsorum
1543 4378 1685 4443 bene
1711 4376 2037 4460 praclare-
2118 4380 2507 4446 intueri.Sed
2524 4378 3562 4460 etsifueritmultuslabor,etmaior
3579 4396 3766 4459 quam

385 4485 503 4549 que
529 4475 701 4547 gesta
733 4467 1160 4550 negligantur,
1194 4476 1252 4532 et
1284 4468 1533 4532 inculta:
1570 4469 1813 4547 iaceant
1842 4467 2034 4530 histo-
2054 4540 2097 4554 _
2117 4490 2233 4554 par
2258 4478 2410 4535 esset
2436 4469 2809 4545 sollicitudo,
2834 4472 2955 4533 imo
2984 4485 3130 4533 vero
3158 4470 3367 4551 digna,
3393 4484 3526 4548 quo:
3555 4469 3622 4528 in
3651 4465 3764 4529 hoc

385 4540 500 4621 rite
529 4540 561 4619 ll
587 4555 727 4620 Non
752 4540 1048 4639 proﬁcio.
1093 4540 1250 4620 Nam
1280 4565 1347 4621 ut
1376 4540 1627 4622 interim
1667 4558 2037 4621 concedatur
2054 4540 2531 4634 Dadhiberetur;
2558 4540 2884 4623 sementem
2906 4566 3112 4622 tamen
3145 4540 3316 4640 longe.
3343 4540 3486 4620 vicit
3506 4558 3679 4639 spica
3702 4564 3763 4621 et

385 4646 877 4726 simplicioribus
930 4648 1135 4719 venia,
1182 4649 1313 4730 qui,
1373 4664 1492 4727 qua
1542 4654 1797 4727 possunt
1853 4663 2035 4724 opera
2116 4669 2309 4734 seges,
2337 4650 2544 4732 qualis
2591 4648 2858 4712 nondum
2889 4649 3011 4726 fuit
3059 4665 3250 4729 usque
3281 4648 3351 4709 in
3396 4643 3761 4708 hodiernam

387 4734 778 4813 tumulturio,
812 4736 1093 4800 divorum
1131 4737 1287 4800 Acta
1333 4735 1719 4800 conscribunt
1755 4755 1769 4798 :
1820 4735 2036 4798 diserti
2117 4744 2300 4806 diem.
2338 4740 2635 4818 Quocirca
2677 4739 2885 4811 etiam,
2918 4738 2977 4799 si
3004 4737 3163 4800 nihil
3192 4736 3367 4800 aliud
3415 4754 3451 4799 α
3483 4737 3616 4800 viro
3647 4735 3762 4798 illo

387 4832 615 4905 tamen,
677 4826 1039 4906 ingenioque
1104 4824 1421 4905 pollentes,
1481 4842 1863 4905 nequaquam
1932 4824 2034 4887 di-
2117 4833 2332 4912 fuisset
2354 4830 2815 4901 elaboratum,et
2833 4827 3099 4890 uenalia
3121 4830 3498 4909 omnia,quce
3518 4825 3609 4890 vel
3628 4828 3761 4889 sin-

383 4914 627 4997 gnandi
651 4914 792 4979 sunt
820 4917 1027 4990 venia,
1059 4917 1139 4991 si,
1173 4915 1331 4997 quod
1360 4916 1620 4995 faciunt,
1659 4915 2039 5002 contemptui
2116 4920 2262 5002 gula
2292 4920 2592 5001 sufﬁciunt
2615 4921 2696 4984 ad
2724 4918 2956 4982 laudem
2982 4915 3458 4993 conciliandam,
3491 4934 3637 4996 opus
3662 4924 3767 4980 ta-

384 5001 634 5081 habent,
685 5003 847 5069 Vitas
894 5012 1272 5081 sanctorum,
1302 5006 1649 5087 praesertim
1698 5005 1755 5066 si
1782 5001 2036 5066 illorum
2119 5001 2261 5073 inm
2293 5009 2416 5073 tale
2440 5012 2767 5091 suscepisse
2798 5015 2854 5071 et
2886 5007 2956 5068 id
3013 5015 3140 5068 tam
3168 5006 3464 5087 praclare
3491 5006 3768 5087 effectum

384 5094 647 5175 spiritus
694 5111 767 5157 ac
796 5095 926 5158 vita
976 5093 1335 5176 invigilavit
1395 5093 1603 5176 libris,
1633 5101 1753 5157 etc.
1804 5093 2036 5175 Ampli-
2119 5099 2489 5176 reddidisse,
2522 5100 2655 5162 viro
2681 5116 2795 5180 pro
2826 5098 3040 5178 quovis
3066 5096 3144 5159 ad
3171 5096 3415 5159 Iaudem
3444 5095 3763 5176 sufﬁceret.

386 5184 657 5250 licaverit
686 5186 887 5262 etiam,
923 5193 987 5248 ut
1036 5186 1357 5266 legentium
1385 5185 1600 5249 animis
1644 5186 2035 5263 satisfaceret,

2186 5187 2448 5269 Aliquas
2467 5189 2657 5251 etiam
2680 5189 3109 5251 conversiones
3129 5187 3469 5250 natantium
3488 5202 3774 5266 pagano-

386 5274 545 5357 quod
582 5281 639 5337 in
671 5275 804 5337 aliis
837 5274 1143 5339 historicis
1186 5275 1479 5351 laudatur,
1515 5274 1928 5359 expetiturque
1957 5276 2030 5338 ab
2112 5299 2235 5340 rum
2256 5284 2319 5340 in
2342 5288 2496 5341 tanto
2524 5297 2786 5341 numero:
2818 5282 3089 5341 miracula
3106 5281 3426 5354 plurima,et
3446 5279 3681 5337 maxima
3708 5277 3775 5335 in

385 5364 689 5443 omnibus,
692 5367 832 5446 jure
858 5368 917 5427 in
940 5364 1336 5446 Metaphraste
1358 5383 1474 5425 non
1499 5366 2027 5446 reprehendimus.
2114 5367 2387 5427 eversione
2405 5367 2734 5440 templorum
2754 5374 2805 5425 et
2824 5367 3339 5439 id0l0rtu't,qu0rum
3358 5365 3517 5422 nulla
3531 5366 3610 5421 est
3628 5379 3776 5419 men-

386 5454 462 5516 At
489 5453 617 5533 [45]
648 5472 752 5517 res
781 5454 911 5536 ipse
940 5470 1139 5516 sacras
1170 5453 1572 5535 pertractavit,
1608 5456 1664 5517 in
1697 5455 1911 5538 quibus
1945 5456 2032 5518 vel
2117 5456 2203 5520 tio
2232 5452 2398 5535 apud
2426 5461 2651 5516 veteres
2701 5453 3046 5515 historicos.
3077 5451 3308 5514 Nullam
3343 5467 3474 5513 esse
3503 5448 3770 5513 mentio-

387 5544 824 5620 lmmutare,vel
844 5542 1070 5607 addere
1086 5560 1324 5605 summa
1357 5542 1587 5623 religio.
1623 5542 1872 5610 Pareant
1890 5545 2035 5608 mihi
2117 5568 2253 5613 nem
2273 5548 2428 5631 apud
2449 5556 2692 5611 veteres
2717 5546 3238 5624 bistoricos,nemo
3256 5562 3417 5621 vere,
3452 5562 3647 5628 neque
3678 5549 3770 5605 in-

387 5635 491 5724 qui
519 5634 633 5703 ista
662 5644 994 5723 apponunt.
1028 5636 1318 5704 Nesciunt
1346 5635 1490 5722 quid
1523 5639 1680 5705 inter
1708 5638 1887 5705 tidem
1918 5640 2035 5704 hu»
2116 5656 2311 5723 genue
2342 5638 2577 5716 dixerit,
2611 5636 2726 5701 nisi
2756 5636 2860 5721 qui
2892 5637 3088 5702 omnia
3115 5636 3497 5718 antiquorum
3545 5651 3763 5700 monu-
