4038 6206
410 383 492 459 43
1779 387 2060 458 LLONIS

2162 384 2441 457 LLATII.
3716 379 3791 456 44

411 537 584 600 teque
608 529 757 586 dicta
777 527 831 584 in
858 528 1297 600 Metaphrastcm
1323 525 1788 584 retundanturNt
1804 541 1831 579 c
1855 525 2060 583 melius
2083 539 2121 584 Α
2145 534 2230 590 est
2248 528 2409 590 sacri
2428 533 2594 590 senis
2616 533 2671 589 et
2694 527 3358 606 anachoretre,Symeon
3380 526 3789 602 admirabilis,

409 619 564 699 sapit
590 619 940 681 Franciscus
962 616 1310 682 Goduvinus
1339 614 1415 675 de
1446 612 1801 693 praesulibus
1834 615 2064 694 Anglia
2145 633 2318 695 quem
2339 617 2405 677 in
2429 617 2591 677 Paro
2610 614 2815 676 insula
2836 619 3214 695 comperisti.
3240 613 3333 696 Et,
3368 633 3476 692 pro
3494 634 3524 676 (ι
3538 616 3796 695 ignitate

409 725 539 788 cap.
565 710 624 768 7.
655 709 733 769 De
756 706 1052 785 Sqmeone
1074 703 1554 784 Metaphraste,si
1583 720 1699 764 non
1722 703 1943 782 suﬁicit
1974 703 2064 766 di-
2145 703 2411 766 laudasti
2428 702 2654 765 Lesbia:
2674 702 3032 775 illustria,et
3055 704 3265 765 divina
3284 707 3796 776 certamina,vere

410 800 595 871 misse,
620 795 781 877 quod
802 795 876 856 de
891 796 1225 855 Sozomeno
1258 789 1538 854 Melchior
1558 791 1786 869 Canus,
1816 793 2064 856 Gracus
2152 792 2551 865 Theoctistos,a
2567 791 2682 853 Deo
2700 792 2760 869 fa
2773 791 3176 870 brirattr,quae
3204 790 3635 872 anqeticam,et
3658 798 3798 852 tan-

409 888 459 945 is
474 888 611 960 fuit,
636 891 685 943 et
707 887 814 942 hac
836 885 993 940 natio
1011 889 1108 949 est,
1132 897 1429 955 semperque
1448 883 1562 954 fuit
1592 883 1666 940 ad
1694 884 2064 940 mentiendum
2147 889 2265 939 tum
2287 898 2399 939 non
2419 884 2791 955 incorporeum
2811 882 3038 940 absolvit
3062 883 3336 953 sapienter
3364 882 3486 938 rita
3501 882 3793 951 rationem,

408 969 906 1052 promptula,[48]
931 983 1112 1046 quam
1138 966 1365 1043 dignus
1386 969 1469 1029 sit
1486 967 1607 1046 ﬁde
1617 968 1851 1047 judice!
1877 970 2063 1030 Baro-
2146 968 2291 1031 Cum
2344 967 2544 1049 itaque
2574 975 2802 1029 certum
2850 967 2946 1041 sit,
2984 966 3156 1027 vitam
3220 967 3372 1027 hanc.
3420 967 3794 1037 Theoctista.

415 1063 583 1138 nius,
619 1060 788 1137 cujus
813 1056 993 1117 verba
1023 1054 1287 1117 libenter
1308 1059 1739 1136 usurpaverim
1762 1057 1833 1117 de
1863 1075 1929 1119 eo
1955 1058 2067 1118 hac
2146 1056 2401 1136 qua[49|
2430 1074 2551 1136 pra
2573 1054 2849 1117 manibus
2878 1060 3142 1116 omnium
3178 1066 3290 1129 est,
3311 1054 3591 1134 scriptam
3614 1052 3800 1115 fuisse

416 1147 476 1203 in
498 1144 885 1202 consolaturus
908 1143 1245 1201 sententiam:
1269 1145 1350 1201 sic.
1376 1146 1524 1202 enim
1548 1146 1659 1202 itte:
1684 1146 1829 1202 Sicut
1850 1146 1906 1200 in
1936 1146 2064 1203 aliis
2148 1164 2181 1206 a
2208 1146 2631 1225 Metaphraste,
2660 1145 2719 1205 in
2753 1161 2942 1225 eaque
2973 1153 3179 1223 agatur
3210 1143 3285 1204 de
3315 1151 3488 1205 atate
3514 1143 3796 1215 auctoris,

414 1232 593 1290 muttis
621 1233 703 1289 ibi
730 1250 766 1289 a
794 1250 848 1288 se
870 1233 1061 1306 positis
1094 1249 1272 1287 errare
1302 1233 1709 1307 Metapltrastem
1738 1242 1945 1290 certum
1967 1241 2064 1300 est,
2148 1240 2375 1295 certum
2427 1252 2663 1314 quoque
2688 1240 2956 1295 remanet
2987 1240 3221 1311 tempus
3274 1230 3583 1311 Symeonis
3612 1230 3801 1293 Meta-

412 1322 494 1379 ita
522 1322 650 1378 etin
672 1323 758 1379 his
780 1320 1173 1378 hattucinatum
1194 1337 1302 1380 esse
1321 1328 1547 1380 constat.
1573 1326 1797 1395 chure
1826 1326 2066 1395 pro/ceto
2152 1322 2429 1402 phrasta.
2460 1320 2840 1402 Quaecunque
2888 1321 3047 1382 enim
3081 1321 3156 1381 de
3205 1338 3270 1381 se
3316 1328 3543 1395 auctor,
3579 1320 3669 1382 vel
3723 1320 3800 1382 de

416 1416 533 1468 tum
561 1409 771 1468 demum
798 1416 1020 1484 poterat
1046 1411 1457 1469 mendacissimi
1504 1410 1786 1469 nebulonis
1824 1412 2071 1484 stigmata
2153 1409 2420 1471 Himerio
2453 1420 2658 1471 contra
2688 1409 2912 1471 Arabes
2940 1410 3172 1470 Cretam
3230 1409 3433 1482 misso,
3470 1417 3692 1484 narrat,
3728 1426 3800 1469 ea

419 1501 866 1581 inurere,quem
891 1504 1059 1576 tor,si
1078 1519 1194 1563 non
1220 1509 1433 1581 quater
1448 1502 1817 1568 mendaciar
1834 1501 2073 1580 falsita-
2156 1516 2412 1560 evenere
2436 1506 2702 1577 tempore
2732 1497 2948 1559 Leonis
2982 1497 3357 1578 imperatoris
3380 1495 3583 1559 Basilii
3612 1496 3802 1560 Mace-

417 1590 494 1652 tis
527 1597 655 1651 tum
681 1591 1023 1669 nuperrime
1047 1591 1327 1667 arguisse
1350 1589 1765 1667 deprehendet,
1800 1592 2073 1670 quisquis
2153 1587 2326 1649 donis
2351 1586 2481 1658 lilii,
2514 1595 2572 1647 et
2603 1584 2966 1649 Constantini
2990 1585 3570 1666 Porphyrogenneta
3591 1585 3795 1665 patris,

413 1678 679 1758 paucula
709 1678 856 1756 folia
884 1679 1081 1740 locum
1112 1677 1284 1739 illum
1315 1679 1724 1757 praecedentia
1752 1678 2068 1741 evaluerit.
2153 1675 2253 1756 qui
2276 1674 2350 1736 ob
2377 1675 2797 1749 doctrinam,et
2818 1675 3077 1755 reliquas
3100 1674 3244 1735 alias
3265 1674 3632 1754 disciplinas,
3665 1675 3797 1755 qui-

418 1765 583 1828 Betle
615 1765 921 1845 equidem.
958 1766 1380 1845 Metaphrastes
1410 1764 1649 1828 Gracus
1682 1781 1770 1828 est
1806 1789 1819 1825 :
1880 1766 2071 1831 Graci
2155 1763 2264 1824 bus
2296 1762 2597 1838 inclaruit,
2625 1764 2909 1842 sapientis
2938 1760 3527 1840 sibicognomentum
3546 1763 3796 1843 accepit.

418 1862 561 1915 sunt
580 1854 835 1935 prompti
859 1854 929 1915 ad
953 1854 1386 1917 mentiendum.
1412 1856 1566 1933 Ergo
1591 1856 1749 1917 nulla
1784 1855 1931 1917 ﬁdes
1958 1854 2070 1916 Me-
2095 1887 2131 1936 8
2153 1851 2409 1913 Addesis
2441 1850 2801 1923 Cedrenum,
2838 1850 3146 1922 Zonaram,
3182 1848 3619 1931 Curopalatem,
3651 1851 3802 1912 reli-

419 1943 733 2023 taphrasta
786 1942 1148 2003 adhibenda.
1203 1940 1495 2019 Sequere,
1528 1961 1739 2005 omnes
1788 1943 2071 2005 Historici
2152 1958 2423 2021 quosque
2455 1939 2738 2001 Ecclesia
2778 1937 2997 2001 Graca
3029 1938 3371 2018 scriptores.
3407 1938 3511 2000 His
3541 1937 3807 2001 Diatriba

417 2031 802 2093 ecclesiastici
851 2030 1218 2110 antiquiores
1272 2030 1459 2093 Graci
1511 2040 1647 2093 sunt
1682 2052 1699 2107 ;
1742 2050 1881 2109 ergo
1914 2033 2070 2094 dicta
2155 2046 2286 2089 mea
2315 2028 2389 2089 de
2421 2027 2628 2090 Psellis
2654 2027 2917 2089 conclusi
2945 2025 3299 2106 Symeonem
3341 2028 3800 2108 Metaphrastem

420 2138 629 2182 eorum
657 2127 796 2179 sunt
819 2118 1166 2197 rejicienda.
1196 2116 1257 2181 Si
1282 2119 1420 2198 quia
1443 2118 1655 2192 Graci,
1682 2119 1818 2181 ideo
1845 2120 1958 2182 tide
1977 2139 2072 2181 ca-

419 2216 833 2286 rent,quanam
864 2206 1093 2267 ratione
1117 2205 1503 2267 snadebimur
1522 2206 1697 2267 dictis
1716 2216 1798 2267 tot
1820 2208 2073 2268 sanctis-

421 2298 703 2356 simorum
739 2297 1002 2368 Patrum,
1038 2303 1119 2355 tot
1139 2293 1527 2355 conciliorum
1546 2294 1835 2356 decretis?
1866 2293 2069 2359 Godu-

422 2385 590 2444 vinus
643 2380 1052 2463 respondebit,
1100 2381 1348 2443 omnino
1399 2400 1610 2444 omnes
1656 2383 1729 2444 ad
1775 2403 1979 2460 unum,
2015 2397 2073 2446 et

424 2489 628 2534 eorum
651 2470 807 2533 dicta
824 2470 1024 2530 omnia
1047 2469 1573 2548 negligenda,quia
1590 2472 1931 2535 Gracoruzn
1958 2474 2065 2534 sci»

421 2559 598 2621 licet:
636 2577 710 2620 ne
736 2568 933 2622 tamen
958 2559 1263 2638 vera,quia
1287 2577 1403 2619 non
1427 2559 1780 2641 probantur,
1809 2579 1915 2622 nec
1935 2568 2071 2622 sunt

423 2665 458 2709 e
485 2646 734 2709 cerebro
764 2646 1166 2707 recentiorum
1224 2646 1666 2710 haereticorum.
1697 2650 1789 2710 An
1842 2648 2070 2711 mentiti

421 2744 561 2796 sunt
581 2752 835 2814 unquam
860 2733 1130 2814 Angli,et
1158 2734 1404 2815 reliqua
1424 2735 1693 2797 nationes
1723 2737 2068 2798 occidenta-

421 2825 604 2899 les,ut
629 2841 847 2902 nempe
878 2831 1151 2903 tanquam
1180 2841 1483 2903 nunquam
1523 2825 1902 2885 mentitorum
1929 2825 2068 2887 ﬁdei

422 2910 783 2973 credamus?
811 2910 963 2973 Male
994 2909 1271 2991 equidem
1308 2930 1441 2972 cum
1490 2912 1738 2973 historia
1771 2921 1893 2974 tum
1926 2931 2071 2992 pro-

424 2998 579 3071 fana,
615 3007 734 3058 tum
766 2998 1178 3060 ecclesiastica
1208 3006 1505 3077 ageretur,
1544 2999 1594 3059 si
1652 3000 1827 3060 tidem
1864 3018 2068 3061 eorum

428 3085 661 3167 penitus
684 3086 1088 3166 vellamus,qui
1112 3085 1429 3166 aliquando
1445 3085 1517 3147 ab
1534 3085 1665 3147 aliis
1679 3086 2071 3167 scriptoribus

429 3173 745 3249 mendacii,
776 3185 874 3236 aut
903 3172 1175 3236 falsitatis
1216 3174 1675 3254 redarguuntur.
1714 3174 1857 3238 Cum
1910 3176 2066 3237 enim

425 3262 701 3325 homines
760 3275 924 3337 sunt,
962 3271 1208 3344 possunt
1266 3263 1323 3323 in
1356 3262 1656 3343 aliquibus
1703 3264 1852 3336 falli,
1888 3273 1947 3326 et
1992 3264 2073 3326 ita

424 3351 681 3414 humana
710 3352 1053 3413 conditione
1085 3361 1367 3432 poscente
1396 3351 1721 3432 sapissime
1766 3351 2071 3427 falluntur,

427 3459 545 3500 non
596 3441 675 3502 ita
708 3450 930 3517 tamen,
965 3449 1027 3500 ut
1082 3440 1264 3501 multo
1298 3440 1517 3521 sapius
1571 3457 1712 3501 vera
1747 3460 1867 3502 non
1915 3459 2073 3503 nun-

428 3529 595 3599 tient,
630 3541 688 3589 et
721 3531 797 3588 ita
822 3530 937 3588 sint
971 3537 1031 3590 ut
1067 3528 1175 3606 ipsi
1213 3528 1440 3601 dicunt,
1474 3536 1535 3588 et
1567 3537 1833 3590 narrant.

511 3616 800 3677 Baronius
833 3615 893 3676 in
925 3616 1257 3677 Annalibus
1286 3624 1422 3677 ante
1455 3635 1673 3679 annum
1716 3618 1855 3692 859,
1885 3616 2069 3682 Meta-

428 3705 730 3785 phrastem
762 3704 975 3764 vixisse
1003 3704 1227 3782 colligit
1251 3724 1320 3765 ex
1339 3713 1517 3767 atate
1536 3705 1838 3768 Michaelis
1865 3706 2067 3784 Pselli,

2154 2117 2421 2177 Vitarum
2457 2117 2803 2196 scriptorem
2835 2114 2945 2176 sub
2981 2117 3179 2178 Leone
3210 2116 3502 2189 ﬂoruisse,
3542 2118 3808 2178 muneri-

2161 2204 2269 2266 bus
2295 2224 2362 2265 ac
2393 2204 2779 2284 dignitatibus
2817 2212 3090 2265 auctum:
3124 2202 3236 2265 sub
3277 2206 3487 2266 eodem
3522 2205 3803 2286 scriptio-

2154 2313 2292 2354 nem
2349 2312 2622 2355 exorsum
2676 2311 2833 2368 esse,
2879 2302 2939 2355 et
2991 2291 3100 2353 sub
3154 2294 3541 2354 Constantino
3593 2293 3806 2355 Leonis

2156 2383 2300 2457 tilio,
2336 2391 2636 2461 etnepote
2669 2383 2960 2453 Romano,
2996 2390 3165 2443 atate
3196 2382 3370 2443 etiam
3406 2383 3798 2464 provectiore,

2152 2472 2404 2533 assiduis
2444 2470 2751 2531 laboribus
2778 2469 3129 2531 absolvisse.

2234 2556 2371 2621 Hac
2420 2560 2796 2620 doctissimus
2846 2558 3170 2621 Bollandus
3203 2578 3318 2620 non
3373 2578 3801 2642 usquequaque

2153 2647 2441 2729 probavit.
2473 2647 2603 2709 Non
2625 2655 2765 2709 erat
2783 2656 2921 2709 tum
2952 2647 3275 2710 admodum
3307 2655 3458 2710 natu
3486 2659 3801 2728 provectus

2150 2739 2619 2812 Metaphrostes,ut
2640 2741 2733 2811 qui
2752 2740 3109 2812 imperatoriae
3129 2741 3348 2797 uirtutis
3368 2740 3678 2811 tyrocinium
3696 2755 3795 2813 po-

2152 2842 2295 2886 nere
2333 2825 2442 2887 sub
2463 2832 2745 2887 veterano
2774 2826 2925 2888 duce
2940 2827 3286 2904 juberetur.
3324 2825 3526 2888 Fuerit
3545 2833 3689 2888 tunc
3719 2826 3799 2888 20

2151 2920 2262 2974 aut
2283 2912 2359 2973 22
2378 2930 2677 2975 annorum
2701 2933 2720 2973 :
2743 2919 2937 2994 potuit
2964 2916 3154 2994 igitur
3174 2931 3404 2976 annum
3422 2912 3649 2977 Christi
3676 2914 3793 2975 957

2150 3005 2255 3062 aut
2276 3000 2397 3064 960
2412 3002 2595 3063 vitam
2617 3002 2830 3064 deinde
2846 3003 3391 3084 producere,atque
3413 3003 3498 3064 ita
3511 3003 3620 3065 sub
3637 3002 3797 3065 Con-

2150 3092 2426 3151 stantino
2458 3089 2982 3171 Porphyrogenito
3016 3094 3227 3153 Leonis
3253 3090 3380 3172 ﬁlio
3412 3099 3540 3154 tum
3575 3090 3798 3154 Theoc-

2153 3181 2319 3241 tistes
2338 3198 2465 3240 eam
2493 3178 2838 3255 Vitam,tum
2856 3178 2983 3243 alia
3006 3181 3279 3243 divorum
3297 3188 3433 3242 acta
3455 3198 3583 3242 eum
3602 3179 3804 3243 elucu-

2156 3268 2364 3329 braase
2395 3275 2616 3330 certum
2638 3268 2897 3343 videtur,
2920 3286 3041 3330 non
3070 3276 3131 3331 ut
3155 3268 3419 3331 Attatius
3440 3287 3488 3331 sc
3504 3268 3676 3349 ribit,
3702 3271 3812 3331 sub

2155 3364 2414 3418 Leoneet
2436 3355 3003 3420 Constantino.N0n
3033 3361 3098 3419 in
3131 3358 3245 3420 hac
3273 3356 3405 3420 Vita
3425 3355 3687 3419 Leonem
3709 3359 3812 3420 di-

2153 3453 2313 3506 serte
2327 3447 2419 3502 τὸν
2441 3449 2762 3524 μακαρίτην,
2795 3445 2996 3525 [elicis
3028 3451 3330 3509 memoria
3355 3446 3655 3526 appet/at,
3686 3464 3808 3526 qua

2157 3534 2398 3595 ratione
2421 3532 2585 3612 loqui
2609 3535 2681 3596 de
2703 3536 2961 3597 mortuis
2982 3534 3339 3599 solemus.Si
3359 3552 3428 3597 eo
3445 3538 3651 3614 prima
3678 3537 3806 3616 ejus

2155 3626 2537 3683 Commentatio
2564 3626 2698 3698 fuit,
2730 3626 2873 3684 nihil
2890 3628 3061 3699 igitur
3084 3626 3181 3683 sub
3209 3628 3382 3684 Lemn
3408 3628 3643 3700 scripsit,
3667 3628 3807 3700 quod

2153 3710 2393 3790 quidem
2415 3712 2671 3773 ediderit
2692 3716 2755 3773 in
2772 3715 2961 3774 lucem
2989 3710 3198 3791 Neque
3214 3714 3257 3774 Α
3270 3712 3577 3775 lexandro
3595 3731 3803 3777 rerum

428 3796 526 3873 qui
559 3811 629 3855 eo
651 3810 808 3854 anno
830 3792 1084 3868 vivebat,
1110 3802 1169 3856 et
1199 3793 1532 3856 orationem
1559 3794 1617 3855 in
1647 3794 1813 3857 illum
1840 3795 2069 3859 habuc-
2146 3803 2404 3874 potiente,
2437 3804 2517 3861 ita
2547 3803 2781 3861 laudare
2820 3804 3122 3861 Himerium
3141 3819 3309 3860 ausus
3328 3809 3480 3862 esset.
3517 3804 3801 3879 Prmeipue

429 3890 665 3956 rat,qua
689 3881 901 3942 asserit
929 3881 1003 3942 de
1028 3883 1157 3959 ejus
1179 3880 1341 3943 obitu
1368 3881 1610 3945 audisse
1640 3887 1870 3965 cos,qui
1898 3884 2068 3947 vide-

427 3969 817 4044 rant,felicem
844 3969 1027 4048 ipsius
1044 3969 1114 4030 ad
1139 3968 1326 4031 Deum
1356 3971 1893 4045 transitquuare
1914 3973 2073 4035 circa

429 4074 648 4118 annnm
682 4056 989 4117 minimum
1017 4057 1578 4137 octingentesimum
1612 4061 2070 4141 Metaphrastem

430 4144 703 4207 ﬂoruisse
734 4163 980 4207 necesse
1006 4147 1226 4227 est,qui
1261 4164 1412 4208 anno
1433 4147 1932 4229 859.jampridem
1963 4150 2072 4211 de-

430 4232 666 4294 functus
687 4233 979 4296 laudatur.
1008 4234 1325 4297 Baronium
1356 4236 1544 4297 secuti
1567 4246 1702 4298 sunt
1729 4238 1927 4317 plures
1950 4237 2073 4314 alii,

2153 3885 2427 3966 publicas
2454 3905 2553 3949 res
2584 3894 2847 3951 tractare
2877 3888 2987 3950 sub
3020 3887 3212 3950 Leone
3236 3895 3434 3967 capit.
3481 3888 3590 3950 Alii
3622 3892 3797 3952 etiam

2154 3974 2400 4049 addunt,
2424 3978 2601 4039 valde
2630 3975 3135 4041 adolescentulum
3178 3978 3244 4039 in
3277 3979 3519 4040 Cretam
3557 3979 3797 4059 profec-

2155 4070 2281 4126 tum
2310 4065 2520 4141 fuisse.
2551 4064 2885 4127 Pendamus
2911 4082 3039 4127 rem
3062 4083 3169 4126 suo
3202 4064 3487 4144 pondere.
3519 4065 3703 4147 quue
3735 4077 3803 4130 ut

2153 4151 2492 4214 accuratius
2512 4153 2814 4227 succedat,
2840 4152 3016 4214 verba
3038 4152 3350 4233 Symeonis
3380 4154 3698 4217 recitemus
3729 4173 3801 4217 ex

2156 4238 2289 4303 Vita
2337 4249 2556 4303 sancta
2590 4240 2985 4305 Theoctistes.
3046 4247 3321 4317 Γενομένῳ
3351 4247 3440 4317 μοί
3489 4265 3619 4300 ποτε
3665 4244 3801 4300 κατὰ

430 4340 579 4401 quos
601 4322 697 4383 hic
715 4340 1185 4386 commemorare
1209 4342 1456 4387 necesse
1482 4343 1601 4387 non
1626 4334 1735 4388 est:
1764 4326 2070 4389 sententia

2157 4330 2255 4396 τὴν
2289 4331 2481 4405 Πάρὸν.
2510 4329 2700 4407 Γέγονε
2724 4329 2802 4409 δέ,
2832 4332 2927 4388 Καὶ
2950 4330 3049 4407 γὰρ
3080 4329 3164 4386 ἐπὶ
3196 4333 3406 4400 Κρήτη-ο
3437 4328 3678 4388 διέπλεον
3698 4333 3801 4390 ὑπὸ

428 4409 877 4471 fundamentum
905 4411 1131 4473 nullum
1156 4412 1313 4474 aliud
1348 4413 1664 4495 erit,quam
1699 4414 1927 4477 Psellus
1946 4413 2076 4494 ipse

2158 4425 2249 4474 τοῦ
2317 4419 2609 4497 μακαρίτου
2668 4418 2897 4484 Λέοντος
2954 4418 3129 4475 ἐκεῖσε
3200 4420 3480 4498 ’πεμφθεὶς²
3545 4419 3798 4495 Λέοντος⁹

431 4498 726 4587 Grationis
746 4509 974 4562 auctor:
1009 4519 1141 4562 nam
1172 4502 1326 4563 idem
1352 4501 1561 4581 ipsein
1590 4504 1858 4581 ejusdem
1885 4505 2070 4566 Meta-

2159 4507 2319 4587 φημὶ,
2353 4505 2444 4562 τοῦ
2474 4505 2728 4586 εὗνυχοῦς
2786 4506 2950 4571 ὄντως
2983 4506 3269 4583 βασιλέως,
3303 4510 3391 4563 καὶ
3421 4507 3519 4573 τὴν
3549 4506 3800 4587 εὐτυχίαν

388 4636 397 4643 .
432 4586 685 4668 phrasta
703 4589 1244 4665 venerationem,ac
1266 4571 1485 4652 cultum
1511 4571 1771 4654 ofﬁcium
1799 4599 1856 4653 in
1874 4591 2070 4655 Eccle-

2163 4571 2436 4669 "pupath
2491 4600 2568 4668 τῷ
2597 4571 2785 4673 ’.τάφῳ
2854 4571 3267 4669 aveoaqmocf
3319 4571 3713 4670 'Enapturipnv"
3741 4594 3801 4653 δὲ

429 4676 516 4737 sia
544 4676 983 4739 concinendum
1017 4681 1369 4759 composuit.
1407 4682 1461 4742 ls
1493 4679 1556 4741 in
1587 4680 1834 4743 canonis
1861 4680 1973 4742 ode
2010 4683 2071 4759 ὅ,

430 4764 616 4826 refert
635 4765 799 4826 illum
835 4766 1086 4828 consilio
1109 4776 1283 4849 atque.
1306 4768 1531 4829 monitu
1556 4770 1709 4831 Parii
1740 4770 2072 4832 anachore-

432 4860 504 4914 ta
530 4871 746 4916 munus
776 4872 1113 4934 aggressum
1163 4856 1486 4930 scribendi,
1522 4860 1775 4937 primum
1807 4858 2072 4920 omnium

432 4942 793 5023 colloquium
848 4943 995 5005 illud
1026 4944 1360 5024 scripsisse,
1392 4955 1450 5007 et
1497 4946 1851 5007 Theoctista
1880 4944 2070 5010 Vitam

432 5032 713 5112 graphice
735 5032 1054 5094 admddum
1074 5032 1412 5095 celebrasse
1439 5056 1453 5092 :
1487 5036 1559 5093 τὸ
1580 5038 1788 5112 πρῶτόν
1819 5057 1911 5092 σου
1939 5036 2073 5114 σύγ-

430 5142 650 5199 γρςμμα
692 5121 753 5177 ἐκ
794 5124 1040 5199 προνοίας
1092 5125 1306 5196 Osuiu,
1337 5123 1427 5178 καὶ
1485 5122 1703 5197 ὁμιλίας
1755 5126 1939 5201 γέγονε
1980 5123 2075 5180 τοῦ

402 5211 572 5287 ηἱερδῦ
629 5208 923 5287 πρεσϐύτου
984 5212 1071 5265 καὶ
1127 5218 1415 5285 μονπιστοῠ,
1451 5212 1673 5286 Συμεὼν
1716 5211 1982 5287 θεσπέσιε,
2015 5211 2075 5267 ὃν

430 5297 487 5353 ἐν
546 5298 703 5376 Πάρῳ
744 5299 811 5372 τῇ
867 5299 1015 5369 νήσῳ
1057 5297 1414 5375 τεθεώρηκας.
1474 5296 1563 5371 Et,
1618 5298 1803 5367 Ἀξίως
1845 5297 2069 5377 satam.

430 5405 523 5445 σας
542 5384 638 5450 τῆς
671 5382 892 5446 Λεσϐίας
918 5386 981 5440 τὰ
1010 5384 1231 5461 λαμπρὰ
1259 5387 1347 5442 καὶ
1375 5390 1493 5444 θεῖα
1524 5387 1889 5467 ἀγωνίσματα,
1913 5396 2072 5445 Θεοκ-

430 5469 612 5535 τὶστης
661 5472 755 5539 τῆς
786 5472 949 5537 ὄντως
980 5472 1266 5551 ἆγγελικὸν
1297 5476 1486 5552 μικροῦ
1541 5478 1631 5533 καί
1662 5477 1944 5551 ἀσώματον
1975 5497 2068 5532 τε·

430 5555 662 5624 λεσάσης
706 5562 989 5641 πανσόφως
1018 5568 1078 5619 τὸ
1134 5562 1450 5640 πολίτευμα,
1512 5564 1721 5627 Prima
1748 5570 1853 5627 tua
1905 5580 2069 5628 com-

433 5648 723 5710 mentatio
753 5664 829 5710 ea:
856 5648 1066 5713 divina
1083 5649 1557 5734 providentia,et
1583 5652 1882 5734 colloquia
1904 5654 2070 5732 facta

2158 4682 2637 4760 συστρατευόμενος
2699 4674 2932 4761 Ἠμερίῳ
2991 4688 3064 4756 τῷ
3120 4684 3279 4757 πάνυ,
3314 4689 3390 4758 τῷ
3421 4704 3802 4763 στρατηγικω-

2157 4772 2301 4845 τάτῳ
2354 4769 2561 4838 δηλαδὴ
2603 4770 2699 4827 καὶ
2751 4772 2972 4852 ἄρχοντι
3028 4778 3121 4828 τοῦ
3182 4794 3241 4827 τε
3298 4770 3513 4850 δρόμου,
3566 4775 3653 4829 καὶ
3707 4780 3801 4830 τοῦ

2156 4857 2347 4918 στολου
2402 4864 2621 4934 παντὸς,
2656 4859 2689 4927 ἢ
2721 4860 2844 4937 τόγε
2896 4858 3247 4937 ἀληθέστερον
3294 4859 3680 4936 ποιησάμενος,
3711 4861 3801 4919 καὶ

2156 4948 2319 5025 μικρὰ
2371 4948 2552 5005 τούτου
2603 4949 2853 5023 μνησθεὶς
2908 4947 3151 5021 ἀτιμάσω
3207 4949 3301 5004 τὸν
3358 4946 3514 5026 ἄνδρα
3561 4948 3646 5006 ἐπὶ
3701 4948 3801 5017 τὴν

2156 5045 2423 5117 παροῦσαν
2481 5040 2613 5102 τέως
2670 5039 2914 5095 ὑπόθεσιν
2970 5039 3114 5115 εἶμι,
3174 5037 3374 5096 ἐκείνου
3434 5040 3568 5095 κατὰ
3616 5041 3802 5119 καιρὸν

2156 5127 2621 5203 μνησθησόμενος.
2685 5125 3052 5203 Ἐστελλόμην
3124 5137 3401 5205 τοιγαροῦν
3480 5135 3633 5186 τοῦτο
3701 5130 3803 5205 μὲν

2157 5216 2340 5287 εκείνῳ
2437 5215 2916 5293 συστρατευόμενος
2951 5262 2968 5289 ,
3039 5218 3126 5273 καὶ
3208 5213 3656 5295 προϐιϐαζόμενος
3726 5219 3804 5282 εἷς

2151 5317 2344 5383 πεῖραν
2433 5303 2720 5381 «participi
2754 5352 2771 5384 ,
2846 5306 2938 5361 oi:
3018 5303 3199 5369 πῶλος
3282 5306 3444 5382 μητρὶ
3513 5307 3643 5383 πρὸς
3730 5305 3800 5362 τὰ

2152 5392 2497 5470 γενναιότατα
2560 5398 2664 5449 τῶν
2738 5394 3199 5470 στρατηγημάτων
3269 5394 3584 5470 συσκαίρων.
3645 5397 3801 5452 Οὕτω

2151 5483 2250 5559 γὰρ
2319 5482 2386 5550 ἦν
2455 5484 2483 5538 ὁ
2551 5482 2645 5538 τοῦ
2699 5482 2990 5559 μακαρίτου
3056 5502 3159 5556 μου
3229 5480 3495 5545 Βασιλέως
3570 5481 3794 5548 σκοπός·

2150 5575 2307 5627 τοῦτο
2376 5568 2431 5627 δὲ
2510 5567 2930 5649 πρεσϐευόμενος
3002 5571 3129 5647 πρὸς
3201 5572 3320 5633 τους
3407 5571 3503 5638 τὴν
3579 5572 3795 5651 Κρήτην

2151 5657 2376 5741 ἔχοντας
2396 5656 2657 5741 Ἄραϐας.
2693 5659 2841 5723 Cum
2862 5655 3197 5739 aliquando
3225 5659 3291 5721 in
3318 5656 3474 5720 Paro
3492 5673 3673 5723 essem
3692 5658 3796 5724 in-
