4038 6206
265 348 345 416 45

957 357 1053 420 DE
1111 357 1454 420 SCR-IPTIS
1495 356 1876 420 SYMEONIS
1927 349 2518 420 METAPHRASTZE
2562 353 2951 420 DIATRIBA.

3565 339 3643 422 46

263 483 402 544 suta
436 503 450 546 :
485 487 582 562 fui
611 495 834 561 autem,
873 504 1012 548 nam
1040 489 1109 548 in
1158 489 1406 549 Cretam
1454 488 1814 566 navigabam
1864 506 1900 549 a
1924 495 1960 543 Α
1988 486 2817 550 PartimadArabasCretam
2832 487 3174 550 obtinentes
3196 486 3644 568 legatione/im-

265 569 463 634 Leone
491 573 674 636 beatae
699 578 1016 636 memoriae
1039 593 1107 637 eo
1130 578 1372 651 missus,
1406 580 1624 652 Leone,
1654 579 1716 639 in
1740 595 1922 658 quam
2006 594 2198 654 gerer.
2227 575 2310 637 Ne
2332 576 2428 637 hic
2451 574 2872 652 reieram,quae
2900 576 3064 638 Plato
3093 574 3287 636 Iib.xu
3307 574 3391 638 De
3413 575 3642 655 legibus

264 661 376 721 illo
405 679 544 724 vere
561 666 880 738 fortunato
902 666 1404 745 imperatore,qui
1424 669 1611 744 ipsam
1637 666 1923 728 Romano-

258 767 388 807 rum
413 756 743 824 felicitatem
773 772 954 812 secum
982 757 1201 812 videtur
1233 758 1289 814 in
1315 758 1624 830 sepulcrum
1650 759 1918 816 intulisse.

265 834 523 894 Mittebar
543 849 719 895 autem
743 857 849 896 una
872 842 1114 898 militans
1133 856 1162 896 ο
1177 857 1265 897 um
1285 843 1586 899 clarissima
1609 843 1702 898 illa
1726 841 1917 899 Hime-

260 923 367 985 rio,
377 928 556 994 utpote
573 925 799 981 ducendi
810 927 1080 982 exercitus
1089 928 1204 996 peri
1208 925 1332 983 tissi
1337 943 1434 988 ma,
1446 925 1626 981 Dromi
1631 927 1891 998 praefecto
1903 965 1918 991 ,

257 1013 350 1085 qui
377 1014 431 1064 et
460 1009 732 1064 universa!
759 1009 927 1064 classi
944 1008 1261 1081 imperabat,
1293 1015 1410 1079 aut,
1432 1015 1494 1066 ut
1513 1011 1691 1065 verius
1712 1009 1915 1071 dicam.

2006 664 2226 740 statuit,
2273 665 2527 744 majores
2569 665 2740 725 annis
2771 664 3198 744 quinquaginta
3227 664 3298 726 ad
3336 664 3640 745 publicum

2008 771 2220 813 munus
2245 771 2494 832 peregre
2520 753 2674 813 mitti
2702 775 2714 810 :
2740 753 2995 832 ideoque
3018 751 3262 832 πρέσϐεις
3285 752 3424 830 dici,
3444 772 3635 832 senes,

2003 847 2150 902 natu
2179 842 2553 918 grandiores,
2590 848 2763 903 aetate
2792 847 3097 922 provecta.
3127 839 3198 901 Et
3225 842 3383 922 quod
3414 841 3641 905 Plinius

2002 935 2322 1010 scripserat
2353 931 2424 991 ad
2455 929 2799 1008 Trajanum.
2838 932 3098 992 Cautum
3123 937 3236 1003 est,
3268 931 3529 1006 domine,
3562 948 3640 996 ne

2002 1021 2140 1097 quis
2161 1019 2355 1098 capiat
2379 1019 2852 1098 magistrorum,
2870 1036 3022 1080 neve
3036 1019 3114 1080 sit
3130 1020 3192 1080 in
3205 1028 3416 1080 senatu
3439 1021 3643 1082 minor

260 1099 404 1168 ipsis
427 1093 603 1188 animi
621 1092 1158 1187 perturbationibus;
1181 1093 1274 1149 sed
1297 1110 1356 1147 ne
1387 1093 1568 1149 multis
1597 1094 1906 1164 επεν-σπάσα

1999 1092 2295 1169 annorum
2314 1092 2580 1186 triginta.
2596 1108 2746 1168 Ante
2761 1092 2918 1169 enim
2942 1107 3099 1168 illam
3121 1113 3350 1168 aetatem
3365 1108 3641 1171 homines

256 1179 526 1277 δίξὲξίίθνδ
547 1177 987 1277 δείν’,νῗνίίξαηξ
1009 1178 1130 1234 Ml"
1153 1177 1267 1277 [ξω
1292 1177 1729 1277 αάηξίηξδίναηίξί
1747 1177 1917 1277 "by"
1999 1215 2193 1276 neque
2221 1197 2336 1274 [51]
2363 1177 2561 1257 rerum
2588 1195 2982 1275 gerendarum
3009 1216 3141 1270 usu,
3167 1214 3361 1277 neque
3380 1197 3640 1260 auctori-

256 1262 713 1363 attingensJeai
724 1264 851 1330 eius
868 1264 1026 1337 facta
1050 1270 1314 1325 mention
1323 1263 1628 1336 e,dedecus
1649 1264 1707 1324 ei
1717 1264 1906 1342 potius

1997 1262 2113 1346 tate
2129 1262 2284 1365 apud
2308 1262 2432 1360 eos,
2461 1262 2676 1363 quibvus
2700 1285 3068 1364 persuadere
3099 1262 3413 1361 conantur,
3442 1285 3638 1348 excel-

255 1355 472 1415 ridear
507 1351 824 1425 inussisse,
855 1351 933 1412 ad
952 1353 1324 1431 propositam
1353 1353 1587 1412 interea
1611 1352 1911 1412 narratio-

254 1459 400 1503 nem
429 1441 622 1511 redeo,
649 1438 720 1499 de
742 1457 805 1500 eo
831 1441 1231 1517 appartunius
1258 1440 1534 1501 dicturus
1555 1439 1732 1500 alias.
1760 1438 1906 1500 Mit-

255 1530 431 1593 tebar
453 1531 643 1608 igitur
661 1531 893 1606 partim
915 1545 1047 1589 cum
1069 1545 1134 1589 ea
1156 1527 1520 1606 militans,et
1541 1528 1623 1587 ad
1645 1531 1904 1606 impera-

257 1625 442 1681 toria
463 1619 616 1678 artis
636 1618 1058 1679 documentum
1088 1617 1336 1696 aliquod
1355 1616 1811 1696 pramoaendus,
1837 1622 1904 1678 ut

253 1710 522 1787 equulus
542 1705 835 1776 matri,ad
845 1706 1144 1784 praeclara
1167 1707 1299 1782 ejus
1318 1713 1796 1781 stratagementa
1814 1725 1904 1765 as-

253 1800 498 1858 siliens:
516 1795 580 1856 id
604 1797 764 1856 enim
785 1795 1414 1874 praecipueAugustus
1428 1793 1756 1870 spectabat:
1771 1813 1903 1870 par-
1932 1846 1968 1897 Β

253 1899 350 1953 tim
372 1902 438 1952 ut
458 1895 530 1950 ad
552 1896 770 1951 Arabas
789 1894 1000 1950 Cretam
1019 1893 1311 1950 obtinentes
1340 1893 1604 1964 legatione
1631 1894 1901 1964 fungerer.

334 1991 591 2052 Planum
620 1997 732 2061 est,
759 1987 897 2047 dum
927 1987 1052 2047 haec
1073 1995 1460 2066 componeret
1482 1985 1908 2064 Metaphrastes

248 2081 518 2142 Leonem
543 2079 967 2156 imperatorem
986 2076 1096 2136 vita
1114 2075 1462 2136 defunctum
1487 2073 1816 2148 fuisse,non
1836 2092 1904 2136 ex

245 2166 502 2229 verbulo
538 2174 788 2240 tantum,
825 2176 926 2224 Τοῦ
957 2166 1272 2242 μακαρίτου,
1310 2163 1412 2224 sed
1450 2163 1605 2242 quod
1638 2161 1695 2222 id
1725 2180 1902 2242 aper-

242 2255 500 2318 tissimis
558 2253 761 2316 verbis
821 2254 1193 2326 enuntietur,
1256 2253 1478 2315 Λέοντυς
1513 2299 1527 2323 ,
1590 2254 1751 2331 φημὶ,
1812 2261 1904 2308 τοῦ

244 2348 509 2424 εὖτυχοῦς
567 2344 732 2404 ὄντως
765 2342 1050 2420 βασιλέως,
1087 2343 1170 2398 καί
1201 2343 1296 2408 τὴν
1328 2342 1572 2419 εὐτυχίαν
1626 2340 1904 2414 Ῥωμαίων

244 2443 322 2508 τῷ
377 2435 530 2512 τάφῳ
575 2432 963 2506 άναθάψαντοξ.
1025 2432 1235 2503 Leone,
1293 2431 1567 2508 inquam,
1621 2427 1736 2490 illa
1766 2447 1906 2490 υϐνϐ

251 2527 560 2598 fortunato
583 2524 974 2599 imperatore,
1010 2520 1115 2598 qui
1145 2520 1332 2596 ipsam
1371 2516 1781 2578 Romanorum
1810 2517 1903 2595 fe-

260 2612 559 2672 licitatem
596 2626 797 2669 secum
843 2609 1086 2668 videtur
1119 2609 1182 2667 in
1214 2606 1555 2685 sepulcrum
1597 2605 1902 2670 intulisse.

255 2699 380 2760 Risi
405 2699 714 2777 saepius,ut
739 2697 849 2756 hoc
870 2714 1110 2776 quoque
1130 2696 1222 2756 hic
1241 2693 1576 2768 obiter,etsi
1602 2712 1717 2755 non
1744 2702 1905 2756 extra

250 2791 567 2848 materiam
593 2782 1251 2859 obseneni,ridiculam
1274 2781 1613 2844 Genebardi
1647 2784 1702 2844 in
1724 2783 1906 2844 Chro-

246 2877 387 2937 nico
418 2894 576 2936 anno
599 2873 1047 2936 anteChristum
1070 2871 1904 2952 263interpretationem,qui

246 2973 496 3026 vertens
557 2963 658 3024 illa
714 2961 910 3023 Suidaa
967 2960 1042 3022 de
1095 2959 1387 3040 Symeone
1459 2960 1901 3039 Metaphraste,

247 3058 342 3112 Ἐν
403 3059 472 3130 τῇ
521 3060 611 3109 τοῦ
659 3053 953 3128 μακαρίτου
987 3050 1276 3127 Λογοθέτου
1307 3070 1566 3127 μεταφσει
1600 3050 1667 3124 τῇ
1717 3051 1790 3113 εἷς
1844 3054 1904 3106 τό

1994 1373 2123 1434 lunt
2154 1395 2167 1433 :
2205 1374 2324 1434 imo
2358 1373 2511 1434 dolis
2543 1376 2722 1434 etiam
2757 1373 2911 1434 haud
2949 1372 3268 1434 difﬁculter
3297 1374 3632 1453 capiuntur,

1990 1462 2144 1542 quod
2171 1463 2244 1524 de
2268 1461 2385 1523 illis
2413 1461 2745 1523 enuntiarat
2763 1461 2944 1524 Arist.
2969 1460 3072 1523 lib.
3091 1477 3129 1522 ll
3149 1460 3632 1528 Rhetoricorum.

2070 1549 2241 1612 Addo
2290 1549 2468 1612 verba
2522 1549 2754 1628 Synesii
2808 1550 2882 1611 de
2926 1547 3128 1629 Regna
3163 1548 3237 1610 ad
3269 1549 3630 1615 Arcadium:

1991 1630 2229 1719 ’ἰσχυρόν
2262 1641 2361 1718 γὰρ
2391 1642 2424 1709 ή
2461 1641 2645 1718 νεὸρης
2681 1632 2762 1719 ἐφ(
2794 1639 3014 1716 ἐκὰτερα
3047 1637 3206 1718 ῥοπῇ,
3244 1639 3422 1718 ὥσπερ
3451 1641 3500 1696 ot
3528 1661 3636 1698 πο-

1986 1736 2143 1803 ταμοί
2172 1727 2294 1792 ταῖς
2324 1727 2578 1791 δοθείσαις
2609 1727 2742 1784 οδὼν
2773 1726 3039 1807 άφορμαῗς
3073 1726 3470 1806 ἀπληστότερον
3496 1729 3630 1785 ἑπι-

1990 1817 2290 1896 ξέρχονται.
2319 1814 2644 1877 Vehemens
2662 1823 2750 1877 est
2771 1818 3032 1896 impetus
3046 1817 3308 1876 inventae
3329 1817 3392 1876 in
3409 1823 3635 1878 utram-

1990 1922 2099 1983 que
2117 1913 2369 1984 partem,
2395 1921 2518 1965 non
2538 1903 2721 1966 aliter
2747 1923 2817 1965 ar
2835 1921 3069 1977 amnes,
3094 1921 3220 1982 qua
3242 1905 3339 1965 via
3361 1904 3504 1965 data
3521 1910 3630 1981 est,

1990 1994 2404 2073 eruptionibus
2429 1991 2576 2055 illuc
2605 2000 2941 2054 excurrunt
2969 1992 3234 2054 avidius.
3269 1991 3520 2054 Lubrica
3544 2001 3633 2055 est

1991 2082 2254 2143 moribus
2285 2089 2458 2144 aetas.
2515 2086 2640 2142 Imo
2673 2081 2723 2142 si
2757 2099 2957 2144 verum
3006 2087 3116 2156 est,
3153 2079 3308 2160 quod
3343 2099 3452 2142 nos
3483 2099 3631 2144 con-

1983 2171 2217 2250 jectura
2249 2190 2365 2232 non
2399 2170 2692 2233 leviducti
2715 2170 3117 2245 asseruimus;
3148 2187 3340 2250 neque
3362 2188 3491 2232 eam
3519 2169 3631 2232 im-

1989 2259 2255 2340 probavit
2279 2261 2625 2336 Bollandus,
2652 2257 3007 2340 Symeonem
3032 2277 3065 2319 a
3095 2259 3348 2320 secretis
3371 2258 3482 2320 sub
3513 2259 3630 2322 hoc

1988 2347 2206 2422 Leone,
2241 2349 2342 2428 qui
2372 2367 2581 2411 aurum
2617 2367 2650 2410 a
2679 2347 3051 2428 Rodophyllo
3113 2347 3397 2409 relictum
3454 2347 3637 2410 Leoni

1986 2437 2285 2516 Tripolitze
2331 2437 2537 2498 infami
2595 2443 2877 2516 apostatae
2929 2434 3251 2508 obtulerat,
3289 2443 3352 2495 ut
3381 2453 3522 2498 eum
3554 2435 3627 2497 ab

1990 2525 2220 2586 excidio
2246 2524 2770 2586 Thessalonicensi
2795 2531 3113 2596 averteret,
3147 2522 3402 2601 ideoque
3425 2523 3627 2601 digni-

1990 2613 2206 2675 tatibus
2233 2621 2470 2675 auctum
2516 2613 2589 2674 ab
2621 2613 3007 2691 imperatore,
3049 2629 3166 2670 non
3200 2610 3383 2670 alium
3417 2611 3622 2686 fuisse,

1987 2721 2162 2782 quam
2190 2704 2541 2783 Symeonem
2572 2702 2728 2761 hunc
2762 2699 3246 2778 Metaphrastem,
3275 2697 3398 2776 jam
3435 2697 3622 2760 habe-

1989 2809 2118 2853 mus
2147 2791 2504 2865 certissime,
2527 2789 2888 2870 Symeonem
2913 2805 2982 2848 eo
3009 2794 3124 2847 tem
3136 2803 3303 2865 pore,
3330 2804 3448 2865 quo
3471 2787 3624 2850 Cre-

1989 2887 2106 2940 tam
2163 2878 2552 2956 adnavigabat
2603 2884 2769 2938 aetate
2828 2876 3066 2956 plenum
3123 2873 3328 2949 fuisse,
3397 2883 3623 2937 tantum

1984 2967 2171 3042 abest,
2211 2976 2274 3029 ut
2303 2967 2474 3030 valde
2502 2965 2985 3028 adolescentulus
3015 2974 3197 3037 esset,
3257 2970 3315 3023 et
3345 2962 3504 3024 intra
3532 2963 3624 3025 vi-

1985 3055 2128 3134 ginti
2185 3065 2304 3118 tres
2357 3073 2547 3118 annos
2606 3062 2835 3115 aetatem
2892 3057 3256 3114 numeraret.
3313 3048 3623 3132 Expeditio

243 3145 540 3221 μαρτύριον
572 3151 660 3200 τοῦ
691 3143 840 3218 ἁγίου
869 3147 1180 3216 Λουκιανοῦ,
1215 3137 1297 3197 ita
1329 3137 1682 3200 enuntiavit.
1719 3138 1903 3200 Nabis

434 3232 546 3250 λοιη
576 3248 584 3250 _
619 3232 690 3250 ll,
719 3229 941 3250 Ae---_"-.-
977 3227 1307 3250 ΐ---ι1.-ι--
1332 3226 1388 3250 2..
1427 3225 1507 3250 ’.Ι-
1566 3224 1872 3250 ιι-ι....ι...-

1993 3145 2145 3205 enim
2195 3145 2445 3244 llimerii
2497 3142 2738 3242 ponitur
2765 3139 3180 3250 annOOChris't‘i
3211 3139 3370 3250 $302.L
3408 3140 3625 3250 [Leonis

245 3232 587 3294 assentitur
610 3229 943 3290 Macuritus
964 3227 1307 3306 Lagothetes
1329 3226 1394 3286 in
1423 3224 2222 3312 lib.Metaphra-“imperii
2280 3251 2434 3293 anno
2495 3231 2730 3293 decimo
2787 3228 3066 3310 septimo,
3123 3225 3504 3308 RodOphylli,
3566 3233 3625 3290 et

241 3327 356 3396 sis,
392 3321 492 3382 his
522 3317 721 3380 verbis
752 3334 770 3376 :
803 3333 940 3378 cum
976 3315 1310 3389 debuisset,
1351 3313 1517 3375 nobis
1565 3317 1903 3377 assentitur
1982 3318 2291 3400 Symeonis
2323 3339 2454 3382 cum
2487 3318 2775 3398 Tripolita
2797 3317 2996 3378 Leone
3024 3323 3195 3396 pacta
3223 3333 3381 3377 anno
3403 3315 3624 3378 Christi

241 3410 461 3474 beatus
490 3405 837 3486 Lagatheta,
870 3403 1299 3482 Metaphrastes
1324 3402 1576 3477 scilicet,
1605 3403 1670 3463 in
1700 3401 1898 3464 Μεια-
1980 3410 2120 3484 904,
2173 3429 2206 3470 a
2251 3408 2478 3472 Joanne
2513 3407 2838 3470 Caminiata
2870 3405 3029 3467 illius
3081 3405 3184 3466 aevi
3215 3404 3528 3483 scriptore,
3562 3415 3622 3467 et

238 3498 491 3578 phrasi,
514 3496 625 3556 hoc
649 3502 757 3568 est,
795 3493 854 3553 in
869 3491 999 3552 Vita
1023 3499 1080 3552 ct
1102 3490 1377 3570 Martyrio
1400 3492 1598 3552 sancti
1619 3491 1896 3578 Luciani.
1983 3497 2082 3577 qui
2140 3497 2318 3560 rebus
2378 3497 2605 3572 aderat,
2667 3503 3058 3557 recensentur
3101 3493 3253 3554 libro
3285 3493 3360 3554 de
3391 3492 3622 3555 excidio

247 3584 340 3647 Ne
365 3602 581 3645 novum
608 3582 763 3644 hunc
791 3589 1092 3642 auctorem
1120 3580 1462 3640 Macaritum
1490 3577 1897 3656 Logothetam,
1983 3585 2526 3661 Thessalonicensi,
2582 3585 2641 3644 in
2685 3602 2800 3664 quo
2852 3586 3207 3663 Symeonem
3265 3582 3424 3645 hunc
3453 3590 3624 3645 aetate

246 3693 362 3755 per
390 3669 858 3752 imprudentiam
893 3671 1211 3730 conlictum
1246 3667 1306 3728 in
1341 3666 1687 3756 antiquitate
1731 3672 1899 3746 qure-

1993 3683 2326 3756 provectum
2354 3683 2541 3749 vocat,
2580 3665 2786 3751 ’Ἄνδρα
2817 3674 3066 3751 φρονήσει
3096 3669 3384 3747 βεϐηκὸτα,
3433 3680 3494 3733 et
3539 3671 3624 3732 διά

243 3754 391 3824 rere
409 3760 638 3821 insulse
659 3776 962 3838 cogamur.
981 3757 1131 3818 Tum
1157 3765 1283 3818 erat
1304 3756 1479 3820 valde
1497 3754 1901 3819 adolescentu-

1993 3754 2165 3838 ιτείρας
2217 3765 2338 3821 ὄντα
2391 3763 2600 3819 πολλῶν
2651 3763 3001 3839 πραγμάτων.
3046 3758 3251 3820 Virum
3294 3759 3626 3837 prudentia

241 3853 374 3926 lus,
392 3850 509 3923 vel,
527 3867 644 3910 non
665 3855 802 3909 erat
821 3845 1145 3909 admodum
1169 3855 1317 3907 natu
1339 3851 1662 3924 provectus
1681 3863 1694 3906 :
1713 3846 1902 3923 fuerit
1983 3857 2426 3930 prouectum,“
2447 3848 2778 3911 multarum
2803 3863 3004 3908 rerum
3021 3847 3401 3924 experientia
3422 3851 3627 3907 muni-

239 3951 398 4003 tunc
423 3940 674 4018 viginti,
723 3947 827 3998 aut
861 3936 1076 4014 viginti
1107 3935 1365 3996 duarum
1401 3949 1728 3995 annorum.
1781 3933 1902 3995 Hoc
1988 3947 2114 4000 tum
2129 3946 2332 4019 pectus
2352 3945 2686 4018 gerentem.
2721 3938 2812 3997 An
2840 3935 3091 3996 duorum
3113 3950 3403 3994 annorum
3435 3933 3626 3995 inter—

240 4047 390 4092 vero
420 4046 536 4088 non
561 4026 868 4107 probatur.
893 4023 1173 4096 Quinimo
1197 4023 1248 4084 si
1272 4041 1392 4097 res,
1420 4023 1496 4084 de
1523 4041 1638 4102 qua
1661 4028 1802 4100 agit,
1824 4030 1905 4083 at-

1993 4028 2199 4088 rallum
2223 4033 2446 4088 tantum
2473 4026 2868 4098 liominem,et
2893 4021 3246 4103 prudentiae,
3273 4031 3330 4082 et
3356 4024 3543 4084 aetatis
3561 4024 3625 4085 in

243 4119 480 4181 lentius
503 4115 934 4187 consideretur,
963 4113 1148 4173 multo
1175 4112 1411 4174 videtur
1435 4118 1572 4171 natu
1599 4111 1902 4189 grandior,
1987 4117 2104 4177 alio
2136 4123 2308 4195 atque
2333 4115 2449 4175 alio
2473 4122 2628 4175 statu
2662 4112 3063 4181 collocaverit,
3089 4119 3148 4170 et.
3174 4117 3394 4172 tantam
3421 4128 3625 4173 rerum

244 4217 304 4268 et
331 4205 596 4267 mediam
625 4201 888 4264 hominis
915 4210 1147 4261 aetatem
1177 4199 1526 4261 decurrens.
1549 4200 1738 4260 Aitde
1755 4215 1822 4260 se
1844 4205 1902 4260 in
1990 4204 2416 4284 experientiam
2451 4203 2800 4276 accreverit,
2830 4209 2892 4260 nt
2922 4199 3336 4262 adolescentes
3379 4198 3440 4260 in
3470 4199 3628 4261 viros

246 4296 466 4358 eadem
499 4291 631 4354 Vita
666 4314 678 4349 :
716 4290 858 4367 Ἐγώ
889 4288 941 4344 δὲ
974 4290 1375 4369 περιεργότερος
1409 4287 1506 4362 ὤν,
1554 4289 1641 4344 καί
1676 4289 1903 4344 συνιέναι

1993 4294 2351 4367 immutet,et
2371 4297 2566 4353 minus
2592 4291 2910 4372 prudentes
2933 4289 3005 4350 ad
3035 4287 3362 4368 prudentiae
3385 4288 3627 4350 ultimos

242 4386 418 4448 δεινὸς
434 4375 726 4458 ᾐῢοςξΕςο
745 4395 878 4440 cum
898 4395 1084 4439 essem
1109 4378 1508 4450 curiosior,et
1529 4377 1903 4450 satissalers,
1987 4381 2204 4442 limites
2238 4379 2460 4460 ponat?
2504 4379 2792 4451 Quoniam
2831 4395 2968 4438 sero
3001 4377 3212 4455 legatio
3243 4381 3354 4437 ista
3382 4374 3628 4438 Rodho-

240 4490 313 4534 ac
337 4486 546 4550 sagax
566 4484 758 4529 mares
774 4465 1084 4527 hominum
1104 4466 1584 4545 percipiendi.At
1605 4464 1901 4526 solertiam
1928 4547 1956 4550 _
1990 4470 2194 4550 phylli,
2242 4478 2298 4530 et
2329 4467 2650 4548 Symeonis
2700 4485 2818 4528 non
2869 4467 2950 4527 ita
2979 4463 3148 4526 obvia
3181 4471 3295 4545 est,
3329 4475 3390 4526 et
3414 4465 3628 4544 jejune

243 4547 754 4639 sagacitatemque
777 4556 1241 4628 consimilem,et
1263 4555 1439 4631 longo
1462 4554 1897 4632 experimento,
1926 4547 1965 4598 Β
1986 4547 2304 4618 admodum
2331 4575 2363 4616 a
2384 4547 2660 4619 Cedreno
2677 4563 2968 4631 narratur,
2989 4555 3102 4615 erit
3119 4570 3322 4633 operae
3344 4553 3626 4633 pretium,

247 4658 307 4710 et
330 4655 506 4707 aetate
532 4652 810 4724 provecta
838 4639 1361 4720 consequimurEt
1383 4640 1625 4719 quidem
1651 4640 1713 4700 in
1735 4643 1900 4702 deu—
1984 4646 2034 4706 si
2066 4664 2098 4706 a
2127 4647 2316 4724 Jonne
2351 4644 2696 4720 Caminiata,
2730 4652 2971 4705 auctore
3002 4660 3122 4703 non
3147 4643 3229 4703 ita
3253 4649 3391 4703 noto
3415 4643 3629 4704 audia-

246 4734 456 4796 dicnlo
491 4723 671 4808 esset,
703 4735 751 4793 si
785 4731 917 4812 quis
953 4732 1008 4790 in
1033 4728 1288 4808 juvenili
1323 4737 1490 4790 aetate
1522 4728 1740 4789 similia
1764 4747 1901 4808 pro-

1993 4743 2111 4797 tur:
2138 4723 2230 4790 Ἠν
2251 4733 2304 4789 δέ
2328 4755 2399 4797 εις
2419 4734 2553 4809 μετά
2569 4741 2658 4790 τοῦ
2671 4732 2860 4789 λοιποῦ
2879 4732 3109 4801 πλήθους
3128 4739 3234 4788 τῶν
3261 4731 3628 4811 αἰχμαλώτων

248 4825 552 4884 litaretur.
589 4820 731 4892 Quis
765 4827 1050 4900 praeterea
1083 4816 1524 4880 adolescentem
1569 4835 1702 4878 cum
1739 4825 1898 4877 tanto

1993 4821 2298 4902 συλληφθεὶς
2358 4823 2609 4900 εὐνοῦχος
2654 4827 2746 4876 τοῦ
2801 4819 3086 4898 βασιλέως,
3118 4821 3206 4875 καὶ
3264 4823 3367 4875 τῶν
3424 4819 3628 4899 ἐξόχων

248 4911 412 4972 duce
443 4910 624 4973 simul
657 4905 1054 4970 militantem?
1085 4905 1228 4978 Quis
1251 4905 1582 4967 imberbem
1603 4913 1899 4966 oratorem

1993 4915 2066 4974 εἷς
2139 4909 2492 4988 Ῥοδοφύλλης
2565 4909 2702 4966 οὕτω
2761 4908 3111 4987 καλούμενος⁷
3171 4911 3227 4970 ὃς
3301 4907 3458 4988 ἔτυχε
3529 4911 3630 4986 πρὸ

243 4999 321 5061 ad
357 5001 577 5078 Reges,
617 5007 674 5060 et
702 4996 1080 5078 potissimum
1116 4997 1446 5056 Barbarum
1495 4995 1748 5068 miserit,
1801 4991 1903 5073 qui

1993 5007 2177 5076 μικροῦ
2232 4998 2322 5054 τοῦ
2352 4996 2590 5054 κινδύνου
2647 4999 2746 5064 τὴν
2776 4999 2862 5052 ἐπὶ
2891 4995 3036 5052 δύσιν
3063 4995 3301 5061 σταλείς·
3357 4999 3447 5056 καί
3474 5018 3631 5053 τινων

249 5088 624 5163 veneranda,
660 5084 1043 5165 barbataque,
1093 5084 1272 5145 utita
1303 5083 1524 5158 dicam,
1577 5083 1788 5158 forma,
1843 5081 1904 5142 in

1993 5094 2184 5168 χρειῶν
2233 5086 2409 5143 ἕνεκεν
2470 5088 2600 5166 πρὸς
2645 5091 2712 5162 τῇ
2769 5084 2921 5142 πόλει
2979 5085 3262 5164 γενόμενος
3319 5085 3437 5162 μεθ’
3478 5086 3632 5160 ἡμῶν

247 5195 371 5258 qua
425 5175 678 5238 credunt
705 5171 1084 5253 sapientiam,
1143 5173 1552 5251 prudentiam,
1603 5171 1905 5248 iidemque

248 5266 459 5327 inesse
510 5263 694 5344 magis
723 5263 1068 5335 ﬂectuntur,
1102 5280 1281 5342 quam
1320 5259 1575 5322 imberbi
1607 5278 1676 5322 ac
1707 5258 1906 5340 depile

252 5353 614 5434 facie,cujus
631 5360 690 5413 in
717 5351 1072 5433 peragendis
1097 5350 1348 5429 negotiis
1371 5348 1589 5410 nullam
1613 5351 1902 5410 rationem

255 5442 510 5508 habent.
547 5443 617 5505 Et
648 5440 1074 5522 Metapbrastes
1106 5447 1231 5501 tum
1273 5436 1636 5512 mittebatur,
1670 5438 1902 5498 Cretam

258 5531 333 5590 ad
394 5531 624 5593 Arabes
673 5530 848 5610 legati
906 5547 1123 5591 munus
1171 5527 1430 5590 obiens:
1488 5535 1651 5585 Τοῦτο
1695 5525 1749 5583 δὲ
1779 5545 1905 5602 πρε-

259 5617 579 5697 σϐευόμενος
632 5641 770 5695 προσ
820 5621 911 5676 τοὺ
965 5621 1060 5696 ρὴν
1119 5621 1332 5697 Κρήτήν
1375 5618 1600 5696 ἔχοντας
1634 5614 1910 5694 ’Ἂραϐαςδ

1987 5175 2417 5256 συγκλασθῆναι,
2451 5178 2539 5232 καὶ
2589 5181 2695 5231 τῶν
2744 5173 3006 5252 ῥηθέντων
3034 5174 3264 5252 ἀνιαρῶν
3309 5185 3634 5251 μετασχεῖν.

1985 5252 2078 5330 "Os
2122 5267 2210 5321 καὶ
2271 5263 2482 5340 ἐκόμιζε
2536 5262 2652 5340 μεθ’
2710 5264 2899 5320 ἑαυτοῦ
2945 5263 3149 5331 πλῆθος
3206 5263 3444 5342 χρυσίου,
3504 5259 3635 5338 ὅπερ

1989 5354 2170 5432 ἔλεγεν
2245 5353 2470 5431 ἀπάγειν
2528 5353 2828 5427 ὲπιχούρίας
2901 5354 3042 5416 τινός
3122 5352 3281 5430 χάριν
3350 5356 3440 5405 τοῦ
3498 5349 3636 5405 κατὰ

1992 5441 2236 5498 Σικελῖαν
2308 5452 2532 5520 στρατοῦ
2608 5440 3044 5516 συμπλεκομένου
3118 5452 3235 5502 τοῖς
3321 5438 3457 5494 κατὰ
3539 5438 3637 5508 τὴν

1993 5530 2254 5612 Ἀφρικὴν
2323 5529 2610 5610 Βαρϐάροις
2667 5531 2769 5604 ἀεὶ,
2830 5531 2916 5584 καὶ
2960 5527 3164 5593 πολλῆς
3220 5525 3472 5602 δεομένου
3537 5533 3638 5598 τῆς

1993 5622 2048 5680 ἓν
2105 5634 2222 5684 τοῖς
2286 5621 2561 5700 πράγμασι
2619 5619 2938 5697 συνιργείαις⁷
2999 5615 3163 5680 Οὗτος
3221 5618 3316 5674 οὒκ
3364 5618 3500 5677 κατὰ
3540 5618 3642 5690 τὴν
