4006 6200
419 326 489 395 51
1868 314 2065 376 LEON
2077 312 2145 375 IS
2193 312 2529 375 ALLATII.

3716 307 3794 372 5‘2

421 458 619 526 tused
648 458 1065 538 Strymeonem
1096 456 1432 534 dimiserat,
1466 451 1593 514 illis
1644 450 2068 538 citissime_per
2088 453 2125 501 Α
2150 444 2334 538 tibus.
2361 442 3066 538 Postquamautemeius
3095 442 3246 521 ﬁdes
3266 440 3388 518 fuit
3412 440 3479 538 in
3500 440 3594 504 his
3613 442 3799 538 rebus

420 550 646 615 veloces
675 529 967 623 cursores,
1002 544 1158 607 unde
1200 529 1490 617 latebant,
1523 539 1784 602 advectis
1811 544 1866 600 et
1910 534 2062 596 Bar-
2142 536 2497 613 spectata,et
2519 529 2850 623 praedicata
2875 532 3061 623 simul
3086 547 3219 623 cum
3250 529 3494 592 arcanis
3518 529 3799 609 publicas

422 637 585 703 beris
606 634 1187 709 numeratis,urbem
1210 632 1286 694 ab
1306 628 1585 693 incendia
1612 632 2057 691 conseruerant.

419 726 526 792 His
573 726 751 808 plane
780 721 1177 808 concluditur,
1210 719 1393 781 multo
1430 735 1620 808 quam
1676 717 1768 777 isti
1817 715 2059 790 faciunt,

420 807 774 899 Symeonem
801 819 970 876 aetate
998 807 1382 891 grandiorem
1414 807 1622 899 fuisse.

487 903 583 981 Et,
609 911 672 967 ut
704 901 887 981 magis
913 916 1175 978 urgeam,
1200 899 1457 977 Symeon
1480 896 1608 976 ipse
1627 913 1792 956 suam
1815 911 1884 955 eo
1908 902 2062 953 tem-

421 1011 566 1076 pore
593 997 823 1055 aetatem
849 988 1161 1050 edisserat:
1190 988 1249 1046 in
1277 984 1414 1048 Vita
1438 982 2065 1076 sanctmjfl‘heectistes

419 1072 664 1161 regatur
691 1097 724 1141 a
753 1077 1046 1159 Symeone
1076 1076 1437 1138 anachoreta
1468 1093 1542 1136 ne
1572 1072 1870 1136 scribendi
1914 1088 2064 1133 onus

420 1171 729 1245 detrectet,
764 1183 1094 1247 causasque
1126 1163 1479 1246 praetendat,
1510 1163 1726 1245 quibus
1756 1180 1820 1223 se
1859 1178 1893 1221 a
1926 1178 2064 1221 sus-

419 1256 695 1338 cipiendo
717 1254 1024 1317 scribendi
1046 1271 1295 1316 munere
1320 1251 1623 1314 subrabat.
1659 1251 1898 1318 Causas,
1920 1266 2066 1330 quas

416 1357 641 1423 poterat
662 1348 868 1407 δῦθι-το
889 1347 1299 1420 Metspbrastes
1321 1347 1611 1418 praecipue
1630 1357 1757 1402 esse
1780 1349 2061 1415 poterant:

418 1438 608 1514 Λόγων
639 1431 1153 1513 ἀπορίανβουλείας,
1180 1444 1405 1510 γυναῖκα
1426 1433 1508 1488 καὶ
1529 1431 1708 1507 τέκνα,
1741 1427 1895 1487 οἴκου
1916 1448 2067 1506 φρον-

419 1523 585 1604 τίδας,
613 1522 860 1585 dicendi
889 1524 1188 1601 ineptam,
1218 1519 1605 1582 servitiorum
1632 1518 2064 1596 frequentiam,

419 1616 690 1686 uxoris,“
707 1614 952 1687 ﬁliorum
979 1612 1297 1682 molestiam,
1327 1616 1377 1669 et
1406 1610 1588 1667 domus
1607 1610 1861 1682 proprias
1888 1623 2064 1665 curas.

420 1699 726 1781 Neglectis
756 1698 1022 1779 reliquis,
1059 1698 1228 1772 duas,
1256 1697 1360 1759 sed
1392 1695 1736 1757 brevissime
1766 1700 2068 1756 examina-

2145 637 2377 700 quoque
2399 634 2585 681 curas
2604 620 2833 698 suscepi
2841 619 3038 693 t;adee
3064 628 3129 680 ut
3171 618 3528 699 imperatori
3558 636 3796 681 renun-

2146 708 2335 770 tiaret
2366 723 2603 786 ea,quae
2623 708 2957 787 efferebant
2985 709 3206 783 exteri,
3237 715 3294 768 et
3316 723 3536 769 rursus
3569 709 3802 771 eateris

2145 797 2531 877 qumjubebat
2551 795 3048 874 imperator.Quae
3065 803 3260 858 autem
3284 804 3423 856 sunt
3441 795 3559 857 illae
3586 798 3797 869 πράξεις

2147 885 2555 962 μάστικώτεραι,
2580 883 2740 946 illius
2773 885 3061 965 temporis
3092 883 3350 965 scriptor
3388 883 3628 963 Ignatus
3660 885 3798 947 dia-

2147 991 2332 1034 conus
2351 973 2409 1034 in
2432 974 2564 1035 Vita
2589 974 2775 1035 sancti
2800 974 3119 1055 Nicephori
3145 974 3497 1055 patriarchae
3514 975 3803 1037 Constan-

2146 1061 2546 1142 tinopolitani,
2580 1063 2659 1123 ita
2717 1063 2995 1139 explicat.
3056 1067 3150 1122 Καὶ
3199 1065 3295 1123 τὴν
3352 1063 3436 1122 διὰ
3468 1065 3649 1142 χειρὸς
3705 1062 3801 1120 καὶ

2148 1150 2378 1227 μέλανος
2436 1151 2640 1231 τέχνην
2699 1154 3038 1227 ποιούμενοςο
3087 1153 3249 1231 ᾑρέθη
3310 1153 3409 1231 γὰρ
3466 1154 3802 1232 ὅπογραφεὺς

2146 1254 2265 1303 τοῖς
2295 1246 2400 1296 τῶν
2443 1242 2776 1320 κρατούντων
2807 1242 3120 1315 μυστηρίοις
3154 1243 3607 1321 ὑπηρετούμενος.
3643 1241 3801 1299 Οὕτω

2149 1330 2248 1407 γὰρ
2296 1330 2434 1407 παρὰ
2462 1336 2530 1405 τῇ
2594 1328 2831 1387 Αὖσονίδι
2863 1328 3121 1405 διαλέκτῳ
3152 1331 3213 1388 τὸ
3244 1331 3541 1408 ἇσηκρῆτις
3600 1332 3802 1406 ὃνομα,

2152 1419 2265 1474 δεπὶ
2324 1418 2625 1496 μυστηρίων
2678 1419 3158 1497 μεθερμηνεύεσθαι
3202 1418 3471 1496 βούλεται.
3506 1419 3584 1481 Et
3639 1436 3804 1493 eam,

2149 1522 2284 1585 qua
2329 1523 2514 1567 manu
2561 1514 2617 1568 et
2674 1513 3011 1569 atramento
3070 1524 3175 1569 ars
3230 1508 3573 1584 fuetitatar,
3618 1526 3800 1570 emcr-

2148 1612 2282 1656 cens
2317 1617 2330 1653 :
2391 1611 2647 1673 namque
2676 1595 2900 1658 electus
2956 1597 3165 1673 fuerat
3218 1596 3441 1677 scriba,
3475 1596 3803 1659 dominan-

2148 1684 2299 1745 tium
2346 1689 2594 1746 arcanis
2620 1686 3024 1748 subseruiens.
3090 1685 3327 1762 Lingua
3385 1684 3650 1748 Ausonia
3705 1688 3798 1749 si-

421 1773 543 1868 bo;
549 1788 811 1862 δουλείας,
838 1773 1093 1849 servitia
1122 1784 1363 1867 publica
1395 1783 1577 1845 fuisse
1606 1782 1678 1843 ab
1710 1784 2065 1864 imperatore
2091 1805 2123 1854 Β
2147 1773 2387 1868 quidem
2410 1789 2446 1834 α
2474 1774 2720 1868 secretis
2746 1774 3272 1868 nuncupatumqui
3294 1775 3456 1868 apud
3475 1792 3586 1837 nes
3610 1775 3799 1868 abar-

416 1879 481 1941 in
511 1876 689 1940 variis
721 1876 981 1955 negotiis
1010 1874 1358 1957 reipublica:
1407 1871 1783 1945 demandata,
1816 1869 2060 1932 dubium

418 1985 540 2031 non
571 1966 852 2045 est.Ergo
875 1982 995 2025 non
1020 1972 1144 2026 tum
1171 1963 1426 2044 primum
1460 1961 1632 2039 legati
1657 1977 1902 2021 munere
1922 1960 2063 2021 fun-

417 2056 688 2138 gebatur,
722 2054 827 2117 sed
857 2052 1152 2116 similibus
1210 2060 1505 2127 assuetus,
1534 2058 1710 2130 atque
1740 2049 2057 2118 exercitus,

418 2153 486 2211 ut
507 2148 636 2209 sine
658 2142 970 2207 mendacio
997 2142 1226 2220 aliquid
1249 2141 1361 2204 sibi
1399 2138 1747 2220 imponendi
1779 2138 1850 2199 ad
1882 2156 2062 2200 excu-

419 2234 691 2298 tiendum
714 2229 1541 2313 laborem,denegandumque
1556 2227 1713 2309 quod
1733 2226 2060 2307 petebatur,

420 2323 563 2387 satis
591 2321 1020 2385 essent.Altera
1043 2329 1155 2399 est,
1175 2326 1410 2393 uxor,et
1428 2317 1558 2393 ﬁlii,
1576 2319 1645 2373 Σὺ
1668 2317 1765 2392 μὲν
1782 2316 1915 2380 ἴσως
1940 2338 2064 2392 προ-

422 2414 622 2494 φασίσῃ
651 2412 769 2490 περὶ
797 2410 871 2466 ὧν
912 2408 1083 2476 ἀξιοῦν
1113 2408 1275 2466 ἐθέλω
1304 2430 1397 2465 σου
1427 2409 1525 2475 τὴν
1577 2407 1815 2485 ἀγάπην,
1848 2404 2064 2483 ἀπορίαν

421 2502 618 2580 λόγων,
643 2499 679 2568 ἢ
706 2497 957 2555 δουλειῶν
991 2496 1310 2579 ἀφορμὰς,ἣ
1338 2497 1583 2574 γυναικὸς
1617 2496 1704 2552 καὶ
1733 2494 1954 2574 τέκνων,
1978 2495 2065 2551 καὶ

420 2589 578 2648 οἴκου
631 2586 926 2668 φροντίδας,
958 2585 993 2655 ἥ
1048 2607 1195 2653 τινας
1244 2584 1408 2648 ἄλλας
1438 2586 1606 2647 αίτίας
1662 2582 2063 2662 διακρουόμενος

418 2679 575 2754 ἡμῶν
599 2676 699 2746 τὴν
728 2674 1117 2753 ἀξίωσιν.Ἐγὼ
1145 2673 1199 2731 δε
1230 2696 1313 2731 σοι
1346 2675 1429 2731 καὶ
1460 2673 1765 2751 εὐημερίαν,
1801 2672 1885 2728 καὶ
1912 2671 2064 2729 εὔπο-

422 2770 536 2844 ρίαν
566 2765 781 2824 πάντων
819 2763 1242 2843 ἐπαγγέλλομαι,
1278 2764 1368 2821 καὶ
1393 2761 1600 2829 πολλὴν
1633 2761 1932 2840 ἐκεχειρίαν
1969 2762 2059 2816 εὒο

421 2868 559 2933 ρειν.
584 2856 671 2915 Tu
690 2854 930 2932 quidem
941 2854 1204 2932 fortasse
1219 2851 1300 2913 ad
1320 2858 1378 2913 te
1406 2850 1831 2911 excusandum
1851 2848 1922 2909 de
1939 2864 2059 2910 non

419 2941 796 3022 suscipiende
824 2941 993 3015 ee,de
1011 2955 1128 3018 quo
1145 2955 1279 3001 sum
1301 2944 1468 3001 tuam
1490 2946 1815 3018 rogaturus
1843 2936 2060 2997 chari-

423 3036 629 3107 tatem,
656 3030 724 3092 in
769 3028 1030 3092 medium
1068 3026 1345 3099 adduces,
1377 3043 1725 3089 sermonum
1762 3026 2058 3103 inopiam,

2146 1867 2316 1922 canis
2338 1862 2607 1940 exprimi
2630 1863 2848 1925 suevit.
2876 1861 3138 1923 Primum
3175 1881 3313 1941 ergo
3336 1861 3445 1925 luit
3467 1880 3499 1923 a
3520 1863 3795 1939 secretis,

2146 1957 2204 2009 et
2251 1967 2285 2011 a
2314 1948 2579 2011 consiliis
2612 1949 2999 2026 imperatoris
3033 1969 3047 2014 :
3106 1951 3390 2031 deinceps
3421 1970 3538 2012 non
3571 1953 3797 2029 statim,

2145 2037 2249 2098 sed
2282 2047 2584 2118 postquam
2620 2039 2752 2118 ejus
2783 2039 2930 2101 ﬁdes
2961 2048 3222 2120 spectata
3253 2039 3646 2119 fuit,publicis
3678 2059 3795 2101 ne-

2145 2125 2321 2205 gotiis
2349 2126 2717 2190 destinatur:
2777 2136 2836 2190 et
2863 2147 2970 2190 nos
3014 2128 3556 2207 adolescentulum,
3589 2138 3647 2190 et
3675 2149 3801 2191 non

2146 2215 2297 2276 ultra
2325 2215 2528 2293 viginti
2549 2225 2803 2297 quatuor
2831 2236 3122 2280 annorum
3150 2215 3799 2279 semniabimus‘2'l‘cm-

2148 2322 2258 2384 pus
2288 2303 2464 2383 idque
2494 2323 2613 2366 non
2644 2305 2946 2385 exiguum,
2982 2313 3043 2369 et
3073 2304 3452 2387 experientia
3483 2306 3655 2386 longa
3682 2325 3802 2368 an-

2148 2411 2360 2454 norum
2419 2393 2578 2456 serie
2609 2395 2944 2456 examinata
2998 2394 3177 2457 ﬁdem
3211 2393 3469 2457 hominis
3512 2414 3800 2477 compro-

2148 2480 2392 2546 babunt.
2427 2482 2755 2564 Sophocles
2785 2484 2846 2544 in
2878 2483 3093 2562 Edipo
3123 2491 3370 2565 tyranno
3406 2505 3420 2548 :

2225 2611 2421 2682 Xpovo;
2450 2601 2651 2660 δίκαιον
2682 2602 2839 2681 ἄνδρα
2888 2604 3112 2662 δείκνυσι
3146 2605 3329 2681 μὸνος.

2221 2693 2405 2752 Κακὸν
2434 2691 2489 2749 δὲ
2534 2693 2630 2751 κᾶν
2662 2690 2715 2750 ἐν
2746 2692 2920 2773 ἡμέρᾳ
2962 2694 3145 2772 γνοίης
3184 2701 3303 2770 μιᾷ,

2227 2807 2483 2887 Tempus
2513 2807 2734 2870 bonum
2764 2809 3038 2875 declarat
3066 2812 3426 2875 immensum
3457 2813 3688 2877 virum.

2226 2896 2375 2956 Cum
2403 2896 2483 2957 sit
2511 2895 2641 2959 dies
2669 2898 2821 2959 satis
2853 2917 2977 2960 una
3008 2900 3328 2979 prodendis
3355 2900 3558 2964 malis.

2226 3024 2300 3087 At
2322 3024 2577 3105 ponebat
2600 3034 2719 3088 tum
2745 3026 2978 3090 virtutis
3001 3029 3341 3092 tirocinium
3365 3029 3476 3092 sub
3497 3030 3795 3109 Himerio,

422 3126 534 3183 aut
553 3118 941 3183 servitiorum
965 3117 1343 3205 occasiones,
1362 3121 1470 3178 aut
1498 3116 1729 3205 uxoris,
1756 3121 1813 3175 et
1842 3112 2059 3177 libere-
2079 3155 2122 3205 ο
2146 3115 2231 3205 Ita
2254 3121 2366 3205 est.
2404 3112 2517 3176 Sed
2547 3116 2714 3205 cujus
2743 3118 2976 3180 virtutis
3002 3125 3029 3182 ?
3056 3119 3231 3183 Aliud
3257 3128 3348 3182 est
3371 3120 3597 3183 militiae
3629 3130 3703 3203 ty:
3721 3144 3799 3185 o-

420 3225 579 3283 rum,
603 3212 660 3271 et
686 3206 1257 3285 domuscuram,aut
1284 3203 1522 3284 aliquas
1549 3203 1713 3266 alias
1735 3220 2064 3274 causas,re-
2093 3203 2110 3205 “
2147 3203 2369 3264 ciuium
2401 3221 2536 3264 cum
2586 3204 2645 3265 in
2676 3214 2867 3269 castra
2916 3207 3294 3282 deducimur,
3330 3207 3530 3292 ibique
3584 3212 3805 3291 primis

418 3313 641 3367 cusans
659 3296 825 3372 id,de
844 3312 960 3375 quo
998 3311 1110 3357 nos
1143 3302 1196 3357 te
1224 3310 1525 3374 rogamus.
1561 3292 1693 3372 Ege
1723 3300 1925 3355 autem
1960 3292 2071 3356 tibi
2146 3292 2290 3354 artis
2348 3292 2622 3355 militaris
2679 3296 2992 3376 praeceptis
3039 3297 3369 3372 initiamur,
3421 3316 3538 3378 que
3599 3301 3803 3380 potius

421 3401 629 3449 rerum
670 3385 1168 3465 prosperitatem,
1200 3381 1604 3461 fertilitatem,
1639 3390 1695 3444 et
1741 3382 2064 3444 abundan-
2149 3381 2371 3443 militiae
2410 3383 2875 3463 auspicamenta,
2912 3396 2969 3448 et
2993 3386 3310 3455 elementa,
3346 3393 3407 3448 et
3434 3385 3803 3451 incunabula

425 3476 578 3539 tiam
632 3474 768 3555 [56]
818 3490 1031 3536 rerum
1070 3473 1341 3535 omnium
1387 3470 1702 3552 polliceor,
1735 3477 1794 3533 et
1821 3472 1954 3549 fere
2002 3479 2067 3532 ut
2147 3469 2264 3531 dici
2297 3480 2640 3535 merentur:
2675 3473 2835 3534 aliud
2869 3482 2958 3536 est
3015 3475 3425 3556 imperatOv-iae
3448 3476 3678 3538 virtutis
3708 3479 3801 3540 ti-

421 3579 714 3644 magnum
745 3561 859 3626 tibi
884 3567 1165 3642 suppetat
1193 3566 1403 3624 otium.
1457 3557 1764 3632 Quomodo
1794 3576 1932 3637 ergo
1965 3558 2064 3638 qui
2147 3559 2459 3633 rocicium,
2499 3578 2630 3620 cum
2664 3562 2924 3624 emensis
2955 3563 3227 3625 militaris
3261 3564 3375 3643 [57]
3421 3564 3649 3645 peritiae
3684 3582 3798 3626 ru-

422 3651 650 3731 majora
703 3650 765 3712 in
797 3649 1130 3730 reipublica
1185 3666 1366 3729 opera
1397 3646 1693 3710 sustinere
1722 3655 1782 3706 et
1832 3655 2064 3727 poterat
2145 3648 2429 3710 dimentis
2452 3648 2523 3709 ad
2551 3650 2795 3729 majora,
2832 3660 2890 3713 et
2916 3651 3214 3715 nobiliora
3244 3653 3488 3732 gradum
3519 3653 3798 3727 facimus,

422 3747 483 3802 et
537 3738 791 3814 solebat,
841 3738 1064 3820 quique
1119 3739 1289 3803 uxori
1340 3736 1657 3818 adjunctus
1715 3733 1937 3797 liberos
1992 3754 2059 3797 ex
2145 3746 2203 3799 et
2231 3737 2476 3816 regendi
2508 3737 2679 3809 alios,
2711 3746 2771 3800 et
2824 3739 3082 3802 ducendi
3115 3742 3431 3816 exercitus,
3469 3751 3527 3803 et
3550 3741 3802 3804 fallendi

419 3827 522 3890 illa
567 3835 1021 3909 procreaverant
1050 3827 1278 3909 plures,
1310 3826 1517 3906 viginti
1563 3824 1813 3886 duorum
1849 3824 1938 3886 vel
1970 3824 2055 3886 vi-
2143 3825 2450 3886 inimicum
2496 3833 2681 3887 artem
2748 3827 3093 3906 ediscimus,
3128 3830 3390 3910 provecti
3421 3831 3543 3910 jam
3596 3838 3797 3904 aetate,

418 3916 568 3997 εἰοιί
598 3926 656 3980 et
684 3929 899 3999 quater
928 3934 1216 3979 annorum
1242 3923 1388 3991 erat,
1414 3922 1473 3977 et
1505 3914 1679 3976 nimis
1707 3913 2056 3975 adolescen-
2143 3932 2258 3973 non
2307 3914 2580 3993 juvenes,
2616 3916 2809 3995 qualis
2842 3926 2964 3979 erat
3012 3918 3267 3997 Symeon
3328 3922 3437 3980 iste
3466 3919 3621 4001 apud
3671 3917 3789 3981 Ili-

421 4005 603 4080 tulus,
656 4015 715 4068 et
774 4024 890 4066 non
951 4006 1147 4087 potius
1202 4004 1609 4086 quadraginta,
1671 4010 1771 4063 aut
1829 4003 2060 4080 tr'ginta
2143 4007 2419 4077 merium,
2456 4012 2519 4064 ut
2575 4002 2705 4083 ipse
2762 4017 2967 4084 aperte
3019 4012 3146 4069 ait:
3206 4009 3404 4066 Τούτου
3461 4011 3556 4082 μὲν
3600 4009 3793 4084 ἐκείνῳ

420 4093 684 4174 puinque
731 4093 1042 4154 minimum
1074 4100 1245 4155 natus
1274 4092 1298 4154 ἲ
1326 4090 1486 4156 Ordo
1532 4109 1769 4173 quoque
1799 4091 1926 4171 ipse
1956 4109 2057 4152 re-

2150 4094 2641 4171 συστρατευόμενος,
2673 4095 2759 4149 καὶ
2789 4092 3237 4172 προϐιϐαζόμενος
3269 4098 3343 4160 εἰς
3393 4111 3584 4176 πεῖραν
3616 4119 3789 4174 στρα-

417 4196 553 4243 rum
609 4187 906 4258 gestarum
938 4179 996 4241 id
1056 4180 1331 4262 postulat,
1369 4179 1425 4239 id
1480 4184 1767 4258 exposcit,
1813 4179 1871 4239 id
1932 4186 2055 4239 sta-

2150 4181 2390 4258 τηγικὴν,
2427 4181 2521 4236 οἶα
2578 4181 2758 4243 π·ἷ›λος
2805 4184 2967 4260 μητρὶ
3016 4186 3145 4261 πρὸς
3198 4187 3263 4241 τὰ
3293 4188 3635 4264 γενναιότατα
3678 4191 3793 4242 τῶν

418 4266 572 4330 bilit.
630 4269 965 4349 Antequam
1016 4269 1176 4331 enim
1227 4268 1659 4349 Metaphrastes
1690 4266 1891 4328 munia
1944 4285 2056 4347 pu-

2150 4270 2602 4345 πτρατηγιιμάτων
2633 4272 2948 4350 συσκαίρων.
2978 4271 3222 4335 Partim
3253 4291 3387 4336 cum
3419 4292 3488 4337 ee
3516 4273 3797 4337 militans

417 4355 594 4444 blica,
630 4364 683 4417 et
719 4357 1047 4436 legationes
1094 4358 1251 4439 apud
1285 4365 1514 4420 exteras
1547 4355 1813 4417 nationes
1841 4354 2053 4430 obiret,
2140 4357 2217 4419 ad
2268 4359 2679 4434 imperatoriae
2708 4360 2860 4422 artis
2909 4361 3274 4424 documenta
3322 4365 3791 4444 promerendus,

415 4443 481 4507 in
510 4443 640 4542 aliis
671 4445 906 4522 ofﬁciis,
931 4465 1063 4528 qua:
1090 4446 1391 4542 privatim,
1426 4456 1483 4509 et
1515 4447 1670 4508 inter
1699 4445 2058 4542 domesticos
2080 4453 2208 4542 θυι
2240 4445 2495 4525 equulus
2522 4448 2710 4542 matri
2736 4450 2888 4542 solet
2922 4450 3001 4542 ad
3055 4450 3520 4542 praeclarissima
3549 4461 3795 4515 strata-

416 4531 676 4615 parietes
705 4544 1080 4610 exercentur,
1107 4535 1261 4618 apud
1288 4536 1706 4617 imperatorem
1740 4532 1833 4595 sui
1863 4539 2058 4612 speci-
2081 4531 2117 4542 '
2140 4541 2382 4615 gemata
2402 4534 2703 4597 assiliens.
2740 4532 3063 4616 Strategica
3097 4538 3252 4600 enim
3287 4547 3397 4614 est,
3434 4550 3493 4601 ut
3522 4539 3795 4604 Onosan-

416 4639 553 4684 men
584 4621 855 4701 dederat,
887 4632 1129 4705 tumque
1157 4643 1294 4686 cum
1328 4624 1389 4686 iu
1424 4623 1678 4698 arcanis,
1711 4629 1769 4682 et
1815 4622 2059 4683 secretis
2141 4622 2245 4684 der
2275 4629 2334 4684 et
2354 4623 2469 4683 Leo
2492 4621 2818 4703 imperator
2843 4626 3422 4707 ῑΓᾶἀυῐιῑ,”τρατηγῶν
3445 4629 3651 4706 ἀγαθῶν
3683 4631 3793 4686 εἰσ-

414 4710 684 4774 consiliis
705 4712 853 4774 ﬁdes
868 4712 1028 4775 illius
1054 4713 1761 4794 innotuit,imperatorum
1785 4711 2058 4772 mandato
2144 4718 2711 4785 4n6l<,8trenuerum
2743 4713 2961 4776 ducum
2987 4715 3572 4792 eaercitatiequue
3600 4718 3791 4797 potis-

415 4797 684 4879 publicas
740 4818 915 4863 curas
942 4802 1222 4882 suscepit.
1281 4800 1561 4864 Psellus:
1612 4802 1708 4859 Καὶ
1736 4806 1918 4878 πρῶτα
1963 4800 2059 4875 μὲν

2150 4800 2384 4876 simum,
2421 4800 2574 4881 quod
2607 4810 2832 4863 asserat
2858 4804 3306 4884 Metaphrastes,
3342 4824 3457 4866 non
3485 4805 3557 4866 ad
3589 4821 3791 4883 πεῖραν

411 4900 536 4954 ταῖς
600 4891 994 4968 μυστικιοτέρας
1080 4893 1360 4974 ἐφεστήκει
1445 4891 1550 4949 τῶν
1620 4888 1856 4969 πράξεων
1885 4938 1899 4965 ,
1973 4892 2058 4945 καὶ

2150 4891 2528 4966 στρατηγικήν,
2564 4891 3049 4954 exercitationem
3088 4896 3475 4975 stratcgicam
3528 4902 3789 4968 tantum,

411 4988 532 5043 τοῖς
613 4976 932 5064 ἀποῤῥήτοις
1002 4980 1322 5058 βουλεύμασι
1392 4981 1645 5042 κοινωνὸς
1715 4980 2057 5056 παρειστήκει
2141 4976 2245 5039 sed
2276 4977 2348 5038 ad
2382 4979 2444 5035 τὰ
2475 4979 2819 5056 γενναιότατα
2847 4983 2951 5036 τῶν
2991 4984 3477 5064 στρατηγημάτων,
3509 4982 3591 5043 ad
3618 5000 3791 5063 pra-

409 5070 529 5133 τοῖς
570 5063 1036 5142 συμϐουλεύουσιν.
1100 5068 1248 5130 Ἐπεὶ
1303 5071 1357 5127 δὲ
1403 5072 1438 5139 ἡ
1483 5076 1576 5127 τοῦ
1635 5070 1830 5148 τρὸπου
1885 5070 2056 5131 πίστις

2150 5065 2479 5127 clarissima
2524 5071 2978 5145 strategemate.
3012 5067 3210 5145 Dices,
3243 5088 3308 5131 se
3336 5087 3545 5132 vocare
3582 5088 3786 5150 equu-

411 5152 469 5212 ἰν
508 5154 714 5220 τούτοις
772 5163 957 5215 τοῦτον
1027 5158 1268 5240 ἐκήρυξε,
1328 5160 1463 5236 μετὰ
1530 5158 1636 5215 τῶν
1693 5154 1915 5231 ἀδύτων,
1967 5158 2059 5212 καί

2150 5153 2265 5215 lum
2295 5154 2376 5215 ad
2424 5162 2701 5229 matrem,
2726 5155 2907 5212 πῶλον
2938 5159 3067 5236 πρὸς
3095 5165 3162 5235 τῇ
3196 5161 3380 5236 μητρί.
3439 5156 3790 5222 Similitudo

410 5241 508 5308 τὰς
539 5244 810 5320 κοσμικὰς
843 5246 1117 5325 φροντίδας
1148 5247 1482 5328 συνείληφεν,
1514 5249 1585 5312 ὡς
1613 5246 1767 5304 αὒτὸν
1798 5244 2058 5321 γεγενῆς-

2150 5261 2260 5303 non
2286 5250 2514 5304 aetatem
2533 5244 2798 5323 respicit,
2825 5262 2889 5307 se
2910 5246 3271 5308 docilitatem
3305 5254 3362 5308 et
3383 5245 3787 5325 disciplinam.

410 5333 496 5388 θαι
527 5332 843 5413 εἰσαγγελὲα
891 5356 950 5392 τε
977 5343 1053 5398 τῷ
1085 5338 1358 5415 κρατοῦντι
1410 5337 1514 5392 τῶν
1543 5334 1753 5406 ἔξωθεν,
1778 5334 1866 5388 καὶ
1910 5330 2058 5409 ἐξαγ-

2150 5329 2652 5402 Quemadmodum
2679 5332 2840 5394 enim
2866 5334 3121 5415 equulus
3142 5335 3313 5396 matri
3336 5333 3787 5413 obtemperans,

412 5417 573 5497 γελᾶα
624 5428 732 5479 τῶν
778 5430 871 5482 τοῦ
900 5432 1215 5503 κρατοῦντος
1257 5438 1374 5488 τοῖς
1414 5423 1623 5490 ἔξωθεν.
1654 5421 1736 5484 Et
1784 5423 2051 5500 primum

2150 5417 2566 5500 sbediensque,
2598 5437 2667 5482 ea
2692 5438 2826 5502 quae
2856 5421 3070 5484 matris
3102 5431 3265 5499 sunt,
3298 5421 3578 5498 addiscit,
3605 5423 3683 5485 ita
3730 5434 3793 5487 et

412 5506 655 5585 quidem
705 5512 955 5591 praefuit
984 5514 1163 5577 rebus
1214 5514 1414 5594 magis
1468 5512 1714 5574 areanis
1739 5520 1798 5572 et
1850 5525 2050 5572 secre-
2136 5510 2235 5590 qui
2257 5508 2530 5585 aliorum,
2555 5508 2810 5590 imperto
2833 5511 3164 5592 morigerus
3187 5510 3413 5586 subest,
3448 5510 3788 5591 cujuscun-

420 5609 598 5659 erum
621 5598 1022 5665 consiliorum
1070 5604 1195 5683 fuit
1216 5604 1531 5686 particeps
1562 5615 1700 5663 eum
1729 5597 2051 5663 consulen-
2133 5615 2251 5679 que
2305 5596 2405 5663 ille
2434 5596 2515 5662 sit
2574 5597 2792 5676 aetatis,
2822 5616 2855 5662 a
2899 5598 3176 5678 ducente,
3208 5618 3276 5665 ac
3327 5607 3783 5675 manutenente,
