4038 6206
14 4672 15 4683 ,

14 4830 17 4837 ι
206 4860 251 4870 I—I’

14 4876 21 4895 Ρ

13 3372 201 5001 ὣ

401 274 478 338 55
1758 274 1957 336 LEON
1967 272 2033 334 IS
2073 302 2086 334 λ

2169 272 2409 335 ιΙλΑΤΙΙ.
2738 288 2739 297 ‘
3696 276 3771 339 56

490 408 858 472 Testimouio
887 409 1072 473 Pselli
1107 418 1268 472 certo
1294 412 1630 471 innotuerat
1658 407 1829 469 nobis
1870 406 2116 470 Meta-A
2139 406 2356 477 cimus,
2391 404 2746 484 Symeonem
2776 405 2979 480 illum,
3013 408 3119 487 qui
3176 405 3581 486 Metaphrases
3608 425 3769 488 proe-

413 497 652 581 phrasle
671 504 832 560 aetas.
866 498 1248 562 Postmodum
1273 517 1405 560 cum
1430 496 1705 567 Baronto,
1736 504 1791 557 et
1814 496 2045 558 Bellar-
2130 490 2294 555 clare
2325 494 2679 581 composuit.
2716 493 2883 556 Satis
2912 494 3107 573 igitur
3133 499 3218 556 sit
3246 494 3365 573 hic,
3399 495 3503 573 qui
3532 497 3599 559 in
3624 514 3772 557 san-

412 588 598 663 mino,
631 587 881 668 aliisque
910 588 1305 650 laudationem
1339 586 1499 646 illam
1531 585 1945 662 Metaphrastm
1976 584 2047 646 ad
2128 587 2291 642 ctum
2336 580 2558 643 Lucum
2611 584 3039 645 commentario
3082 583 3467 646 existimavit.
3515 584 3777 646 Meminit

411 676 714 739 seniorem
761 675 1017 737 Psellum
1068 674 1286 737 Leonis
1314 673 1657 753 Philosophi
1707 674 2052 752 magistrum
2135 670 2331 749 itaque
2382 672 2790 751 Metaphrastaa
2840 671 3255 751 Theophanes,
3296 670 3401 732 sed
3456 671 3774 753 Theopha-

413 764 693 827 retulisse
714 765 874 825 visus
901 781 1197 834 sum,cum
1226 761 1843 842 scripseriszuniori
1868 763 2055 825 Psello
2142 776 2248 818 nes
2282 756 2507 819 vivebat
2538 768 2805 839 tempore
2850 757 3048 820 Basilii
3078 759 3440 824 Macedonis.
3475 769 3531 821 et
3562 761 3779 823 Leonis

419 853 769 931 adiudicari
815 852 988 913 nullo
1031 868 1278 927 prorsus
1338 860 1700 932 argumento
1752 861 2061 914 auctorem

418 944 684 1001 orationis
714 943 946 1000 Psellum
975 943 1209 999 alterum
1232 958 1364 1012 esse,
1394 958 1503 1000 non
1523 942 1718 1001 Leonis
1745 944 2063 1016 Philosophi

414 1030 787 1106 magistram,
826 1044 1143 1107 nunquam
1186 1029 1503 1102 evicturos,
1538 1028 1645 1107 qui
1685 1035 1899 1091 contra
1931 1046 2061 1090 sen-

415 1119 892 1177 tiunt.Audiamus
915 1119 1389 1177 Bollandum:Leo
1410 1119 1766 1192 Philosophus
1778 1127 2064 1193 postquam

416 1199 616 1264 Psello
636 1200 736 1263 illi
751 1202 985 1264 seniori
1010 1202 1291 1264 inAntro
1306 1203 1506 1265 insula
1529 1204 1775 1266 dederat
1794 1220 2057 1283 cperam,

415 1309 551 1356 cum
574 1310 698 1356 non
722 1300 1015 1373 quantum
1032 1293 1420 1368 voluisset,ab
1442 1312 1511 1357 eo
1543 1294 1833 1358 hausisset
1854 1296 2031 1357 eradi
2040 1330 2062 1343 ο

416 1382 623 1455 tionis,
651 1383 1024 1445 monasteria
1044 1388 1222 1444 varia
1247 1382 1877 1464 obivit,repositosque
1901 1385 1966 1446 in
1991 1383 2061 1445 il-

2142 846 2302 907 illius
2327 847 2602 927 ﬁlii,ergo
2635 849 3064 929 Metaphrastes
3095 848 3392 928 antiquior
3419 847 3782 930 Theophane

2146 936 2332 1016 potuit
2349 955 2381 997 a
2403 935 2727 1017 Psello,qui
2755 936 2863 998 sub
2883 936 3169 999 Michaele
3192 939 3366 999 tertio
3387 938 3545 999 circa
3558 957 3777 999 annum

2149 1023 2383 1085 Domini
2407 1024 2521 1088 860
2542 1025 2772 1086 vivebat
2792 1025 3036 1102 laudari,
3064 1044 3258 1103 eoque
3283 1027 3488 1105 magis,
3522 1026 3675 1107 quod
3707 1027 3782 1088 de

2146 1114 2560 1194 Metaphraste,
2596 1122 2872 1194 tanquam
2924 1114 3057 1175 fatis
3097 1114 3324 1189 functo,
3360 1123 3418 1176 et
3467 1115 3780 1195 plurimam

2144 1203 2299 1282 apud
2334 1221 2541 1264 omnes
2569 1204 2983 1265 auctoritatem
3016 1214 3315 1281 assecuto,
3348 1204 3505 1284 quod
3537 1206 3598 1265 in
3633 1223 3781 1283 pan-

2143 1291 2231 1354 cis
2260 1293 2429 1353 annis
2452 1310 2566 1353 non
2589 1293 2680 1372 ﬁt,
2712 1311 2906 1353 sermo
2929 1291 3235 1355 habeatur.
3272 1292 3499 1354 Cadunt
3526 1312 3668 1369 ergo
3702 1303 3787 1354 tot

2146 1380 2419 1443 Bollandi
2449 1390 2760 1461 computus
2793 1388 3131 1462 exactmque
3186 1391 3516 1461 temporum
3548 1382 3784 1443 discus-

417 1469 485 1532 lis
506 1474 1016 1546 librasinvestigans
1036 1474 1273 1532 studiose
1294 1475 1601 1547 legit,atque
1628 1478 1961 1534 excellentem
1990 1479 2068 1532 est
2147 1469 2371 1545 siones,
2396 1470 2717 1532 dummodo
2738 1488 2937 1533 verum
2970 1471 3066 1543 sit,
3091 1471 3245 1552 quod
3278 1472 3352 1531 de
3383 1481 3559 1532 aetate
3587 1473 3784 1532 Theo-

419 1559 824 1623 eruditionem
847 1560 1121 1640 adeptus,
1148 1567 1217 1621 ut
1241 1561 1639 1638 Curopalates
1670 1563 1878 1625 tradit:
1913 1565 2067 1625 Dein
2150 1558 2361 1638 phanis
2383 1557 3590 1622 traditScorsus.ConstituitScorsusduos
3611 1577 3791 1620 anno-

424 1653 953 1726 Constantinopolim
999 1668 1246 1710 reversus
1269 1654 1524 1726 privatim
1550 1656 1809 1729 quosdam
1836 1656 2017 1713 docuit
2048 1674 2067 1711 :
2147 1665 2279 1708 rum
2325 1646 2847 1709 intercurrentium
2883 1648 3192 1723 terminos,
3228 1648 3384 1709 intra
3412 1666 3560 1727 quos
3589 1648 3789 1710 Theo-

422 1738 640 1803 horum
675 1739 925 1819 quidam
962 1741 1031 1802 in
1056 1745 1268 1819 prcetio
1298 1748 1503 1819 captus
1533 1758 1567 1801 a
1611 1740 1934 1803 Saracenis
1992 1761 2070 1805 ac
2091 1759 2129 1809 Β
2154 1736 2409 1815 phanem
2435 1736 2648 1797 vixisse
2666 1745 2891 1797 certum
2918 1738 3160 1797 omnino
3191 1747 3417 1800 censet:
3454 1738 3678 1818 primus
3701 1744 3794 1799 est

425 1826 1673 1905 viroillustritraditusinservitutem,cum
1695 1831 2069 1910 postmodum
2151 1844 2340 1886 annus
2388 1825 2504 1885 862
2535 1834 2882 1904 argumento
2912 1824 3117 1887 Jacobi
3152 1824 3411 1888 Gretseri
3446 1836 3589 1887 tom.
3637 1825 3685 1888 ll
3717 1826 3792 1887 de

429 1917 772 1981 Geometrioe
787 1917 1077 1997 peritiam
1094 1917 1435 1996 profesus,a
1471 1935 1588 1997 quo
1611 1936 1744 1980 eum
1776 1919 2072 1982 didicerat
2154 1912 2339 1976 Cruce
2365 1914 2424 1975 in
2446 1912 2611 1974 Notis
2640 1914 2709 1973 ad
2735 1913 2879 1975 duas
2910 1911 3223 1977 Orationes
3254 1913 3661 1996 Theophanis,
3695 1916 3790 1994 qui

425 2008 685 2068 Leonem
705 2008 1035 2086 privatum,
1062 2013 1121 2067 et
1138 2006 1373 2085 inopem
1396 2006 1613 2086 degere
1652 2013 1781 2086 sign
1792 2010 2070 2086 iﬁcasset,

427 2094 627 2153 litteris
646 2110 765 2151 eum
785 2093 856 2150 ad
873 2109 929 2152 se
950 2094 1286 2165 amplissima
1312 2096 1582 2167 proposita
1615 2097 1853 2153 mercede
1876 2098 2071 2153 invita-

425 2188 507 2249 vit
537 2183 952 2247 Barbarorum
981 2201 1111 2245 rex.
1144 2183 1282 2245 Hac
1329 2185 1561 2247 litteras
1594 2185 1712 2247 Leo
1747 2185 2075 2250 Theoctisto

430 2272 751 2347 Logotltetas,
786 2273 877 2331 hic
912 2271 1198 2344 Theophila
1245 2274 1564 2345 imperatori
1590 2275 1785 2330 obtulit
1833 2277 1928 2349 qui
1963 2292 2077 2332 eum

429 2379 638 2423 summa
654 2364 777 2435 favo
799 2365 983 2430 favore
1004 2362 1485 2436 complexus,ampl
1493 2364 1538 2418 is
1552 2364 1737 2435 apibus
1758 2365 2079 2436 ditavit,jus-

431 2456 627 2535 sitque
667 2452 905 2533 publice
931 2452 1162 2526 docere,
1205 2470 1275 2515 ac
1321 2460 1527 2534 pastea
1567 2453 2080 2520 Thessaloniceusi

436 2543 728 2607 Ecclesiae
741 2541 1192 2623 proficiendum
1214 2544 1474 2605 curauit.
1496 2542 1704 2605 Verum
1726 2547 2080 2608 mortuosub

436 2647 634 2689 annum
663 2631 761 2687 8M
802 2629 1104 2704 Tamphilo,
1138 2630 1389 2689 redactus
1418 2647 1622 2706 quoque
1653 2634 1709 2687 in
1737 2635 1977 2691 ordinem
2005 2642 2081 2690 est

436 2721 757 2801 Leo,quod
778 2722 1062 2783 haeresim
1085 2728 1342 2783 sectatus
1360 2728 1507 2784 esset
1520 2722 2074 2786 Icouomachorum.

435 2812 565 2877 Qum
581 2811 631 2867 si
649 2811 768 2881 quis
786 2814 929 2866 recte
938 2809 1118 2865 omnia
1138 2810 1807 2882 expendatfatebitursub
1827 2812 2081 2869 Michaele

436 2897 721 2970 Bolbo,qui
741 2912 879 2954 anni:
902 2896 1009 2952 820
1027 2896 1084 2951 in
1105 2897 1401 2968 imperium,
1438 2915 1499 2952 ac
1520 2898 1620 2954 sub
1647 2899 1800 2956 illius
1821 2900 2085 2957 decessore

438 2990 707 3052 Armeno
730 2984 1206 3066 uiperiLeonem
1234 2984 1432 3047 Psello
1453 2987 1685 3049 dedisse
1701 3005 1943 3067 operam
1965 3008 2087 3051 ma-

2157 2011 2317 2084 putat
2347 2020 2479 2063 enim
2509 2003 2807 2081 ﬂoruisse,
2842 2022 2957 2083 quo
2991 2011 3257 2083 tempore
3305 2005 3503 2065 Sicilia
3535 2005 3792 2064 nondum

2157 2100 2275 2153 tota
2308 2111 2340 2153 a
2371 2090 2680 2154 Saracenis
2711 2102 2873 2152 esset
2901 2092 3161 2162 subacta,
3201 2092 3354 2172 quod
3388 2104 3476 2153 est
3508 2093 3665 2154 circa
3697 2111 3793 2155 an

2158 2200 2298 2243 num
2354 2180 2890 2258 nongentesimum.
2952 2181 3117 2260 Alter
3145 2191 3235 2242 est
3281 2199 3497 2260 annus,
3532 2200 3646 2261 quo
3695 2200 3793 2242 ra-

2162 2279 2319 2351 ptum
2381 2288 2414 2330 a
2446 2268 2756 2331 Saracenis
2804 2268 3268 2332 Tauromenium
3325 2270 3450 2342 fuit,
3487 2271 3640 2350 quod
3689 2271 3797 2330 sub

2160 2359 2373 2421 Leonis
2413 2357 2613 2419 Basilii
2643 2357 2984 2421 Macedonis
3033 2359 3138 2419 ﬁlii
3187 2359 3439 2439 imperio
3485 2358 3799 2438 contigisse

2161 2447 3805 2529 traduntLeonisﬁliusConstantinusl’orphyrogenneta

2160 2536 2313 2599 libro
2336 2554 2379 2599 ιι
2410 2536 2760 2598 Thematum
2796 2537 3029 2618 imperii
3059 2535 3287 2600 Orieut.
3320 2538 3579 2600 Joannes
3611 2540 3767 2601 Cum
3790 2570 3803 2582 -

2164 2627 2443 2708 palata,et
2465 2625 2562 2687 alii
2587 2626 2972 2701 recentiores,
3008 2646 3185 2707 quem
3210 2627 3389 2688 fuisse
3422 2627 3685 2707 pluribus
3707 2645 3809 2687 an-

2166 2717 2461 2796 tiquorum
2493 2714 2993 2776 monimentorum
3040 2715 3394 2777 testimoniis
3420 2715 3623 2795 probat
3656 2715 3802 2779 893.

2161 2803 2391 2865 Floruit
2418 2804 2614 2883 itaque
2640 2801 3023 2865 Tauromenii
3053 2804 3129 2865 ab
3179 2824 3335 2866 anno
3368 2804 3563 2865 Basilii
3600 2803 3803 2876 tertio,

2166 2892 2268 2968 qui
2293 2891 2467 2953 fuerit
2489 2892 2706 2954 Christi
2727 2892 3046 2972 870usqne
3069 2892 3141 2955 ad
3167 2894 3384 2955 Leonis
3403 2912 3620 2955 annum
3646 2892 3807 2953 deci-

2169 2998 2330 3041 mum
2384 2989 2642 3056 sextum,
2676 2982 2779 3061 qui
2809 2989 2898 3042 est
2928 2982 3068 3043 702.
3113 2980 3327 3043 Probat
3356 2982 3488 3042 aliis
3536 2982 3805 3059 ejusdem

436 3085 597 3139 turne
619 3077 754 3156 jam
789 3075 988 3136 (etatis
1017 3078 1172 3134 viro.
1208 3072 1333 3148 Qui
1365 3076 1571 3155 potuit
1608 3078 1795 3157 igitur
1817 3095 1855 3138 α
1892 3077 2146 3158 Pselloc
2169 3068 2427 3158 auctoris
2458 3069 2604 3131 locis
2631 3087 2644 3132 :
2679 3069 2739 3130 in
2770 3069 2988 3132 Homil.
3023 3070 3107 3133 De
3139 3071 3415 3151 parabola
3446 3089 3615 3132 (cena
3643 3079 3814 3133 vocat

438 3165 685 3229 laudari
737 3161 1167 3243 Metaphrastcs
1208 3163 1340 3224 vita
1387 3166 1657 3241 functus,
1703 3167 1809 3244 qui
1852 3174 2086 3229 centum

2169 3157 2471 3237 Agarenos
2519 3159 2767 3237 ὁμόρους,
2795 3162 3004 3226 ὁποίους
3034 3164 3241 3234 ὁρῶμεν
3276 3163 3389 3225 τοὺς
3423 3163 3641 3239 ὸμὸροδς
3672 3164 3813 3233 ἡμῖν

439 3260 577 3338 post
605 3254 880 3315 Psellum
900 3253 1079 3313 annis
1099 3251 1304 3314 vixit?
1335 3252 1537 3331 Neque
1566 3255 1640 3315 de
1672 3253 1867 3316 Psello
1898 3255 2087 3319 Meta-

435 3343 676 3417 plirastas
703 3339 974 3399 laudatore
993 3346 1338 3412 repugnasset
1370 3340 1665 3404 Baronius.
1690 3344 1737 3397 si
1754 3344 1971 3401 aliunde
2002 3362 2091 3399 as-

440 3434 560 3497 seri
588 3430 1015 3510 Metaphrastce
1046 3436 1282 3492 aetatem
1305 3446 1474 3510 posse
1513 3434 1942 3496 existimasset.
1974 3435 2091 3496 Ast

442 3522 603 3585 hunc
619 3521 737 3583 alii
749 3537 881 3581 cum
891 3518 1001 3581 sub
1016 3517 1411 3581 Constantino
1425 3522 2090 3601 Porphyrogenito,qui

441 3610 713 3684 septennis
731 3606 1053 3665 Alexandro
1074 3614 1434 3679 patru0,anno
1456 3608 1560 3663 912
1583 3611 1699 3681 [60]
1719 3612 1984 3668 exstincto
2002 3613 2092 3666 im.

441 3716 663 3783 perure
680 3698 1114 3779 cmpit,vixisse
1134 3698 1474 3775 fateantur:
1508 3700 1700 3761 miror
1718 3717 1836 3761 non
1853 3704 2090 3781 perspi-

442 3807 574 3854 cere
601 3808 641 3850 α
663 3786 859 3851 Psello
897 3787 1004 3867 qui
1027 3792 1286 3860 centum,
1324 3792 1390 3849 ut
1412 3788 1734 3849 minimum
1761 3808 1890 3850 cum
1914 3798 2090 3852 ante-

447 3878 647 3953 cessit,
680 3876 922 3939 laudari
952 3876 1226 3954 equidem
1280 3883 1599 3939 mortuum
1629 3895 1753 3939 non
1798 3886 2090 3957 potuisse.

528 3968 603 4030 Et
623 3966 749 4027 haec
772 3963 1014 4044 quidem
1041 3962 1386 4025 Bollandus:
1406 3965 1547 4043 quid
1577 3984 1719 4026 vero
1745 3968 2095 4029 Franciscus

2172 3249 2454 3327 ἀπογόνὸις
2479 3256 2583 3305 τῶν
2606 3249 2848 3325 ’[σμαήλ.
2894 3251 3244 3329 Cujusmodi
3258 3250 3525 3312 videmus
3549 3251 3654 3312 hos
3672 3250 3816 3328 ﬁni-

2172 3344 2350 3400 timos
2381 3337 2662 3400 lsmuelis
2684 3349 2975 3417 posteros,
3008 3339 3261 3401 Humilia
3286 3340 3360 3401 de
3383 3345 3604 3401 sanctis
3636 3358 3815 3419 apos-

2173 3426 2310 3487 tolis
2358 3425 2535 3488 Petro
2569 3438 2629 3488 et
2662 3426 2846 3488 Paulo
2889 3427 3197 3507 magniﬁce
3228 3438 3473 3490 exornat
3529 3429 3813 3507 templum

2172 3516 2476 3578 conditum
2498 3516 2571 3577 ab
2594 3518 2947 3596 imperatore
2963 3518 3183 3579 Basilio
3205 3518 3263 3578 in
3282 3516 3501 3579 Palatio
3527 3517 3817 3579 Constan-

2174 3606 2446 3686 tinopoli.
2481 3606 2782 3681 Συνήδομαί
2805 3631 2909 3686 σοι,
2939 3607 3112 3679 πόλις,
3138 3610 3220 3665 καὶ
3244 3610 3347 3683 σοὶ,
3374 3613 3485 3664 Bais
3511 3614 3615 3663 τῶν
3646 3608 3816 3662 ἀνακ-

2172 3699 2340 3772 τάρων
2363 3696 2489 3775 [61]
2521 3696 2630 3755 ναέ.
2657 3695 2949 3758 Gratulor
2978 3698 3411 3785 tibi,civitus,et
3442 3697 3819 3769 tibi,sacrum
3873 3773 3884 3785 .

2175 3788 2241 3848 in
2275 3784 2513 3847 Palatio
2544 3785 2830 3864 templum
2880 3793 3163 3848 erectum.
3201 3784 3510 3848 Concludit
3541 3785 3650 3846 hoc
3684 3785 3817 3863 pal-

2180 3875 2326 3937 mari
2355 3883 2728 3952 argumento,
2752 3894 2865 3954 quo
2896 3894 3021 3936 rem
3054 3894 3293 3936 omnem
3321 3875 3631 3936 evidenter
3662 3875 3821 3935 evin-

2179 3982 2315 4025 cere
2365 3963 2607 4024 conlidit
2640 3982 2653 4025 :
2688 3973 2823 4024 natu
2859 3963 3013 4025 idem
3062 3963 3459 4043 Theophanes
3488 3963 3694 4025 scribit
3742 3963 3817 4023 ad

451 4057 702 4120 Scorsus
723 4072 791 4114 ex
816 4050 1026 4114 eadem
1049 4052 1337 4115 societate
1366 4054 1656 4115 Bollando
1685 4054 1930 4129 dixeris,
1963 4056 2093 4117 ins-
2177 4052 2463 4114 amussim
2516 4053 2927 4131 imperatores,
2963 4070 3068 4131 pro
3125 4052 3344 4133 quibus
3376 4053 3435 4112 in
3487 4052 3822 4132 perorando

451 4144 763 4227 piciamus.
799 4141 1033 4222 Optime
1074 4143 1338 4221 potuisse
1358 4141 1819 4223 Metaphrastem
1845 4163 1876 4205 a
1907 4144 2098 4207 Psello
2180 4142 2365 4205 Deum
2399 4141 2772 4221 deprecatur,
2813 4140 3031 4203 Homil.
3090 4140 3173 4203 De
3207 4141 3418 4205 Ramis
3456 4141 3819 4219 Palmarum,

452 4234 691 4297 seniore
722 4230 973 4305 laudari,
1007 4230 1400 4311 antiquiorem
1454 4249 1485 4291 a
1517 4233 1880 4294 recentiore.
1915 4236 2086 4295 Meta-

2184 4229 2573 4310 Ἐπεοχόμενοι
2606 4233 2665 4286 τὸ
2693 4232 3077 4310 Οεοφρούρητον
3108 4232 3296 4310 κρότος
3321 4239 3411 4287 τοῦ
3443 4231 3683 4293 εὐσεϐοῦς
3715 4234 3822 4305 βα-

452 4322 707 4406 phrastae
741 4318 900 4381 enim
929 4319 1205 4380 meminit
1236 4317 1635 4398 Theophanes
1669 4319 2008 4403 Cerameus,
2045 4341 2086 4382 Gl

2183 4319 2372 4381 σιλὲως
2404 4322 2559 4392 ἡμῶν
2580 4332 2697 4383 τοῖς
2720 4322 2853 4383 υἱοῖς
2886 4320 3043 4376 αὑτοῦ
3073 4317 3355 4396 διαμένειν,
3390 4320 3700 4390 ἀσάλευτον,
3735 4322 3822 4373 καὶ

452 4410 705 4474 Homilia
725 4409 800 4472 de
822 4409 1039 4470 Lazaro
1067 4406 1372 4469 suscitato.
1397 4409 1457 4464 Ὀ
1576 4415 1680 4463 τῶν
1713 4412 2086 4486 διεταφράσεωπ

2183 4406 2586 4465 κατευοδοῦσθαι
2623 4410 2719 4464 Sno
2751 4416 2879 4465 Θεοὺ
2910 4420 2999 4467 τοῦ
3029 4411 3398 4483 κοσμήσαντος
3432 4417 3610 4464 τοῦτον
3640 4408 3820 4484 σοφὲᾳ,

452 4462 705 4474 .-.η--.--
728 4462 798 4472 νη
822 4462 1034 4470 ..η-η
1067 4462 1340 4468 -..ην-η
1359 4462 1372 4469 -
1432 4462 1447 4464 -
1592 4462 1623 4463 ρ
1770 4462 1782 4464 ἡ
1807 4462 2086 4486 νηπ--ηπ.

452 4500 645 4581 γλυκὺς
670 4498 1026 4576 συγγραφεὺς,
1052 4499 1349 4575 παρρησίας
1375 4497 1501 4552 εἷπε
1525 4496 1684 4574 λόγον
1711 4501 1851 4553 εἶναι
1876 4498 2086 4566 δηλωτι-

2181 4499 2269 4554 καὶ
2312 4496 2516 4575 ἀνδρείᾳ
2564 4497 2823 4572 βασιλικῷ
2867 4462 3171 4568 διαδήματι.
3209 4497 3463 4559 Oremus
3512 4462 3826 4570 etiamSul

454 4592 567 4661 κόν,
601 4586 1069 4665 Metaphraseon
1110 4602 1248 4645 vero
1278 4585 1486 4644 suavis
1512 4586 1790 4663 scriptos,
1820 4586 2100 4665 ﬁdentem

452 4695 525 4741 ac
570 4675 826 4740 liberum
855 4674 1135 4735 animum
1182 4691 1220 4732 a
1247 4688 1516 4735 sermone
1558 4674 1823 4736 indicari
1874 4684 2097 4738 censet.

453 4766 525 4829 El
543 4764 606 4827 in
627 4771 834 4844 quarto
860 4760 1165 4823 Matutino.
1199 4759 1369 4817 Ἀλλὰ
1390 4762 1506 4837 περὶ
1528 4763 1722 4818 τούτων
1744 4763 1954 4837 ὒμεινον
1972 4766 2102 4839 ἐμοῦ

455 4855 602 4931 λέγει
633 4854 737 4909 τῶν
796 4858 1184 4929 Μεταφρασεων
1210 4851 1237 4904 ὁ
1269 4848 1463 4926 γλυκὺς
1494 4854 1840 4930 συγγραφεύς.
1876 4852 1995 4915 Sed
2028 4855 2104 4915 de

456 4941 553 5004 his
588 4938 828 5012 melius,
862 4954 1050 5016 quam
1107 4953 1214 5015 ego
1280 4935 1343 4998 id
1393 4938 1639 5014 faciam,
1689 4942 1945 5019 scriptor
2000 4942 2107 5005 ille

457 5029 650 5094 dulcis
705 5026 1180 5106 Metuphraseon
1209 5025 1477 5087 disserit.
1521 5025 1591 5087 Et
1623 5028 1869 5107 quinto:
1923 5032 2034 5092 Καὶ
2064 5035 2108 5088 ὡ

458 5118 522 5177 ἂν
555 5119 633 5195 μὴ
663 5118 751 5174 καὶ
780 5115 945 5191 ἡμεῖς
976 5114 1198 5190 δόξαιμεν
1229 5116 1516 5171 ἀπεοικόνα
1558 5120 1922 5191 μαντεύεσθαι,
1958 5119 2106 5184 ἀξιό-

459 5229 639 5290 χρεων
673 5207 893 5264 ἐνταῦθα
922 5205 1247 5284 παράγωμεν
1288 5206 1523 5285 μάρτυρα
1556 5207 1865 5284 Συμεώνην,
1899 5209 1986 5263 τὸν
2017 5210 2108 5276 ταὶς

463 5297 831 5378 Μεταφράσεις
866 5297 923 5351 εὖ
946 5292 1094 5370 μάλα
1114 5294 1451 5371 συνθέμενον.
1487 5292 1735 5372 ’Λπόχρη
1758 5295 1845 5349 ιιῦν
1875 5296 2024 5360 οὗτος
2056 5298 2108 5353 ἐν

460 5389 538 5458 τῷ
558 5386 630 5446 εἷς
661 5386 753 5441 τὸν
770 5385 906 5461 ἱερὸν
931 5389 1135 5442 Λουκᾶν
1158 5384 1495 5458 ὑπομνήματι
1515 5388 1666 5438 τοῦτο
1688 5383 2110 5456 ποιούμενος,Αι

462 5488 538 5534 ne
589 5488 696 5533 nos
745 5474 928 5534 etiam
960 5472 1115 5545 sine,
1135 5468 1435 5552 probabili
1464 5486 1648 5531 causa
1668 5469 1946 5532 divinare
1966 5474 2112 5537 velle

461 5558 927 5640 videamur,ﬁde
949 5561 1202 5643 dignum
1220 5565 1430 5624 testem
1457 5558 1535 5620 ad
1555 5559 1708 5621 hanc
1737 5575 1866 5621 rem
1893 5566 2112 5641 produ-

2177 4588 2442 4667 piissimi
2495 4588 2883 4665 imperatoris
2935 4588 3128 4647 nostri
3160 4587 3483 4665 imperium
3530 4586 3828 4647 diuinitus

2183 4675 2565 4747 custoditum,
2591 4674 2736 4752 ﬁliis
2756 4677 2944 4737 aliam
2976 4677 3102 4750 eius
3124 4681 3477 4753 permaneat
3507 4677 3826 4736 inconcus—

2183 4770 2412 4837 sum,ut
2434 4764 2797 4839 intendat,et
2815 4780 3094 4842 prospere
3115 4764 3217 4824 Dei
3228 4763 3409 4824 ductu
3419 4763 3830 4840 procedat,qui

2186 4852 2346 4914 hunc
2366 4852 2752 4931 sapientia,et
2773 4850 3159 4927 fortitudine,
3187 4858 3242 4913 et
3264 4852 3653 4927 imperatorio
3684 4852 3825 4911 diu-

2188 4942 2422 5003 demate
2439 4942 2777 5001 exornavit.
2805 4938 2874 4999 Et
2903 4938 3156 5002 Homilia
3181 4939 3252 5000 de
3275 4939 3496 5000 sanctis
3519 4938 3828 5018 apostolis:

2192 5028 2570 5091 Ἀδιαλεξπτως
2631 5031 2915 5106 εὐχόμενοι
2982 5028 3035 5084 ἐν
3094 5032 3323 5091 πολλαῖς
3383 5027 3514 5083 ἐτῶν
3571 5025 3829 5103 περιόδοις

2193 5120 2253 5173 τὸ
2324 5118 2510 5194 κράτος
2583 5115 3015 5196 διαφυλάττεσθαι
3084 5125 3175 5173 τοῦ
3254 5114 3494 5177 εὐσεϐοῦς
3570 5114 3834 5192 βασιλέως

2188 5209 2364 5281 ἡμῶν,
2401 5208 2458 5269 ὃς
2517 5204 2749 5278 εὖσεϐείᾳ
2779 5212 2873 5272 τῆς
2921 5207 3096 5286 ἀρχῆς
3127 5208 3310 5263 ἰθύνων
3343 5207 3460 5267 τοὺς
3521 5206 3712 5266 οἴακας
3744 5204 3836 5258 καὶ

2191 5294 2371 5372 λόγοις
2430 5300 2647 5369 κοσμῶν
2702 5298 2763 5350 τὸ
2810 5293 3058 5368 διάδημα,
3091 5295 3178 5350 καὶ
3227 5297 3559 5371 χρηστότητι
3623 5314 3835 5368 τροπων

2193 5383 2551 5458 κοσμούμενος
2579 5382 2629 5449 ἐξ
2645 5384 2834 5462 ἀρετῆς
2859 5386 3078 5461 γνήσιον
3109 5383 3227 5462 ἔχει
3257 5386 3346 5438 τὸν
3378 5383 3613 5440 ἔπαινον.
3650 5381 3728 5442 Εἰ
3744 5383 3831 5441 Sf-

2191 5490 2267 5536 ne
2289 5474 2731 5535 intermissione
2770 5473 2950 5535 Deum
2984 5489 3241 5544 oremus,
3276 5479 3341 5531 ut
3366 5488 3477 5548 per
3506 5471 3695 5532 multa
3723 5486 3837 5530 an-

2192 5578 2407 5630 norum
2430 5564 2635 5640 spatia
2662 5564 2765 5642 pio
2785 5560 3145 5641 imperatori
3166 5565 3369 5622 nostra
3399 5564 3702 5622 conservet
3722 5573 3833 5637 ρος
