4006 6200
257 327 317 391 57
946 321 1040 383 DE
1085 319 1427 382 SCRIPTIS
1472 315 1855 383 SYMEONIS
1899 315 2491 379 METAPHRAST/E
2533 310 2924 378 DIATRIBA.

3525 313 3602 378 58

256 454 618 537 Ιωιὶαηι,ιιιιί
640 455 780 516 dum
801 454 1043 517 clavum
1063 454 1320 532 imperii
1333 469 1446 532 per
1460 454 1750 533 pietatem
1775 452 1871 513 d-i-
1891 457 1926 507 Α
1957 466 2121 510 mare
2154 456 2570 527 argumentum
2598 448 3164 512 excutiamusBona
3194 458 3469 529 precatur
3491 450 3604 512 lm-

255 549 606 627 rigit,etcum
628 562 858 606 morum
874 543 1181 624 probitate
1203 550 1457 604 ornatus
1483 544 1610 623 ipse
1630 543 1866 616 sit,tum

252 643 382 698 etiam
431 637 675 694 diadema
704 636 963 695 doctrinis
992 639 1248 698 exornat,
1284 651 1459 690 veram
1482 636 1869 706 ingenuumque

249 722 445 784 obtinet
473 721 725 781 laudem.
763 717 977 782 Subdit
1011 717 1259 780 Scorsus
1288 735 1300 779 :
1342 718 1486 790 Quis
1521 726 1723 778 autem
1755 725 1864 789 est,

248 816 452 878 obsecro,
490 813 636 869 otius
664 811 749 866 hic
779 812 1093 881 imperator,
1121 810 1220 882 qui
1248 810 1511 882 sapientia
1539 816 1788 873 ornatus,
1822 813 1871 861 et

246 898 495 959 diadema
518 898 801 959 doctrina
827 896 1316 967 ea‘ornaritnz-isi
1349 895 1464 954 Leo
1494 892 1717 955 Basilii
1744 896 1841 952 Ma

243 992 427 1047 adonis
452 990 620 1062 ﬁlius,
641 990 731 1062 qui
759 990 1002 1063 sapiens,
1026 1004 1119 1045 seu
1144 987 1503 1061 philosophus
1532 987 1599 1043 ab
1630 985 1872 1041 omnibus

242 1075 564 1147 scriptoribus
580 1077 1019 1147 cognominatur.
1046 1074 1114 1131 Et
1136 1092 1241 1128 rem
1267 1075 1487 1145 insuper
1516 1072 1715 1128 mentio
1733 1071 1871 1142 ﬁlio-

243 1177 349 1217 rem
366 1162 699 1233 imperatoris
726 1176 840 1232 quae
864 1159 926 1230 ﬁt
957 1177 989 1213 a
1018 1158 1329 1230 Theophane
1359 1157 1512 1213 valde
1542 1156 1869 1212 corroborat:

244 1244 411 1303 habuit
428 1246 574 1299 enim
598 1245 836 1301 Basilius
865 1242 1073 1316 quidem
1102 1240 1325 1299 Leonem
1357 1240 1514 1307 hunc,
1547 1246 1599 1297 et
1626 1239 1873 1297 Aleman-

244 1328 649 1391 dmmzaddere
666 1334 901 1407 poterat
922 1325 1449 1401 Constantinum,et
1473 1324 1867 1405 Stephanum;

248 1421 361 1492 Leo,
413 1420 911 1482 Constantinum.
961 1421 1275 1491 Praeterea,
1330 1418 1389 1479 id
1442 1417 1600 1478 idem
1662 1414 1872 1495 probat

247 1512 466 1593 epistola
488 1512 685 1574 Photii
720 1512 1076 1593 patriarchae
1099 1508 1171 1571 ad
1195 1508 1621 1589 Theophanem
1658 1526 1869 1568 mona-

249 1605 398 1667 chum
431 1606 632 1680 missa,
671 1625 844 1685 quam
880 1608 1173 1678 integram
1227 1603 1429 1665 Grtece
1459 1601 1636 1663 simul
1670 1609 1726 1662 et
1759 1602 1868 1663 La-

249 1695 351 1757 tine
393 1695 753 1774 descriptam
789 1694 973 1756 edidit
1014 1696 1069 1756 in
1120 1692 1397 1755 Procemii
1449 1691 1758 1767 secundi§
1808 1692 1868 1766 3,

1954 539 2211 617 peratori
2242 560 2257 613 ;
2287 545 2344 599 et
2384 538 2543 613 ﬁliis,
2577 555 2749 618 quem
2795 538 2937 599 dicit
2979 538 3291 619 sapientia,
3328 549 3385 598 et
3432 538 3602 599 forti-

1955 627 2184 700 tudine,
2225 634 2280 687 et
2328 625 2663 689 diademate
2693 644 2725 687 a
2754 628 2875 689 Deo
2907 640 3281 703 exornatum,
3320 637 3375 688 et
3406 629 3601 706 impe-

1951 716 2107 776 rium
2146 734 2251 795 per
2276 717 2547 794 pietatem
2574 717 2839 795 dirigere
2866 736 2996 777 cum
3028 735 3257 778 morum
3286 716 3601 796 probitate,

1957 814 2075 865 tum
2099 807 2274 865 etiam
2302 805 2592 866 doctrinis
2612 804 3014 885 praeditude
3043 806 3268 881 ait,non
3300 807 3600 883 nego.Leo

1957 892 2277 973 imperator
2334 894 2439 954 fuit
2475 893 2689 973 pietate
2741 903 2801 955 et
2830 895 3114 956 doctrinis
3143 894 3415 972 insignis,
3449 895 3597 956 adeo

1956 992 2017 1042 ut
2046 981 2343 1062 Sapientia
2389 992 2849 1060 cognomentum
2885 984 2999 1044 sibi
3050 986 3342 1045 asciverit.
3376 982 3597 1045 Verum

1956 1079 2065 1131 est.
2096 1072 2254 1149 Ergo
2290 1072 2362 1131 de
2391 1071 2592 1132 Leone
2625 1070 2985 1151 imperatore
3035 1072 3213 1133 verba
3244 1072 3340 1133 illa
3372 1070 3596 1135 intelli-

1955 1161 2147 1238 genda
2171 1159 2461 1221 sunt.Hoc
2494 1177 2634 1220 vero
2658 1163 3376 1241 nequaquam.Nunquam
3412 1161 3597 1238 id,ni-

1955 1250 2003 1310 si
2038 1250 2343 1311 dormiens
2372 1249 2701 1310 afﬁrmatio.
2738 1249 3192 1331 Imperator,qui
3224 1251 3375 1312 ﬁlios
3394 1249 3594 1325 habet,

1954 1338 2054 1400 ille
2086 1348 2197 1414 est,
2230 1338 2328 1419 qui
2361 1349 2417 1400 et
2466 1336 2799 1413 virtutibus,
2836 1350 2892 1402 et
2922 1340 3254 1419 disciplinis
3300 1342 3499 1420 pollet.
3536 1338 3599 1403 Si

1954 1427 2029 1488 de
2060 1428 2255 1488 Leone
2279 1428 2576 1507 intelligas
2609 1428 2816 1488 falsum
2850 1437 2978 1490 est:
3013 1428 3278 1510 quamvis
3305 1431 3461 1490 enim
3496 1430 3598 1491 ille

1954 1523 2011 1577 et
2042 1516 2283 1597 pietate,
2319 1525 2374 1578 et
2419 1516 2690 1578 doctrina
2720 1516 3018 1590 excelluit,
3055 1536 3354 1596 nunquam
3398 1528 3596 1579 tamen

1955 1604 2107 1667 ﬁlios
2136 1605 2414 1667 habuisse
2447 1605 2745 1667 dicendus
2766 1616 2876 1681 est,
2914 1606 3017 1683 qui
3041 1607 3213 1668 unico
3243 1616 3466 1668 tantum
3491 1626 3596 1668 su-

1956 1694 2221 1773 perstite,
2258 1712 2447 1775 eoque
2483 1694 2729 1774 puerulo
2761 1695 2955 1755 adhuc
3002 1696 3390 1757 Constantino
3419 1695 3593 1756 vitam

250 1801 394 1862 quem
446 1782 877 1863 Theophanem
918 1801 1053 1845 esse
1101 1781 1449 1845 Cerameum
1502 1780 1777 1853 suadent,
1812 1788 1931 1858 utB
1959 1783 2108 1843 ﬁnit.
2147 1782 2234 1844 An
2270 1802 2387 1845 non
2418 1783 2703 1845 insaniret
2732 1783 3147 1865 TheOplianes,
3185 1784 3488 1866 probeque
3519 1783 3594 1845 ab

249 1869 461 1934 Scorsus
487 1873 806 1952 conjectat,
845 1872 1048 1936 Sicilia
1082 1872 1227 1952 ipsa,
1262 1871 1434 1950 cujus
1467 1870 1528 1931 ﬁt
1563 1870 1782 1931 mentio
1816 1874 1873 1930 in

248 1961 355 2040 ipsa
374 1963 637 2042 epistola,
667 1980 739 2021 eo
765 1961 921 2042 quod
947 1978 1080 2023 cum
1113 1960 1243 2021 aliis
1275 1959 1541 2041 epistolis
1565 1979 1684 2020 una
1702 1976 1873 2040 repe-

248 2050 424 2126 riatur,
453 2070 585 2132 quas
628 2057 695 2113 et
743 2050 1027 2130 Gregorio
1072 2049 1436 2129 Syracusano
1477 2048 1781 2129 episcopo,
1816 2055 1875 2109 et

250 2139 527 2220 Euthymio
576 2141 819 2203 Catenae
864 2139 1275 2219 Metropolitae,
1311 2148 1369 2201 et
1423 2136 1615 2200 Marco
1666 2135 1865 2199 Siculo

252 2227 451 2307 scriptae
475 2238 639 2302 sunt,
675 2235 738 2289 et
769 2228 1051 2307 temporis
1073 2227 1245 2300 ratio,
1285 2244 1457 2306 quam
1492 2226 1639 2288 dicit
1670 2244 1733 2286 se
1765 2225 1862 2285 in-

254 2324 322 2375 tra
350 2317 602 2379 subtilius
623 2316 1520 2398 s'upputaturum.Theophanes
1553 2312 1860 2395 igitur,qui

256 2412 571 2487 eotempore
594 2407 929 2468 monachus
954 2412 1102 2479 erat,
1135 2415 1339 2478 postea
1372 2404 1445 2464 ad
1478 2403 1739 2485 episcopi
1778 2403 1861 2463 di-

262 2492 493 2569 gnitatem
515 2506 776 2571 evectus,
807 2496 1102 2557 Zacharia)
1130 2494 1235 2554 fuit
1266 2511 1599 2554 successor.
1640 2490 1708 2553 Et
1738 2493 1863 2554 haec

272 2583 470 2661 quidem
502 2586 748 2646 Scorsus
779 2584 1067 2646 Bollando
1098 2592 1438 2663 reponeret.

340 2672 464 2744 Quid
487 2676 698 2735 Scorso
722 2673 1070 2735 Bollandus?
1104 2676 1316 2747 Pauca,
1351 2672 1453 2732 sed
1488 2689 1594 2751 pro
1627 2689 1712 2732 re.
1746 2671 1865 2731 Me-

265 2761 529 2837 taphrastze
560 2772 795 2824 aetatem
825 2761 935 2822 sub
971 2764 1189 2837 Leone,
1219 2770 1274 2821 et
1307 2760 1697 2823 Constantino
1735 2760 1866 2838 ejus

262 2847 361 2909 ﬁlio
385 2850 768 2912 certissimam
804 2869 873 2911 ex
906 2850 1101 2913 Psello
1135 2850 1363 2912 haberi.
1418 2849 1660 2910 Frustra
1687 2849 1859 2909 aliam

258 2935 441 3018 inquiri
490 2940 629 3002 hinc
665 2940 1041 3019 conjecturas
1081 2958 1291 3002 omnes
1339 2938 1414 3000 de
1446 2946 1614 2999 aetate
1659 2937 1861 2999 Theo-

257 3028 435 3106 phanis
474 3031 676 3092 nullas
708 3048 861 3091 esse.
894 3029 1125 3092 Etenim
1163 3029 1214 3089 si
1247 3028 1642 3109 Theophanes
1673 3029 1861 3088 Meta-

254 3116 452 3194 pbraste
478 3118 781 3181 recentior
800 3128 909 3189 est,
938 3130 1001 3180 ut
1031 3119 1202 3198 plane
1224 3128 1477 3193 est,cum
1508 3118 1636 3198 ipse
1673 3119 1859 3179 Meta-

252 3295 429 3358 adultae
476 3299 860 3361 meminerit:
920 3307 978 3359 et
1028 3298 1464 3378 Metaphrastes
1494 3297 1702 3357 vixerit
1758 3295 1867 3356 sub

253 3384 417 3447 Leone
459 3394 514 3448 et
566 3387 978 3461 Constantino,
1016 3404 1260 3447 necesse
1305 3393 1393 3446 est
1441 3384 1867 3465 Theophanem

252 3473 547 3537 subsecutis
575 3474 952 3553 temporibus
1004 3483 1236 3536 aetatem
1293 3474 1511 3552 egisse,
1574 3491 1868 3554 ruereque

251 3570 408 3625 omnia
439 3568 660 3632 Scorsi,
686 3569 898 3640 quibus
926 3569 1290 3640 Theophanis
1320 3577 1540 3625 aetatem
1572 3567 1678 3624 sub
1712 3567 1874 3622 Basi-

253 3650 316 3712 lio
334 3662 383 3714 et
400 3654 595 3716 Leone
622 3654 982 3728 constabilit,
1014 3663 1072 3716 et
1109 3656 1397 3715 terminos
1422 3652 1555 3713 illos
1577 3670 1869 3713 annorum

255 3741 779 3821 intercurrentium,
810 3745 928 3822 [6?]
963 3745 1118 3805 inter
1148 3762 1293 3823 quos
1322 3742 1744 3823 Theophanem
1782 3742 1870 3802 vi—

255 3828 382 3893 xisse
408 3843 631 3910 censet,
673 3833 832 3896 leves
864 3852 1020 3907 esse,
1055 3851 1129 3895 ne
1160 3832 1301 3913 quid
1354 3831 1525 3912 pejus
1556 3832 1768 3893 dicam.
1800 3830 1874 3892 At

257 3920 426 3983 floruit
480 3932 620 3984 ante
668 3923 1128 3985 Tauromenium
1184 3932 1416 4002 captum
1450 3939 1482 3981 a
1537 3920 1874 3994 Saracenis,

257 4011 385 4089 quod
414 4021 646 4092 captum
667 4013 779 4073 fuit
801 4013 908 4073 sub
931 4011 1147 4073 Leonis
1177 4009 1382 4072 Basilii
1402 4008 1738 4070 Macedonis
1771 4008 1874 4071 ﬁlii

254 4096 514 4179 imperio:
551 4120 689 4162 cum
721 4099 1098 4163 Tauromenii
1132 4100 1479 4160 concionem
1514 4098 1740 4159 habens
1769 4116 1875 4159 vo-

256 4196 334 4248 cet
375 4187 702 4275 Saracenos
733 4188 1017 4251 conﬁnes.
1055 4190 1232 4251 Plura
1262 4189 1359 4249 hic
1417 4187 1722 4268 probanda
1754 4187 1878 4248 fue-

254 4286 381 4351 rant,
404 4279 759 4340 concionem
784 4278 942 4339 illam
977 4277 1359 4339 Tauromenii
1392 4276 1651 4338 habitam
1690 4298 1702 4339 :
1737 4295 1873 4338 cum

256 4368 432 4428 concio
456 4368 557 4429 illa
578 4368 1206 4442 habebatur,nondum
1234 4366 1695 4428 Tauromenium
1714 4384 1747 4426 a
1772 4364 1877 4427 Sa-

1956 1874 2340 1952 imperatore,
2368 1873 2620 1954 aliisque
2652 1872 3023 1943 irrideretur,
3053 1874 3235 1935 ﬁlium
3260 1874 3500 1935 unicum
3533 1873 3593 1934 in

1957 1962 2129 2037 ﬁlios,
2162 1980 2382 2042 eosque
2410 1962 2609 2041 plures
2632 1962 2982 2043 discerpens
3006 1970 3033 2026 ?
3063 1961 3125 2026 Si
3157 1962 3229 2024 de
3260 1961 3475 2025 Basilio
3492 1960 3594 2025 fal-

1955 2069 2084 2112 sum
2109 2070 2343 2131 quoque
2374 2054 2758 2132 est;quamvis
2781 2056 2941 2113 enim
2977 2052 3078 2114 ille
3105 2052 3258 2115 ﬁlios
3296 2051 3594 2127 habuerit,

1956 2158 2255 2220 nunquam
2303 2149 2497 2201 tamen
2548 2159 2684 2201 eum
2718 2150 2775 2202 et
2824 2140 3115 2214 doctrina,
3152 2150 3209 2202 et
3258 2140 3593 2223 disciplinis

1951 2238 2261 2308 prtestasse
2291 2230 2479 2291 dices.
2511 2232 2565 2293 ls
2597 2231 2704 2291 arti
2740 2230 2974 2292 militari
3008 2231 3269 2304 deditus,
3299 2240 3358 2292 et
3388 2246 3599 2311 corpo-

1947 2318 2027 2377 ris
2060 2316 2281 2379 viribus
2331 2328 2636 2391 strenuus,
2670 2338 2787 2380 non
2833 2319 3124 2392 doctrina,
3159 2330 3258 2381 aut
3307 2322 3605 2399 sapientia

1949 2404 2209 2467 innotuit
2259 2405 2330 2469 Et
2364 2407 2501 2469 licet
2531 2408 2641 2469 sub
2676 2409 2804 2487 ejus
2838 2408 3079 2469 nomine
3099 2417 3158 2470 et
3186 2409 3375 2489 capita
3406 2426 3597 2490 parae-

1948 2494 2143 2555 netica
2171 2496 2242 2556 ad
2272 2498 2531 2559 Leonem
2564 2497 2774 2572 ﬁlium,
2801 2507 2859 2560 et
2890 2497 3173 2559 nonnulla
3191 2499 3305 2560 alia
3336 2500 3596 2560 circum-

1948 2582 2235 2658 ferantur,
2272 2603 2387 2646 non
2420 2598 2734 2666 propterea
2764 2585 3082 2666 Sapientis,
3118 2587 3205 2647 vel
3258 2585 3595 2666 Philosophi

1950 2672 2067 2733 sibi
2100 2692 2316 2734 nomen
2353 2692 2561 2735 eorum
2593 2682 2798 2736 auctor
2828 2675 3169 2736 vindicatit.
3214 2673 3405 2747 Quare
3435 2684 3597 2736 certo

1950 2765 2162 2822 certius
2186 2766 2673 2832 concludendum,
2706 2768 3115 2838 Theophanem
3153 2783 3266 2831 non
3299 2766 3597 2837 deprecari

1944 2848 2360 2930 Deum,neque
2393 2870 2497 2931 pro
2542 2850 2785 2916 Basilio.
2824 2853 2922 2933 qui
2978 2851 3307 2931 disciplinis
3340 2869 3596 2914 exorna—

1947 2941 2040 3001 tus
2071 2957 2188 2999 non
2220 2939 2352 3013 fuit,
2390 2959 2585 3019 neque
2615 2959 2719 3020 pro
2756 2944 2978 3015 Leone,
3017 2943 3117 3022 qui
3150 2942 3304 3002 ﬁlios
3336 2960 3452 3002 non
3485 2942 3597 3002 ha-

1947 3027 2094 3088 buit.
2126 3027 2209 3089 De
2242 3029 2491 3109 epistola
2520 3029 2712 3092 Photii
2736 3030 2805 3092 ad
2836 3030 3289 3110 Theophanem,
3328 3030 3472 3093 nihil
3508 3038 3603 3092 est

1951 3116 2108 3197 quod
2131 3118 2347 3191 dicam,
2374 3119 2475 3199 qui
2502 3120 2660 3180 enim
2695 3120 2961 3181 scribere
2997 3119 3187 3195 potuit
3211 3118 3456 3182 Photius
3488 3120 3597 3180 sub

254 3205 493 3284 phrastaa,
529 3219 810 3289 tanquam
843 3207 1219 3285 antiquioris,
1256 3216 1312 3267 et
1355 3205 1717 3268 auctoritatis
1741 3200 1926 3285 jam"

1952 3206 2170 3268 Basilio
2202 3205 2549 3287 Theophani
2582 3211 2891 3281 Cerameo,
2927 3209 3026 3289 qui
3073 3209 3431 3271 mentionem
3461 3207 3601 3270 facit

1950 3295 2364 3376 Metaphrastre
2385 3296 2495 3358 sub
2524 3296 2718 3358 Leone
2743 3296 2959 3360 Basilio
2982 3297 3194 3371 ﬁlio,et
3214 3298 3605 3361 Constantino

1952 3394 2167 3465 nepote
2192 3386 2367 3446 vitam
2394 3385 2798 3465 argentis,nisi
2821 3405 3019 3447 rerum
3043 3386 3313 3448 ordinem
3339 3387 3597 3448 inverta-

1951 3472 2319 3536 mus?Fuerit
2342 3493 2410 3536 eo
2433 3482 2702 3554 tempore
2727 3486 2781 3536 et
2800 3474 3029 3537 Marcus
3042 3475 3361 3550 Siculus,et
3381 3475 3599 3557 Euthy-

1959 3563 2113 3624 mius
2139 3561 2367 3625 Catanen
2402 3564 2799 3644 metropolita,
2838 3573 2896 3625 et
2926 3564 3246 3642 Gregorius
3276 3563 3598 3645 Syracusa-

1957 3671 2089 3724 nus,
2116 3653 2185 3712 ad
2219 3673 2367 3732 quos
2398 3654 2605 3714 scribit
2638 3654 2885 3714 Pholius
2913 3674 2925 3715 :
2958 3654 3139 3717 fuerit
3173 3661 3230 3714 et
3259 3654 3370 3714 iste
3399 3650 3601 3714 Theo-

1958 3741 2180 3819 phanes
2206 3743 2529 3803 monachus
2580 3734 2717 3821 ergo
2746 3761 2817 3802 ne
2850 3744 3041 3803 statim
3072 3743 3179 3802 iste
3198 3742 3595 3820 Theophanes

1960 3830 2072 3892 erit
2094 3830 2410 3892 Cerameus
2434 3831 2555 3905 ille,
2585 3832 2752 3911 cujus
2779 3828 2903 3914 [63]
2944 3831 3072 3892 istae
3096 3829 3367 3891 Homilies
3391 3831 3603 3908 legun-

1963 3927 2077 3993 tur,
2113 3918 2349 4001 etquod
2386 3927 2573 4000 magis
2605 3929 2713 3994 est,
2738 3920 3034 3980 Zachariae
3063 3935 3373 3980 successor
3393 3918 3423 3977 ?

2040 4008 2309 4081 Quonam
2336 4027 2474 4087 ergo
2501 4021 2767 4090 tempore
2798 4008 2939 4071 vixit
2970 4005 3397 4089 Theophanes?
3427 4005 3602 4079 Quae-

1959 4107 2049 4160 rat
2097 4098 2191 4159 cui
2225 4098 2502 4178 placitum
2557 4109 2667 4160 est.
2704 4096 2854 4160 Satis
2897 4103 2971 4159 sit
3027 4096 3197 4160 nobis
3244 4095 3603 4170 ostendisse,

1960 4206 2094 4248 eum
2129 4187 2333 4248 Basilii
2385 4186 2745 4262 Macedonis,
2781 4196 2839 4247 et
2894 4186 3103 4248 Leonis
3133 4185 3292 4247 illius
3352 4184 3452 4246 ﬁlii
3483 4203 3604 4246 aevo

1961 4277 2143 4337 multo
2168 4274 2560 4356 posteriorem
2584 4293 2741 4341 esse.
2768 4275 2839 4337 Et
2860 4294 3036 4357 quam
3070 4275 3198 4356 ipse
3220 4292 3283 4335 se
3308 4273 3608 4335 invenisse

1960 4366 2270 4444 proﬁtetur
2297 4367 2550 4427 Scorsus
2567 4365 2979 4445 Metaphrastaa
3008 4373 3237 4426 aetatem
3262 4363 3412 4425 adeo
3442 4363 3602 4425 anti-

257 4456 457 4517 racenis
477 4457 788 4520 subactum
809 4455 1482 4518 fuisse.Tauromenium
1502 4454 1687 4515 semel
1709 4474 1877 4526 occu.
1903 4524 1936 4534 ἢ
1960 4461 2236 4531 quam,ut
2253 4472 2285 4515 a
2306 4453 2498 4516 Psello
2524 4454 2761 4515 seniore
2785 4453 3011 4516 laudari
3037 4453 3319 4534 potuerit,
3345 4452 3603 4513 fabulam

260 4553 425 4621 patum
474 4564 506 4607 a
536 4548 870 4621 Saracenis,
903 4564 1203 4626 nunquam
1240 4563 1273 4606 a
1316 4543 1668 4607 Christianis
1697 4562 1874 4606 recu-

262 4642 523 4710 peratum,
557 4654 692 4716 quae
726 4654 838 4697 nec
868 4636 1111 4715 probata
1139 4641 1299 4710 sunt,
1326 4652 1435 4695 nec
1456 4648 1714 4714 unquam
1744 4652 1876 4713 pro-

259 4721 362 4781 bari
390 4737 671 4797 poterunt.
705 4730 891 4797 Quare
916 4739 1150 4799 potuere
1175 4742 1299 4784 esse
1323 4727 1590 4784 Saraceni
1622 4726 1876 4795 ﬁnitimi,

260 4809 344 4868 sed
364 4828 473 4870 non
494 4810 916 4887 Tanromenio,
944 4812 1047 4873 sed
1076 4809 1235 4883 urbi,
1262 4811 1323 4872 in
1346 4829 1457 4890 qua
1474 4810 1604 4891 ipse
1628 4829 1875 4891 perora-

264 4892 360 4969 bat,
387 4907 438 4959 et
463 4918 777 4979 perorasse
799 4900 1222 4982 Theophanem
1242 4900 1302 4961 in
1323 4900 1457 4961 aliis
1485 4898 1732 4960 urbibus
1757 4918 1877 4962 non

266 5001 362 5046 uno
390 4989 655 5069 exemplo
686 4991 840 5052 idem
874 4992 1123 5053 Scorsus
1157 4988 1447 5071 probavit.
1472 4986 1568 5051 Sic
1595 4988 1878 5050 ﬁnitimos

265 5088 372 5136 esse
391 5096 501 5138 non
528 5087 749 5141 tantum
774 5079 1003 5154 urbi,in
1027 5098 1143 5159 qua
1174 5096 1404 5151 sumus,
1425 5078 1747 5158 proximos,
1772 5076 1876 5138 sed

267 5177 347 5222 eos
374 5167 563 5242 etiam,
598 5168 696 5248 qui
722 5167 1068 5248 provincias,
1106 5167 1165 5228 in
1199 5185 1313 5248 qua
1336 5184 1561 5239 sumus,
1596 5172 1652 5226 et
1683 5165 1876 5247 impe-

267 5250 613 5317 riilimitibns
636 5259 940 5335 adjacent.
975 5259 1057 5317 lta
1089 5255 1297 5318 Tur-cae
1321 5254 1550 5316 ﬁnitimi
1586 5263 1723 5315 sunt
1755 5258 1876 5316 lta-

268 5336 359 5414 liae,
391 5353 444 5403 et
488 5341 696 5406 Sicilia;
743 5345 1028 5418 Africani,
1063 5355 1121 5407 et
1170 5343 1431 5407 Poloniae
1486 5341 1737 5404 Tartari.
1792 5343 1877 5404 De

270 5430 456 5515 templo
472 5435 812 5496 Sanctorum
832 5435 1249 5515 Apostolorum
1277 5434 1337 5493 in
1360 5431 1571 5512 palatio
1592 5432 1739 5493 nihil
1762 5441 1870 5495 est.

271 5511 372 5577 Non
397 5537 543 5582 unus
574 5523 823 5586 Basilius
851 5511 910 5586 id
961 5525 1155 5586 solum
1187 5511 1441 5585 conatus
1472 5530 1582 5582 est.
1619 5518 1688 5581 Et
1718 5521 1874 5578 πόλιν

275 5606 463 5671 eoloco
489 5608 824 5691 Byzantium
870 5616 1003 5699 quis
1032 5612 1238 5677 dicet?
1283 5609 1715 5675 Verumtamen
1749 5608 1873 5692 pal-

1962 4560 2115 4605 esse.
2150 4540 2266 4604 Sed
2301 4562 2371 4603 ne
2406 4544 2461 4605 in
2509 4552 2855 4620 argumento
2907 4549 3024 4603 tam
3059 4543 3214 4602 serio
3240 4539 3437 4621 jejuni
3468 4558 3601 4602 esse

1959 4631 2280 4709 videamur,
2313 4650 2430 4692 non
2467 4631 2622 4692 aliud
2658 4632 2715 4691 iu
2738 4631 2986 4711 gratiam
3020 4631 3421 4692 studiosorum
3454 4630 3600 4692 affe-

1956 4738 2362 4801 remus,quam
2388 4721 2543 4800 quod
2569 4721 2694 4801 ipse
2708 4721 2957 4783 Scorsus
2972 4720 3302 4781 convellere
3327 4729 3602 4799 conatur,

1959 4820 2014 4870 et
2045 4810 2104 4870 in
2135 4811 2332 4874 aliam.
2369 4818 2540 4888 atque
2574 4810 2745 4871 aliam
2783 4814 3131 4871 sententiam
3168 4808 3500 4870 traducere.
3538 4809 3603 4869 lu

1960 4898 2200 4961 homilia
2244 4898 2399 4959 dicta
2433 4899 2529 4959 die
2577 4898 2886 4961 Dominico
2921 4897 3253 4959 l’almarum
3299 4895 3603 4975 inscriptio

1959 4987 2083 5049 illa.
2136 4985 2371 5066 Ἐλέχθη
2404 4988 2455 5042 δὲ
2511 4988 2732 5043 ἐνώπιον
2763 4994 2857 5044 τοῦ
2907 4987 3068 5064 ῥηγὸς
3127 4978 3408 5065 Ῥογερίου,
3440 4985 3605 5046 dicta

1958 5082 2040 5136 est
2067 5083 2357 5149 prasente
2390 5091 2528 5152 rege
2561 5073 2840 5150 Rogerio,
2880 5072 3147 5153 quamvis
3175 5090 3207 5133 a
3236 5070 3467 5132 duobus
3497 5086 3602 5128 co-

1960 5161 2194 5223 dicibus
2226 5161 2545 5224 Gallicanis
2574 5161 2745 5232 absit,
2777 5161 3066 5241 recipitur
3093 5168 3290 5222 tamen
3320 5156 3393 5217 ab
3422 5156 3601 5214 inuu-

1960 5252 2143 5312 meris
2172 5250 2307 5312 aliis
2341 5250 2782 5328 manuscriptis,
2820 5258 3095 5330 tanquam
3140 5246 3378 5324 antiqua
3407 5251 3465 5304 et
3493 5258 3602 5319 ge-

1961 5346 2162 5414 nuina,
2191 5339 2327 5399 licet
2351 5339 2407 5399 in
2436 5337 2733 5419 aliquibus
2753 5337 2831 5400 ita
2851 5337 3149 5416 descripta
3172 5333 3265 5405 sit,
3294 5344 3351 5391 ut
3383 5346 3602 5392 nomen

1958 5429 2199 5507 Rogerii
2226 5446 2333 5508 per
2361 5427 2781 5509 compendium
2818 5429 3011 5504 signet
3047 5445 3061 5483 :
3110 5438 3366 5499 namque
3399 5419 3604 5500 eXpri-

1960 5519 2140 5580 mitur
2190 5520 2246 5579 in
2307 5519 2464 5580 linea
2521 5520 2637 5597 ῥογ,
2698 5532 2877 5595 supra
2948 5510 3228 5573 lineolam
3278 5527 3600 5592 expansam

1955 5607 2294 5688 apertissim
2328 5630 2387 5666 ου
2417 5604 2778 5689 agnoscitur.
2822 5599 2991 5676 Quod
3022 5597 3246 5663 iudicat
3274 5600 3433 5663 inter
3460 5599 3598 5689 prio
