4006 6200
404 249 479 316 59
1768 251 2041 316 LEONIS
2098 250 2432 315 ALLATII.
3691 256 3769 323 50

401 407 528 454 mas
554 390 861 456 litterasin
890 392 1138 466 linea,et
1164 391 1310 454 alias
1343 409 1520 472 supra
1545 389 1602 450 in
1627 388 1815 469 spatio
1853 383 2048 473 medio
2069 390 2105 438 Α
2130 384 2262 446 aliis
2293 386 3061 469 circumvestit,reponens,
3097 390 3296 471 ἐλέχθη
3350 390 3404 448 δὲ
3440 392 3492 448 ὲ»
3524 402 3593 469 τῇ
3622 396 3778 473 pri-(qi,

395 482 613 562 aliquid
647 482 881 554 deesse,
916 482 1171 564 ideoque
1203 481 1355 543 facili
1391 477 1624 558 negotio
1668 475 1949 557 suppleri,
1987 472 2035 532 si

2126 474 2210 564 vel
2236 475 2531 564 i‘ortaSsis
2565 478 2787 533 ἐνώπιον
2820 485 2915 544 τῆς
2958 480 3144 556 ῥόγκς,
3178 498 3243 541 re
3293 482 3420 561 ipsa
3466 491 3524 544 et
3577 472 3783 546 distri-

395 579 632 632 extente
679 575 943 649 Ῥογερὶου
998 589 1213 632 nomen
1263 569 1576 646 proferas;
1613 585 1744 628 nam
1801 564 1850 627 si
1883 567 2039 642 ῥόγου

395 660 912 733 enuntias,miram
950 660 1254 738 scriptoris
1276 655 2041 733 inconsiderantiam,atque

394 745 679 830 ineptiam
714 748 1129 831 deprehendes
1183 747 1285 828 qui
1322 745 1481 807 nullo
1516 745 1741 816 fructu,
1777 753 1832 804 et
1867 751 1932 804 ut
1963 743 2040 803 ita

403 839 621 912 dicam,
655 840 981 902 litterarum
1015 837 1234 898 faenore
1290 853 1508 897 nomen
1542 835 1683 896 illud
1720 853 1788 896 ea
1817 833 2048 895 ratione

401 929 747 1000 decurtavit,
785 925 939 1008 quod
975 933 1203 1006 poterat
1233 923 1466 986 facilius
1516 924 1720 984 eadem
1756 923 1909 984 linea
1950 921 2046 983 in-

399 1026 631 1096 tegrum
661 1015 1026 1096 erprimere.
1059 1014 1208 1076 Tum
1245 1012 1404 1074 enim
1439 1012 1681 1073 nomina
1717 1011 1795 1073 ita
1826 1012 2044 1073 decur-

395 1113 612 1179 tantur,
649 1116 713 1165 ut
754 1105 960 1166 litterae
991 1101 1140 1165 alias
1175 1103 1234 1163 in
1269 1102 1424 1163 linea
1453 1100 1579 1181 pari
1613 1100 2037 1180 exprimendae,

391 1194 830 1275 quodammodo
891 1192 1239 1272 interceptae
1291 1209 1362 1254 ex
1426 1190 1618 1251 indice
1667 1189 1905 1269 superis
1963 1190 2037 1250 Ii-

391 1285 601 1354 ncolae,
629 1291 685 1345 et
705 1282 1035 1344 litterarum
1061 1281 1306 1356 integrae
1327 1279 1660 1342 habeantur
1688 1301 1699 1342 :
1736 1279 1892 1359 quod
1916 1279 1978 1339 lit
2008 1298 2036 1340 a

390 1371 784 1453 scriptoribus
821 1371 909 1432 vel
934 1388 1065 1431 cum
1096 1370 1294 1450 impia
1333 1369 1531 1450 papyri
1567 1368 1856 1447 nrget,vel
1883 1377 2037 1429 tem-

393 1481 504 1543 pus
536 1461 714 1523 breve
748 1478 941 1521 moras
963 1458 1274 1520 sollicitat:
1303 1459 1517 1538 saepius
1549 1461 1722 1519 etiam
1749 1457 1819 1517 ad
1848 1457 2041 1536 scrip-

389 1552 542 1631 jurae
573 1550 1058 1625 concinnitatem,
1085 1556 1141 1610 et
1177 1547 1550 1626 elegantiam,
1581 1555 1639 1608 et
1670 1546 2041 1625 potissimum

2126 562 2366 625 butione
2426 584 2740 654 munerum
2814 584 2917 646 pro
2990 576 3307 638 conventu,
3377 589 3791 654 consessuque

2125 663 2359 730 sumpta
2388 675 2401 712 :
2447 653 2604 734 quod
2637 653 2709 714 ab
2742 653 3175 732 ignorantibus,
3207 657 3346 737 quid
3381 659 3517 720 sibi
3551 653 3699 724 velit
3736 665 3790 721 ἐν

2130 749 2195 817 τῇ
2243 744 2392 822 ῥόγᾳ,
2428 743 2516 804 vel
2573 745 2752 820 ῥόγου,
2791 752 2847 804 et
2893 745 3327 808 bariolantibus
3379 768 3593 810 nomen
3631 753 3782 813 illud

2133 849 2264 920 esse
2285 832 2556 920 concisse
2587 837 2875 912 scriptum
2905 852 3011 913 pro
3037 833 3299 912 Ῥογερίου
3323 838 3553 899 titulum
3581 841 3711 920 ipso
3730 862 3789 903 m

2131 919 2433 982 addidisse
2455 929 2544 978 τοῦ
2567 923 2758 999 ῥηγός.
2793 923 2936 994 Qua:
2958 922 3042 983 ita
3070 923 3238 984 velim
3263 943 3296 984 a
3327 919 3648 990 lectoribus
3671 950 3788 994 ac-

2132 1016 2320 1087 cepta.
2355 1018 2416 1069 ut
2448 1028 2514 1070 ex
2546 1009 2640 1071 his
2662 1009 2808 1072 illud
2843 1029 2907 1071 se
2930 1010 3084 1072 scire
3117 1014 3481 1093 profiteatur,
3507 1035 3623 1079 non
3649 1038 3786 1081 esse

2129 1116 2257 1158 eam
2306 1096 2623 1160 Homiliam
2661 1099 2731 1159 ad
2769 1097 3011 1176 Ποθεινῖὶ
3045 1110 3314 1181 tempora
3351 1105 3720 1169 referendam
3769 1130 3787 1181 ;

2124 1193 2337 1248 caetera
2368 1187 2444 1247 de
2476 1188 2829 1267 epigraphe,
2861 1197 2919 1248 ut
2954 1189 3289 1268 excogitata
3319 1211 3349 1251 a
3381 1209 3445 1252 se
3477 1203 3536 1254 et
3565 1197 3784 1274 opina-

2125 1288 2181 1340 ta
2213 1294 2330 1336 non
2367 1275 2686 1356 explorata,
2723 1287 2903 1357 atque
2934 1287 3239 1355 comperta
3263 1279 3404 1341 dici.

2209 1363 2452 1426 Subtilis
2483 1373 2592 1437 est,
2627 1376 2685 1427 et
2729 1366 2874 1426 satis
2903 1373 3075 1427 acuta
3110 1367 3349 1446 Rogerii
3384 1369 3442 1430 in
3473 1371 3652 1448 ῥόγου,
3690 1372 3785 1433 vel

2126 1455 2283 1529 ῥόγπς
2317 1453 2651 1515 immutatio
2689 1474 2702 1517 :
2744 1463 2804 1514 ut
2836 1463 3060 1515 tantum
3114 1456 3486 1537 antiquitatis
3516 1471 3792 1522 servetur

2127 1539 2475 1621 Theophani
2502 1542 2613 1604 sub
2643 1543 2885 1617 Basilio,
2923 1543 3218 1608 etLeone.
3254 1545 3393 1607 Eam
3429 1556 3620 1610 tamen
3642 1551 3786 1610 nul-

395 1630 620 1711 Crmce,
647 1657 778 1719 quae
809 1636 1104 1698 similibus
1137 1636 1464 1697 litterarum
1505 1635 1810 1708 tractibus,
1844 1644 1902 1696 et
1933 1637 2041 1696 de-
2129 1630 2242 1692 lam
2280 1649 2432 1705 esse,
2467 1644 2528 1693 ut
2581 1631 2817 1711 opinor,
2853 1651 2984 1692 cum
3038 1652 3218 1712 supra
3249 1634 3485 1698 abunde
3524 1637 3786 1699 demon-

393 1727 637 1790 curtatis
668 1726 908 1808 syllabis
948 1733 1313 1786 venustatus.
1349 1725 1549 1786 Scorsi
1581 1724 1872 1786 machina
1901 1743 2040 1786 exa-
2069 1745 2104 1794 Β
2129 1727 2376 1782 stratum
2416 1721 2513 1800 sit,
2544 1721 2704 1782 nulla
2735 1740 2910 1782 causa
2935 1722 3135 1802 fuerit,
3167 1733 3229 1784 ut
3260 1731 3411 1785 vires
3454 1726 3674 1803 ingenii
3705 1729 3785 1790 ad

391 1814 972 1892 minanturzRogerii
995 1815 1153 1894 regis
1177 1822 1447 1894 tempore
1473 1813 2039 1875 Tauromenitanum
2129 1817 2211 1870 tot
2234 1810 2747 1872 comminiscenda
2778 1829 3190 1874 exerceamus.
3220 1811 3455 1891 Rogerii
3488 1833 3608 1876 azvo
3641 1818 3783 1879 nul-

392 1907 736 1988 episcopum
766 1903 1162 1971 floruisse,vel
1188 1902 1361 1964 etiam
1397 1901 1580 1963 fuisse
1607 1903 1663 1964 in
1693 1901 1897 1965 Sicilia
1929 1921 2038 1964 ne-
2127 1897 2217 1960 lus
2247 1899 2355 1959 fuit
2377 1901 2922 1961 Tauromenitanus
2951 1901 3294 1982 episcopus,
3319 1904 3786 1984 comprobatur-

391 1987 487 2056 nio
518 1994 753 2069 dixerit,
783 1994 872 2055 vel
906 1993 1150 2066 lectuin,
1178 1991 1268 2052 vel
1293 1991 1596 2066 traditum,
1635 1991 1810 2053 modo
1846 1990 2039 2053 histo-
2125 2006 2244 2068 que
2277 1987 2513 2048 silentio
2548 1990 3376 2068 scriptorum.Argumenlum
3409 1991 3482 2054 ab
3515 1995 3784 2057 auctori-

389 2084 614 2146 riarum
644 2083 922 2154 lectione,
950 2091 1006 2144 et
1040 2081 1372 2162 prasertim
1399 2078 1799 2143 Siciliensium
1836 2098 2039 2141 rerum
2126 2083 2241 2138 tate
2271 2077 2855 2158 negative,quantum
2878 2079 3429 2154 valeat,doctfssimi
3454 2082 3675 2163 quique
3701 2085 3785 2144 vi-

391 2173 693 2253 paululum
718 2173 794 2234 sit
825 2170 1112 2233 imbutus.
1150 2169 1362 2232 Probat
1392 2169 1737 2231 testimonio
1773 2167 2042 2230 Gaufridi

391 2260 701 2325 Halaterra
731 2279 940 2324 eorum
977 2268 1312 2340 temporum
1347 2257 1682 2338 scriptoris,
1719 2257 1817 2336 qui
1847 2257 1906 2318 in
1938 2276 2042 2318 sua

389 2347 645 2414 Historia
674 2350 846 2411 unius
869 2357 1096 2412 tantum
1127 2347 1525 2410 Panormitani
1559 2347 2041 2426 archiepiscopa-

392 2447 486 2501 tus
533 2439 970 2500 restitutionem
1002 2456 1036 2498 a
1067 2435 1322 2516 Rogerio
1355 2436 1593 2510 comite,
1631 2445 1688 2496 et
1739 2437 1887 2498 duce
1921 2437 2036 2498 Ro-

387 2526 558 2591 berto
585 2534 1013 2590 commemorat
1074 2527 1192 2600 Qui
1217 2543 1368 2587 sane
1391 2543 1530 2586 cum
1559 2533 1681 2586 tam
1702 2524 2038 2602 diligenter

389 2634 606 2680 eorum
625 2625 959 2696 temporum
979 2615 1142 2694 facta
1172 2614 1494 2686 describat,
1521 2615 1567 2674 is
1601 2614 1738 2693 quis
1770 2615 1937 2675 alius
1961 2615 2035 2676 ab

387 2706 501 2768 illa
547 2705 717 2768 clade
749 2705 1078 2767 incolumis
1119 2705 1409 2766 evasisset
1459 2704 1796 2783 episcopus,
1831 2703 2035 2764 dicere

389 2805 530 2856 certe
559 2813 664 2855 non
695 2799 973 2856 omisisset.
1009 2797 1307 2854 Siluertmt
1335 2796 1580 2852 Thomas
1628 2795 1910 2862 Facellus,
1947 2799 2042 2854 alii

2122 2165 2172 2226 ri
2197 2172 2417 2226 sciunt.
2455 2167 2601 2228 Cum
2631 2165 2829 2227 omnia
2859 2167 3216 2246 scriptorum
3251 2179 3640 2234 monumenta
3660 2191 3785 2234 non

2123 2254 2240 2315 sint
2270 2255 2341 2315 ad
2374 2273 2604 2315 manus.
2642 2256 2715 2317 Et
2746 2255 2898 2318 forte
2928 2257 3059 2335 fuit,
3093 2257 3191 2336 qui
3218 2257 3380 2318 illius
3415 2260 3784 2341 meminerit,

2127 2345 2362 2405 incuria
2410 2353 2603 2406 tamen
2652 2345 2989 2421 hominum,
3026 2345 3114 2406 vel
3149 2347 3364 2426 injuria
3417 2357 3781 2429 temporum,

2123 2451 2254 2492 cum
2293 2433 2643 2512 deperditus
2668 2433 2745 2493 sit
2775 2435 3180 2514 scriptor,non
3208 2437 3396 2514 potuit
3427 2437 3597 2498 nobis
3618 2437 3784 2500 indi-

2121 2521 2338 2582 cari.ld
2368 2523 2440 2582 de
2465 2519 2888 2583 Panormitano
2909 2523 3086 2584 etiam
3112 2525 3383 2586 restituto
3407 2526 3778 2605 contigisset,

2121 2609 2234 2670 nisi
2257 2617 2567 2690 superstes
2591 2610 2913 2674 Gaufridus
2944 2612 3256 2673 Malaterra
3284 2613 3782 2677 memorasset.Et

2124 2696 2365 2777 Rogerii
2398 2708 2666 2777 tempore
2689 2700 2888 2780 plures
2931 2702 2987 2762 in
3021 2699 3223 2762 Sicilia
3255 2702 3568 2783 episcopos
3597 2705 3768 2768 Grae-

2127 2805 2228 2848 cos
2257 2787 2440 2849 fuisse
2467 2787 2702 2866 probari
2734 2799 2924 2869 potest
2955 2808 3022 2852 ex
3051 2791 3292 2869 Rogerii
3325 2789 3574 2871 Ectypo,
3600 2794 3776 2872 cujus

389 2897 638 2953 quorum
666 2883 772 2937 hoc
806 2882 992 2950 ipsum
1020 2882 1121 2936 fuit
1154 2882 1479 2936 institutum
1514 2879 1948 2948 perscrutari,et
1984 2881 2038 2934 in
2127 2878 2391 2938 Graecari]
2427 2878 2876 2956 inscriptionem
2927 2879 3097 2941 nobis
3129 2878 3380 2942 Scorsus
3409 2881 3482 2941 ab
3512 2881 3643 2942 aliis
3672 2901 3781 2943 ac-

395 2964 591 3027 lucem
643 2964 898 3045 prodere
931 2963 1197 3025 notitiam
1238 2961 1678 3042 episcoporum.
1728 2961 1788 3022 Si
1820 2961 2040 3040 aliquid
2128 2974 2357 3042 ceptam
2385 2965 2833 3044 expressit.Qua
2859 2968 3014 3028 enim
3051 2986 3224 3030 causa
3248 2968 3539 3045 Rogerius
3566 2970 3785 3034 Graecis

393 3056 469 3120 de
498 3056 1002 3119 Tauromenitano
1036 3055 1313 3135 episcopo
1331 3053 1402 3114 ad
1437 3053 1676 3132 Rogerii
1710 3053 1868 3132 regis
1901 3061 2102 3141 tem-C
2129 3052 2343 3113 litteris
2395 3072 2613 3114 nomen
2668 3053 2927 3133 imprimi
2990 3075 3161 3116 suu'n
3218 3069 3612 3137 procurasset,
3643 3060 3691 3119 si
3745 3081 3778 3120 a

393 3164 539 3226 pora
578 3144 900 3226 superstite
923 3143 1140 3206 alicubi
1176 3145 1458 3222 scriptam
1495 3160 1627 3203 esse
1658 3143 2039 3221 reperissent,

393 3233 864 3312 evulgassent.Et
880 3252 1011 3294 cum
1035 3232 1110 3294 de
1133 3232 1262 3293 aliis
1280 3229 1714 3311 episcortatibns
1730 3231 2037 3302 restitutis,

390 3323 514 3384 sive
535 3323 760 3384 erectio
780 3341 914 3384 cum
940 3341 971 3383 a
999 3321 1416 3400 Rogerio,tnm
1436 3338 1466 3380 a
1488 3318 1875 3400 sequentibus
1893 3321 2045 3398 regi-

391 3411 503 3474 bus
527 3411 814 3474 memoria
841 3409 1148 3482 habeatur,
1181 3410 1232 3469 si
1254 3409 1786 3471 Tauromenitanus
1811 3409 2039 3470 instau-

390 3510 552 3563 ratus
573 3520 605 3562 a
628 3500 882 3580 Bogerio
904 3518 1046 3579 rege
1069 3497 1364 3571 fuisset,id
1390 3498 1602 3578 aliquis
1625 3498 1883 3578 scriptor
1910 3516 2037 3560 me-

393 3590 596 3651 muriae
626 3589 1003 3671 prodidisset.
1037 3587 1355 3668 Propterea
1386 3586 1696 3666 inscriptio
1749 3597 1842 3647 τοῦ
1870 3590 2036 3666 pri-(be

394 3698 511 3740 non
539 3679 812 3740 convenit
834 3696 967 3740 cum
984 3677 1218 3757 iis,qure
1239 3681 1295 3736 in
1316 3678 1444 3755 ipsa
1465 3675 1720 3736 Homilia
1737 3674 2031 3751 dicuntur,

393 3767 452 3828 in
485 3785 601 3848 qua
628 3768 875 3846 βασιλεὺς
918 3767 1035 3844 164]
1088 3765 1444 3845 appellatur,
1478 3765 1649 3844 cuius
1673 3766 2030 3842 praesentia,

391 3875 576 3936 quam
626 3876 787 3920 nunc
817 3860 1015 3932 timeo,
1051 3862 1112 3916 et
1140 3855 1534 3916 contremisco
1583 3854 1800 3915 sudore
1830 3871 2033 3934 asper-

388 3964 514 4026 sus,
544 3964 768 4026 pavore
813 3953 1158 4025 occupatus,
1192 3945 1542 4005 reverentia
1587 3942 1887 4016 detentus,
1920 3961 2032 4022 pa-

394 4041 564 4096 rente
594 4038 1082 4112 anima,nutente
1111 4041 1326 4106 mente,
1354 4039 1404 4094 et
1435 4031 1811 4099 subsultaute
1839 4032 2030 4106 corde,

397 4122 720 4186 intercluso
739 4125 925 4186 etiam
949 4123 1108 4184 vocis
1127 4121 1459 4200 sono,qu0d
1488 4120 1794 4197 βισιλικιτς
1826 4121 2038 4199 ἀκοαῖς,

398 4213 820 4292 imperatoriis
849 4213 1106 4274 auribus
1134 4227 1488 4282 sermonem,
1524 4211 1704 4290 quasi
1731 4209 2042 4288 salsugine

399 4319 675 4364 amarum
753 4303 1039 4381 prom'no.
1115 4301 1298 4362 Tanta
1358 4297 1663 4369 demissio,
1727 4307 2040 4379 tantusque

2127 3146 2368 3203 nemine
2418 3142 2506 3202 vel
2540 3141 2996 3222 intelligeretur,
3032 3147 3118 3207 vel
3174 3146 3496 3226 legeretur,
3532 3158 3590 3210 et
3620 3168 3780 3227 prai-

2125 3231 2331 3292 sertim
2367 3251 2437 3292 t0
2463 3239 2754 3313 tempore,
2781 3235 2936 3313 quod
2964 3233 3268 3296 barbaries
3303 3237 3424 3298 fere
3447 3238 3648 3298 omnia
3679 3259 3776 3299 oc-

2125 3330 2455 3400 cupaverat,
2485 3322 2794 3383 exstinctis
2823 3323 3170 3386 litteratura:
3207 3325 3498 3404 politioris
3530 3327 3779 3389 lumini-

2126 3408 2236 3471 bus
2265 3408 2295 3470 ?
2326 3410 2398 3472 Et
2429 3429 2574 3472 sane
2606 3411 2830 3472 nemini
2863 3412 3112 3474 dubium
3147 3433 3278 3475 esse
3307 3415 3488 3477 debet
3517 3434 3588 3477 eo
3620 3427 3779 3477 tem-

2123 3517 2264 3578 pore
2288 3497 2507 3561 Graecis
2533 3499 2794 3562 Siciliam
2821 3500 3454 3582 abundasse,nondum
3483 3523 3593 3585 per
3614 3505 3778 3566 Lati-

2121 3606 2227 3649 nos
2261 3587 2480 3651 Graecis
2531 3590 2831 3670 episcopis
2864 3591 3149 3671 expulsis,
3184 3592 3272 3653 vel
3323 3611 3559 3654 summo
3589 3594 3769 3655 etiam

2119 3678 2314 3739 studio
2346 3697 2378 3738 a
2424 3677 2679 3757 Rogerio
2711 3679 2868 3758 ipso,
2903 3680 2996 3741 cui
3039 3699 3174 3741 cum
3211 3681 3494 3744 Romanis
3527 3682 3777 3763 pontifi-

2118 3766 2285 3828 cibus
2315 3767 2572 3830 iniinicit
2597 3789 2643 3828 ae
2661 3768 2918 3849 fuere,et
2945 3787 3169 3848 magna;
3199 3772 3284 3832 rei
3308 3771 3614 3833 familiaris
3636 3791 3777 3834 con-

2119 3857 2444 3929 troversiaa,
2457 3858 2805 3937 procuratis,
2833 3867 2894 3919 ut
2922 3859 3117 3920 medio
3147 3860 3504 3936 Schismate,
3538 3860 3657 3942 [65]
3688 3865 3775 3926 vel

2120 3965 2324 4008 eorum
2350 3966 2592 4027 quoque
2620 3946 3002 4010 auxiliaribus
3025 3949 3336 4011 conatibus
3352 3967 3417 4010 se
3447 3950 3570 4010 suis
3594 3951 3774 4011 hosti-

2120 4035 2228 4096 bus
2249 4036 2533 4098 redderet
2557 4035 3115 4098 formidabiliorcm.
3147 4038 3633 4101 DicitMalaterra
3657 4038 3770 4101 Ro-

2121 4126 2375 4204 gerium,
2413 4134 2469 4187 et
2501 4125 2821 4187 Robertum
2857 4126 3070 4207 adepto
3116 4126 3407 4189 Panormo
3438 4128 3768 4192 Ecclesium

2123 4212 2352 4277 Sancta:
2409 4215 2628 4295 Mariae,
2662 4234 2792 4296 quae
2842 4215 3168 4296 antiquitus
3223 4216 3773 4297 archiepiscopatus

2125 4303 2337 4378 fuerat,
2373 4304 2641 4366 violatam
2675 4325 2707 4363 a
2737 4305 3069 4379 Saracenis,
3106 4305 3486 4366 reconciliata
3517 4304 3678 4386 dote,
3713 4315 3771 4367 et

402 4389 907 4496 tremor.dic.entis
939 4388 1177 4450 nonnisi
1211 4386 1292 4496 ab
1318 4387 1703 4496 imperatoria
1733 4389 2041 4467 majestate
2063 4393 2493 4496 Dornamentis
2541 4393 2962 4455 ecclesiasticis
3003 4393 3264 4466 auxisse,
3296 4403 3771 4474 renovantesque

399 4480 640 4543 excitari
700 4479 929 4541 videtur
985 4496 1179 4560 posse.
1246 4476 1472 4540 Nomen
1525 4478 1779 4554 βασιλέως
1836 4476 2442 4542 come-"restituisse
2475 4485 2974 4556 archiepiscopum
3009 4494 3206 4541 uatum
3258 4485 3541 4551 Graecum,
3579 4487 3676 4556 qui
3710 4488 3767 4543 in

400 4571 528 4631 nire
553 4568 808 4649 Bogerio
861 4588 977 4631 non
1019 4567 1490 4648 potuitetsolum
1514 4565 1839 4645 appellatos
1861 4565 2045 4647 irnpe-
2129 4589 2390 4652 paupere
2417 4569 2685 4633 Ecclesia
2712 4577 2931 4631 sancta:
2961 4569 3220 4649 Cyriacaa
3251 4569 3469 4630 cultum
3490 4567 3772 4632 Christia-

398 4668 632 4721 ratores
677 4677 711 4721 a
738 4659 1047 4722 Michaelis
1095 4655 1275 4718 Tertii
1317 4655 1684 4736 temporibus
1727 4675 1915 4736 usque
1970 4658 2041 4718 ad

402 4746 717 4810 concilium
767 4745 1175 4810 Florentinum
1230 4744 1512 4806 trecentis
1565 4752 1695 4824 post
1726 4746 2041 4821 Rogerium

403 4836 576 4898 annis
598 4834 966 4898 celebratum
989 4835 1801 4914 comperitur.Hinc,necnon
1833 4853 1900 4896 ea
1924 4835 2045 4898 dia-

397 4925 725 5005 demate,et
746 4923 1436 5001 consessu,adventuque
1460 4920 2042 5003 episcoporum,qua3

401 5034 522 5078 non
549 5013 713 5088 alibi,
741 5032 917 5094 quam
951 5019 1006 5073 in
1043 5010 1190 5074 urbe
1213 5013 1339 5092 ipsa
1365 5010 1875 5091 Constantinopoli
1903 5031 2038 5072 con-

398 5102 709 5185 gruentius
725 5101 966 5165 evenire
989 5119 1162 5182 posse
1193 5101 1556 5174 videntur,et
1579 5099 1914 5176 frequentia
1935 5101 2013 5162 du

403 5213 564 5269 cum,
620 5200 679 5254 et
726 5193 1129 5269 magistratum
1183 5191 1331 5252 aula:
1379 5189 2042 5269 Constantinopolitanae

404 5283 562 5344 illam
595 5279 912 5343 Homiliam
947 5277 1459 5358 Constantinopoli
1491 5274 1772 5350 habitam,
1807 5285 1864 5337 et
1897 5277 2037 5338 titu-

404 5370 524 5431 lum
557 5378 898 5451 corruptum
933 5369 1268 5448 suspicatur
1291 5364 1568 5441 Scorsus;
1601 5375 1812 5427 etcum
1846 5384 1916 5428 eo
1947 5367 2043 5429 die

407 5458 796 5538 imperatores
816 5457 955 5519 olim
975 5475 1042 5519 ac
1072 5453 1420 5537 patriarcha
1441 5455 1623 5531 ῥάγας,
1657 5456 1768 5517 hoc
1800 5464 1887 5517 est
1920 5476 2043 5518 mu-

400 5564 569 5623 nera,
602 5557 662 5609 et
693 5545 847 5610 dona
876 5545 1329 5623 distribuerent,
1365 5541 1665 5625 emendat,
1698 5551 1756 5606 et
1785 5545 2044 5615 vestibus

2129 4679 2219 4722 nte
2240 4660 2546 4737 religionis
2569 4679 2673 4739 pro
2700 4678 2873 4741 posse
2900 4656 3350 4738 exsequebatur.
3379 4657 3678 4737 Quidquid
3698 4659 3774 4720 sit

2128 4749 2203 4811 de
2233 4748 2733 4812 Tauromenitano
2761 4748 3144 4828 episcopo,ex
3174 4746 3265 4808 his
3285 4747 3614 4810 Malaterrae
3637 4764 3774 4809 ver-

2127 4838 2216 4900 bis
2249 4839 2395 4900 nihil
2416 4840 2488 4900 de
2523 4837 2744 4900 Latinis
2769 4836 3068 4916 episcopis
3090 4836 3348 4898 elicitur:
3375 4837 3494 4898 imo
3517 4834 3565 4897 si
3600 4836 3776 4898 verba

2124 4927 2283 4988 illius
2315 4927 2595 4990 attentius
2627 4925 3104 4998 considerentur,
3139 4923 3600 4986 Panormitanus
3645 4925 3775 5006 epi-

2125 5035 2342 5095 scOpus
2389 5015 2630 5079 Grmeus
2684 5023 2810 5076 erat
2859 5014 3102 5074 natione
3159 5013 3218 5073 in
3279 5013 3500 5092 templo
3555 5025 3775 5076 sanctas

2125 5103 2382 5185 Cyriaca:
2429 5121 2828 5178 commorans,
2867 5111 2924 5163 et
2974 5101 3127 5163 forte
3161 5101 3335 5162 etiam
3398 5100 3604 5163 (ἴε-ωηο
3653 5103 3772 5164 ritu

2123 5196 2454 5271 ordinatus,
2488 5197 2812 5275 Graecoque
2838 5193 2957 5255 ritu
2993 5191 3214 5254 cultum
3251 5191 3604 5254 Christianae
3626 5191 3771 5253 reli-

2121 5285 2318 5365 gionis
2345 5302 2634 5347 exercens
2666 5303 2680 5342 :
2717 5291 2774 5344 et
2803 5283 2962 5344 hunc
2994 5279 3271 5342 eumdem
3307 5298 3422 5340 non
3451 5279 3630 5341 alium
3665 5297 3770 5342 re-

2122 5381 2402 5436 vocantes
2433 5374 2845 5443 restituerunt,
2881 5369 3086 5432 Solent
3121 5367 3175 5428 id
3211 5367 3399 5431 Graeci
3452 5369 3628 5430 etiam
3659 5370 3770 5429 sub

2125 5464 2438 5545 tyrannide
2489 5461 2911 5539 Barbarorum,
2944 5468 3002 5521 et
3059 5456 3409 5520 Christiana;
3465 5456 3772 5536 religionis

2125 5554 2379 5618 hostium
2435 5553 2748 5635 episcopos
2777 5569 2810 5612 a
2858 5566 2921 5611 se
2951 5546 3263 5611 ordinatos
3314 5547 3545 5614 mittere
3575 5546 3635 5609 in
3667 5563 3766 5614 eas
