4038 6206
247 264 316 329 6!
936 264 1035 326 DE
1090 258 1433 326 SCRIPTIS
1474 257 1855 323 SYMEONIS
1907 257 2493 326 METAPHRAST/E
2539 264 2928 329 DIATRIBA.
3534 261 3616 329 62

251 396 524 477 urbes,in
573 396 788 478 quibus
817 403 1131 477 antequam
1164 414 1197 455 τι
1224 392 1507 457 Barbaris
1536 406 1870 472 occuparen
1916 394 1953 445 Α
1978 396 2038 479 et
2078 411 2262 455 unum
2295 396 2606 478 episcopos
2636 397 2957 479 subjectos,
2991 397 3255 462 secundo
3286 398 3416 462 loco
3466 399 3628 478 ponit

249 486 372 562 iur,
397 489 500 567 jus
549 486 789 569 aliquod
825 485 1022 565 adepti
1056 485 1311 547 fuerant.
1378 481 1501 544 lmo
1533 482 1645 543 hoc
1695 479 1905 542 eodem
1992 478 3021 570 'l‘auromenitanumllliuSverbain
3040 491 3626 570 Syntagmatenostro

245 586 527 657 tempore
545 574 787 653 Rogerii
810 576 937 637 fere
955 592 1059 655 per
1078 574 1406 637 universam
1431 571 1782 646 Siciliam,et
1801 589 1904 631 ur—
1989 569 2064 630 de
2087 572 2372 635 Ecclesiae
2393 575 2986 658 occidentalis,atqne
3011 569 3311 640 orientalis
3341 586 3629 658 perpetua

241 664 353 728 bes
376 665 545 727 illius
566 666 894 746 praecipuas
922 666 1161 728 Graecos
1181 663 1493 743 episcopos
1515 679 1549 722 a
1574 659 1903 739 patriarcha
1986 662 2377 746 consensione
2397 663 2499 725 lib.
2528 681 2543 726 ι
2582 667 2910 744 posuimus.
2943 667 3202 728 Primum
3239 666 3396 729 enim
3429 666 3622 727 locum

243 745 910 835 Constantinopolitano
967 751 1273 815 ordinatos
1313 749 1793 831 jurisdictionem
1846 759 1904 811 et
1988 745 2586 821 Catania,secundum
2607 753 3338 829 Tauromenium,terlium
3360 757 3627 817 Messana

244 852 614 924 potestatem
670 843 730 905 in
775 861 880 904 eos
915 840 1168 923 populos
1217 840 1556 902 exercuisse
1587 837 1778 901 habeo
1836 857 1902 899 ex
1989 840 2534 917 occupat.Etantea
2556 842 2786 905 dixerat
2816 863 2922 905 suo
2943 863 3064 907 aevo
3096 846 3473 925 episcopatus
3499 863 3529 904 a
3560 862 3625 905 se

243 943 496 998 auctore
518 935 678 996 illius
701 934 807 997 teri
837 933 969 995 Nilo
1001 933 1375 1012 Doxapatrio,
1400 929 1502 1007 qui
1538 929 1612 991 de
1639 929 1906 1010 quinque

240 1024 483 1086 thronis
507 1022 1008 1105 patriarchalibus
1035 1028 1279 1102 rogatus
1302 1019 1374 1081 ab
1408 1018 1615 1081 eodem
1641 1018 1902 1098 Rogerio

235 1113 317 1175 ad
351 1113 635 1176 eumdem
669 1111 987 1191 Rogerium
1024 1110 1286 1192 scripsit,
1314 1116 1374 1171 et
1403 1108 1719 1190 praefatur:
1756 1108 1898 1187 Σύγ-

240 1226 474 1280 γραμμα
526 1205 813 1281 γενόμενον
842 1203 981 1279 παρὰ
1010 1200 1197 1260 Νείλου
1236 1198 1651 1280 ἀρχιμανδριτου
1682 1205 1775 1254 τοῦ
1807 1207 1902 1254 Δο-

239 1292 468 1371 ξοπατρί
497 1295 633 1349 κατᾶ
664 1291 905 1351 ιιέλειδσιν
936 1293 1029 1348 τοῦ
1058 1290 1432 1368 ενῦγένεστάτου
1470 1285 1706 1363 μεγάλου
1733 1286 1897 1363 ῥηγὸς

233 1383 509 1459 Ῥογερίου
550 1381 676 1460 περί
716 1388 823 1438 τῶν
868 1380 1022 1437 πέντε
1087 1383 1492 1458 πατριαρχικῶν
1545 1377 1764 1452 θρόνων,
1812 1376 1899 1431 καὶ

1990 928 2515 1002 numeratos,inter
2533 951 2680 1011 quos
2696 931 3109 995 etSicilienses
3132 934 3477 1015 fuere,quos
3497 933 3623 1013 ipse

1988 1026 2411 1104 commemorat
2440 1019 2550 1081 sub
2605 1020 2938 1101 patriarcha
2969 1021 3621 1104 Constantinopolitano

1985 1102 2170 1166 fuisse
2225 1115 2327 1164 Νῦν
2385 1109 2472 1165 οὖν
2504 1111 2723 1190 κατέχει
2768 1115 2795 1167 δ
2824 1114 3198 1191 θεοφρούρητοε
3251 1102 3429 1190 θρόνος
3465 1123 3619 1170 Κων-

1985 1196 2467 1261 σταντινουπόλεως
2500 1200 2557 1254 ὃν
2590 1201 2615 1254 ὁ
2665 1200 3039 1278 πρωτόγλητος
3068 1201 3313 1280 Ἀνδρέας
3362 1199 3619 1279 ἐνίδρυσεν

1984 1290 2190 1359 πρῶτος
2233 1287 2525 1345 ἒπὲσκοπον
2558 1288 2611 1344 ἐν
2643 1290 2781 1363 αὖτῷ
2810 1293 3146 1361 καταστήσας
3180 1314 3273 1357 της
3304 1290 3510 1355 πόλεως
3541 1290 3616 1347 ἔτι

1983 1375 2261 1443 Βυζαντίου
2290 1375 2474 1456 οὒσης,
2509 1378 2666 1457 μέρος
2698 1378 2792 1434 οὒκ
2828 1377 3002 1457 ὀλίγον
3032 1386 3130 1446 τῆς
3164 1379 3371 1445 πόλεως
3403 1380 3487 1436 καὶ
3518 1382 3616 1446 τῆς

232 1477 346 1527 τῦν
379 1468 470 1527 ὑπ’
509 1471 694 1533 αὖτοὺς
745 1471 1204 1549 ἀρχιεπὶσκοπῶν,
1242 1468 1326 1523 καὶ
1370 1463 1777 1545 ιιηετροπόλεων,
1811 1466 1897 1521 καὶ
1978 1461 2181 1549 Ἄσίας,
2216 1466 2389 1528 καθὼς
2421 1466 2541 1533 ἑξῆς
2593 1466 2928 1540 δηλώσομεν,
2962 1466 3139 1529 Nunc
3183 1469 3378 1548 igitur
3417 1470 3613 1547 possi-

235 1565 347 1615 τῶν
375 1561 481 1616 ὑπὸ
529 1561 624 1622 τὰς
656 1558 1014 1638 μητροπόλεις
1047 1557 1374 1635 ἐπισκοπῶν,
1410 1557 1495 1612 καὶ
1525 1555 1630 1611 τῶν
1681 1553 1891 1626 ὶνοριῶν

1981 1548 2071 1611 det
2099 1569 2136 1611 α
2166 1550 2290 1613 Deo
2334 1556 2672 1618 custoditus
2699 1557 2948 1619 thronus
3002 1555 3613 1636 Constantinopolita-

236 1647 472 1705 ἑκάστου
497 1658 889 1728 πατριαρχικοῡ
917 1648 1121 1722 θρόνου,
1149 1648 1236 1702 καὶ
1263 1652 1374 1711 πῶς
1402 1649 1487 1701 καὶ
1518 1644 1647 1701 πότε
1670 1644 1891 1710 συνέστη

1981 1656 2114 1719 nus,
2144 1640 2210 1701 in
2242 1644 2573 1735 quoadhuc
2601 1664 2731 1707 cum
2763 1655 2912 1708 esset
2950 1646 3614 1735 Byzantiumqtrimum

234 1736 467 1801 ἕκαστος
506 1739 897 1816 πατριαρίικὸς
929 1738 1134 1813 θρόνος,
1166 1736 1252 1791 καὶ
1297 1736 1413 1813 περὶ
1442 1733 1537 1801 τῆς
1569 1731 1763 1798 τάξεως
1795 1734 1891 1789 αὖ·

1981 1737 2218 1792 rocatus
2242 1732 2518 1796 Andreas
2533 1738 2777 1815 primus
2796 1739 3067 1800 instituit
3094 1731 3612 1818 episcopum,par-

231 1832 371 1906 τῶν,
404 1828 494 1882 καὶ
522 1832 630 1883 τῶν
658 1824 836 1882 ἷδικῶν
884 1826 1104 1881 ἑκάστου
1152 1825 1449 1899 ὀνομάτων,
1483 1825 1572 1880 καὶ
1602 1831 1702 1879 ποῦ
1728 1821 1886 1899 λόγον

1981 1825 2086 1908 tem
2116 1837 2232 1881 non
2290 1840 2543 1902 paruam
2577 1823 2869 1908 Europen,
2929 1828 3258 1908 Asiaque,
3315 1832 3378 1887 ut
3449 1824 3616 1903 infra

231 1914 521 1995 ὶπὲχουσι.
578 1916 885 1995 Ζυνεγράφη
916 1912 967 1971 δὲ
1025 1914 1130 1971 ἔτει
1167 1914 1403 1993 ,ςχνας
1434 1911 1759 1975 ἷνδικτιῶνος
1802 1911 1882 1985 ς’

1981 1907 2402 1998 indicabimus.
2494 1913 2688 1976 Potuit
2768 1907 2907 1998 ergo
2984 1907 3379 1996 Theophanes
3405 1914 3607 1993 Roge-

232 2003 701 2082 Πανευγενὲστατε
763 2003 978 2060 αὒθὲντα
1018 2026 1144 2079 μου,
1194 2004 1309 2079 περὶ
1366 2001 1431 2068 ἧς
1490 2024 1581 2075 μοι
1653 2000 1889 2080 ἔγραψας

232 2093 560 2165 ὑποθέσεως,
596 2092 900 2169 μέμνημαι,
947 2091 1025 2148 ὅτι
1074 2092 1126 2147 ἐν
1168 2098 1245 2165 τῷ
1288 2089 1587 2147 καστελλίω
1628 2090 1893 2165 Πανόρμῳ

233 2183 309 2240 ὢν
342 2181 559 2261 ἔγραψα
603 2184 735 2260 πρὸς
790 2182 886 2248 τὴν
931 2182 1029 2248 σὴν
1082 2179 1390 2254 ἀντίληψιν,
1423 2178 1566 2246 πλην
1621 2182 1723 2257 οὔχ
1757 2177 1894 2234 οὕτω

233 2271 594 2351 πλατύτερον,
618 2272 692 2335 ὡς
716 2278 803 2327 νῦν
824 2270 1131 2347 ἠρώτησαςι
1161 2276 1246 2324 νῦν
1278 2268 1331 2324 δὲ
1353 2267 1528 2324 πολλά
1554 2272 1651 2324 εἱσι
1675 2269 1739 2324 τὰ
1758 2267 1894 2345 Epeo-

232 2362 490 2434 τηθέντα,
526 2362 610 2417 καὶ
644 2361 801 2440 χρεία
831 2358 1151 2435 λεπτοτέρας
1183 2363 1415 2437 γραφῆς,
1449 2358 1534 2413 καὶ
1564 2355 1886 2434 διηγήσεως.

242 2452 344 2508 Διὰ
386 2460 544 2509 τοῦτο
574 2452 661 2504 καὶ
691 2449 890 2511 παντὸς
947 2449 1110 2504 πόνου
1138 2448 1540 2526 καταφρονήσας
1574 2445 1751 2525 (τυῦτο
1794 2446 1894 2523 γὰρ

239 2542 310 2596 in
337 2538 527 2618 χρέους
546 2538 688 2595 ἐστὶν
720 2537 1089 2615 ἀπαραιτήτου
1117 2537 1485 2614 ὀφειλόμενον,
1511 2536 1572 2591 τὸ
1605 2534 1894 2614 ὁλοψύχως

248 2628 546 2707 ἐκπληροῦν
598 2629 663 2685 τὸ
697 2628 837 2706 παρὰ
867 2625 964 2693 τῆς
996 2631 1098 2689 σῆς
1147 2624 1593 2703 μεγαλυπερόχου
1621 2626 1894 2703 ὑπεροχῆς

240 2718 657 2795 ὶπιταττόμενόν
712 2739 805 2792 μοι
839 2718 972 2792 μετὰ
1022 2717 1108 2771 καὶ
1138 2718 1445 2793 προτροπῆς
1486 2721 1582 2771 τοῦ
1612 2714 1762 2792 ἁγίου
1792 2736 1894 2789 μου

237 2807 494 2887 Πατρὸς),
531 2807 853 2883 πειράσομαι
884 2803 967 2860 διὰ
1025 2804 1272 2883 βραχέων
1317 2802 1441 2859 ὅσον
1473 2805 1534 2859 τὸ
1568 2804 1701 2858 κατὰ
1733 2801 1892 2859 δύνα-

1972 1997 2047 2087 rii
2083 2005 2348 2087 tempore
2370 2001 2754 2067 Tauromenii
2781 1997 3098 2087 episcopus
3132 2022 3289 2079 esse,
3319 2010 3377 2065 et
3407 2020 3607 2065 coram

1973 2082 2228 2163 Rogerio
2259 2088 2563 2153 homiliam
2596 2092 2755 2155 illam
2797 2082 3040 2156 habere.

2056 2172 2322 2246 Quanam
2352 2177 2531 2257 igitur
2550 2182 2781 2244 ratione
2810 2182 3095 2264 βισιλέως,
3129 2180 3404 2262 illiusque
3435 2179 3617 2242 titulis

1978 2262 2284 2333 Rogerium
2312 2282 2504 2339 regem
2532 2280 2741 2340 praeter
2766 2262 3087 2330 Graecorum
3121 2284 3339 2327 morem
3374 2269 3617 2341 insigni-

1975 2351 2108 2412 vit?
2135 2353 2423 2434 Tyrannis
2444 2359 2706 2438 Bogerii,
2739 2361 3003 2436 ambitio,
3032 2360 3257 2434 fastus;
3290 2368 3412 2420 tum
3444 2361 3615 2424 Grues

1976 2458 2179 2501 corum
2197 2443 2568 2507 subditorum
2594 2449 2983 2530 adulatio,qui
3015 2450 3090 2510 de
3113 2466 3184 2510 eo
3206 2446 3363 2510 bene
3394 2446 3615 2511 mereri

1976 2538 2281 2610 cuperent,
2316 2532 2373 2592 id
2407 2534 2564 2597 fecit.
2589 2535 2869 2598 Solemne
2891 2537 2946 2599 id
2968 2536 3318 2599 futtGrascis
3344 2536 3614 2616 proprios

1976 2618 2273 2695 dominos,
2307 2641 2424 2684 non
2456 2623 2674 2704 quibus
2703 2626 2818 2687 illis
2870 2626 3239 2688 debebantur
3271 2624 3475 2698 titulis,
3507 2625 3611 2686 sed

1977 2708 2163 2797 multo
2191 2711 2590 2792 amplioribus
2621 2714 2936 2797 adornare,
2967 2724 3030 2778 ut
3060 2735 3165 2778 eos
3195 2713 3309 2775 sibi
3335 2712 3514 2776 simili
3539 2713 3613 2774 ti-

1979 2796 2232 2859 tulorum
2264 2799 2621 2866 liberalitate
2650 2796 3053 2868 conciliarent
3112 2804 3182 2866 Et
3212 2821 3287 2867 ne
3317 2802 3488 2883 plura
3514 2802 3612 2864 hic

233 2919 324 2972 μιν
368 2894 457 2953 διὰ
504 2901 713 2974 γραφῆς
758 2903 953 2971 σαφοῦς
984 2897 1321 2970 παραστῆσαι
1353 2892 1526 2948 πάντα
1585 2892 1649 2948 τὰ
1708 2892 1891 2948 ἐπιτε-

1981 2903 2245 2964 Iggeram
2281 2907 2354 2951 ex
2402 2891 2636 2968 eodem,
2670 2911 2736 2955 ex
2770 2913 2886 2975 quo
2943 2893 3192 2957 Scorsus
3248 2898 3610 2954 contrarium

231 2985 476 3063 ταγμὲνα
521 3006 638 3058 μοι.
671 2980 1171 3045 Commentarius
1212 2984 1612 3042 concinnatus
1667 2997 1705 3041 a
1752 2978 1894 3042 Nilo
1976 2976 2357 3040 constabilire
2390 2990 2658 3058 conatur,
2690 3001 2724 3044 a
2783 2983 2988 3046 Niceta
3019 2983 3321 3065 probatur,
3355 2990 3414 3044 et
3465 2998 3609 3042 con-

234 3073 625 3152 Doxapatrio
652 3070 1337 3148 archimandrito,jussu
1368 3067 1737 3130 nobilissimi
1756 3085 1891 3129 ma-
1911 3102 1952 3152 ο
1977 3065 2336 3153 stantissime
2367 3067 2609 3132 Pbotius
2640 3069 2758 3134 illis
2788 3071 2997 3134 iisdem
3052 3070 3441 3153 temporibus,
3477 3069 3612 3152 qui-

231 3164 340 3241 gni
391 3150 558 3241 regis
614 3160 857 3239 Rogerii
910 3158 982 3220 de
1039 3161 1303 3238 quinque
1365 3156 1893 3237 patriai-chulibus
1924 3150 1939 3152 ’
1978 3150 2086 3241 bus
2116 3158 2518 3218 controversia
2550 3158 2676 3220 baac
2707 3160 2864 3221 inter
2892 3150 3209 3222 orientales
3236 3169 3411 3241 atque
3451 3150 3614 3220 oeci-

233 3240 500 3320 thronis,
532 3258 587 3312 et
646 3249 748 3311 ilis
802 3247 1081 3328 subjectis
1141 3244 1784 3328 archicpismpatibus,
1838 3252 1896 3308 et
1978 3240 2246 3330 dentales
2273 3244 2625 3322 agitabatur,
2661 3246 3002 3329 imperatori
3032 3240 3409 3324 occidentali,
3438 3258 3613 3330 atque

233 3339 813 3419 metropolitatibus,
838 3346 892 3398 et
922 3338 1029 3418 qui
1052 3335 1605 3416 metropolitatibus
1633 3332 1897 3396 subdun-
1979 3329 2370 3411 imperatrici,
2401 3335 2450 3396 si
2481 3336 2595 3398 sibi
2627 3356 2849 3399 morem
2883 3346 3181 3418 gererent,
3210 3329 3528 3418 pollicetur,
3548 3356 3613 3399 se

230 3439 353 3505 tur,
397 3429 713 3506 episcopis,
747 3434 805 3489 et
835 3425 1189 3488 diwcesibus
1222 3425 1703 3503 uniuscujusque
1741 3424 1891 3485 sedis

1981 3421 2224 3497 βασιλεῖς
2273 3423 2794 3504 proclamaturnm.
2836 3430 3033 3498 Δώρας
3082 3429 3180 3508 γὰρ
3211 3427 3481 3506 λαμπραῖς
3530 3425 3611 3484 ὅτι

232 3514 696 3596 putriaroltalis.
758 3514 845 3576 Et
873 3513 1186 3592 quomodo,
1221 3520 1278 3575 et
1331 3512 1572 3593 quando
1626 3517 1891 3592 patriar-

1981 3509 2211 3585 μάλιστα
2244 3515 2332 3570 τὸν
2361 3513 2496 3593 ρῇγα
2525 3519 2793 3596 Φραγγίας
2840 3516 3141 3597 Λοδόηχον,
3175 3521 3261 3574 καὶ
3292 3514 3611 3595 Ἠγγιλϐἐρ-

232 3606 389 3669 chici
416 3604 631 3667 throni
654 3605 915 3666 instituti
943 3608 1167 3675 sunt,et
1193 3618 1401 3664 eorum
1420 3601 1653 3675 ordine,
1679 3609 1736 3662 et
1750 3618 1891 3678 pro-

1981 3622 2072 3657 ταν
2125 3599 2179 3656 δὲ
2235 3603 2335 3669 τὴν
2394 3606 2547 3662 αὐτοῦ
2605 3607 2865 3683 γαμετὴν,
2899 3608 3322 3681 ὑποποιούμενος
3365 3605 3609 3683 βασιλεῖς

235 3698 395 3772 priis
425 3692 797 3765 nominibus,
833 3699 889 3753 et
944 3696 1115 3767 cujus
1165 3693 1361 3753 locum
1403 3696 1667 3753 teneant.
1728 3689 1889 3752 Can-

1981 3690 2187 3754 τούτους
2241 3692 2569 3772 hauenae?»
2625 3696 2677 3751 ἐν
2739 3695 3284 3754 Κωνσταντινουπόλει
3338 3693 3609 3774 ἐπηγγέλ-

232 3790 526 3847 cinnama
572 3790 658 3844 est
708 3798 871 3843 anno
930 3781 1111 3853 6651,
1144 3780 1477 3843 indictione
1526 3785 1716 3842 sexta.
1777 3780 1891 3842 Per

1981 3777 2118 3850 λετο,
2152 3779 2268 3856 εἴγε
2322 3784 2690 3861 συνεργήσειεν
2736 3786 2875 3857 αὖτῷ
2921 3786 3049 3861 πρὸς
3095 3785 3190 3848 τὴν
3231 3784 3425 3841 ἄτοπον
3477 3784 3609 3840 ταύ-

235 3890 419 3953 ᾳιωσι
450 3871 865 3935 illustrissime
895 3871 1141 3932 domine
1171 3870 1277 3941 mi,
1301 3869 1373 3930 de
1402 3887 1471 3930 co
1502 3868 1664 3949 quod
1692 3868 1771 3930 ad
1798 3885 1891 3930 me

1981 3887 2069 3932 την
2100 3869 2189 3945 καὶ*
2236 3867 2485 3949 ἄθεσμον,
2520 3871 2814 3947 ἐπιθυμῖαν,
2854 3874 2938 3928 καὶ
2968 3874 3056 3928 τὸν
3088 3871 3286 3928 δίκαιον
3326 3871 3482 3948 ἄνδρα
3512 3877 3610 3938 τῆς

232 3962 562 4042 scripsisti,
590 3964 955 4040 argun'ento
984 3957 1271 4020 recordor
1300 3973 1415 4032 me,
1439 3975 1567 4016 cum
1597 3958 1661 4017 in
1689 3966 1889 4018 castra

1981 3955 2089 4010 κατ’
2121 3957 2276 4013 αὐτὸν
2309 3957 2628 4026 Ἐκκλησίας
2653 3962 2838 4037 βιαίως
2869 3961 3200 4031 ἐξωθήσειεν.
3234 3960 3477 4039 Magnis
3506 3977 3609 4022 εο-

240 4054 550 4113 Panormo
582 4065 794 4123 essem,
819 4048 900 4110 ad
924 4054 1091 4110 tuam
1127 4048 1514 4127 quaestionem
1540 4046 1886 4125 rescripsis-
1970 4059 2110 4132 rum
2142 4045 2495 4109 muneribus
2520 4050 2826 4129 praecipue
2854 4067 3056 4132 regem
3089 4051 3344 4112 Francis
3383 4050 3607 4112 Podae-

232 4158 322 4213 δε,
352 4157 480 4202 non
528 4142 617 4202 ita
647 4145 847 4201 tamen
874 4139 1028 4216 fuse,
1062 4145 1128 4197 ut
1180 4135 1312 4216 [66]
1342 4153 1505 4198 nunc
1532 4135 1874 4216 postulasti.
1960 4130 2138 4198 chum
2171 4142 2228 4195 et
2249 4133 2719 4199 Enbhilbertam
2746 4141 2875 4216 eius
2904 4130 3159 4202 uxorem
3174 4139 3608 4219 sibipropitias

234 4228 415 4290 Nunc
434 4244 580 4290 cera
607 4244 740 4308 quc
766 4246 803 4287 α
837 4234 892 4290 te
915 4232 1252 4306 poscuntur
1276 4224 1575 4303 pleraque
1602 4230 1767 4297 sunt,
1786 4225 1879 4287 in-

1981 4222 2344 4299 ‘eddens,eas
2369 4227 3138 4308 imperatoresﬁzatletcﬂn
3160 4230 3304 4292 urbe
3320 4230 3607 4292 Constan-

234 4317 558 4397 digentque
612 4317 933 4395 scriptione
999 4318 1314 4376 exactiore
1383 4319 1438 4374 et
1494 4313 1878 4375 narratione.
1966 4313 2959 4395 tinopoli[67]seproclamaturum
2987 4317 3610 4399 pollicebatur,sisibi

238 4409 566 4506 {’roptereu
597 4406 767 4506 omni
794 4402 1006 4466 labore
1035 4401 1310 4506 neglecto
1335 4401 1658 4506 (.I'zoc'epim
1684 4418 1764 4463 ea:
1783 4401 1883 4463 de-
1908 4456 1947 4506 Β
1969 4418 2137 4482 apem
2154 4404 2381 4506 ferrent
2400 4407 2469 4467 in
2490 4407 2604 4467 hac
2634 4423 2699 4466 re
2727 4407 2875 4469 adeo
2907 4407 3259 4480 absurda,et
3281 4408 3611 4487 injusta,ut

237 4495 355 4557 tito
385 4494 549 4574 quod
577 4494 844 4574 eﬂugere
874 4510 1047 4555 nemo
1088 4490 1272 4567 valet,
1310 4490 1425 4553 tibi
1451 4489 1733 4563 debetur,
1770 4496 1886 4552 toto

234 4591 468 4660 pectore
496 4598 570 4644 ac
599 4583 802 4644 animo
830 4580 1097 4659 explere,
1121 4580 1414 4659 quidquid
1443 4597 1479 4641 a
1511 4586 1616 4642 tua
1644 4596 1886 4659 praeac-

236 4671 397 4734 celsu
436 4672 763 4734 eminentia
792 4671 954 4732 mihi
1012 4674 1382 4750 imponitur,
1415 4675 1469 4730 et
1497 4669 1888 4748 potissimum

235 4777 372 4822 cum
399 4762 599 4823 sancti
625 4760 818 4822 Patris
850 4761 971 4821 mei
1002 4759 1330 4839 imperium
1361 4757 1645 4833 accedat)
1701 4774 1885 4819 cona-

237 4850 339 4910 bor
392 4848 673 4923 breviter,
705 4849 798 4909 uti
822 4855 1059 4929 potero,
1090 4848 1420 4926 scriptione
1459 4844 1674 4924 plana,
1708 4852 1890 4924 atque

238 4944 450 5017 aperta
508 4939 830 5000 commisso
881 4936 1039 5001 mihi
1089 4937 1296 4998 omnia
1349 4934 1761 5011 complanare.
1827 4933 1889 4995 Si

240 5024 470 5107 llogerii
532 5034 804 5108 tempore
835 5026 985 5087 nulli
1017 5034 1185 5088 erant
1208 5024 1474 5103 episcopi
1504 5022 1691 5086 Graeci
1716 5022 1775 5083 in
1801 5021 1889 5084 Si-

239 5115 390 5190 cilia,
424 5116 648 5177 frnstra
694 5115 769 5177 de
801 5114 1068 5196 quinque
1102 5112 1597 5192 patriarcbalibus
1629 5111 1880 5192 thronis,

240 5213 510 5266 eteorum
532 5204 842 5284 subjectus
856 5203 1152 5285 episcopis
1171 5201 1547 5282 quaesivisset
1563 5200 1880 5277 Rogerius:

241 5292 445 5355 frustra
475 5294 635 5354 enim
658 5310 889 5367 eorum,
925 5309 1056 5372 quae
1086 5290 1157 5352 ad
1193 5308 1301 5352 nos
1333 5308 1450 5352 non
1483 5296 1755 5370 spectant
1777 5307 1882 5350 co-

240 5381 414 5455 gnitio
437 5380 742 5463 quaeritur.
778 5379 886 5443 Hic
910 5380 1111 5461 itaque
1132 5377 1302 5440 Nilus
1334 5397 1467 5440 cum
1492 5378 1567 5438 de
1587 5375 1886 5458 episcopis

242 5469 589 5544 patriarchas
638 5467 1291 5549 Constantinopolitano
1322 5465 1599 5529 obnoxiis
1654 5474 1879 5543 ageret,

1969 4499 2238 4553 sanctum
2272 4492 2451 4555 illum
2481 4495 2682 4556 cirum
2715 4494 2789 4556 ab
2828 4494 3094 4558 Ecclesia
3122 4498 3185 4558 vi
3213 4497 3524 4572 eiicerent.

2053 4577 2114 4641 Si
2166 4580 2495 4660 patriarcha
2526 4582 2583 4642 in
2641 4582 2786 4644 urbe
2841 4583 3117 4664 Byzantii,
3152 4584 3505 4658 reluctan'e,
3541 4601 3609 4647 ac

1971 4668 2366 4732 cantendcnte
2384 4669 2458 4731 im
2469 4680 2990 4752 peratore,nomen
3009 4673 3121 4734 hoc
3136 4673 3354 4734 exteris
3376 4670 3612 4734 tribuis-

1970 4765 2083 4831 set,
2109 4766 2329 4833 quanto
2357 4778 2471 4837 ma,
2493 4760 2544 4820 is
2569 4760 2757 4821 minor
2787 4760 3099 4841 episcopus
3122 4767 3181 4822 in
3206 4762 3445 4842 prOpria
3468 4760 3610 4824 dim-

1972 4845 2118 4925 cesi,
2153 4854 2420 4926 tyranno,
2453 4866 2521 4909 ac
2554 4849 2757 4929 impio,
2807 4856 2864 4911 et
2895 4849 3042 4911 forte
3086 4849 3263 4911 etiam
3297 4850 3611 4912 ambitiose

1970 4934 2292 5011 affectanti,
2321 4948 2483 4998 extra
2512 4936 2719 5000 urbem
2740 4937 3447 5020 Constantinopolitanam
3465 4946 3493 5003 ?
3522 4940 3611 5002 Ne

1971 5021 2112 5109 quid
2134 5021 2206 5084 de
2234 5023 2566 5088 minoribus
2583 5027 2758 5088 etiam
2788 5027 3289 5109 principibus,qui
3314 5029 3426 5090 hoc
3453 5027 3604 5087 Idem

1972 5108 2126 5170 inter
2155 5110 2391 5173 Graecos
2418 5112 2825 5189 obtinuerunt,
2862 5108 3080 5194 dicam,
3111 5108 3222 5179 etsi
3269 5113 3609 5179 serenitatis

1969 5197 2175 5259 titulus
2225 5202 2500 5280 przefecto
2538 5204 2667 5266 urbi
2717 5203 3001 5267 tributum
3031 5214 3143 5279 est,
3173 5222 3357 5287 quare
3399 5202 3456 5264 id
3490 5220 3607 5262 non

1968 5287 2248 5367 potuit,et
2271 5290 2594 5354 honestiori
2625 5303 2899 5373 respectu
2926 5293 3177 5372 Bogerio
3210 5290 3422 5354 tribui?
3452 5291 3610 5353 Con-

1967 5375 2193 5432 cludant
2222 5383 2700 5450 argumentum,si
2721 5382 2901 5439 altero
2925 5381 3176 5452 eiusdem
3194 5379 3610 5451 aaviscrtptoris

1967 5465 2310 5529 testimonio
2342 5469 2691 5549 probavero,
2728 5469 3047 5550 Rogerium
3101 5469 3393 5530 bonorum
3435 5469 3607 5533 simi-

244 5558 585 5641 Syracusani
613 5559 678 5623 in
707 5556 914 5627 Sicilia
958 5556 1256 5641 meminit,
1289 5556 1460 5637 cujus
1491 5555 1649 5620 inter
1677 5552 1883 5635 viginti
1964 5552 2111 5617 lium
2171 5575 2240 5623 ac
2308 5558 2661 5646 dignitatum
2719 5575 3003 5645 perquam
3061 5556 3344 5643 cupidum
3401 5558 3605 5639 fuisse,
