4006 6200
424 298 500 363 63
1772 298 2051 361 LEONIS
2102 297 2439 363 ALLATII.
3716 290 3792 368 et

423 450 762 516 nomenque
788 434 1164 518 imperatoris
1228 452 1609 512 summopere
1641 440 1930 512 captasse.
1968 429 2133 493 HisA
2158 433 2577 514 llletaphrastae
2613 433 2804 495 Psello
2842 433 3196 516 seniori,qui
3229 445 3464 498 centum
3488 456 3673 501 annos
3695 458 3801 502 an-

423 520 601 605 fuerit
628 528 888 587 Joannes
921 527 1243 590 Cinnamus
1273 523 1527 585 Historia
1571 521 1788 583 librum
1822 539 1908 583 tn.
1945 519 2069 579 'Po-
2154 530 2481 583 tecesserat
2506 522 2849 584 attribui-se
2872 523 2903 581 ‘l
2928 522 3061 601 Ipse
3083 525 3435 604 scripseram
3461 525 3570 589 sub
3596 529 3797 591 Leone

429 615 603 690 γέριος
664 614 718 669 δὲ
750 614 931 683 ἐπειδὴ
962 624 1052 671 τοῦ
1081 615 1216 671 κατὰ
1274 614 1473 670 σκοπὸν
1504 612 1683 691 ἔτιιχιεὶ
1721 609 1962 687 πρέσϐεις
1998 612 2063 673 εἷς

2151 625 2203 672 et
2222 612 2606 674 Constantino
2622 613 3223 690 Metaphrastemmon
3249 614 3358 675 sub
3380 620 3793 689 Constantino,

429 701 650 776 βασιλέα
679 701 955 781 Ἰωάννην,
988 704 1061 759 ἔτι
1094 703 1344 779 περιόντα
1386 701 1627 775 πέμψας,
1663 701 1850 775 ᾐτεῖτο
1881 698 2063 765 κήδους

2154 700 2391 761 excluso
2421 701 2635 775 Leone,
2663 709 2889 761 tetatem
2916 702 3146 781 zegisse,
3174 704 3331 778 quod
3355 705 3591 766 abunde
3612 724 3794 786 supra

424 797 515 844 τοῦ
566 791 622 846 ἐκ
652 793 933 867 βασιλείων
967 792 1198 864 αἱμάτων
1229 788 1321 846 ἐπὶ
1374 788 1517 845 παιδὶ
1550 790 1821 854 τεύξασθιι
1866 796 1941 861 τῷ
1974 789 2063 843 ad»

2155 791 2464 869 probatum
2499 790 2793 850 existimo.
2830 789 2944 852 Sed
2979 792 3113 866 quis
3161 812 3298 853 vere
3329 792 3487 855 (licet
3534 793 3791 857 l’sellum

423 887 535 940 τοῦ,
593 879 742 935 Ἀλλ’
776 880 922 935 οὔπω
953 880 1079 958 εἶχε
1110 880 1176 934 τὰ
1226 878 1320 945 τῆς
1353 876 1651 956 πρεσϐείαις,
1685 880 1771 932 καὶ
1819 877 2063 944 Ἰωάννης

2151 880 2610 955 llletaphrastem
2648 881 3019 958 praecessisse
3052 890 3287 942 centum
3322 883 3539 945 annos?
3568 885 3798 945 Vixerit

455 970 467 985 ς
543 970 592 1001 ρ,
824 968 834 985 ο
1143 969 1155 983 ι
1203 966 1243 985 ru
1550 971 1561 989 ο
1873 968 1886 984 δ
1972 964 2031 985 νὴ

420 990 510 1023 τον
541 991 652 1043 μιον
709 967 987 1026 κατελυσε.
1024 975 1168 1024 Μετα
1199 988 1251 1023 cs
1284 990 1400 1022 τινα
1457 990 1653 1047 χρονον
1688 965 1935 1032 Navem}
1965 980 2063 1033 non

2151 967 2261 1028 sub
2290 967 2620 1048 Theophilo
2645 967 3026 1043 Psellus,imo
3054 969 3162 1031 sub
3181 972 3381 1033 Leone
3412 973 3794 1047 Armeno,vi-

418 1054 513 1122 τήν
543 1058 950 1134 αὖτοκρατορίαν
980 1056 1280 1131 διέποντος,
1322 1058 1483 1112 ταυτᾶ
1526 1058 1616 1112 καὶ
1650 1055 1816 1112 πάλιν
1849 1054 2063 1129 πέμψας

2149 1055 2318 1118 vehat
2347 1056 2456 1117 sub
2489 1056 2686 1119 Leone
2733 1058 3001 1139 sapiente
3032 1059 3468 1139 Metaphrastes
3499 1081 3615 1123 non
3646 1063 3796 1125 ado-

416 1143 584 1211 ἠξίου.
617 1144 773 1202 ’Ὅθεν
808 1147 892 1201 καί
926 1146 1194 1223 βασίλειός
1226 1169 1306 1210 τις
1333 1147 1609 1219 ἐπώνυμον
1641 1147 1821 1223 Ξηρὸς
1855 1148 1925 1207 εἰς
1960 1152 2057 1200 Σι-

2146 1146 2396 1220 lescens,
2432 1146 2536 1207 sed
2571 1156 2737 1207 aetate
2773 1155 3021 1220 matura,
3062 1159 3463 1230 provectaque
3515 1160 3573 1211 et
3606 1151 3793 1213 dubio

414 1230 592 1288 κελὲαν
653 1235 873 1314 ἀφῖκτο,
940 1226 1185 1313 Ῥογερίῳ
1245 1236 1361 1311 περὶ
1419 1236 1602 1292 τούτου
1663 1232 2056 1308 διαλεξόμενος.

2146 1235 2346 1314 procul
2381 1235 3018 1298 mediaNumerantab
3047 1226 3312 1300 Armeno
3345 1226 3417 1300 ad
3449 1240 3780 1320 sapientem

414 1319 564 1377 Ἀλλ’
609 1321 815 1388 ἐκεῖνος
874 1325 1080 1403 χρυσίῳ
1134 1323 1354 1387 κλαπετς
1415 1325 1539 1401 παρ’
1597 1325 1753 1379 αὐτοῦ
1796 1322 2059 1379 ἀλλόκοτά

2146 1342 2330 1384 annos
2366 1325 2438 1385 75
2461 1324 2533 1386 ab
2556 1324 2887 1405 TheOpliilo
2920 1346 3149 1388 annnos
3194 1330 3295 1406 65,
3328 1329 3377 1388 si
3408 1328 3483 1390 de
3513 1319 3790 1392 defuncto

409 1432 527 1466 τινα
555 1411 846 1489 ὡμολόγει,
870 1419 944 1469 ὧν
977 1412 1041 1480 δὴ
1072 1413 1359 1493 κεφαλαιον
1388 1414 1451 1480 ἦν
1484 1415 1544 1469 τὸ
1574 1413 1628 1468 ἐν
1658 1412 1761 1483 ἴσῳ
1783 1412 2062 1488 μεγαλεέου

2147 1410 2542 1492 Metapliraste
2572 1434 2771 1475 sermo
2795 1424 3033 1488 est,tum
3062 1417 3237 1497 plane
3267 1418 3402 1477 anni
3426 1427 3664 1479 centum
3689 1420 3787 1480 in-

422 1498 643 1555 Βασιλεῖ
672 1522 729 1557 τε
762 1510 854 1557 τοῦ
883 1501 1072 1558 λοιποῦ
1113 1503 1205 1558 sui
1240 1502 1505 1578 Ῥογὲριον
1537 1502 1769 1562 ἔσεσθαι.
1812 1502 1969 1559 ’Ὀϐεν
2000 1499 2063 1567 δὴ

2151 1502 2474 1565 tercedant.
2511 1503 2626 1565 Sed
2678 1505 2810 1585 quis
2842 1514 2954 1565 tam
3009 1506 3338 1584 perspicam
3383 1506 3537 1567 diem
3590 1507 3789 1569 obitus

417 1589 510 1652 τὰς
569 1589 810 1665 μεγάλας
841 1589 1196 1669 ἀνπιῤῥαγῆνκι
1254 1590 1549 1667 ξυμβέϐηκε
1592 1591 1699 1670 μέλ
1720 1614 1800 1654 ας.
1847 1587 2063 1657 Ἐπειδὴ

2151 1592 2556 1671 Μθιειρὶηνιιειω
2587 1604 2749 1654 certo
2781 1594 3097 1672 signaverit
3120 1595 3149 1651 ‘I
3205 1596 3571 1657 Constantini
3605 1597 3789 1677 impe-

418 1678 517 1751 γὰρ
551 1681 577 1733 ὁ
609 1678 705 1753 μὲν
736 1681 920 1758 Ξηρὸς
954 1681 1024 1745 εἷς
1055 1680 1331 1751 Βδζάντιον
1363 1680 1588 1736 ἐπανῖὼν
1618 1682 1707 1735 τὸν
1734 1681 1845 1755 βίον
1870 1679 2063 1735 κατέσ-

2149 1678 2302 1740 rium
2361 1681 2764 1759 longissimum
2797 1683 2925 1756 fuit,
2962 1693 3022 1744 et
3079 1683 3327 1745 aliorum
3383 1685 3787 1749 dominatione

419 1770 605 1844 τρεψε,
653 1766 802 1833 δίκην
852 1767 998 1823 οὔπω
1028 1768 1134 1823 τῶν
1178 1767 1591 1843 τετολμημένων
1649 1766 1786 1846 δοὺς⁷
1820 1767 2063 1845 βασιλεὺς

2150 1769 2365 1849 saepius
2396 1771 2816 1849 interruptum.

418 1853 517 1910 ὅσα
551 1857 636 1911 καὶ
659 1856 915 1934 ἀθύρμασι
949 1871 1071 1922 ταῖς
1096 1857 1297 1914 ἐκείνου
1326 1856 1621 1934 πρεσϐείαις
1648 1860 2061 1937 προσεσχηκὼς,

2230 1859 2451 1920 Scribit
2476 1860 2927 1935 Bollandus,me
2949 1863 3004 1923 in
3026 1861 3287 1925 Diatriba
3309 1864 3382 1925 de
3406 1863 3613 1926 Psellis
3635 1881 3787 1926 cen-

417 1944 680 2022 Ῥογέριον
769 1950 925 2004 αὖιοῦ
957 1948 1162 2026 χαίρειν
1212 1946 1320 2006 εἴα.
1383 1945 1669 2027 Roget-ius
1720 1963 1883 2020 vero,
1928 1964 2063 2025 quos

2149 1966 2307 2027 sere,
2345 1950 2701 2031 Panegyrim
2728 1950 2901 2012 illum
2945 1954 3009 2012 in
3041 1954 3504 2032 Meluphrastem
3535 1955 3790 2031 juniori

418 2033 549 2110 ipse
579 2033 853 2114 cupiebat
874 2041 1181 2097 assecutus
1200 2036 1280 2096 ad
1312 2038 1743 2115 imperatorem
1762 2038 2061 2097 Joannem
2148 2040 2324 2098 Psello
2351 2042 2665 2114 adjudicari
2692 2043 2840 2100 nullo
2884 2059 3110 2116 prorsus
3134 2051 3454 2116 argumento.
3508 2048 3790 2103 Auctorem

415 2120 611 2183 adhuc
641 2126 1029 2203 superstitem
1063 2122 1410 2186 oratoribus
1438 2125 1643 2186 missis
1674 2141 1750 2185 ea:
1796 2130 2062 2204 irnpera-
2148 2125 2318 2188 illius
2337 2128 2629 2188 arationis
2651 2125 2922 2188 Psellum
2955 2127 3211 2190 alterum
3244 2146 3387 2201 esse,
3421 2147 3543 2190 non
3572 2128 3790 2193 Leonis

414 2210 567 2272 torio
588 2227 799 2289 genere
817 2212 1129 2274 mulierem
1154 2221 1406 2293 nuptum
1434 2212 1561 2290 ﬁlio
1590 2214 1917 2275 suolocare
1935 2230 2062 2292 pos-
2142 2216 2445 2288 philosophi
2472 2219 2810 2290 magistrum,
2843 2235 3113 2291 nunquam
3152 2223 3426 2286 evicturos,
3457 2222 3552 2294 qui
3599 2227 3786 2278 contra

414 2299 603 2360 cabat.
659 2300 775 2364 Sed
827 2301 1095 2363 nondum
1156 2303 1375 2381 legatio
1433 2304 1609 2363 tinem
1660 2301 1979 2376 habuerat,
2013 2311 2066 2361 et

413 2388 676 2450 Joannes
733 2390 861 2468 fato
911 2389 1294 2470 defungitur.
1331 2391 1471 2451 Post
1529 2390 1776 2471 aliquod
1834 2398 2066 2468 tempus

414 2495 551 2539 cum
576 2478 821 2539 Manuel
854 2497 1144 2540 summam
1179 2481 1423 2558 imperii
1454 2479 2064 2552 administrarctJtcec

417 2565 616 2628 eadem
647 2584 862 2629 rursus
892 2565 1107 2646 legatis
1134 2570 1334 2630 missis
1350 2569 1713 2648 postulabat.
1749 2568 1913 2630 Ilinc
1944 2568 2063 2629 Ba-

416 2654 594 2718 silius
643 2657 891 2736 quidam
924 2667 1319 2737 cognomen/0
1349 2658 1541 2721 Xerus
1589 2657 1868 2720 Siciliam
1902 2659 2062 2719 venit

416 2744 488 2806 de
515 2745 611 2806 his
634 2763 768 2807 cum
801 2745 1069 2826 Rogerio
1097 2756 1470 2809 tractaturus
1506 2766 1519 2806 :
1552 2748 1655 2807 sed
1685 2764 1841 2808 auro
1872 2764 1906 2807 α
1938 2746 2061 2807 Ro-

415 2836 587 2913 gerio
644 2835 939 2908 seductus,
973 2836 1238 2897 absurda
1282 2836 1560 2916 quaedam
1620 2854 1694 2895 ea:
1748 2853 1834 2909 se,
1888 2842 2066 2913 atque

414 2922 719 2983 immania
752 2923 1137 2996 concedebat,
1171 2923 1424 3003 quorum
1457 2930 1638 3003 caput
1668 2929 1798 2984 erat
1830 2924 1894 2983 in
1925 2925 2067 3001 pari

416 3009 750 3088 dignitatis
802 3011 997 3091 gradu
1059 3013 1453 3088 impostetum
1511 3030 1647 3072 cum
1703 3012 2069 3089 imperatore

419 3096 709 3170 Rogerium
736 3098 998 3169 futurum.
1053 3098 1191 3155 Hinc
1220 3100 1465 3171 ingentia
1515 3098 1646 3155 bella
1674 3104 1866 3156 exorta
1915 3107 2062 3156 sunt.

2148 2301 2958 2383 sentiunt.Videamus,quod
2989 2304 3116 2383 ipse
3142 2305 3557 2369 sentiatn.cum
3583 2304 3656 2366 de
3680 2304 3787 2366 Ba-

2149 2389 2316 2449 ronio
2348 2390 2417 2450 ad
2452 2391 2746 2452 seniorem
2805 2390 3063 2453 Psellum
3100 2394 3435 2473 panegyrim
3490 2392 3790 2456 referente

2149 2490 2325 2541 tracto
2376 2500 2501 2555 pag.
2539 2486 2620 2539 tt.
2657 2482 2730 2541 Et
2781 2500 2879 2540 nos
2915 2485 2988 2540 ad
3021 2502 3297 2557 quemnam
3336 2487 3571 2543 Psetlum
3619 2488 3787 2543 oratio

2146 2568 2253 2629 illa
2275 2571 2497 2647 relerri
2518 2569 2917 2643 debeat,certo
2946 2571 3250 2648 afﬁrmare
3270 2589 3399 2632 non
3425 2587 3742 2651 possumus
3768 2591 3782 2631 :
3856 2614 3865 2623 .

2143 2662 2307 2732 conjec
2325 2668 2473 2724 tura,
2508 2668 2678 2717 tamen
2729 2676 2889 2733 caque
2918 2661 3187 2718 levissima
3229 2662 3486 2717 ducimur
3533 2662 3673 2717 hanc
3700 2677 3785 2716 re-

2144 2747 2467 2805 centiorem
2490 2762 2619 2806 esse
2646 2745 2812 2806 illius
2835 2747 3328 2825 auctorem:quod
3348 2754 3407 2807 et
3424 2745 3606 2825 plura
3625 2748 3782 2807 seri-

2146 2834 2337 2910 pserit
2360 2834 2424 2892 in
2454 2835 2625 2892 omni
2654 2833 3007 2913 disciplina,
3040 2842 3093 2896 et
3120 2836 3480 2914 scriptorum
3523 2835 3785 2895 omnium

2145 2925 2322 2996 gloria
2352 2923 2719 2980 celeberrimus
2742 2927 2938 2995 fuerit.
2970 2930 3057 2982 An
3087 2943 3206 2983 aera
3238 2930 3416 2983 senior
3445 2925 3536 2984 ille
3573 2927 3790 2999 aliquid

2145 3010 2373 3087 scripto
2426 3008 2768 3083 tradiderit,
2802 3020 2964 3072 certo
2996 3029 3115 3072 non
3162 3018 3415 3073 constat.
3451 3010 3562 3082 Qui
3615 3019 3788 3087 negat

2148 3098 2371 3175 omnia,
2410 3105 2581 3174 negat
2630 3117 2868 3180 quoque
2928 3100 3267 3179 l‘anegyrim
3316 3100 3472 3160 illam
3533 3099 3789 3160 senioris

419 3189 552 3244 Cum
583 3187 727 3244 enim
760 3189 933 3244 Xerus
956 3188 1290 3260 Byzantium
1326 3190 1544 3246 rediens
1581 3196 1801 3243 mortem
1828 3178 2123 3253 abiisset,c
2150 3184 2330 3248 Pselli
2361 3185 2564 3246 fuisse.
2601 3187 2673 3248 Et
2720 3178 2819 3267 qui
2852 3178 3137 3250 orationis
3191 3190 3346 3250 illius
3376 3197 3675 3249 auctorem
3723 3187 3785 3248 in

410 3276 607 3350 pinnis,
640 3294 768 3351 quas
802 3277 890 3333 ille
915 3284 1193 3335 meruerat
1227 3279 1294 3335 ob
1331 3296 1389 3335 ea
1418 3295 1539 3351 quin
1579 3276 1897 3349 deliquerat,
1930 3296 2065 3333 non-

416 3367 540 3423 dum
564 3368 868 3441 persolutis.
905 3369 1192 3440 imperator
1218 3369 1377 3425 illius
1407 3368 1757 3441 legationibus
1787 3367 1955 3423 veluti
1983 3367 2064 3421 lu-

420 3458 589 3515 dicris
641 3459 880 3515 animum
910 3474 1015 3514 non
1044 3458 1446 3523 adrertens,res
1476 3458 1700 3530 Rogert't'
1735 3458 1931 3520 minus.
1969 3456 2069 3512 mi-

422 3564 651 3626 nusque
680 3547 987 3627 impendio
1011 3550 1274 3611 curavit.
1312 3546 1461 3608 Hinc
1483 3554 1762 3627 quantum
1797 3545 1923 3607 fieri
1951 3545 2062 3606 de-

423 3636 563 3698 beat
617 3635 908 3698 correctio
945 3636 1045 3697 illa
1093 3636 1168 3698 de
1197 3638 1353 3714 ῥόγου
1397 3645 1453 3697 et
1484 3636 1643 3714 ῥόγας
1677 3635 1938 3715 prudens
1966 3634 2061 3695 in-

422 3724 579 3787 dicet
612 3725 818 3788 lector.
870 3723 941 3786 Et
970 3726 1097 3786 haec
1128 3724 1366 3806 quidem
1403 3743 1507 3806 pro
1542 3733 1712 3785 aetate
1740 3722 2060 3803 Theopha-

425 3815 545 3887 nis,
580 3823 638 3877 et
662 3814 1075 3893 Metaphrastte
1103 3816 1175 3876 ad
1209 3817 1513 3878 Scorsum.

498 3902 666 3965 Nunc
721 3903 794 3966 ad
849 3903 1202 3966 Bollandum
1253 3913 1665 3965 convertamus
1713 3902 2061 3963 orationem.

417 3991 747 4054 Postremis
810 3997 934 4053 suis
965 3991 1160 4053 verbis
1218 3992 1537 4055 Bollandus
1568 3995 1627 4053 in
1661 4009 1755 4051 me
1814 3992 2068 4052 latenter

419 4081 631 4162 stylum
659 4080 1356 4158 exacuithnoscendum
1386 4099 1600 4159 nempe
1618 4098 1751 4141 esse
1783 4078 2060 4155 Baronio,

417 4173 517 4251 qui
538 4189 673 4232 cum
698 4168 938 4232 aliunde
962 4178 1191 4231 aetatem
1213 4171 1621 4251 Metaphrastaa
1642 4188 1757 4229 non
1792 4168 2057 4242 haberet,

418 4258 822 4320 laudationem
851 4257 1006 4320 illam
1041 4258 1099 4319 in
1123 4260 1585 4339 Metapbrastem
1622 4257 1814 4320 Psello
1839 4257 2063 4318 seniori

418 4346 802 4429 adjudicavit:
839 4366 955 4409 non
979 4347 1121 4409 item
1146 4347 1491 4428 Allatio,qui
1517 4366 1650 4408 cum
1679 4365 1810 4407 eum
1847 4364 2059 4426 posue-

415 4437 492 4499 rit
513 4436 625 4499 sub
653 4436 1040 4500 Constantino
1065 4435 1591 4517 Porphyrogenito,
1622 4455 1736 4497 non
1764 4434 2064 4516 perspexit

2149 3274 2394 3335 dubium
2426 3275 2483 3334 in
2511 3276 2922 3357 incertumque
2950 3288 3213 3350 revocat,
3246 3277 3393 3339 nihil
3426 3278 3500 3338 de
3530 3294 3600 3339 eo
3618 3284 3787 3338 certo

2149 3364 2378 3437 statuit;
2412 3373 2473 3425 et
2495 3362 2594 3444 qui
2632 3366 2827 3444 potius
2851 3366 2919 3427 ad
2952 3368 3342 3428 recentiorem
3369 3366 3787 3440 ret'ert,senio-

2148 3471 2272 3514 rem
2298 3452 2574 3516 excludit.
2604 3452 2729 3515 lmo
2751 3455 2900 3516 infra
2926 3473 3056 3535 pag.
3081 3456 3157 3517 53
3179 3453 3569 3535 apertissimis
3590 3452 3787 3515 verbis

2147 3540 2338 3602 Psello
2363 3540 2589 3620 juniori
2620 3541 2889 3622 ascripsi.
2925 3542 3039 3605 Sed
3086 3545 3203 3605 dixi
3238 3543 3588 3623 Panegyrim
3620 3542 3783 3605 illam

2147 3630 2307 3691 nullo
2339 3640 2687 3710 argumento
2713 3631 3045 3711 adjudicari
3078 3632 3603 3712 Psellojuniori,et
3630 3630 3787 3693 alte-

2142 3738 2273 3780 rum
2329 3718 2586 3779 Psellum
2626 3739 2754 3781 esse
2790 3739 2904 3783 non
2958 3721 3174 3783 Leonis
3207 3720 3549 3798 Philosophi
3593 3720 3786 3798 magi-

2145 3817 2335 3869 strum
2387 3827 2686 3888 nunquam
2733 3810 3033 3871 evicturcs
3098 3810 3442 3891 (Bollandus
3472 3808 3635 3871 addit
3680 3810 3789 3889 qui

2148 3902 2311 3958 aliter
2337 3903 2589 3958 sentiunt.
2622 3901 2728 3957 Sed
2764 3918 2877 3961 non
2911 3903 3170 3969 Allatius,
3200 3905 3296 3976 qui
3331 3907 3376 3959 si
3410 3904 3545 3974 quid
3576 3902 3790 3960 addere

2148 3987 2349 4057 vellet,
2381 3987 2627 4049 adderet
2679 3988 2808 4049 sine
2839 3988 2957 4050 ulla
3014 3989 3408 4069 haesitatione)
3445 3991 3785 4063 haereticos,

2146 4087 2347 4137 contra
2378 4095 2526 4155 quos
2555 4087 2673 4136 tum
2698 4076 2927 4155 agebat,
2954 4086 3009 4138 et
3032 4078 3487 4160 Metapbrastetn
3520 4097 3590 4137 ex
3618 4085 3789 4139 {etate

2145 4163 2316 4226 Pselli
2345 4164 2653 4245 panegyris
2674 4167 2930 4228 auctoris
2952 4168 3393 4229 contendebant
3414 4185 3545 4229 esse
3567 4184 3786 4227 recen-

2145 4252 2711 4316 tissimum.Frustra
2739 4256 2894 4315 enim
2931 4274 3171 4336 operam
3206 4264 3534 4328 sumerent,
3555 4253 3790 4316 etiamsi

2144 4344 2201 4404 id
2228 4343 2365 4404 totis
2385 4340 2611 4402 viribus
2625 4343 3165 4407 conarentur.Licet
3189 4346 3346 4407 enim
3372 4353 3788 4424 argumentum

2145 4430 2415 4494 Bollandi
2447 4431 2523 4492 de
2570 4438 2735 4492 aetate
2779 4433 2983 4509 Pselli,
3014 4434 3111 4513 qui
3146 4443 3281 4495 ante
3326 4432 3787 4513 Metaphrastetn

419 4528 876 4606 Metaphrastem
928 4545 1046 4588 non
1077 4527 1343 4606 potuisse
1373 4526 1601 4587 laudari
1629 4533 1930 4586 mortuum
1988 4522 2060 4586 ab
2085 4523 2259 4590 Dvita
2287 4530 2647 4600 excesserat,
2682 4522 3090 4599 gravissimum
3138 4523 3237 4598 sit,
3275 4524 3418 4585 mihi
3452 4532 3647 4585 tamen
3674 4521 3789 4602 ipsi

416 4616 519 4678 illo
550 4615 765 4688 Psello;
800 4615 904 4696 qui
941 4634 1072 4677 eum
1107 4624 1371 4687 centum,
1414 4624 1476 4676 ut
1506 4615 1846 4688 minimum,
1877 4630 2063 4673 anuos

417 4712 845 4767 antecesserat.
876 4704 1007 4785 [68]
1041 4701 1291 4786 Vapula,
1327 4704 1485 4784 quod
1517 4704 1604 4765 rei
1640 4711 1864 4782 partem
1894 4709 2062 4781 igno—

414 4795 856 4874 raverim;quod
882 4802 1108 4874 partem
1133 4793 1433 4869 sciverim,
1489 4793 1739 4872 aliisque
1769 4791 2064 4853 indicave-

418 4882 767 4963 rim,nullus
790 4882 1372 4962 summetaphrasta:
1392 4889 1620 4944 aetatem
1647 4881 1903 4959 ignotam
1927 4880 2067 4941 hac-

421 4977 685 5045 tenus,et
700 4967 1692 5052 suspicionibus,iisquelevissimis
1707 4968 2063 5045 nixam,cer—

418 5069 536 5123 tam
569 5069 746 5141 atque
777 5057 1081 5122 indubiam
1118 5058 1249 5139 ipse
1283 5063 1507 5138 primus
1538 5058 1760 5135 signavi
1791 5079 1803 5114 :
1870 5075 2064 5137 neque

418 5157 735 5230 propterea
768 5147 944 5208 nimis
976 5147 1121 5208 mihi
1152 5165 1385 5226 arrogo,
1419 5148 1688 5227 quamvis
1751 5145 1971 5228 aliquid
2006 5145 2061 5206 id

418 5255 657 5317 quoque
688 5236 786 5310 sit,
821 5245 879 5297 et
908 5235 978 5296 ad
1012 5234 1375 5297 refellendos
1437 5236 1754 5299 litereticos
1785 5237 1885 5317 qui
1915 5233 2065 5297 Vitis

417 5342 746 5386 sanctorum
782 5327 1154 5385 tandumdem
1185 5327 1514 5392 detrahunt,
1549 5329 1930 5400 pietatemque
1956 5342 2066 5399 que

421 5429 491 5473 ex
513 5430 717 5474 eorum
738 5412 999 5474 lectione
1031 5411 2064 5493 percipitur,constabiliendam,ad-

2145 4611 2739 4684 concluderent,cum
2763 4615 3129 4691 respondere
3153 4622 3393 4691 possent
3413 4613 3623 4674 eodem
3657 4611 3788 4691 ipso

2145 4720 2265 4763 aevo
2297 4700 2669 4762 Constantini
2704 4700 3334 4781 [691Porphyrogeuiti
3367 4701 3621 4762 Psellum
3645 4698 3794 4760 fuis-

2145 4809 2235 4863 se,
2268 4790 2355 4851 vel
2400 4790 2677 4850 eumdem
2739 4790 3147 4870 Metaphrasta;
3196 4789 3645 4864 encomiastem,
3695 4788 3784 4849 vel

2145 4879 2325 4941 alium
2344 4880 2612 4958 omnino;
2640 4887 2805 4940 certe
2828 4878 3086 4940 Psellius
3106 4879 3414 4942 Michaelis
3436 4878 3604 4940 ducta
3630 4894 3788 4957 pra:-

2147 4977 2350 5047 ceptor
2380 4984 2511 5028 esse
2542 4984 2660 5026 non
2711 4966 2922 5047 potuit,
2950 4975 3008 5028 et
3040 4986 3173 5029 cum
3207 4968 3506 5029 diversum
3529 4985 3562 5028 a
3593 4964 3787 5046 primo

2146 5057 2246 5118 illo
2267 5057 2446 5117 fuisse
2462 5054 2650 5116 eviuci
2677 5073 2791 5115 non
2822 5065 3046 5136 posset,
3075 5056 3476 5118 ﬁrmissimum
3497 5055 3790 5136 quodam-

2149 5144 2322 5206 modo
2353 5144 3129 5224 remanet,antiquissimum
3166 5144 3438 5207 fuissezet
3462 5144 3646 5204 fuisse
3674 5140 3787 5203 sub

2147 5233 2706 5314 Porphyrogenneta
2740 5233 3123 5295 Constantino
3155 5252 3223 5294 ex
3254 5232 3464 5295 latrico
3501 5229 3682 5294 Pselli
3711 5229 3788 5292 ad

2150 5322 2597 5385 Constantinum
2615 5321 3436 5405 Porphyrogennetam,cujus
3450 5320 3567 5382 nob
3588 5336 3789 5401 prom-

2153 5411 2254 5473 mii
2286 5412 2514 5493 copiam
2550 5411 2756 5474 fecerit
2781 5412 3159 5473 doctissimus
3196 5408 3484 5473 Melchior
3525 5408 3780 5483 lncot‘er,

426 5499 666 5562 modum
717 5501 1141 5564 necessarium.
1196 5499 1265 5561 Et
1318 5501 1563 5563 miratur
1592 5502 1918 5565 Bollandus
1974 5519 2069 5563 me
2151 5502 2476 5580 etlegitum
2502 5502 2559 5561 in
2594 5502 2870 5562 Vaticana
2894 5497 3636 5573 bibliotheca,etalibi,de
3666 5514 3785 5576 quo

426 5595 698 5669 tempore
726 5590 990 5652 exactius
1044 5607 1164 5653 non
1195 5590 1538 5672 digessisse,
1574 5600 1633 5654 et
1661 5590 2062 5654 laudationem

2150 5587 2689 5651 animadvertebam
2733 5606 2863 5669 pag.
2897 5589 2997 5653 89.
3054 5588 3200 5653 Sive
3227 5591 3390 5651 enim
3435 5586 3786 5651 Constanti-
