  <div class='ocr_page' id='page_1' title='image "/cluster/home/n/w/nwhite01/storage/ocr_20150623/114/hvd.32044073502254/063.png"; bbox 0 0 4038 6206; ppageno 0'>
   <div class='ocr_carea' id='block_1_1' title="bbox 385 345 498 418">
    <p class='ocr_par' dir='ltr' id='par_1_1' title="bbox 385 345 498 418">
     <span class='ocr_line' id='line_1_1' title="bbox 385 345 498 418; baseline 0 -1"><span class='ocrx_word' id='word_1_1' title='bbox 385 345 498 418; x_wconf 83' lang='grc'><strong><em>115</em></strong></span> 
     </span>
    </p>
   </div>
   <div class='ocr_carea' id='block_1_2' title="bbox 1736 349 2411 416">
    <p class='ocr_par' dir='ltr' id='par_1_2' title="bbox 1736 349 2411 416">
     <span class='ocr_line' id='line_1_2' title="bbox 1736 349 2411 416; baseline 0 -2"><span class='ocrx_word' id='word_1_2' title='bbox 1736 349 2014 416; x_wconf 88' lang='lat' dir='ltr'><strong><em>LEONIS</em></strong></span> <span class='ocrx_word' id='word_1_3' title='bbox 2072 349 2355 415; x_wconf 78' lang='lat' dir='ltr'><strong><em>ALLATI</em></strong></span> <span class='ocrx_word' id='word_1_4' title='bbox 2362 352 2411 414; x_wconf 91' lang='grc' dir='ltr'><strong><em>Ι.</em></strong></span> 
     </span>
    </p>
   </div>
   <div class='ocr_carea' id='block_1_3' title="bbox 3641 345 3754 416">
    <p class='ocr_par' dir='ltr' id='par_1_3' title="bbox 3641 345 3754 416">
     <span class='ocr_line' id='line_1_3' title="bbox 3641 345 3754 416; baseline -0.009 -1"><span class='ocrx_word' id='word_1_5' title='bbox 3641 345 3754 416; x_wconf 86' lang='grc'><strong><em>116</em></strong></span> 
     </span>
    </p>
   </div>
   <div class='ocr_carea' id='block_1_4' title="bbox 378 481 2013 571">
    <p class='ocr_par' dir='ltr' id='par_1_4' title="bbox 378 484 2013 571">
     <span class='ocr_line' id='line_1_4' title="bbox 378 484 2013 571; baseline -0.004 -23"><span class='ocrx_word' id='word_1_6' title='bbox 378 492 547 571; x_wconf 74' lang='grc' dir='ltr'>τὲρων</span> <span class='ocrx_word' id='word_1_7' title='bbox 572 486 833 571; x_wconf 77' lang='grc' dir='ltr'>ῥητόρων,</span> <span class='ocrx_word' id='word_1_8' title='bbox 858 487 949 547; x_wconf 82' lang='grc' dir='ltr'><strong><em>καὶ</em></strong></span> <span class='ocrx_word' id='word_1_9' title='bbox 975 491 1024 547; x_wconf 82' lang='grc' dir='ltr'>οἱ</span> <span class='ocrx_word' id='word_1_10' title='bbox 1054 486 1190 567; x_wconf 80' lang='grc' dir='ltr'>μηδὲ</span> <span class='ocrx_word' id='word_1_11' title='bbox 1219 489 1352 566; x_wconf 73' lang='grc' dir='ltr'>πρὸς</span> <span class='ocrx_word' id='word_1_12' title='bbox 1382 484 1719 565; x_wconf 80' lang='grc' dir='ltr'>παράδειγμα</span> <span class='ocrx_word' id='word_1_13' title='bbox 1750 485 1875 550; x_wconf 81' lang='grc' dir='ltr'>τοῖς</span> <span class='ocrx_word' id='word_1_14' title='bbox 1897 484 2013 543; x_wconf 75' lang='grc' dir='ltr'><strong><em>πολ⁴</em></strong></span> 
     </span>
    </p>
   </div>
   <div class='ocr_carea' id='block_1_5' title="bbox 2095 481 3750 571">
    <p class='ocr_par' dir='ltr' id='par_1_5' title="bbox 2109 481 3750 566">
     <span class='ocr_line' id='line_1_5' title="bbox 2109 481 3750 566; baseline 0 -20"><span class='ocrx_word' id='word_1_15' title='bbox 2109 502 2217 547; x_wconf 87' lang='lat' dir='ltr'><strong><em>nec</em></strong></span> <span class='ocrx_word' id='word_1_16' title='bbox 2237 484 2339 562; x_wconf 86' lang='lat' dir='ltr'><strong><em>iis,</em></strong></span> <span class='ocrx_word' id='word_1_17' title='bbox 2368 486 2476 566; x_wconf 98' lang='lat' dir='ltr'><strong><em>qui</em></strong></span> <span class='ocrx_word' id='word_1_18' title='bbox 2499 484 2726 564; x_wconf 82' lang='lat' dir='ltr'><strong><em>linguae</em></strong></span> <span class='ocrx_word' id='word_1_19' title='bbox 2745 490 3096 548; x_wconf 86' lang='lat' dir='ltr'><strong><em>ornamento</em></strong></span> <span class='ocrx_word' id='word_1_20' title='bbox 3116 487 3375 548; x_wconf 87' lang='lat' dir='ltr'><strong><em>utuntur</em></strong></span> <span class='ocrx_word' id='word_1_21' title='bbox 3394 481 3577 546; x_wconf 86' lang='lat' dir='ltr'><strong><em>nimis</em></strong></span> <span class='ocrx_word' id='word_1_22' title='bbox 3605 481 3750 546; x_wconf 86' lang='lat' dir='ltr'><strong><em>rhe-</em></strong></span> 
     </span>
    </p>
   </div>
   <div class='ocr_carea' id='block_1_6' title="bbox 381 573 2022 660">
    <p class='ocr_par' dir='ltr' id='par_1_6' title="bbox 381 573 2022 660">
     <span class='ocr_line' id='line_1_6' title="bbox 381 573 2022 660; baseline -0.005 -21"><span class='ocrx_word' id='word_1_23' title='bbox 381 581 503 648; x_wconf 80' lang='grc' dir='ltr'>λοτς</span> <span class='ocrx_word' id='word_1_24' title='bbox 538 583 747 658; x_wconf 80' lang='grc' dir='ltr'>ἑστᾶσι,</span> <span class='ocrx_word' id='word_1_25' title='bbox 780 588 860 656; x_wconf 81' lang='grc' dir='ltr'>τῷ</span> <span class='ocrx_word' id='word_1_26' title='bbox 887 582 1246 660; x_wconf 77' lang='grc' dir='ltr'>ὑπερηχοῦντι</span> <span class='ocrx_word' id='word_1_27' title='bbox 1276 586 1366 635; x_wconf 85' lang='grc' dir='ltr'>τοῦ</span> <span class='ocrx_word' id='word_1_28' title='bbox 1394 579 1616 656; x_wconf 75' lang='grc' dir='ltr'>ῥυθμοῦο</span> <span class='ocrx_word' id='word_1_29' title='bbox 1649 573 2022 655; x_wconf 77' lang='grc' dir='ltr'>ἀκριϐεστέραν</span> 
     </span>
    </p>
   </div>
   <div class='ocr_carea' id='block_1_7' title="bbox 379 661 2016 744">
    <p class='ocr_par' dir='ltr' id='par_1_7' title="bbox 379 661 2016 744">
     <span class='ocr_line' id='line_1_7' title="bbox 379 661 2016 744; baseline -0.005 -15"><span class='ocrx_word' id='word_1_30' title='bbox 379 668 437 728; x_wconf 70' lang='grc' dir='ltr'>δὲ</span> <span class='ocrx_word' id='word_1_31' title='bbox 468 670 632 741; x_wconf 75' lang='grc' dir='ltr'>ἰδέαν,</span> <span class='ocrx_word' id='word_1_32' title='bbox 667 671 755 734; x_wconf 71' lang='grc' dir='ltr'><strong><em>οἷς</em></strong></span> <span class='ocrx_word' id='word_1_33' title='bbox 788 668 970 728; x_wconf 78' lang='grc' dir='ltr'>εἵλετο</span> <span class='ocrx_word' id='word_1_34' title='bbox 992 669 1261 727; x_wconf 81' lang='grc' dir='ltr'>συνθέσθαι</span> <span class='ocrx_word' id='word_1_35' title='bbox 1283 667 1716 744; x_wconf 72' lang='grc' dir='ltr'><strong><em>συγγράμμασιν,</em></strong></span> <span class='ocrx_word' id='word_1_36' title='bbox 1741 666 1835 721; x_wconf 71' lang='grc' dir='ltr'>οὐκ</span> <span class='ocrx_word' id='word_1_37' title='bbox 1867 661 2016 737; x_wconf 80' lang='grc' dir='ltr'>οἶδα,</span> 
     </span>
    </p>
   </div>
   <div class='ocr_carea' id='block_1_8' title="bbox 382 753 2019 836">
    <p class='ocr_par' dir='ltr' id='par_1_8' title="bbox 382 753 2019 836">
     <span class='ocr_line' id='line_1_8' title="bbox 382 753 2019 836; baseline -0.007 -18"><span class='ocrx_word' id='word_1_38' title='bbox 382 760 437 818; x_wconf 67' lang='grc' dir='ltr'><strong><em>εἴ</em></strong></span> <span class='ocrx_word' id='word_1_39' title='bbox 464 782 547 826; x_wconf 87' lang='grc' dir='ltr'><strong><em>τις</em></strong></span> <span class='ocrx_word' id='word_1_40' title='bbox 576 760 681 818; x_wconf 78' lang='grc' dir='ltr'><strong><em>τῶν</em></strong></span> <span class='ocrx_word' id='word_1_41' title='bbox 712 761 929 818; x_wconf 83' lang='grc' dir='ltr'>πάντων</span> <span class='ocrx_word' id='word_1_42' title='bbox 960 753 1491 836; x_wconf 76' lang='grc' dir='ltr'>συνήρμοσεν.Ἀλλὰ</span> <span class='ocrx_word' id='word_1_43' title='bbox 1513 758 1604 812; x_wconf 62' lang='grc' dir='ltr'>διαὶ</span> <span class='ocrx_word' id='word_1_44' title='bbox 1636 754 1691 811; x_wconf 79' lang='grc' dir='ltr'><strong><em>εἴ</em></strong></span> <span class='ocrx_word' id='word_1_45' title='bbox 1719 775 1799 817; x_wconf 88' lang='grc' dir='ltr'><strong><em>τις</em></strong></span> <span class='ocrx_word' id='word_1_46' title='bbox 1831 754 1892 810; x_wconf 83' lang='grc' dir='ltr'><strong><em>ἃν</em></strong></span> <span class='ocrx_word' id='word_1_47' title='bbox 1914 754 2019 811; x_wconf 83' lang='grc' dir='ltr'><strong><em>τῶν</em></strong></span> 
     </span>
    </p>
   </div>
   <div class='ocr_carea' id='block_1_9' title="bbox 378 845 2020 930">
    <p class='ocr_par' dir='ltr' id='par_1_9' title="bbox 378 845 2020 930">
     <span class='ocr_line' id='line_1_9' title="bbox 378 845 2020 930; baseline -0.007 -21"><span class='ocrx_word' id='word_1_48' title='bbox 378 857 640 930; x_wconf 73' lang='grc' dir='ltr'><strong><em>περιττῶν</em></strong></span> <span class='ocrx_word' id='word_1_49' title='bbox 669 848 886 906; x_wconf 68' lang='grc' dir='ltr'>ἐκείνων</span> <span class='ocrx_word' id='word_1_50' title='bbox 914 846 1009 914; x_wconf 76' lang='grc' dir='ltr'><strong><em>τήν</em></strong></span> <span class='ocrx_word' id='word_1_51' title='bbox 1037 866 1093 903; x_wconf 88' lang='grc' dir='ltr'><strong><em>τε</em></strong></span> <span class='ocrx_word' id='word_1_52' title='bbox 1123 845 1428 926; x_wconf 77' lang='grc' dir='ltr'>φράσιν,καὶ</span> <span class='ocrx_word' id='word_1_53' title='bbox 1459 845 1557 911; x_wconf 77' lang='grc' dir='ltr'><strong><em>την</em></strong></span> <span class='ocrx_word' id='word_1_54' title='bbox 1574 845 1863 918; x_wconf 71' lang='grc' dir='ltr'>ενθύμησιν</span> <span class='ocrx_word' id='word_1_55' title='bbox 1892 865 2020 920; x_wconf 85' lang='grc' dir='ltr'>προ-</span> 
     </span>
    </p>
   </div>
   <div class='ocr_carea' id='block_1_10' title="bbox 381 931 2020 1014">
    <p class='ocr_par' dir='ltr' id='par_1_10' title="bbox 381 931 2020 1014">
     <span class='ocr_line' id='line_1_10' title="bbox 381 931 2020 1014; baseline -0.007 -17"><span class='ocrx_word' id='word_1_56' title='bbox 381 938 553 998; x_wconf 86' lang='grc' dir='ltr'>είλετο</span> <span class='ocrx_word' id='word_1_57' title='bbox 581 939 682 1006; x_wconf 72' lang='grc' dir='ltr'>τὴν</span> <span class='ocrx_word' id='word_1_58' title='bbox 712 937 961 1002; x_wconf 73' lang='grc' dir='ltr'><strong><em>τοιαύτην</em></strong></span> <span class='ocrx_word' id='word_1_59' title='bbox 1011 936 1281 1014; x_wconf 77' lang='grc' dir='ltr'>ὑπόθεσιν,</span> <span class='ocrx_word' id='word_1_60' title='bbox 1314 935 1714 1012; x_wconf 81' lang='grc' dir='ltr'>περιεργότερον</span> <span class='ocrx_word' id='word_1_61' title='bbox 1744 931 1841 1006; x_wconf 81' lang='grc' dir='ltr'>μὲν</span> <span class='ocrx_word' id='word_1_62' title='bbox 1883 931 2020 1007; x_wconf 69' lang='grc' dir='ltr'>αὐτῇ</span> 
     </span>
    </p>
   </div>
   <div class='ocr_carea' id='block_1_11' title="bbox 378 1022 2017 1105">
    <p class='ocr_par' dir='ltr' id='par_1_11' title="bbox 378 1022 2017 1105">
     <span class='ocr_line' id='line_1_11' title="bbox 378 1022 2017 1105; baseline -0.006 -18"><span class='ocrx_word' id='word_1_63' title='bbox 378 1031 471 1087; x_wconf 76' lang='grc' dir='ltr'><strong><em>τὸν</em></strong></span> <span class='ocrx_word' id='word_1_64' title='bbox 499 1027 657 1105; x_wconf 90' lang='grc' dir='ltr'>λόγον</span> <span class='ocrx_word' id='word_1_65' title='bbox 686 1026 965 1105; x_wconf 78' lang='grc' dir='ltr'>εἰργάσατο</span> <span class='ocrx_word' id='word_1_66' title='bbox 1002 1046 1015 1062; x_wconf 75' lang='grc' dir='ltr'><strong>ο</strong></span> <span class='ocrx_word' id='word_1_67' title='bbox 1066 1023 1124 1082; x_wconf 72' lang='grc' dir='ltr'><strong><em>ού</em></strong></span> <span class='ocrx_word' id='word_1_68' title='bbox 1175 1047 1315 1105; x_wconf 79' lang='grc' dir='ltr'>φημι</span> <span class='ocrx_word' id='word_1_69' title='bbox 1345 1022 1400 1080; x_wconf 69' lang='grc' dir='ltr'>δὲ</span> <span class='ocrx_word' id='word_1_70' title='bbox 1431 1024 1695 1099; x_wconf 88' lang='grc' dir='ltr'>σύμπασιν</span> <span class='ocrx_word' id='word_1_71' title='bbox 1726 1023 2017 1102; x_wconf 70' lang='grc' dir='ltr'>ἀκροαταῖς</span> 
     </span>
    </p>
   </div>
   <div class='ocr_carea' id='block_1_12' title="bbox 2105 572 3752 655">
    <p class='ocr_par' dir='ltr' id='par_1_12' title="bbox 2105 572 3752 655">
     <span class='ocr_line' id='line_1_12' title="bbox 2105 572 3752 655; baseline -0.002 -18"><span class='ocrx_word' id='word_1_72' title='bbox 2105 575 2423 649; x_wconf 81' lang='lat' dir='ltr'><strong><em>larice,nec</em></strong></span> <span class='ocrx_word' id='word_1_73' title='bbox 2447 575 2525 637; x_wconf 88' lang='lat' dir='ltr'><strong><em>iis</em></strong></span> <span class='ocrx_word' id='word_1_74' title='bbox 2545 580 2654 655; x_wconf 90' lang='lat' dir='ltr'><strong><em>qui</em></strong></span> <span class='ocrx_word' id='word_1_75' title='bbox 2678 592 2855 637; x_wconf 87' lang='lat' dir='ltr'><strong><em>suum</em></strong></span> <span class='ocrx_word' id='word_1_76' title='bbox 2884 574 3152 636; x_wconf 88' lang='lat' dir='ltr'><strong><em>studium</em></strong></span> <span class='ocrx_word' id='word_1_77' title='bbox 3180 579 3514 653; x_wconf 82' lang='lat' dir='ltr'><strong><em>posuerunt</em></strong></span> <span class='ocrx_word' id='word_1_78' title='bbox 3534 574 3600 635; x_wconf 89' lang='lat' dir='ltr'><strong><em>in</em></strong></span> <span class='ocrx_word' id='word_1_79' title='bbox 3630 572 3752 634; x_wconf 85' lang='lat' dir='ltr'><strong><em>dis-</em></strong></span> 
     </span>
    </p>
   </div>
   <div class='ocr_carea' id='block_1_13' title="bbox 2103 662 3747 744">
    <p class='ocr_par' dir='ltr' id='par_1_13' title="bbox 2103 662 3747 744">
     <span class='ocr_line' id='line_1_13' title="bbox 2103 662 3747 744; baseline -0.002 -18"><span class='ocrx_word' id='word_1_80' title='bbox 2103 662 2369 743; x_wconf 84' lang='lat' dir='ltr'><strong><em>ciplinis,</em></strong></span> <span class='ocrx_word' id='word_1_81' title='bbox 2394 663 2498 725; x_wconf 74' lang='lat' dir='ltr'><strong><em>sed</em></strong></span> <span class='ocrx_word' id='word_1_82' title='bbox 2525 681 2636 726; x_wconf 89' lang='lat' dir='ltr'><strong><em>nec</em></strong></span> <span class='ocrx_word' id='word_1_83' title='bbox 2666 665 2767 740; x_wconf 90' lang='lat' dir='ltr'><strong><em>iis,</em></strong></span> <span class='ocrx_word' id='word_1_84' title='bbox 2802 664 2911 744; x_wconf 90' lang='lat' dir='ltr'><strong><em>qui</em></strong></span> <span class='ocrx_word' id='word_1_85' title='bbox 2941 664 3301 726; x_wconf 80' lang='lat' dir='ltr'><strong><em>studuerunt</em></strong></span> <span class='ocrx_word' id='word_1_86' title='bbox 3334 669 3575 726; x_wconf 72' lang='lat' dir='ltr'><strong><em>natura:</em></strong></span> <span class='ocrx_word' id='word_1_87' title='bbox 3599 678 3747 725; x_wconf 88' lang='lat' dir='ltr'><strong><em>con-</em></strong></span> 
     </span>
    </p>
   </div>
   <div class='ocr_carea' id='block_1_14' title="bbox 2105 751 3748 834">
    <p class='ocr_par' dir='ltr' id='par_1_14' title="bbox 2105 751 3748 834">
     <span class='ocr_line' id='line_1_14' title="bbox 2105 751 3748 834; baseline -0.001 -20"><span class='ocrx_word' id='word_1_88' title='bbox 2105 751 2509 834; x_wconf 80' lang='lat' dir='ltr'><strong><em>templationi,</em></strong></span> <span class='ocrx_word' id='word_1_89' title='bbox 2541 753 2698 832; x_wconf 86' lang='lat' dir='ltr'><strong><em>quod</em></strong></span> <span class='ocrx_word' id='word_1_90' title='bbox 2727 770 2838 814; x_wconf 90' lang='lat' dir='ltr'><strong><em>nec</em></strong></span> <span class='ocrx_word' id='word_1_91' title='bbox 2866 753 2947 814; x_wconf 90' lang='lat' dir='ltr'><strong><em>iis</em></strong></span> <span class='ocrx_word' id='word_1_92' title='bbox 2966 752 3213 815; x_wconf 77' lang='lat' dir='ltr'><strong><em>dicendi</em></strong></span> <span class='ocrx_word' id='word_1_93' title='bbox 3232 768 3518 831; x_wconf 79' lang='lat' dir='ltr'><strong><em>generum</em></strong></span> <span class='ocrx_word' id='word_1_94' title='bbox 3546 751 3748 813; x_wconf 89' lang='lat' dir='ltr'><strong><em>mistio</em></strong></span> 
     </span>
    </p>
   </div>
   <div class='ocr_carea' id='block_1_15' title="bbox 2100 840 3749 923">
    <p class='ocr_par' dir='ltr' id='par_1_15' title="bbox 2100 840 3749 923">
     <span class='ocr_line' id='line_1_15' title="bbox 2100 840 3749 923; baseline -0.001 -19"><span class='ocrx_word' id='word_1_95' title='bbox 2100 840 2385 916; x_wconf 87' lang='lat' dir='ltr'><strong><em>eluceret,</em></strong></span> <span class='ocrx_word' id='word_1_96' title='bbox 2419 860 2528 903; x_wconf 91' lang='lat' dir='ltr'><strong><em>nec</em></strong></span> <span class='ocrx_word' id='word_1_97' title='bbox 2553 842 2769 922; x_wconf 68' lang='lat' dir='ltr'><strong><em>ﬁgurae</em></strong></span> <span class='ocrx_word' id='word_1_98' title='bbox 2812 841 3056 904; x_wconf 89' lang='lat' dir='ltr'><strong><em>dicendi</em></strong></span> <span class='ocrx_word' id='word_1_99' title='bbox 3078 843 3202 903; x_wconf 87' lang='lat' dir='ltr'><strong><em>sint</em></strong></span> <span class='ocrx_word' id='word_1_100' title='bbox 3232 859 3513 923; x_wconf 67' lang='lat' dir='ltr'><strong><em>aspersas,</em></strong></span> <span class='ocrx_word' id='word_1_101' title='bbox 3548 857 3749 921; x_wconf 91' lang='lat' dir='ltr'><strong><em>neque</em></strong></span> 
     </span>
    </p>
   </div>
   <div class='ocr_carea' id='block_1_16' title="bbox 2101 930 3746 1011">
    <p class='ocr_par' dir='ltr' id='par_1_16' title="bbox 2101 930 3746 1011">
     <span class='ocr_line' id='line_1_16' title="bbox 2101 930 3746 1011; baseline -0.001 -18"><span class='ocrx_word' id='word_1_102' title='bbox 2101 931 2238 993; x_wconf 87' lang='lat' dir='ltr'><strong><em>ulla</em></strong></span> <span class='ocrx_word' id='word_1_103' title='bbox 2272 937 2515 994; x_wconf 74' lang='lat' dir='ltr'><strong><em>naturae</em></strong></span> <span class='ocrx_word' id='word_1_104' title='bbox 2538 930 2834 994; x_wconf 75' lang='lat' dir='ltr'><strong><em>dubitatio</em></strong></span> <span class='ocrx_word' id='word_1_105' title='bbox 2866 949 2937 993; x_wconf 90' lang='lat' dir='ltr'><strong><em>ac</em></strong></span> <span class='ocrx_word' id='word_1_106' title='bbox 2959 930 3416 1011; x_wconf 80' lang='lat' dir='ltr'><strong><em>solutio,neque</em></strong></span> <span class='ocrx_word' id='word_1_107' title='bbox 3445 930 3746 993; x_wconf 80' lang='lat' dir='ltr'><strong><em>linearum</em></strong></span> 
     </span>
    </p>
   </div>
   <div class='ocr_carea' id='block_1_17' title="bbox 2100 1019 3743 1101">
    <p class='ocr_par' dir='ltr' id='par_1_17' title="bbox 2100 1019 3743 1101">
     <span class='ocr_line' id='line_1_17' title="bbox 2100 1019 3743 1101; baseline 0 -19"><span class='ocrx_word' id='word_1_108' title='bbox 2100 1019 2643 1084; x_wconf 73' lang='lat' dir='ltr'><strong><em>demonstrationes</em></strong></span> <span class='ocrx_word' id='word_1_109' title='bbox 2662 1037 2795 1082; x_wconf 89' lang='lat' dir='ltr'><strong><em>cum</em></strong></span> <span class='ocrx_word' id='word_1_110' title='bbox 2824 1021 3197 1101; x_wconf 86' lang='lat' dir='ltr'><strong><em>importunis</em></strong></span> <span class='ocrx_word' id='word_1_111' title='bbox 3225 1020 3601 1096; x_wconf 89' lang='lat' dir='ltr'><strong><em>nominibus,</em></strong></span> <span class='ocrx_word' id='word_1_112' title='bbox 3629 1037 3743 1082; x_wconf 90' lang='lat' dir='ltr'><strong><em>ne-</em></strong></span> 
     </span>
    </p>
   </div>
   <div class='ocr_carea' id='block_1_18' title="bbox 381 1108 2013 1194">
    <p class='ocr_par' dir='ltr' id='par_1_18' title="bbox 381 1111 2013 1194">
     <span class='ocr_line' id='line_1_18' title="bbox 381 1111 2013 1194; baseline -0.006 -18"><span class='ocrx_word' id='word_1_113' title='bbox 381 1114 722 1183; x_wconf 81' lang='grc' dir='ltr'>κατάλληλόν</span> <span class='ocrx_word' id='word_1_114' title='bbox 777 1136 832 1172; x_wconf 80' lang='grc' dir='ltr'><strong><em>τε</em></strong></span> <span class='ocrx_word' id='word_1_115' title='bbox 890 1115 981 1172; x_wconf 81' lang='grc' dir='ltr'><strong><em>καὶ</em></strong></span> <span class='ocrx_word' id='word_1_116' title='bbox 1038 1112 1452 1193; x_wconf 80' lang='grc' dir='ltr'>ἁρμοδιώτερον,</span> <span class='ocrx_word' id='word_1_117' title='bbox 1506 1115 1580 1172; x_wconf 79' lang='grc' dir='ltr'><strong><em>Τὰ</em></strong></span> <span class='ocrx_word' id='word_1_118' title='bbox 1625 1111 1785 1194; x_wconf 83' lang='grc'><strong><em>[117]</em></strong></span> <span class='ocrx_word' id='word_1_119' title='bbox 1816 1132 1873 1168; x_wconf 83' lang='grc' dir='ltr'><strong><em>τε</em></strong></span> <span class='ocrx_word' id='word_1_120' title='bbox 1917 1112 2013 1190; x_wconf 83' lang='grc' dir='ltr'>γὰρ</span> 
     </span>
    </p>
   </div>
   <div class='ocr_carea' id='block_1_19' title="bbox 2095 1108 3738 1194">
    <p class='ocr_par' dir='ltr' id='par_1_19' title="bbox 2099 1108 3738 1190">
     <span class='ocr_line' id='line_1_19' title="bbox 2099 1108 3738 1190; baseline 0 -21"><span class='ocrx_word' id='word_1_121' title='bbox 2099 1125 2212 1186; x_wconf 88' lang='lat' dir='ltr'><strong><em>que</em></strong></span> <span class='ocrx_word' id='word_1_122' title='bbox 2241 1108 2757 1190; x_wconf 82' lang='lat' dir='ltr'><strong><em>PhilosOphorum</em></strong></span> <span class='ocrx_word' id='word_1_123' title='bbox 2779 1111 3093 1172; x_wconf 77' lang='lat' dir='ltr'><strong><em>sententia:</em></strong></span> <span class='ocrx_word' id='word_1_124' title='bbox 3116 1127 3254 1189; x_wconf 64' lang='lat' dir='ltr'><strong><em>quae</em></strong></span> <span class='ocrx_word' id='word_1_125' title='bbox 3265 1109 3594 1188; x_wconf 74' lang='lat' dir='ltr'><strong><em>subjectum</em></strong></span> <span class='ocrx_word' id='word_1_126' title='bbox 3614 1126 3738 1171; x_wconf 82' lang='lat' dir='ltr'><strong><em>ver-</em></strong></span> 
     </span>
    </p>
   </div>
   <div class='ocr_carea' id='block_1_20' title="bbox 381 1196 2013 1285">
    <p class='ocr_par' dir='ltr' id='par_1_20' title="bbox 381 1201 2010 1285">
     <span class='ocr_line' id='line_1_20' title="bbox 381 1201 2010 1285; baseline -0.006 -20"><span class='ocrx_word' id='word_1_127' title='bbox 381 1207 634 1285; x_wconf 75' lang='grc' dir='ltr'>προοίμια</span> <span class='ocrx_word' id='word_1_128' title='bbox 662 1210 768 1261; x_wconf 86' lang='grc' dir='ltr'><strong><em>τῶν</em></strong></span> <span class='ocrx_word' id='word_1_129' title='bbox 797 1201 973 1282; x_wconf 86' lang='grc' dir='ltr'>λόγων</span> <span class='ocrx_word' id='word_1_130' title='bbox 1004 1203 1164 1265; x_wconf 74' lang='grc' dir='ltr'>αὐτοῦ</span> <span class='ocrx_word' id='word_1_131' title='bbox 1192 1202 1467 1279; x_wconf 78' lang='grc' dir='ltr'>ἁπτόμενα</span> <span class='ocrx_word' id='word_1_132' title='bbox 1497 1203 1641 1268; x_wconf 76' lang='grc' dir='ltr'>εὐθὺς</span> <span class='ocrx_word' id='word_1_133' title='bbox 1667 1208 1761 1259; x_wconf 80' lang='grc' dir='ltr'><strong><em>τοῦ</em></strong></span> <span class='ocrx_word' id='word_1_134' title='bbox 1789 1202 2010 1257; x_wconf 80' lang='grc' dir='ltr'>ὑποκει-</span> 
     </span>
    </p>
   </div>
   <div class='ocr_carea' id='block_1_21' title="bbox 2095 1196 3739 1285">
    <p class='ocr_par' dir='ltr' id='par_1_21' title="bbox 2100 1196 3739 1279">
     <span class='ocr_line' id='line_1_21' title="bbox 2100 1196 3739 1279; baseline -0.001 -19"><span class='ocrx_word' id='word_1_135' title='bbox 2100 1196 2188 1260; x_wconf 88' lang='lat' dir='ltr'><strong><em>bis</em></strong></span> <span class='ocrx_word' id='word_1_136' title='bbox 2217 1199 2283 1260; x_wconf 89' lang='lat' dir='ltr'><strong><em>in</em></strong></span> <span class='ocrx_word' id='word_1_137' title='bbox 2310 1199 2499 1261; x_wconf 86' lang='lat' dir='ltr'><strong><em>altum</em></strong></span> <span class='ocrx_word' id='word_1_138' title='bbox 2527 1198 2833 1262; x_wconf 78' lang='lat' dir='ltr'><strong><em>attollant.</em></strong></span> <span class='ocrx_word' id='word_1_139' title='bbox 2872 1198 3091 1261; x_wconf 83' lang='lat' dir='ltr'><strong><em>Volunt</em></strong></span> <span class='ocrx_word' id='word_1_140' title='bbox 3139 1203 3301 1260; x_wconf 89' lang='lat' dir='ltr'><strong><em>enim</em></strong></span> <span class='ocrx_word' id='word_1_141' title='bbox 3334 1200 3445 1279; x_wconf 88' lang='lat' dir='ltr'><strong><em>qui</em></strong></span> <span class='ocrx_word' id='word_1_142' title='bbox 3471 1207 3612 1260; x_wconf 91' lang='lat' dir='ltr'><strong><em>sunt</em></strong></span> <span class='ocrx_word' id='word_1_143' title='bbox 3639 1217 3739 1262; x_wconf 87' lang='lat' dir='ltr'><strong><em>sa-</em></strong></span> 
     </span>
    </p>
   </div>
   <div class='ocr_carea' id='block_1_22' title="bbox 378 1288 2013 1374">
    <p class='ocr_par' dir='ltr' id='par_1_22' title="bbox 378 1291 2013 1374">
     <span class='ocr_line' id='line_1_22' title="bbox 378 1291 2013 1374; baseline -0.004 -22"><span class='ocrx_word' id='word_1_144' title='bbox 378 1296 560 1370; x_wconf 83' lang='grc' dir='ltr'>μένου,</span> <span class='ocrx_word' id='word_1_145' title='bbox 595 1295 684 1351; x_wconf 80' lang='grc' dir='ltr'><strong><em>καὶ</em></strong></span> <span class='ocrx_word' id='word_1_146' title='bbox 714 1294 892 1374; x_wconf 84' lang='grc' dir='ltr'>βραχύ</span> <span class='ocrx_word' id='word_1_147' title='bbox 919 1316 969 1350; x_wconf 88' lang='grc' dir='ltr'><strong><em>τι</em></strong></span> <span class='ocrx_word' id='word_1_148' title='bbox 994 1293 1322 1374; x_wconf 77' lang='grc' dir='ltr'>προ’ἰὼν,τὸν</span> <span class='ocrx_word' id='word_1_149' title='bbox 1341 1302 1435 1352; x_wconf 79' lang='grc' dir='ltr'>τοῦ</span> <span class='ocrx_word' id='word_1_150' title='bbox 1454 1292 1868 1371; x_wconf 60' lang='grc' dir='ltr'>συγγράμματος</span> <span class='ocrx_word' id='word_1_151' title='bbox 1891 1291 2013 1346; x_wconf 82' lang='grc' dir='ltr'>ἀνα-</span> 
     </span>
    </p>
   </div>
   <div class='ocr_carea' id='block_1_23' title="bbox 2095 1288 3741 1374">
    <p class='ocr_par' dir='ltr' id='par_1_23' title="bbox 2095 1288 3741 1370">
     <span class='ocr_line' id='line_1_23' title="bbox 2095 1288 3741 1370; baseline 0.001 -20"><span class='ocrx_word' id='word_1_152' title='bbox 2095 1290 2340 1368; x_wconf 77' lang='lat' dir='ltr'><strong><em>pientiac</em></strong></span> <span class='ocrx_word' id='word_1_153' title='bbox 2369 1305 2559 1370; x_wconf 85' lang='lat' dir='ltr'><strong><em>supra</em></strong></span> <span class='ocrx_word' id='word_1_154' title='bbox 2588 1289 2833 1352; x_wconf 90' lang='lat' dir='ltr'><strong><em>modum</em></strong></span> <span class='ocrx_word' id='word_1_155' title='bbox 2864 1288 3295 1363; x_wconf 86' lang='lat' dir='ltr'><strong><em>dediti,omnia</em></strong></span> <span class='ocrx_word' id='word_1_156' title='bbox 3324 1289 3515 1352; x_wconf 89' lang='lat' dir='ltr'><strong><em>scribi</em></strong></span> <span class='ocrx_word' id='word_1_157' title='bbox 3534 1288 3616 1351; x_wconf 88' lang='lat' dir='ltr'><strong><em>ad</em></strong></span> <span class='ocrx_word' id='word_1_158' title='bbox 3640 1306 3741 1351; x_wconf 85' lang='lat' dir='ltr'><strong><em>os-</em></strong></span> 
     </span>
    </p>
   </div>
   <div class='ocr_carea' id='block_1_24' title="bbox 379 1376 2013 1465">
    <p class='ocr_par' dir='ltr' id='par_1_24' title="bbox 379 1377 2013 1465">
     <span class='ocr_line' id='line_1_24' title="bbox 379 1377 2013 1465; baseline -0.004 -24"><span class='ocrx_word' id='word_1_159' title='bbox 379 1387 553 1465; x_wconf 75' lang='grc' dir='ltr'>φαινεί</span> <span class='ocrx_word' id='word_1_160' title='bbox 583 1384 808 1442; x_wconf 75' lang='grc' dir='ltr'><strong><em>σκοπὸν⁹</em></strong></span> <span class='ocrx_word' id='word_1_161' title='bbox 840 1383 928 1440; x_wconf 87' lang='grc' dir='ltr'><strong><em>καὶ</em></strong></span> <span class='ocrx_word' id='word_1_162' title='bbox 957 1382 1056 1451; x_wconf 80' lang='grc' dir='ltr'><strong><em>τὴν</em></strong></span> <span class='ocrx_word' id='word_1_163' title='bbox 1104 1388 1281 1439; x_wconf 85' lang='grc' dir='ltr'>πᾶσαν</span> <span class='ocrx_word' id='word_1_164' title='bbox 1335 1380 1422 1439; x_wconf 78' lang='grc' dir='ltr'><strong><em>ἐπ’</em></strong></span> <span class='ocrx_word' id='word_1_165' title='bbox 1478 1380 1635 1445; x_wconf 74' lang='grc' dir='ltr'>ἐνίοις</span> <span class='ocrx_word' id='word_1_166' title='bbox 1692 1385 1797 1437; x_wconf 88' lang='grc' dir='ltr'><strong><em>τῶν</em></strong></span> <span class='ocrx_word' id='word_1_167' title='bbox 1839 1377 2013 1454; x_wconf 79' lang='grc' dir='ltr'>λόγων</span> 
     </span>
    </p>
   </div>
   <div class='ocr_carea' id='block_1_25' title="bbox 2095 1376 3743 1465">
    <p class='ocr_par' dir='ltr' id='par_1_25' title="bbox 2097 1376 3743 1458">
     <span class='ocr_line' id='line_1_25' title="bbox 2097 1376 3743 1458; baseline 0.001 -19"><span class='ocrx_word' id='word_1_168' title='bbox 2097 1379 2512 1451; x_wconf 87' lang='lat' dir='ltr'><strong><em>tentationem,</em></strong></span> <span class='ocrx_word' id='word_1_169' title='bbox 2544 1396 2669 1441; x_wconf 93' lang='lat' dir='ltr'><strong><em>non</em></strong></span> <span class='ocrx_word' id='word_1_170' title='bbox 2698 1380 2777 1442; x_wconf 76' lang='lat' dir='ltr'><strong><em>ad</em></strong></span> <span class='ocrx_word' id='word_1_171' title='bbox 2818 1396 3055 1442; x_wconf 89' lang='lat' dir='ltr'><strong><em>marum</em></strong></span> <span class='ocrx_word' id='word_1_172' title='bbox 3106 1379 3571 1442; x_wconf 83' lang='lat' dir='ltr'><strong><em>correctionem.</em></strong></span> <span class='ocrx_word' id='word_1_173' title='bbox 3607 1376 3743 1458; x_wconf 84' lang='lat' dir='ltr'><strong><em>Ego</em></strong></span> 
     </span>
    </p>
   </div>
   <div class='ocr_carea' id='block_1_26' title="bbox 376 1466 2013 1554">
    <p class='ocr_par' dir='ltr' id='par_1_26' title="bbox 376 1468 2013 1554">
     <span class='ocr_line' id='line_1_26' title="bbox 376 1468 2013 1554; baseline -0.004 -23"><span class='ocrx_word' id='word_1_174' title='bbox 376 1473 624 1531; x_wconf 78' lang='grc' dir='ltr'>ὒπόθεσιν</span> <span class='ocrx_word' id='word_1_175' title='bbox 645 1471 1174 1554; x_wconf 75' lang='grc' dir='ltr'>κεφαλαιωσάμενος,</span> <span class='ocrx_word' id='word_1_176' title='bbox 1195 1471 1342 1535; x_wconf 70' lang='grc' dir='ltr'>εὐθὺς</span> <span class='ocrx_word' id='word_1_177' title='bbox 1367 1471 1501 1528; x_wconf 78' lang='grc' dir='ltr'>κατὰ</span> <span class='ocrx_word' id='word_1_178' title='bbox 1518 1471 1655 1549; x_wconf 80' lang='grc' dir='ltr'>μέρη</span> <span class='ocrx_word' id='word_1_179' title='bbox 1673 1468 2013 1549; x_wconf 80' lang='grc' dir='ltr'>τέμνει,πρὸς</span> 
     </span>
    </p>
   </div>
   <div class='ocr_carea' id='block_1_27' title="bbox 2095 1466 3747 1554">
    <p class='ocr_par' dir='ltr' id='par_1_27' title="bbox 2099 1466 3747 1549">
     <span class='ocr_line' id='line_1_27' title="bbox 2099 1466 3747 1549; baseline 0 -20"><span class='ocrx_word' id='word_1_180' title='bbox 2099 1472 2308 1530; x_wconf 86' lang='lat' dir='ltr'><strong><em>autem</em></strong></span> <span class='ocrx_word' id='word_1_181' title='bbox 2337 1467 2469 1531; x_wconf 88' lang='lat' dir='ltr'><strong><em>dico</em></strong></span> <span class='ocrx_word' id='word_1_182' title='bbox 2496 1467 2677 1546; x_wconf 85' lang='lat' dir='ltr'><strong><em>hujus</em></strong></span> <span class='ocrx_word' id='word_1_183' title='bbox 2730 1470 2852 1531; x_wconf 86' lang='lat' dir='ltr'><strong><em>viri</em></strong></span> <span class='ocrx_word' id='word_1_184' title='bbox 2898 1471 3131 1549; x_wconf 87' lang='lat' dir='ltr'><strong><em>scripta</em></strong></span> <span class='ocrx_word' id='word_1_185' title='bbox 3177 1466 3347 1530; x_wconf 87' lang='lat' dir='ltr'><strong><em>nullo</em></strong></span> <span class='ocrx_word' id='word_1_186' title='bbox 3376 1467 3595 1531; x_wconf 86' lang='lat' dir='ltr'><strong><em>horum</em></strong></span> <span class='ocrx_word' id='word_1_187' title='bbox 3623 1484 3747 1530; x_wconf 89' lang='lat' dir='ltr'><strong><em>esse</em></strong></span> 
     </span>
    </p>
   </div>
   <div class='ocr_carea' id='block_1_28' title="bbox 377 1556 2013 1641">
    <p class='ocr_par' dir='ltr' id='par_1_28' title="bbox 377 1556 2013 1641">
     <span class='ocr_line' id='line_1_28' title="bbox 377 1556 2013 1641; baseline -0.004 -20"><span class='ocrx_word' id='word_1_188' title='bbox 377 1585 437 1621; x_wconf 87' lang='grc' dir='ltr'><strong><em>τε</em></strong></span> <span class='ocrx_word' id='word_1_189' title='bbox 453 1564 522 1621; x_wconf 81' lang='grc' dir='ltr'>τὰ</span> <span class='ocrx_word' id='word_1_190' title='bbox 542 1563 802 1641; x_wconf 83' lang='grc' dir='ltr'>πρόσωπα</span> <span class='ocrx_word' id='word_1_191' title='bbox 828 1563 915 1619; x_wconf 84' lang='grc' dir='ltr'><strong><em>καὶ</em></strong></span> <span class='ocrx_word' id='word_1_192' title='bbox 938 1563 1061 1627; x_wconf 83' lang='grc' dir='ltr'>τοὺς</span> <span class='ocrx_word' id='word_1_193' title='bbox 1085 1556 1297 1638; x_wconf 80' lang='grc' dir='ltr'>καιροὺς</span> <span class='ocrx_word' id='word_1_194' title='bbox 1316 1560 1820 1636; x_wconf 75' lang='grc' dir='ltr'>μεθαρμόζεται,καὶ</span> <span class='ocrx_word' id='word_1_195' title='bbox 1834 1560 1894 1615; x_wconf 82' lang='grc' dir='ltr'>τὸ</span> <span class='ocrx_word' id='word_1_196' title='bbox 1922 1559 2013 1634; x_wconf 77' lang='grc' dir='ltr'>μὲν</span> 
     </span>
    </p>
   </div>
   <div class='ocr_carea' id='block_1_29' title="bbox 2095 1556 3745 1641">
    <p class='ocr_par' dir='ltr' id='par_1_29' title="bbox 2095 1557 3745 1637">
     <span class='ocr_line' id='line_1_29' title="bbox 2095 1557 3745 1637; baseline 0 -19"><span class='ocrx_word' id='word_1_197' title='bbox 2095 1562 2341 1636; x_wconf 86' lang='lat' dir='ltr'><strong><em>privata</em></strong></span> <span class='ocrx_word' id='word_1_198' title='bbox 2370 1574 2387 1632; x_wconf 90' lang='lat'><strong>;</strong></span> <span class='ocrx_word' id='word_1_199' title='bbox 2419 1557 2523 1620; x_wconf 88' lang='lat' dir='ltr'><strong><em>sed</em></strong></span> <span class='ocrx_word' id='word_1_200' title='bbox 2551 1559 2838 1637; x_wconf 88' lang='lat' dir='ltr'><strong><em>quoniam</em></strong></span> <span class='ocrx_word' id='word_1_201' title='bbox 2855 1575 2983 1619; x_wconf 86' lang='lat' dir='ltr'><strong><em>non</em></strong></span> <span class='ocrx_word' id='word_1_202' title='bbox 3004 1558 3081 1619; x_wconf 90' lang='lat' dir='ltr'><strong><em>ad</em></strong></span> <span class='ocrx_word' id='word_1_203' title='bbox 3102 1560 3571 1620; x_wconf 83' lang='lat' dir='ltr'><strong><em>ostentationem</em></strong></span> <span class='ocrx_word' id='word_1_204' title='bbox 3593 1576 3745 1619; x_wconf 87' lang='lat' dir='ltr'><strong><em>com-</em></strong></span> 
     </span>
    </p>
   </div>
   <div class='ocr_carea' id='block_1_30' title="bbox 378 1645 2013 1735">
    <p class='ocr_par' dir='ltr' id='par_1_30' title="bbox 378 1649 2013 1735">
     <span class='ocr_line' id='line_1_30' title="bbox 378 1649 2013 1735; baseline -0.003 -25"><span class='ocrx_word' id='word_1_205' title='bbox 378 1656 577 1735; x_wconf 76' lang='grc' dir='ltr'>χρῶμα</span> <span class='ocrx_word' id='word_1_206' title='bbox 611 1660 705 1710; x_wconf 82' lang='grc' dir='ltr'><strong><em>τοῦ</em></strong></span> <span class='ocrx_word' id='word_1_207' title='bbox 734 1653 899 1730; x_wconf 79' lang='grc' dir='ltr'>Λόγου</span> <span class='ocrx_word' id='word_1_208' title='bbox 926 1653 987 1708; x_wconf 80' lang='grc' dir='ltr'>τὸ</span> <span class='ocrx_word' id='word_1_209' title='bbox 1017 1650 1144 1708; x_wconf 70' lang='grc' dir='ltr'>αὖτὸ</span> <span class='ocrx_word' id='word_1_210' title='bbox 1174 1657 1327 1724; x_wconf 82' lang='grc' dir='ltr'>πᾶσι,</span> <span class='ocrx_word' id='word_1_211' title='bbox 1354 1651 1442 1707; x_wconf 80' lang='grc' dir='ltr'><strong><em>καὶ</em></strong></span> <span class='ocrx_word' id='word_1_212' title='bbox 1472 1651 1506 1719; x_wconf 79' lang='grc' dir='ltr'><strong>ἡ</strong></span> <span class='ocrx_word' id='word_1_213' title='bbox 1529 1649 1753 1716; x_wconf 81' lang='grc' dir='ltr'>ποιότης</span> <span class='ocrx_word' id='word_1_214' title='bbox 1783 1649 1878 1725; x_wconf 87' lang='grc' dir='ltr'><strong><em>μία</em></strong></span> <span class='ocrx_word' id='word_1_215' title='bbox 1919 1654 2013 1715; x_wconf 79' lang='grc' dir='ltr'>τῆς</span> 
     </span>
    </p>
   </div>
   <div class='ocr_carea' id='block_1_31' title="bbox 2095 1645 3744 1735">
    <p class='ocr_par' dir='ltr' id='par_1_31' title="bbox 2095 1645 3744 1728">
     <span class='ocr_line' id='line_1_31' title="bbox 2095 1645 3744 1728; baseline 0.001 -20"><span class='ocrx_word' id='word_1_216' title='bbox 2095 1645 2439 1728; x_wconf 80' lang='lat' dir='ltr'><strong><em>parabatur</em></strong></span> <span class='ocrx_word' id='word_1_217' title='bbox 2466 1650 2601 1726; x_wconf 88' lang='lat' dir='ltr'><strong><em>ejus</em></strong></span> <span class='ocrx_word' id='word_1_218' title='bbox 2628 1648 2911 1727; x_wconf 87' lang='lat' dir='ltr'><strong><em>scriptio,</em></strong></span> <span class='ocrx_word' id='word_1_219' title='bbox 2946 1648 3077 1710; x_wconf 90' lang='lat' dir='ltr'><strong><em>ideo</em></strong></span> <span class='ocrx_word' id='word_1_220' title='bbox 3106 1665 3232 1710; x_wconf 91' lang='lat' dir='ltr'><strong><em>non</em></strong></span> <span class='ocrx_word' id='word_1_221' title='bbox 3260 1653 3576 1727; x_wconf 90' lang='lat' dir='ltr'><strong><em>ponuntur</em></strong></span> <span class='ocrx_word' id='word_1_222' title='bbox 3614 1648 3744 1725; x_wconf 79' lang='lat' dir='ltr'><strong><em>fre-</em></strong></span> 
     </span>
    </p>
   </div>
   <div class='ocr_carea' id='block_1_32' title="bbox 379 1736 2013 1823">
    <p class='ocr_par' dir='ltr' id='par_1_32' title="bbox 379 1737 2012 1823">
     <span class='ocr_line' id='line_1_32' title="bbox 379 1737 2012 1823; baseline 0.006 -31"><span class='ocrx_word' id='word_1_223' title='bbox 379 1744 646 1823; x_wconf 71' lang='grc' dir='ltr'>φράσεως,</span> <span class='ocrx_word' id='word_1_224' title='bbox 675 1744 710 1810; x_wconf 79' lang='grc' dir='ltr'>ἡ</span> <span class='ocrx_word' id='word_1_225' title='bbox 745 1741 800 1798; x_wconf 80' lang='grc' dir='ltr'>δέ</span> <span class='ocrx_word' id='word_1_226' title='bbox 822 1763 882 1819; x_wconf 86' lang='grc' dir='ltr'><strong><em>γε</em></strong></span> <span class='ocrx_word' id='word_1_227' title='bbox 918 1749 1009 1799; x_wconf 77' lang='grc' dir='ltr'>τοῦ</span> <span class='ocrx_word' id='word_1_228' title='bbox 1036 1739 1194 1808; x_wconf 67' lang='grc' dir='ltr'>ἤθους</span> <span class='ocrx_word' id='word_1_229' title='bbox 1225 1737 1498 1817; x_wconf 82' lang='grc' dir='ltr'>μεταϐολῆ</span> <span class='ocrx_word' id='word_1_230' title='bbox 1533 1738 1771 1813; x_wconf 81' lang='grc' dir='ltr'><strong><em>ποικίλη,</em></strong></span> <span class='ocrx_word' id='word_1_231' title='bbox 1801 1739 1887 1795; x_wconf 86' lang='grc' dir='ltr'><strong><em>καὶ</em></strong></span> <span class='ocrx_word' id='word_1_232' title='bbox 1916 1739 2012 1814; x_wconf 84' lang='grc' dir='ltr'>ὠς,</span> 
     </span>
    </p>
   </div>
   <div class='ocr_carea' id='block_1_33' title="bbox 2095 1736 3740 1823">
    <p class='ocr_par' dir='ltr' id='par_1_33' title="bbox 2098 1736 3740 1818">
     <span class='ocr_line' id='line_1_33' title="bbox 2098 1736 3740 1818; baseline 0.002 -22"><span class='ocrx_word' id='word_1_233' title='bbox 2098 1745 2378 1817; x_wconf 85' lang='lat' dir='ltr'><strong><em>quenter,</em></strong></span> <span class='ocrx_word' id='word_1_234' title='bbox 2403 1754 2596 1817; x_wconf 90' lang='lat' dir='ltr'><strong><em>neque</em></strong></span> <span class='ocrx_word' id='word_1_235' title='bbox 2622 1738 2827 1799; x_wconf 86' lang='lat' dir='ltr'><strong><em>statim</em></strong></span> <span class='ocrx_word' id='word_1_236' title='bbox 2857 1755 2894 1799; x_wconf 90' lang='lat' dir='ltr'><strong><em>a</em></strong></span> <span class='ocrx_word' id='word_1_237' title='bbox 2923 1739 3249 1818; x_wconf 84' lang='lat' dir='ltr'><strong><em>principio,</em></strong></span> <span class='ocrx_word' id='word_1_238' title='bbox 3281 1754 3477 1817; x_wconf 90' lang='lat' dir='ltr'><strong><em>neque</em></strong></span> <span class='ocrx_word' id='word_1_239' title='bbox 3503 1736 3740 1817; x_wconf 88' lang='lat' dir='ltr'><strong><em>ubique,</em></strong></span> 
     </span>
    </p>
   </div>
   <div class='ocr_carea' id='block_1_34' title="bbox 376 1826 2013 1913">
    <p class='ocr_par' dir='ltr' id='par_1_34' title="bbox 376 1828 2013 1913">
     <span class='ocr_line' id='line_1_34' title="bbox 376 1828 2013 1913; baseline -0.004 -23"><span class='ocrx_word' id='word_1_240' title='bbox 376 1833 512 1910; x_wconf 81' lang='grc' dir='ltr'>εἴπῃ</span> <span class='ocrx_word' id='word_1_241' title='bbox 542 1854 654 1906; x_wconf 88' lang='grc' dir='ltr'>τις,</span> <span class='ocrx_word' id='word_1_242' title='bbox 689 1832 918 1913; x_wconf 74' lang='grc' dir='ltr'>τεχνικὴ</span> <span class='ocrx_word' id='word_1_243' title='bbox 949 1830 1011 1886; x_wconf 74' lang='grc' dir='ltr'><strong><em>ἂν</em></strong></span> <span class='ocrx_word' id='word_1_244' title='bbox 1040 1834 1103 1890; x_wconf 76' lang='grc' dir='ltr'>οὖ</span> <span class='ocrx_word' id='word_1_245' title='bbox 1143 1829 1229 1887; x_wconf 76' lang='grc' dir='ltr'><strong><em>διὰ</em></strong></span> <span class='ocrx_word' id='word_1_246' title='bbox 1277 1830 1375 1897; x_wconf 74' lang='grc' dir='ltr'><strong><em>τὴν</em></strong></span> <span class='ocrx_word' id='word_1_247' title='bbox 1405 1829 1606 1910; x_wconf 79' lang='grc' dir='ltr'>τέχνην</span> <span class='ocrx_word' id='word_1_248' title='bbox 1636 1829 1704 1885; x_wconf 79' lang='grc' dir='ltr'>τὰ</span> <span class='ocrx_word' id='word_1_249' title='bbox 1730 1828 2013 1908; x_wconf 81' lang='grc' dir='ltr'>πράγματα</span> 
     </span>
    </p>
   </div>
   <div class='ocr_carea' id='block_1_35' title="bbox 2095 1826 3744 1913">
    <p class='ocr_par' dir='ltr' id='par_1_35' title="bbox 2099 1826 3744 1907">
     <span class='ocr_line' id='line_1_35' title="bbox 2099 1826 3744 1907; baseline -0.001 -19"><span class='ocrx_word' id='word_1_250' title='bbox 2099 1844 2297 1906; x_wconf 86' lang='lat' dir='ltr'><strong><em>neque</em></strong></span> <span class='ocrx_word' id='word_1_251' title='bbox 2328 1828 2493 1907; x_wconf 88' lang='lat' dir='ltr'><strong><em>apud</em></strong></span> <span class='ocrx_word' id='word_1_252' title='bbox 2519 1844 2725 1889; x_wconf 87' lang='lat' dir='ltr'><strong><em>omnes</em></strong></span> <span class='ocrx_word' id='word_1_253' title='bbox 2766 1827 2942 1906; x_wconf 74' lang='lat' dir='ltr'><strong><em>[I18],</em></strong></span> <span class='ocrx_word' id='word_1_254' title='bbox 2975 1828 3079 1888; x_wconf 83' lang='lat' dir='ltr'><strong><em>sed</em></strong></span> <span class='ocrx_word' id='word_1_255' title='bbox 3112 1827 3355 1907; x_wconf 83' lang='lat' dir='ltr'><strong><em>quando</em></strong></span> <span class='ocrx_word' id='word_1_256' title='bbox 3383 1844 3480 1888; x_wconf 90' lang='lat' dir='ltr'><strong><em>res</em></strong></span> <span class='ocrx_word' id='word_1_257' title='bbox 3508 1826 3610 1888; x_wconf 88' lang='lat' dir='ltr'><strong><em>dat</em></strong></span> <span class='ocrx_word' id='word_1_258' title='bbox 3641 1844 3744 1888; x_wconf 90' lang='lat' dir='ltr'><strong><em>oc-</em></strong></span> 
     </span>
    </p>
   </div>
   <div class='ocr_carea' id='block_1_36' title="bbox 377 1918 2017 1998">
    <p class='ocr_par' dir='ltr' id='par_1_36' title="bbox 377 1918 2017 1998">
     <span class='ocr_line' id='line_1_36' title="bbox 377 1918 2017 1998; baseline -0.004 -19"><span class='ocrx_word' id='word_1_259' title='bbox 377 1920 806 1998; x_wconf 82' lang='grc' dir='ltr'>μεταϐάλλουσα,</span> <span class='ocrx_word' id='word_1_260' title='bbox 854 1918 993 1977; x_wconf 84' lang='grc' dir='ltr'>ἀλλὰ</span> <span class='ocrx_word' id='word_1_261' title='bbox 1051 1924 1130 1994; x_wconf 83' lang='grc' dir='ltr'><strong><em>τῷ</em></strong></span> <span class='ocrx_word' id='word_1_262' title='bbox 1179 1921 1388 1994; x_wconf 77' lang='grc' dir='ltr'><strong><em>ἑκάστῳ</em></strong></span> <span class='ocrx_word' id='word_1_263' title='bbox 1438 1925 1538 1976; x_wconf 87' lang='grc' dir='ltr'><strong><em>τῶν</em></strong></span> <span class='ocrx_word' id='word_1_264' title='bbox 1570 1924 2017 1994; x_wconf 85' lang='grc' dir='ltr'>παραπιπτόντων</span> 
     </span>
    </p>
   </div>
   <div class='ocr_carea' id='block_1_37' title="bbox 380 2006 2015 2090">
    <p class='ocr_par' dir='ltr' id='par_1_37' title="bbox 380 2006 2015 2090">
     <span class='ocr_line' id='line_1_37' title="bbox 380 2006 2015 2090; baseline -0.002 -21"><span class='ocrx_word' id='word_1_265' title='bbox 380 2012 712 2090; x_wconf 72' lang='grc' dir='ltr'>πραγμάτων</span> <span class='ocrx_word' id='word_1_266' title='bbox 741 2031 798 2067; x_wconf 89' lang='grc' dir='ltr'><strong><em>τε</em></strong></span> <span class='ocrx_word' id='word_1_267' title='bbox 846 2012 935 2067; x_wconf 87' lang='grc' dir='ltr'><strong><em>καὶ</em></strong></span> <span class='ocrx_word' id='word_1_268' title='bbox 983 2009 1285 2088; x_wconf 83' lang='grc' dir='ltr'>προσώπων</span> <span class='ocrx_word' id='word_1_269' title='bbox 1336 2008 1545 2065; x_wconf 75' lang='grc' dir='ltr'>οἰκείων</span> <span class='ocrx_word' id='word_1_270' title='bbox 1577 2006 2015 2085; x_wconf 85' lang='grc' dir='ltr'>διερμηνεύουσα.</span> 
     </span>
    </p>
   </div>
   <div class='ocr_carea' id='block_1_38' title="bbox 382 2093 2015 2181">
    <p class='ocr_par' dir='ltr' id='par_1_38' title="bbox 382 2093 2015 2181">
     <span class='ocr_line' id='line_1_38' title="bbox 382 2093 2015 2181; baseline -0.002 -25"><span class='ocrx_word' id='word_1_271' title='bbox 382 2093 478 2165; x_wconf 82' lang='grc' dir='ltr'>Ὠς</span> <span class='ocrx_word' id='word_1_272' title='bbox 510 2102 638 2179; x_wconf 84' lang='grc' dir='ltr'>πρὸς</span> <span class='ocrx_word' id='word_1_273' title='bbox 666 2100 943 2181; x_wconf 80' lang='grc' dir='ltr'>ἀρχέτυπα</span> <span class='ocrx_word' id='word_1_274' title='bbox 978 2097 1032 2156; x_wconf 82' lang='grc' dir='ltr'>δὲ</span> <span class='ocrx_word' id='word_1_275' title='bbox 1062 2100 1127 2156; x_wconf 75' lang='grc' dir='ltr'>τὰ</span> <span class='ocrx_word' id='word_1_276' title='bbox 1179 2098 1506 2178; x_wconf 81' lang='grc' dir='ltr'>ἀρχαιότερα</span> <span class='ocrx_word' id='word_1_277' title='bbox 1529 2102 1632 2156; x_wconf 84' lang='grc' dir='ltr'><strong><em>τῶν</em></strong></span> <span class='ocrx_word' id='word_1_278' title='bbox 1686 2098 2015 2175; x_wconf 84' lang='grc' dir='ltr'>πραγμάτων</span> 
     </span>
    </p>
   </div>
   <div class='ocr_carea' id='block_1_39' title="bbox 379 2184 2017 2271">
    <p class='ocr_par' dir='ltr' id='par_1_39' title="bbox 379 2184 2017 2271">
     <span class='ocr_line' id='line_1_39' title="bbox 379 2184 2017 2271; baseline -0.002 -25"><span class='ocrx_word' id='word_1_279' title='bbox 379 2188 721 2271; x_wconf 68' lang='grc' dir='ltr'>ἑνατενίζων,</span> <span class='ocrx_word' id='word_1_280' title='bbox 743 2190 957 2248; x_wconf 71' lang='grc' dir='ltr'>ἔκείνων</span> <span class='ocrx_word' id='word_1_281' title='bbox 988 2210 1043 2245; x_wconf 84' lang='grc' dir='ltr'><strong><em>τε</em></strong></span> <span class='ocrx_word' id='word_1_282' title='bbox 1074 2192 1170 2249; x_wconf 76' lang='grc' dir='ltr'><strong><em>οὐκ</em></strong></span> <span class='ocrx_word' id='word_1_283' title='bbox 1196 2189 1500 2266; x_wconf 74' lang='grc' dir='ltr'>ἀφίσταται,</span> <span class='ocrx_word' id='word_1_284' title='bbox 1531 2187 1621 2244; x_wconf 69' lang='grc' dir='ltr'><strong><em>ἵνα</em></strong></span> <span class='ocrx_word' id='word_1_285' title='bbox 1644 2187 1723 2262; x_wconf 78' lang='grc' dir='ltr'>μὴ</span> <span class='ocrx_word' id='word_1_286' title='bbox 1747 2184 1870 2263; x_wconf 79' lang='grc' dir='ltr'>δόξῃ</span> <span class='ocrx_word' id='word_1_287' title='bbox 1886 2185 2017 2242; x_wconf 81' lang='grc' dir='ltr'>ἄλλο</span> 
     </span>
    </p>
   </div>
   <div class='ocr_carea' id='block_1_40' title="bbox 381 2273 2016 2356">
    <p class='ocr_par' dir='ltr' id='par_1_40' title="bbox 381 2273 2016 2356">
     <span class='ocr_line' id='line_1_40' title="bbox 381 2273 2016 2356; baseline -0.003 -19"><span class='ocrx_word' id='word_1_288' title='bbox 381 2303 431 2337; x_wconf 86' lang='grc' dir='ltr'><strong><em>τι</em></strong></span> <span class='ocrx_word' id='word_1_289' title='bbox 453 2282 620 2337; x_wconf 79' lang='grc' dir='ltr'>ποιῶν</span> <span class='ocrx_word' id='word_1_290' title='bbox 649 2299 665 2350; x_wconf 74' lang='grc' dir='ltr'><strong><em>ς</em></strong></span> <span class='ocrx_word' id='word_1_291' title='bbox 698 2281 782 2336; x_wconf 67' lang='grc' dir='ltr'><strong><em>καὶ</em></strong></span> <span class='ocrx_word' id='word_1_292' title='bbox 816 2280 957 2356; x_wconf 80' lang='grc' dir='ltr'>παρὰ</span> <span class='ocrx_word' id='word_1_293' title='bbox 985 2281 1046 2336; x_wconf 77' lang='grc' dir='ltr'>τὸ</span> <span class='ocrx_word' id='word_1_294' title='bbox 1080 2275 1436 2355; x_wconf 81' lang='grc' dir='ltr'>παράδειγμα,</span> <span class='ocrx_word' id='word_1_295' title='bbox 1473 2278 1560 2333; x_wconf 76' lang='grc' dir='ltr'><strong><em>καὶ</em></strong></span> <span class='ocrx_word' id='word_1_296' title='bbox 1588 2278 1686 2344; x_wconf 77' lang='grc' dir='ltr'>τὴν</span> <span class='ocrx_word' id='word_1_297' title='bbox 1717 2275 1849 2341; x_wconf 83' lang='grc' dir='ltr'>ὅλην</span> <span class='ocrx_word' id='word_1_298' title='bbox 1875 2273 2016 2332; x_wconf 81' lang='grc' dir='ltr'>ἱδέαν</span> 
     </span>
    </p>
   </div>
   <div class='ocr_carea' id='block_1_41' title="bbox 377 2364 2017 2448">
    <p class='ocr_par' dir='ltr' id='par_1_41' title="bbox 377 2364 2017 2448">
     <span class='ocr_line' id='line_1_41' title="bbox 377 2364 2017 2448; baseline -0.004 -22"><span class='ocrx_word' id='word_1_299' title='bbox 377 2381 703 2448; x_wconf 79' lang='grc' dir='ltr'>μετατυποτ,</span> <span class='ocrx_word' id='word_1_300' title='bbox 739 2370 830 2426; x_wconf 75' lang='grc' dir='ltr'>οὐκ</span> <span class='ocrx_word' id='word_1_301' title='bbox 862 2366 1197 2424; x_wconf 79' lang='grc' dir='ltr'>ἐναλλάττων</span> <span class='ocrx_word' id='word_1_302' title='bbox 1225 2367 1324 2433; x_wconf 80' lang='grc' dir='ltr'><strong><em>τὴν</em></strong></span> <span class='ocrx_word' id='word_1_303' title='bbox 1354 2364 1512 2445; x_wconf 70' lang='grc' dir='ltr'>ὕλην,</span> <span class='ocrx_word' id='word_1_304' title='bbox 1543 2364 1681 2424; x_wconf 79' lang='grc' dir='ltr'>ἀλλὰ</span> <span class='ocrx_word' id='word_1_305' title='bbox 1730 2367 1791 2421; x_wconf 77' lang='grc' dir='ltr'>τὸ</span> <span class='ocrx_word' id='word_1_306' title='bbox 1840 2367 2017 2444; x_wconf 69' lang='grc' dir='ltr'>ἡμαρ-</span> 
     </span>
    </p>
   </div>
   <div class='ocr_carea' id='block_1_42' title="bbox 379 2452 2018 2534">
    <p class='ocr_par' dir='ltr' id='par_1_42' title="bbox 379 2452 2018 2534">
     <span class='ocr_line' id='line_1_42' title="bbox 379 2452 2018 2534; baseline -0.002 -20"><span class='ocrx_word' id='word_1_307' title='bbox 379 2458 610 2534; x_wconf 82' lang='grc' dir='ltr'>τημένον</span> <span class='ocrx_word' id='word_1_308' title='bbox 635 2460 742 2514; x_wconf 85' lang='grc' dir='ltr'><strong><em>τῶν</em></strong></span> <span class='ocrx_word' id='word_1_309' title='bbox 772 2455 923 2513; x_wconf 78' lang='grc' dir='ltr'>εἰδῶν</span> <span class='ocrx_word' id='word_1_310' title='bbox 952 2454 1341 2534; x_wconf 82' lang='grc' dir='ltr'>διορθούμενος,</span> <span class='ocrx_word' id='word_1_311' title='bbox 1375 2452 1493 2512; x_wconf 70' lang='grc' dir='ltr'>οὐδὲ</span> <span class='ocrx_word' id='word_1_312' title='bbox 1540 2455 1872 2529; x_wconf 85' lang='grc' dir='ltr'>καινοτομῶν</span> <span class='ocrx_word' id='word_1_313' title='bbox 1895 2467 2018 2517; x_wconf 78' lang='grc' dir='ltr'>ταῖς</span> 
     </span>
    </p>
   </div>
   <div class='ocr_carea' id='block_1_43' title="bbox 378 2542 2020 2624">
    <p class='ocr_par' dir='ltr' id='par_1_43' title="bbox 378 2542 2020 2624">
     <span class='ocr_line' id='line_1_43' title="bbox 378 2542 2020 2624; baseline -0.002 -20"><span class='ocrx_word' id='word_1_314' title='bbox 378 2547 626 2619; x_wconf 82' lang='grc' dir='ltr'>ἐννοίαις,</span> <span class='ocrx_word' id='word_1_315' title='bbox 658 2544 796 2603; x_wconf 84' lang='grc' dir='ltr'>ἀλλὰ</span> <span class='ocrx_word' id='word_1_316' title='bbox 822 2547 889 2603; x_wconf 78' lang='grc' dir='ltr'>τὸ</span> <span class='ocrx_word' id='word_1_317' title='bbox 915 2548 1013 2614; x_wconf 72' lang='grc' dir='ltr'><strong><em>τῆς</em></strong></span> <span class='ocrx_word' id='word_1_318' title='bbox 1047 2543 1238 2610; x_wconf 74' lang='grc' dir='ltr'>λέξεως</span> <span class='ocrx_word' id='word_1_319' title='bbox 1266 2549 1462 2624; x_wconf 78' lang='grc' dir='ltr'>σχῆμα</span> <span class='ocrx_word' id='word_1_320' title='bbox 1498 2545 1820 2619; x_wconf 86' lang='grc' dir='ltr'>μετατιθείς.</span> <span class='ocrx_word' id='word_1_321' title='bbox 1855 2542 2020 2600; x_wconf 79' lang='grc' dir='ltr'>Ἀνω-</span> 
     </span>
    </p>
   </div>
   <div class='ocr_carea' id='block_1_44' title="bbox 378 2633 2019 2715">
    <p class='ocr_par' dir='ltr' id='par_1_44' title="bbox 378 2633 2019 2715">
     <span class='ocr_line' id='line_1_44' title="bbox 378 2633 2019 2715; baseline -0.002 -21"><span class='ocrx_word' id='word_1_322' title='bbox 378 2636 593 2714; x_wconf 87' lang='grc' dir='ltr'>μαλίαις</span> <span class='ocrx_word' id='word_1_323' title='bbox 623 2657 681 2693; x_wconf 78' lang='grc' dir='ltr'><strong><em>τε</em></strong></span> <span class='ocrx_word' id='word_1_324' title='bbox 711 2635 1044 2715; x_wconf 78' lang='grc' dir='ltr'>περιπίπτων</span> <span class='ocrx_word' id='word_1_325' title='bbox 1072 2633 1425 2712; x_wconf 85' lang='grc' dir='ltr'>διηγημάτων</span> <span class='ocrx_word' id='word_1_326' title='bbox 1455 2635 1483 2689; x_wconf 84' lang='grc' dir='ltr'><strong>ὃ</strong></span> <span class='ocrx_word' id='word_1_327' title='bbox 1514 2633 1670 2711; x_wconf 85' lang='grc' dir='ltr'>λόγος</span> <span class='ocrx_word' id='word_1_328' title='bbox 1719 2633 1885 2712; x_wconf 73' lang='grc' dir='ltr'>αὐτῷ,</span> <span class='ocrx_word' id='word_1_329' title='bbox 1931 2635 2019 2691; x_wconf 84' lang='grc' dir='ltr'><strong><em>καὶ</em></strong></span> 
     </span>
    </p>
   </div>
   <div class='ocr_carea' id='block_1_45' title="bbox 377 2721 2014 2805">
    <p class='ocr_par' dir='ltr' id='par_1_45' title="bbox 377 2721 2014 2805">
     <span class='ocr_line' id='line_1_45' title="bbox 377 2721 2014 2805; baseline -0.004 -21"><span class='ocrx_word' id='word_1_330' title='bbox 377 2724 749 2805; x_wconf 74' lang='grc' dir='ltr'>μεταλλαγαῐς</span> <span class='ocrx_word' id='word_1_331' title='bbox 777 2724 1176 2804; x_wconf 78' lang='grc' dir='ltr'>ὕποθέσεων,ού</span> <span class='ocrx_word' id='word_1_332' title='bbox 1200 2724 1503 2802; x_wconf 84' lang='grc' dir='ltr'>σύγκειται,</span> <span class='ocrx_word' id='word_1_333' title='bbox 1530 2721 1647 2782; x_wconf 69' lang='grc' dir='ltr'>οὐδὲ</span> <span class='ocrx_word' id='word_1_334' title='bbox 1676 2723 2014 2801; x_wconf 70' lang='grc' dir='ltr'>ταράττεταισ</span> 
     </span>
    </p>
   </div>
   <div class='ocr_carea' id='block_1_46' title="bbox 380 2810 2018 2892">
    <p class='ocr_par' dir='ltr' id='par_1_46' title="bbox 380 2810 2018 2892">
     <span class='ocr_line' id='line_1_46' title="bbox 380 2810 2018 2892; baseline -0.004 -18"><span class='ocrx_word' id='word_1_335' title='bbox 380 2814 502 2874; x_wconf 74' lang='grc' dir='ltr'>ἀλλ’</span> <span class='ocrx_word' id='word_1_336' title='bbox 531 2814 714 2891; x_wconf 78' lang='grc' dir='ltr'>ὥσπερ</span> <span class='ocrx_word' id='word_1_337' title='bbox 743 2812 959 2892; x_wconf 78' lang='grc' dir='ltr'>ἄριστος</span> <span class='ocrx_word' id='word_1_338' title='bbox 1008 2810 1332 2890; x_wconf 59' lang='grc' dir='ltr'>κυϐερνήτης</span> <span class='ocrx_word' id='word_1_339' title='bbox 1384 2811 1830 2889; x_wconf 81' lang='grc' dir='ltr'>περικλυζομένης</span> <span class='ocrx_word' id='word_1_340' title='bbox 1877 2814 2018 2886; x_wconf 75' lang='grc' dir='ltr'><strong><em>αὖτῷ</em></strong></span> 
     </span>
    </p>
   </div>
   <div class='ocr_carea' id='block_1_47' title="bbox 377 2896 2017 2980">
    <p class='ocr_par' dir='ltr' id='par_1_47' title="bbox 377 2896 2017 2980">
     <span class='ocr_line' id='line_1_47' title="bbox 377 2896 2017 2980; baseline 0.007 -34"><span class='ocrx_word' id='word_1_341' title='bbox 377 2909 475 2971; x_wconf 67' lang='grc' dir='ltr'><strong><em>τῆς</em></strong></span> <span class='ocrx_word' id='word_1_342' title='bbox 507 2904 638 2965; x_wconf 76' lang='grc' dir='ltr'>νεὼς</span> <span class='ocrx_word' id='word_1_343' title='bbox 668 2902 903 2980; x_wconf 81' lang='grc' dir='ltr'>ἀτρέμας</span> <span class='ocrx_word' id='word_1_344' title='bbox 934 2900 1168 2971; x_wconf 79' lang='grc' dir='ltr'>εἱστήκέι</span> <span class='ocrx_word' id='word_1_345' title='bbox 1193 2907 1271 2974; x_wconf 78' lang='grc' dir='ltr'>τῷ</span> <span class='ocrx_word' id='word_1_346' title='bbox 1300 2900 1448 2957; x_wconf 77' lang='grc' dir='ltr'>οἴακι</span> <span class='ocrx_word' id='word_1_347' title='bbox 1470 2896 1839 2979; x_wconf 77' lang='grc' dir='ltr'>τεχνικώτατα</span> <span class='ocrx_word' id='word_1_348' title='bbox 1863 2901 2017 2979; x_wconf 81' lang='grc' dir='ltr'>χρώ-</span> 
     </span>
    </p>
   </div>
   <div class='ocr_carea' id='block_1_48' title="bbox 2101 1916 3747 1997">
    <p class='ocr_par' dir='ltr' id='par_1_48' title="bbox 2101 1916 3747 1997">
     <span class='ocr_line' id='line_1_48' title="bbox 2101 1916 3747 1997; baseline -0.001 -18"><span class='ocrx_word' id='word_1_349' title='bbox 2101 1922 2422 1992; x_wconf 86' lang='lat' dir='ltr'><strong><em>casionem,</em></strong></span> <span class='ocrx_word' id='word_1_350' title='bbox 2455 1934 2601 1979; x_wconf 88' lang='lat' dir='ltr'><strong><em>usus</em></strong></span> <span class='ocrx_word' id='word_1_351' title='bbox 2636 1917 2734 1997; x_wconf 87' lang='lat' dir='ltr'><strong><em>iis,</em></strong></span> <span class='ocrx_word' id='word_1_352' title='bbox 2760 1935 2898 1997; x_wconf 75' lang='lat' dir='ltr'><strong><em>qua:</em></strong></span> <span class='ocrx_word' id='word_1_353' title='bbox 2916 1916 3179 1996; x_wconf 85' lang='lat' dir='ltr'><strong><em>postulat</em></strong></span> <span class='ocrx_word' id='word_1_354' title='bbox 3207 1916 3602 1993; x_wconf 86' lang='lat' dir='ltr'><strong><em>oratio,redit</em></strong></span> <span class='ocrx_word' id='word_1_355' title='bbox 3630 1924 3747 1978; x_wconf 88' lang='lat' dir='ltr'><strong><em>sla-</em></strong></span> 
     </span>
    </p>
   </div>
   <div class='ocr_carea' id='block_1_49' title="bbox 2101 2007 3746 2087">
    <p class='ocr_par' dir='ltr' id='par_1_49' title="bbox 2101 2007 3746 2087">
     <span class='ocr_line' id='line_1_49' title="bbox 2101 2007 3746 2087; baseline 0.001 -20"><span class='ocrx_word' id='word_1_356' title='bbox 2101 2008 2209 2068; x_wconf 90' lang='lat' dir='ltr'><strong><em>tim</em></strong></span> <span class='ocrx_word' id='word_1_357' title='bbox 2241 2007 2320 2068; x_wconf 90' lang='lat' dir='ltr'><strong><em>ad</em></strong></span> <span class='ocrx_word' id='word_1_358' title='bbox 2375 2024 2622 2085; x_wconf 85' lang='lat' dir='ltr'><strong><em>scopum</em></strong></span> <span class='ocrx_word' id='word_1_359' title='bbox 2678 2009 3082 2087; x_wconf 85' lang='lat' dir='ltr'><strong><em>propositum.</em></strong></span> <span class='ocrx_word' id='word_1_360' title='bbox 3143 2007 3295 2082; x_wconf 85' lang='lat' dir='ltr'><strong><em>Eius</em></strong></span> <span class='ocrx_word' id='word_1_361' title='bbox 3351 2007 3514 2068; x_wconf 91' lang='lat' dir='ltr'><strong><em>enim</em></strong></span> <span class='ocrx_word' id='word_1_362' title='bbox 3544 2008 3746 2068; x_wconf 86' lang='lat' dir='ltr'><strong><em>oratio</em></strong></span> 
     </span>
    </p>
   </div>
   <div class='ocr_carea' id='block_1_50' title="bbox 2099 2095 3746 2176">
    <p class='ocr_par' dir='ltr' id='par_1_50' title="bbox 2099 2095 3746 2176">
     <span class='ocr_line' id='line_1_50' title="bbox 2099 2095 3746 2176; baseline 0.002 -21"><span class='ocrx_word' id='word_1_363' title='bbox 2099 2112 2294 2176; x_wconf 90' lang='lat' dir='ltr'><strong><em>neque</em></strong></span> <span class='ocrx_word' id='word_1_364' title='bbox 2324 2095 2405 2158; x_wconf 91' lang='lat' dir='ltr'><strong><em>ad</em></strong></span> <span class='ocrx_word' id='word_1_365' title='bbox 2432 2097 2823 2176; x_wconf 86' lang='lat' dir='ltr'><strong><em>sophisticam</em></strong></span> <span class='ocrx_word' id='word_1_366' title='bbox 2853 2096 3129 2159; x_wconf 85' lang='lat' dir='ltr'><strong><em>intuetur</em></strong></span> <span class='ocrx_word' id='word_1_367' title='bbox 3158 2097 3528 2172; x_wconf 80' lang='lat' dir='ltr'><strong><em>iactantiam</em></strong></span> <span class='ocrx_word' id='word_1_368' title='bbox 3556 2111 3625 2156; x_wconf 89' lang='lat' dir='ltr'><strong><em>ac</em></strong></span> <span class='ocrx_word' id='word_1_369' title='bbox 3655 2098 3746 2173; x_wconf 27' lang='lat' dir='ltr'><strong><em>fa.</em></strong></span> 
     </span>
    </p>
   </div>
   <div class='ocr_carea' id='block_1_51' title="bbox 2100 2185 3742 2267">
    <p class='ocr_par' dir='ltr' id='par_1_51' title="bbox 2100 2185 3742 2267">
     <span class='ocr_line' id='line_1_51' title="bbox 2100 2185 3742 2267; baseline 0 -21"><span class='ocrx_word' id='word_1_370' title='bbox 2100 2202 2335 2248; x_wconf 85' lang='lat' dir='ltr'><strong><em>rensem</em></strong></span> <span class='ocrx_word' id='word_1_371' title='bbox 2366 2194 2755 2267; x_wconf 73' lang='lat' dir='ltr'><strong><em>apparatum,</em></strong></span> <span class='ocrx_word' id='word_1_372' title='bbox 2790 2203 2981 2266; x_wconf 89' lang='lat' dir='ltr'><strong><em>neque</em></strong></span> <span class='ocrx_word' id='word_1_373' title='bbox 3008 2186 3087 2247; x_wconf 89' lang='lat' dir='ltr'><strong><em>ad</em></strong></span> <span class='ocrx_word' id='word_1_374' title='bbox 3125 2185 3527 2265; x_wconf 87' lang='lat' dir='ltr'><strong><em>artiﬁciosam</em></strong></span> <span class='ocrx_word' id='word_1_375' title='bbox 3556 2193 3742 2248; x_wconf 88' lang='lat' dir='ltr'><strong><em>natu-</em></strong></span> 
     </span>
    </p>
   </div>
   <div class='ocr_carea' id='block_1_52' title="bbox 2100 2274 3745 2355">
    <p class='ocr_par' dir='ltr' id='par_1_52' title="bbox 2100 2274 3745 2355">
     <span class='ocr_line' id='line_1_52' title="bbox 2100 2274 3745 2355; baseline 0.002 -21"><span class='ocrx_word' id='word_1_376' title='bbox 2100 2274 2327 2337; x_wconf 86' lang='lat' dir='ltr'><strong><em>ralium</em></strong></span> <span class='ocrx_word' id='word_1_377' title='bbox 2357 2293 2564 2338; x_wconf 90' lang='lat' dir='ltr'><strong><em>rerum</em></strong></span> <span class='ocrx_word' id='word_1_378' title='bbox 2623 2277 3154 2354; x_wconf 73' lang='lat' dir='ltr'><strong><em>excogitationem,</em></strong></span> <span class='ocrx_word' id='word_1_379' title='bbox 3207 2291 3406 2355; x_wconf 87' lang='lat' dir='ltr'><strong><em>neque</em></strong></span> <span class='ocrx_word' id='word_1_380' title='bbox 3438 2275 3518 2336; x_wconf 89' lang='lat' dir='ltr'><strong><em>ad</em></strong></span> <span class='ocrx_word' id='word_1_381' title='bbox 3549 2275 3745 2337; x_wconf 86' lang='lat' dir='ltr'><strong><em>linea-</em></strong></span> 
     </span>
    </p>
   </div>
   <div class='ocr_carea' id='block_1_53' title="bbox 2098 2363 3741 2445">
    <p class='ocr_par' dir='ltr' id='par_1_53' title="bbox 2098 2363 3741 2445">
     <span class='ocr_line' id='line_1_53' title="bbox 2098 2363 3741 2445; baseline 0 -20"><span class='ocrx_word' id='word_1_382' title='bbox 2098 2381 2235 2426; x_wconf 90' lang='lat' dir='ltr'><strong><em>rum</em></strong></span> <span class='ocrx_word' id='word_1_383' title='bbox 2265 2363 2852 2445; x_wconf 83' lang='lat' dir='ltr'><strong><em>contemplationem,</em></strong></span> <span class='ocrx_word' id='word_1_384' title='bbox 2888 2371 3001 2426; x_wconf 90' lang='lat' dir='ltr'><strong><em>aut</em></strong></span> <span class='ocrx_word' id='word_1_385' title='bbox 3024 2364 3427 2427; x_wconf 82' lang='lat' dir='ltr'><strong><em>cmiosiorem</em></strong></span> <span class='ocrx_word' id='word_1_386' title='bbox 3457 2381 3741 2426; x_wconf 86' lang='lat' dir='ltr'><strong><em>numero-</em></strong></span> 
     </span>
    </p>
   </div>
   <div class='ocr_carea' id='block_1_54' title="bbox 2101 2452 3744 2534">
    <p class='ocr_par' dir='ltr' id='par_1_54' title="bbox 2101 2452 3744 2534">
     <span class='ocr_line' id='line_1_54' title="bbox 2101 2452 3744 2534; baseline 0 -19"><span class='ocrx_word' id='word_1_387' title='bbox 2101 2469 2241 2515; x_wconf 91' lang='lat' dir='ltr'><strong><em>rum</em></strong></span> <span class='ocrx_word' id='word_1_388' title='bbox 2269 2452 2763 2533; x_wconf 80' lang='lat' dir='ltr'><strong><em>intelligentiam.</em></strong></span> <span class='ocrx_word' id='word_1_389' title='bbox 2780 2453 2908 2517; x_wconf 88' lang='lat' dir='ltr'><strong><em>Sed</em></strong></span> <span class='ocrx_word' id='word_1_390' title='bbox 2934 2470 3128 2534; x_wconf 89' lang='lat' dir='ltr'><strong><em>neque</em></strong></span> <span class='ocrx_word' id='word_1_391' title='bbox 3153 2461 3241 2515; x_wconf 89' lang='lat' dir='ltr'><strong><em>est</em></strong></span> <span class='ocrx_word' id='word_1_392' title='bbox 3268 2454 3327 2514; x_wconf 90' lang='lat' dir='ltr'><strong><em>ei</em></strong></span> <span class='ocrx_word' id='word_1_393' title='bbox 3353 2453 3552 2516; x_wconf 87' lang='lat' dir='ltr'><strong><em>studio</em></strong></span> <span class='ocrx_word' id='word_1_394' title='bbox 3584 2452 3744 2515; x_wconf 86' lang='lat' dir='ltr'><strong><em>orbis</em></strong></span> 
     </span>
    </p>
   </div>
   <div class='ocr_carea' id='block_1_55' title="bbox 2101 2542 3742 2623">
    <p class='ocr_par' dir='ltr' id='par_1_55' title="bbox 2101 2542 3742 2623">
     <span class='ocr_line' id='line_1_55' title="bbox 2101 2542 3742 2623; baseline -0.001 -17"><span class='ocrx_word' id='word_1_395' title='bbox 2101 2551 2321 2616; x_wconf 87' lang='lat' dir='ltr'><strong><em>motus,</em></strong></span> <span class='ocrx_word' id='word_1_396' title='bbox 2370 2550 2477 2606; x_wconf 91' lang='lat' dir='ltr'><strong><em>aut</em></strong></span> <span class='ocrx_word' id='word_1_397' title='bbox 2555 2543 3065 2623; x_wconf 84' lang='lat' dir='ltr'><strong><em>quemadmodum</em></strong></span> <span class='ocrx_word' id='word_1_398' title='bbox 3134 2545 3422 2605; x_wconf 86' lang='lat' dir='ltr'><strong><em>inerrans</em></strong></span> <span class='ocrx_word' id='word_1_399' title='bbox 3480 2542 3742 2605; x_wconf 88' lang='lat' dir='ltr'><strong><em>mundus</em></strong></span> 
     </span>
    </p>
   </div>
   <div class='ocr_carea' id='block_1_56' title="bbox 2100 2630 3743 2713">
    <p class='ocr_par' dir='ltr' id='par_1_56' title="bbox 2100 2630 3743 2713">
     <span class='ocr_line' id='line_1_56' title="bbox 2100 2630 3743 2713; baseline 0.001 -22"><span class='ocrx_word' id='word_1_400' title='bbox 2100 2631 2381 2713; x_wconf 81' lang='lat' dir='ltr'><strong><em>procedat</em></strong></span> <span class='ocrx_word' id='word_1_401' title='bbox 2412 2634 2578 2694; x_wconf 86' lang='lat' dir='ltr'><strong><em>circa</em></strong></span> <span class='ocrx_word' id='word_1_402' title='bbox 2624 2630 2833 2695; x_wconf 84' lang='lat' dir='ltr'><strong><em>stellas</em></strong></span> <span class='ocrx_word' id='word_1_403' title='bbox 2875 2637 3149 2694; x_wconf 83' lang='lat' dir='ltr'><strong><em>errantes</em></strong></span> <span class='ocrx_word' id='word_1_404' title='bbox 3181 2649 3198 2694; x_wconf 92' lang='lat'><strong><em>:</em></strong></span> <span class='ocrx_word' id='word_1_405' title='bbox 3229 2630 3334 2694; x_wconf 92' lang='lat' dir='ltr'><strong><em>sed</em></strong></span> <span class='ocrx_word' id='word_1_406' title='bbox 3375 2647 3571 2711; x_wconf 86' lang='lat' dir='ltr'><strong><em>neque</em></strong></span> <span class='ocrx_word' id='word_1_407' title='bbox 3599 2642 3743 2693; x_wconf 84' lang='lat' dir='ltr'><strong><em>sunt</em></strong></span> 
     </span>
    </p>
   </div>
   <div class='ocr_carea' id='block_1_57' title="bbox 2101 2719 3747 2798">
    <p class='ocr_par' dir='ltr' id='par_1_57' title="bbox 2101 2719 3747 2798">
     <span class='ocr_line' id='line_1_57' title="bbox 2101 2719 3747 2798; baseline -0.001 -15"><span class='ocrx_word' id='word_1_408' title='bbox 2101 2726 2160 2783; x_wconf 85' lang='lat' dir='ltr'><strong><em>ei</em></strong></span> <span class='ocrx_word' id='word_1_409' title='bbox 2187 2737 2355 2783; x_wconf 73' lang='lat' dir='ltr'><strong><em>cura:</em></strong></span> <span class='ocrx_word' id='word_1_410' title='bbox 2383 2729 2780 2783; x_wconf 85' lang='lat' dir='ltr'><strong><em>consonantes</em></strong></span> <span class='ocrx_word' id='word_1_411' title='bbox 2824 2729 2931 2783; x_wconf 89' lang='lat' dir='ltr'><strong><em>aut</em></strong></span> <span class='ocrx_word' id='word_1_412' title='bbox 2973 2719 3381 2795; x_wconf 87' lang='lat' dir='ltr'><strong><em>semivocales,</em></strong></span> <span class='ocrx_word' id='word_1_413' title='bbox 3425 2737 3613 2798; x_wconf 86' lang='lat' dir='ltr'><strong><em>neque</em></strong></span> <span class='ocrx_word' id='word_1_414' title='bbox 3643 2722 3747 2797; x_wconf 91' lang='lat' dir='ltr'><strong><em>qui</em></strong></span> 
     </span>
    </p>
   </div>
   <div class='ocr_carea' id='block_1_58' title="bbox 2095 2809 3748 2891">
    <p class='ocr_par' dir='ltr' id='par_1_58' title="bbox 2095 2809 3748 2891">
     <span class='ocr_line' id='line_1_58' title="bbox 2095 2809 3748 2891; baseline -0.001 -19"><span class='ocrx_word' id='word_1_415' title='bbox 2095 2826 2209 2886; x_wconf 85' lang='lat' dir='ltr'><strong><em>per</em></strong></span> <span class='ocrx_word' id='word_1_416' title='bbox 2253 2826 2356 2872; x_wconf 87' lang='lat' dir='ltr'><strong><em>eas</em></strong></span> <span class='ocrx_word' id='word_1_417' title='bbox 2400 2811 2470 2891; x_wconf 83' lang='lat' dir='ltr'><strong><em>ﬁt</em></strong></span> <span class='ocrx_word' id='word_1_418' title='bbox 2519 2816 2860 2873; x_wconf 88' lang='lat' dir='ltr'><strong><em>concentus.</em></strong></span> <span class='ocrx_word' id='word_1_419' title='bbox 2919 2811 3247 2891; x_wconf 88' lang='lat' dir='ltr'><strong><em>Pr0pterea</em></strong></span> <span class='ocrx_word' id='word_1_420' title='bbox 3313 2809 3438 2871; x_wconf 72' lang='lat' dir='ltr'><strong><em>hac</em></strong></span> <span class='ocrx_word' id='word_1_421' title='bbox 3502 2810 3748 2889; x_wconf 81' lang='lat' dir='ltr'><strong><em>quidem</em></strong></span> 
     </span>
    </p>
   </div>
   <div class='ocr_carea' id='block_1_59' title="bbox 2103 2898 3747 2980">
    <p class='ocr_par' dir='ltr' id='par_1_59' title="bbox 2103 2898 3747 2980">
     <span class='ocr_line' id='line_1_59' title="bbox 2103 2898 3747 2980; baseline 0 -19"><span class='ocrx_word' id='word_1_422' title='bbox 2103 2898 2396 2961; x_wconf 88' lang='lat' dir='ltr'><strong><em>amandat</em></strong></span> <span class='ocrx_word' id='word_1_423' title='bbox 2441 2905 2737 2978; x_wconf 85' lang='lat' dir='ltr'><strong><em>tanquam</em></strong></span> <span class='ocrx_word' id='word_1_424' title='bbox 2780 2915 3274 2980; x_wconf 86' lang='lat' dir='ltr'><strong><em>supervacanea;</em></strong></span> <span class='ocrx_word' id='word_1_425' title='bbox 3311 2915 3747 2978; x_wconf 84' lang='lat' dir='ltr'><strong><em>nonnunquam</em></strong></span> 
     </span>
    </p>
   </div>
   <div class='ocr_carea' id='block_1_60' title="bbox 379 2986 2013 3069">
    <p class='ocr_par' dir='ltr' id='par_1_60' title="bbox 379 2989 2013 3069">
     <span class='ocr_line' id='line_1_60' title="bbox 379 2989 2013 3069; baseline -0.001 -22"><span class='ocrx_word' id='word_1_426' title='bbox 379 3013 566 3068; x_wconf 89' lang='grc' dir='ltr'>μενος.</span> <span class='ocrx_word' id='word_1_427' title='bbox 598 2991 771 3049; x_wconf 77' lang='grc' dir='ltr'>’Ἔστι</span> <span class='ocrx_word' id='word_1_428' title='bbox 805 2989 854 3046; x_wconf 80' lang='grc' dir='ltr'>δ’</span> <span class='ocrx_word' id='word_1_429' title='bbox 882 2990 944 3047; x_wconf 80' lang='grc' dir='ltr'>οὗ</span> <span class='ocrx_word' id='word_1_430' title='bbox 972 2996 1075 3047; x_wconf 84' lang='grc' dir='ltr'><strong><em>τῶν</em></strong></span> <span class='ocrx_word' id='word_1_431' title='bbox 1107 2989 1282 3067; x_wconf 84' lang='grc' dir='ltr'>λόγων</span> <span class='ocrx_word' id='word_1_432' title='bbox 1311 2990 1406 3046; x_wconf 83' lang='grc' dir='ltr'><strong>καί</strong></span> <span class='ocrx_word' id='word_1_433' title='bbox 1444 3004 1753 3069; x_wconf 72' lang='grc' dir='ltr'>γεωγραφεϊ</span> <span class='ocrx_word' id='word_1_434' title='bbox 1794 2991 1886 3055; x_wconf 79' lang='grc' dir='ltr'><strong><em>τὰς</em></strong></span> <span class='ocrx_word' id='word_1_435' title='bbox 1914 2996 2013 3046; x_wconf 86' lang='grc' dir='ltr'><strong><em>τῶν</em></strong></span> 
     </span>
    </p>
   </div>
   <div class='ocr_carea' id='block_1_61' title="bbox 2095 2986 3744 3069">
    <p class='ocr_par' dir='ltr' id='par_1_61' title="bbox 2104 2986 3744 3067">
     <span class='ocr_line' id='line_1_61' title="bbox 2104 2986 3744 3067; baseline -0.002 -15"><span class='ocrx_word' id='word_1_436' title='bbox 2104 2994 2303 3052; x_wconf 88' lang='lat' dir='ltr'><strong><em>tamen</em></strong></span> <span class='ocrx_word' id='word_1_437' title='bbox 2334 2988 2420 3050; x_wconf 87' lang='lat' dir='ltr'><strong><em>eis</em></strong></span> <span class='ocrx_word' id='word_1_438' title='bbox 2448 2992 2668 3063; x_wconf 86' lang='lat' dir='ltr'><strong><em>utitur,</em></strong></span> <span class='ocrx_word' id='word_1_439' title='bbox 2705 3006 2775 3052; x_wconf 85' lang='lat' dir='ltr'><strong><em>ac</em></strong></span> <span class='ocrx_word' id='word_1_440' title='bbox 2804 2990 2871 3051; x_wconf 91' lang='lat' dir='ltr'><strong><em>in</em></strong></span> <span class='ocrx_word' id='word_1_441' title='bbox 2924 2995 3211 3067; x_wconf 76' lang='lat' dir='ltr'><strong><em>tempore.</em></strong></span> <span class='ocrx_word' id='word_1_442' title='bbox 3253 2986 3512 3050; x_wconf 82' lang='lat' dir='ltr'><strong><em>Veritati</em></strong></span> <span class='ocrx_word' id='word_1_443' title='bbox 3541 2996 3744 3051; x_wconf 91' lang='lat' dir='ltr'><strong><em>autem</em></strong></span> 
     </span>
    </p>
   </div>
   <div class='ocr_carea' id='block_1_62' title="bbox 377 3076 2013 3159">
    <p class='ocr_par' dir='ltr' id='par_1_62' title="bbox 377 3076 2013 3155">
     <span class='ocr_line' id='line_1_62' title="bbox 377 3076 2013 3155; baseline -0.003 -16"><span class='ocrx_word' id='word_1_444' title='bbox 377 3078 777 3154; x_wconf 81' lang='grc' dir='ltr'>ἐπαινουμένων</span> <span class='ocrx_word' id='word_1_445' title='bbox 808 3076 1058 3154; x_wconf 86' lang='grc' dir='ltr'>πατρίδας</span> <span class='ocrx_word' id='word_1_446' title='bbox 1116 3078 1210 3146; x_wconf 74' lang='grc' dir='ltr'><strong><em>τῆς</em></strong></span> <span class='ocrx_word' id='word_1_447' title='bbox 1250 3078 1535 3155; x_wconf 71' lang='grc' dir='ltr'>συμπάσης</span> <span class='ocrx_word' id='word_1_448' title='bbox 1584 3077 2013 3154; x_wconf 84' lang='grc' dir='ltr'>ἀποτεμνόμενος</span> 
     </span>
    </p>
   </div>
   <div class='ocr_carea' id='block_1_63' title="bbox 2095 3076 3745 3159">
    <p class='ocr_par' dir='ltr' id='par_1_63' title="bbox 2101 3076 3745 3159">
     <span class='ocr_line' id='line_1_63' title="bbox 2101 3076 3745 3159; baseline 0.001 -21"><span class='ocrx_word' id='word_1_449' title='bbox 2101 3076 2399 3159; x_wconf 70' lang='lat' dir='ltr'><strong><em>adhaeret,</em></strong></span> <span class='ocrx_word' id='word_1_450' title='bbox 2430 3085 2487 3140; x_wconf 91' lang='lat' dir='ltr'><strong><em>et</em></strong></span> <span class='ocrx_word' id='word_1_451' title='bbox 2518 3095 2557 3140; x_wconf 92' lang='lat' dir='ltr'><strong><em>a</em></strong></span> <span class='ocrx_word' id='word_1_452' title='bbox 2587 3077 2740 3156; x_wconf 79' lang='lat' dir='ltr'><strong><em>[also</em></strong></span> <span class='ocrx_word' id='word_1_453' title='bbox 2770 3076 2985 3141; x_wconf 70' lang='lat' dir='ltr'><strong><em>aliena</em></strong></span> <span class='ocrx_word' id='word_1_454' title='bbox 3039 3079 3416 3140; x_wconf 82' lang='lat' dir='ltr'><strong><em>narrationi.</em></strong></span> <span class='ocrx_word' id='word_1_455' title='bbox 3453 3078 3745 3140; x_wconf 88' lang='lat' dir='ltr'><strong><em>Dictionis</em></strong></span> 
     </span>
    </p>
   </div>
   <div class='ocr_carea' id='block_1_64' title="bbox 376 3165 2013 3271">
    <p class='ocr_par' dir='ltr' id='par_1_64' title="bbox 376 3166 2013 3249">
     <span class='ocr_line' id='line_1_64' title="bbox 376 3166 2013 3249; baseline -0.001 -23"><span class='ocrx_word' id='word_1_456' title='bbox 376 3174 504 3249; x_wconf 77' lang='grc' dir='ltr'>γῆς,</span> <span class='ocrx_word' id='word_1_457' title='bbox 534 3170 624 3226; x_wconf 84' lang='grc' dir='ltr'>καὶ</span> <span class='ocrx_word' id='word_1_458' title='bbox 653 3168 864 3246; x_wconf 79' lang='grc' dir='ltr'>ἀνάγων</span> <span class='ocrx_word' id='word_1_459' title='bbox 886 3169 958 3231; x_wconf 81' lang='grc' dir='ltr'><strong><em>είς</em></strong></span> <span class='ocrx_word' id='word_1_460' title='bbox 985 3168 1039 3227; x_wconf 78' lang='grc' dir='ltr'>ἓν</span> <span class='ocrx_word' id='word_1_461' title='bbox 1059 3167 1165 3225; x_wconf 81' lang='grc' dir='ltr'><strong><em>τῶν</em></strong></span> <span class='ocrx_word' id='word_1_462' title='bbox 1195 3167 1516 3243; x_wconf 88' lang='grc' dir='ltr'>τμημάτων,</span> <span class='ocrx_word' id='word_1_463' title='bbox 1552 3167 1690 3225; x_wconf 76' lang='grc' dir='ltr'>Εἶτα</span> <span class='ocrx_word' id='word_1_464' title='bbox 1720 3166 1774 3223; x_wconf 80' lang='grc' dir='ltr'>δὲ</span> <span class='ocrx_word' id='word_1_465' title='bbox 1796 3169 1884 3224; x_wconf 81' lang='grc' dir='ltr'><strong><em>καὶ</em></strong></span> <span class='ocrx_word' id='word_1_466' title='bbox 1898 3169 2013 3244; x_wconf 83' lang='grc' dir='ltr'>περῖ</span> 
     </span>
    </p>
   </div>
   <div class='ocr_carea' id='block_1_65' title="bbox 2095 3165 3741 3271">
    <p class='ocr_par' dir='ltr' id='par_1_65' title="bbox 2101 3165 3741 3230">
     <span class='ocr_line' id='line_1_65' title="bbox 2101 3165 3741 3230; baseline 0 -2"><span class='ocrx_word' id='word_1_467' title='bbox 2101 3172 2304 3229; x_wconf 89' lang='lat' dir='ltr'><strong><em>autem</em></strong></span> <span class='ocrx_word' id='word_1_468' title='bbox 2331 3165 2559 3229; x_wconf 83' lang='lat' dir='ltr'><strong><em>sciebat</em></strong></span> <span class='ocrx_word' id='word_1_469' title='bbox 2580 3165 2804 3230; x_wconf 89' lang='lat' dir='ltr'><strong><em>multos</em></strong></span> <span class='ocrx_word' id='word_1_470' title='bbox 2831 3168 3044 3230; x_wconf 85' lang='lat' dir='ltr'><strong><em>modos</em></strong></span> <span class='ocrx_word' id='word_1_471' title='bbox 3069 3187 3088 3229; x_wconf 90' lang='lat'><em>:</em></span> <span class='ocrx_word' id='word_1_472' title='bbox 3117 3184 3265 3229; x_wconf 90' lang='lat' dir='ltr'><strong><em>usus</em></strong></span> <span class='ocrx_word' id='word_1_473' title='bbox 3313 3173 3397 3228; x_wconf 87' lang='lat' dir='ltr'><strong><em>est</em></strong></span> <span class='ocrx_word' id='word_1_474' title='bbox 3446 3174 3645 3230; x_wconf 87' lang='lat' dir='ltr'><strong><em>autem</em></strong></span> <span class='ocrx_word' id='word_1_475' title='bbox 3673 3184 3741 3229; x_wconf 92' lang='lat' dir='ltr'><strong><em>eo</em></strong></span> 
     </span>
    </p>
   </div>
   <div class='ocr_carea' id='block_1_66' title="bbox 376 3255 2013 3339">
    <p class='ocr_par' dir='ltr' id='par_1_66' title="bbox 376 3255 2013 3339">
     <span class='ocr_line' id='line_1_66' title="bbox 376 3255 2013 3339; baseline -0.003 -21"><span class='ocrx_word' id='word_1_476' title='bbox 376 3260 635 3335; x_wconf 81' lang='grc' dir='ltr'>ποταμῶν</span> <span class='ocrx_word' id='word_1_477' title='bbox 665 3280 714 3314; x_wconf 93' lang='grc' dir='ltr'><strong><em>τι</em></strong></span> <span class='ocrx_word' id='word_1_478' title='bbox 745 3258 1053 3339; x_wconf 75' lang='grc' dir='ltr'>φθέγγεται,</span> <span class='ocrx_word' id='word_1_479' title='bbox 1088 3256 1185 3315; x_wconf 75' lang='grc' dir='ltr'>καὶ</span> <span class='ocrx_word' id='word_1_480' title='bbox 1234 3255 1550 3336; x_wconf 76' lang='grc' dir='ltr'>φυσιολογεῖ</span> <span class='ocrx_word' id='word_1_481' title='bbox 1576 3258 1747 3314; x_wconf 74' lang='grc' dir='ltr'>αὐτῶν</span> <span class='ocrx_word' id='word_1_482' title='bbox 1789 3258 1884 3320; x_wconf 82' lang='grc' dir='ltr'><strong><em>τὰς</em></strong></span> <span class='ocrx_word' id='word_1_483' title='bbox 1913 3258 2013 3336; x_wconf 85' lang='grc' dir='ltr'>ἀρ-</span> 
     </span>
    </p>
   </div>
   <div class='ocr_carea' id='block_1_67' title="bbox 2095 3255 3744 3339">
    <p class='ocr_par' dir='ltr' id='par_1_67' title="bbox 2101 3255 3744 3335">
     <span class='ocr_line' id='line_1_67' title="bbox 2101 3255 3744 3335; baseline 0.001 -19"><span class='ocrx_word' id='word_1_484' title='bbox 2101 3256 2208 3335; x_wconf 89' lang='lat' dir='ltr'><strong><em>qui</em></strong></span> <span class='ocrx_word' id='word_1_485' title='bbox 2231 3255 2561 3334; x_wconf 73' lang='lat' dir='ltr'><strong><em>sufﬁciebat</em></strong></span> <span class='ocrx_word' id='word_1_486' title='bbox 2592 3256 2672 3318; x_wconf 84' lang='lat' dir='ltr'><strong><em>ad</em></strong></span> <span class='ocrx_word' id='word_1_487' title='bbox 2726 3255 3112 3319; x_wconf 87' lang='lat' dir='ltr'><strong><em>auditionem</em></strong></span> <span class='ocrx_word' id='word_1_488' title='bbox 3139 3257 3326 3318; x_wconf 85' lang='lat' dir='ltr'><strong><em>simul</em></strong></span> <span class='ocrx_word' id='word_1_489' title='bbox 3366 3264 3422 3316; x_wconf 89' lang='lat' dir='ltr'><strong><em>et</em></strong></span> <span class='ocrx_word' id='word_1_490' title='bbox 3451 3256 3744 3318; x_wconf 82' lang='lat' dir='ltr'><strong><em>bonorum</em></strong></span> 
     </span>
    </p>
   </div>
   <div class='ocr_carea' id='block_1_68' title="bbox 375 3343 2013 3430">
    <p class='ocr_par' dir='ltr' id='par_1_68' title="bbox 375 3344 2012 3430">
     <span class='ocr_line' id='line_1_68' title="bbox 375 3344 2012 3430; baseline -0.004 -22"><span class='ocrx_word' id='word_1_491' title='bbox 375 3351 505 3430; x_wconf 81' lang='grc' dir='ltr'>χὰς,</span> <span class='ocrx_word' id='word_1_492' title='bbox 539 3350 627 3407; x_wconf 87' lang='grc' dir='ltr'><strong><em>καὶ</em></strong></span> <span class='ocrx_word' id='word_1_493' title='bbox 656 3349 773 3427; x_wconf 86' lang='grc' dir='ltr'>περὶ</span> <span class='ocrx_word' id='word_1_494' title='bbox 803 3350 1069 3427; x_wconf 74' lang='grc' dir='ltr'>εὐκαιρίας</span> <span class='ocrx_word' id='word_1_495' title='bbox 1119 3344 1355 3419; x_wconf 87' lang='grc' dir='ltr'>πόλεων,</span> <span class='ocrx_word' id='word_1_496' title='bbox 1408 3345 1503 3401; x_wconf 79' lang='grc' dir='ltr'>καί</span> <span class='ocrx_word' id='word_1_497' title='bbox 1553 3346 1790 3424; x_wconf 84' lang='grc' dir='ltr'>κράσεως</span> <span class='ocrx_word' id='word_1_498' title='bbox 1823 3346 2012 3425; x_wconf 84' lang='grc' dir='ltr'>ἀέρων,</span> 
     </span>
    </p>
   </div>
   <div class='ocr_carea' id='block_1_69' title="bbox 2095 3343 3741 3430">
    <p class='ocr_par' dir='ltr' id='par_1_69' title="bbox 2100 3343 3741 3426">
     <span class='ocr_line' id='line_1_69' title="bbox 2100 3343 3741 3426; baseline -0.001 -18"><span class='ocrx_word' id='word_1_499' title='bbox 2100 3350 2157 3408; x_wconf 90' lang='lat' dir='ltr'><strong><em>et</em></strong></span> <span class='ocrx_word' id='word_1_500' title='bbox 2193 3343 2519 3419; x_wconf 68' lang='lat' dir='ltr'><strong><em>malorum,</em></strong></span> <span class='ocrx_word' id='word_1_501' title='bbox 2547 3352 2602 3409; x_wconf 90' lang='lat' dir='ltr'><strong><em>et</em></strong></span> <span class='ocrx_word' id='word_1_502' title='bbox 2650 3347 2932 3425; x_wconf 87' lang='lat' dir='ltr'><strong><em>utrisque</em></strong></span> <span class='ocrx_word' id='word_1_503' title='bbox 2969 3346 3252 3426; x_wconf 88' lang='lat' dir='ltr'><strong><em>partibus</em></strong></span> <span class='ocrx_word' id='word_1_504' title='bbox 3279 3343 3463 3407; x_wconf 85' lang='lat' dir='ltr'><strong><em>simul</em></strong></span> <span class='ocrx_word' id='word_1_505' title='bbox 3490 3346 3741 3423; x_wconf 82' lang='lat' dir='ltr'><strong><em>satisfa-</em></strong></span> 
     </span>
    </p>
   </div>
   <div class='ocr_carea' id='block_1_70' title="bbox 373 3433 2013 3517">
    <p class='ocr_par' dir='ltr' id='par_1_70' title="bbox 373 3435 2013 3517">
     <span class='ocr_line' id='line_1_70' title="bbox 373 3435 2013 3517; baseline -0.004 -19"><span class='ocrx_word' id='word_1_506' title='bbox 373 3441 464 3498; x_wconf 87' lang='grc' dir='ltr'><strong><em>καὶ</em></strong></span> <span class='ocrx_word' id='word_1_507' title='bbox 493 3441 645 3517; x_wconf 84' lang='grc' dir='ltr'>ὡρῶν</span> <span class='ocrx_word' id='word_1_508' title='bbox 675 3437 953 3517; x_wconf 79' lang='grc' dir='ltr'>ἁρμονίας,</span> <span class='ocrx_word' id='word_1_509' title='bbox 985 3438 1030 3494; x_wconf 82' lang='grc' dir='ltr'>εἰ</span> <span class='ocrx_word' id='word_1_510' title='bbox 1060 3438 1150 3493; x_wconf 86' lang='grc' dir='ltr'><strong><em>καὶ</em></strong></span> <span class='ocrx_word' id='word_1_511' title='bbox 1177 3438 1278 3505; x_wconf 77' lang='grc' dir='ltr'>τὴν</span> <span class='ocrx_word' id='word_1_512' title='bbox 1307 3435 1474 3517; x_wconf 68' lang='grc' dir='ltr'>ἀκοῇν</span> <span class='ocrx_word' id='word_1_513' title='bbox 1506 3437 1583 3511; x_wconf 83' lang='grc' dir='ltr'>τῷ</span> <span class='ocrx_word' id='word_1_514' title='bbox 1613 3436 1723 3492; x_wconf 78' lang='grc' dir='ltr'>ὄντι</span> <span class='ocrx_word' id='word_1_515' title='bbox 1767 3435 2013 3508; x_wconf 59' lang='lat' dir='ltr'><strong><em>Socii-nom</em></strong></span> 
     </span>
    </p>
   </div>
   <div class='ocr_carea' id='block_1_71' title="bbox 2095 3433 3745 3517">
    <p class='ocr_par' dir='ltr' id='par_1_71' title="bbox 2101 3433 3745 3514">
     <span class='ocr_line' id='line_1_71' title="bbox 2101 3433 3745 3514; baseline -0.001 -18"><span class='ocrx_word' id='word_1_516' title='bbox 2101 3435 2267 3496; x_wconf 88' lang='lat' dir='ltr'><strong><em>ciens</em></strong></span> <span class='ocrx_word' id='word_1_517' title='bbox 2306 3456 2319 3492; x_wconf 90' lang='lat'><strong>:</strong></span> <span class='ocrx_word' id='word_1_518' title='bbox 2348 3451 2493 3497; x_wconf 90' lang='lat' dir='ltr'><strong><em>nam</em></strong></span> <span class='ocrx_word' id='word_1_519' title='bbox 2527 3435 2810 3496; x_wconf 85' lang='lat' dir='ltr'><strong><em>dictionis</em></strong></span> <span class='ocrx_word' id='word_1_520' title='bbox 2838 3438 3082 3514; x_wconf 88' lang='lat' dir='ltr'><strong><em>quidem</em></strong></span> <span class='ocrx_word' id='word_1_521' title='bbox 3106 3450 3364 3497; x_wconf 90' lang='lat' dir='ltr'><strong><em>numero</em></strong></span> <span class='ocrx_word' id='word_1_522' title='bbox 3392 3441 3452 3498; x_wconf 88' lang='lat' dir='ltr'><strong><em>et</em></strong></span> <span class='ocrx_word' id='word_1_523' title='bbox 3477 3433 3745 3514; x_wconf 83' lang='lat' dir='ltr'><strong><em>pulchri-</em></strong></span> 
     </span>
    </p>
   </div>
   <div class='ocr_carea' id='block_1_72' title="bbox 373 3512 2013 3608">
    <p class='ocr_par' dir='ltr' id='par_1_72' title="bbox 373 3512 2013 3608">
     <span class='ocr_line' id='line_1_72' title="bbox 373 3512 2013 3608; baseline -0.004 -20"><span class='ocrx_word' id='word_1_524' title='bbox 373 3537 468 3588; x_wconf 80' lang='grc' dir='ltr'><strong><em>τοῦ</em></strong></span> <span class='ocrx_word' id='word_1_525' title='bbox 495 3535 602 3587; x_wconf 89' lang='grc' dir='ltr'><strong><em>τῶν</em></strong></span> <span class='ocrx_word' id='word_1_526' title='bbox 632 3527 940 3608; x_wconf 82' lang='grc' dir='ltr'>λεγομένων</span> <span class='ocrx_word' id='word_1_527' title='bbox 968 3529 1064 3585; x_wconf 72' lang='grc' dir='ltr'>οὸκ</span> <span class='ocrx_word' id='word_1_528' title='bbox 1091 3529 1396 3590; x_wconf 72' lang='grc' dir='ltr'>ἒπαΐουσιν.</span> <span class='ocrx_word' id='word_1_529' title='bbox 1419 3512 1675 3583; x_wconf 54' lang='grc' dir='ltr'>Ἃπτεται</span> <span class='ocrx_word' id='word_1_530' title='bbox 1707 3524 1763 3581; x_wconf 77' lang='grc' dir='ltr'>δὲ</span> <span class='ocrx_word' id='word_1_531' title='bbox 1791 3527 1879 3582; x_wconf 77' lang='grc' dir='ltr'>καὶ</span> <span class='ocrx_word' id='word_1_532' title='bbox 1910 3547 2013 3581; x_wconf 85' lang='grc' dir='ltr'>πο-</span> 
     </span>
    </p>
   </div>
   <div class='ocr_carea' id='block_1_73' title="bbox 2095 3512 3741 3608">
    <p class='ocr_par' dir='ltr' id='par_1_73' title="bbox 2101 3512 3741 3603">
     <span class='ocr_line' id='line_1_73' title="bbox 2101 3512 3741 3603; baseline 0.001 -18"><span class='ocrx_word' id='word_1_533' title='bbox 2101 3524 2315 3585; x_wconf 86' lang='lat' dir='ltr'><strong><em>tudine</em></strong></span> <span class='ocrx_word' id='word_1_534' title='bbox 2334 3524 2637 3587; x_wconf 84' lang='lat' dir='ltr'><strong><em>eruditum</em></strong></span> <span class='ocrx_word' id='word_1_535' title='bbox 2663 3525 2752 3586; x_wconf 87' lang='lat' dir='ltr'><strong><em>sic</em></strong></span> <span class='ocrx_word' id='word_1_536' title='bbox 2781 3512 3049 3586; x_wconf 65' lang='lat' dir='ltr'><strong><em>attraxit</em></strong></span> <span class='ocrx_word' id='word_1_537' title='bbox 3093 3512 3546 3603; x_wconf 21' lang='lat' dir='ltr'><strong><em>auditorem,‘et</em></strong></span> <span class='ocrx_word' id='word_1_538' title='bbox 3585 3525 3741 3586; x_wconf 89' lang='lat' dir='ltr'><strong><em>satis</em></strong></span> 
     </span>
    </p>
   </div>
   <div class='ocr_carea' id='block_1_74' title="bbox 373 3611 2013 3694">
    <p class='ocr_par' dir='ltr' id='par_1_74' title="bbox 373 3613 2013 3694">
     <span class='ocr_line' id='line_1_74' title="bbox 373 3613 2013 3694; baseline -0.004 -18"><span class='ocrx_word' id='word_1_539' title='bbox 373 3616 591 3680; x_wconf 85' lang='grc' dir='ltr'>λυειδῶς</span> <span class='ocrx_word' id='word_1_540' title='bbox 623 3623 730 3674; x_wconf 88' lang='grc' dir='ltr'><strong><em>τῶν</em></strong></span> <span class='ocrx_word' id='word_1_541' title='bbox 759 3624 851 3676; x_wconf 80' lang='grc' dir='ltr'>τοῦ</span> <span class='ocrx_word' id='word_1_542' title='bbox 880 3615 1044 3694; x_wconf 88' lang='grc' dir='ltr'>λόγου</span> <span class='ocrx_word' id='word_1_543' title='bbox 1075 3621 1252 3693; x_wconf 83' lang='grc' dir='ltr'>μερῶν</span> <span class='ocrx_word' id='word_1_544' title='bbox 1278 3632 1292 3645; x_wconf 90' lang='grc'><strong>·</strong></span> <span class='ocrx_word' id='word_1_545' title='bbox 1343 3615 1411 3672; x_wconf 79' lang='grc' dir='ltr'><strong><em>τὰ</em></strong></span> <span class='ocrx_word' id='word_1_546' title='bbox 1460 3614 1560 3688; x_wconf 75' lang='grc' dir='ltr'>μὲν</span> <span class='ocrx_word' id='word_1_547' title='bbox 1589 3613 2013 3691; x_wconf 79' lang='grc' dir='ltr'>ἀγωνικώτερον,</span> 
     </span>
    </p>
   </div>
   <div class='ocr_carea' id='block_1_75' title="bbox 2095 3611 3737 3694">
    <p class='ocr_par' dir='ltr' id='par_1_75' title="bbox 2098 3611 3737 3693">
     <span class='ocr_line' id='line_1_75' title="bbox 2098 3611 3737 3693; baseline 0.001 -20"><span class='ocrx_word' id='word_1_548' title='bbox 2098 3611 2315 3674; x_wconf 88' lang='lat' dir='ltr'><strong><em>delinit</em></strong></span> <span class='ocrx_word' id='word_1_549' title='bbox 2342 3614 2690 3693; x_wconf 87' lang='lat' dir='ltr'><strong><em>gratiarum</em></strong></span> <span class='ocrx_word' id='word_1_550' title='bbox 2731 3612 3028 3676; x_wconf 87' lang='lat' dir='ltr'><strong><em>illecebris</em></strong></span> <span class='ocrx_word' id='word_1_551' title='bbox 3055 3632 3067 3673; x_wconf 95' lang='lat'>:</span> <span class='ocrx_word' id='word_1_552' title='bbox 3099 3631 3166 3675; x_wconf 94' lang='lat' dir='ltr'><strong><em>eo</em></strong></span> <span class='ocrx_word' id='word_1_553' title='bbox 3199 3619 3421 3688; x_wconf 81' lang='lat' dir='ltr'><strong><em>autem,</em></strong></span> <span class='ocrx_word' id='word_1_554' title='bbox 3453 3612 3608 3691; x_wconf 90' lang='lat' dir='ltr'><strong><em>quod</em></strong></span> <span class='ocrx_word' id='word_1_555' title='bbox 3637 3630 3737 3676; x_wconf 87' lang='lat' dir='ltr'><strong><em>es-</em></strong></span> 
     </span>
    </p>
   </div>
   <div class='ocr_carea' id='block_1_76' title="bbox 373 3702 2013 3785">
    <p class='ocr_par' dir='ltr' id='par_1_76' title="bbox 373 3703 2013 3785">
     <span class='ocr_line' id='line_1_76' title="bbox 373 3703 2013 3785; baseline -0.005 -19"><span class='ocrx_word' id='word_1_556' title='bbox 373 3708 441 3766; x_wconf 78' lang='grc' dir='ltr'><strong><em>τὰ</em></strong></span> <span class='ocrx_word' id='word_1_557' title='bbox 461 3704 515 3763; x_wconf 76' lang='grc' dir='ltr'>δὲ</span> <span class='ocrx_word' id='word_1_558' title='bbox 547 3706 858 3785; x_wconf 81' lang='grc' dir='ltr'>πραότερον.</span> <span class='ocrx_word' id='word_1_559' title='bbox 896 3708 1005 3773; x_wconf 77' lang='grc' dir='ltr'><strong><em>Τῆς</em></strong></span> <span class='ocrx_word' id='word_1_560' title='bbox 1034 3704 1090 3762; x_wconf 79' lang='grc' dir='ltr'>δὲ</span> <span class='ocrx_word' id='word_1_561' title='bbox 1119 3711 1226 3762; x_wconf 88' lang='grc' dir='ltr'><strong><em>τῶν</em></strong></span> <span class='ocrx_word' id='word_1_562' title='bbox 1258 3703 1562 3781; x_wconf 77' lang='grc' dir='ltr'>διηγήσεων</span> <span class='ocrx_word' id='word_1_563' title='bbox 1594 3706 1818 3782; x_wconf 80' lang='grc' dir='ltr'>χάριτος</span> <span class='ocrx_word' id='word_1_564' title='bbox 1850 3704 1929 3767; x_wconf 89' lang='grc' dir='ltr'><strong><em>τίς</em></strong></span> <span class='ocrx_word' id='word_1_565' title='bbox 1953 3705 2013 3759; x_wconf 85' lang='grc' dir='ltr'><strong><em>ἃν</em></strong></span> 
     </span>
    </p>
   </div>
   <div class='ocr_carea' id='block_1_77' title="bbox 2095 3702 3743 3785">
    <p class='ocr_par' dir='ltr' id='par_1_77' title="bbox 2097 3702 3743 3783">
     <span class='ocr_line' id='line_1_77' title="bbox 2097 3702 3743 3783; baseline 0.001 -21"><span class='ocrx_word' id='word_1_566' title='bbox 2097 3708 2185 3764; x_wconf 85' lang='lat' dir='ltr'><strong><em>set</em></strong></span> <span class='ocrx_word' id='word_1_567' title='bbox 2207 3704 2379 3766; x_wconf 87' lang='lat' dir='ltr'><strong><em>clara</em></strong></span> <span class='ocrx_word' id='word_1_568' title='bbox 2401 3710 2459 3764; x_wconf 90' lang='lat' dir='ltr'><strong><em>et</em></strong></span> <span class='ocrx_word' id='word_1_569' title='bbox 2492 3702 2794 3766; x_wconf 80' lang='lat' dir='ltr'><strong><em>luculenta</em></strong></span> <span class='ocrx_word' id='word_1_570' title='bbox 2827 3703 3044 3778; x_wconf 89' lang='lat' dir='ltr'><strong><em>oratio,</em></strong></span> <span class='ocrx_word' id='word_1_571' title='bbox 3076 3702 3293 3783; x_wconf 66' lang='lat' dir='ltr'><strong><em>eﬂ’ecit,</em></strong></span> <span class='ocrx_word' id='word_1_572' title='bbox 3327 3708 3395 3765; x_wconf 89' lang='lat' dir='ltr'><strong><em>ut</em></strong></span> <span class='ocrx_word' id='word_1_573' title='bbox 3421 3718 3601 3764; x_wconf 88' lang='lat' dir='ltr'><strong><em>aures</em></strong></span> <span class='ocrx_word' id='word_1_574' title='bbox 3630 3702 3743 3764; x_wconf 87' lang='lat' dir='ltr'><strong><em>im-</em></strong></span> 
     </span>
    </p>
   </div>
   <div class='ocr_carea' id='block_1_78' title="bbox 373 3790 2013 3876">
    <p class='ocr_par' dir='ltr' id='par_1_78' title="bbox 373 3790 2013 3876">
     <span class='ocr_line' id='line_1_78' title="bbox 373 3790 2013 3876; baseline -0.003 -21"><span class='ocrx_word' id='word_1_575' title='bbox 373 3799 517 3873; x_wconf 77' lang='grc' dir='ltr'><strong><em>αὗτῷ</em></strong></span> <span class='ocrx_word' id='word_1_576' title='bbox 539 3802 646 3855; x_wconf 86' lang='grc' dir='ltr'><strong><em>τῶν</em></strong></span> <span class='ocrx_word' id='word_1_577' title='bbox 675 3796 890 3854; x_wconf 84' lang='grc' dir='ltr'>πάντων</span> <span class='ocrx_word' id='word_1_578' title='bbox 920 3793 1350 3876; x_wconf 72' lang='grc' dir='ltr'>ἀμφισϐητήσειε</span> <span class='ocrx_word' id='word_1_579' title='bbox 1375 3813 1391 3872; x_wconf 85' lang='grc'><strong>;</strong></span> <span class='ocrx_word' id='word_1_580' title='bbox 1418 3798 1514 3860; x_wconf 78' lang='grc' dir='ltr'><strong><em>τῆς</em></strong></span> <span class='ocrx_word' id='word_1_581' title='bbox 1543 3790 1598 3849; x_wconf 79' lang='grc' dir='ltr'>δὲ</span> <span class='ocrx_word' id='word_1_582' title='bbox 1621 3794 2013 3867; x_wconf 81' lang='grc' dir='ltr'>συνθήκης,τῆς</span> 
     </span>
    </p>
   </div>
   <div class='ocr_carea' id='block_1_79' title="bbox 2095 3790 3741 3876">
    <p class='ocr_par' dir='ltr' id='par_1_79' title="bbox 2095 3791 3741 3872">
     <span class='ocr_line' id='line_1_79' title="bbox 2095 3791 3741 3872; baseline 0.001 -21"><span class='ocrx_word' id='word_1_583' title='bbox 2095 3792 2434 3870; x_wconf 87' lang='lat' dir='ltr'><strong><em>peritorum</em></strong></span> <span class='ocrx_word' id='word_1_584' title='bbox 2462 3791 2539 3854; x_wconf 90' lang='lat' dir='ltr'><strong><em>ab</em></strong></span> <span class='ocrx_word' id='word_1_585' title='bbox 2568 3792 2696 3872; x_wconf 84' lang='lat' dir='ltr'><strong><em>ejus</em></strong></span> <span class='ocrx_word' id='word_1_586' title='bbox 2726 3808 2867 3855; x_wconf 84' lang='lat' dir='ltr'><strong><em>voce</em></strong></span> <span class='ocrx_word' id='word_1_587' title='bbox 2891 3792 3244 3871; x_wconf 85' lang='lat' dir='ltr'><strong><em>penderent.</em></strong></span> <span class='ocrx_word' id='word_1_588' title='bbox 3284 3791 3504 3853; x_wconf 83' lang='lat' dir='ltr'><strong><em>Ambos</em></strong></span> <span class='ocrx_word' id='word_1_589' title='bbox 3537 3797 3741 3854; x_wconf 89' lang='lat' dir='ltr'><strong><em>autem</em></strong></span> 
     </span>
    </p>
   </div>
   <div class='ocr_carea' id='block_1_80' title="bbox 372 3877 2013 3964">
    <p class='ocr_par' dir='ltr' id='par_1_80' title="bbox 372 3877 2013 3964">
     <span class='ocr_line' id='line_1_80' title="bbox 372 3877 2013 3964; baseline -0.002 -22"><span class='ocrx_word' id='word_1_590' title='bbox 372 3884 429 3943; x_wconf 78' lang='grc' dir='ltr'>δὲ</span> <span class='ocrx_word' id='word_1_591' title='bbox 458 3892 563 3944; x_wconf 87' lang='grc' dir='ltr'><strong><em>τῶν</em></strong></span> <span class='ocrx_word' id='word_1_592' title='bbox 593 3886 800 3964; x_wconf 82' lang='grc' dir='ltr'>ῥυθμῶν</span> <span class='ocrx_word' id='word_1_593' title='bbox 831 3884 1202 3954; x_wconf 88' lang='grc' dir='ltr'>ἀναπαύσεως,</span> <span class='ocrx_word' id='word_1_594' title='bbox 1234 3880 1329 3949; x_wconf 72' lang='grc' dir='ltr'>τῆς</span> <span class='ocrx_word' id='word_1_595' title='bbox 1359 3880 1414 3937; x_wconf 77' lang='grc' dir='ltr'>δὲ</span> <span class='ocrx_word' id='word_1_596' title='bbox 1444 3883 1574 3960; x_wconf 79' lang='grc' dir='ltr'>πρὸς</span> <span class='ocrx_word' id='word_1_597' title='bbox 1604 3877 1777 3937; x_wconf 78' lang='grc' dir='ltr'>πάντα</span> <span class='ocrx_word' id='word_1_598' title='bbox 1808 3881 2013 3939; x_wconf 82' lang='grc' dir='ltr'>καταλ-</span> 
     </span>
    </p>
   </div>
   <div class='ocr_carea' id='block_1_81' title="bbox 2095 3877 3739 3964">
    <p class='ocr_par' dir='ltr' id='par_1_81' title="bbox 2098 3879 3739 3963">
     <span class='ocr_line' id='line_1_81' title="bbox 2098 3879 3739 3963; baseline -0.001 -21"><span class='ocrx_word' id='word_1_599' title='bbox 2098 3880 2347 3944; x_wconf 75' lang='grc' dir='ltr'>ἱητιιιωὶι</span> <span class='ocrx_word' id='word_1_600' title='bbox 2379 3881 2650 3943; x_wconf 87' lang='lat' dir='ltr'><strong><em>breviter</em></strong></span> <span class='ocrx_word' id='word_1_601' title='bbox 2698 3889 2751 3944; x_wconf 89' lang='lat' dir='ltr'><strong><em>et</em></strong></span> <span class='ocrx_word' id='word_1_602' title='bbox 2789 3880 3219 3963; x_wconf 84' lang='lat' dir='ltr'><strong><em>probabiliter.</em></strong></span> <span class='ocrx_word' id='word_1_603' title='bbox 3266 3879 3397 3958; x_wconf 79' lang='lat' dir='ltr'><strong><em>Ego</em></strong></span> <span class='ocrx_word' id='word_1_604' title='bbox 3429 3886 3632 3943; x_wconf 85' lang='lat' dir='ltr'><strong><em>autem</em></strong></span> <span class='ocrx_word' id='word_1_605' title='bbox 3661 3896 3739 3940; x_wconf 90' lang='lat' dir='ltr'><strong><em>ne</em></strong></span> 
     </span>
    </p>
   </div>
   <div class='ocr_carea' id='block_1_82' title="bbox 370 3969 2012 4052">
    <p class='ocr_par' dir='ltr' id='par_1_82' title="bbox 370 3969 2012 4052">
     <span class='ocr_line' id='line_1_82' title="bbox 370 3969 2012 4052; baseline -0.004 -19"><span class='ocrx_word' id='word_1_606' title='bbox 370 3974 541 4047; x_wconf 75' lang='grc' dir='ltr'>λήλου</span> <span class='ocrx_word' id='word_1_607' title='bbox 568 3973 943 4052; x_wconf 77' lang='grc' dir='ltr'>εὖαρμοστίας.</span> <span class='ocrx_word' id='word_1_608' title='bbox 977 3970 1242 4043; x_wconf 76' lang='grc' dir='ltr'>Βούλομαι</span> <span class='ocrx_word' id='word_1_609' title='bbox 1276 3969 1375 4042; x_wconf 78' lang='grc' dir='ltr'>μὲν</span> <span class='ocrx_word' id='word_1_610' title='bbox 1406 3969 1497 4028; x_wconf 76' lang='grc' dir='ltr'>οὖν</span> <span class='ocrx_word' id='word_1_611' title='bbox 1523 3970 1603 4026; x_wconf 65' lang='grc' dir='ltr'><strong><em>ὅτι</em></strong></span> <span class='ocrx_word' id='word_1_612' title='bbox 1627 3971 1705 4045; x_wconf 77' lang='grc' dir='ltr'>μὴ</span> <span class='ocrx_word' id='word_1_613' title='bbox 1732 3970 2012 4047; x_wconf 82' lang='grc' dir='ltr'>στωμύλος</span> 
     </span>
    </p>
   </div>
   <div class='ocr_carea' id='block_1_83' title="bbox 371 4057 2011 4141">
    <p class='ocr_par' dir='ltr' id='par_1_83' title="bbox 371 4057 2011 4141">
     <span class='ocr_line' id='line_1_83' title="bbox 371 4057 2011 4141; baseline -0.001 -22"><span class='ocrx_word' id='word_1_614' title='bbox 371 4062 503 4141; x_wconf 68' lang='grc' dir='ltr'>ὓπερ</span> <span class='ocrx_word' id='word_1_615' title='bbox 529 4062 733 4121; x_wconf 64' lang='grc' dir='ltr'>ἑκείνου</span> <span class='ocrx_word' id='word_1_616' title='bbox 762 4058 1187 4138; x_wconf 85' lang='grc' dir='ltr'>διαγωνίσεσθαι.</span> <span class='ocrx_word' id='word_1_617' title='bbox 1226 4060 1460 4137; x_wconf 80' lang='grc' dir='ltr'>Εὑρίσκω</span> <span class='ocrx_word' id='word_1_618' title='bbox 1487 4058 1542 4115; x_wconf 79' lang='grc' dir='ltr'>δὲ</span> <span class='ocrx_word' id='word_1_619' title='bbox 1557 4063 1674 4123; x_wconf 79' lang='grc' dir='ltr'>τοὺς</span> <span class='ocrx_word' id='word_1_620' title='bbox 1698 4057 1887 4138; x_wconf 85' lang='grc' dir='ltr'>λόγους</span> <span class='ocrx_word' id='word_1_621' title='bbox 1914 4064 2011 4119; x_wconf 73' lang='grc' dir='ltr'><strong><em>αὒ-</em></strong></span> 
     </span>
    </p>
   </div>
   <div class='ocr_carea' id='block_1_84' title="bbox 374 4146 2012 4228">
    <p class='ocr_par' dir='ltr' id='par_1_84' title="bbox 374 4146 2012 4228">
     <span class='ocr_line' id='line_1_84' title="bbox 374 4146 2012 4228; baseline -0.002 -19"><span class='ocrx_word' id='word_1_622' title='bbox 374 4154 451 4226; x_wconf 81' lang='grc' dir='ltr'>τῷ</span> <span class='ocrx_word' id='word_1_623' title='bbox 475 4148 612 4227; x_wconf 70' lang='grc' dir='ltr'>μηδὲ</span> <span class='ocrx_word' id='word_1_624' title='bbox 644 4149 840 4217; x_wconf 87' lang='grc' dir='ltr'>ταύτης</span> <span class='ocrx_word' id='word_1_625' title='bbox 865 4149 1090 4228; x_wconf 66' lang='grc' dir='ltr'>χάριτος</span> <span class='ocrx_word' id='word_1_626' title='bbox 1118 4146 1468 4218; x_wconf 79' lang='grc' dir='ltr'>ἀποδέοντας,</span> <span class='ocrx_word' id='word_1_627' title='bbox 1497 4147 1616 4206; x_wconf 78' lang='grc' dir='ltr'>ἀλλ’</span> <span class='ocrx_word' id='word_1_628' title='bbox 1638 4147 1771 4206; x_wconf 76' lang='grc' dir='ltr'>ὅπου</span> <span class='ocrx_word' id='word_1_629' title='bbox 1797 4150 1896 4224; x_wconf 80' lang='grc' dir='ltr'>μὲν</span> <span class='ocrx_word' id='word_1_630' title='bbox 1929 4151 2012 4207; x_wconf 74' lang='grc' dir='ltr'><strong><em>καὶ</em></strong></span> 
     </span>
    </p>
   </div>
   <div class='ocr_carea' id='block_1_85' title="bbox 372 4236 2011 4319">
    <p class='ocr_par' dir='ltr' id='par_1_85' title="bbox 372 4236 2011 4319">
     <span class='ocr_line' id='line_1_85' title="bbox 372 4236 2011 4319; baseline -0.002 -20"><span class='ocrx_word' id='word_1_631' title='bbox 372 4243 434 4299; x_wconf 72' lang='grc' dir='ltr'><strong><em>τὸ</em></strong></span> <span class='ocrx_word' id='word_1_632' title='bbox 463 4241 709 4319; x_wconf 76' lang='grc' dir='ltr'>περιττὸν</span> <span class='ocrx_word' id='word_1_633' title='bbox 739 4236 993 4319; x_wconf 75' lang='grc' dir='ltr'>ἔχοντας,</span> <span class='ocrx_word' id='word_1_634' title='bbox 1025 4237 1080 4296; x_wconf 79' lang='grc' dir='ltr'>ἒν</span> <span class='ocrx_word' id='word_1_635' title='bbox 1128 4236 1182 4294; x_wconf 85' lang='grc' dir='ltr'>δέ</span> <span class='ocrx_word' id='word_1_636' title='bbox 1233 4259 1293 4316; x_wconf 86' lang='grc' dir='ltr'><strong><em>γε</em></strong></span> <span class='ocrx_word' id='word_1_637' title='bbox 1324 4250 1441 4304; x_wconf 77' lang='grc' dir='ltr'>τοῖς</span> <span class='ocrx_word' id='word_1_638' title='bbox 1473 4236 1677 4295; x_wconf 86' lang='grc' dir='ltr'>πλείοσι</span> <span class='ocrx_word' id='word_1_639' title='bbox 1723 4239 1781 4296; x_wconf 73' lang='grc' dir='ltr'>τὸ</span> <span class='ocrx_word' id='word_1_640' title='bbox 1817 4242 2011 4314; x_wconf 83' lang='grc' dir='ltr'>σεμνὸν</span> 
     </span>
    </p>
   </div>
   <div class='ocr_carea' id='block_1_86' title="bbox 373 4324 2013 4404">
    <p class='ocr_par' dir='ltr' id='par_1_86' title="bbox 373 4324 2013 4404">
     <span class='ocr_line' id='line_1_86' title="bbox 373 4324 2013 4404; baseline -0.001 -17"><span class='ocrx_word' id='word_1_641' title='bbox 373 4332 462 4389; x_wconf 76' lang='grc' dir='ltr'><strong><em>καὶ</em></strong></span> <span class='ocrx_word' id='word_1_642' title='bbox 487 4335 547 4390; x_wconf 80' lang='grc' dir='ltr'>τὸ</span> <span class='ocrx_word' id='word_1_643' title='bbox 576 4329 825 4404; x_wconf 88' lang='grc' dir='ltr'>κόσμιον,</span> <span class='ocrx_word' id='word_1_644' title='bbox 862 4328 963 4384; x_wconf 87' lang='grc' dir='ltr'><strong><em>Δύο</em></strong></span> <span class='ocrx_word' id='word_1_645' title='bbox 994 4326 1049 4384; x_wconf 80' lang='grc' dir='ltr'>δὲ</span> <span class='ocrx_word' id='word_1_646' title='bbox 1078 4328 1274 4391; x_wconf 83' lang='grc' dir='ltr'>ταύτας</span> <span class='ocrx_word' id='word_1_647' title='bbox 1298 4324 1448 4391; x_wconf 77' lang='grc' dir='ltr'>ὁδοὺς</span> <span class='ocrx_word' id='word_1_648' title='bbox 1472 4327 1611 4400; x_wconf 72' lang='grc' dir='ltr'>αύτῷ</span> <span class='ocrx_word' id='word_1_649' title='bbox 1632 4328 1847 4404; x_wconf 78' lang='grc' dir='ltr'>θέμενος</span> <span class='ocrx_word' id='word_1_650' title='bbox 1877 4350 2013 4404; x_wconf 87' lang='grc' dir='ltr'>μαρ-</span> 
     </span>
    </p>
   </div>
   <div class='ocr_carea' id='block_1_87' title="bbox 371 4417 2040 4499">
    <p class='ocr_par' dir='ltr' id='par_1_87' title="bbox 371 4417 2040 4499">
     <span class='ocr_line' id='line_1_87' title="bbox 371 4417 2040 4499; baseline -0.003 -20"><span class='ocrx_word' id='word_1_651' title='bbox 371 4420 588 4499; x_wconf 72' lang='grc' dir='ltr'>τυρικὴν</span> <span class='ocrx_word' id='word_1_652' title='bbox 619 4418 884 4492; x_wconf 77' lang='grc' dir='ltr'>ἔνστασιν,</span> <span class='ocrx_word' id='word_1_653' title='bbox 912 4418 1001 4475; x_wconf 81' lang='grc' dir='ltr'>καὶ</span> <span class='ocrx_word' id='word_1_654' title='bbox 1030 4417 1339 4485; x_wconf 78' lang='grc' dir='ltr'>ἀσκητικήν</span> <span class='ocrx_word' id='word_1_655' title='bbox 1364 4419 1662 4498; x_wconf 85' lang='grc' dir='ltr'>καρτερίαν,</span> <span class='ocrx_word' id='word_1_656' title='bbox 1696 4418 1879 4498; x_wconf 78' lang='grc' dir='ltr'>τρέχει</span> <span class='ocrx_word' id='word_1_657' title='bbox 1910 4420 2040 4498; x_wconf 41' lang='grc' dir='ltr'>μὲν.</span> 
     </span>
    </p>
   </div>
   <div class='ocr_carea' id='block_1_88' title="bbox 371 4504 2010 4588">
    <p class='ocr_par' dir='ltr' id='par_1_88' title="bbox 371 4504 2010 4588">
     <span class='ocr_line' id='line_1_88' title="bbox 371 4504 2010 4588; baseline -0.002 -19"><span class='ocrx_word' id='word_1_658' title='bbox 371 4509 458 4569; x_wconf 71' lang='grc' dir='ltr'><strong><em>ἐπ’</em></strong></span> <span class='ocrx_word' id='word_1_659' title='bbox 489 4509 691 4588; x_wconf 76' lang='grc' dir='ltr'>ἀμφοῖν</span> <span class='ocrx_word' id='word_1_660' title='bbox 720 4519 840 4565; x_wconf 76' lang='grc' dir='ltr'>τοῖν</span> <span class='ocrx_word' id='word_1_661' title='bbox 869 4504 1190 4580; x_wconf 73' lang='grc' dir='ltr'>σταδίοιν,οί›</span> <span class='ocrx_word' id='word_1_662' title='bbox 1219 4505 1397 4565; x_wconf 80' lang='grc' dir='ltr'>ποδῶν</span> <span class='ocrx_word' id='word_1_663' title='bbox 1416 4508 1674 4587; x_wconf 86' lang='grc' dir='ltr'>ὠκύτητι,</span> <span class='ocrx_word' id='word_1_664' title='bbox 1702 4505 1839 4564; x_wconf 81' lang='grc' dir='ltr'>ἀλλὰ</span> <span class='ocrx_word' id='word_1_665' title='bbox 1873 4509 2010 4581; x_wconf 80' lang='grc' dir='ltr'>μετὰ</span> 
     </span>
    </p>
   </div>
   <div class='ocr_carea' id='block_1_89' title="bbox 371 4589 2075 4676">
    <p class='ocr_par' dir='ltr' id='par_1_89' title="bbox 371 4589 2075 4676">
     <span class='ocr_line' id='line_1_89' title="bbox 371 4589 2075 4676; baseline -0.002 -19"><span class='ocrx_word' id='word_1_666' title='bbox 371 4599 645 4676; x_wconf 86' lang='grc' dir='ltr'>λογισμῶν</span> <span class='ocrx_word' id='word_1_667' title='bbox 674 4596 944 4665; x_wconf 78' lang='grc' dir='ltr'>ὀξύτητος.</span> <span class='ocrx_word' id='word_1_668' title='bbox 974 4594 1220 4653; x_wconf 80' lang='grc' dir='ltr'>Μάλιστα</span> <span class='ocrx_word' id='word_1_669' title='bbox 1246 4595 1302 4652; x_wconf 76' lang='grc' dir='ltr'>δὲ</span> <span class='ocrx_word' id='word_1_670' title='bbox 1332 4597 1423 4653; x_wconf 79' lang='grc' dir='ltr'>τὸν</span> <span class='ocrx_word' id='word_1_671' title='bbox 1451 4596 1747 4663; x_wconf 80' lang='grc' dir='ltr'>ἀσκητικὸν</span> <span class='ocrx_word' id='word_1_672' title='bbox 1791 4595 2010 4655; x_wconf 81' lang='grc' dir='ltr'>διαθέων</span> <span class='ocrx_word' id='word_1_673' title='bbox 2034 4589 2075 4640; x_wconf 77' lang='grc' dir='ltr'>ο</span> 
     </span>
    </p>
   </div>
   <div class='ocr_carea' id='block_1_90' title="bbox 372 4686 2006 4765">
    <p class='ocr_par' dir='ltr' id='par_1_90' title="bbox 372 4686 2006 4765">
     <span class='ocr_line' id='line_1_90' title="bbox 372 4686 2006 4765; baseline -0.002 -19"><span class='ocrx_word' id='word_1_674' title='bbox 372 4687 580 4746; x_wconf 85' lang='grc' dir='ltr'>δίαυλον</span> <span class='ocrx_word' id='word_1_675' title='bbox 610 4687 962 4764; x_wconf 74' lang='grc' dir='ltr'>εὖτονώτερος</span> <span class='ocrx_word' id='word_1_676' title='bbox 998 4688 1187 4744; x_wconf 69' lang='grc' dir='ltr'>ἑαυτοῦ</span> <span class='ocrx_word' id='word_1_677' title='bbox 1214 4686 1304 4743; x_wconf 84' lang='grc' dir='ltr'><strong><em>καὶ</em></strong></span> <span class='ocrx_word' id='word_1_678' title='bbox 1335 4686 1829 4765; x_wconf 81' lang='grc' dir='ltr'>ἀγωνοστικώτερος</span> <span class='ocrx_word' id='word_1_679' title='bbox 1860 4688 2006 4764; x_wconf 78' lang='grc' dir='ltr'>γίνε-</span> 
     </span>
    </p>
   </div>
   <div class='ocr_carea' id='block_1_91' title="bbox 370 4776 2007 4856">
    <p class='ocr_par' dir='ltr' id='par_1_91' title="bbox 370 4776 2007 4856">
     <span class='ocr_line' id='line_1_91' title="bbox 370 4776 2007 4856; baseline -0.005 -17"><span class='ocrx_word' id='word_1_680' title='bbox 370 4801 481 4839; x_wconf 85' lang='grc' dir='ltr'>ται.</span> <span class='ocrx_word' id='word_1_681' title='bbox 517 4777 721 4834; x_wconf 85' lang='grc' dir='ltr'>Πιαίνει</span> <span class='ocrx_word' id='word_1_682' title='bbox 750 4783 875 4856; x_wconf 79' lang='grc' dir='ltr'>γοῦν</span> <span class='ocrx_word' id='word_1_683' title='bbox 908 4794 1000 4852; x_wconf 84' lang='grc' dir='ltr'><strong><em>μοι</em></strong></span> <span class='ocrx_word' id='word_1_684' title='bbox 1031 4778 1131 4844; x_wconf 67' lang='grc' dir='ltr'>τὴν</span> <span class='ocrx_word' id='word_1_685' title='bbox 1161 4776 1331 4844; x_wconf 80' lang='grc' dir='ltr'>ἀκοὴν</span> <span class='ocrx_word' id='word_1_686' title='bbox 1365 4778 1597 4844; x_wconf 77' lang='grc' dir='ltr'>ὁπηνίκα</span> <span class='ocrx_word' id='word_1_687' title='bbox 1620 4779 1647 4833; x_wconf 82' lang='grc' dir='ltr'>ὁ</span> <span class='ocrx_word' id='word_1_688' title='bbox 1675 4776 1835 4856; x_wconf 78' lang='grc' dir='ltr'>Λόγος</span> <span class='ocrx_word' id='word_1_689' title='bbox 1866 4777 2007 4851; x_wconf 76' lang='grc' dir='ltr'><strong><em>αύτῷ</em></strong></span> 
     </span>
    </p>
   </div>
   <div class='ocr_carea' id='block_1_92' title="bbox 369 4864 2006 4946">
    <p class='ocr_par' dir='ltr' id='par_1_92' title="bbox 369 4864 2006 4946">
     <span class='ocr_line' id='line_1_92' title="bbox 612 4865 1971 4889; baseline -0.001 -4"><span class='ocrx_word' id='word_1_690' title='bbox 612 4866 629 4885; x_wconf 80' lang='lat'><strong><em>\</em></strong></span> <span class='ocrx_word' id='word_1_691' title='bbox 700 4866 722 4887; x_wconf 71' lang='grc' dir='ltr'><strong><em>ν</em></strong></span> <span class='ocrx_word' id='word_1_692' title='bbox 847 4865 872 4888; x_wconf 72' lang='grc' dir='ltr'><em>η</em></span> <span class='ocrx_word' id='word_1_693' title='bbox 1440 4867 1453 4884; x_wconf 70' lang='grc' dir='ltr'><strong><em>ο</em></strong></span> <span class='ocrx_word' id='word_1_694' title='bbox 1524 4866 1535 4889; x_wconf 77' lang='grc'><strong><em>1</em></strong></span> <span class='ocrx_word' id='word_1_695' title='bbox 1701 4869 1711 4884; x_wconf 70' lang='grc' dir='ltr'><em>ο</em></span> <span class='ocrx_word' id='word_1_696' title='bbox 1851 4866 1865 4889; x_wconf 78' lang='lat'><em>\</em></span> <span class='ocrx_word' id='word_1_697' title='bbox 1954 4873 1971 4883; x_wconf 62' lang='grc' dir='ltr'><strong>υ</strong></span> 
     </span>
     <span class='ocr_line' id='line_1_93' title="bbox 369 4864 2006 4946; baseline -0.002 -20"><span class='ocrx_word' id='word_1_698' title='bbox 369 4866 539 4925; x_wconf 66' lang='grc' dir='ltr'>ἄνεισι</span> <span class='ocrx_word' id='word_1_699' title='bbox 568 4889 668 4943; x_wconf 88' lang='grc' dir='ltr'><strong><em>μεν</em></strong></span> <span class='ocrx_word' id='word_1_700' title='bbox 691 4888 812 4946; x_wconf 90' lang='grc' dir='ltr'>ορη,</span> <span class='ocrx_word' id='word_1_701' title='bbox 846 4888 1023 4924; x_wconf 85' lang='grc' dir='ltr'>υπεισι</span> <span class='ocrx_word' id='word_1_702' title='bbox 1054 4867 1109 4923; x_wconf 75' lang='grc' dir='ltr'>δὲ</span> <span class='ocrx_word' id='word_1_703' title='bbox 1140 4865 1403 4936; x_wconf 76' lang='grc' dir='ltr'>σπήλαια·</span> <span class='ocrx_word' id='word_1_704' title='bbox 1437 4887 1536 4922; x_wconf 90' lang='grc' dir='ltr'><strong><em>υπο</em></strong></span> <span class='ocrx_word' id='word_1_705' title='bbox 1565 4887 1624 4921; x_wconf 89' lang='grc' dir='ltr'><strong><em>τε</em></strong></span> <span class='ocrx_word' id='word_1_706' title='bbox 1655 4868 1867 4945; x_wconf 75' lang='grc' dir='ltr'>πιτυν,ἠ</span> <span class='ocrx_word' id='word_1_707' title='bbox 1887 4864 2006 4942; x_wconf 88' lang='grc' dir='ltr'>δρυν</span> 
     </span>
    </p>
   </div>
   <div class='ocr_carea' id='block_1_93' title="bbox 368 4952 2005 5037">
    <p class='ocr_par' dir='ltr' id='par_1_93' title="bbox 368 4952 2005 5037">
     <span class='ocr_line' id='line_1_94' title="bbox 368 4952 2005 5037; baseline -0.004 -21"><span class='ocrx_word' id='word_1_708' title='bbox 368 4980 488 5016; x_wconf 89' lang='grc' dir='ltr'>τινα</span> <span class='ocrx_word' id='word_1_709' title='bbox 517 4957 714 5028; x_wconf 86' lang='grc' dir='ltr'>καθίζει</span> <span class='ocrx_word' id='word_1_710' title='bbox 744 4956 835 5013; x_wconf 78' lang='grc' dir='ltr'><strong><em>τὸν</em></strong></span> <span class='ocrx_word' id='word_1_711' title='bbox 866 4954 1135 5037; x_wconf 76' lang='grc' dir='ltr'>ἂσκητὴν,</span> <span class='ocrx_word' id='word_1_712' title='bbox 1168 4957 1253 5012; x_wconf 78' lang='grc' dir='ltr'><strong><em>καὶ</em></strong></span> <span class='ocrx_word' id='word_1_713' title='bbox 1301 4952 1575 5033; x_wconf 81' lang='grc' dir='ltr'>σχεδιάζει</span> <span class='ocrx_word' id='word_1_714' title='bbox 1623 4957 1765 5029; x_wconf 70' lang='grc' dir='ltr'><strong><em>αὖτῷ</em></strong></span> <span class='ocrx_word' id='word_1_715' title='bbox 1807 4955 2005 5035; x_wconf 71' lang='grc' dir='ltr'>τροφήν</span> 
     </span>
    </p>
   </div>
   <div class='ocr_carea' id='block_1_94' title="bbox 367 5044 2005 5123">
    <p class='ocr_par' dir='ltr' id='par_1_94' title="bbox 367 5044 2005 5123">
     <span class='ocr_line' id='line_1_95' title="bbox 367 5044 2005 5123; baseline -0.001 -20"><span class='ocrx_word' id='word_1_716' title='bbox 367 5047 468 5116; x_wconf 72' lang='grc' dir='ltr'><strong><em>τὴν</em></strong></span> <span class='ocrx_word' id='word_1_717' title='bbox 497 5045 558 5103; x_wconf 79' lang='grc' dir='ltr'>ἑκ</span> <span class='ocrx_word' id='word_1_718' title='bbox 600 5046 862 5123; x_wconf 87' lang='grc' dir='ltr'>βοτανῶν,</span> <span class='ocrx_word' id='word_1_719' title='bbox 913 5047 1000 5103; x_wconf 75' lang='grc' dir='ltr'>καὶ</span> <span class='ocrx_word' id='word_1_720' title='bbox 1046 5047 1194 5120; x_wconf 72' lang='grc' dir='ltr'>πόμα</span> <span class='ocrx_word' id='word_1_721' title='bbox 1255 5045 1313 5100; x_wconf 72' lang='grc' dir='ltr'><strong><em>τὸ</em></strong></span> <span class='ocrx_word' id='word_1_722' title='bbox 1344 5044 1407 5101; x_wconf 77' lang='grc' dir='ltr'>ὲκ</span> <span class='ocrx_word' id='word_1_723' title='bbox 1436 5050 1652 5121; x_wconf 85' lang='grc' dir='ltr'>πηγῶν.</span> <span class='ocrx_word' id='word_1_724' title='bbox 1687 5045 2005 5122; x_wconf 79' lang='grc' dir='ltr'>Περιανθίζει</span> 
     </span>
    </p>
   </div>
   <div class='ocr_carea' id='block_1_95' title="bbox 366 5132 2004 5217">
    <p class='ocr_par' dir='ltr' id='par_1_95' title="bbox 366 5132 2004 5217">
     <span class='ocr_line' id='line_1_96' title="bbox 366 5132 2004 5217; baseline -0.002 -23"><span class='ocrx_word' id='word_1_725' title='bbox 366 5138 470 5217; x_wconf 79' lang='grc' dir='ltr'>γὰρ</span> <span class='ocrx_word' id='word_1_726' title='bbox 495 5138 590 5200; x_wconf 76' lang='grc' dir='ltr'>τὰς</span> <span class='ocrx_word' id='word_1_727' title='bbox 621 5136 866 5200; x_wconf 83' lang='grc' dir='ltr'>τοιαύτας</span> <span class='ocrx_word' id='word_1_728' title='bbox 897 5132 1174 5212; x_wconf 82' lang='grc' dir='ltr'>διηγήσεις</span> <span class='ocrx_word' id='word_1_729' title='bbox 1205 5132 1374 5199; x_wconf 78' lang='grc' dir='ltr'>λέξεσί</span> <span class='ocrx_word' id='word_1_730' title='bbox 1398 5156 1502 5191; x_wconf 90' lang='grc' dir='ltr'>τισι</span> <span class='ocrx_word' id='word_1_731' title='bbox 1533 5135 1595 5190; x_wconf 82' lang='grc' dir='ltr'>τὸ</span> <span class='ocrx_word' id='word_1_732' title='bbox 1623 5132 1784 5191; x_wconf 71' lang='grc' dir='ltr'>καλὸδ</span> <span class='ocrx_word' id='word_1_733' title='bbox 1814 5134 2004 5191; x_wconf 80' lang='grc' dir='ltr'>ἀνθού-</span> 
     </span>
    </p>
   </div>
   <div class='ocr_carea' id='block_1_96' title="bbox 367 5221 2003 5302">
    <p class='ocr_par' dir='ltr' id='par_1_96' title="bbox 367 5221 2003 5302">
     <span class='ocr_line' id='line_1_97' title="bbox 367 5221 2003 5302; baseline -0.002 -17"><span class='ocrx_word' id='word_1_734' title='bbox 367 5249 511 5298; x_wconf 86' lang='grc' dir='ltr'>σαις,</span> <span class='ocrx_word' id='word_1_735' title='bbox 546 5227 634 5282; x_wconf 88' lang='grc' dir='ltr'><strong><em>καὶ</em></strong></span> <span class='ocrx_word' id='word_1_736' title='bbox 662 5223 967 5302; x_wconf 74' lang='grc' dir='ltr'>σχημάτων</span> <span class='ocrx_word' id='word_1_737' title='bbox 996 5222 1267 5281; x_wconf 78' lang='grc' dir='ltr'>ποικίλλει</span> <span class='ocrx_word' id='word_1_738' title='bbox 1296 5221 1607 5301; x_wconf 82' lang='grc' dir='ltr'>ῥοδωνιαῐς,</span> <span class='ocrx_word' id='word_1_739' title='bbox 1642 5225 1729 5280; x_wconf 83' lang='grc' dir='ltr'><strong><em>καὶ</em></strong></span> <span class='ocrx_word' id='word_1_740' title='bbox 1759 5226 1831 5287; x_wconf 83' lang='grc' dir='ltr'>ὡς</span> <span class='ocrx_word' id='word_1_741' title='bbox 1864 5226 1922 5302; x_wconf 84' lang='grc' dir='ltr'>ὁρ</span> <span class='ocrx_word' id='word_1_742' title='bbox 1938 5230 2003 5281; x_wconf 69' lang='grc' dir='ltr'><strong><em>ἑ)-</em></strong></span> 
     </span>
    </p>
   </div>
   <div class='ocr_carea' id='block_1_97' title="bbox 367 5312 2007 5393">
    <p class='ocr_par' dir='ltr' id='par_1_97' title="bbox 367 5312 2007 5393">
     <span class='ocr_line' id='line_1_98' title="bbox 367 5312 2007 5393; baseline -0.003 -20"><span class='ocrx_word' id='word_1_743' title='bbox 367 5337 506 5393; x_wconf 84' lang='grc' dir='ltr'>μενα</span> <span class='ocrx_word' id='word_1_744' title='bbox 533 5313 759 5371; x_wconf 79' lang='grc' dir='ltr'>δείκνυσι</span> <span class='ocrx_word' id='word_1_745' title='bbox 787 5314 853 5373; x_wconf 77' lang='grc' dir='ltr'>τὰ</span> <span class='ocrx_word' id='word_1_746' title='bbox 876 5314 995 5369; x_wconf 81' lang='grc' dir='ltr'>τότε</span> <span class='ocrx_word' id='word_1_747' title='bbox 1028 5319 1209 5385; x_wconf 75' lang='grc' dir='ltr'>καιροῦ</span> <span class='ocrx_word' id='word_1_748' title='bbox 1234 5312 1594 5391; x_wconf 87' lang='grc' dir='ltr'>πραττόμενα.</span> <span class='ocrx_word' id='word_1_749' title='bbox 1626 5312 1782 5379; x_wconf 86' lang='grc' dir='ltr'><strong><em>Ζηλῶ</em></strong></span> <span class='ocrx_word' id='word_1_750' title='bbox 1800 5313 1896 5388; x_wconf 78' lang='grc' dir='ltr'>μὲν</span> <span class='ocrx_word' id='word_1_751' title='bbox 1918 5312 2007 5369; x_wconf 73' lang='grc' dir='ltr'>οὖν</span> 
     </span>
    </p>
   </div>
   <div class='ocr_carea' id='block_1_98' title="bbox 364 5400 2003 5482">
    <p class='ocr_par' dir='ltr' id='par_1_98' title="bbox 364 5400 2003 5482">
     <span class='ocr_line' id='line_1_99' title="bbox 364 5400 2003 5482; baseline -0.004 -17"><span class='ocrx_word' id='word_1_752' title='bbox 364 5407 478 5482; x_wconf 66' lang='grc' dir='ltr'><strong><em>ἐγὼ</em></strong></span> <span class='ocrx_word' id='word_1_753' title='bbox 504 5406 599 5462; x_wconf 78' lang='grc' dir='ltr'><strong><em>τὸν</em></strong></span> <span class='ocrx_word' id='word_1_754' title='bbox 628 5400 787 5481; x_wconf 71' lang='grc' dir='ltr'>ἄνδρα</span> <span class='ocrx_word' id='word_1_755' title='bbox 817 5406 911 5459; x_wconf 80' lang='grc' dir='ltr'><strong><em>καί</em></strong></span> <span class='ocrx_word' id='word_1_756' title='bbox 940 5406 1041 5469; x_wconf 80' lang='grc' dir='ltr'><strong><em>τῆς</em></strong></span> <span class='ocrx_word' id='word_1_757' title='bbox 1071 5402 1321 5469; x_wconf 79' lang='grc' dir='ltr'>τοιαύτης</span> <span class='ocrx_word' id='word_1_758' title='bbox 1354 5402 1631 5475; x_wconf 77' lang='grc' dir='ltr'>εὐστομίας</span> <span class='ocrx_word' id='word_1_759' title='bbox 1652 5404 1738 5457; x_wconf 82' lang='grc' dir='ltr'><strong><em>καὶ</em></strong></span> <span class='ocrx_word' id='word_1_760' title='bbox 1758 5403 2003 5480; x_wconf 86' lang='grc' dir='ltr'>χάριτος,</span> 
     </span>
    </p>
   </div>
   <div class='ocr_carea' id='block_1_99' title="bbox 365 5490 2008 5572">
    <p class='ocr_par' dir='ltr' id='par_1_99' title="bbox 365 5490 2008 5572">
     <span class='ocr_line' id='line_1_100' title="bbox 365 5490 2008 5572; baseline -0.005 -20"><span class='ocrx_word' id='word_1_761' title='bbox 365 5494 514 5552; x_wconf 76' lang='grc' dir='ltr'>οὒδέν</span> <span class='ocrx_word' id='word_1_762' title='bbox 544 5515 601 5550; x_wconf 86' lang='grc' dir='ltr'><strong><em>τε</em></strong></span> <span class='ocrx_word' id='word_1_763' title='bbox 625 5494 786 5561; x_wconf 74' lang='grc' dir='ltr'>ἦττον</span> <span class='ocrx_word' id='word_1_764' title='bbox 807 5493 906 5560; x_wconf 76' lang='grc' dir='ltr'><strong><em>τῆς</em></strong></span> <span class='ocrx_word' id='word_1_765' title='bbox 932 5491 1260 5572; x_wconf 76' lang='grc' dir='ltr'>εὐχρηστίας</span> <span class='ocrx_word' id='word_1_766' title='bbox 1281 5497 1388 5547; x_wconf 89' lang='grc' dir='ltr'><strong><em>τῶν</em></strong></span> <span class='ocrx_word' id='word_1_767' title='bbox 1412 5492 1732 5552; x_wconf 80' lang='grc' dir='ltr'>ὑποθέσεων,</span> <span class='ocrx_word' id='word_1_768' title='bbox 1744 5490 1828 5552; x_wconf 85' lang='grc' dir='ltr'>Ει</span> <span class='ocrx_word' id='word_1_769' title='bbox 1847 5499 1913 5555; x_wconf 76' lang='lat' dir='ltr'><strong><em>ut</em></strong></span> <span class='ocrx_word' id='word_1_770' title='bbox 1935 5491 2008 5553; x_wconf 75' lang='lat' dir='ltr'><strong><em>de</em></strong></span> 
     </span>
    </p>
   </div>
   <div class='ocr_carea' id='block_1_100' title="bbox 358 5577 2007 5662">
    <p class='ocr_par' dir='ltr' id='par_1_100' title="bbox 358 5577 2007 5662">
     <span class='ocr_line' id='line_1_101' title="bbox 358 5577 2007 5662; baseline -0.002 -16"><span class='ocrx_word' id='word_1_771' title='bbox 358 5582 478 5646; x_wconf 88' lang='lat' dir='ltr'><strong><em>hac</em></strong></span> <span class='ocrx_word' id='word_1_772' title='bbox 494 5586 679 5662; x_wconf 90' lang='lat' dir='ltr'><strong><em>parte</em></strong></span> <span class='ocrx_word' id='word_1_773' title='bbox 698 5581 921 5655; x_wconf 86' lang='lat' dir='ltr'><strong><em>dicam,</em></strong></span> <span class='ocrx_word' id='word_1_774' title='bbox 954 5588 1010 5643; x_wconf 86' lang='lat' dir='ltr'><strong><em>et</em></strong></span> <span class='ocrx_word' id='word_1_775' title='bbox 1032 5578 1241 5660; x_wconf 88' lang='lat' dir='ltr'><strong><em>aliqua</em></strong></span> <span class='ocrx_word' id='word_1_776' title='bbox 1280 5586 1425 5641; x_wconf 89' lang='lat' dir='ltr'><strong><em>utar</em></strong></span> <span class='ocrx_word' id='word_1_777' title='bbox 1455 5577 1853 5659; x_wconf 85' lang='lat' dir='ltr'><strong><em>digressione,</em></strong></span> <span class='ocrx_word' id='word_1_778' title='bbox 1886 5597 2007 5642; x_wconf 90' lang='lat' dir='ltr'><strong><em>non</em></strong></span> 
     </span>
    </p>
   </div>
   <div class='ocr_carea' id='block_1_101' title="bbox 362 5668 2000 5749">
    <p class='ocr_par' dir='ltr' id='par_1_101' title="bbox 362 5668 2000 5749">
     <span class='ocr_line' id='line_1_102' title="bbox 362 5668 2000 5749; baseline -0.001 -14"><span class='ocrx_word' id='word_1_779' title='bbox 362 5672 581 5749; x_wconf 79' lang='lat' dir='ltr'><strong><em>ignoro</em></strong></span> <span class='ocrx_word' id='word_1_780' title='bbox 616 5668 800 5748; x_wconf 88' lang='lat' dir='ltr'><strong><em>hujus</em></strong></span> <span class='ocrx_word' id='word_1_781' title='bbox 831 5668 956 5734; x_wconf 83' lang='lat' dir='ltr'><strong><em>viri</em></strong></span> <span class='ocrx_word' id='word_1_782' title='bbox 982 5685 1160 5748; x_wconf 83' lang='lat' dir='ltr'><strong><em>opera</em></strong></span> <span class='ocrx_word' id='word_1_783' title='bbox 1191 5685 1310 5732; x_wconf 90' lang='lat' dir='ltr'><strong><em>non</em></strong></span> <span class='ocrx_word' id='word_1_784' title='bbox 1331 5685 1464 5733; x_wconf 88' lang='lat' dir='ltr'><strong><em>esse</em></strong></span> <span class='ocrx_word' id='word_1_785' title='bbox 1513 5684 1730 5747; x_wconf 86' lang='lat' dir='ltr'><strong><em>magna</em></strong></span> <span class='ocrx_word' id='word_1_786' title='bbox 1777 5668 2000 5746; x_wconf 89' lang='lat' dir='ltr'><strong><em>studia,</em></strong></span> 
     </span>
    </p>
   </div>
   <div class='ocr_carea' id='block_1_102' title="bbox 2094 3969 3739 4052">
    <p class='ocr_par' dir='ltr' id='par_1_102' title="bbox 2094 3969 3739 4052">
     <span class='ocr_line' id='line_1_103' title="bbox 2094 3969 3739 4052; baseline 0.002 -23"><span class='ocrx_word' id='word_1_787' title='bbox 2094 3969 2252 4032; x_wconf 84' lang='lat' dir='ltr'><strong><em>nihil</em></strong></span> <span class='ocrx_word' id='word_1_788' title='bbox 2281 3974 2500 4041; x_wconf 87' lang='lat' dir='ltr'><strong><em>dicam,</em></strong></span> <span class='ocrx_word' id='word_1_789' title='bbox 2533 3972 2740 4033; x_wconf 85' lang='lat' dir='ltr'><strong><em>celans</em></strong></span> <span class='ocrx_word' id='word_1_790' title='bbox 2799 3970 2961 4052; x_wconf 89' lang='lat' dir='ltr'><strong><em>quod</em></strong></span> <span class='ocrx_word' id='word_1_791' title='bbox 3002 3971 3085 4033; x_wconf 82' lang='lat' dir='ltr'><strong><em>sit</em></strong></span> <span class='ocrx_word' id='word_1_792' title='bbox 3138 3986 3279 4032; x_wconf 84' lang='lat' dir='ltr'><strong><em>vero</em></strong></span> <span class='ocrx_word' id='word_1_793' title='bbox 3328 3970 3559 4043; x_wconf 86' lang='lat' dir='ltr'><strong><em>minus,</em></strong></span> <span class='ocrx_word' id='word_1_794' title='bbox 3613 3971 3739 4032; x_wconf 91' lang='lat' dir='ltr'><strong><em>scio</em></strong></span> 
     </span>
    </p>
   </div>
   <div class='ocr_carea' id='block_1_103' title="bbox 2096 4058 3739 4140">
    <p class='ocr_par' dir='ltr' id='par_1_103' title="bbox 2096 4058 3739 4140">
     <span class='ocr_line' id='line_1_104' title="bbox 2096 4058 3739 4140; baseline -0.001 -19"><span class='ocrx_word' id='word_1_795' title='bbox 2096 4061 2339 4139; x_wconf 89' lang='lat' dir='ltr'><strong><em>quidem</em></strong></span> <span class='ocrx_word' id='word_1_796' title='bbox 2370 4078 2493 4123; x_wconf 91' lang='lat' dir='ltr'><strong><em>esse</em></strong></span> <span class='ocrx_word' id='word_1_797' title='bbox 2519 4058 2714 4123; x_wconf 89' lang='lat' dir='ltr'><strong><em>multa</em></strong></span> <span class='ocrx_word' id='word_1_798' title='bbox 2746 4060 2992 4124; x_wconf 85' lang='lat' dir='ltr'><strong><em>dicendi</em></strong></span> <span class='ocrx_word' id='word_1_799' title='bbox 3017 4076 3241 4140; x_wconf 90' lang='lat' dir='ltr'><strong><em>genera</em></strong></span> <span class='ocrx_word' id='word_1_800' title='bbox 3271 4058 3739 4140; x_wconf 85' lang='lat' dir='ltr'><strong><em>pulcherrimas;</em></strong></span> 
     </span>
    </p>
   </div>
   <div class='ocr_carea' id='block_1_104' title="bbox 2088 4149 3739 4230">
    <p class='ocr_par' dir='ltr' id='par_1_104' title="bbox 2088 4149 3739 4230">
     <span class='ocr_line' id='line_1_105' title="bbox 2088 4149 3739 4230; baseline 0.001 -21"><span class='ocrx_word' id='word_1_801' title='bbox 2088 4149 2549 4229; x_wconf 78' lang='lat' dir='ltr'><strong><em>perfectiorum,</em></strong></span> <span class='ocrx_word' id='word_1_802' title='bbox 2602 4154 2878 4230; x_wconf 85' lang='lat' dir='ltr'><strong><em>inquam,</em></strong></span> <span class='ocrx_word' id='word_1_803' title='bbox 2937 4151 3294 4223; x_wconf 87' lang='lat' dir='ltr'><strong><em>Oratorum,</em></strong></span> <span class='ocrx_word' id='word_1_804' title='bbox 3356 4154 3412 4210; x_wconf 88' lang='lat' dir='ltr'><strong><em>et</em></strong></span> <span class='ocrx_word' id='word_1_805' title='bbox 3479 4165 3739 4229; x_wconf 85' lang='lat' dir='ltr'><strong><em>quorum</em></strong></span> 
     </span>
    </p>
   </div>
   <div class='ocr_carea' id='block_1_105' title="bbox 2092 4236 3737 4319">
    <p class='ocr_par' dir='ltr' id='par_1_105' title="bbox 2092 4236 3737 4319">
     <span class='ocr_line' id='line_1_106' title="bbox 2092 4236 3737 4319; baseline -0.001 -20"><span class='ocrx_word' id='word_1_806' title='bbox 2092 4238 2404 4318; x_wconf 73' lang='lat' dir='ltr'><strong><em>exemplar</em></strong></span> <span class='ocrx_word' id='word_1_807' title='bbox 2430 4256 2554 4301; x_wconf 89' lang='lat' dir='ltr'><strong><em>non</em></strong></span> <span class='ocrx_word' id='word_1_808' title='bbox 2583 4247 2674 4301; x_wconf 84' lang='lat' dir='ltr'><strong><em>est</em></strong></span> <span class='ocrx_word' id='word_1_809' title='bbox 2721 4238 2909 4319; x_wconf 84' lang='lat' dir='ltr'><strong><em>vulgo</em></strong></span> <span class='ocrx_word' id='word_1_810' title='bbox 2956 4240 3334 4319; x_wconf 81' lang='lat' dir='ltr'><strong><em>propositum</em></strong></span> <span class='ocrx_word' id='word_1_811' title='bbox 3366 4236 3445 4299; x_wconf 92' lang='lat' dir='ltr'><strong><em>ad</em></strong></span> <span class='ocrx_word' id='word_1_812' title='bbox 3473 4239 3737 4300; x_wconf 88' lang='lat' dir='ltr'><strong><em>imitan-</em></strong></span> 
     </span>
    </p>
   </div>
   <div class='ocr_carea' id='block_1_106' title="bbox 2092 4326 3740 4409">
    <p class='ocr_par' dir='ltr' id='par_1_106' title="bbox 2092 4326 3740 4409">
     <span class='ocr_line' id='line_1_107' title="bbox 2092 4326 3740 4409; baseline 0 -20"><span class='ocrx_word' id='word_1_813' title='bbox 2092 4326 2235 4389; x_wconf 87' lang='lat' dir='ltr'><strong><em>dum</em></strong></span> <span class='ocrx_word' id='word_1_814' title='bbox 2260 4337 2507 4409; x_wconf 88' lang='lat' dir='ltr'><strong><em>propter</em></strong></span> <span class='ocrx_word' id='word_1_815' title='bbox 2518 4346 2737 4393; x_wconf 88' lang='lat' dir='ltr'><strong><em>sanum</em></strong></span> <span class='ocrx_word' id='word_1_816' title='bbox 2759 4336 2817 4391; x_wconf 92' lang='lat' dir='ltr'><strong><em>et</em></strong></span> <span class='ocrx_word' id='word_1_817' title='bbox 2836 4344 3157 4391; x_wconf 85' lang='lat' dir='ltr'><strong><em>numerum</em></strong></span> <span class='ocrx_word' id='word_1_818' title='bbox 3181 4328 3488 4391; x_wconf 83' lang='lat' dir='ltr'><strong><em>orationis</em></strong></span> <span class='ocrx_word' id='word_1_819' title='bbox 3511 4344 3525 4389; x_wconf 89' lang='lat'>:</span> <span class='ocrx_word' id='word_1_820' title='bbox 3549 4344 3740 4408; x_wconf 67' lang='lat' dir='ltr'><strong><em>pries-</em></strong></span> 
     </span>
    </p>
   </div>
   <div class='ocr_carea' id='block_1_107' title="bbox 2095 4416 3775 4495">
    <p class='ocr_par' dir='ltr' id='par_1_107' title="bbox 2095 4416 3775 4495">
     <span class='ocr_line' id='line_1_108' title="bbox 2095 4416 3775 4495; baseline 0.001 -17"><span class='ocrx_word' id='word_1_821' title='bbox 2095 4420 2429 4481; x_wconf 86' lang='lat' dir='ltr'><strong><em>tantiorem</em></strong></span> <span class='ocrx_word' id='word_1_822' title='bbox 2483 4425 2687 4481; x_wconf 88' lang='lat' dir='ltr'><strong><em>autem</em></strong></span> <span class='ocrx_word' id='word_1_823' title='bbox 2743 4416 2991 4481; x_wconf 87' lang='lat' dir='ltr'><strong><em>dicendi</em></strong></span> <span class='ocrx_word' id='word_1_824' title='bbox 3051 4418 3309 4495; x_wconf 86' lang='lat' dir='ltr'><strong><em>formam</em></strong></span> <span class='ocrx_word' id='word_1_825' title='bbox 3362 4417 3443 4479; x_wconf 90' lang='lat' dir='ltr'><strong><em>iis</em></strong></span> <span class='ocrx_word' id='word_1_826' title='bbox 3493 4418 3775 4495; x_wconf 82' lang='lat' dir='ltr'><strong><em>scriptis&#39;</em></strong></span> 
     </span>
    </p>
   </div>
   <div class='ocr_carea' id='block_1_108' title="bbox 2093 4506 3737 4587">
    <p class='ocr_par' dir='ltr' id='par_1_108' title="bbox 2093 4506 3737 4587">
     <span class='ocr_line' id='line_1_109' title="bbox 2093 4506 3737 4587; baseline -0.002 -17"><span class='ocrx_word' id='word_1_827' title='bbox 2093 4524 2228 4587; x_wconf 70' lang='lat' dir='ltr'><strong><em>qua!</em></strong></span> <span class='ocrx_word' id='word_1_828' title='bbox 2256 4523 2605 4587; x_wconf 87' lang='lat' dir='ltr'><strong><em>componere</em></strong></span> <span class='ocrx_word' id='word_1_829' title='bbox 2648 4513 2974 4579; x_wconf 81' lang='lat' dir='ltr'><strong><em>statuerat,</em></strong></span> <span class='ocrx_word' id='word_1_830' title='bbox 3033 4506 3232 4568; x_wconf 89' lang='lat' dir='ltr'><strong><em>nescio</em></strong></span> <span class='ocrx_word' id='word_1_831' title='bbox 3278 4523 3359 4568; x_wconf 85' lang='lat' dir='ltr'><strong><em>an</em></strong></span> <span class='ocrx_word' id='word_1_832' title='bbox 3411 4508 3737 4586; x_wconf 85' lang='lat' dir='ltr'><strong><em>quisquam</em></strong></span> 
     </span>
    </p>
   </div>
   <div class='ocr_carea' id='block_1_109' title="bbox 2090 4597 3736 4677">
    <p class='ocr_par' dir='ltr' id='par_1_109' title="bbox 2090 4597 3736 4677">
     <span class='ocr_line' id='line_1_110' title="bbox 2090 4597 3736 4677; baseline 0 -18"><span class='ocrx_word' id='word_1_833' title='bbox 2090 4615 2167 4660; x_wconf 77' lang='lat' dir='ltr'><strong><em>ea:</em></strong></span> <span class='ocrx_word' id='word_1_834' title='bbox 2194 4599 2471 4659; x_wconf 87' lang='lat' dir='ltr'><strong><em>omnibus</em></strong></span> <span class='ocrx_word' id='word_1_835' title='bbox 2503 4615 2772 4677; x_wconf 90' lang='lat' dir='ltr'><strong><em>unquam</em></strong></span> <span class='ocrx_word' id='word_1_836' title='bbox 2803 4597 3232 4677; x_wconf 86' lang='lat' dir='ltr'><strong><em>adaptaverit:</em></strong></span> <span class='ocrx_word' id='word_1_837' title='bbox 3285 4597 3387 4658; x_wconf 91' lang='lat' dir='ltr'><strong><em>sed</em></strong></span> <span class='ocrx_word' id='word_1_838' title='bbox 3438 4603 3493 4658; x_wconf 90' lang='lat' dir='ltr'><strong><em>et</em></strong></span> <span class='ocrx_word' id='word_1_839' title='bbox 3518 4601 3573 4656; x_wconf 87' lang='lat' dir='ltr'><strong><em>si</em></strong></span> <span class='ocrx_word' id='word_1_840' title='bbox 3597 4598 3736 4677; x_wconf 87' lang='lat' dir='ltr'><strong><em>quis</em></strong></span> 
     </span>
    </p>
   </div>
   <div class='ocr_carea' id='block_1_110' title="bbox 2093 4683 3734 4767">
    <p class='ocr_par' dir='ltr' id='par_1_110' title="bbox 2093 4683 3734 4767">
     <span class='ocr_line' id='line_1_111' title="bbox 2093 4683 3734 4767; baseline -0.001 -19"><span class='ocrx_word' id='word_1_841' title='bbox 2093 4703 2170 4749; x_wconf 76' lang='lat' dir='ltr'><strong><em>ex</em></strong></span> <span class='ocrx_word' id='word_1_842' title='bbox 2198 4687 2351 4762; x_wconf 85' lang='lat' dir='ltr'><strong><em>illis,</em></strong></span> <span class='ocrx_word' id='word_1_843' title='bbox 2386 4693 2496 4767; x_wconf 87' lang='lat' dir='ltr'><strong><em>qui</em></strong></span> <span class='ocrx_word' id='word_1_844' title='bbox 2540 4695 2595 4748; x_wconf 86' lang='lat' dir='ltr'><strong><em>et</em></strong></span> <span class='ocrx_word' id='word_1_845' title='bbox 2625 4688 2887 4750; x_wconf 88' lang='lat' dir='ltr'><strong><em>dictione</em></strong></span> <span class='ocrx_word' id='word_1_846' title='bbox 2935 4683 3244 4749; x_wconf 71' lang='lat' dir='ltr'><strong><em>excellunt</em></strong></span> <span class='ocrx_word' id='word_1_847' title='bbox 3294 4693 3355 4748; x_wconf 87' lang='lat' dir='ltr'><strong><em>et</em></strong></span> <span class='ocrx_word' id='word_1_848' title='bbox 3402 4687 3734 4756; x_wconf 86' lang='lat' dir='ltr'><strong><em>sententia,</em></strong></span> 
     </span>
    </p>
   </div>
   <div class='ocr_carea' id='block_1_111' title="bbox 2090 4776 3737 4856">
    <p class='ocr_par' dir='ltr' id='par_1_111' title="bbox 2090 4776 3737 4856">
     <span class='ocr_line' id='line_1_112' title="bbox 2090 4776 3737 4856; baseline -0.001 -18"><span class='ocrx_word' id='word_1_849' title='bbox 2090 4776 2387 4855; x_wconf 87' lang='lat' dir='ltr'><strong><em>ejusmodi</em></strong></span> <span class='ocrx_word' id='word_1_850' title='bbox 2439 4785 2797 4856; x_wconf 89' lang='lat' dir='ltr'><strong><em>argumenta</em></strong></span> <span class='ocrx_word' id='word_1_851' title='bbox 2850 4777 3228 4855; x_wconf 88' lang='lat' dir='ltr'><strong><em>suscepisset,</em></strong></span> <span class='ocrx_word' id='word_1_852' title='bbox 3294 4781 3737 4837; x_wconf 86' lang='lat' dir='ltr'><strong><em>accuratiorem</em></strong></span> 
     </span>
    </p>
   </div>
   <div class='ocr_carea' id='block_1_112' title="bbox 2088 4865 3738 4945">
    <p class='ocr_par' dir='ltr' id='par_1_112' title="bbox 2088 4865 3738 4945">
     <span class='ocr_line' id='line_1_113' title="bbox 2088 4865 3738 4945; baseline -0.001 -17"><span class='ocrx_word' id='word_1_853' title='bbox 2088 4866 2326 4945; x_wconf 87' lang='lat' dir='ltr'><strong><em>quidem</em></strong></span> <span class='ocrx_word' id='word_1_854' title='bbox 2357 4871 2417 4928; x_wconf 91' lang='lat' dir='ltr'><strong><em>et</em></strong></span> <span class='ocrx_word' id='word_1_855' title='bbox 2435 4866 2911 4928; x_wconf 82' lang='lat' dir='ltr'><strong><em>elaboratiorem</em></strong></span> <span class='ocrx_word' id='word_1_856' title='bbox 2936 4865 3217 4945; x_wconf 70' lang='lat' dir='ltr'><strong><em>effecisset</em></strong></span> <span class='ocrx_word' id='word_1_857' title='bbox 3244 4866 3606 4940; x_wconf 88' lang='lat' dir='ltr'><strong><em>orationem,</em></strong></span> <span class='ocrx_word' id='word_1_858' title='bbox 3631 4866 3738 4927; x_wconf 88' lang='lat' dir='ltr'><strong><em>sed</em></strong></span> 
     </span>
    </p>
   </div>
   <div class='ocr_carea' id='block_1_113' title="bbox 2088 4954 3734 5034">
    <p class='ocr_par' dir='ltr' id='par_1_113' title="bbox 2088 4954 3734 5034">
     <span class='ocr_line' id='line_1_114' title="bbox 2088 4954 3734 5034; baseline -0.001 -18"><span class='ocrx_word' id='word_1_859' title='bbox 2088 4972 2209 5017; x_wconf 88' lang='lat' dir='ltr'><strong><em>non</em></strong></span> <span class='ocrx_word' id='word_1_860' title='bbox 2236 4954 2447 5018; x_wconf 87' lang='lat' dir='ltr'><strong><em>itidem</em></strong></span> <span class='ocrx_word' id='word_1_861' title='bbox 2475 4956 2609 5017; x_wconf 85' lang='lat' dir='ltr'><strong><em>dico</em></strong></span> <span class='ocrx_word' id='word_1_862' title='bbox 2641 4954 3031 5017; x_wconf 87' lang='lat' dir='ltr'><strong><em>auditoribus</em></strong></span> <span class='ocrx_word' id='word_1_863' title='bbox 3052 4961 3479 5034; x_wconf 85' lang='lat' dir='ltr'><strong><em>congruentem</em></strong></span> <span class='ocrx_word' id='word_1_864' title='bbox 3508 4961 3564 5017; x_wconf 90' lang='lat' dir='ltr'><strong><em>et</em></strong></span> <span class='ocrx_word' id='word_1_865' title='bbox 3590 4971 3734 5017; x_wconf 87' lang='lat' dir='ltr'><strong><em>con-</em></strong></span> 
     </span>
    </p>
   </div>
   <div class='ocr_carea' id='block_1_114' title="bbox 2088 5036 3737 5123">
    <p class='ocr_par' dir='ltr' id='par_1_114' title="bbox 2088 5036 3737 5123">
     <span class='ocr_line' id='line_1_115' title="bbox 2088 5036 3737 5123; baseline 0 -17"><span class='ocrx_word' id='word_1_866' title='bbox 2088 5036 2447 5106; x_wconf 74' lang='lat' dir='ltr'><strong><em>uenientem.</em></strong></span> <span class='ocrx_word' id='word_1_867' title='bbox 2505 5042 2661 5106; x_wconf 83' lang='lat' dir='ltr'><strong><em>Nam</em></strong></span> <span class='ocrx_word' id='word_1_868' title='bbox 2691 5050 2750 5107; x_wconf 90' lang='lat' dir='ltr'><strong><em>et</em></strong></span> <span class='ocrx_word' id='word_1_869' title='bbox 2794 5046 3173 5123; x_wconf 85' lang='lat' dir='ltr'><strong><em>principium</em></strong></span> <span class='ocrx_word' id='word_1_870' title='bbox 3220 5046 3346 5123; x_wconf 85' lang='lat' dir='ltr'><strong><em>ejus</em></strong></span> <span class='ocrx_word' id='word_1_871' title='bbox 3388 5047 3737 5106; x_wconf 88' lang='lat' dir='ltr'><strong><em>orationum</em></strong></span> 
     </span>
    </p>
   </div>
   <div class='ocr_carea' id='block_1_115' title="bbox 2088 5133 3740 5213">
    <p class='ocr_par' dir='ltr' id='par_1_115' title="bbox 2088 5133 3740 5213">
     <span class='ocr_line' id='line_1_116' title="bbox 2088 5133 3740 5213; baseline 0 -18"><span class='ocrx_word' id='word_1_872' title='bbox 2088 5133 2295 5195; x_wconf 87' lang='lat' dir='ltr'><strong><em>statim</em></strong></span> <span class='ocrx_word' id='word_1_873' title='bbox 2348 5133 2599 5211; x_wconf 75' lang='lat' dir='ltr'><strong><em>attingit</em></strong></span> <span class='ocrx_word' id='word_1_874' title='bbox 2654 5134 3014 5208; x_wconf 84' lang='lat' dir='ltr'><strong><em>subiectum,</em></strong></span> <span class='ocrx_word' id='word_1_875' title='bbox 3051 5140 3109 5194; x_wconf 85' lang='lat' dir='ltr'><strong><em>et</em></strong></span> <span class='ocrx_word' id='word_1_876' title='bbox 3162 5150 3386 5212; x_wconf 88' lang='lat' dir='ltr'><strong><em>parum</em></strong></span> <span class='ocrx_word' id='word_1_877' title='bbox 3416 5133 3740 5213; x_wconf 85' lang='lat' dir='ltr'><strong><em>procedens</em></strong></span> 
     </span>
    </p>
   </div>
   <div class='ocr_carea' id='block_1_116' title="bbox 2090 5222 3737 5305">
    <p class='ocr_par' dir='ltr' id='par_1_116' title="bbox 2090 5222 3737 5305">
     <span class='ocr_line' id='line_1_117' title="bbox 2090 5222 3737 5305; baseline -0.001 -20"><span class='ocrx_word' id='word_1_878' title='bbox 2090 5222 2349 5285; x_wconf 85' lang='lat' dir='ltr'><strong><em>ostendit</em></strong></span> <span class='ocrx_word' id='word_1_879' title='bbox 2378 5222 2477 5283; x_wconf 89' lang='lat' dir='ltr'><strong><em>sui</em></strong></span> <span class='ocrx_word' id='word_1_880' title='bbox 2503 5223 2723 5302; x_wconf 89' lang='lat' dir='ltr'><strong><em>scripti</em></strong></span> <span class='ocrx_word' id='word_1_881' title='bbox 2752 5239 3025 5305; x_wconf 86' lang='lat' dir='ltr'><strong><em>scapnm,</em></strong></span> <span class='ocrx_word' id='word_1_882' title='bbox 3079 5229 3132 5285; x_wconf 85' lang='lat' dir='ltr'><strong><em>et</em></strong></span> <span class='ocrx_word' id='word_1_883' title='bbox 3162 5224 3229 5284; x_wconf 89' lang='lat' dir='ltr'><strong><em>in</em></strong></span> <span class='ocrx_word' id='word_1_884' title='bbox 3258 5222 3567 5285; x_wconf 82' lang='lat' dir='ltr'><strong><em>nonnullis</em></strong></span> <span class='ocrx_word' id='word_1_885' title='bbox 3597 5240 3737 5284; x_wconf 90' lang='lat' dir='ltr'><strong><em>ora-</em></strong></span> 
     </span>
    </p>
   </div>
   <div class='ocr_carea' id='block_1_117' title="bbox 2090 5310 3736 5391">
    <p class='ocr_par' dir='ltr' id='par_1_117' title="bbox 2090 5310 3736 5391">
     <span class='ocr_line' id='line_1_118' title="bbox 2090 5310 3736 5391; baseline 0 -18"><span class='ocrx_word' id='word_1_886' title='bbox 2090 5312 2352 5374; x_wconf 89' lang='lat' dir='ltr'><strong><em>tionibus</em></strong></span> <span class='ocrx_word' id='word_1_887' title='bbox 2379 5328 2514 5373; x_wconf 84' lang='lat' dir='ltr'><strong><em>cum</em></strong></span> <span class='ocrx_word' id='word_1_888' title='bbox 2543 5317 2732 5374; x_wconf 89' lang='lat' dir='ltr'><strong><em>totum</em></strong></span> <span class='ocrx_word' id='word_1_889' title='bbox 2784 5318 3211 5391; x_wconf 87' lang='lat' dir='ltr'><strong><em>argumentum</em></strong></span> <span class='ocrx_word' id='word_1_890' title='bbox 3257 5310 3615 5391; x_wconf 85' lang='lat' dir='ltr'><strong><em>recapitulet</em></strong></span> <span class='ocrx_word' id='word_1_891' title='bbox 3667 5313 3736 5373; x_wconf 87' lang='lat' dir='ltr'><strong><em>in</em></strong></span> 
     </span>
    </p>
   </div>
   <div class='ocr_carea' id='block_1_118' title="bbox 2089 5400 3728 5482">
    <p class='ocr_par' dir='ltr' id='par_1_118' title="bbox 2089 5400 3728 5482">
     <span class='ocr_line' id='line_1_119' title="bbox 2089 5400 3728 5482; baseline 0 -19"><span class='ocrx_word' id='word_1_892' title='bbox 2089 5418 2404 5476; x_wconf 87' lang='lat' dir='ltr'><strong><em>summam,</em></strong></span> <span class='ocrx_word' id='word_1_893' title='bbox 2430 5400 2495 5462; x_wconf 89' lang='lat' dir='ltr'><strong><em>id</em></strong></span> <span class='ocrx_word' id='word_1_894' title='bbox 2521 5402 2735 5465; x_wconf 89' lang='lat' dir='ltr'><strong><em>statim</em></strong></span> <span class='ocrx_word' id='word_1_895' title='bbox 2767 5402 2832 5463; x_wconf 88' lang='lat' dir='ltr'><strong><em>in</em></strong></span> <span class='ocrx_word' id='word_1_896' title='bbox 2876 5410 3087 5482; x_wconf 86' lang='lat' dir='ltr'><strong><em>partes</em></strong></span> <span class='ocrx_word' id='word_1_897' title='bbox 3130 5401 3375 5465; x_wconf 86' lang='lat' dir='ltr'><strong><em>dividit.</em></strong></span> <span class='ocrx_word' id='word_1_898' title='bbox 3417 5404 3496 5463; x_wconf 91' lang='lat' dir='ltr'><strong><em>Se</em></strong></span> <span class='ocrx_word' id='word_1_899' title='bbox 3526 5408 3728 5464; x_wconf 84' lang='lat' dir='ltr'><strong><em>autem</em></strong></span> 
     </span>
    </p>
   </div>
   <div class='ocr_carea' id='block_1_119' title="bbox 2087 5490 3736 5572">
    <p class='ocr_par' dir='ltr' id='par_1_119' title="bbox 2087 5490 3736 5572">
     <span class='ocr_line' id='line_1_120' title="bbox 2087 5490 3736 5572; baseline 0 -21"><span class='ocrx_word' id='word_1_900' title='bbox 2087 5490 2501 5554; x_wconf 86' lang='lat' dir='ltr'><strong><em>accommodat</em></strong></span> <span class='ocrx_word' id='word_1_901' title='bbox 2539 5492 2821 5572; x_wconf 84' lang='lat' dir='ltr'><strong><em>personis</em></strong></span> <span class='ocrx_word' id='word_1_902' title='bbox 2850 5499 2906 5553; x_wconf 89' lang='lat' dir='ltr'><strong><em>et</em></strong></span> <span class='ocrx_word' id='word_1_903' title='bbox 2930 5490 3305 5569; x_wconf 84' lang='lat' dir='ltr'><strong><em>temporibus</em></strong></span> <span class='ocrx_word' id='word_1_904' title='bbox 3339 5510 3353 5552; x_wconf 91' lang='lat'><strong>:</strong></span> <span class='ocrx_word' id='word_1_905' title='bbox 3386 5498 3440 5552; x_wconf 86' lang='lat' dir='ltr'><strong><em>et</em></strong></span> <span class='ocrx_word' id='word_1_906' title='bbox 3469 5499 3560 5552; x_wconf 83' lang='lat' dir='ltr'><strong><em>est</em></strong></span> <span class='ocrx_word' id='word_1_907' title='bbox 3588 5492 3736 5570; x_wconf 88' lang='lat' dir='ltr'><strong><em>qui-</em></strong></span> 
     </span>
    </p>
   </div>
   <div class='ocr_carea' id='block_1_120' title="bbox 2090 5579 3737 5661">
    <p class='ocr_par' dir='ltr' id='par_1_120' title="bbox 2090 5579 3737 5661">
     <span class='ocr_line' id='line_1_121' title="bbox 2090 5579 3737 5661; baseline -0.001 -19"><span class='ocrx_word' id='word_1_908' title='bbox 2090 5580 2221 5643; x_wconf 89' lang='lat' dir='ltr'><strong><em>dem</em></strong></span> <span class='ocrx_word' id='word_1_909' title='bbox 2253 5580 2534 5642; x_wconf 87' lang='lat' dir='ltr'><strong><em>omnibus</em></strong></span> <span class='ocrx_word' id='word_1_910' title='bbox 2558 5581 2720 5643; x_wconf 89' lang='lat' dir='ltr'><strong><em>idem</em></strong></span> <span class='ocrx_word' id='word_1_911' title='bbox 2749 5580 2913 5643; x_wconf 90' lang='lat' dir='ltr'><strong><em>color</em></strong></span> <span class='ocrx_word' id='word_1_912' title='bbox 2940 5581 3255 5653; x_wconf 87' lang='lat' dir='ltr'><strong><em>orationis,</em></strong></span> <span class='ocrx_word' id='word_1_913' title='bbox 3290 5588 3349 5641; x_wconf 88' lang='lat' dir='ltr'><strong><em>et</em></strong></span> <span class='ocrx_word' id='word_1_914' title='bbox 3375 5597 3501 5642; x_wconf 87' lang='lat' dir='ltr'><strong><em>una</em></strong></span> <span class='ocrx_word' id='word_1_915' title='bbox 3533 5579 3737 5661; x_wconf 87' lang='lat' dir='ltr'><strong><em>quali-</em></strong></span> 
     </span>
    </p>
   </div>
   <div class='ocr_carea' id='block_1_121' title="bbox 2092 5668 3731 5742">
    <p class='ocr_par' dir='ltr' id='par_1_121' title="bbox 2092 5668 3731 5742">
     <span class='ocr_line' id='line_1_122' title="bbox 2092 5668 3731 5742; baseline -0.001 -9"><span class='ocrx_word' id='word_1_916' title='bbox 2092 5678 2184 5733; x_wconf 85' lang='lat' dir='ltr'><strong><em>tas</em></strong></span> <span class='ocrx_word' id='word_1_917' title='bbox 2210 5668 2536 5742; x_wconf 85' lang='lat' dir='ltr'><strong><em>dictionis;</em></strong></span> <span class='ocrx_word' id='word_1_918' title='bbox 2571 5687 2812 5733; x_wconf 89' lang='lat' dir='ltr'><strong><em>morum</em></strong></span> <span class='ocrx_word' id='word_1_919' title='bbox 2856 5676 3055 5734; x_wconf 86' lang='lat' dir='ltr'><strong><em>autem</em></strong></span> <span class='ocrx_word' id='word_1_920' title='bbox 3099 5674 3276 5732; x_wconf 81' lang='lat' dir='ltr'><strong><em>varia</em></strong></span> <span class='ocrx_word' id='word_1_921' title='bbox 3322 5675 3407 5732; x_wconf 88' lang='lat' dir='ltr'><strong><em>est</em></strong></span> <span class='ocrx_word' id='word_1_922' title='bbox 3438 5675 3731 5732; x_wconf 84' lang='lat' dir='ltr'><strong><em>mutatio.</em></strong></span> 
     </span>
    </p>
   </div>
  </div>
