4006 6200
234 308 318 375 117

861 307 961 371 DE
1011 306 1354 371 SCRIPTIS
1413 308 1793 374 SYMEONIS
1835 309 2427 375 METAPHRAST/E
2472 302 2861 374 DIATRIBA.

3442 307 3559 389 U8

231 450 285 516 et,
304 451 363 502 ut
389 441 614 503 dixerit
636 439 1329 521 quispiam,artificiosa,
1359 457 1483 504 non
1501 459 1610 521 per
1630 450 1830 507 artem
1854 451 1892 503 Β
1917 443 2092 506 mode
2148 444 2278 506 ﬁeri
2309 442 2526 526 poterit
2579 439 2901 505 adnotabo.
2947 438 3089 503 Hac
3148 447 3209 502 tu
3239 450 3445 524 postea
3502 454 3562 507 et

231 549 300 594 res
320 530 679 605 mutans,sed
699 529 859 608 quod
880 530 1214 610 unicuique
1235 535 1333 592 rei
1360 538 1419 593 et
1437 548 1716 610 persona:
1738 534 1837 596 in-

231 622 415 683 ridenti
439 620 852 690 conveniebat,
888 619 1325 699 interpretans.
1364 619 1677 702 Tanquam
1716 641 1835 686 au-

229 719 316 773 tem
359 707 680 788 archetypa
710 709 1100 788 exemplaria
1152 708 1231 769 ad
1284 726 1382 770 res
1425 711 1829 789 antiquiores,

224 801 457 872 intuens,
489 815 601 859 nec
631 797 708 859 ab
745 796 870 859 illis
899 796 1145 872 recedit,
1179 815 1254 859 ne
1282 798 1570 861 videatur
1600 798 1835 879 aliquid

223 886 356 949 aliud
381 889 666 965 [acere,et
694 885 773 947 ad
799 888 1120 966 exemplar
1147 904 1382 968 quoque
1411 894 1599 950 totam
1626 895 1837 952 trans-

222 985 376 1037 mutat
421 975 666 1038 dicendi
710 978 995 1054 formam,
1060 994 1187 1038 non
1230 976 1543 1041 diversam
1603 978 1835 1057 faciens

220 1066 519 1141 materiam,
553 1065 657 1127 sed
687 1066 854 1145 quod
900 1066 966 1128 in
995 1064 1244 1129 dicendi
1274 1084 1493 1148 genere
1518 1076 1834 1148 peccatum

222 1164 351 1231 erat,
380 1160 696 1236 corrigens
731 1176 748 1237 ;
781 1173 973 1236 neque
1003 1158 1334 1219 sententias
1363 1157 1692 1238 innovans,
1725 1158 1836 1222 sed

218 1253 529 1310 convertens
552 1247 819 1327 ﬁguram
843 1246 1133 1310 dictionis
1161 1265 1176 1311 :
1210 1254 1266 1312 et
1296 1248 1358 1310 ei
1387 1248 1666 1311 incidens
1695 1264 1831 1310 oru-

220 1339 282 1398 tio
330 1338 389 1398 in
415 1336 832 1399 dirersitatem
874 1339 1317 1400 narrationum
1370 1344 1428 1401 et
1476 1339 1832 1401 varietatem

219 1433 700 1505 argumentorum,
724 1443 848 1488 non
894 1426 1321 1505 confunditur,
1350 1444 1472 1489 non
1501 1426 1830 1505 perturba-

219 1516 407 1589 ιιι-,σαι
436 1523 730 1596 tanquam
752 1518 1011 1595 optimus
1029 1514 1560 1597 gubernator,cum
1578 1518 1639 1580 ei
1657 1521 1835 1579 navis

218 1605 532 1685 agitabatur
573 1605 890 1687 ﬂuctibus,
923 1605 1125 1668 stabat
1173 1607 1413 1685 quietus
1440 1609 1683 1670 clavum
1740 1615 1831 1669 te-

220 1715 336 1758 nens
379 1697 911 1774 artiﬁciosissime.
943 1693 1142 1758 Porro
1172 1703 1379 1758 autem
1423 1698 1490 1759 in
1513 1694 1838 1760 nonnullis

218 1803 415 1866 quoque
441 1784 832 1848 orationibus
863 1784 1156 1847 describit
1184 1786 1463 1864 patriam
1493 1802 1704 1849 eorum
1729 1786 1836 1864 qui

1916 533 2232 609 industria,
2267 542 2325 596 et
2375 532 2564 614 magis
2593 530 2801 595 sedulo
2844 530 3042 594 studio
3074 530 3291 595 melius
3320 531 3558 597 discer—

1918 641 2046 685 088.

1996 710 2318 792 Ἀγαπητοί,
2353 711 2561 791 ἐγένετο
2618 712 2672 769 ἐν
2714 724 2833 777 τοῖς
2876 710 3048 768 ’ἐτεσιν
3103 713 3259 787 ἡμῶν
3288 711 3423 793 ἀνήρ
3477 737 3560 779 τις

1917 802 1971 859 ἐν
2030 809 2098 874 τῇ
2144 800 2528 881 Ἀλεξανδρέων
2556 801 2945 881 μεγαλοπόλει.
2975 798 3110 863 Vita
3148 809 3209 863 et
3234 819 3333 864 res
3381 811 3564 884 gestas

1917 908 2103 954 servae
2131 891 2237 952 Dei
2264 890 2690 972 Euphrosynas.

2000 980 2273 1060 ’Δδριανοῦ
2355 980 2731 1059 βασιλεύοντος
2814 981 2931 1044 ἔτος
3015 983 3256 1041 εἰκοστοῦ
3324 984 3559 1066 πρώτου,

1918 1070 2278 1134 ἀναλύσαντός
2353 1092 2411 1126 τε
2468 1071 2574 1126 ἀπὸ
2627 1074 2727 1137 τῆς
2769 1068 3039 1138 ἆνατολής
3098 1070 3184 1128 ἐπὶ
3253 1073 3354 1141 τὴν
3428 1064 3564 1132 Ῥώέ

1918 1185 2049 1238 μην.
2081 1158 2421 1241 Martyrium
2454 1157 2647 1222 sancti
2674 1156 3005 1221 Eleutherii
3035 1159 3304 1241 episcopi
3336 1168 3398 1224 et
3426 1163 3561 1226 An-

1917 1250 2046 1312 chas
2075 1249 2279 1311 matris
2307 1247 2462 1328 ejus.

1995 1337 2397 1403 Ἀναόαίνοντες
2461 1336 2672 1395 Παύλου
2721 1340 2796 1403 εἷς
2841 1335 3060 1396 Ἰκόνιον
3114 1339 3252 1413 μετὰ
3301 1341 3398 1409 τὴν
3454 1363 3559 1420 φυ-

1914 1431 2015 1509 γὴν
2070 1431 2170 1497 τὴν
2242 1428 2537 1506 γενομένην
2620 1429 2727 1486 ἀπὸ
2798 1428 3159 1508 Ἀντιοχείας.
3221 1427 3558 1511 Martyrium

1915 1528 2137 1583 sanctas
2164 1516 2428 1582 Thecla.

1993 1609 2167 1684 "Amp
2239 1622 2355 1671 τοῖς
2429 1606 2728 1689 ὀφθαλμοῖς
2800 1607 2959 1682 ἡμῶν
3020 1607 3349 1685 ἱθεασάμεθα
3417 1611 3561 1672 πάν-

1913 1721 2020 1765 τες.
2055 1696 2395 1779 Martyrium
2427 1697 2618 1761 sancti
2648 1696 2905 1775 apostoli
2934 1693 3212 1759 Andreae.

1994 1786 2371 1868 Ἀρχαγγέλου
2442 1789 2759 1865 πανήγυρις,
2823 1788 2913 1845 καὶ
2979 1792 3085 1843 τῶν
3157 1791 3361 1846 πιστῶν
3420 1788 3561 1857 ἄπας

220 1876 536 1954 laudantur,
570 1873 652 1937 ab
672 1876 966 1936 universa
998 1880 1162 1936 terra
1191 1890 1512 1955 separans,
1547 1892 1618 1937 ac
1647 1874 1807 1937 dedu

1957 1879 2240 1959 ὂφροσύνης
2288 1876 2577 1955 σύλλαγος.
2609 1875 2966 1940 Encomium
2998 1875 3060 1938 in
3097 1875 3563 1959 archistrategos

217 1965 416 2028 censad
442 1982 636 2028 unam
666 1963 1156 2045 partem:deinde
1177 1963 1453 2045 loquitur
1483 1967 1675 2028 etiam
1704 1962 1830 2026 ali-

214 2057 330 2134 quid
350 2055 415 2116 de
437 2052 805 2135 ﬂuminibus
835 2070 908 2115 ac
929 2070 1139 2116 eorum
1170 2054 1502 2133 principiis
1530 2053 1833 2116 disserens

215 2145 571 2216 naturaliter,
601 2149 668 2205 et
690 2143 766 2205 de
795 2142 1252 2222 opportunitate
1290 2142 1635 2219 civitatum,
1672 2148 1730 2205 et
1758 2143 1835 2204 de

215 2234 616 2313 temperatione
647 2232 833 2309 veris,
867 2240 923 2294 et
951 2230 1025 2294 de
1054 2238 1390 2312 temporum
1416 2232 1830 2313 conversione,

215 2325 411 2383 etiamsi
440 2328 508 2396 ii,
542 2323 653 2402 qui
682 2330 820 2384 sunt
866 2320 1043 2402 [119]
1076 2338 1294 2383 revera
1344 2319 1601 2383 auribus
1644 2323 1834 2401 paulo

216 2412 566 2483 tardioribus,
614 2429 715 2483 ea,
751 2429 889 2491 qua:
937 2411 1254 2485 dicuntur,
1291 2427 1408 2472 non
1456 2410 1830 2473 exaudiunt.

218 2500 583 2577 Multi/ariam
619 2517 855 2581 quoque
881 2507 1105 2562 tractat
1121 2505 1326 2581 partes
1352 2498 1834 2581 orationis,alias

216 2592 419 2669 quidem
451 2593 695 2669 majori
724 2590 1135 2664 contentione,
1158 2588 1317 2652 alias
1346 2606 1485 2652 vero
1508 2588 1754 2652 brevius
1777 2595 1832 2652 et

214 2680 452 2743 sedatius.
497 2681 571 2743 In
602 2680 817 2760 gratia
867 2687 1072 2741 autem
1102 2679 1541 2742 narrationum
1591 2681 1727 2758 quis
1755 2696 1836 2741 ea:

216 2769 450 2833 omnibus
500 2787 641 2834 cum
672 2786 740 2831 eo
771 2768 1151 2831 contenderit
1179 2771 1207 2830 ?
1253 2769 1392 2848 quis
1421 2769 1492 2831 in
1535 2770 1829 2849 composi-

218 2859 377 2920 tione?
405 2863 540 2941 quis
567 2862 638 2921 in
669 2875 1063 2921 numerorum
1082 2857 1415 2920 suavitate?
1441 2859 1576 2937 quis
1604 2859 1670 2920 in
1689 2876 1829 2920 con-

216 2954 471 3017 cinnitate
491 2955 557 3016 in
584 2950 872 3014 omnibus
899 2956 1298 3030 congruente?
1316 2953 1503 3029 Atque
1529 2951 1673 3014 nolo
1692 2956 1833 3032 qui-

215 3041 325 3102 deus
370 3041 754 3120 contendere,
787 3040 947 3120 quod
977 3056 1101 3102 non
1136 3040 1217 3102 sit
1247 3039 1452 3120 ampla
1483 3045 1540 3104 et
1582 3041 1834 3121 grandis

216 3132 317 3205 eius
357 3135 588 3195 oratio:
630 3132 871 3193 invenio
902 3139 1115 3193 tamen
1161 3130 1298 3208 ejus
1327 3130 1729 3206 orationibus,
1758 3139 1835 3193 ne

1914 1965 2261 2031 Michaelem
2290 1973 2349 2029 et
2373 1965 2735 2030 Gabrielem.

1995 2056 2372 2122 Βασιλεύοντος
2429 2055 2760 2135 Αύρηλιανου
2787 2058 2854 2125 ἦν
2912 2056 3201 2136 ἁθροισμὸς
3232 2058 3406 2137 μέγας
3450 2066 3557 2120 τῶν

1916 2151 2245 2227 Χριστιανῶν
2309 2146 2363 2203 ἐν
2423 2151 2492 2223 τῇ
2561 2145 2911 2223 Νικομηδέων
2977 2146 3157 2210 πόλει.
3215 2146 3560 2229 Martyrium

1915 2236 2103 2299 sancti
2132 2235 2446 2299 Lucilliani
2476 2242 2537 2297 et
2565 2236 2893 2299 sociorum.

1997 2316 2372 2381 Βασιλεύοντος
2471 2326 2564 2377 τοῦ
2650 2318 2959 2395 παρανόμου
3050 2319 3138 2375 καὶ
3206 2316 3561 2377 ἁσεϐεστάτου

1916 2408 2245 2484 Αὖρηλισνοῦ
2304 2406 2359 2462 ἐν
2414 2413 2484 2479 τῇ
2542 2405 2871 2486 πρεσϐυτέρᾳ
2916 2413 3021 2464 τῶν
3084 2405 3293 2465 πόλεων
3351 2400 3558 2485 Ῥώμη,

1917 2493 2114 2558 Sancti
2149 2493 2458 2575 Porphyrii
2492 2494 2860 2575 martyrium,
2889 2494 2991 2575 qui
3012 2512 3221 2576 passus
3251 2503 3343 2558 est
3369 2496 3559 2560 Caesa-

1914 2603 2034 2648 reas
2060 2583 2466 2665 Cappadociae.

1998 2680 2117 2736 Βίον
2170 2680 2357 2752 καλὸν,
2420 2677 2637 2759 ἀδελφοί
2694 2700 2822 2753 μου,
2877 2676 3142 2755 βούλομαι
3199 2675 3557 2755 διηγήσασθαι

1913 2770 2008 2827 καὶ
2053 2769 2300 2849 ἐνάρετον
2328 2769 2398 2837 τῇ
2453 2770 2610 2843 ἡμων
2653 2769 2895 2842 ὁμονοίᾳ.
2958 2765 3090 2830 Vill
3151 2764 3314 2848 [120]
3371 2768 3563 2831 sancti

1912 2857 2160 2924 Joannis
2188 2856 2490 2940 Calybitas.
2550 2855 2616 2919 In
2647 2856 2763 2919 alio
2794 2856 3004 2919 codice
3031 2855 3391 2938 principium
3423 2865 3555 2920 est:

1916 2951 2035 3008 Blov
2065 2951 2151 3007 καὶ
2201 2950 2355 3028 ἅγιον
2385 2949 2472 3006 καὶ
2499 2946 2796 3023 ἀμόλυντον
2852 2947 2940 3004 καὶ
2967 2947 3212 3026 ὶνάρετον
3240 2944 3425 3027 ἀνδρὸς
3473 2945 3559 3003 δι-

1915 3040 2067 3097 καίου
2109 3037 2372 3117 βούλομαι
2401 3036 2753 3118 διηγήσασθαι
2764 3086 2779 3100 ,
3558 3028 3567 3039 ’

1998 3128 2268 3204 Βούλομαι
2313 3128 2509 3203 τοίνυν,
2570 3125 2872 3206 ἀγαπητοὶ,
2905 3127 3174 3207 ὑφήγησιν
3229 3127 3430 3205 ἀγαθὴν
3472 3128 3562 3184 καὶ

217 3218 342 3282 banc
381 3223 635 3303 quidem
665 3220 869 3283 deesse
897 3221 1302 3300 gratiam,sed
1329 3219 1561 3283 alicubi
1589 3220 1834 3300 quidem

1957 3220 2161 3295 νάρετον
2221 3216 2577 3298 διηγήσασθαι
2645 3230 2771 3282 ταῖς
2832 3224 2927 3275 τοῦ
2985 3224 3119 3276 θεοῦ
3189 3213 3558 3284 Ἐκκλησίαις.

218 3326 300 3372 eas
322 3329 436 3374 esse
463 3312 711 3392 amplas
758 3318 827 3372 et
846 3309 1275 3385 redundantes,
1309 3310 1376 3372 in
1400 3309 1681 3390 pluribus
1718 3328 1835 3372 au-
1864 3305 1888 3308 ⁷
1917 3307 2210 3370 Facinora
2257 3315 2317 3368 et
2343 3314 2650 3373 certamen
2706 3314 3047 3368 sanctorum
3099 3305 3276 3367 trium
3336 3322 3559 3385 puero-

219 3406 311 3461 tem
349 3418 569 3480 graces
600 3407 660 3462 et
687 3401 1069 3479 compositas.
1127 3397 1282 3460 Cum
1311 3398 1422 3461 has
1447 3406 1654 3462 autem
1683 3399 1838 3462 duas

220 3489 324 3551 eius
345 3491 457 3551 sibi
484 3490 920 3571 proposuisset,
942 3495 1295 3567 martyrum
1316 3488 1752 3568 constantiam,
1778 3494 1838 3553 et

218 3581 582 3642 monasticam
614 3581 682 3639 in
709 3580 1155 3641 exercitatione
1187 3575 1607 3656 tolerantiam,
1640 3582 1837 3639 currit

219 3668 424 3745 quidem
453 3677 717 3748 utroque
743 3667 963 3738 stadio,
998 3684 1123 3729 non
1151 3682 1288 3729 cum
1322 3666 1544 3744 pedum
1578 3670 1836 3746 pernici-

219 3763 333 3829 tate,
358 3758 456 3820 sed
483 3774 628 3820 cum
655 3755 962 3819 celeritate
988 3756 1606 3818 orationileaarime
1635 3765 1838 3819 autem

219 3852 589 3910 monasticam
614 3862 981 3926 percurrens
1008 3845 1627 3919 curriculum,evadit
1647 3851 1839 3927 seipse

219 3938 495 3999 robustior
541 3946 601 3998 et
631 3938 890 4015 fortior:
926 3951 1110 3998 aures
1155 3935 1400 4014 quidem
1431 3944 1586 3998 certe
1613 3936 1838 4016 impin-

220 4032 361 4102 guat,
386 4026 628 4105 quando
648 4027 777 4103 eius
806 4028 1006 4088 oratio
1029 4024 1300 4088 ascendit
1319 4023 1562 4103 quidem
1582 4033 1836 4099 montes,

220 4115 350 4175 subit
368 4124 565 4179 autem
594 4114 1056 4194 speluncas,sub
1081 4115 1229 4192 pinu
1253 4121 1458 4177 autem
1484 4122 1591 4176 aut
1613 4133 1841 4195 quercu

226 4203 404 4282 aliqua
435 4205 690 4268 eolleeat
720 4205 1228 4275 Exercitalorem,
1253 4211 1314 4265 et
1341 4202 1458 4266 vile
1484 4202 1846 4267 alimentum

224 4300 269 4351 et
310 4294 718 4368 illaboratum,
754 4296 811 4356 ei
840 4295 1016 4372 offert
1046 4311 1124 4355 ea:
1181 4292 1388 4355 herbis
1417 4300 1473 4355 et
1499 4301 1710 4369 potum
1764 4311 1843 4356 ea:

227 4382 473 4455 fontibus.
532 4385 853 4462 Ejusmodi
902 4386 1208 4445 orationes
1258 4393 1435 4444 ornat
1490 4382 1841 4462 ﬂorentibus

227 4473 434 4543 pulchre
458 4473 904 4552 auditionibus,
935 4480 993 4535 et
1020 4474 1210 4534 variis
1258 4474 1415 4534 rosis
1442 4472 1783 4551 ﬁgurarum
1817 4490 1837 4540 δ

227 4568 267 4617 et
284 4578 344 4623 ea
360 4581 491 4642 qua:
514 4572 663 4624 tunc
687 4562 1116 4642 ﬁebant,quasi
1135 4560 1376 4640 subjicit
1400 4559 1613 4622 oculis.
1630 4560 1840 4623 Vtrum

1918 3416 2049 3461 rum
2097 3406 2156 3460 et
2184 3396 2449 3462 Danielis
2479 3397 2808 3479 prophetae.

2003 3488 2313 3568 Διηγήσατό
2372 3509 2454 3551 τις
2502 3486 2673 3566 γέρων
2734 3486 2929 3567 μέγας,
2965 3486 3019 3543 εἴ
3071 3509 3122 3544 τι
3169 3486 3427 3566 Ξενοφῶν
3483 3507 3564 3552 τις

1920 3578 2277 3657 συγκλητικὸς
2331 3578 2461 3655 ὑπὲρ
2487 3584 2661 3635 πᾶσαν
2706 3576 3023 3656 εὐπρέπειαν
3078 3577 3361 3657 ὅπάρχων.
3430 3572 3563 3638 Vita

1919 3669 2108 3732 sancti
2134 3666 2549 3741 Xenophontis
2579 3675 2638 3727 et
2668 3665 2996 3728 sociorum.

2010 3758 2316 3836 Διηγήσατό
2388 3778 2469 3823 τις
2525 3753 2691 3820 ἀϐεᾶς
2748 3758 3024 3833 Σεραπίων
3078 3754 3336 3833 ὑπάρχων
3394 3754 3450 3809 ἐν
3498 3753 3566 3820 τῆ

1921 3848 2154 3926 ἐσωτέρᾳ
2223 3846 2431 3923 ἐρήμῳ,
2480 3843 2612 3908 Vita
2678 3842 2866 3906 sancti
2921 3842 3103 3906 Marci
3153 3840 3565 3913 Atheniensis,

1921 3939 2020 4020 qui
2054 3939 2112 4000 in
2141 3945 2343 3999 monte
2369 3935 2640 3999 Thracias
2671 3952 2738 3998 se
2768 3933 3061 3998 exercuit.

2007 4028 2394 4096 Διοκλητιανοῦ
2441 4030 2527 4084 καὶ
2559 4026 2887 4101 Μαξιμιανοῦ
2937 4026 3032 4092 τὴν
3061 4024 3392 4102 ἆτοκράτορα
3428 4015 3565 4084 Ῥω-

1924 4121 2105 4195 μαίοις
2139 4118 2400 4175 διεπόντω
2430 4118 2634 4195 αργήν,
2666 4113 3006 4195 Martyrium
3042 4111 3231 4176 sancti
3265 4112 3567 4194 Procopii.

2004 4207 2248 4284 Ἐγένετο
2293 4207 2427 4263 κατὰ
2478 4207 2570 4262 τὸν
2622 4206 2804 4285 καιρὸν
2856 4204 3066 4263 ἐκεῖνον
3120 4204 3256 4279 μετᾶ
3286 4204 3569 4266 ἑπταετοῦς

1922 4296 2143 4377 χρόνου.
2178 4296 2517 4376 Martyrium
2551 4294 2742 4371 sancti
2773 4291 3083 4372 Stephani.

2002 4386 2250 4465 Ἐγὲνετό
2302 4407 2382 4447 τις
2412 4385 2544 4461 ἀνὴρ
2600 4388 2656 4441 ἒν
2701 4387 2769 4461 τῇ
2816 4382 3205 4462 Ἀλεξανδρέων
3254 4380 3564 4460 μεγαλοπό-

1921 4475 2001 4532 λει.
2028 4476 2161 4551 ἀνὴρ
2191 4474 2419 4541 ἔνδοξος.
2453 4472 2582 4535 Vita
2610 4480 2831 4535 sancta)
2862 4469 3283 4551 Euphrosinaa.

2005 4565 2252 4642 Ἐγένετο
2284 4568 2336 4620 ἓν
2370 4577 2489 4629 ταῖς
2522 4564 2745 4637 ἡμέραις
2778 4562 3162 4629 Διοκλητιανοῦ
3203 4570 3295 4620 τοῦ
3322 4558 3568 4637 βασιλέος

227 4666 315 4727 ego
333 4651 505 4715 laudo
531 4654 770 4733 quidem
788 4659 1045 4732 propter
1069 4652 1370 4724 eiusmodi
1399 4649 1758 4726 facundiam
1784 4659 1836 4712 et

1957 4659 2178 4729 Ανοιμος
2207 4653 2471 4733 ὕπαρχος.
2503 4650 2842 4732 Martyrium
2876 4658 3095 4713 sanctae
3124 4648 3454 4712 Febroniaa.

227 4745 615 4816 gratiam;non
645 4745 852 4804 minus
882 4748 1087 4802 autsm
1112 4742 1271 4820 quod
1290 4739 1543 4819 pulchre
1560 4742 1843 4802 tractorit

230 4838 643 4908 argumentum.
674 4830 976 4893 Tenemus
990 4830 1111 4910 jam
1150 4830 1630 4908 Metaphrastem:
1665 4830 1838 4891 audi-

231 4932 335 4977 mus
350 4919 715 5000 loquentem,
743 4919 1071 4998 rejicienda
1094 4918 1293 4999 itaque
1320 4925 1459 4979 sunt
1482 4936 1550 4978 ex
1582 4917 1711 4996 ejus
1739 4936 1840 4979 se-

228 5014 509 5089 gete,quas
566 5010 669 5070 ille
722 5010 996 5070 elocutus
1027 5025 1145 5069 non
1204 5015 1313 5079 est,
1352 5006 1561 5067 saltem
1619 5007 1838 5087 aliqua.

231 5092 362 5163 Quod
392 5099 551 5161 facili
587 5098 824 5177 negotio
858 5096 1167 5169 succedet,
1194 5096 1241 5156 si
1276 5114 1407 5176 qua:
1437 5094 1665 5157 Psellus
1686 5096 1843 5157 scri-

233 5185 337 5261 psit,
368 5190 563 5250 animo
628 5187 1092 5267 perpendamus,
1127 5194 1185 5248 et
1215 5204 1350 5247 cum
1407 5184 1540 5246 aliis
1568 5184 1835 5265 ejusdem

233 5271 603 5354 ltetaphrastae
632 5277 935 5356 germanis
982 5273 1411 5357 scriptionibus
1440 5274 1837 5339 conferamus.

236 5356 339 5422 Esto
369 5383 504 5445 ergo
538 5367 799 5428 secunda
833 5365 1052 5429 tabella
1083 5382 1316 5440 eorum,
1350 5382 1488 5443 quae
1533 5362 1840 5426 dissimilis

238 5454 409 5535 oratio,
440 5467 499 5517 et
551 5456 731 5536 stylus
762 5455 1224 5535 Melaphrastem
1276 5461 1581 5533 parentem
1633 5453 1845 5515 nolunt

240 5553 556 5615 agnoscere,
589 5555 647 5607 et
674 5545 725 5606 si
758 5545 942 5626 stylus
969 5544 1170 5617 vellet,
1203 5551 1342 5605 aetas
1374 5541 1504 5622 ipsa
1531 5540 1844 5623 scriptoris

243 5642 331 5691 Ion
358 5635 584 5713 patitur,
619 5644 682 5698 ut
709 5634 970 5699 breviter
997 5634 1059 5697 in
1094 5633 1177 5698 tui
1230 5631 1502 5713 gratiam,
1539 5630 1641 5697 ubi
1670 5652 1839 5699 com-

2004 4742 2249 4821 Ἐγένετο
2312 4744 2447 4818 μετὰ
2516 4745 2577 4799 τὸ
2635 4743 2924 4809 ἀναστῆναι
2994 4742 3086 4797 τὸν
3159 4741 3346 4820 Κύριον
3411 4741 3566 4815 ἡμῶν

1924 4831 2128 4900 ’ίησοῦν
2202 4835 2428 4911 Χριστὸν
2502 4832 2561 4888 ἐκ
2630 4831 2828 4909 νεκρῶν
2902 4833 3208 4908 συνήθροισε
3266 4828 3386 4894 τοὺς
3456 4828 3565 4885 δώ-

1923 4922 2071 4985 δεκα.
2105 4925 2249 4985 Acta
2279 4921 2469 4984 sancti
2498 4921 2749 5001 apostoli
2776 4916 3042 4983 Thomas.

2008 5015 2064 5071 Εἰ
2116 5015 2175 5070 οὗ
2217 5013 2367 5085 τόπῳ
2423 5012 2459 5079 ἢ
2517 5010 2720 5090 χρόνῳ,
2757 5012 2949 5087 γνώμῖ⁵
3007 5007 3061 5065 δὲ
3121 5007 3325 5084 μᾶλλον
3381 5003 3567 5083 στιρῤᾷ

1923 5104 2010 5158 καὶ
2070 5102 2371 5179 προαιρέσει
2428 5102 2495 5157 τά
2553 5121 2606 5155 τε
2665 5098 2898 5176 μέγιστα
2949 5104 3054 5153 τῶν
3114 5092 3561 5175 κατορθωμάτων,

1924 5188 2058 5252 Vita
2114 5178 2178 5250 et
2221 5178 2507 5251 miracula
2562 5186 2750 5249 sancti
2807 5183 3236 5263 Thaumaturgi
3292 5178 3562 5259 Niconis,

1920 5288 2339 5357 cognomento,
2374 5278 2798 5341 Punitentiam
2829 5276 3015 5355 agite.

2005 5370 2162 5443 Ἐμαί
2202 5390 2264 5446 γε
2297 5368 2411 5425 λίαν
2476 5365 2568 5434 ἡδὺ
2597 5368 2684 5424 καὶ
2725 5367 2788 5423 τὸ
2836 5365 2954 5442 περὶ
2995 5363 3185 5439 λόγους
3231 5369 3445 5431 πονεῖν,
3475 5371 3561 5421 οἷς

1922 5461 1971 5517 οἱ
2021 5458 2225 5536 ἀγῶνες
2284 5462 2389 5515 τῶν
2450 5458 2581 5534 ὑπὲρ
2652 5479 2745 5513 του
2814 5452 3000 5522 γαλοῦ,
3060 5450 3148 5505 καὶ
3201 5454 3301 5514 τῆς
3369 5447 3562 5526 ἀρετῆς

1921 5547 2354 5609 σπουδασάντων.
2408 5542 2700 5610 Laudatio
2732 5551 2791 5605 et
2838 5537 3262 5603 miraculorum
3304 5536 3565 5603 narratio

1923 5637 2113 5703 sancti
2142 5637 2305 5702 Pauli
2336 5634 2654 5703 Latrensis.
