4006 6200
286 246 563 329 ί127’

1729 264 2006 330 LEONIS
2046 267 2381 334 ALLATII.

3629 270 3740 336 128

362 426 423 462 τε
480 405 567 463 καὶ
594 403 869 483 μεγέθους.
915 404 1262 487 Martyrium
1320 404 1385 468 S.
1418 402 1685 468 Anthimi
1743 401 2216 485 episcopihcnc.
2267 400 2612 483 Martyrium
2645 400 2710 468 S.
2746 399 3020 483 Gregorii
3078 402 3301 482 Magna
3330 399 3629 466 Armenia
3678 413 3742 469 et

264 545 275 554 .
366 493 869 559 Nicomediensis.

451 587 522 642 Οὐ
578 580 697 648 ξένα
754 584 1003 641 Γαλατῶν
1062 586 1127 642 τὰ
1184 582 1439 662 παρόντα,
1503 581 1617 640 οὐδὲ
1679 583 2012 661 ὁμολογητοῦ

368 672 464 741 τῆς
493 672 742 740 ἀληθείας
773 672 1046 750 ἀλλότρια.
1095 671 1447 751 Martyrium
1480 672 1671 734 sancti
1721 671 2008 735 Platonis.

453 762 525 819 Οὔ
581 762 811 827 πολλοὺς
844 761 1114 842 Αῗγδπτος
1158 766 1289 820 ἒπάὶν
1338 761 1392 819 δὲ
1440 784 1593 839 τεκῃ.
1640 761 1774 825 Vita
1826 761 2012 824 sancti

369 847 625 932 Parapii.

452 945 568 1021 Οὐχ
619 944 785 1004 οὓτως
814 940 909 1010 ἡδὺ
967 949 1043 1015 τῷ
1101 942 1386 1021 φιλσρέτῳ.
1421 941 1896 1004 Commentarius
1950 941 2010 1002 in

369 1038 637 1092 sanctum
666 1028 952 1092 Jacobum
986 1030 1487 1112 Adelphotheum.

449 1119 619 1177 Πάλαι
663 1121 763 1194 μὲν
805 1120 859 1177 ἐν
890 1123 1077 1187 τύποις
1106 1121 1171 1189 ἧν
1217 1123 1283 1178 τὰ
1310 1122 1404 1190 τῆς
1439 1122 1665 1187 πίστεως
1721 1124 1806 1178 καὶ
1838 1123 2010 1200 αἰνίγ-

374 1232 554 1286 μασιν,
590 1208 793 1275 Sancti
827 1212 1090 1292 Dionysii
1121 1213 1503 1293 Areopagita
1534 1214 1908 1292 martyrium.

457 1299 626 1358 Πάλαι
686 1304 784 1379 μὲν
846 1305 939 1370 τὰς
996 1304 1132 1360 κατὰ
1175 1309 1278 1380 γῆν
1337 1302 1604 1381 διατριϐὰς
1667 1304 1911 1366 ἀνύοντες
1966 1303 2014 1359 οἱ

370 1389 685 1454 ἀπόστολοι.
738 1391 802 1454 In
835 1401 1101 1456 sanctum
1134 1393 1463 1473 apostolum
1523 1391 1810 1454 Thomam
1843 1409 2014 1453 com-

372 1479 722 1544 mentarius.

455 1571 621 1628 Πάλιν
678 1572 813 1646 ἡμῖν
845 1575 872 1628 ὁ
930 1576 1075 1637 θεῖος
1124 1572 1372 1652 ἐφέστεκε
1418 1570 1691 1650 πρόεδρος,
1725 1572 1810 1628 καὶ
1856 1570 2013 1628 πάλιν

371 1662 399 1717 ὁ
431 1660 593 1738 λόγος
638 1659 755 1728 ἥκει
786 1663 1178 1739 πανηγυρίσων.
1216 1658 1300 1722 De
1352 1659 1541 1722 tribus
1570 1660 2013 1723 inventionibus

373 1749 586 1830 capitis
613 1750 798 1811 sancti
829 1752 1077 1812 Joannis
1105 1750 1407 1830 Baptista.

2089 493 2415 556 sociorum.
3217 562 3221 565 _

2173 586 2426 660 Τιμόθεον
2510 585 2603 641 τὸν
2674 585 2841 662 μέγαν
2897 584 3087 661 ἤνεγκε
3145 584 3242 659 μὲν
3327 587 3362 652 ἡ
3424 586 3737 645 Λυκαόνων.

2094 671 2571 736 Commentarius
2601 674 2662 735 in
2695 682 2965 735 sanctum
3009 673 3232 738 Christi
3262 674 3599 754 apostolum
3631 674 3742 737 Ti-

2095 763 2423 825 motheum.

2174 861 2277 912 Τοῦ
2333 855 2518 933 Κυρίου
2577 855 2732 929 ἡμῶν
2783 852 2961 921 Ἰησοῦ
3016 862 3243 932 Χριστοῦ
3300 855 3549 927 κοινωνίᾳ
3607 877 3739 934 σαρ-

2094 945 2210 1016 κὸς,
2272 944 2300 1000 ό
2357 968 2488 1023 φησι
2536 944 2769 1017 Παῦλος,
2803 945 2895 1001 ἐπὶ
2945 950 3046 1023 γῆς
3108 944 3515 1023 φιλανθρώπως.
3582 945 3745 1008 Mar-

2096 1031 2306 1112 tyrium
2359 1041 2701 1095 sanctorum
2732 1032 2967 1113 Thyrsi,
3003 1032 3225 1109 Leucii,
3264 1032 3631 1095 Philemonis
3681 1044 3744 1094 et.

2093 1121 2416 1202 Apollonii.

2178 1212 2306 1276 Τοὺς
2367 1212 2734 1290 εὖλογοῦντάς,
2798 1234 2855 1268 σε
2914 1215 3043 1292 φησὶ
3100 1214 3231 1289 πρὸς
3288 1213 3379 1269 τὸν
3428 1210 3671 1292 Ἀϐρααμ
3714 1214 3742 1269 ὁ

2100 1301 2252 1372 Θεὸς,
2275 1300 2573 1378 εὐλογήσω.
2604 1294 2732 1361 Vita
2762 1300 2950 1362 sancti
2980 1301 3211 1381 Cyriaci
3238 1301 3657 1364 Anachoreta.

2180 1390 2311 1455 Τοὺς
2389 1390 2659 1470 σώφρονας
2733 1392 2820 1447 τὸν
2892 1390 3003 1467 βίον
3095 1392 3184 1448 καί
3239 1390 3548 1469 φιλαρέτους
3606 1392 3743 1450 κατά

2098 1479 2313 1555 δύναμιν
2362 1479 2604 1535 ἐπαινεῖν
2653 1481 2798 1537 ὅσιόν
2854 1501 2910 1536 τε
2962 1483 3096 1554 ὁμοῦ
3145 1480 3243 1537 καὶ
3299 1480 3739 1560 ᾣελιμώτατον.

2098 1567 2232 1630 Vita
2262 1578 2323 1631 et
2342 1586 2438 1629 res
2470 1576 2652 1647 gesta
2681 1566 2741 1630 S.
2776 1568 3078 1631 Matrona.

2179 1666 2444 1738 Τραϊανοῦ
2498 1660 2565 1714 τὰ
2621 1658 2897 1732 Ῥωμαίων
2948 1661 3193 1726 σκῆπτρα
3252 1657 3547 1724 διέποντος.
3607 1660 3744 1721 Vita

2098 1759 2160 1813 et
2190 1750 2532 1830 martyrium
2556 1759 2895 1811 sanctorum
2931 1749 3249 1831 Eustathii,
3283 1758 3341 1812 et
3370 1752 3501 1830 ejus
3536 1752 3742 1813 uxoris

456 1841 767 1921 Τυραννικόν
828 1863 878 1896 τι
908 1841 1100 1921 χρῆμα
1154 1841 1418 1897 τεκόντων
1444 1841 1664 1920 στοργὴ,
1701 1840 1788 1897 καὶ
1846 1839 2003 1916 δεσμᾰ

2123 1825 2474 1922 [‘heopistes,
2509 1846 2567 1902 et
2622 1857 2836 1901 eorum
2870 1839 3128 1902 ﬁliorum
3181 1825 3479 1921 A'gapii'et
3534 1842 3739 1903 Theo-

369 1932 599 2010 φύσεως.
657 1928 798 1992 Vit‘a
825 1929 1072 1991 Joannis
1131 1946 1386 2010 prosper
1428 1929 1729 1992 Christum
1786 1947 2013 2011 paupe-

370 2037 478 2084 τιε.

453 2110 632 2169 Πολλὰ
685 2116 783 2179 τῆς
815 2110 1149 2172 διδασκαλίας
1204 2113 1307 2167 τῶν
1341 2114 1396 2166 εὖ
1436 2112 1522 2167 καὶ
1581 2112 1651 2169 ὡς
1688 2116 1803 2184 Θεῷ
1864 2107 2013 2188 φίλον

367 2199 729 2280 βεϐιωκότων.
764 2199 897 2262 Vita
929 2199 1118 2261 sancti
1148 2198 1482 2261 Charitonis
1504 2198 1927 2276 Homologeta.

455 2289 634 2361 Πολλῆ
683 2291 819 2349 κατὰ
876 2292 979 2346 τῶν
1010 2296 1102 2345 τοῦ
1149 2297 1372 2365 Χριστοῦ
1421 2289 1696 2367 μάρτύρων
1744 2296 1836 2344 τοῦ
1893 2286 2012 2344 δια-

368 2379 530 2439 ϐόλου
561 2383 594 2450 ἡ
632 2380 943 2459 κακουργία.
1003 2377 1348 2458 Martyrium
1380 2377 1573 2440 sancti
1603 2377 1881 2458 Andrea,
1914 2376 2016 2458 qui

367 2468 430 2533 in
462 2469 611 2533 Crisi
644 2478 757 2532 est.

450 2561 669 2620 Πολλῶν
718 2561 856 2619 κατὰ
887 2558 1165 2641 διαφόρους
1215 2559 1428 2636 καιροὺς
1476 2558 1617 2614 κατὰ
1646 2565 1868 2636 Χριστοῦ
1927 2556 2016 2613 καὶ

366 2659 472 2708 τῶν
501 2651 701 2708 ἐκείνου
734 2650 1005 2725 μανέντων
1034 2652 1369 2725 θεραπευτῶν
1419 2645 1822 2712 Διοκλητιανός.
1858 2645 2014 2708 Mar-

369 2743 587 2822 tyrium
621 2747 961 2802 sanctorum
1014 2736 1351 2801 Sebastiani
1382 2745 1438 2798 et
1484 2735 1808 2810 sociorum,
1841 2735 2010 2808 Zoés,

368 2828 788 2911 Tranquillini,
820 2828 1144 2899 Nicostrai,
1175 2825 1403 2888 Claudii
1449 2823 1725 2899 Castoris,
1763 2822 2010 2899 tiburtii,

372 2917 633 2992 Castalii,
665 2915 994 2979 Marcellini
1023 2926 1081 2978 et
1112 2912 1320 2980 Marci.

450 3005 653 3085 Πρόόου
683 3016 776 3083 τοῦ
817 3002 1095 3069 δυσσεϐοῦς
1152 3007 1213 3061 τὸ
1256 3002 1521 3080 βασίλειον
1580 3007 1873 3080 σκῆπτρον,
1908 3009 2012 3058 τῶν

374 3087 647 3168 Ῥωμαίων
718 3094 1014 3172 διέποντος,
1088 3090 1430 3171 Martyrium
1511 3088 1613 3158 SS.
1674 3089 2010 3172 Trophimi,

368 3182 634 3249 Sabbatii
665 3192 722 3246 et
750 3181 1232 3264 Dorymedontis.

452 3276 742 3351 Σαμόσατα
770 3272 923 3339 πόλις
953 3273 1051 3341 τῆς
1082 3272 1269 3349 Συρίας
1300 3271 1464 3327 ἐστίν’
1511 3270 1787 3349 Εὖιρράτης
1817 3271 1885 3338 τῆ
1909 3272 2010 3327 πό-

366 3364 447 3422 λει
491 3364 772 3443 παραρὀἶ.
808 3362 940 3424 Vita
972 3368 1035 3423 et
1069 3357 1417 3440 martyrium
1446 3359 1635 3422 sancti
1665 3356 1929 3421 Luciaui.

454 3454 625 3535 Σοφόν
682 3476 732 3511 τι
798 3458 991 3533 χρῆμα
1034 3452 1315 3529 ζωγράφου
1372 3450 1517 3528 χεὶρ,
1578 3451 1664 3505 καὶ
1733 3447 1877 3517 δεινὴ
1921 3450 2017 3523 μὲν

375 3546 714 3620 μιμήσασθαι
747 3544 847 3609 τὴν
887 3540 1160 3612 ἀλήθειαν.
1211 3538 1342 3599 Vita
1374 3549 1431 3599 et
1488 3538 1534 3619 [t
1550 3535 1650 3618 29]
1686 3555 1785 3599 res
1838 3548 2018 3618 gesta

368 3632 556 3694 sancti
592 3629 817 3695 Nicolai
848 3628 1137 3710 Myrensis
1166 3627 1452 3709 episcopi.

452 3724 558 3789 Τὰς
588 3727 694 3779 τῶν
724 3722 936 3799 ἀγαθῶν
966 3717 1165 3795 ἀνδρῶν
1222 3718 1587 3795 ἀναγράπτους
1620 3719 1842 3774 τίθεσθαι
1872 3741 2014 3795 πρα-

371 3812 497 3893 ξεις,
531 3812 627 3869 καῖ
685 3812 783 3879 τὴν
832 3810 1036 3867 τούτων
1080 3808 1324 3882 μνήμην.
1377 3803 1511 3867 Vita
1539 3804 1724 3866 sancti
1770 3804 2016 3869 Joannis

371 3901 715 3966 Eleemonis
748 3897 1096 3976 patriarcha
1125 3894 1533 3958 Alexandrini.

451 3998 531 4068 Τῇ
589 3988 867 4065 θαυμαστῇ
915 3985 1058 4044 δυάδι
1114 3989 1219 4042 τῶν
1276 3990 1454 4063 σοφῶν
1514 3985 1847 4065 ’Λναργύρων
1902 4008 2012 4042 πα..

367 4083 478 4158 τρὶς
523 4081 641 4156 μέν.
676 4077 809 4139 Vita
836 4088 1177 4139 sanctorum
1214 4073 1651 4154 Anargyrorum
1697 4076 1924 4136 Cosma
1956 4081 2014 4137 et

365 4168 659 4235 Damiani.

448 4262 559 4328 Τὴν
616 4261 749 4336 πρὸς
810 4257 1001 4336 ἀρετὴν
1059 4254 1176 4313 ὁδὸν
1236 4256 1490 4336 φέρουσαν
1540 4269 1803 4335 τραχεῖαν
1845 4261 2009 4336 εἶναι,

2139 1930 2257 1993 isti.

2139 1949 2257 1993 ISII.

2097 1949 2132 2012 Ρ
2178 2031 2443 2099 Τραϊανοῦ
2512 2030 2607 2080 τοῦ
2673 2017 2951 2087 δυσσεϐοῦς
3036 2020 3297 2097 βασιλέως
3355 2019 3563 2087 πολλὴν
3642 2021 3739 2095 μὲν

2096 2112 2348 2187 πρόνοιαν
2405 2112 2492 2167 καὶ
2543 2109 2803 2180 σπουδήν.
2864 2109 3213 2188 Martyrium
3271 2108 3380 2172 SS.
3454 2108 3736 2186 Eudoxii,

2097 2199 2357 2273 Romuli,
2389 2199 2644 2262 Zenonis
2676 2210 2736 2261 et
2765 2199 3031 2261 Macarii.

2177 2288 2276 2351 26.
2341 2284 2398 2348 Ὀ
2453 2297 2546 2346 τοῦ
2619 2295 2751 2346 Θεοῦ
2810 2289 2938 2353 Θεὸς
3001 2292 3172 2367 Λόγος
3221 2286 3406 2353 ἆλὶδίως
3440 2290 3607 2346 συνὼν
3664 2290 3741 2353 τῶ

2098 2382 2260 2457 Πατρὶ
2301 2380 2389 2437 καὶ
2447 2378 2677 2459 ἅχρονος
2739 2378 2814 2436 ὢν
2870 2377 3069 2438 εἵλετο.
3141 2378 3623 2441 Commentarius
3679 2377 3742 2439 in

2098 2477 2371 2530 sanctum
2397 2466 2729 2549 apostolum
2760 2465 3121 2547 Philippum.

2178 2558 2293 2616 Τῶν
2337 2559 2439 2613 ὑπὸ
2497 2559 2724 2635 Χριστοῦ
2782 2558 2881 2624 τὴν
2938 2556 3157 2625 ἄθλησιν
3218 2557 3507 2636 ἑλομένων,
3540 2561 3587 2614 οἱ
3643 2559 3742 2634 μὲν

2098 2636 2227 2725 ὕπ’ὲρ
2301 2645 2565 2708 εὐσεϐείας
2637 2645 2821 2709 ἁπλῶς
2895 2648 3026 2724 πρὸς
3093 2645 3365 2715 τΈλληνας
3435 2648 3739 2724 ἠγωνίσαν-

2102 2759 2181 2800 το.
2236 2734 2369 2798 Vita
2401 2737 2587 2798 sancti
2621 2734 2923 2798 Theodori
2968 2734 3175 2817 Grapti
3208 2744 3267 2798 et
3318 2738 3505 2798 sancti
3535 2734 3740 2798 Theo-

2099 2824 2313 2905 phanis
2343 2824 2501 2885 illius
2532 2824 2753 2886 fratris.

2176 2914 2387 2992 ’Ὥσπερ
2428 2915 2513 2972 ἐπὶ
2562 2917 2667 2971 τῶν
2721 2913 2997 2994 ἀριστέων.
3045 2915 3178 2977 Vita
3225 2914 3415 2976 sancti
3474 2910 3740 2977 Danielia

2098 3001 2344 3082 Stylita.

2175 3094 2384 3173 ’Ὥσπερ
2427 3093 2628 3170 λειμὼν
2681 3096 2899 3163 εὐανθὴς
2955 3093 3216 3158 ποικίλοις
3267 3094 3442 3152 ἄνθεσι
3497 3096 3737 3166 πυκαζὸ-

2095 3205 2253 3257 μενος
2313 3187 2537 3264 ὼραῖζει
2571 3198 2693 3250 ταῖς
2725 3183 2942 3260 ὀδμαῖς.
2993 3182 3129 3247 Vita
3159 3192 3219 3246 et
3266 3181 3519 3246 laudatio
3550 3183 3740 3246 sancti

2095 3271 2284 3335 Patris
2313 3273 2498 3335 nostri
2531 3272 2920 3354 Theophanis
2952 3274 3252 3353 Siagreni.

2180 3363 2341 3428 ’Ἔτος
2373 3364 2469 3439 μὲν
2492 3365 2599 3421 ἀπὸ
2625 3371 2724 3431 τῆς
2750 3363 3090 3439 Ἀλεξάνδρου
3119 3378 3210 3422 τοῦ
3234 3362 3531 3428 Μακεδόνος
3557 3365 3736 3445 ἀρχῆς

2099 3451 2467 3519 ἐξακσσιοστὸν
2499 3453 2585 3521 ἦν.
2618 3452 2961 3534 Martyrium
2991 3460 3330 3516 sanctorum
3363 3451 3587 3531 Guria,
3621 3455 3738 3515 Sa-

2102 3560 2295 3603 mona
2323 3550 2381 3603 et
2412 3540 2613 3618 Abibi,
2648 3551 2706 3604 et
2730 3543 2805 3605 de
2836 3559 3042 3604 eorum
3077 3541 3368 3604 miraculo
3416 3551 3645 3623 patrato
3678 3542 3739 3604 iu

2098 3631 2359 3711 puellam
2391 3631 2809 3712 Euphemiam.

2181 3720 2356 3802 [130]
2430 3720 2670 3800 Νέρωνος
2754 3722 2896 3785 αὖθις
2980 3722 3044 3780 τὰ
3135 3712 3408 3796 Ῥωμαίων
3493 3726 3740 3800 σκῆπτρα

2098 3809 2369 3875 διέποντος
2445 3814 2470 3868 ἓ,
2527 3814 2829 3887 θαυμαστὸς
2889 3813 3167 3887 Ναζαίριος.
3237 3809 3370 3873 Vita
3423 3818 3481 3872 et
3538 3819 3738 3873 certa-

2099 3918 2236 3961 men
2310 3909 2648 3964 sanctorum
2714 3900 2967 3977 Nazarii,
3031 3899 3315 3977 Gerrasii,
3350 3900 3601 3963 Protasii
3677 3910 3738 3964 et

2098 3989 2273 4052 Celsi.

2178 4083 2391 4161 Μάρκου
2446 4081 2725 4140 Ἀντωνίου
2779 4082 2866 4139 καὶ
2929 4082 3146 4139 Λουκίου
3209 4082 3376 4159 Βήρου
3420 4082 3516 4148 τὴν
3569 4081 3734 4139 αὖτο-

2095 4172 2321 4249 κράτορα
2382 4164 2658 4247 Ῥωμαίοις
2716 4171 3004 4229 διεπόντων
3061 4171 3263 4251 ἀρχήν.
3324 4169 3458 4232 Vita
3516 4178 3575 4232 et
3635 4189 3734 4232 res

2093 4268 2271 4339 gesta
2299 4262 2362 4323 S.
2396 4260 2630 4324 Abercii
2663 4258 2938 4341 Episcopi
2969 4257 3427 4339 Hieropolitani.

369 4352 456 4406 καὶ
502 4350 704 4416 ἀνάντη
748 4351 835 4405 καὶ
865 4346 1086 4425 εὒχερῆ.
1123 4340 1251 4407 Vita
1297 4351 1352 4405 et
1380 4361 1478 4404 res
1508 4358 1689 4422 geSta
1718 4341 1777 4408 S.
1814 4345 2003 4408 Patris

2173 4348 2301 4410 Οὐδὲ
2358 4350 2586 4430 γυναξὶν,
2620 4340 2737 4410 οὒδὲ
2795 4340 2974 4429 κόραις
3020 4352 3077 4407 τὸ
3124 4351 3216 4418 τῆς
3277 4350 3558 4429 μαρτυρίας
3588 4350 3730 4407 ἀπο-

368 4440 556 4501 nostri
584 4435 895 4502 Joannitii.

450 4532 556 4598 Τὴν
608 4536 700 4587 τοῦ
741 4534 964 4606 Χριστοῦ
1006 4525 1237 4598 ποίμνην
1295 4522 1555 4601 ὁσημέραι
1603 4523 2007 4601 πληθυνομένην

370 4622 397 4677 ὁ
445 4617 706 4694 δυσμενὴς
752 4621 1008 4696 καθορῶν,
1042 4611 1393 4692 Martyriqu
1443 4612 1637 4674 sancti
1692 4614 2009 4679 Callistrati

365 4716 427 4771 et
453 4707 774 4770 sociorum.

449 4801 557 4865 Τῆς
618 4799 745 4865 ἴσης
776 4798 1004 4858 ἀτοπίας
1058 4795 1252 4871 νομίζω
1297 4794 1417 4849 τότε
1465 4793 1778 4874 φθέγγεσθαι
1808 4797 1874 4853 τὰ
1926 4799 2004 4874 μὴ

365 4887 572 4952 δέοντα.
600 4886 941 4967 Martyrium
964 4886 1026 4949 S.
1060 4883 1402 4947 Autonomi.

445 4981 552 5049 Τῆς
611 4977 852 5058 μεγάλης
899 4974 1106 5039 πόλεως
1162 4975 1521 5052 [εροσολύμων
1556 4976 1678 5032 ’ὑπὸ
1734 4979 1827 5033 τοῦ
1870 4983 1999 5053 Περ·

366 5075 474 5126 σῶν
500 5067 760 5146 βασιλέως
792 5065 1046 5132 ἀλούσης.
1083 5062 1422 5142 Martyrium
1468 5065 1656 5126 sancti
1688 5064 2005 5128 Callistrati

365 5159 584 5220 Persa.

446 5253 554 5315 Τῆς
601 5248 731 5325 πρὸς
788 5252 865 5319 τῷ
924 5241 1135 5316 Λιϐάνῳ
1192 5242 1299 5320 ὄρει
1365 5244 1615 5311 Φοινίκης
1673 5242 1861 5301 πολλοὶ
1905 5245 2002 5320 μὲν

365 5334 548 5399 πόλεις
604 5335 775 5414 ἓτεραι
828 5332 1159 5412 νοτιώτεραι,
1214 5333 1300 5388 καὶ
1362 5331 1693 5411 προσάρτιοι,
1756 5330 1888 5394 Vita
1945 5340 2003 5394 et

367 5444 466 5489 res
498 5434 677 5506 gesta
704 5435 762 5489 et
793 5423 1135 5504 martyrium
1169 5431 1506 5487 sanctorum
1535 5423 1894 5487 Galactionis
1942 5434 2001 5487 et

367 5513 726 5597 Epistemes.

456 5606 563 5675 Τῆς
632 5608 736 5662 τῶν
807 5612 1023 5686 Περσῶν
1093 5606 1269 5685 ἀρχῆς
1326 5606 1398 5667 εἰς
1477 5602 1674 5687 Πέρσάς
1738 5602 1997 5664 διαλυθεί-

2089 4438 2384 4497 κέκλεισθαι
2418 4438 2648 4500 στάδιον.
2693 4437 3035 4519 Martyrium
3096 4436 3198 4500 SS.
3233 4437 3549 4519 Martyrum
3602 4437 3727 4501 Me-

2092 4528 2368 4603 trodora,
2400 4527 2833 4610 Nymphodora
2866 4536 2923 4589 et
2950 4526 3305 4590 Menodora.

2172 4617 2327 4696 ’Ἄρτι
2384 4626 2476 4677 τοῦ
2524 4617 2760 4696 μεγάλου
2814 4623 2912 4685 τῆς
2943 4616 3191 4685 ἀληθείας
3238 4617 3614 4697 εὐαγγελιστοῦ
3671 4641 3727 4675 τε

2089 4710 2177 4766 καὶ
2206 4726 2459 4786 κήρυκος.
2495 4709 2837 4787 Martyrium
2871 4706 2933 4770 S.
2960 4705 3216 4769 Thecla.

2169 4798 2348 4855 Πολλὰ
2399 4800 2484 4855 καὶ
2540 4797 2749 4877 μεγάλα
2817 4819 2883 4871 με
2939 4797 3037 4864 τὴν
3095 4797 3377 4877 Ἀντιόχου
3444 4800 3727 4875 θαυμάζειν

2086 4895 2501 4967 παρακαλοῦσιν.
2555 4886 2689 4949 Vita
2744 4895 2804 4948 et
2859 4903 2957 4947 res
3014 4894 3192 4966 gesta
3262 4894 3320 4948 et
3377 4889 3724 4968 martyrium

2085 4983 2429 5041 sanctorum
2459 4975 2734 5057 Cypriani
2765 4985 2825 5039 et
2851 4975 3116 5040 Justina.

2152 5066 2363 5129 Ethac
2376 5066 2616 5148 quidem
2643 5084 2747 5146 pro
2762 5066 2914 5128 Vitis
2934 5075 3276 5128 sanctorum
3298 5071 3441 5129 satis
3469 5067 3729 5130 sint.Ve-

2084 5176 2215 5218 rum
2269 5155 2726 5237 Metaphrastem
2759 5165 2974 5238 prater
3025 5157 3133 5218 has
3160 5165 3502 5218 sanctorum
3534 5156 3720 5233 Vitas,

2084 5246 2197 5309 alia
2218 5265 2451 5327 quoque
2465 5245 2780 5326 scripsisse
2798 5254 3011 5327 prater
3025 5245 3083 5307 id
3109 5245 3266 5327 quod
3286 5246 3479 5308 innuit
3493 5244 3725 5308 Psellus

2083 5336 2143 5397 in
2199 5335 2327 5415 ejus
2358 5336 2716 5400 laudatione.
2778 5328 2868 5400 Ὠς
2902 5338 2945 5392 εὶ
2975 5337 3063 5393 καὶ
3091 5334 3256 5411 μηδὲν
3286 5335 3417 5393 ἄλλο
3447 5343 3524 5410 τῷ
3583 5335 3726 5416 ἀνδρὶ

2081 5424 2477 5500 διεσπούδαστο,
2539 5424 2666 5503 μηδ’
2733 5426 3057 5506 ἀποχρῶντα
3101 5426 3166 5482 τὰ
3224 5424 3357 5481 ἄλλα
3417 5426 3718 5502 σύμπαντα,

2081 5518 2167 5573 καὶ
2228 5516 2550 5574 καθέκαστον
2622 5518 2747 5595 πρὸς
2816 5516 3058 5595 ἀφορμὴν
3116 5515 3377 5596 εὐφημίας
3440 5515 3718 5592 ἀρκοῦντα*

2080 5604 2218 5664 ἀλλὰ
2266 5606 2324 5664 τό
2383 5628 2444 5685 γε
2494 5612 2733 5665 τοιοῦτον
2788 5604 2995 5663 ἑλέσθαι
3040 5602 3376 5683 σπουδασμα,
3410 5606 3499 5663 καὶ
3555 5604 3720 5671 οὕτως
