4038 6206
334 430 341 435 .
431 364 531 431 131

1784 360 2061 429 LEONIS
2115 362 2453 428 ALLATlI.

3673 349 3786 424 132

417 502 550 581 pita
571 500 764 562 sancti
787 507 847 562 et
860 499 1092 580 Dei/“eri
1114 499 1320 562 Patris
1342 504 1533 561 nostri
1550 497 1815 561 Macarii
1824 498 2058 580 ngyp-
2077 507 2116 557 Α
2137 515 2263 563 cem
2293 499 2640 560 animatum
2669 496 3138 577 Hypotyposim,
3162 493 3468 577 Capitibus
3486 509 3601 558 cxx
3625 513 3787 557 com-

424 591 604 664 (ἥβας
623 590 795 651 illius
815 589 1193 651 sermonibus
1213 588 1584 669 paraphrasi
1606 590 1882 667 exposita
1900 608 1937 650 a
1950 588 2062 651 Lo-

420 681 659 759 gotheta
707 679 1139 759 Metaphraste.
1175 680 1241 740 P.
1302 679 1487 755 Χάριτι
1514 678 1609 752 μὲν
1637 682 1724 736 καὶ
1768 677 1936 758 δωρεᾷ
1967 686 2059 735 τοῦ

421 770 725 843 Πνεύματος
750 770 858 841 οεὲᾳ
880 769 1103 830 ἕκαστος
1130 769 1282 839 ἡμῶν
1337 768 1437 834 τὴν
1468 770 1732 845 σωτηρῖαν
1764 771 2052 846 πορὶζεται,

422 861 592 916 πὶστει
621 856 674 912 δὲ
705 859 789 912 καὶ
821 857 1029 933 ἀγάπη,
1074 857 1240 932 ἀγῶνι
1300 877 1357 912 τε
1412 862 1770 935 προαιρέσεως
1803 857 2055 923 αὒτεξου-

421 951 532 1006 σὶου
589 949 682 1002 τοῦ
721 944 923 1003 τελείου
981 945 1174 1021 μέτρου
1231 946 1332 1012 τῆς
1403 948 1771 1022 πνευματικῆς
1840 947 2055 1014 ἡλικίας

416 1037 682 1116 ἐφικέσθαι
740 1033 976 1096 δύναται.
1029 1032 1253 1097 Horum
1286 1033 1546 1115 capitum
1596 1034 1835 1097 Macarii
1865 1054 1899 1097 a
1930 1034 2054 1097 ble-

422 1125 720 1202 tapltraste
751 1122 1111 1202 metaphrasi
1173 1132 1589 1186 exornatorum
1646 1125 1868 1186 mentio
1901 1126 1962 1186 iit
1996 1124 2053 1186 in

422 1213 643 1290 eclogis
674 1211 1148 1274 testimoniorum
1198 1212 1435 1275 Patrum
1495 1213 1783 1276 adversus
1811 1214 2054 1277 Barlaa-

418 1319 579 1364 mum
613 1310 675 1364 et
703 1299 1078 1383 Acindynum
1112 1311 1172 1363 et
1200 1320 1407 1365 eorum
1441 1304 1719 1366 haereses.
1779 1301 2053 1366 Subuec-

330 1402 335 1413 '
417 1390 694 1454 tebantur
721 1389 783 1451 in
808 1392 1017 1452 eodem
1051 1390 1269 1454 Codice
1304 1413 1318 1452 :
1354 1402 1456 1452 Τοῦ
1485 1396 1642 1450 αὑτοῦ
1685 1395 1835 1471 ἁγῖου
1858 1395 2056 1453 Μακα-

416 1482 525 1560 ρῖοσ
547 1480 813 1560 κεφάλαια
851 1479 1006 1559 ἕτερα
1038 1481 1296 1561 ὠφελεῖας
1330 1482 1508 1548 πάσης
1541 1482 1901 1555 πεπλησμένα
1938 1482 2051 1558 με’.

414 1568 708 1648 Ejusdem
762 1570 961 1631 sancti
1013 1568 1279 1632 Macarii
1332 1567 1459 1632 alia
1506 1572 1711 1651 capita
1756 1587 2055 1652 perquam

414 1658 603 1721 utilia
659 1658 1076 1738 quadraginta
1135 1660 1423 1739 quinque.
1460 1658 1528 1724 P.
1585 1668 1733 1718 Πᾶσα
1771 1664 1805 1730 ἡ
1865 1660 2050 1740 εὖαρέ-

415 1770 600 1817 στησις
659 1750 752 1805 τοῦ
803 1756 958 1829 Θεοῦ,
1020 1751 1109 1805 καὶ
1167 1752 1200 1817 ἦ
1274 1748 1509 1807 διακονῖα
1578 1756 1677 1818 τῆς
1750 1754 1938 1831 ψυχῆς
1997 1750 2053 1806 ἐν

2142 586 2525 667 prehensam.

2221 715 2475 797 Scripsit
2506 717 2648 778 item
2681 713 2973 795 Epistolas
3003 714 3075 775 ad
3133 714 3425 790 diversos,
3462 732 3529 775 ex
3565 713 3787 795 quibus

2141 824 2327 886 penes
2356 823 2453 867 me
2486 813 2625 867 sunt
2654 822 2886 865 novem.
2925 805 2993 867 P.
3031 808 3125 871 Ὠς
3180 805 3478 885 εὐστόχως,
3522 802 3620 865 Eae
3649 811 3786 866 sunt

2138 897 2284 959 satis
2307 895 2652 975 compositae
2684 902 2742 955 et
2789 902 3102 970 accuratas,
3133 893 3718 975 publicabunturque
3749 912 3783 954 a

2139 1003 2256 1061 me,
2290 983 2341 1045 si
2372 983 2528 1045 Deus
2558 983 2815 1056 dederit,
2852 982 3195 1064 aliquando,
3243 1002 3360 1044 una
3390 1002 3522 1044 cum
3554 982 3781 1045 Nicolai

2139 1073 2494 1155 patriarchae
2523 1072 3195 1148 Constantinopolitani,
3230 1072 3529 1134 Theodori
3559 1074 3780 1135 Metro-

2140 1163 2336 1243 politae
2366 1161 2611 1231 Nicmni.
2648 1162 2839 1223 Photii
2895 1162 3251 1224 Patriarchm
3280 1161 3779 1242 Constantinopo-

2140 1250 2329 1329 litani,
2364 1250 2647 1314 Demetrii
2681 1250 2953 1331 Cydonii,
2990 1252 3217 1314 Nicetm
3246 1251 3780 1331 Magistri,Manue-

2139 1340 2211 1403 lis
2240 1340 2582 1422 Paleeologi,
2620 1349 2679 1402 et
2708 1340 2961 1403 aliorum
2997 1340 3304 1421 Epistolis.

2219 1469 2597 1536 Carminibus
2624 1489 2860 1551 quoque
2890 1488 3135 1552 operam
3155 1469 3474 1552 impendit,
3508 1469 3779 1533 iambicis

2137 1570 2191 1624 et
2227 1561 2492 1642 politicis
2539 1560 2934 1642 potissimum,
2964 1560 3182 1641 quibus
3222 1579 3420 1623 mores
3464 1562 3774 1623 hominum

2137 1648 2552 1730 componebat,
2591 1652 2989 1729 pietatemque
3019 1649 3602 1725 adaugebatJ‘lorum
3628 1667 3776 1730 spe-

2135 1743 2330 1804 cimen
2351 1758 2535 1819 supra
2565 1738 2746 1802 habes
2777 1758 2845 1801 ex
2876 1739 2972 1813 iis,
3027 1758 3160 1821 qum
3211 1758 3393 1820 supra
3423 1740 3583 1801 inter
3612 1739 3777 1802 illius

412 1852 531 1901 τοῖς
562 1837 847 1916 λογισμοῖς
875 1827 1041 1900 ἔστιν.
1074 1838 1380 1897 Σπούδασον
1438 1850 1525 1899 οὖν
1557 1840 1739 1900 ἕωθεν.
1770 1827 1773 1828 ν
1939 1858 2041 1901 θο-

2167 1848 2338 1892 reces
2366 1827 2749 1906 signavimus.
2800 1827 2971 1890 Nunc
3028 1829 3321 1891 nonnulla
3373 1847 3769 1910 apponemus,

416 1928 632 1989 (lemne
660 1927 1058 2007 Metaphraste
1089 1927 1433 2009 paraphrasi
1466 1936 1523 1990 et
1552 1928 1681 2008 ipsa
1709 1926 2051 2010 explicata?
2134 1928 2256 1981 tum
2292 1927 2355 1980 ut
2414 1918 2674 1982 hominis
2731 1917 3035 2010 ingenium
3094 1918 3297 2010 ferax,_
3340 1927 3773 2010 expertumque

415 2017 539 2095 Ego
571 2030 757 2097 puto:
814 2006 913 2077 alii
974 2006 1196 2078 certius
1233 2006 1671 2080 determinent.
1706 2006 1806 2081 Sic
1835 2016 2047 2079 eodem
2131 2027 2438 2088 agnoscas,
2468 2017 2590 2070 tum
2625 2015 2689 2069 ut
2715 2006 3115 2097 abimperitis
3144 2007 3373 2070 similes
3401 2007 3775 2097 antiquitatis

405 2094 537 2185 ipso
568 2094 842 2185 tempore
875 2122 993 2166 non
1041 2103 1158 2166 alio
1197 2123 1380 2186 scopo
1413 2107 1528 2167 Leo
1559 2106 1884 2185 imperator
1913 2104 2046 2168 edi-
2132 2116 2278 2178 opes
2309 2106 2552 2179 propter
2579 2097 2671 2159 sui
2702 2096 2921 2159 molem
2951 2097 3246 2175 exiguam,
3276 2096 3545 2162 interitui
3575 2094 3773 2158 obuo-

406 2194 517 2268 (ιὶῑ,
574 2196 927 2262 Οὶακιστικὴν
973 2198 1169 2275 ψυχῶν
1217 2197 1583 2258 ὑποτύπωσιν.
1641 2194 2041 2259 Gubernatri-

2170 2188 2242 2250 iaa
2271 2205 2377 2271 per
2399 2205 2496 2250 me
2518 2195 2951 2250 conserventur
2976 2186 3332 2269 posteritati.

1197 2286 1222 2349 Ι

484 2383 882 2465 Alphabetum
931 2382 1160 2445 domini
1197 2333 1525 2465 Eymconis
1554 2389 1611 2447 et
1657 2382 1966 2465 logothctaz

1046 2463 1267 2526 cursus
1289 2463 1378 2544 (a)
1391 2509 1405 2525 .

482 2573 577 2636 Ab
607 2570 794 2635 oculis
807 2570 930 2633 Dee
950 2568 1222 2632 Creatori
1253 2569 1893 2653 lacrymas,cordisque
1925 2591 2042 2634 una

402 2680 723 2742 aerumnas,
754 2660 971 2723 animm
997 2668 1193 2721 autem
1228 2660 1635 2741 paenitentiam
1659 2660 1864 2722 odero.

2909 2303 2996 2353 Δ.

2130 2403 2467 2484 Ἀλφάβητον
2526 2408 2620 2459 τοῦ
2676 2409 2859 2484 κυροῦΔ
2903 2401 3122 2484 Συμεὼν
3173 2402 3261 2457 καὶ
3337 2399 3620 2480 λογοθέτου
3677 2407 3771 2457 τοῦ

2838 2479 3032 2560 δρόμου
3042 2528 3056 2544 .

2122 2592 2258 2651 Ἀπὸ
2300 2593 2573 2673 βλεφάρων
2602 2591 2821 2671 δᾶκρυα,
2859 2592 2965 2649 ἀπὸ
2994 2590 3210 2668 καρδίας
3240 2593 3461 2663 πόνους,

2201 2682 2337 2740 Ἀπὸ
2367 2686 2547 2763 ψυχῆς
2578 2681 2862 2759 μετάνοιαν
2892 2683 3175 2760 προσφέρω
3203 2705 3287 2739 σοι
3319 2689 3395 2755 τῷ
3430 2684 3652 2759 Κτῖστῃ.

481 2751 626 2826 Quae
644 2751 957 2831 voluptatis
975 2750 1161 2830 gratia
1180 2749 1475 2815 feci.nunc
1491 2768 1593 2811 cor
1618 2750 2034 2826 transfodiam,

2165 2772 2283 2850 I33]
2315 2749 2482 2840 Κέλτῖ
2498 2749 2590 2848 μοι
2621 2781 2707 2830 νῦν
2739 2749 3022 2851 γεγόνασιν
3045 2749 3109 2828 ἀί
3164 2749 3442 2851 φιλήδονοι
3492 2749 3707 2851 πράξεις
3742 2789 3757 2804 '

399 2845 689 2919 siquidem
719 2846 913 2903 carnis
952 2846 1271 2915 voluptates
1304 2843 1594 2902 cruciatus
1637 2847 1833 2902 animo
1866 2859 2041 2917 pepe-

401 2939 630 2992 rerum.

484 3017 757 3080 Proclive
772 3021 1079 3096 est,probe
1102 3015 1445 3095 scio,genus
1466 3015 1789 3079 humanum
1810 3018 1881 3079 ad
1904 3037 2042 3099 pec-

403 3114 597 3168 catum
627 3126 644 3183 ;
675 3124 783 3185 ego
819 3104 1197 3185 autem,proh
1217 3104 1411 3167 dolor!
1450 3104 1755 3167 brutorum
1784 3106 2037 3169 instinc-

401 3203 523 3257 tum
553 3214 686 3257 sum
722 3204 1199 3275 praetergressus.

480 3285 948 3361 Adeste,animse
964 3284 1643 3365 benignaeJacrymarum
1657 3285 1852 3348 fontes
1868 3286 2036 3350 vivos

401 3374 693 3439 etfundite
719 3391 734 3451 ;
767 3393 900 3437 nam
933 3373 1127 3455 gravia
1154 3372 1470 3436 commissa
1492 3383 1629 3435 sunt
1651 3376 2032 3440 offendicula.

470 3468 577 3527 Sed
589 3467 864 3526 audacius
882 3468 1274 3540 proloquar.Si
1298 3478 1473 3539 pones
1491 3479 1558 3533 to,
1572 3469 2032 3537 Christe,sancti-

2204 2861 2419 2918 Ἦόοναὶ
2448 2860 2887 2942 μετεσσράφησαν
2918 2862 2990 2924 εἷς
3021 2859 3271 2940 χαλεπὰς
3302 2860 3505 2926 ὀδύνας.

2123 2951 2279 3015 Γένος
2309 2952 2511 3029 βροτῶν
2543 2950 2840 3031 εὒόλισθον,
2875 2949 3025 3026 οἶδα,
3057 2952 3191 3030 πρὸς
3222 2951 3481 3030 ἆμαρτίαν
3503 2966 3517 2980 ⁸

2199 3127 2350 3186 Ἀλλ’
2382 3130 2510 3208 ἐγὼ,
2556 3136 2683 3210 cesi}!
2720 3128 3056 3209 παρέδραμον
3086 3133 3173 3187 καὶ
3213 3131 3307 3199 τὴν
3341 3130 3536 3208 ἄλογον
3578 3130 3757 3211 φύσιν,

2124 3228 2306 3293 Δεῦτε,
2331 3221 2503 3299 ψυχαὶ
2533 3218 2915 3298 φιλάνθρωποι,
2950 3216 3098 3276 δεῦτε
3131 3217 3367 3296 δακρύων
3400 3218 3620 3298 ὄμϐρος,

2199 3307 2333 3366 Ἀπὸ
2377 3313 2568 3389 ψυχῶν
2596 3309 2888 3382 κενώσατε,
2922 3308 3137 3365 πολλῶν
3163 3311 3371 3385 θρήνων
3406 3309 3573 3375 ἄξιαι.

2119 3400 2255 3477 Ἐρῶ
2284 3420 2333 3454 τι
2360 3400 2447 3455 καὶ
2474 3399 2807 3477 θρασύτερον·
2848 3400 2903 3455 Εἴ
2938 3404 3055 3471 νικᾷ
3086 3421 3167 3455 σοι
3200 3399 3539 3479 χρηστότηεν

2201 3489 2411 3567 Χριστὲ,
2445 3490 2633 3546 κακῖαν
2665 3488 2763 3564 ἃμε
2777 3509 2912 3566 ερον,
2949 3486 3036 3545 ἐπ’
3069 3488 3187 3564 ἐμοὶ
3217 3490 3303 3543 νῦν
3337 3490 3590 3569 φανεὶτω.

398 3563 877 3657 tas'peccatorutn
903 3554 1104 3648 sordes
1126 3566 1377 3624 superat,
1399 3556 1520 3629 jam
1566 3557 1704 3613 mihi
1727 3556 2034 3615 securrito.

2165 3585 2223 3657 ᾖν
2253 3578 2415 3645 οὕτως
2445 3577 2799 3657 ἁμαρτάνοντι
2831 3580 2890 3633 τό
2916 3581 3096 3635 θανεῖν
3124 3582 3288 3636 πόσον
3316 3579 3595 3656 κρεῖττονέ

478 3635 553 3701 Ut
582 3646 673 3699 est
704 3637 916 3700 melius
947 3636 1097 3700 mori
1143 3657 1318 3719 quam
1352 3642 1438 3701 sic
1470 3641 1729 3722 peccatis
1757 3642 2032 3703 obrutum

401 3730 635 3791 vivere!
671 3738 889 3811 quanto
922 3729 1139 3792 melius
1168 3739 1295 3792 erat
1324 3750 1444 3795 non
1478 3732 1675 3796 nasci!

477 3818 685 3882 Levavi
715 3820 791 3880 ad
825 3826 906 3895 te,
959 3817 1228 3896 Domine,
1264 3822 1469 3884 oculos
1500 3827 1739 3898 mentis,
1774 3822 2031 3899 nequid-

395 3927 595 3991 quam,
630 3905 1061 3970 misericordiaa
1090 3925 1196 3988 spe
1224 3909 1351 3988 ipsa
1381 3910 1722 3974 destitutus.

475 3996 676 4060 Mortis
730 3997 924 4076 imago
978 4003 1170 4059 terret
1225 4001 1549 4075 mortales;
1612 4018 1705 4061 me
1736 4019 1870 4081 qum
1900 4009 2034 4081 post

398 4097 648 4149 mortem
673 4086 1088 4164 erunt,majori
1115 4087 1291 4148 etiam
1317 4088 1640 4152 formidine
1663 4090 2026 4172 percutiunt.

478 4172 1272 4257 Respice,Verbum,animm
1302 4196 1450 4241 meae
1479 4180 1849 4262 pravitatem;
1872 4181 2033 4242 auxi-

395 4268 570 4330 liator
599 4265 745 4327 mihi
774 4268 858 4326 sis
888 4264 1203 4345 propitius.

473 4358 632 4421 Reos
663 4355 878 4435 punire
912 4354 1014 4415 tibi
1046 4354 1201 4417 haud
1234 4357 1448 4439 volupe
1480 4379 1495 4440 ;
1530 4357 1649 4421 imo
1684 4358 1911 4421 salvere
1935 4378 2031 4422 me

393 4448 582 4526 magis
609 4451 864 4525 gratum.
891 4442 998 4506 His
1025 4463 1119 4506 me
1149 4448 1453 4510 consolor.

472 4537 595 4598 Leo
620 4532 882 4596 crudelis
905 4551 1000 4595 me
1020 4553 1336 4615 aggressus
1361 4546 1754 4618 est,quazrens
1769 4538 2028 4600 animam
2052 4539 2097 4592 D

393 4642 586 4688 meum
615 4622 891 4705 perdere.
926 4622 1081 4686 Ecce
1129 4644 1235 4688 ore
1287 4626 1563 4708 improbo
1612 4626 1753 4691 ruit.
1786 4626 2029 4708 Porrige

392 4732 634 4776 manum
670 4722 827 4776 tuam
861 4713 1259 4780 salvatricem.

473 4806 557 4865 Tu
568 4803 734 4865 solus
745 4803 877 4866 sine
888 4813 1129 4884 peccato
1144 4805 1475 4881 es,Christe
1488 4806 1676 4868 Patris
1697 4806 2025 4886 unigenite.

471 4891 593 4969 Ego
614 4898 810 4954 autem
829 4892 1092 4955 actiones
1105 4895 1452 4956 tenebrosas
1468 4895 1875 4976 patravi,lucis
1890 4914 2034 4977 ope-

390 5000 459 5046 ra
491 4999 744 5062 perosus
778 5000 792 5044 :
826 4998 1005 5061 quare
1033 5000 1252 5045 crassae
1282 5002 1377 5046 me
1400 4984 1716 5047 obvolvunt
1740 4985 2029 5051 tenebras.

2197 3669 2271 3748 ’ᾭ
2315 3669 2408 3725 καί
2452 3667 2655 3744 μᾶλλον
2688 3668 2966 3747 συνέφερεν
2996 3665 3134 3731 ὅλως
3167 3670 3243 3743 μὴ
3273 3672 3620 3747 γεννηθῆναι,

2118 3754 2249 3831 Ἦρα
2277 3759 2409 3837 πρὸς
2441 3758 2499 3814 σὲ
2528 3757 2593 3812 τὰ
2623 3756 2862 3833 ὄμματα,
2900 3756 3165 3836 Δέσποτα,
3202 3758 3298 3826 τῆς
3331 3756 3569 3839 καρδῖας·

2197 3847 2449 3924 Κράζοντι
2494 3851 2696 3920 πικρῶς
2727 3844 2898 3918 ἔλεον,
2943 3843 3184 3910 ὶξὲλιπον
3228 3844 3460 3910 ἐλπῖδες,

2116 3936 2350 3993 Θανάτου
2377 3937 2437 3993 τὸ
2469 3936 2810 4012 μνημόσυνον
2836 3936 3022 4013 πικρόν
3053 3959 3103 3992 τι
3132 3949 3251 4001 τοῖς
3283 3937 3601 4016 ἀνθρώποις·

2191 4025 2322 4101 Ἐμὲ
2353 4035 2446 4085 τοῦ
2478 4025 2660 4091 τέλους
2690 4024 2852 4082 πλέον
2882 4023 2960 4098 δὲ,
2990 4026 3058 4083 τὰ
3088 4027 3225 4101 μετὰ
3254 4025 3408 4090 τέλος
3439 4028 3618 4097 τήκει,

2116 4112 2259 4172 Ἰδὼν
2291 4113 2373 4171 ἴδε
2400 4116 2501 4182 τὴν
2529 4118 2766 4172 κάκωσιν
2797 4120 2893 4182 τῆς
2927 4115 3063 4191 ἐμῆς
3098 4117 3309 4197 ψυχῆς,
3345 4118 3510 4197 Λόγε,

2194 4205 2298 4266 Καὶ
2340 4208 2627 4281 συμπαθῶς
2670 4207 2936 4280 ἐπίστηθι,
2982 4202 3076 4260 καὶ
3122 4208 3200 4279 μὴ
3237 4205 3648 4284 ἆντιπαρὲλθῇς.

2116 4291 2391 4370 Κολάζειν,
2425 4293 2566 4367 οἶδα,
2606 4292 2874 4366 Δέσποτα,
2905 4293 3129 4370 γνώμην
3158 4296 3251 4351 οὐκ
3280 4294 3429 4373 ἔχεις
3464 4294 3630 4369 ὅλως,

2193 4385 2403 4461 Χαῖρεις
2436 4382 2492 4439 δὲ
2522 4383 2726 4458 μᾶλλον
2754 4383 2934 4454 σώζων
2960 4385 3223 4459 nefoth
3254 4405 3320 4460 με
3349 4382 3536 4442 θάλπει
3563 4387 3747 4463 μόνον.

2113 4471 2261 4528 Λέων
2291 4475 2478 4552 πικρὸς
2507 4473 2707 4539 ὲπέστη
2732 4495 2850 4548 μοι,
2882 4471 3015 4529 λέων
3048 4475 3075 4529 ὁ
3108 4472 3448 4555 ψ’)χοφθόρος

2193 4561 2423 4629 ’Ἦνοιξε
2469 4562 2664 4639 στόμα,
2698 4563 3024 4643 Πρόφθασον·
3060 4576 3226 4643 χεῖρα
3277 4561 3387 4629 δός·
3422 4562 3629 4643 ἥρπασέ
3658 4585 3755 4641 με,

2114 4745 2287 4808 Μόνος
2334 4744 2486 4806 αὒτὸς
2522 4744 2627 4822 οὐχ
2657 4741 2913 4822 ἥμαρτες.
2949 4740 3115 4798 Ἀλλὰ
3144 4745 3374 4800 τοσαῦτα
3405 4744 3588 4820 μόνος.

2194 4835 2266 4890 Σὺ
2310 4834 2472 4909 μόνος
2516 4833 2914 4912 ἀναμάρτητος,
2958 4834 3046 4888 καὶ
3079 4835 3300 4910 Χριστὸς
3349 4833 3514 4899 ὅντως
3564 4835 3758 4913 μόνος.

2115 4925 2317 4986 Νυκτὸς
2359 4922 2570 5001 πράξεις
2602 4922 2885 4999 ἠγάπησα,
2918 4924 3094 4999 φωτὸς
3125 4921 3249 5000 ἔργα
3283 4926 3544 4997 μισήσας’

2192 5011 2366 5070 ’Ὀθεν
2395 5014 2482 5068 καὶ
2512 5011 2782 5090 περιμένει
2814 5033 2879 5085 με
2911 5010 3097 5075 σκότος
3129 5013 3189 5068 τὸ
3220 5014 3589 5093 ψυχοαρθόρον,

471 5070 810 5181 Tuquidem
825 5070 1280 5181 iactaverbaque
1302 5092 1432 5136 mea
1445 5073 1807 5155 reprobas;si
1833 5083 2030 5138 tamen

2583 5070 2594 5090 ι
2637 5070 2648 5086 ι
2814 5070 2825 5085 ι
3083 5070 3095 5075 ν
3236 5070 3245 5088 ι
3301 5070 3338 5093 Iv
3386 5070 3396 5093 δ
3473 5070 3525 5093 r’

2170 5102 2259 5159 ἐνα
2287 5123 2370 5156 σοι
2414 5103 2499 5157 καὶ
2531 5098 2814 5180 παράδοξα,
2863 5101 3033 5157 πάντα
3065 5107 3294 5158 νικῶντα
3326 5102 3489 5181 λόγον
3532 5122 3549 5139 ο

391 5180 488 5224 me
509 5159 893 5242 reprobatum
924 5159 1138 5236 salvas,
1163 5162 1357 5226 dicam
1393 5173 1448 5227 te
1478 5165 1765 5245 sospitem
1800 5183 2023 5230 meum.

467 5254 720 5329 Quando
736 5262 1112 5335 peccatorum
1137 5275 1404 5320 meorum
1428 5258 1870 5321 multitudinem
1889 5278 2027 5342 sup-

386 5356 554 5426 puto,
588 5342 663 5406 ob
688 5343 1003 5405 instantem
1038 5363 1272 5426 pmnam
1303 5357 1465 5410 metu
1498 5350 1811 5411 excrucior
1838 5348 1852 5412 !

2191 5191 2322 5267 Ἐμέ
2352 5189 2405 5246 δὲ
2437 5193 2528 5246 τὸν
2557 5190 2871 5266 κατάκριτον
2921 5192 2965 5246 εἰ
3020 5191 3238 5271 σώσεις,
3288 5193 3499 5249 πάντων
3532 5200 3758 5270 μεῖζον.

2108 5281 2287 5339 ’Ὅταν
2317 5280 2714 5357 ἆναλογῖσωμαι
2762 5281 2867 5337 τῶν
2910 5283 3089 5336 κακῶν
3121 5303 3222 5355 μου
3266 5283 3329 5338 τὰ
3361 5282 3568 5365 πλήθη,

2189 5377 2355 5437 Ποϊος
2386 5371 2578 5449 τρόμος
2612 5371 2824 5451 συνέχει
2854 5393 2921 5447 με
2951 5373 3047 5437 τῆς
3080 5371 3208 5439 ἴσης
3240 5373 3496 5450 τιμωρῖσς
3532 5380 3545 5436 !

460 5438 776 5535 Muitosper
788 5439 1000 5509 gradus
1011 5439 1195 5544 glorija
1215 5451 1310 5498 tua
1326 5441 1670 5544 incedit,per
1682 5443 1891 5501 multos
1905 5456 2028 5502 cas-

2165 5461 2309 5518 ολλαὶ
2353 5459 2515 5537 μοναί
2545 5466 2643 5528 τῆς
2674 5458 2829 5528 δόξης
2875 5483 2991 5535 σου,
3039 5460 3231 5518 πολλαὶ
3261 5467 3347 5519 καὶ
3378 5465 3647 5544 τιμωρῖαι,

389 5525 585 5596 tigetio
608 5524 782 5581 etiam
804 5524 1220 5595 tuazquomodo
1242 5524 1519 5597 supplicia
1542 5527 1739 5585 isthmc
1760 5529 2028 5600 portabo?

465 5634 555 5727 (α)
589 5633 1148 5721 Interpretationem
1180 5637 1450 5700 Latinam
1481 5638 2021 5710 addidimus.Enrr.

2188 5553 2369 5622 Τάξεις
2401 5556 2487 5611 καὶ
2519 5551 3098 5635 μὲτρα,Δέσποτα.Φεῦ
3114 5576 3205 5633 μοι
3230 5553 3245 5615 Ῑ
3272 5555 3360 5612 καὶ
3382 5557 3495 5622 πῶς
3518 5557 3745 5638 unciam;
