4038 6206
398 343 508 415 135

388 492 447 546 et
477 483 584 544 bos
613 477 776 544 bovis
804 473 1089 544 societate
1115 474 1373 561 privatus
1403 476 1688 556 lacrymas
1720 474 1933 536 fundit.

469 571 765 649 Equidem
809 577 1002 632 amico
1051 586 1246 645 eoque
1325 563 1698 627 nobilissimo
1752 563 2034 626 defuncto

391 661 535 742 quid
569 662 778 724 faciam
812 661 838 721 ?
897 657 1189 740 Lacrymis
1251 656 1511 735 profecto
1545 654 1749 715 offusis
1793 655 1918 716 haec
1958 654 2029 715 ad

392 762 470 826 te,
505 749 766 828 Syliane,
799 749 1021 822 scribo,
1055 746 1128 808 ad
1161 754 1216 807 te
1269 746 1367 824 qui
1403 744 1548 806 mihi
1598 763 1663 806 es
1693 743 1868 805 dulce
1919 743 2032 805 de.

390 858 516 916 cus,
549 840 608 900 in
641 838 920 900 aerumnis
950 835 1308 906 consolator,
1343 837 1402 894 in
1447 852 1644 897 rerum
1677 833 2032 894 adversitate

390 929 747 1003 auxiliaris;
808 927 907 1006 qui
961 943 1224 986 mearum
1279 925 1338 984 in
1376 934 1429 986 te
1474 931 1699 1004 partem
1757 940 2030 984 curarum

387 1018 670 1097 suscipis,
709 1016 992 1097 philtrum
1027 1015 1128 1096 qui
1162 1033 1225 1074 es
1250 1012 1516 1074 omnium
1550 1013 1809 1084 dierum,
1832 1017 2034 1073 insons

391 1125 529 1185 erga
583 1114 908 1178 insontem,
939 1123 1073 1166 cum
1109 1103 1384 1165 libertate
1417 1101 1592 1164 verba
1623 1101 1870 1176 faciens,
1907 1101 2032 1163 ani-

390 1195 472 1258 mi
517 1213 888 1276 nequaquam
941 1193 1252 1274 ambigui;
1314 1193 1418 1270 qui
1458 1211 1561 1276 me
1610 1209 2033 1272 nonnunquam

385 1274 824 1366 pusillanimem
879 1284 1081 1363 erigis,
1116 1283 1217 1363 qui
1260 1274 1502 1362 semper
1557 1287 1617 1341 in
1651 1299 1852 1342 rerum
1903 1281 2032 1342 dis-

385 1373 640 1436 crimine
671 1383 884 1455 praesto
917 1382 1008 1435 est
1041 1391 1054 1435 :
1088 1373 1160 1433 ad
1196 1381 1273 1440 te.
1304 1371 1464 1432 chari
1498 1370 1708 1451 capitis
1730 1368 2030 1431 desiderio

386 1464 748 1539 vulneratus,
783 1480 1052 1533 accurro,
1088 1460 1189 1542 qui
1240 1461 1479 1522 unicum
1510 1461 1778 1523 solamen
1827 1458 1890 1521 in
1919 1477 2028 1538 ge-

383 1552 628 1614 mitibus
659 1561 719 1616 et
744 1552 1019 1634 lacrymis
1050 1551 1266 1613 habeo.

458 2124 898 2191 Commentaria
948 2123 1010 2185 in
1037 2123 1252 2185 Lucam
1313 2121 1624 2200 scripsisse
1657 2123 2019 2204 Metapbras-

372 2228 519 2289 tem,
579 2234 698 2278 non
753 2233 930 2277 nemo
989 2211 1243 2294 probare
1295 2209 1605 2272 conabitur
1675 2213 2016 2276 testimonio

372 2305 763 2387 Theophanis
813 2303 1080 2368 Ceramei
1138 2300 1396 2365 Humilia
1447 2307 1507 2362 in
1556 2301 1828 2382 quintum
1887 2305 2015 2366 Ma-

370 2397 625 2459 tutinum
673 2393 1089 2474 Evangelicum
1125 2415 1142 2467 ;
1192 2395 1278 2453 sic
1310 2391 1466 2452 enim
1519 2391 1664 2455 ille:
1703 2395 1795 2450 Καὶ
1848 2395 1921 2459 ὡς
1954 2394 2015 2451 ἂν

370 2488 448 2563 μὴ
508 2488 593 2544 καὶ
623 2487 785 2561 ἡμεῖς
843 2482 1077 2559 δόξωμεν
1108 2481 1398 2539 ἁπεοικότα
1456 2485 1826 2563 μαντευεσθαί,
1861 2482 2014 2550 ἀξιό-

369 2598 546 2658 χρεων
589 2574 809 2632 ἐνταῦθα
839 2575 1162 2652 παράγωμεν
1194 2573 1429 2650 μάρτυρα
1461 2571 1775 2650 Συμεώνην,
1795 2575 1886 2628 τὸν
1919 2575 2014 2638 τὰς

368 2666 723 2746 μεταφράσεις
775 2664 831 2722 εὖ
861 2663 1006 2740 μάλα
1055 2662 1389 2738 συνθέμενον·
1423 2661 1642 2742 ἀπορχὴ
1695 2665 1782 2719 οὖν
1811 2667 1888 2738 τῷ
1941 2665 2013 2728 εἷς

367 2758 458 2814 τὸν
482 2758 620 2834 ἱερὸν
653 2761 856 2812 Λουκᾶν
885 2755 1229 2828 ὑπομνήματι
1257 2759 1414 2809 τοῦτο
1441 2752 1773 2824 ποιούμενος,
1822 2753 1905 2816 Ac
1935 2769 2014 2814 ne

1738 337 2017 404 LEONIS
2070 331 2409 404 ALLATlI.

2039 483 2077 530 Α
2104 463 2302 539 ’Ἵππος
2334 471 2546 539 διαστὰς
2576 472 2820 532 δάκνεται
2853 475 2947 529 τοῦ
2977 471 3265 546 συννόμου,

3660 329 3773 399 136

2121 565 2217 621 Καὶ
2247 564 2370 640 βοῦς
2403 564 2670 640 στερηθεὶς
2696 569 2788 618 τοῦ
2818 562 3074 630 συνήθους
3103 558 3336 638 δακρύει.

2118 651 2258 730 Ἐγὼ
2287 654 2336 708 τί
2365 651 2539 730 δράσω
2568 652 2830 725 ζημωθεὶς
2862 651 2952 706 τὸν
2986 649 3136 730 φίλον
3175 671 3190 718 ς

2115 741 2290 798 Φίλων
2320 744 2381 798 τὸ
2417 740 2794 815 ιαλλώπισμα,
2828 742 2927 807 τὴν
2956 737 3212 815 κορωνίδα
3246 757 3261 818 ;

2117 831 2208 910 Σὲ,
2246 830 2522 904 Στυ)ιανὲ,
2553 837 2718 887 ταῦτα
2748 828 2986 908 δακρύων
3019 828 3228 907 γράφω,

2116 920 2470 1000 Πρόσφθεγμα
2497 921 2711 998 τερπὸν,
2748 925 2861 975 πῶν
2891 918 3034 984 ἐμῶν
3068 919 3246 974 πόνων
3279 917 3448 993 λύσις,

2119 1011 2308 1068 Κόπων
2340 1010 2525 1087 βοηθὲ,
2559 1009 2887 1084 συμμεριστὰ
2911 1004 3218 1086 φροντίδων,

2121 1097 2350 1156 Κοινωνέ
2383 1098 2618 1170 πάντων,
2651 1099 2738 1154 καὶ
2769 1095 2947 1152 πλέων
2977 1102 3085 1151 τῶν
3121 1097 3411 1175 χειρόνων,

2117 1186 2339 1265 Φίλτρον
2372 1184 2579 1263 βέϐαιον
2611 1187 2670 1242 ου
2701 1187 2828 1262 πρὸς
2861 1184 3065 1261 ἡμέραν
3096 1186 3316 1261 βλεπον,

2117 1276 2340 1353 Φίλτρον
2370 1276 2622 1355 φυλάξας,
2659 1273 2889 1349 οὐδαμοῦ
2918 1274 3075 1354 φέρον
3107 1275 3298 1350 ψόγον,

2114 1363 2414 1443 Ἐλεύθερον
2446 1365 2716 1444 φρόνημα,
2749 1363 2971 1430 διπλόης
3008 1363 3175 1443 ξένον,

2111 1453 2281 1532 ῘΕμῆς
2313 1455 2675 1532 παρη-τόρτδμα
2707 1455 3094 1532 μικροψυχίας,

2107 1528 2169 1602 ⁸0
2181 1528 2187 1530 Ὗ
2201 1546 2287 1600 καὶ
2317 1528 2487 1600 πλέον⁷
2506 1528 2892 1617 μοιήσυνδεθείς
2910 1528 3126 1617 δεσμοῖς
3159 1544 3342 1623 πόθου,

2110 1632 2350 1697 ’Ἂλυτος
2380 1633 2536 1701 ἦλθες
2567 1635 2699 1707 πρὸς
2729 1634 2891 1696 πνοὰς
2925 1634 3015 1696 νὰς
3048 1633 3311 1712 ἐσχάτας,

2110 1724 2208 1780 Καὶ
2239 1729 2326 1778 νῦν
2354 1723 2460 1799 ἐγώ
2493 1745 2586 1781 σου
2614 1728 2691 1794 τῷ
2720 1723 2866 1794 πόθῳ
2892 1723 3252 1798 τετρωμένος,

2109 1821 2147 1869 K
2188 1813 2201 1831 ς
2323 1811 2369 1846 αλ
2467 1817 2480 1836 ,
2535 1813 2548 1833 ς
2682 1835 2700 1846 _
2741 1812 2753 1830 .
2962 1813 2973 1831 η
3142 1812 3152 1828 ν

2155 1834 2206 1868 αι
2235 1831 2403 1888 μηδι-,ν
2435 1835 2596 1892 ευρων
2625 1813 2699 1875 εἷς
2731 1817 3021 1891 αναψυχην
3053 1810 3238 1890 πλεον,

2103 1901 2297 1965 Μόνοις
2328 1915 2649 1981 στενογμοϊς
2685 1902 2770 1958 καὶ
2805 1899 3142 1978 σταλαγμοῖς
3172 1898 3435 1980 δακρύων,

2101 1992 2276 2070 Ψύχω
2303 1993 2364 2048 τὸ
2397 1999 2632 2066 πνεῦμα,
2664 1990 2958 2065 σπένδομαι
2989 1991 3092 2058 τὴν
3123 1989 3366 2070 καρδίαν.

2101 2130 2471 2194 Μαιιὴωιιτπ.
2534 2124 2856 2207 ⁹Υπόμνημα
2911 2135 2985 2196 εἰς
3035 2132 3125 2188 τόν
3179 2133 3464 2211 Προφήτην
3525 2129 3756 2188 Ἀϐδιούο

2101 2221 2585 2285 Commentarius
2615 2223 2682 2284 in
2713 2221 2980 2283 Abdiam
3009 2220 3400 2300 Pr0phetam.
3433 2211 3760 2298 ⁸ι⁴πὸμνημα

2101 2313 2174 2376 εἷς
2207 2315 2297 2369 τὸν
2332 2313 2480 2391 ἅγιον
2511 2313 2808 2369 ὰπόστολον
2851 2311 3140 2373 Φίλιππον.
3178 2310 3664 2374 Cammantarius
3693 2313 3760 2373 in

2097 2410 2371 2463 sanctum
2419 2401 2750 2481 apostolum
2793 2400 3170 2481 Philippum.
3209 2392 3532 2476 ἰ’πὸμνημα
3569 2402 3639 2464 εἰς
3663 2403 3755 2457 τὸν

2097 2492 2250 2570 ἆίγιον
2294 2493 2594 2550 ἀποστολον
2625 2492 2896 2572 Ἀνδρέαν.
2934 2491 3424 2554 Commentarius
3478 2495 3542 2552 in
3571 2507 3754 2553 Stlth-

2099 2588 2226 2643 tum
2258 2580 2589 2659 apostolum
2640 2580 2980 2643 Andream.
3020 2572 3341 2654 ’Υπόμνημα
3382 2583 3453 2646 εἷς
3482 2581 3572 2637 τὸν
3602 2580 3756 2656 ἅγιον

2096 2669 2354 2728 Ἰάκωϐον
2377 2674 2467 2729 τὸν
2497 2671 2816 2733 ἀπόστολον.
2857 2672 3340 2734 Commentarius
3381 2672 3447 2732 in
3475 2677 3756 2732 sanctum

2096 2760 2384 2823 Iacobum
2413 2752 3110 2841 αροδιοιιιγη,“ι’πδμνημα
3133 2763 3204 2825 ἑίς
3227 2763 3318 2818 τὸν
3346 2760 3498 2838 ἅγιον
3527 2761 3757 2816 ἀπόστο-

367 2863 477 2909 nos
535 2845 719 2906 etiam
775 2845 906 2906 sine
958 2841 1267 2922 probabili
1307 2856 1494 2901 causa
1529 2839 1817 2902 divinare
1865 2841 2007 2905 velle

2101 2849 2193 2906 λον
2225 2858 2317 2908 τοῦ
2350 2839 2575 2930 χριξττοῡ
2606 2857 2825 2926 Θωμᾶν.
2861 2850 3354 2913 Commentarius
3384 2851 3450 2912 in
3478 2856 3760 2912 saucium

367 2936 728 3016 videamur,
780 2935 898 3014 ﬁde
959 2935 1213 3012 dignum
1270 2937 1481 3020 testem
1541 2930 1833 3020 adﬂhanc
1887 2951 2014 2997 rem
2101 2939 2436 3019 apostolum
2503 2941 2739 3003 Christi
2807 2939 3112 3002 Thomam.
3185 2938 3442 3020 Parique
3496 2938 3754 3015 ratione,

360 3025 771 3106 producimus
827 3025 1180 3102 Symconcm
1236 3019 1438 3092 illum,
1471 3020 1578 3098 qui
1609 3018 2007 3100 Metaphraset

2101 3018 2424 3105 ’Ῠπόμνημα
2457 3032 2528 3092 εἷς
2572 3032 2662 3086 τὸν
2691 3030 2843 3106 ἅγιον
2879 3029 3278 3107 Εὒαγγελιστὴν
3309 3018 3536 3091 Λ-ουκᾶν,
3570 3028 3756 3090 Com-

364 3112 664 3195 pra’clare
710 3116 1040 3191 composuit
1077 3131 1091 3170 :
1127 3111 1280 3171 satis
1325 3109 1510 3187 igitur
1539 3108 1622 3170 sit
1664 3108 1784 3189 hic,
1819 3117 2019 3191 quiin
2099 3121 2429 3181 meitlarius
2479 3120 2546 3180 in
2576 3127 2849 3180 sanctum
2903 3117 3356 3194 Et'angelt'slam
3409 3120 3658 3192 Lucam,
3694 3124 3761 3178 et

364 3211 648 3266 sanctum
702 3201 929 3263 Lucam
987 3199 1436 3298 Commentario
1480 3200 2007 3298 itacxistimacit.

2100 3208 2310 3288 incipit
2347 3226 2361 3271 ;
2401 3210 2456 3266 El
2482 3209 2580 3265 καί
2612 3206 2815 3264 δικαίου
2847 3209 3034 3283 μνήμη
3068 3207 3186 3283 μετ’
3219 3207 3501 3286 ἐγκωμίων
3535 3206 3757 3264 τελεῖσ-

364 3291 476 3366 Qui
508 3292 566 3353 id
613 3291 936 3353 affirmaret
991 3288 1278 3368 deceptus
1335 3287 1464 3368 ipse
1517 3286 1772 3378 primum
1836 3286 2401 3378 pravovozi,_qnod
2457 3297 2575 3360 Leo
2623 3296 3044 3376 Centuripinus
3097 3299 3438 3376 expressius
3491 3295 3656 3370 dixit,
3690 3296 3756 3357 in

363 3380 680 3444 verborum
713 3379 1049 3454 intellectu,
1077 3378 1228 3440 alios
1258 3385 1489 3458 postea,
1511 3377 1559 3438 si
1593 3377 1704 3458 ipsi
1738 3379 2009 3454 ﬁderent,
2097 3377 2366 3449 sanctum
2419 3385 2703 3448 Iacobum
2735 3384 3067 3466 apostolum
3101 3384 3370 3446 Zebedaei
3404 3383 3610 3458 ﬁlium,
3648 3384 3751 3441 λό-

364 3471 926 3564 deciperetNerum
945 3467 1253 3550 'siquiuem
1283 3478 1396 3541 est,
1423 3467 1923 3548 quemadmodum
1950 3470 2007 3533 in

2099 3500 2188 3555 γον
2222 3474 2340 3534 καθ’
2375 3478 2668 3551 ὅπόμντ,μα
2700 3476 2754 3532 ἐν
2785 3474 2918 3532 εἶδέι
2977 3482 3346 3554 πανηγυρικῷ,
3382 3473 3582 3536 Oratio
3614 3491 3754 3553 qua

363 3555 712 3643 PrOphétas,
738 3567 1096 3639 sanctosque
1125 3557 1273 3619 alios
1290 3558 1504 3619 veteris
1535 3555 1895 3621 Testamenti
1918 3559 2016 3624 Vi-
2095 3567 2225 3628 vice
2254 3565 2698 3628 Commentarii
2741 3582 2866 3626 esse
2891 3563 3115 3644 poterit
3148 3569 3214 3624 in
3253 3581 3467 3642 genere
3494 3563 3751 3626 demon-

360 3669 728 3726 ros,necnon
759 3647 927 3724 Novi,
954 3666 1206 3729 quorum
1235 3646 1294 3708 in
1315 3647 1499 3708 sacris
1523 3647 1766 3710 Litteris
1791 3650 2011 3712 mentio
2093 3658 2370 3719 ειναιίυο.

363 3737 1055 3817 exstat,Commentarios
1071 3736 1332 3816 scripsit,
1361 3735 1438 3797 ita
1469 3745 1526 3798 et
1548 3736 1605 3798 in
1628 3737 1844 3800 Lucam
1867 3740 2011 3802 scri-

360 3829 715 3912 psisse,quis
737 3829 794 3890 id
821 3826 1244 3906 negabit?Ergo
1267 3834 1324 3889 et
1350 3827 1405 3886 in
1431 3827 1812 3906 Evangelium
1837 3830 2009 3892 Lucae

357 3919 946 4001 Interpretationetn.
1003 3915 1089 3978 Ne
1123 3917 1367 3978 minima
1410 3915 1653 3998 quidem
1689 3936 1757 3978 ex
1816 3929 2001 4000 parte.

357 4012 992 4089 Sanctorum,quorum
1009 4005 1172 4069 Vitas
1198 4007 1994 4087 composuitMetaphrastes,

357 4116 552 4177 genus
574 4097 791 4178 duplex
814 4096 1052 4158 invenio
1091 4116 1104 4157 :
1138 4097 1388 4159 alterum
1422 4099 1592 4177 cujus
1614 4099 1670 4160 in
1695 4100 2001 4181 Scriptura

358 4186 645 4250 memoria
663 4186 859 4266 aliqua
882 4194 1090 4260 exstat;
1123 4186 1374 4248 alterum
1401 4188 1569 4267 cujus
1595 4189 1777 4252 nulla.
1811 4191 1999 4270 Cujus

355 4276 521 4339 nulla
550 4285 662 4350 est,
689 4280 836 4356 ipse,
871 4294 1001 4356 quae
1029 4294 1098 4338 ex
1124 4275 1375 4337 aliorum
1419 4279 1658 4360 scriptis
1692 4278 1999 4357 habuerat,

355 4365 700 4429 narratione
731 4383 859 4441 sua,
884 4365 1170 4444 temporis
1201 4366 1357 4426 serie
1394 4384 1511 4426 non
1539 4367 2000 4448 turbata,diges-

357 4455 462 4530 ait,
498 4463 556 4516 et
585 4453 772 4530 Vitas,
806 4473 1023 4536 resque
1053 4465 1273 4536 gestas,
1305 4456 1427 4518 sive
1458 4454 1728 4536 Martyria
1760 4478 1997 4522 nuncu-

2175 3745 2466 3807 Antonius
2498 3743 2823 3806 Verderius
2852 3743 2914 3806 in
2943 3743 3370 3824 Supplementa
3404 3743 3740 3806 Bibliothe-

2091 3853 2174 3898 ca;
2204 3834 2588 3898 Gesnerianaa
2619 3835 2679 3897 in
2705 3832 2975 3913 Catalogo
3000 3834 3258 3897 exhibito
3276 3853 3308 3894 a
3335 3833 3737 3898 Grammatico

2091 3931 2388 4003 recenset,
2421 3922 2741 4003 Symeonis
2790 3921 3228 4000 Metaphraslre
3258 3921 3598 4002 Dioptram.
3650 3922 3737 3985 De

2086 4033 2200 4096 qua
2251 4013 2400 4075 nihil
2432 4013 2562 4092 ipse
2616 4012 2826 4073 habeo.
2864 4010 3066 4075 Putuit
3114 4012 3302 4087 illam,
3334 4011 3732 4092 quemadmo-

2084 4103 2224 4165 dum
2256 4111 2314 4166 et
2341 4102 2456 4164 alia
2491 4101 2758 4163 scribere
2787 4101 3233 4182 Metaphrastes,
3266 4111 3324 4163 et
3355 4102 3505 4163 forte
3535 4102 3729 4182 scrip-

2084 4194 2180 4264 sit,
2215 4202 2272 4254 et
2321 4193 2494 4254 modo
2532 4191 2755 4254 alicubi
2787 4192 2950 4254 latet.
3011 4193 3132 4255 Nos
3163 4211 3284 4254 non
3319 4192 3521 4253 omnia
3577 4192 3733 4253 vidi-

2084 4303 2240 4345 mus.
2273 4282 2478 4363 Neque
2510 4282 2648 4363 quia
2680 4281 2855 4344 nobis
2911 4281 3199 4360 ignotum,
3236 4281 3373 4344 ideo
3405 4283 3582 4344 etiam
3613 4299 3733 4344 non

2083 4374 2267 4436 fuisse
2297 4373 2584 4451 scriptum
2621 4371 3014 4434 existimatur.

2165 4463 2266 4524 llis
2301 4479 2488 4543 prope
2515 4459 2730 4524 diebus
2761 4479 2894 4522 cum
2927 4479 2959 4522 a
2989 4478 3081 4523 me
3112 4459 3186 4522 de
3216 4469 3385 4523 aetate
3413 4459 3728 4541 Symeonis

354 4544 554 4626 pavit:
588 4543 758 4634 cujus
788 4545 1074 4621 exstabat,
1109 4545 1289 4606 verba
1320 4545 1442 4620 illa,
1478 4552 1535 4605 in
1583 4545 1798 4626 quibus
1835 4548 1995 4634 [136]
2080 4553 2496 4632 Metaphrastaa
2527 4549 2908 4612 doctissimus
2937 4567 3006 4612 ac
3058 4550 3496 4612 eruditissimus
3526 4549 3726 4613 Simon

353 4633 830 4711 continebantur,
859 4634 1172 4715 arripiens,
1209 4645 1266 4696 et
1299 4653 1426 4710 sua,
1457 4636 1546 4695 vel
1573 4635 1821 4698 aliorum
1846 4633 1992 4701 anti?
2017 4640 2545 4722 DWagnereckius
2599 4647 2979 4722 percontatus
3036 4639 3268 4714 fuisset,
3301 4639 3607 4718 respondi,
3662 4650 3726 4702 ut

352 4743 604 4805 quorum
657 4723 1149 4804 interpretatione
1181 4724 1486 4802 expoliens
1518 4735 1692 4805 atque
1727 4729 1990 4808 locuple-
2079 4732 2262 4814 potui,
2292 4729 2544 4809 misique
2568 4747 2696 4790 eam
2721 4729 2997 4789 Diatribce
3024 4738 3391 4810 partem,qua
3412 4728 3726 4808 Symeonis

353 4822 610 4889 tans,res
631 4813 792 4876 illius
814 4814 1012 4878 Sancti
1035 4814 1115 4876 ita
1137 4815 1556 4888 concinnabat,
1586 4823 1647 4876 ut
1670 4816 1992 4880 Commen-
2073 4813 2219 4885 tetas
2273 4819 2556 4882 asseritur
2585 4827 2645 4880 et
2697 4817 3019 4879 stabilitur.
3057 4817 3222 4897 Legit
3260 4818 3360 4880 ille
3391 4837 3543 4893 mea,
3579 4838 3723 4881 exa-

353 4904 570 4966 tarium
607 4905 796 4985 potius
828 4903 1116 4983 scribere,
1151 4922 1322 4984 quam
1350 4921 1446 4966 res
1464 4913 1658 4984 gestas
1679 4905 1839 4968 illius
1862 4926 1989 4970 nar-

349 5010 486 5058 rare
517 4994 843 5056 videretur:
876 4994 1126 5074 ideoque
1157 5012 1272 5055 non
1299 4993 1414 5055 alio
1447 4995 1611 5078 titulo
1644 5013 1989 5078 usus,quam

351 5083 796 5148 Commentarii.
830 5082 977 5144 Hinc
1009 5081 1165 5162 apud
1225 5083 1417 5158 illum,
1455 5077 1764 5162 ἰ’πόμνηνα
1794 5077 1866 5152 εἷς
1899 5091 1991 5145 τὸν

347 5173 498 5254 ἅγιον
525 5173 919 5252 Εὖκγγελιστὴν
946 5173 1223 5240 Ἰωάννην.
1261 5175 1750 5238 Commentarius
1769 5195 1832 5238 ιη
1856 5195 1987 5240 san-

341 5273 502 5326 ctum
561 5261 1013 5341 Evangelistam
1045 5261 1365 5326 Joannem.
1425 5256 1747 5340 ’Υπόμνημα
1778 5269 1846 5330 εἷς
1900 5272 1991 5325 τὸν

347 5355 516 5432 μέγαν
577 5351 861 5432 Προφήτην
897 5350 1120 5420 Δανιήλ.
1174 5352 1655 5415 Commentarius
1693 5356 1756 5414 in
1808 5373 1987 5418 sanc-

346 5447 473 5504 tum
508 5439 868 5516 Prcphetam
900 5439 1234 5503 Dauielem.
1272 5434 1591 5519 ἰ’πόμκημα
1623 5445 1695 5506 εἰς
1728 5447 1814 5501 τὸν
1838 5447 1988 5525 ἅγιον

345 5528 642 5587 ἀπόστολον
701 5532 788 5587 καὶ
849 5529 1239 5608 Εὐαγγελιστὴν
1305 5536 1595 5590 Ματθατον.
1664 5533 1985 5596 Commen—

345 5619 545 5688 tarius
598 5636 664 5681 ιη
693 5627 974 5684 sanctum
1032 5619 1362 5700 apostolum
1408 5629 1467 5684 et
1524 5620 1985 5705 Evangelistam

2077 4911 2336 4988 minavit,
2377 4909 2734 4986 tandemque
2765 4913 2825 4967 in
2875 4907 3180 4969 nonnullis
3210 4927 3326 4969 non
3371 4909 3595 4988 absque
3622 4927 3726 4970 ra-

2076 5003 2239 5063 tione
2271 4997 2547 5060 dubitans
2583 4998 2912 5075 rescripsit.
2942 4997 3024 5060 Ea
3055 4996 3220 5059 lubet
3266 4998 3364 5061 hic
3390 5016 3720 5079 apponere,

2075 5101 2136 5154 ut
2168 5107 2315 5170 pene
2339 5086 2664 5149 absolutam
2686 5087 2760 5148 de
2781 5088 3195 5167 Metaphrastae
3212 5087 3393 5148 rebus
3422 5088 3711 5168 cognitio-

2075 5198 2209 5242 nem
2245 5177 2594 5257 habeamus,
2625 5175 2842 5256 quibus
2871 5177 3082 5238 addam
3117 5185 3176 5239 et
3205 5196 3357 5240 mea.
3387 5179 3446 5239 Si
3473 5179 3718 5241 dubita-

2075 5267 2336 5331 tionibus
2366 5265 2528 5327 illius
2553 5265 2838 5342 satisfeci,
2873 5265 3028 5328 bene
3061 5277 3148 5327 est
3176 5285 3190 5344 ;
3218 5271 3310 5328 sin
3345 5267 3714 5350 minus,supo

2075 5357 2259 5441 plebit
2289 5355 2389 5416 ille
2420 5373 2552 5435 quae
2580 5354 2861 5418 deerunt.

2141 5445 2533 5512 Nobilissime
2554 5465 2583 5505 e
2604 5445 3014 5508 eruditissimo
3041 5444 3174 5506 Viro
3200 5445 3267 5507 ι).
3283 5447 3470 5508 Leoni
3495 5445 3719 5510 Allatio

2068 5557 2177 5602 suo
2192 5537 2404 5601 Simon
2426 5533 2903 5614 Wagnereckius
2913 5534 3028 5600 S.I.
3044 5534 3115 5598 1η
3127 5534 3553 5615 Metaphrastw
3573 5544 3719 5599 tem-

2065 5625 2313 5711 poribus
2327 5624 2726 5709 pcrvidendis
2748 5626 2966 5688 miram
2989 5623 3140 5688 mihi
3166 5623 3355 5690 lucem
3377 5624 3717 5694 attulerunt
