4080 6204
463 383 575 456 179

1458 392 1556 461 DE
1612 392 2155 460 AUCTORITATE
2211 395 2820 461 METAPHBASTAE.

3715 393 3830 459 180

461 526 615 590 saint
672 526 913 609 Cyrille,
961 528 1108 609 qu’il
1149 548 1181 592 a
1232 529 1338 591 fait
1381 529 1578 608 parler
1629 527 1662 587 ἐι
1715 544 1778 586 sa
1832 524 2160 588 fantaisieA
2186 528 2453 593 donnent
2501 534 2685 608 guere
2737 549 2851 612 que
2901 548 3002 592 ces
3059 529 3208 592 deux
3270 527 3612 609 exemples,
3681 545 3830 608 pour

459 616 712 680 l'auteur
742 620 816 681 de
845 630 999 682 cette
1030 619 1307 692 bisuoire,
1338 617 1480 698 qu’il
1509 635 1542 677 a
1562 616 1762 697 ajouté
1792 614 2100 696 beaucoup

460 705 540 768 du
575 708 704 770 sien
735 711 769 770 ἐι
791 718 944 771 cette
986 709 1312 780 narration,
1347 707 1491 787 qu’il
1525 724 1596 768 en
1627 724 1661 766 a
1688 706 2004 767 retranché
2033 723 2102 766 ce

461 796 610 872 qu'il
645 799 724 860 lui
757 817 789 859 a
822 798 948 878 plu,
981 806 1040 857 et
1071 797 1209 877 qu’il
1244 816 1276 857 a
1309 798 1502 857 meme
1533 795 1730 857 donné
1753 795 1785 854 ἐι
1815 794 2102 875 quelques

464 885 900 948 circonstances
933 907 1009 946 un
1046 895 1179 950 tour
1207 891 1304 964 qui
1338 886 1489 945 n’est
1516 902 1616 965 pas
1642 892 1766 946 tout
1797 883 1828 944 ὸ
1865 883 1964 944 fait
1994 901 2100 944 na-

462 976 615 1036 turel
644 995 660 1050 ;
693 976 835 1056 qu’il
861 995 891 1036 a
917 975 1196 1055 rapporté
1223 975 1279 1036 le
1323 983 1578 1053 martyre
1601 974 1676 1034 tle
1707 992 1777 1034 ce
1806 974 1959 1034 saint
1990 992 2100 1035 en—

461 1064 608 1138 fant,
653 1083 769 1126 non
807 1084 907 1144 pas
930 1082 1163 1126 comme
1193 1063 1234 1126 il
1265 1065 1405 1125 s‘est
1447 1064 1637 1143 passé,
1676 1063 1823 1123 mais
1869 1080 2103 1123 comme

458 1152 504 1214 il
537 1169 569 1215 a
600 1173 676 1233 pu
707 1173 770 1215 se
802 1172 1049 1235 passer;
1083 1153 1239 1215 enﬁn
1285 1152 1427 1234 qu’il
1461 1171 1493 1214 a
1525 1152 1669 1214 orné
1702 1171 1807 1214 son
1844 1153 1999 1232 sujet
2027 1150 2102 1213 de

461 1241 764 1322 plusieurs
795 1243 1235 1305 circonstances
1284 1243 1383 1322 qui
1437 1258 1512 1302 ne
1565 1249 1701 1302 sont
1750 1238 1914 1321 point
1958 1241 2105 1302 dans

462 1351 570 1393 son
602 1333 876 1412 original.
925 1333 1004 1395 Ce
1055 1333 1208 1393 n’est
1261 1349 1364 1408 pas
1413 1331 1466 1394 la
1517 1330 1571 1392 la
1606 1332 1770 1392 scule
1805 1331 2102 1393 narration

463 1439 581 1502 que
612 1421 683 1485 M.
714 1423 929 1485 Baillet
958 1422 1039 1483 ait
1071 1421 1508 1502 paraphrasée:
1547 1420 1584 1481 il
1619 1420 1798 1481 serait
1821 1420 1946 1482 aisé
1968 1421 2104 1482 d’en

463 1528 744 1590 marquer
777 1511 1070 1588 plusieurs
1103 1520 1324 1582 autres,
1364 1510 1461 1590 qui
1494 1527 1568 1570 ne
1609 1517 1743 1570 sont
1785 1526 1887 1589 pas
1913 1510 2106 1570 moins

458 1598 910 1678 remarquables
949 1617 1062 1678 que
1113 1599 1263 1660 cclle
1297 1598 1372 1659 de
1399 1597 1554 1658 saint
1585 1597 1819 1678 Cyrille,
1858 1605 1929 1658 et
1959 1597 2105 1660 dans

462 1686 784 1765 lesquelles
814 1688 853 1747 il
887 1706 961 1748 ne
991 1689 1131 1748 s’est
1169 1706 1270 1767 pas
1303 1686 1501 1748 donné
1536 1689 1730 1747 moins
1763 1687 1837 1749 de
1873 1687 2101 1749 liberte.

461 1775 604 1837 L’on
639 1777 731 1838 n’a
763 1777 988 1838 choisie
1014 1777 1067 1838 la
1089 1775 1291 1838 Viede
1317 1794 1385 1838 ce
1416 1776 1594 1848 saint,
1621 1788 1793 1838 entre
1809 1776 2106 1858 plusieurs

2187 637 2403 696 preuve
2433 620 2538 682 des
2569 619 2890 682 inﬁdélités
2920 620 2994 681 de
3037 629 3130 682 cet
3159 631 3372 681 auteur
3401 637 3566 698 grec.

2186 762 2259 820 La
2290 766 2372 821 uie
2400 766 2464 822 de
2510 768 2661 823 saint
2716 767 3034 837 Nice'phore,
3083 772 3288 838 martyr
3336 767 3473 834 (tt).
3513 766 3645 822 tire'e
3693 763 3829 820 d'un

2257 849 2565 904 manum-it
2602 847 2664 904 de
2717 848 2770 902 la
2816 848 3171 920 bibliothéque
3219 847 3294 903 du
3342 847 3452 908 roi,
3492 854 3540 900 et
3586 846 3831 918 con/e're'e

2257 943 2379 984 aveo
2431 927 2559 984 cette
2613 929 2709 999 qui
2749 946 2781 982 a
2827 929 2904 983 e’té
2937 927 3138 984 donne'c
3183 943 3288 1000 par
3341 925 3726 998 Me’lapltrastc.
3761 956 3831 967 σ-

2256 1006 2353 1062 Le:
2381 1009 2654 1066 additions
2680 1008 2744 1063 de
2774 1009 3143 1080 Métaphmste
3171 1023 3271 1081 qua
3302 1005 3415 1062 l'on
3447 1021 3484 1078 υ
3519 1023 3550 1060 a
3580 1006 3829 1070 inséréca,

2252 1094 2369 1142 sunt
2400 1104 2466 1144 en
2497 1089 2771 1148 caractére
2799 1090 3042 1161 italique.

2269 1226 2343 1288 In
2360 1227 2464 1290 illo
2486 1236 2753 1310 tempore
2769 1237 2894 1293 erat
2918 1227 3158 1310 quidem
3184 1227 3492 1308 presbyter
3516 1229 3581 1288 in
3604 1243 3827 1307 magna

2191 1317 2495 1380 Antiochia
2531 1317 2756 1399 Syriw.
2795 1319 3038 1380 nomine
3080 1317 3407 1397 Sapricius.
3445 1317 3583 1378 Erat
3630 1324 3826 1376 autem

2188 1405 2426 1486 quidam
2453 1425 2688 1488 quoque
2713 1407 2891 1488 alius,
2917 1408 3016 1488 qui
3038 1407 3446 1489 appellabatur
3467 1405 3709 1486 quidem
3736 1404 3835 1465 Ni-

2189 1495 2507 1574 cephorus,
2556 1505 2681 1558 erat
2733 1515 2869 1558 vero
2924 1497 3133 1558 ordine
3179 1496 3390 1570 laicus,
3423 1504 3483 1556 et
3512 1493 3832 1556 admodum

2187 1602 2506 1662 germanus
2558 1587 2785 1648 amicus
2854 1585 3120 1665 eiusdem
3188 1585 3519 1667 presbyteri
3572 1604 3586 1642 :
3651 1601 3835 1664 seque

2187 1671 2362 1735 ambo
2386 1674 2472 1736 sic
2491 1684 2695 1736 mutuo
2728 1674 3080 1754 diligebant,
3108 1687 3173 1735 ut
3203 1675 3833 1737 existimarenturesse

2189 1761 2400 1824 fratres
2431 1765 2728 1842 germani,
2756 1765 2878 1826 nati
2907 1782 2979 1825 ex
3010 1783 3125 1824 uno
3159 1773 3368 1844 utero;
3405 1764 3552 1824 adeo
3583 1771 3646 1823 ut
3678 1770 3837 1822 esset

463 1873 685 1936 διιίιιθε,
711 1884 826 1946 que
851 1885 1025 1945 parce
1050 1866 1269 1946 qu'ene
1290 1873 1376 1926 est
1413 1865 1530 1925 fon
1557 1873 1785 1926 ρουιιιθ,
1809 1853 1823 1858 ’
2134 1899 2169 1949 Β
2193 1853 2491 1914 excellens
2521 1871 2690 1914 amor
2713 1872 2931 1949 eorum
2955 1863 3212 1949 mutuus.
3239 1856 3390 1949 _‘Cum
3429 1855 3601 1949 longe
3634 1860 3832 1949 autem

549 1943 637 2007 On
669 1939 786 2007 vo'it
808 1939 912 2026 par
938 1946 988 2005 la
1016 1939 1131 2024 que
1156 1947 1289 2006 l’art
1315 1945 1386 2005 de
1413 1945 1805 2025 paraphraser
1827 1945 1980 2004 n’est
2005 1963 2108 2023 pas
2135 1939 2167 1949 "
2192 1949 2462 2021 tempore
2493 1943 2777 2004 vixissent
2824 1943 2882 2002 in
2919 1941 3028 2004 hac
3058 1943 3399 2018 affectione,
3433 1941 3590 2002 bono
3621 1948 3677 2001 et
3721 1939 3833 2000 lio-

466 2033 516 2094 si
549 2034 897 2113 particulier
920 2035 1391 2114 aMétaphraste,
1427 2033 1570 2114 qu'il
1599 2034 1743 2096 n’ait
1774 2033 1866 2094 été
1899 2033 2011 2094 mis
2034 2052 2104 2095 en
2192 2038 2357 2091 nesto
2391 2029 2643 2093 infestus
2693 2045 2752 2094 et
2799 2032 3296 2093 sceleratissimus
3327 2033 3568 2093 humani
3601 2027 3838 2109 generis

465 2141 645 2202 usage
683 2143 785 2204 par
817 2123 1079 2186 d'autres
1121 2134 1389 2204 auteurs,
1444 2123 1546 2204 qui
1580 2133 1682 2184 ont
1715 2122 2009 2204 prétendu
2042 2142 2106 2184 se
2191 2117 2492 2195 inimicus,
2529 2122 2615 2182 eis
2670 2120 2968 2194 invidens,
3032 2122 3210 2182 talem
3246 2121 3404 2182 inter
3454 2139 3557 2180 eos
3613 2120 3842 2197 peperit

467 2203 802 2291 distinguer
827 2231 932 2293 par
955 2214 1358 2294 leurjustesse
1380 2203 1438 2273 et
1464 2203 1566 2292 par
1589 2212 1723 2273 leur
1747 2212 2102 2286 exactitude,
2192 2205 2661 2283 dissensionem,
2685 2219 2749 2270 ut
2769 2227 2879 2270 nec
2911 2209 2970 2270 in
2997 2212 3183 2288 platea
3216 2210 3454 2289 quidem
3489 2208 3706 2268 vellent
3727 2203 3839 2267 sibi

466 2302 780 2383 quoiqu’ils
835 2293 1173 2364 déclament
1232 2321 1306 2362 en
1373 2301 1534 2363 mille
1588 2301 1850 2362 endmits
1909 2311 2113 2364 contra
2197 2295 2447 2358 invicem
2474 2317 2819 2373 occurrere,
2861 2317 2929 2359 ex
2963 2297 3291 2360 dazmozico
3330 2298 3467 2359 odio
3497 2295 3652 2378 quod
3685 2293 3844 2355 inter

463 2390 555 2452 les
587 2393 764 2454 exces
794 2393 866 2452 de
897 2402 988 2453 cet
1021 2392 1276 2458 écrivain
1310 2409 1472 2471 grec,
1505 2389 1652 2452 dont
1695 2410 1768 2451 on
1799 2400 1935 2454 veut
1965 2392 2111 2452 faire
2196 2403 2260 2447 se
2290 2385 2546 2448 invicem
2575 2396 2996 2468 conceperant.

464 2497 671 2560 passer
692 2480 748 2542 le
772 2481 1150 2560 témoignage
1172 2499 1404 2542 comme
1421 2480 1641 2542 n’étant
1662 2479 1916 2542 d'aucun
1944 2480 2112 2560 poids
2274 2473 2417 2536 Cum
2442 2477 2587 2538 satis
2606 2495 2740 2538 vero
2762 2478 2936 2553 longo
2961 2486 3233 2558 tempore
3251 2477 3330 2538 ita
3352 2476 3603 2538 fuissent
3619 2473 3838 2548 aﬂ‘ecli,

464 2588 618 2649 pour
647 2570 858 2631 établir
887 2589 965 2632 un
1016 2569 1117 2632 fait
1167 2570 1522 2650 historique,
1559 2578 1618 2630 et
1655 2569 1797 2630 dont
1829 2573 2025 2632 meme
2055 2571 2111 2632 le
2191 2561 2263 2624 ad
2296 2581 2361 2626 se
2391 2565 2634 2627 rediens
2664 2567 3062 2647 Nicephorus,
3111 2575 3168 2626 et
3217 2581 3587 2645 cognoscens
3636 2563 3836 2624 odium

463 2677 602 2720 nom
635 2659 760 2720 doit
791 2661 916 2722 etre
951 2661 1282 2742 supprime,
1309 2659 1630 2742 quoiqu’on
1659 2661 1867 2741 protite
1897 2660 1970 2721 de
2001 2679 2106 2722 son
2193 2671 2327 2715 esse
2351 2653 2741 2728 diabolicum,
2772 2655 2995 2734 rogavit
3016 2656 3241 2717 amicos
3258 2655 3569 2735 quosdam,
3597 2661 3659 2714 ut
3681 2653 3842 2715 irent

463 2747 692 2812 travail.
2189 2742 2262 2803 ad
2296 2744 2706 2823 presbyterum
2737 2743 3093 2824 Sapricium,
3140 2754 3198 2806 et
3237 2753 3511 2825 rogarent
3562 2761 3697 2806 eum
3734 2761 3838 2820 pro

547 2838 821 2919 Quoiqne
851 2837 927 2903 M.
960 2839 1036 2901 de
1060 2839 1383 2902 Tillemont
1405 2841 1742 2919 fasse,pour
1773 2839 1920 2900 ainsi
1951 2838 2102 2912 dire,
2190 2829 2547 2912 Nicephoro,
2582 2843 2644 2893 ut
2676 2834 2731 2894 ei
2762 2833 2995 2913 culpam
3041 2834 3429 2908 condonaret,
3466 2842 3524 2894 el
3553 2851 3687 2894 eum
3719 2850 3836 2905 roe-

464 2925 618 2988 deux
642 2937 831 2988 sortes
853 2927 1216 2989 d‘additions
1234 2948 1341 2990 aux
1365 2929 1642 2991 histoires
1665 2927 1984 3006 originales
2005 2927 2110 2988 des
2195 2920 2444 2984 nitentia
2477 2922 2714 2983 ductum
2743 2923 3043 3000 acciperet
3073 2933 3315 3004 propter
3351 2926 3701 2986 Dominum.
3736 2921 3842 2982 ille

463 3014 670 3089 saints,
715 3035 790 3077 on
829 3036 901 3077 ne
932 3018 1080 3078 croit
1113 3036 1215 3096 pas
1261 3018 1610 3078 néanmoins
1639 3015 1888 3096 qu'elles
1919 3016 2112 3076 soient
2194 3019 2390 3072 autem
2424 3010 2612 3072 noluit
2655 3012 2709 3072 ei
2754 3012 3120 3077 condonare.
3170 3013 3223 3074 ls
3273 3033 3411 3076 vero
3443 3031 3648 3075 rursus
3682 3009 3842 3072 misit

463 3113 672 3166 centre
694 3104 1092 3168 l’exactitude.
1111 3105 1317 3178 Quand
1342 3106 1380 3167 il
1407 3115 1610 3166 trouve
1629 3106 1769 3168 hors
1793 3105 1868 3166 de
1885 3123 1991 3166 son
2016 3124 2112 3166 su-
2196 3098 2342 3160 alios
2370 3101 2614 3173 amicos,
2645 3110 2705 3162 ut
2737 3101 2790 3162 ei
2822 3102 3342 3166 reconciliaretur.
3386 3101 3706 3182 Presbyter
3728 3119 3841 3161 au-

461 3193 830 3274 jetquelque
871 3195 1053 3256 chose
1082 3195 1180 3276 qui
1214 3205 1352 3276 peut
1375 3197 1606 3258 relever
1643 3215 1718 3257 ou
1761 3194 2035 3256 dclaircir
2061 3194 2114 3255 la

469 3259 888 3365 biatiere'qu’il
918 3259 1114 3352 traite:
1137 3259 1316 3358 alors,
1351 3285 1400 3345 si
1432 3285 1690 3345 l’auteur
1721 3293 1809 3346 est
1831 3285 2008 3362 digne
2039 3259 2173 3344 dec

469 3373 573 3448 foi,
608 3373 648 3434 il
686 3393 760 3435 ne
791 3373 896 3434 fait
949 3393 1051 3454 pas
1102 3375 1388 3436 diiiiculté
1436 3373 1728 3436 d'insérer
1758 3392 1825 3434 ce
1861 3373 1999 3453 qu’il
2033 3373 2115 3435 lui

470 3470 788 3542 emprunte
819 3461 966 3523 dans
995 3482 1058 3524 sa
1109 3464 1447 3540 narration,
1500 3465 1756 3544 quoique
1804 3463 2113 3542 originale,

471 3551 621 3611 mais
644 3569 781 3612 avec
805 3560 959 3613 cette
983 3553 1347 3633 précaution,
1365 3553 1504 3632 qn’il
1528 3553 1821 3631 distingue
1841 3553 2039 3615 d’avec
2061 3555 2118 3615 le

469 3647 631 3700 texte
654 3638 904 3718 original
929 3660 996 3702 ce
1020 3642 1116 3722 qui
1149 3641 1226 3704 lui
1253 3649 1342 3703 est
1369 3643 1663 3720 étranger,
1686 3651 1743 3702 et
1773 3642 1914 3722 qu'il
1940 3643 2054 3705 cite
2084 3646 2113 3709 ὲ

489 3747 523 3789 a
539 3746 742 3807 marge
763 3729 819 3789 le
835 3749 968 3791 nom
997 3731 1070 3792 de
1091 3731 1342 3792 l’auteur
1361 3730 1505 3811 qu’il
1528 3731 1632 3792 [ait
1657 3730 1876 3809 parler.
1905 3731 1947 3792 Il
1967 3733 2117 3794 n’est

469 3835 574 3900 pas
599 3835 733 3879 rare
751 3837 864 3898 que
883 3837 951 3880 ce
973 3821 1149 3880 docte
1167 3821 1421 3900 critique
1445 3821 1644 3900 ajoute
1677 3820 1833 3880 aussi
1854 3821 2116 3900 quelque

469 3911 653 3969 chose
699 3908 776 3967 du
825 3909 953 3970 sien
1005 3909 1152 3970 dans
1201 3909 1288 3970 les
1342 3909 1618 3970 histoires
1653 3908 1794 3985 qu'il
1824 3921 2107 3975 raconte:

469 3999 622 4058 mais
651 4014 884 4058 comme
931 3998 970 4058 il
1021 3997 1322 4059 renl‘erme
1353 3997 1479 4059 cela
1511 4007 1679 4059 entre
1711 3999 1859 4060 deux
1897 4019 2109 4078 paren-

467 4085 691 4157 theses,
726 4086 779 4145 le
811 4085 1039 4148 lecteur
1057 4089 1173 4148 voit
1203 4087 1342 4148 bien
1375 4105 1493 4168 que
1525 4105 1625 4148 ces
1653 4097 1843 4148 sortes
1873 4088 2109 4151 d'addi-

467 4174 627 4236 tions
653 4190 726 4232 ne
754 4173 875 4235 font
903 4195 1004 4257 pas
1032 4177 1217 4256 partie
1243 4177 1322 4236 du
1353 4195 1527 4256 corps
1551 4176 1623 4236 de
1650 4176 1702 4238 la
1726 4177 1892 4256 piece
1922 4201 1933 4238 ;
1960 4178 2110 4239 ainsi

469 4263 596 4326 cela
626 4277 701 4327 ne
733 4275 873 4342 peut
906 4283 1110 4345 passer
1133 4284 1282 4345 pour
1313 4284 1430 4325 une
1460 4265 1745 4326 véritable
1773 4267 2106 4328 alteration.

547 4356 595 4419 Il
627 4376 658 4439 y
684 4371 716 4413 a
746 4372 818 4415 eu
851 4354 1143 4417 d'habiles
1186 4354 1469 4434 critiques
1499 4354 1598 4435 qui
1630 4364 1735 4415 ont
1769 4374 1873 4417 cru
1907 4375 2022 4436 que
2057 4357 2109 4419 la

465 4443 706 4526 plupart
736 4445 841 4506 des
871 4444 1175 4506 additions
1233 4443 1305 4502 de
1355 4443 1755 4523 Métaphrasle
1788 4445 2008 4507 etaient
2037 4448 2109 4509 de

467 4541 624 4596 cette
655 4544 867 4596 nature
887 4536 1023 4612 (10)
1048 4556 1060 4590 :
1088 4541 1144 4594 et
1175 4531 1267 4593 s'il
1290 4533 1439 4593 avait
1469 4533 1592 4612 pris
1617 4532 1702 4593 les
1731 4534 2107 4613 précautions

2197 3197 2316 3249 tem
2357 3186 2658 3269 Sapricius
2707 3209 2818 3252 nec
2867 3209 2969 3253 eos
3015 3192 3256 3272 quidem
3307 3200 3584 3271 rogantes
3629 3189 3842 3252 audire

2199 3277 2502 3338 sustinuit.
2565 3281 2796 3342 Rursus
2849 3297 2989 3359 ergo
3050 3279 3421 3363 Nicephorus
3447 3281 3669 3357 rogavit
3697 3278 3842 3339 alios

2200 3367 2482 3446 quosdam
2516 3368 2762 3442 amicos,
2786 3379 2842 3430 et
2867 3369 3025 3431 misit
3046 3369 3118 3432 ad
3145 3371 3362 3451 ipsum,
3397 3379 3462 3431 ut
3486 3369 3842 3431 conveniat.

2204 3463 2292 3518 ter
2311 3458 2524 3519 divino
2545 3457 2776 3537 eloquio
2799 3465 2855 3519 in
2879 3478 2984 3522 ore
3007 3461 3257 3521 duorum
3279 3460 3369 3522 vel
3395 3461 3568 3520 trium
3602 3459 3840 3519 testium

2200 3555 2382 3608 staret
2411 3566 2590 3609 omne
2624 3547 2895 3610 verbum.
2943 3549 3048 3612 Ille
3095 3558 3293 3611 autem
3326 3569 3458 3611 cum
3492 3557 3648 3610 esset
3694 3547 3842 3607 duro

2201 3636 2404 3710 corde,
2431 3644 2488 3698 et
2509 3636 2925 3718 implacabilis.
2955 3647 3013 3699 et
3036 3638 3255 3700 oblitus
3275 3649 3432 3701 esset
3454 3638 3686 3700 Domini
3712 3654 3845 3696 nos-

2199 3725 2274 3784 tri
2295 3723 2437 3786 Jesu
2461 3726 2706 3800 Christi,
2731 3728 2829 3809 qui
2855 3727 2999 3790 dicit
3035 3745 3048 3790 :
3091 3752 3117 3784 ι
3153 3729 3481 3802 Remittite,
3507 3727 3844 3790 etremitte-

2199 3822 2292 3874 tur
2321 3815 2506 3895 vobis,
2546 3837 2573 3873 ι
2606 3824 2660 3878 et
2692 3835 2908 3880 rursus
2937 3838 2956 3878 :
2982 3818 3057 3880 Si
3081 3819 3297 3897 o/feras
3325 3820 3546 3882 donum
3573 3825 3740 3882 tuum
3760 3821 3840 3882 ad

2195 3903 2412 3985 altare,
2457 3912 2516 3968 et
2553 3909 2909 3970 recordatus
2947 3908 3141 3987 fueris
3185 3909 3342 3988 quod
3381 3908 3560 3971 habes
3606 3910 3842 3992 aliquid

2197 3995 2488 4058 adversus
2509 3997 2760 4074 fratrem
2784 4006 2976 4072 tuum,
3004 3998 3240 4062 dimitte
3261 4000 3347 4074 id,
3391 4009 3444 4061 et
3479 4004 3710 4064 vadens
3739 4021 3838 4065 re-

2194 4084 2526 4146 conciliare
2543 4085 2736 4164 fratri
2759 4095 2887 4159 tuo;
2917 4096 2975 4149 et
3002 4106 3208 4150 rursus
3235 4110 3249 4152 :
3285 4111 3307 4145 ι
3335 4087 3461 4151 Nisi
3488 4093 3840 4156 remiseritis

2195 4171 2539 4235 hominibus
2561 4175 2774 4237 delicta
2793 4195 3024 4252 eorum,
3049 4196 3159 4238 nec
3185 4177 3356 4241 Pater
3370 4191 3562 4243 vester
3579 4183 3840 4246 cmlestis

2194 4263 2459 4325 remittet
2484 4263 2648 4324 vobis
2669 4265 2886 4326 delicta
2916 4274 3142 4348 vestra;
3179 4290 3206 4327 r
3245 4270 3524 4332 omnibus
3568 4290 3701 4334 eum
3735 4292 3838 4334 ro-

2193 4351 2468 4429 gentibus
2511 4361 2570 4414 et
2599 4354 2961 4433 petentibus,
3009 4375 3129 4418 non
3177 4358 3533 4420 condonavit
3573 4361 3759 4425 fratri
3787 4374 3843 4430 et

2193 4444 2386 4503 amico
2406 4460 2537 4504 suo.
2562 4443 2698 4506 Non
2729 4447 2890 4506 enim
2921 4445 3175 4510 habebat
3207 4449 3271 4509 in
3298 4467 3362 4510 se
3393 4449 3754 4514 charitatem
3785 4460 3843 4516 ct

2194 4531 2724 4595 miscricordiam:
2778 4533 3163 4614 quamobrem
3199 4539 3349 4616 jure
3388 4539 3510 4613 fuit
3559 4541 3845 4620 privatus

468 4622 544 4684 de
583 4625 660 4685 M.
711 4623 786 4684 de
817 4622 1163 4694 Tillemont,
1209 4622 1276 4702 je
1329 4639 1405 4682 ne
1455 4623 1578 4683 sais
1608 4621 1656 4682 si
1690 4621 1807 4682 l‘on
1840 4641 1904 4684 se
1933 4627 2114 4688 serait
2137 4615 2382 4697 “regno
2409 4624 2716 4684 caelorum.

465 4711 663 4774 récrié
685 4712 842 4774 aussi
875 4711 1214 4774 hardiment
1238 4711 1417 4792 qu’on
1441 4710 1516 4772 l'a
1539 4709 1645 4772 fait
1665 4720 1868 4773 contre
1893 4732 1987 4776 ses
2012 4735 2109 4797 pa-

468 4802 810 4880 raphrases.
840 4802 882 4865 ll
910 4811 997 4864 est
1021 4801 1244 4863 certain
1278 4801 1458 4881 qu’on
1489 4810 1692 4862 trouve
1718 4801 1865 4864 dans
1893 4821 1960 4864 ce
1993 4805 2108 4867 Le-

467 4890 749 4967 gendaire
773 4891 879 4954 des
910 4889 1212 4951 additions
1237 4909 1312 4950 en
1337 4889 1524 4968 grand
1564 4890 1840 4973 nombre;
1875 4911 2110 4956 comme

466 4981 642 5038 calles
662 4984 834 5053 qu’on
859 4998 1106 5054 suppose
1131 4981 1268 5054 qu'il
1290 4998 1320 5039 a
1344 4983 1507 5038 taites
1523 4981 1664 5040 dans
1689 4981 1842 5039 lthe
1867 4986 1936 5041 de
1957 4987 2107 5044 saint

464 5065 827 5148 Nicéphore,
858 5076 918 5130 et
949 5069 1097 5130 dans
1124 5067 1416 5130 l’liistoire
1459 5067 1534 5128 de
1559 5066 1612 5127 la
1643 5069 1994 5132 translation
2027 5073 2104 5134 du

466 5155 610 5218 chef
625 5156 699 5218 de
732 5159 885 5220 saint
914 5156 1374 5237 Jean-Baptistc,
1411 5156 1512 5234 qui
1553 5174 1629 5218 ne
1673 5169 1810 5220 sont
1844 5179 1947 5240 pas
1975 5162 2106 5241 plus

465 5246 913 5310 considérables
946 5265 1062 5328 que
1097 5247 1579 5326 quelques-unes
1606 5247 1704 5325 qui
1737 5266 1800 5308 se
1835 5257 2105 5311 trouvent

464 5333 614 5398 dans
641 5335 715 5397 M.
750 5337 823 5398 de
856 5336 1177 5398 Tillemont
1209 5354 1222 5396 :
1257 5353 1357 5398 car
1388 5353 1495 5395 nos
1527 5333 1813 5416 critiques
1847 5357 1922 5400 ne
1956 5359 2107 5401 nous

539 5505 616 5572 (1)
655 5504 928 5572 Pauculis,
984 5504 1054 5559 ad
1101 5505 1456 5578 attentionem
1521 5505 1940 5578 conciliandam,
2001 5523 2107 5578 ap-

481 5572 651 5649 tiufve
677 5577 1065 5634 connectenda:
1090 5576 1374 5649 periodos,
1405 5574 1715 5648 intetjectis,
1775 5579 1910 5634 Ball.
1969 5572 2109 5637 tein.

469 5638 517 5714 Ι,
543 5645 778 5713 Januar,
814 5649 1035 5708 Praetet.
1170 5649 1251 5716 18,
1290 5646 1396 5704 col.
1436 5659 1475 5702 t.

2276 4709 2340 4771 In
2373 4711 2578 4798 primis
2610 4720 2804 4774 autem
2832 4713 2962 4792 pius
2984 4721 3043 4776 et
3066 4714 3256 4777 ﬁdelis
3281 4713 3674 4798 Nicephorus,
3701 4736 3837 4782 cum

2193 4797 2339 4861 vidit
2362 4797 2693 4879 Sapricium
2718 4802 3061 4880 despexisse
3085 4823 3436 4867 communes
3460 4806 3708 4881 amicos,
3737 4808 3839 4889 qui

2195 4905 2300 4967 pro
2324 4906 2394 4949 eo
2427 4901 2696 4968 petentes
2729 4891 2955 4952 veniam
2984 4911 3101 4954 non
3125 4903 3507 4974 acceperunt,
3547 4897 3678 4976 ipse
3708 4916 3840 4959 cur-

2188 4995 2327 5038 rens
2358 4977 2430 5037 ad
2462 4977 2618 5038 aedes
2651 4978 2924 5059 Sapririi,
2957 5000 3020 5043 se
3052 4981 3289 5062 projicit
3337 4982 3409 5044 ad
3464 4987 3648 5064 pedes
3676 4987 3832 5066 ejus,

2189 5070 2406 5128 dicens:
2431 5071 2703 5129 Condona
2727 5071 3350 5147 mihi,Pater,propter
3377 5077 3684 5137 Dominum
3733 5081 3840 5138 Ille

2190 5173 2328 5218 vero
2351 5155 2538 5217 noluit
2561 5157 2615 5218 ei
2635 5159 3008 5221 reconciliari
3035 5162 3327 5243 utamico,
3343 5174 3401 5226 et
3422 5168 3675 5228 maxime
3701 5185 3834 5228 cum

2189 5256 2538 5326 rogaretur:
2574 5261 2630 5312 et
2661 5258 2923 5314 maxime
2952 5272 3086 5315 cum
3121 5254 3391 5330 deberet,
3448 5257 3681 5320 etiamsi
3719 5279 3837 5321 non

2187 5337 2396 5402 fuisset
2422 5350 2681 5419 rogatus,
2703 5360 2733 5403 a
2747 5343 2936 5423 prima
2959 5345 3343 5408 excusatione
3374 5366 3509 5412 eum
3537 5348 3838 5429 accipere,

2261 5508 2564 5579 (ii)Apud
2600 5511 2862 5570 Bolland.
2913 5525 3053 5571 tom.
3106 5513 3150 5570 ll
3191 5513 3472 5579 Februar.
3509 5519 3597 5573 die
3631 5517 3682 5574 9.
3724 5518 3841 5574 Ηιο

2193 5578 2554 5657 beturAetiam
2585 5585 2736 5651 apud
2772 5588 2951 5657 liuyn.
2986 5589 3119 5644 Acta
3153 5587 3364 5646 selecla
3401 5578 3583 5646 Graec.
3623 5598 3677 5648 et
3708 5589 3834 5648 Lat.

2195 5665 2324 5722 pag.
2359 5650 2484 5714 244,
2521 5662 2630 5709 etc.
