4080 6204
395 244 507 312 183

1945 238 2239 304 PSELLI.

3654 234 3766 308 184

390 392 598 449 noster
626 393 685 447 et
710 381 869 447 Deus
894 379 1072 464 jussit
1097 401 1160 443 ex
1196 379 1394 443 animo
1427 378 1765 441 condonare
1797 378 2034 442 unicui-
2056 380 2101 434 Α
2121 378 2927 461 Christum,charitatemque
2959 393 3020 446 et
3051 378 3769 453 humilitatem.Quoniam

394 497 536 560 que,
570 486 630 540 et
654 475 899 537 dimisso
924 490 1170 534 munere
1192 470 1351 548 quod
1380 472 1501 560 Dee
1534 477 1621 532 est
1641 470 2039 544 oﬁ‘erendum,

398 559 641 630 currere
668 565 740 627 ad
766 562 1315 625 reconciliationem
1346 578 1360 635 ;
1393 559 1491 621 ille
1522 578 1658 621 vero
1689 579 1761 621 ne
1794 561 2044 623 summis

398 657 636 737 quidem
663 653 845 714 labris
876 650 1230 712 condonavit
1263 649 1314 709 ei
1347 668 1525 729 quem
1558 648 1905 729 pmnitebat,
1933 668 2043 711 nec

393 746 457 807 in
500 744 767 806 animum
802 740 1029 801 induxit
1073 748 1133 798 ut
1165 738 1220 803 ei
1271 744 1498 818 roganti
1528 738 1859 800 remitteret
1890 759 1905 799 :
1939 737 2045 800 sed

399 832 611 897 clausit
634 832 858 892 viscera
882 847 989 890 sua
1018 847 1051 888 a
1074 827 1257 890 fratre
1279 846 1385 888 suo
1415 848 1431 904 ;
1468 837 1778 907 propterea
1798 829 2047 891 recessit

402 924 474 987 ab
494 941 565 984 eo
580 920 763 1001 gratia
783 918 966 980 divini
981 925 1035 978 et
1060 916 1269 979 viviﬁci
1284 916 1623 998 Spiritus,et
1639 919 1898 1000 perdidit
1918 937 2045 980 ma-

400 1010 994 1093 gnammrwtiosam,
1022 1018 1077 1068 et
1108 1006 1426 1084 gloriosam
1450 1026 1731 1069 coronam
1758 1008 2042 1089 martyrii.

399 1100 858 1175 Quamobremo
883 1096 1216 1163 tlilecti,nos
1237 1116 1477 1176 quoque
1503 1098 1819 1177 diligenter
1840 1116 2047 1159 cavea-

401 1210 533 1253 mus
552 1190 626 1252 ab
650 1189 760 1250 hac
792 1186 1086 1247 diabolica
1116 1186 1484 1265 Operatione,
1512 1188 1656 1260 odii,
1689 1186 1953 1268 inquam,
1990 1195 2046 1248 et

402 1280 634 1362 injuriae
659 1286 918 1357 acceptae
938 1275 1352 1337 recordatione
1386 1298 1402 1350 -,
1438 1285 1500 1336 ut
1528 1284 1862 1338 nostrorum
1894 1295 2048 1357 quo-

402 1389 516 1450 que
547 1375 925 1447 peccatorum
977 1366 1149 1425 detur
1183 1365 1352 1426 nobis
1410 1366 1682 1427 remissio
1716 1385 1748 1427 a
1799 1367 2050 1429 Domino

402 1462 544 1524 Jesu
574 1454 1261 1531 Christo,tonvenienter
1288 1455 1339 1515 ei
1371 1455 1525 1535 quod
1554 1455 1790 1517 dicitur:
1814 1455 2053 1519 Dimitte

404 1549 579 1612 nobis
630 1545 830 1608 debita
862 1554 1091 1623 nostra,
1121 1546 1275 1605 sicut
1304 1553 1359 1605 et
1408 1562 1517 1606 nos
1548 1544 1906 1607 dimittimus
1954 1547 2054 1609 de-

406 1637 710 1702 bitoribus
759 1636 1033 1706 nostris;
1064 1633 1257 1694 ﬁdelis
1306 1640 1395 1694 est
1422 1634 1580 1694 enim
1624 1635 1724 1714 qui
1758 1635 2047 1715 promisit.

2126 471 2284 531 enim
2312 490 2645 553 propensus
2669 473 2775 534 fuit
2800 473 2874 534 ad
2903 472 3248 534 charitatem
3274 478 3331 532 et
3355 469 3768 541 humilitatem,

2126 557 2262 621 ideo
2281 560 2390 622 fuit
2409 562 2723 624 redimitus
2743 581 2964 625 corona
2988 561 3274 642 martyrii,
3299 569 3357 622 et
3378 559 3653 639 dignatus
3684 565 3773 618 est

2126 649 2338 712 referri
2366 652 2425 712 in
2452 670 2767 714 numerum
2796 660 3139 732 martyrum,
3173 650 3247 714 ad
3282 650 3519 712 laudem
3551 656 3609 711 et
3636 646 3771 727 glo-

2127 739 2271 800 riam
2306 741 2501 820 magni
2532 741 2641 804 Dei
2670 750 2729 803 et
2758 740 3085 805 Servatoris
3115 739 3304 802 nostri
3330 739 3468 802 Jesu
3501 736 3717 800 Christi
3751 751 3768 798 :

2128 830 2220 890 cui
2253 830 2437 909 gloria
2493 839 2552 893 et
2583 830 2843 911 potentia
2872 849 3029 893 nunc
3072 838 3130 892 et
3158 845 3421 909 semper,
3451 834 3510 890 et
3563 826 3624 888 in
3653 841 3772 890 sm-

2128 919 2259 981 cula
2290 921 2666 982 saeculorum.
2706 923 2922 983 Arnen.

2216 1009 2379 1071 \‘oila
2403 1010 2458 1072 la
2474 1008 2585 1071 Vie
2610 1013 2685 1074 de
2706 1010 2864 1072 saint
2883 1009 3220 1089 Nicephore
3246 1016 3484 1089 martyr,
3517 1022 3658 1068 avec
3685 1005 3773 1066 les

2128 1099 2426 1161 additions
2460 1101 2537 1162 de
2562 1101 3072 1180 Métaphraste.Le
3105 1100 3331 1161 lecteur
3363 1114 3579 1177 pt-urra
3599 1096 3775 1175 juger

2130 1189 2180 1251 si
2212 1190 2357 1252 elles
2382 1200 2516 1251 sont
2545 1209 2709 1252 assez
2738 1188 3185 1252 considérables
3233 1205 3384 1268 pour
3412 1185 3648 1265 obliger
3675 1200 3777 1244 ces

2132 1287 2363 1342 savants
2383 1281 2713 1360 critiquesa
2736 1279 3020 1357 exagérer
3037 1282 3085 1339 si
3120 1280 3233 1339 fort
3264 1278 3351 1339 les
3374 1275 3779 1338 falsiﬁcations

2136 1367 2210 1429 de
2260 1387 2328 1430 ce
2380 1369 2723 1449 légcndaire
2780 1387 2945 1449 grec.
3010 1368 3086 1431 lls
3126 1369 3291 1429 n'ont
3352 1365 3519 1446 point
3567 1362 3779 1426 trouvé

2136 1462 2455 1535 d'exempie
2490 1463 2618 1533 plus
2650 1477 2862 1534 propre
2899 1464 2926 1518 it
2962 1462 3044 1518 les
3103 1462 3240 1520 lalre
3271 1461 3449 1518 valoir
3495 1473 3607 1530 que
3636 1465 3780 1514 cette

2136 1548 2380 1610 histoire
2410 1547 2484 1610 de
2506 1547 2661 1610 saint
2694 1546 3030 1627 Nicéphore
3058 1567 3074 1622 ;
3105 1546 3144 1608 il
3177 1546 3358 1608 serait
3389 1546 3584 1606 meme
3612 1560 3781 1605 assez

2136 1636 2376 1700 difﬁcile
2407 1637 2542 1699 d’en
2570 1636 2849 1717 produire
2871 1635 3127 1716 quelque
3157 1642 3323 1696 autre
3347 1652 3498 1715 pour
3518 1632 3781 1713 justiﬁer

485 1728 700 1789 Beatus
716 1733 911 1787 autem
938 1724 1336 1802 Nicepltorus,
1367 1732 1669 1804 postquam
1692 1725 1835 1786 vidit
1867 1735 2055 1786 trans-
2078 1741 2116 1792 Β
2139 1726 2302 1789 leurs
2338 1726 2612 1807 plaintes.
2646 1725 2994 1806 Cependant
3023 1724 3064 1785 il
3100 1742 3173 1786 ne
3204 1724 3326 1785 faut
3355 1740 3472 1805 que
3501 1721 3781 1783 conterer

403 1835 669 1893 gressum
702 1833 838 1876 esse
870 1812 1458 1893 Sapricium,mugna
1492 1831 1631 1875 voce
1663 1814 1807 1876 dicit
1829 1815 2054 1877 lictori.-

405 1906 538 1967 bus:
575 1903 695 1983 Ego
719 1922 852 1964 sum
884 1902 1275 1975 Christianus,
1313 1910 1370 1962 et
1390 1902 1569 1964 credo
1591 1905 1648 1964 in
1682 1923 1897 1965 nomen
1930 1904 2052 1966 Du-

407 1995 551 2057 mini
599 1994 782 2055 nostri
828 1991 971 2055 Jesu
1031 1989 1276 2063 Christi,
1308 2009 1486 2066 quem
1536 1994 1644 2054 iste
1675 1994 1927 2069 negavit.
1959 1996 2053 2058 Me

408 2103 549 2163 ergo
577 2085 700 2163 jam
754 2100 859 2162 pro
889 2082 1016 2163 ipso
1052 2080 1248 2143 ferite.
1284 2080 1547 2143 Lictores
1596 2100 1733 2145 vero
1769 2103 1886 2145 non
1916 2097 2055 2148 sunt

407 2175 531 2236 ausi
556 2175 714 2234 enim
738 2172 919 2233 ferire
941 2170 1163 2247 absque
1176 2171 1347 2249 jussu
1379 2171 1669 2250 prmsidis.
1702 2174 1892 2236 Mirati
1916 2184 2056 2238 sunt

407 2272 602 2324 autem
653 2278 884 2332 omnes,
920 2260 1075 2340 quod
1108 2278 1173 2321 se
1204 2262 1285 2322 ita
1314 2260 1386 2322 ad
1420 2269 1666 2324 mortem
1719 2265 2050 2327 tradiderit.

410 2352 624 2414 Libere
682 2351 840 2412 enim
892 2348 1171 2412 dicebat:
1210 2352 1352 2411 Sum
1407 2351 1803 2426 Christianus,
1834 2363 1892 2415 et
1939 2354 2055 2415 diis

409 2441 627 2504 vestris
682 2458 800 2501 non
832 2439 1125 2500 sacriﬁco.
1173 2437 1336 2501 Unus
1387 2449 1584 2500 autem
1619 2460 1686 2501 ex
1746 2442 2054 2504 lictoribus

409 2549 657 2593 currens
678 2528 1037 2590 renuntiavit
1065 2527 1562 2608 praesidi.dicens:
1590 2529 1895 2611 Sapricius
1920 2534 2050 2613 qui-

410 2621 546 2682 dem
572 2620 889 2701 pollicetur
910 2636 976 2679 se
999 2618 1111 2678 diis
1135 2618 1628 2699 sacriﬁcaturum;
1653 2630 1741 2682 est
1762 2640 1898 2683 vero
1932 2622 2055 2684 illic

411 2709 648 2790 quidam
682 2709 855 2779 alius,
889 2706 992 2787 qui
1026 2707 1149 2767 vult
1184 2708 1329 2769 mori
1385 2720 1627 2788 propter
1657 2728 1791 2771 eum
1827 2711 1925 2789 qui
1956 2712 2053 2772 di-
2086 2734 2087 2737 η

414 2798 565 2861 citur
609 2797 899 2870 Christus,
929 2795 1194 2857 clamans
1226 2804 1283 2858 et
1344 2797 1549 2858 dicens
1579 2798 1769 2861 libere
1800 2817 1813 2861 :
1848 2801 2049 2862 Chris-

414 2888 604 2948 tianus
634 2904 788 2961 sum,
821 2893 881 2945 et
911 2883 1024 2946 diis
1055 2886 1263 2946 vestris
1294 2904 1408 2947 non
1441 2888 1734 2962 sacriﬁco,
1770 2908 1879 2950 nec
1904 2889 2054 2952 obe-

412 2976 511 3037 dio
543 2975 756 3036 edictis
786 2973 1239 3055 imperatorum.

486 3069 790 3141 Postquam
814 3068 1031 3124 audivit
1054 3082 1285 3140 ptmses,
1316 3070 1372 3125 in
1396 3085 1526 3126 eum
1549 3070 1671 3129 tulit
1695 3077 2056 3141 sententiam,

414 3156 622 3219 dicens
649 3172 664 3217 :
697 3152 759 3215 Si
785 3172 903 3216 non
926 3152 1223 3215 sacriﬁcat
1253 3153 1369 3215 diis
1391 3154 1851 3229 immortalibus,
1890 3169 2060 3239 prout

407 3248 718 3326 jusserunt
741 3241 1344 3323 imperatores,jubeo
1373 3263 1506 3306 eum
1532 3248 1681 3309 mori
1705 3248 1922 3326 gladio:
1947 3248 2064 3313 Sa-

414 3336 683 3416 pricium
708 3348 852 3394 vero
869 3332 1053 3393 sinite
1074 3331 1266 3395 abire.
1291 3332 1457 3395 Tunc
1485 3335 1851 3416 accipientes
1884 3356 2062 3400 sanc-

418 3441 539 3488 tum
571 3427 981 3497 Nicephorum,
1016 3439 1147 3483 eum
1172 3428 1359 3497 capite
1388 3436 1826 3496 truncarunt,ut
1855 3447 2060 3502 prases

408 3515 866 3593 jusserat,nono
886 3515 1117 3571 mensis
1135 3510 1465 3575 Februarii
1472 3523 1551 3588 ;et
1569 3514 1655 3576 sic
1678 3534 2061 3579 consumma-

417 3613 512 3663 tus
528 3602 636 3662 fuit
660 3602 726 3661 in
750 3599 867 3661 Chr
882 3603 993 3688 isto
1011 3607 1249 3661 sanctus
1272 3611 1489 3683 martyr
1510 3604 1728 3667 Christi
1760 3607 2061 3688 Nicepho-

415 3709 540 3766 rus,
576 3698 635 3753 et
663 3688 935 3751 ascendit
967 3686 1028 3750 in
1060 3688 1241 3752 ccelos
1297 3701 1612 3755 coronatus
1656 3714 1761 3774 per
1791 3686 1967 3759 ﬁdem
2000 3698 2063 3760 in

868 4028 1213 4156 ΤΟΥ
1376 4028 2450 4161 ΣΟΦΩΤΑΤΟΥ

2139 1816 2223 1879 les
2247 1815 2544 1878 additions
2569 1835 2686 1895 que
2710 1814 3112 1894 Métaphraste
3139 1831 3172 1875 a
3199 1812 3369 1874 faites
3402 1814 3550 1873 aces
3576 1810 3775 1886 Actes,

2135 1925 2274 1968 aveo
2322 1906 2378 1968 la
2405 1906 2496 1968 vie
2528 1904 2603 1967 de
2637 1923 2706 1966 ce
2744 1904 2901 1966 saint
2960 1902 3099 1965 telle
3129 1921 3248 1979 que
3276 1904 3355 1965 Μ.
3389 1899 3600 1965 Baillet
3631 1917 3782 1961 nous

2138 1995 2211 2057 l’a
2240 1996 2498 2068 donnée,
2535 2012 2682 2073 pour
2710 1995 3089 2055 reconnaltre
3122 2011 3237 2071 que
3269 2010 3338 2052 ce
3370 1990 3624 2067 critique
3685 2008 3717 2068 y
3747 2006 3782 2050 a

2135 2086 2331 2166 ajouté
2362 2087 2467 2146 des
2498 2084 2945 2146 circonstances
2976 2081 3076 2162 qui
3122 2099 3196 2143 ne
3229 2100 3292 2143 se
3318 2087 3592 2142 trouvent
3621 2077 3786 2157 point

2136 2176 2283 2237 dans
2305 2173 2599 2254 l'original
2623 2172 2728 2235 des
2743 2170 3240 2252 Actes,quoiqu’il
3271 2170 3425 2232 fasse
3448 2168 3779 2250 profession

2136 2264 2292 2326 dele
2312 2265 2533 2337 suivre;
2570 2271 2626 2323 et
2645 2279 2763 2342 que
2783 2279 2879 2322 ses
2900 2260 3198 2322 additions
3218 2277 3292 2320 ne
3310 2270 3445 2321 sont
3463 2276 3569 2339 pas
3590 2257 3784 2318 moins

2140 2351 2586 2415 considérables
2608 2370 2724 2432 que
2747 2350 2930 2412 celles
2952 2350 3026 2410 de
3053 2348 3619 2428 Métaphrastezsans
3641 2363 3780 2423 par—

2137 2443 2226 2505 ler
2247 2443 2321 2505 de
2353 2442 2648 2524 plusieurs
2677 2442 2891 2511 choses
2921 2438 3065 2519 qu’il
3096 2456 3129 2500 a
3154 2439 3402 2509 omises,
3427 2447 3490 2499 et
3519 2438 3784 2498 d'autres

2137 2533 2280 2614 qu’il
2335 2551 2366 2594 a
2404 2532 2568 2593 etées
2598 2531 2673 2592 de
2703 2529 2833 2592 leur
2864 2546 3083 2610 propre
3115 2527 3256 2589 lieu.
3306 2524 3395 2589 On
3428 2544 3503 2587 ne
3534 2524 3781 2604 pretend

2140 2643 2244 2703 pas
2267 2622 2497 2685 blamer
2513 2628 2666 2683 cette
2691 2618 2974 2680 conduite
2998 2618 3072 2679 de
3106 2619 3178 2679 Μ.
3215 2615 3426 2678 Baillet
3455 2615 3602 2676 dans
3631 2621 3784 2675 cette

2137 2714 2410 2786 histoire,
2442 2710 2503 2772 ni
2551 2709 2698 2770 dans
2728 2707 2815 2769 les
2842 2714 3042 2768 autres
3105 2708 3183 2768 οὐ
3220 2706 3322 2767 ila
3374 2705 3476 2767 fait
3501 2704 3556 2766 la
3588 2704 3787 2765 meme

2138 2804 2344 2881 chose,
2372 2798 2619 2880 puisque
2650 2796 2801 2858 c’est
2824 2795 2877 2856 la
2907 2795 3187 2857 conduite
3219 2794 3521 2856 erdinaire
3542 2792 3617 2855 de
3637 2810 3788 2855 ceux

2139 2892 2240 2972 qui
2270 2890 2602 2952 travaillent
2631 2904 2734 2948 sur
2770 2902 2870 2946 ces
2899 2892 3090 2947 sortes
3142 2884 3218 2947 de
3250 2883 3549 2959 matieres,
3585 2891 3788 2963 etque

2075 3018 2119 3070 ο
2140 2981 2229 3043 les
2257 2980 2434 3070 Peres
2470 2978 2695 3039 memes
2724 2974 2870 3070 l’ont
2898 2972 3230 3070 pratiqrté-e.
3265 2973 3410 3070 hlais
3433 2991 3510 3035 on
3541 2991 3617 3070 en
3650 2976 3790 3053 peut

2144 3069 2425 3132 conclure
2448 3084 2564 3148 que
2584 3084 2639 3126 Cf
2658 3072 2739 3127 tte
2764 3063 2977 3126 liberté
3001 3062 3073 3123 de
3097 3061 3489 3142 Métaphraste
3513 3063 3661 3123 n’est
3685 3079 3788 3141 pas

2145 3160 2449 3222 suﬁisante
2482 3174 2630 3237 pour
2649 3154 2706 3217 le
2734 3153 2956 3216 rendre
2978 3151 3342 3230 méprisable
3371 3161 3431 3215 et
3447 3151 3690 3230 indigne
3711 3151 3790 3214 de

2146 3258 2312 3312 toute
2335 3249 2611 3324 créance,
2637 3252 2696 3306 et
2724 3261 2872 3324 pour
2892 3242 2945 3305 le
2976 3241 3122 3303 faire
3156 3259 3360 3321 passer
3390 3259 3539 3321 pour
3556 3260 3634 3301 un
3666 3240 3787 3302 im-

2148 3347 2393 3421 posteur
2437 3346 2496 3399 et
2543 3353 2623 3396 un
2673 3332 2986 3407 faussaire,
3019 3332 3093 3393 né
3140 3349 3289 3412 pour
3346 3328 3628 3409 produire
3682 3328 3789 3391 des

2149 3439 2488 3493 montres.et
2510 3428 2675 3488 οωτό
2699 3441 2768 3485 au
2794 3425 2917 3484 dela
2946 3424 3016 3482 de
3040 3439 3105 3482 ce
3133 3439 3249 3496 que
3271 3424 3321 3481 la
3344 3423 3522 3482 Grece
3543 3422 3637 3494 ι)δί
3660 3437 3790 3481 nne

2146 3538 2181 3581 a
2211 3515 2471 3597 imaginé
2501 3516 2575 3577 de
2603 3511 2792 3577 fables
2823 3530 2897 3572 en
2931 3510 3134 3572 faveur
3162 3510 3237 3570 de
3266 3527 3367 3597 ses
3393 3508 3593 3583 dieux;
3619 3507 3786 3588 puis-

2147 3596 2584 3688 qu’on’trouve
2633 3617 2853 3665 encore
2901 3597 3286 3688 aujourd’hui
3342 3596 3449 3660 des
3496 3598 3791 3660 écrivains

2146 3685 2549 3777 respectables
2578 3692 2680 3769 qui
2715 3696 3006 3771 prennent
3034 3686 3089 3749 la
3124 3688 3320 3750 meme
3350 3685 3586 3750 liberte.

2615 4019 3342 4153 ΨΕΛΛΟΥ

3369 3878 3772 3888 —_—_—_-

1932 4272 2275 4324 ΕΓΚΩΜΙΟΝ

829 4445 1001 4528 ΕΙΣ
1089 4446 1305 4533 TON
1399 4445 2225 4531 ΜΕΤΑΦΡΑΣΤΗΝ
2303 4441 2718 4529 ΚΥΡΙΟΝ
2808 4438 3369 4524 ΣΥΜΕΩΝΑ.

1309 4718 2335 4828 SAPIENTISSIMI
2427 4713 2905 4825 PSELLI

1907 4877 2299 4944 ENCOMlUM

871 5013 979 5099 1N
1082 5007 1982 5097 METAPHRASTEM
2093 5004 2610 5093 DOMINUM

2712 5003 3350 5097 SYMEONEM.

1620 5147 1780 5219 (Apud
1813 5146 2055 5205 Allatium
2096 5146 2175 5203 De
2204 5144 2600 5217 Symeom'bus.)

434 5347 578 5408 Cum
643 5355 700 5408 et
732 5345 844 5406 vita
904 5351 962 5403 et
1005 5337 1246 5403 dicendi
1293 5337 1564 5400 facultate
1622 5352 1897 5414 magnum
1956 5332 2067 5415 Sy-

435 5453 706 5497 meonem
755 5433 999 5496 laudare
1029 5428 1357 5499 statuerim,
1394 5427 1563 5506 cujus
1594 5443 1699 5504 per
1728 5421 2065 5485 universum

418 5522 638 5584 "orbem
678 5533 850 5585 terra;
899 5530 1258 5591 estnomen,
1296 5526 1355 5579 et
1395 5534 1492 5577 res
1521 5523 1701 5595 gesta:
1730 5512 2065 5588 celebratas,

435 5612 635 5672 nescio
664 5611 1019 5691 quibusnam
1048 5607 1245 5673 verbis
1276 5617 1407 5671 utar
1433 5605 1494 5666 in
1526 5623 1595 5667 eo
1629 5600 1946 5679 laudando,
1978 5602 2068 5667 vel

2234 5337 2335 5393 Τὸν
2395 5333 2562 5411 μέγιν
2624 5334 2679 5390 ἐι
2748 5335 2846 5411 βίῳ
2920 5332 3005 5387 καὶ
3077 5331 3221 5410 λόγῳ
3281 5334 3499 5406 Συμεὼν
3561 5331 3801 5388 ἑπκινετν

2152 5424 2535 5504 προελόμενος,
2570 5426 2629 5480 τὸ
2683 5444 2861 5489 mon:
2910 5425 3006 5488 τῆς
3051 5421 3364 5496 οἰκουμένης
3396 5420 3639 5498 λαμπρὸν
3699 5424 3795 5477 καὶ

2152 5512 2470 5593 περιϐόητον
2515 5516 2599 5570 καὶ
2658 5512 2826 5586 ὄνομα
2882 5511 2969 5568 καὶ
3026 5512 3327 5592 εὖτύχημα,
3364 5515 3457 5569 οὐκ
3516 5510 3636 5567 οἶδα
3692 5509 3795 5567 τίσι

2151 5604 2279 5663 ποτὲ
2336 5604 2517 5682 λόγοις
2551 5603 2666 5681 περὶ
2724 5601 2881 5659 αὐτοῦ
2929 5603 3230 5682 χρήσομαι,
3264 5601 3299 5670 ἢ
3342 5600 3391 5658 τί
3419 5605 3522 5657 τῶν
3580 5600 3792 5660 πάντων
