4128 6198
342 294 468 362 185

1500 292 1901 358 ENCOMIUM
1945 290 2556 358 METAPHRAST/E.

3604 283 3716 360 186

341 430 508 511 ἐρῶν,
594 428 857 510 ἀρκοῦσαν
927 430 1028 498 τὴν
1115 429 1376 508 εὖφημίαν
1446 425 1760 507 παρέξομαι.
1835 427 1994 504 ’Λνὴρ

2084 427 2364 507 quidnam
2397 428 2687 503 dicturus,
2722 445 2790 490 ex
2818 425 3096 493 omnibus
3127 427 3518 493 suﬂicientem
3553 446 3710 512 pm-

341 523 452 601 γὰρ
496 520 728 594 ἐκεῖνος,
792 521 851 577 οὒ
916 518 1066 597 λόγῳ
1122 519 1280 594 μόνον
1341 518 1726 594 κοσμούμενος,
1776 518 1862 574 καὶ
1905 517 1994 574 τόν

339 634 401 668 τε
459 614 578 668 νοῦν
634 611 778 692 ἔχων
823 610 1169 685 ἑτοιμότατον
1214 610 1285 671 εἷς
1331 609 1614 683 νοημάτων
1667 608 1850 684 γονὰς,
1896 609 1993 677 τήν

338 723 400 757 τε
464 701 713 779 γλῶσσαν
757 701 880 758 οἷον
938 699 1003 766 δὴ
1049 700 1109 754 τὸ
1154 697 1388 772 Νειλῷον
1431 699 1618 778 ῥεῦμα,
1669 699 1765 754 οὒκ
1797 696 1850 752 ἒν
1892 718 1990 752 πε-

339 789 564 867 ριόδοις,
625 794 720 847 οὐκ
776 790 836 846 ἐκ
880 788 1256 863 διαστημάτων
1315 787 1557 866 μακρῶν,
1604 785 1724 843 ἀλλ’
1787 787 1995 861 ὁσημέ-

345 901 436 959 ραι
499 882 702 958 μυρίοις
783 879 1142 946 πληθύνουσαν
1215 880 1445 956 πήχεσι,
1508 881 1593 934 καὶ
1653 875 1998 953 εὖκαιρότατα

345 969 763 1050 πελαγίζουσαν,
821 968 958 1025 ἀλλὰ
1001 969 1087 1025 καὶ
1131 972 1198 1043 τῇ
1268 967 1373 1023 ἀπὸ
1429 973 1533 1023 τῶν
1589 967 1728 1034 ἠθῶν
1787 965 1993 1042 κράσει,

341 1062 542 1116 καὶτὸ
594 1061 768 1125 πάσας
825 1059 1040 1136 ἀρετὰς,
1080 1058 1178 1114 καὶ
1219 1057 1297 1130 τῷ
1355 1055 1693 1134 παράδειγμα
1755 1054 1995 1132 γενέσθαι

346 1163 472 1213 τοῖς
531 1149 726 1220 ζηλοῦν
789 1149 1026 1204 ἓθέλουσι
1085 1145 1522 1225 μεγαλοπρεποῦς
1573 1146 1686 1222 βίου
1743 1147 1831 1200 καὶ
1885 1143 1997 1199 σώ-

342 1259 538 1318 φρονος
594 1239 1027 1314 σεμνυνομένως.
1109 1243 1304 1294 Τοῦτον
1379 1234 1444 1302 δὴ
1509 1236 1598 1291 τὸν
1669 1235 2000 1311 περιώνυμον

344 1327 534 1406 ἄνδρα,
596 1328 715 1385 καθ’
757 1328 921 1404 ὥραν,
969 1329 1040 1392 ὡς
1095 1329 1288 1401 εἰπεῖν,
1350 1329 1384 1395 ἡ
1445 1323 1998 1388 Κωνσταντινούπολις

346 1419 663 1489 ἐξήνθησεν,
722 1421 758 1487 ἡ
815 1418 1002 1496 πρώτη
1061 1419 1150 1474 τὸν
1206 1416 1438 1495 πρῶτον,
1501 1417 1535 1483 ἡ
1590 1412 1850 1477 καλλίστη
1893 1420 1998 1468 τῶν

342 1508 583 1584 πόλεων,
632 1511 722 1565 τὸν
780 1507 1064 1565 κάλλιστον
1112 1507 1275 1587 φάναι
1333 1505 1650 1585 πολιοῦχον,
1695 1504 1792 1561 καὶ
1839 1501 1998 1560 δοῦσα

341 1600 520 1671 τούτῳ
578 1621 638 1655 το
682 1598 732 1663 ἐξ
776 1600 939 1666 αὖτῆς
1003 1600 1342 1676 γεγενῆσθαι,
1395 1597 1484 1652 καὶ
1532 1601 1600 1671 τῇ
1646 1594 1865 1670 τοιαύτῃ
1897 1614 1994 1669 γε-

343 1689 487 1746 νέσει
524 1690 876 1764 τιμήσασθαι,
937 1684 1188 1744 ἀντέλαϐε
1246 1685 1372 1764 παρ’
1443 1685 1603 1742 αὐτοῦ
1645 1687 1707 1741 τὸ
1758 1693 1997 1742 τοιοῦτον

2081 515 2236 579 bebo
2264 517 2690 580 laudationem.
2736 518 2845 580 Hic
2874 519 3033 581 enim
3083 519 3170 581 vir
3221 539 3338 581 non
3369 518 3555 582 solum
3589 526 3718 584 erat

2082 615 2324 669 ornatus
2354 609 2787 688 eloquentia,et
2817 617 3078 671 mentem
3114 609 3371 672 habebat
3401 609 3718 691 promptis-

2082 695 2294 756 simam
2327 697 2396 756 ad
2431 696 2729 776 gignenda
2755 699 3038 778 praeclara
3069 697 3340 776 cogitata,
3367 706 3426 761 et
3452 698 3714 779 linguam

2082 794 2357 865 tanquam
2383 784 2493 847 Nili
2517 789 2830 861 ﬂuentum,
2869 807 2986 848 non
3012 796 3142 869 post
3170 788 3408 867 longum
3436 789 3718 870 temporis

2080 875 2573 952 curriculum,sed
2609 877 2877 957 quotidie
2903 877 3044 939 rivis
3067 885 3392 940 scatentem
3425 878 3718 960 eloquen-

2080 964 2262 1040 tias,et
2291 966 2681 1028 inundantem
2717 967 3247 1047 opportunissime:
3271 968 3373 1030 sed
3401 976 3458 1029 et
3482 986 3718 1032 morum

2081 1056 2660 1135 temperationem,et
2692 1056 2850 1134 quod
2883 1074 3093 1119 omnes
3115 1057 3364 1119 virtutes
3395 1065 3521 1120 erat
3549 1076 3720 1119 com-

2084 1145 2312 1224 plexus,
2349 1154 2406 1206 et
2435 1144 2589 1224 quod
2641 1154 2766 1206 erat
2815 1147 3150 1227 exemplum
3186 1147 3280 1224 iis,
3315 1147 3416 1228 qui
3441 1145 3720 1210 volebant

2084 1233 2330 1296 honeste
2358 1243 2414 1296 et
2442 1234 2744 1296 moderate
2777 1236 3248 1314 vivere,gloriam
3270 1237 3563 1318 insignem
3600 1235 3714 1301 sibi

2082 1323 2720 1405 comparaverat.Hunc
2745 1342 2885 1402 ergo
2919 1325 3106 1387 virum
3131 1326 3720 1400 clarissimum,tem-

2085 1413 2309 1493 pestiie
2342 1423 2517 1495 atque
2550 1422 2874 1490 mature,ut
2896 1414 2973 1476 ita
3007 1415 3226 1490 dicam,
3251 1416 3533 1497 produxit
3561 1415 3722 1481 Con-

2081 1504 2520 1584 stantinopolis,
2559 1505 2748 1583 prima
2772 1505 3056 1585 primum,
3085 1505 3488 1587 pulcherrima
3510 1505 3720 1567 civita-

2083 1591 2795 1672 tum,pulcherrimum,ut
2826 1593 2904 1654 ita
2928 1591 3146 1674 dicam,
3175 1602 3486 1676 patronum
3507 1593 3719 1657 civita-

2082 1680 2196 1760 tis;
2226 1699 2355 1761 quae
2385 1701 2516 1742 cum
2552 1682 2604 1743 ei
2641 1682 2925 1758 dedisset,
2961 1691 3021 1744 ut
3073 1702 3142 1745 ex
3185 1684 3312 1766 ipsa
3348 1691 3719 1768 nasceretur,

342 1793 736 1857 περιενεγκεῖν,
785 1779 904 1842 οἷος
946 1779 1033 1834 καὶ
1095 1779 1254 1852 μόνος
1317 1775 1594 1853 ἐξήρκεσεν
1654 1773 1715 1830 ἂν
1759 1776 1823 1830 τὰ
1854 1771 1990 1830 καλ·

2083 1778 2134 1830 et
2168 1771 2266 1831 tali
2293 1779 2427 1832 ortu
2459 1790 2591 1832 eum
2627 1781 2920 1847 ornasset,
2965 1773 3037 1835 ab
3071 1791 3140 1836 eo
3171 1775 3285 1836 hoc
3316 1774 3577 1836 vicissim
3611 1792 3718 1836 ac-

343 1867 564 1926 λιστετα
623 1868 798 1944 ἐκείνῃ
855 1865 1142 1925 ἀποδοῦναι
1187 1873 1290 1922 τῶν
1335 1865 1542 1922 πόλεων
1575 1881 1588 1894 ⁸
1639 1865 1725 1920 καὶ
1777 1863 1993 1941 γέγονεν

341 1963 485 2035 αὐτῇ
540 1961 571 2027 ἦ
619 1959 747 2035 παρ’
804 1958 1001 2014 ἐκείνου
1067 1956 1201 2032 τιμὴ
1281 1956 1375 2023 τῆς
1439 1953 1691 2034 πρότερον
1752 1951 1992 2031 μεγαλο-

340 2048 677 2126 πρεπεστέρα
733 2049 820 2105 καὶ
879 2047 1070 2123 μείζων
1102 2065 1118 2082 ⁶
1165 2046 1290 2102 ὅσον
1335 2045 1457 2102 τότε
1503 2045 1600 2120 μὲν
1665 2044 1850 2101 κάλλει
1908 2044 1994 2099 ναὶ

337 2141 558 2215 μεγέθει
615 2146 721 2195 τῶν
778 2136 953 2194 ἄλλων
1014 2136 1218 2216 ἐκράτει
1279 2136 1518 2208 πόλεων,
1565 2135 1744 2213 ὥσπερ
1771 2157 1850 2197 τις
1881 2156 1992 2190 πα-

340 2227 590 2308 ραδείσου
647 2234 826 2308 χῶρος
887 2227 954 2294 τῆ
1010 2224 1268 2305 περιϐολῇ
1311 2227 1408 2283 καὶ
1452 2231 1527 2300 τῷ
1571 2223 1771 2296 κύκλῳ⁶
1837 2224 1993 2280 ὕστε-

339 2342 437 2396 ρον
494 2317 549 2374 δὲ
607 2316 673 2374 δι’
745 2321 952 2373 εκεϊνον
1021 2319 1107 2372 καὶ
1164 2329 1282 2379 τοῖς
1340 2313 1514 2371 ἄνθεσι
1567 2319 1673 2370 τῶν
1709 2317 1993 2390 αὖθιγενῶν

341 2408 577 2484 ἀρετῶν,
637 2405 730 2468 τας
791 2404 954 2467 ἄλλας
1015 2406 1426 2484 ὑπερηκόντισεν
1460 2421 1474 2437 °
1522 2404 1657 2461 ὥστε
1691 2405 1862 2460 εἶκαὶ
1919 2403 1994 2477 μὴ

340 2497 516 2559 οὕτως
560 2495 614 2560 ἓξ
669 2496 847 2575 ἀρχῆς
905 2496 1110 2571 κόσμου
1183 2496 1502 2574 τετύχηκεν,
1565 2491 1703 2567 μηδὲ
1757 2494 1996 2559 οἰκιστὴν

339 2596 591 2644 τοιοῦτον
648 2586 980 2665 ηὒτύχηκεν,
1017 2583 1329 2665 ἀπέχρησεν
1370 2583 1432 2640 ἂν
1482 2584 1616 2660 αὒτῇ
1677 2587 1736 2640 τὸ
1786 2586 1994 2656 θαυμα-

335 2677 469 2732 στὸν
535 2673 596 2739 δὴ
655 2683 812 2733 τοῦτο
869 2677 1110 2755 γέννημα
1165 2677 1296 2754 πρὸς
1354 2675 1454 2742 τὴν
1516 2681 1623 2730 τῶν
1679 2671 1997 2752 κρειττόνων

339 2765 633 2826 ἀντίθεσιν.

459 2865 472 2876 ν
519 2857 534 2876 \
816 2855 829 2873 ἱ
1151 2855 1164 2876 9
1224 2855 1236 2876 Ι
1827 2854 1840 2874 9

438 2865 537 2914 iui
588 2856 649 2911 τὸ
707 2877 842 2912 κατα
886 2863 1099 2911 πάντων
1142 2877 1454 2934 ασυγκριτον
1484 2856 1671 2931 κράτος
1704 2855 1787 2911 καὶ
1819 2875 1995 2926 απαρ-

344 2944 610 3019 ἀμιλλον,
671 2947 739 3010 ἧν
796 2944 894 3018 μὲν
948 2945 1093 3007 εὐθὺς
1160 2947 1221 3000 τὸ
1279 2944 1340 3002 ἐκ
1393 2948 1632 3024 πρώτης,
1682 2947 1753 3005 ὡς
1798 2946 1992 3023 εἰπεῖν,

339 3033 634 3112 γενέσεως,
693 3036 782 3090 καὶ
840 3033 894 3098 ἐξ
948 3034 1204 3110 ἀνθούσης
1261 3033 1364 3102 ἤδη
1435 3036 1647 3116 τριχός,
1713 3034 1892 3111 ὥσπερ
1950 3035 1997 3089 οἱ

2081 1860 2427 1942 cepit,quod
2453 1879 2586 1921 eum
2619 1861 3098 1944 produxerit,qui
3121 1864 3207 1926 vel
3233 1865 3395 1927 solus
3417 1862 3722 1925 suffecerit

2079 1951 2148 2012 ad
2179 1951 2234 2012 ei
2262 1952 2523 2012 dandum
2561 1951 2961 2030 pulcherrima
3015 1954 3258 2032 prmmia
3290 1954 3615 2015 civitatum.
3645 1950 3720 2014 Et

2079 2039 2186 2100 fuit
2219 2042 2429 2115 honor,
2465 2058 2640 2120 quem
2673 2059 2741 2102 ex
2775 2041 2874 2102 illo
2937 2042 3162 2117 habuit,
3206 2043 3403 2125 priore
3438 2043 3630 2123 major
3657 2049 3718 2105 et

2081 2129 2560 2210 magniﬁcentior
2586 2152 2601 2204 ;
2636 2130 2793 2211 quod
2825 2143 2966 2193 tunc
2997 2133 3240 2210 quidem
3271 2131 3718 2215 pulchritudine

2078 2219 2395 2299 superabat
2425 2219 2572 2281 alias
2602 2219 2895 2288 civitates.
2929 2221 3105 2282 veluti
3132 2221 3369 2303 quidam
3405 2221 3573 2284 locus
3605 2239 3716 2303 pa-

2079 2309 2257 2370 radisi
2303 2307 2526 2370 ambitu
2563 2318 2620 2370 et
2648 2310 2902 2372 circuitu
2940 2335 2954 2382 ;
3015 2320 3214 2391 postea
3243 2319 3441 2374 autem
3474 2318 3720 2393 propter

2081 2397 2243 2459 illum
2268 2400 2516 2460 ﬂoribus
2543 2418 2776 2480 quoque
2799 2399 2879 2461 ibi
2907 2401 3239 2479 genitarum
3266 2402 3546 2464 virtutum
3569 2401 3717 2464 alias

2081 2489 2258 2565 longo
2281 2488 2590 2550 intervallo
2612 2489 2928 2569 superavit:
2964 2489 3112 2552 adeo
3139 2490 3465 2564 nt,etiamsi
3493 2509 3607 2550 non
3633 2491 3720 2553 sic

2079 2578 2287 2640 fuisset
2305 2586 2512 2640 ornata
2541 2577 2616 2638 ab
2647 2577 2902 2652 initio,ei
2930 2578 3263 2640 suffecisset
3293 2578 3468 2640 ﬂetus
3493 2579 3588 2640 hic
3619 2579 3720 2641 ad-

2082 2667 2374 2730 mirabilis
2405 2676 2467 2730 ut
2499 2686 2563 2730 se
2597 2680 2796 2746 posset
2828 2667 3102 2730 conferre
3131 2687 3264 2730 cum
3299 2668 3722 2749 praestantiori-

2086 2757 2220 2818 bus.

2161 2847 2234 2908 Et
2263 2847 2415 2908 vires
2467 2846 2711 2928 quidem
2764 2846 3263 2930 incomparabiles
3311 2853 3534 2929 statim,
3597 2855 3656 2910 et
3687 2867 3721 2911 a

2080 2937 2372 3018 primo,ut
2392 2937 2576 3000 semel
2599 2937 3165 3013 dicam,ortu,etiam
3198 2938 3453 3000 ﬂorente
3476 2937 3717 3019 capillo,

2081 3026 2453 3098 ostendebat,
2489 3046 2606 3088 non
2639 3045 2813 3090 secus
2844 3035 3020 3108 atque
3053 3027 3294 3089 leonum
3327 3028 3501 3089 catuli
3527 3035 3721 3089 osten-

338 3129 458 3178 τῶν
519 3121 748 3180 λεόντων
777 3124 1026 3198 σκύμνοι,
1075 3126 1221 3188 εὗθυς
1280 3125 1378 3192 τὴν
1425 3126 1585 3204 ὀφρὺν
1641 3122 1992 3198 παραδεικνύ-

2083 3117 2226 3178 dent
2250 3117 2521 3197 protinus
2551 3116 2958 3197 supercilium,
2985 3124 3044 3179 et
3065 3116 3311 3178 densam
3336 3116 3471 3178 colli
3483 3116 3719 3197 jubam.

339 3234 526 3285 οντες,
587 3215 670 3269 καὶ
724 3220 828 3269 τῶν
887 3213 1221 3293 ὲπαυχενίων
1261 3220 1464 3294 τριχῶν
1522 3215 1581 3270 τὸ
1613 3213 1820 3276 λάσιον,
1860 3204 1994 3268 ’Υπ-

340 3302 498 3370 ἤνθει
558 3302 655 3380 γὰρ
712 3305 851 3376 αὖτῷ
894 3303 959 3358 τὰ
1003 3303 1098 3370 τῆς
1141 3303 1402 3366 συνέσεως
1450 3301 1605 3377 ἄνθη,
1655 3304 1740 3358 καὶ
1772 3303 1831 3358 τὸ
1861 3303 1994 3380 φρό-

343 3413 502 3465 νημα
554 3392 693 3469 ῥίζαν
724 3393 841 3448 τινὰ
871 3397 996 3472 εἶχε
1059 3394 1303 3470 βαθεῖαν,
1333 3395 1421 3450 καὶ
1467 3397 1494 3450 ὁ
1527 3399 1642 3458 νοῦς
1674 3389 1997 3464 ἐξήστραπτέ

338 3504 401 3538 τι
464 3483 784 3556 θαυμάσιον.
845 3489 1016 3539 Ταῦτα
1074 3480 1129 3536 δὲ
1171 3493 1288 3543 τοῖς
1343 3483 1443 3557 μὲν
1500 3482 1680 3545 ἄλλοις
1741 3482 1996 3559 ἀρκοῦντα

341 3571 641 3650 ἐτύγχανεν
704 3573 774 3632 εὶς
831 3569 1127 3646 τελείωσιν,
1215 3571 1399 3646 ἐκείνῳ
1453 3571 1506 3628 δὲ
1564 3572 1995 3650 προχαράγματα

345 3665 454 3729 τῆς
517 3660 717 3726 τελείας
750 3661 1058 3739 ἐγνσοιρίζετο
1116 3661 1341 3738 φύσεως.
1379 3661 1586 3738 ’Ὥσπερ
1617 3661 1705 3716 οὖν
1733 3666 1840 3716 τῶν
1884 3658 1994 3714 δένο

343 3749 488 3828 ὅρων
542 3751 713 3808 ὁπόσα
772 3751 914 3826 παρὰ
972 3751 1071 3817 τὴν
1115 3752 1268 3829 φύσιν
1311 3748 1693 3807 ὰναϐλαστάνει
1740 3753 1836 3815 τῆς
1870 3747 1992 3804 ἐπι-

345 3838 661 3914 μελομένης
716 3841 898 3920 χειρὸς
943 3840 1120 3919 βραχύ
1175 3861 1224 3894 τι
1278 3837 1614 3914 ἐπιδεόμενα,
1667 3839 1712 3894 εἰ
1758 3838 1844 3894 καὶ
1891 3838 1989 3912 ἀρ-

341 3928 494 3985 δείαν
529 3930 648 3984 τινὰ
699 3927 1071 4008 παραδέξεται,
1107 3928 1182 3985 ἔτι
1245 3926 1450 4004 μαλλον
1501 3929 1630 4004 πρὸς
1680 3925 1876 3991 καλλος
1905 3927 1994 3982 καὶ

345 4019 576 4094 μέγεθος
607 4016 903 4074 ἐπιδίδωσιν
933 4033 947 4047 ⁸
998 4016 1136 4073 οὕτω
1184 4015 1238 4072 δὲ
1297 4016 1521 4090 κάκείνῳ
1551 4017 1614 4082 ἦν
1648 4015 1745 4090 μὲν
1778 4017 1810 4083 ἡ
1841 4015 1992 4095 φύσις

377 4104 440 4125 νη
562 4107 574 4127 1
845 4112 872 4122 ~
1128 4107 1139 4122 ε
1227 4109 1240 4129 9
1284 4106 1297 4123 \
1529 4107 1573 4127 ,οὶ
1777 4104 1787 4124 ν
1882 4106 1896 4128 ν
1951 4105 1962 4125 Ι

344 4121 604 4185 ευορομον
657 4128 708 4162 τι
768 4129 982 4186 χρημα,
1046 4128 1138 4162 ναι
1196 4109 1342 4170 ευθυς
1426 4127 1616 4182 προιον
1673 4127 1773 4162 κατ
1849 4107 1988 4166 ευθυ,

345 4197 514 4254 Ὀθεν
543 4198 814 4273 αὐτοφυῶς
855 4196 952 4270 μὲν
1001 4194 1330 4273 ἐρρητόρευε,
1380 4196 1509 4272 πρὸς
1542 4193 1595 4250 δὲ
1626 4194 1938 4274 φιλοσοφίαν
1968 4195 1995 4250 ὁ

341 4287 512 4362 βαθὺς
535 4287 634 4351 τῆς
665 4286 851 4364 ψυχῆς
882 4283 1082 4348 κόλπος
1116 4280 1312 4362 ἄφθονα
1345 4281 1510 4341 ἐδίδου
1540 4285 1808 4360 νοήματα.

433 4551 585 4610 Ἐπεὶ
618 4549 670 4606 δὲ
715 4552 802 4608 καὶ
832 4553 963 4629 πρὸς
1009 4552 1103 4614 τὰς
1152 4549 1420 4625 διατριϐὰς
1477 4558 1582 4608 τῶν
1639 4550 1992 4632 φιλοσοφούν-

341 4665 456 4699 των
524 4638 816 4713 ἆπέϐλεπε,
867 4643 956 4698 καί
1013 4663 1161 4700 τινας
1220 4641 1423 4698 ἐκεῖθεν
1480 4641 1651 4721 ἀρχὰς
1710 4640 1994 4718 ἐκομίσατο

340 4734 484 4807 πρὸς
541 4731 642 4794 τὴν
700 4737 806 4787 τῶν
849 4731 1190 4801 ζητουμένων
1237 4731 1438 4808 εὕρεσιν
1469 4730 1738 4809 ἀφορμὰς,
1769 4731 1997 4808 ἐνέκυψέ

342 4842 406 4877 τε
451 4821 664 4899 ἀθρόον,
697 4820 783 4876 καὶ
817 4819 949 4896 ἤρθη
981 4819 1270 4896 μετέωρος,
1331 4821 1418 4876 καὶ
1459 4820 1564 4877 ἀπὸ
1615 4828 1720 4878 τῶν
1774 4822 1995 4878 ἀκτίνων

344 4913 465 4989 εὗρε
512 4911 605 4966 τὸν
637 4907 812 4982 ἥλιον,
846 4909 881 4976 ἢ
933 4908 1098 4974 οὕτως
1150 4910 1344 4984 εἰπεῖν,
1393 4908 1499 4965 ἀπὸ
1530 4917 1622 4967 τοῦ
1654 4909 1807 4980 ἡλίου
1865 4913 1994 4989 πρὸς

345 5001 442 5064 τὰς
497 4999 722 5062 ἀκτῖνας
780 4996 1078 5072 διέϐλεψεν,
1113 4999 1170 5053 τὸ
1217 4997 1315 5070 μὲν
1365 5019 1430 5054 εκ
1478 5005 1583 5056 τῶν
1641 4999 1869 5078 ὑστέρων
1933 5001 1997 5056 τὰ

344 5095 536 5166 πρῶτα
596 5087 1067 5166 συλλογιζόμενος,
1112 5085 1266 5144 τὸδὲ
1307 5087 1365 5144 ἐκ
1424 5094 1530 5144 τῶν
1600 5089 1873 5166 προτέρων
1931 5091 1997 5145 τὰ

348 5177 569 5254 δεύτερα
653 5183 721 5252 τῇ
796 5177 948 5239 φύσει
1019 5175 1529 5255 συμπεραινόμενος.
1594 5177 1752 5245 Εἰδὼς
1809 5177 1864 5235 δὲ
1925 5181 1997 5245 ὡς

347 5268 462 5326 δυσὶ
506 5267 717 5330 τοὸτοις
771 5267 806 5334 ἠ
863 5266 1040 5323 τελεία
1083 5267 1199 5323 καθ’
1243 5269 1386 5341 ἡμᾶς
1431 5269 1580 5347 φύσις
1639 5268 1992 5348 κεκόσμηται,

346 5367 440 5415 νώ
498 5359 818 5435 γεννήμασι,
896 5358 984 5413 καὶ
1063 5355 1307 5434 γλώττης
1367 5358 1568 5433 ῥήμασι
1628 5359 1714 5414 καὶ
1757 5361 1829 5419 ὡς
1889 5365 1996 5415 τῶν

347 5445 732 5523 πφλαϐόντων
785 5445 998 5502 ἐκείνων
1031 5453 1235 5525 σοφῶν,
1283 5449 1330 5502 οἱ
1389 5447 1486 5521 μὲν
1542 5446 1626 5503 διὰ
1685 5447 1995 5528 φιλοσοφίας

347 5537 441 5590 τὸν
497 5540 616 5590 νοῦν
648 5531 986 5606 ἐτελείωσαν,
1021 5536 1066 5588 οἱ
1100 5533 1152 5588 δὲ
1184 5531 1266 5589 διὰ
1307 5535 1593 5611 ῥητορικῆς
1627 5538 1725 5602 τὴν
1756 5536 1996 5614 γλῶτταν

348 5625 638 5702 ἐκάθηραν,
685 5624 771 5678 καὶ
829 5621 970 5692 πλήν
1017 5644 1076 5700 γε
1123 5622 1234 5686 ἑνὸς
1281 5623 1315 5693 ἢ
1361 5622 1500 5680 δυσὶν
1545 5627 1588 5682 οἱ
1633 5624 1812 5684 λοιποὶ
1863 5628 1993 5706 πρὸς

2082 3205 2308 3267 Etenim
2336 3207 2512 3267 ﬂores
2538 3206 2912 3285 pullulabant
2936 3205 3444 3284 intelligentiae;et
3463 3205 3720 3269 habebat

2083 3295 2414 3376 prudentiae
2435 3295 2786 3375 profundam
2813 3295 3129 3377 quamdam
3163 3296 3447 3370 radicem,
3483 3302 3537 3357 et
3565 3314 3720 3376 quo-

2080 3384 2214 3445 dam
2243 3384 2578 3447 admirabili
2611 3384 2838 3463 fulgore
2898 3403 3068 3446 mens
3103 3385 3384 3448 micabat.
3416 3383 3553 3447 Haec
3585 3382 3719 3447 aliis

2080 3473 2322 3554 quidem
2350 3475 2721 3538 suffecissent
2741 3475 2811 3535 ad
2831 3473 3359 3547 absolutionem,in
3385 3473 3488 3534 illo
3519 3480 3716 3535 autem

2078 3563 2558 3642 agnoscebantur
2571 3564 2747 3624 veluti
2764 3563 3028 3645 quaedam
3057 3565 3220 3645 prius
3244 3562 3564 3644 descriptae
3577 3562 3721 3642 figu-

2076 3671 2321 3733 rae,qu
2344 3652 2668 3734 perlectam
2703 3653 2833 3732 ejus
2863 3652 3124 3715 indolem
3160 3651 3716 3734 praasigniticabant.

2077 3740 2385 3814 Quomodo
2401 3760 2542 3822 ergo
2566 3742 2973 3823 arbores,quae
2998 3743 3338 3822 germinant
3363 3750 3580 3820 praeter
3609 3759 3720 3804 na-

2079 3839 2294 3906 turam,
2329 3849 2536 3911 parum
2585 3840 2829 3910 egentes
2879 3850 3080 3908 manu,
3115 3850 3246 3912 quas
3275 3849 3479 3892 earum
3514 3849 3719 3893 curam

2075 3929 2262 4001 gerat,
2296 3921 2348 3984 si
2373 3920 2628 4001 aliquam
2661 3921 3001 4000 acceperint
3031 3919 3463 4000 irrigationem,
3491 3929 3549 3983 et
3581 3921 3716 4000 pul-

2075 4009 2416 4072 chritudine
2438 4021 2496 4072 et
2515 4011 2918 4090 magnitudine
2943 4010 3140 4074 adhuc
3161 4010 3344 4090 magis
3375 4017 3668 4089 augentur
3699 4031 3716 4086 ;

2077 4101 2158 4162 ita
2186 4101 2358 4162 etiam
2379 4099 2466 4163 illi
2497 4118 2734 4182 quoque
2766 4107 2892 4162 erat
2914 4099 3295 4162 celerrimum
3320 4099 3719 4178 ingenium,et

2078 4189 2235 4270 quod
2261 4191 2531 4271 protinus
2554 4190 2614 4252 in
2640 4191 2826 4253 altum
2855 4189 3217 4268 erigebatur.
3243 4188 3642 4262 Quamobrem
3665 4189 3717 4252 is

2079 4298 2185 4342 sua
2215 4290 2428 4361 sponte
2462 4281 2762 4361 praebebat
2789 4297 2854 4341 se
2885 4279 3105 4340 oratori
3131 4296 3147 4354 ;
3178 4278 3247 4340 ad
3283 4278 3717 4359 philosophiam

2077 4377 2274 4432 autem
2311 4369 2636 4451 profundus
2667 4370 2883 4431 animae
2914 4369 3082 4430 sinus
3130 4369 3366 4449 copiosa
3396 4385 3574 4429 sensa
3603 4368 3716 4431 da-

2017 4507 2062 4560 D
2079 4459 2202 4560 bat,
2235 4467 2295 4522 et
2326 4459 2599 4539 cogitata.

2158 4549 2474 4631 Postquam
2499 4557 2696 4612 autem
2729 4548 2957 4628 aspexit
2987 4549 3056 4610 ad
3085 4547 3318 4610 scholas
3341 4548 3722 4628 philosopho-

2078 4658 2235 4714 rum,
2271 4649 2329 4701 et
2361 4640 2523 4701 illinc
2556 4638 2822 4720 quaedam
2855 4638 3105 4720 accepit,
3155 4657 3284 4720 quae
3312 4646 3512 4701 essent
3539 4638 3717 4718 adju—

2080 4737 2281 4790 mento
2313 4728 2384 4788 ad
2445 4727 2851 4790 inventionem
2910 4745 3143 4802 eorum,
3180 4745 3311 4808 quae
3341 4737 3715 4808 quaeruntur,

2081 4825 2330 4899 repente
2357 4817 2773 4892 assurrexit,et
2802 4818 2988 4879 evasit
3027 4816 3323 4893 sublimis,
3353 4825 3412 4878 et
3441 4835 3509 4878 ex
3536 4819 3718 4880 radiis

2081 4907 2305 4970 invenit
2332 4907 2543 4980 solem,
2577 4909 2665 4969 vel
2699 4926 2732 4967 a
2759 4907 2982 4981 sole,ut
3014 4908 3090 4969 ita
3121 4906 3340 4980 dicam,
3387 4905 3613 4987 aspexit
3641 4907 3718 4968 ad

2080 4997 2302 5068 radios,
2339 4999 2552 5075 partim
2577 4997 2815 5077 quidem
2838 5016 2910 5058 ex
2933 4995 3362 5078 posterioribus
3384 4996 3582 5075 priora
3611 5013 3716 5056 ra-

2082 5086 2466 5148 tiocinatione
2485 5086 2795 5165 colligens,
2823 5086 3035 5166 partim
3066 5094 3264 5148 autem
3290 5103 3360 5147 ex
3391 5082 3712 5163 prioribus,

2079 5194 2215 5253 qua:
2244 5183 2454 5236 natura
2484 5183 2620 5235 sunt
2650 5171 3488 5250 secunda,concludens.Cum
3519 5179 3718 5233 autem

2081 5265 2447 5344 sciret,quod
2473 5264 2740 5345 perfecta
2769 5273 2971 5326 nostra
2999 5274 3206 5327 natura
3238 5264 3330 5325 his
3357 5261 3597 5324 duobus
3629 5269 3720 5324 est

2081 5362 2312 5428 ornata,
2347 5371 2566 5433 nempe
2589 5353 2810 5417 fetibus
2844 5354 3083 5426 mentis,
3115 5362 3173 5414 et
3201 5353 3419 5430 linguae
3445 5351 3712 5430 ﬂuentis,

2081 5454 2138 5506 et
2157 5444 2312 5524 quod
2337 5461 2404 5505 es
2431 5445 2681 5524 illis.qui
2705 5463 2839 5505 eum
2865 5441 3713 5524 praecesserunt,sapientibus,

2079 5536 2175 5596 alii
2201 5533 2444 5614 quidem
2463 5541 3024 5594 consummaverunt
3047 5541 3306 5591 mentem
3331 5549 3437 5611 per
3454 5531 3716 5611 philoso-

2080 5622 2564 5712 phiam,aliivero
2587 5639 2694 5708 per
2713 5618 2952 5684 dicendi
2975 5619 3312 5685 facultatem
3336 5620 3599 5712 linguam
3615 5639 3712 5693 ex-
