4080 6204
385 271 496 352 18Τ

1937 280 2228 350 PSELLI.

3639 291 3750 359 188

385 430 810 507 purgaverant,
831 422 889 488 et
923 434 1136 506 praeter
1164 443 1346 488 unum
1379 432 1477 487 aut
1503 423 1675 498 duos,
1709 422 1924 505 reliqui
1950 421 2021 485 ad

2124 424 2321 504 Ισίτερον
2371 426 2657 485 επένευσαν
2716 433 2823 486 τῶν
2853 433 3052 507 μερῶν,
3093 429 3180 485 καὶ
3223 440 3340 493 τοῖς
3385 429 3483 504 μὲν
3514 431 3545 498 ἡ
3577 427 3751 508 γλῶτ-

385 515 734 578 alterutram
756 515 1231 593 declinaverunt;
1255 515 1386 577 aliis
1405 514 1644 596 quidem
1671 514 1872 576 densis
1899 513 2028 594 epi-

385 605 829 668 cherematibus
861 604 1061 682 lingua
1095 605 1256 666 ﬂuxit
1290 605 1479 666 instar
1509 604 1709 666 ﬂuvii:
1742 603 1892 665 alios
1918 621 2026 665 au-

386 701 504 756 tem
531 695 912 755 celebrarunt
936 693 1216 773 praeclara
1241 694 1456 756 mentis
1474 710 1651 756 sensa
1675 699 1732 754 et
1750 694 2022 771 cogitata,

383 783 932 864 adeouthiquidem
959 792 1158 844 essent
1181 783 1614 863 propemodum
1638 781 2025 861 elingues,illi

388 882 585 935 autem
611 891 642 933 a
667 872 1023 952 perfectiore
1047 871 1272 934 deserti
1302 873 1718 953 intelligentia;
1744 872 1840 935 ille
1873 871 2028 932 inter

387 969 670 1041 utrosque
694 961 922 1022 medius
941 960 1260 1036 fuit,veluti
1283 962 1579 1043 quoddam
1604 963 1904 1024 vinculum
1929 980 2026 1023 eo-

386 1050 657 1132 rum,qui
684 1060 821 1112 tunc
847 1059 1015 1112 erant
1037 1051 1411 1132 disjuncti,et
1431 1053 1612 1113 menti
1631 1053 1894 1129 linguam
1916 1050 2025 1112 ad-

385 1144 716 1216 jungens,et
731 1146 922 1202 verbis
937 1154 1182 1202 mentem
1198 1146 1560 1209 adhibensmt
1575 1148 1680 1203 arti
1705 1147 1935 1218 quidem
1952 1145 2030 1200 di-

387 1230 846 1302 cendiadjiciens
866 1229 1290 1301 philosophiam
1311 1233 1377 1289 ad
1396 1231 1777 1289 emeaciorem
1799 1242 1848 1287 et
1864 1244 2026 1301 aper-

383 1317 591 1375 tlorem
617 1315 1397 1387 oaerationemzphilosophia
1427 1327 1619 1373 autem
1642 1324 1820 1374 art-'m
1848 1315 2031 1373 extol-

388 1402 603 1473 lens,et
624 1402 791 1459 ambo
815 1404 964 1459 inter
988 1419 1047 1457 se
1071 1412 1513 1472 contemperans
1533 1418 1630 1460 sua
1647 1403 1766 1474 puli
1784 1402 2032 1459 hritudi-

387 1483 743 1552 ne,vocalem
768 1489 955 1548 (utsic
977 1485 1188 1555 dicam)
1214 1495 1545 1552 mentemwt
1570 1487 1824 1558 linguam
1850 1485 2032 1543 effecit

389 1582 583 1630 mente
597 1571 1441 1642 praeditamPhilosophabatur
1459 1572 1652 1644 itaque
1675 1586 1802 1628 tum
1831 1571 2029 1629 morali

387 1655 790 1730 probabilitate
812 1663 871 1712 et
887 1655 1226 1725 fungebatur
1245 1669 1483 1712 munere
1502 1657 1900 1722 oratoria,cum
1917 1656 2035 1726 phi-

391 1739 680 1821 losophiae
704 1738 1147 1819 profunditatae;
1177 1745 1234 1800 et
1263 1748 1394 1801 erat
1416 1739 1687 1820 utrisque
1712 1740 2033 1817 generibus

395 1852 468 1896 ex
503 1853 675 1914 aequo
705 1832 1213 1904 accommodatus;
1249 1852 1443 1913 neque
1475 1833 1865 1914 philosophus
1897 1834 2032 1894 odio

391 1925 648 1991 habebat
669 1933 1084 2004 argumentum
1112 1925 1524 1998 civile,videns
1545 1924 1604 1986 id
1641 1943 1774 1987 esse
1799 1925 2032 1986 colora-

391 2032 512 2086 tum
549 2022 824 2085 tincturis
856 2020 1268 2100 philosophiae,
1304 2039 1499 2101 neque
1534 2030 1731 2081 orator
1754 2037 1909 2098 aegre
1941 2020 2034 2081 fe-

387 2115 490 2179 bat
519 2115 851 2190 scientiam,
886 2113 1135 2176 artiﬁcio
1168 2113 1402 2176 dicendi
1431 2114 1544 2176 sibi
1579 2115 1841 2194 placens.

471 2207 624 2271 Hinc
657 2207 833 2268 veluti
863 2207 1133 2284 quaedam
1157 2207 1384 2287 lampas
1407 2225 1660 2269 accensa
1687 2206 1824 2268 etin
1849 2206 2032 2268 altum

389 2301 620 2366 sublata
653 2319 685 2362 e
721 2300 998 2381 Byzantio
1027 2300 1152 2362 visa
1196 2311 1307 2375 est,
1337 2302 1516 2363 veluti
1547 2301 1816 2384 quaedam
1853 2301 1940 2362 l‘ax
1973 2301 2032 2362 in

391 2409 533 2454 aere
556 2391 833 2452 omnibus
857 2389 1230 2466 civitatibus;
1267 2399 1326 2452 et
1347 2401 1474 2453 erat
1500 2409 1707 2453 revera
1733 2391 1899 2452 locus
1927 2409 2034 2452 ve-

390 2479 500 2544 luti
525 2481 789 2543 mundus
810 2479 1050 2560 quidam
1069 2479 1330 2542 caelestis
1352 2480 1745 2560 resplendens
1768 2481 1925 2541 omni
1941 2492 2042 2559 ge?

391 2589 538 2634 nere
569 2570 878 2641 doctrinae,
912 2579 968 2631 et
1001 2588 1108 2650 per
1169 2589 1351 2631 unum
1404 2571 1503 2650 qui
1560 2569 1747 2631 facem
1784 2569 2032 2643 ferebat,

391 2665 603 2746 partim
629 2661 870 2740 quidem
901 2661 1202 2724 illustrans
1235 2663 1581 2725 universum
1608 2661 1813 2724 orbem
1841 2669 2031 2738 terrm,

395 2751 612 2833 partim
640 2760 840 2812 autem
868 2751 1291 2830 praeterlucem
1314 2757 1612 2832 propriam
1639 2752 1851 2812 alienis
1881 2771 2035 2827 quo-

392 2860 512 2923 que
525 2840 1206 2917 coruscansfulgoribus;
1233 2850 1289 2902 et
1308 2842 1465 2917 quod
1488 2850 1576 2902 est
1598 2840 2032 2920 admirabilius,

396 2939 457 2995 et
479 2939 723 3012 propter
736 2929 897 3006 quod
921 2929 1082 2991 illum
1111 2929 1401 3011 quispiam
1429 2929 1616 3009 magis
1638 2929 1816 2990 fuerit
1837 2929 2036 2990 admi-

394 3030 722 3096 ratus,cum
751 3026 907 3081 esset
928 3037 1153 3098 genere
1184 3020 1404 3093 clarus,
1439 3029 1497 3080 et
1519 3037 1588 3081 ex
1614 3019 1827 3080 illustri
1860 3019 2034 3080 fami-

397 3110 474 3172 lia
505 3116 764 3182 natus,et
793 3107 1122 3170 abundaret
1153 3108 1398 3182 divitiis,
1437 3117 1493 3168 et
1525 3109 1762 3189 iis,quae
1793 3114 2036 3184 segnio-

395 3218 520 3262 rem
535 3198 1196 3280 etl‘ecerintquempiam
1217 3197 1290 3259 ad
1313 3197 1855 3278 disciplinas.Multi
1877 3196 2036 3259 enim

395 3289 512 3354 sibi
535 3286 1223 3370 proponuntdoctriuam
1249 3299 1307 3348 et
1325 3288 2036 3368 eloquentiam,tanquam

397 3399 575 3460 opum
613 3377 1006 3459 parandarum
1045 3377 1376 3449 materiam,
1405 3395 1522 3437 non
1545 3388 1613 3436 ut
1646 3389 2042 3456 assequuntur

398 3487 629 3550 eaquae
658 3475 792 3530 sunt
826 3466 1205 3538 meliora,sed
1240 3465 1294 3526 ei
1325 3466 1732 3540 studentes,ut
1761 3483 1824 3526 se
1859 3463 2040 3526 rebus

396 3559 563 3622 vanis
590 3557 890 3638 voluptate
914 3556 1220 3637 expleant;
1243 3555 1343 3616 ille
1369 3556 1632 3616 externis
1653 3555 1906 3616 fortuna;
1929 3555 2038 3616 ad-

399 3647 702 3711 miniculis
745 3665 884 3708 usus
916 3657 1003 3707 est
1029 3645 1098 3706 ad
1135 3645 1597 3727 philosophiam.
1633 3645 1782 3706 Hinc
1818 3645 2036 3707 factum

397 3747 490 3801 est
519 3747 586 3799 ut
617 3755 727 3798 nec
757 3754 862 3798 eos
885 3735 1268 3797 aemularetur
1299 3735 1714 3817 philosophos,
1748 3736 2040 3815 quierant

399 3828 579 3890 nimis
600 3825 917 3896 otiosi,nec
943 3823 1340 3904 oratores,qui
1369 3823 1548 3885 nimis
1579 3823 1993 3886 redundabant
2021 3841 2034 3886 :

397 3936 534 3980 nam
556 3915 637 3977 illi
664 3914 905 3992 quidem
932 3913 1102 3974 veluti
1133 3915 1423 3974 immenso
1449 3913 1674 3974 lumine
1695 3912 2036 3974 circumfusi

395 4004 583 4068 radiis
613 4003 1005 4083 philosophice
1063 4002 1258 4063 statim
1316 4002 1660 4064 clauserunt
1719 4002 1944 4074 oculos,
1983 4010 2040 4063 et

396 4094 674 4155 virtutem
705 4111 1079 4173 nequaquam
1105 4091 1484 4154 deduxerunt
1511 4091 1582 4152 ad
1605 4095 2040 4166 actionem,nec

401 4181 716 4260 magniﬁce
741 4183 832 4243 usi
859 4191 996 4244 sunt
1021 4182 1422 4262 dogmatibus,
1455 4201 1648 4262 neque
1669 4183 1851 4244 duces
1875 4182 2041 4245 fuere

401 4273 936 4353 civitatum,ncque
966 4290 1096 4353 quae
1127 4271 1474 4332 didicerunt
1507 4283 1949 4352 proposuerunt
1981 4273 2040 4334 in

401 4362 604 4426 medio
629 4361 884 4444 populo;
910 4363 1014 4424 sed
1042 4367 1364 4443 promissas
1395 4359 1634 4442 quidem
1669 4360 1884 4424 barbas
1912 4362 2042 4424 ale-

2111 538 2175 572 τα
2231 516 2541 592 ποταμηδὸν
2601 517 2864 597 ἔῤῥευσεν,
2934 518 2985 584 ἐξ
3029 519 3469 598 ἐπιχειρημάτων
3511 528 3747 596 πυκνῶν,

2110 607 2230 670 τοὺς
2285 605 2343 663 δὲ
2397 606 2612 683 ἐκήρυξε
2675 615 2781 664 τῶν
2840 608 3124 683 νοημάτων
3174 609 3239 664 τὰ
3299 607 3626 689 ὑψηλότερα,
3675 611 3749 674 ὡς

2111 701 2249 753 εἶναι
2301 698 2515 761 τούτους
2547 699 2642 768 μὲν
2675 707 2867 774 μικροῦ
2917 695 3026 754 δεῖν
3074 695 3402 776 ἀγλώττους,
3439 698 3664 764 ἐκείνους
3695 698 3750 754 δὲ

2110 785 2338 864 ἐρήμους
2399 789 2658 859 νοήσεως,
2723 787 2928 849 ἐκεῖνος
3007 787 3167 862 μέσον
3233 788 3436 868 ἀμφοῖν
3492 790 3747 866 γεγονὼς,

2109 875 2395 951 σύνδεσμος
2455 880 2574 933 οἷον
2625 877 2732 933 τῶν
2787 875 2913 942 τέως
2969 873 3327 944 διεστηκότων
3369 877 3600 955 ἒγένετο’
3654 879 3751 934 καῖ

2109 965 2206 1032 τὴν
2263 987 2321 1022 τε
2352 965 2594 1041 γλῶτταν
2639 965 2833 1041 ἐξάψας
2874 973 2966 1023 τοῦ
3005 974 3116 1041 νοῦ,
3163 966 3254 1023 τὸν
3286 989 3344 1023 τε
3377 977 3495 1026 νοῦν
3526 967 3752 1038 ἐπιστή-

2109 1076 2204 1118 σας
2249 1068 2368 1117 τοῖς
2427 1054 2634 1132 λόγοις,
2699 1056 2789 1111 καί
2851 1056 3109 1133 ῥητορικῇ
3166 1055 3265 1130 μὲν
3309 1057 3408 1124 τὴν
3439 1057 3755 1137 φιλοσοφίαν

2114 1140 2438 1219 προϐιϐάσας
2522 1145 2592 1207 εἰς
2667 1144 3102 1224 πρακτικώτεραν
3186 1144 3284 1201 καὶ
3361 1145 3753 1224 ἐμφανεστέραν

2113 1231 2401 1310 ἐνέργειαν,
2430 1239 2496 1309 τῇ
2526 1231 2580 1289 δέ
2606 1255 2666 1310 γε
2696 1233 2976 1313 φιλοσοφίᾳ
3009 1235 3104 1301 τὴν
3137 1234 3338 1315 τέχνην
3384 1234 3626 1310 ὒψώσας,
3658 1233 3754 1290 καί

2114 1323 2342 1400 κεράσας
2389 1321 2549 1401 ἄμφω
2592 1323 2721 1399 πρὸς
2769 1322 2977 1390 ἄλληλα
3019 1339 3135 1387 τοῖς
3169 1323 3294 1402 παρ’
3327 1325 3526 1380 ἑαυτῶν
3555 1322 3756 1380 κάλλε-

2115 1434 2220 1491 σιν,
2281 1411 2550 1492 ἔμφωκιον,
2597 1410 2670 1468 ’ἔν’
2731 1412 2897 1472 οὕτως
2943 1414 3108 1487 εἴπω,
3145 1416 3234 1470 τὸν
3287 1423 3429 1487 νοῦν,
3463 1415 3551 1470 καὶ
3584 1412 3756 1469 ἔννουν

2115 1500 2214 1567 τὴν
2271 1498 2516 1578 γλῶτταν
2560 1501 2863 1578 εἰργάσατο.
2898 1500 3238 1581 Ἐφιλοσόφει
3297 1512 3420 1580 γοῦν
3474 1505 3608 1576 μετὰ
3659 1506 3756 1568 τῆς

2115 1589 2304 1656 ἠθικῆς
2361 1593 2735 1663 πιθανότητος,
2785 1591 2872 1646 καὶ
2917 1589 3226 1668 ὲῤῥητόρευε
3271 1592 3408 1667 μετὰ
3466 1597 3565 1658 τῆς
3596 1589 3756 1669 φιλο-

2117 1683 2278 1758 σόφου
2311 1679 2624 1755 βαθύτητος.
2665 1680 2759 1736 Καὶ
2803 1684 2870 1748 ἦν
2902 1679 3103 1760 ἀμφοῖν
3149 1693 3268 1738 τοῖν
3317 1693 3498 1758 γενοῖν
3556 1681 3754 1753 ὁμοίως

2059 1770 2467 1847 δεύάρμοστος,
2531 1771 2617 1824 καὶ
2694 1768 2798 1828 οὔδ’
2874 1772 2901 1825 ὁ
2961 1768 3250 1849 φιλόσοφος
3319 1772 3416 1838 τὴν
3478 1768 3756 1836 πολιτικὴν

2117 1857 2285 1932 ἐμίσει
2317 1858 2587 1932 ὑπόθεσιν,
2639 1861 2774 1936 ὁρῶν
2844 1859 3228 1938 χρωννυμὲνην
3259 1873 3378 1925 ταῖς
3411 1860 3515 1916 ἀπὸ
3545 1863 3642 1924 τῆς
3674 1879 3758 1936 φιν

2116 1947 2364 2026 λοσοφίας
2423 1949 2646 2027 βαφαῖς,
2707 1946 2812 2003 οὔθ’
2875 1951 2902 2003 ὁ
2933 1949 3110 2025 ῥήτωρ
3142 1950 3272 2023 πρὸς
3307 1951 3404 2016 τὴν
3448 1948 3756 2022 ἐπιστήμην

2116 2036 2416 2116 ἀπήχθετο,
2452 2050 2573 2100 ταῖς
2618 2050 2898 2116 τελνικαῖς
2931 2037 3169 2111 μεθόδοις
3193 2037 3630 2115 ἐναϐρυνόμενος.

2198 2125 2464 2184 Ἐντεῦθεν
2525 2126 2702 2206 ὥσπερ
2745 2149 2823 2192 τις
2880 2127 3095 2195 λαμπὰς
3152 2130 3259 2184 ἀπὸ
3288 2129 3384 2196 τῆς
3450 2125 3759 2200 Βυζαντίδος

2118 2216 2344 2280 ἀνεθεῖσά
2403 2237 2456 2272 τε
2515 2217 2606 2272 καὶ
2662 2217 2904 2295 ἀρθεῖσα,
2970 2219 3124 2273 οἱονεί
3163 2240 3243 2282 τις
3291 2222 3482 2296 πυρσὸν
3533 2217 3757 2292 διαέριος

2118 2320 2239 2370 ταῖς
2298 2307 2529 2369 ἀπάσαις
2588 2306 2727 2372 ἔδοξε
2784 2307 2996 2370 πόλεσι,
3061 2309 3157 2365 Καὶ
3213 2308 3281 2376 ἧν
3345 2310 3417 2369 ὼς
3473 2306 3687 2374 ἀληθῶς
3731 2308 3758 2362 ὁ

2117 2402 2298 2475 χῶρος
2346 2397 2466 2454 οἷόν
2525 2419 2605 2459 τις
2666 2396 2865 2472 κόσμος
2926 2397 3190 2476 οὖράνιος,
3237 2403 3368 2453 πᾶσι
3419 2396 3593 2476 λόγων
3624 2419 3757 2452 κατ-

2122 2486 2550 2564 αστραπτόμενος
2609 2486 2805 2564 γένεσι,
2856 2486 2942 2542 καὶ
2987 2484 3052 2542 δι’
3100 2488 3213 2549 ἐνὸς
3246 2486 3530 2566 δᾳδούχου,
3567 2487 3630 2544 τὰ
3659 2485 3759 2560 μὲν

2121 2575 2219 2642 τὴν
2297 2576 2579 2650 σύμπασαν
2667 2576 2982 2651 οἰκουμένην
3059 2578 3518 2654 καταπυρσεύσας,
3587 2575 3654 2631 τε
3702 2574 3758 2630 δὲ

2122 2666 2252 2742 πρὸς
2311 2669 2385 2741 τῷ
2440 2667 2613 2740 οἰκείῳ
2670 2668 2832 2743 φωτὶ,
2895 2667 2983 2722 καὶ
3061 2680 3181 2731 ταῖς
3267 2664 3568 2744 ἀλλοτρίαις
3626 2686 3755 2720 κατ-

2123 2756 2434 2832 αστράπτων
2479 2767 2853 2834 μαρμαρυγαῖς
2891 2773 2905 2788 ⁸
2940 2755 3034 2811 καὶ
3065 2756 3123 2812 τό
3184 2777 3245 2834 γε
3303 2756 3754 2830 θαυμασιώτερον,

2120 2845 2206 2900 καὶ
2269 2841 2335 2898 δι’
2380 2845 2407 2898 ὃ
2452 2841 2658 2918 μᾶλλον
2707 2843 2767 2900 ἀν
2802 2866 2876 2908 τις
2923 2843 3130 2902 ἐκεῖνον
3190 2845 3531 2924 θαυμάσειεν,
3561 2842 3641 2900 ὅτι
3671 2841 3756 2899 καὶ

2119 2933 2303 3010 γένους
2362 2931 2418 2988 εὗ
2467 2931 2636 3013 ἔχων,
2686 2935 2771 2989 καὶ
2821 2934 2887 2989 τὰ
2917 2939 3013 3002 τῆς
3046 2932 3283 2997 εὔκλείας
3314 2934 3526 2991 οἴκοθεν
3555 2954 3759 2999 κεκτη·-

2119 3022 2302 3102 μένος,
2362 3024 2518 3098 βαθεῖ
2586 3044 2643 3078 τε
2706 3021 2918 3098 πλούτῳ
2973 3031 3182 3104 κομῶν,
3244 3025 3328 3079 καὶ
3387 3028 3502 3080 οἷον
3561 3021 3622 3077 ἄν
3677 3044 3757 3085 τις

2055 3145 2097 3197 c
2122 3113 2252 3188 πρὸς
2295 3109 2563 3168 παίδευσιν
2607 3111 2983 3182 ἀποκνήσειεν.
3020 3114 3078 3170 Οἱ
3129 3113 3228 3192 γὰρ
3288 3112 3533 3169 πλεῖστοι
3586 3111 3756 3190 ἀφορ-

2123 3201 2231 3274 μὴν
2291 3208 2381 3257 τοῦ
2434 3200 2713 3282 πλουτεῖν,
2775 3201 2954 3278 ὥσπερ
3017 3205 3106 3259 τὸν
3156 3202 3318 3281 λόγον
3366 3203 3620 3272 τιθέασιν,
3654 3201 3760 3280 οὔχ

2120 3289 2195 3346 ἵν’
2253 3288 2507 3360 ἐπήϐολοι
2560 3298 2666 3346 τῶν
2726 3291 3038 3370 κρειττόνων
3069 3289 3295 3370 γένοιντ’
3329 3291 3415 3366 ἂν,
3463 3290 3581 3347 ἀλλ’
3610 3289 3756 3353 ὅπως

2123 3392 2241 3444 τοῖς
2304 3380 2548 3455 ματαίοις
2609 3380 3094 3460 ἐπεντρυφὴσωσιν,
3154 3382 3280 3461 περῖ
3349 3388 3528 3439 τοῦτον
3587 3401 3759 3436 σπου⁹

2122 3467 2386 3544 δᾶζοντες,
2447 3484 2806 3549 παρασκευαῖς
2844 3476 3051 3536 ἓκεῖνος
3110 3475 3231 3537 ταῖς
3291 3471 3432 3549 παρά
3472 3474 3569 3539 τῆς
3620 3467 3752 3534 ἔξω-

2121 3563 2208 3616 θεν
2256 3559 2429 3638 τύχης
2515 3562 2644 3639 πρὸς
2735 3559 3048 3640 φιλοσοφίαν
3139 3559 3427 3640 ἐκέχρητο,
3489 3559 3758 3616 Ἐντευθεν

2124 3649 2238 3706 οὔτε
2285 3651 2402 3710 τοὺς
2439 3649 2754 3727 ἀργοτὲρους
2787 3651 2892 3705 τῶν
2922 3648 3419 3730 φιλοσοφησάντων,
3470 3647 3587 3704 οὕτε
3638 3647 3757 3711 τοὺς

2123 3738 2519 3816 περιττοτέρως
2600 3743 2704 3794 τῶν
2785 3739 3024 3816 ῥητόρων
3101 3739 3286 3810 ζηλοῖ.
3347 3740 3407 3796 Οἱ
3477 3737 3576 3812 μὲν
3661 3735 3762 3813 γὰρ

2121 3828 2300 3907 ὥσπερ
2359 3826 2571 3902 ἀπλέτῳ
2623 3831 2763 3907 φωτὶ
2812 3842 2935 3890 ταῖς
2994 3829 3099 3884 ἀπὸ
3142 3834 3240 3894 τῆς
3285 3826 3598 3906 φιλοσοφίας
3631 3847 3758 3882 κατ·

2123 3920 2502 3997 αστραφθεντες
2553 3917 2788 3998 ἀκτῖσιν,
2840 3919 3022 3976 αὒτίκα
3073 3918 3361 3993 ἰπέμυσαν,
3414 3917 3501 3973 καὶ
3531 3919 3591 3974 οὒ
3623 3937 3759 3993 προ-

2123 4005 2371 4063 εὲίϐασαν
2402 4009 2473 4071 εἷς
2520 4006 2706 4086 πρᾶξιν
2742 4009 2841 4075 τὴν
2901 4008 3118 4085 ἀρετὴν,
3171 4007 3279 4062 οὔδ’
3311 4007 3614 4085 ἔχρησαν-το
3640 4017 3761 4067 τοῖς

2123 4097 2349 4175 δόγμασι
2407 4095 2828 4176 μεγαλοπρεπῶς
2864 4145 2878 4172 ,
2963 4097 3080 4153 οὔδε
3162 4097 3428 4174 ἡγεμόνες
3510 4094 3758 4173 γεγόνασι

2124 4185 2359 4266 πόλεων,
2419 4185 2534 4243 οὔδε
2590 4187 2861 4266 φέροντες,
2924 4185 2957 4242 ἃ
3000 4187 3397 4262 μεμαθήκασιν,
3459 4185 3532 4247 είς
3564 4183 3759 4257 μέσους

2126 4278 2250 4340 τοὺς
2308 4274 2536 4337 πολλοὺς
2594 4278 3016 4355 προτεθείκασιν,
3049 4275 3186 4335 ἀλλὰ
3239 4275 3468 4352 μακροὺς
3524 4274 3620 4349 μὲν
3678 4271 3758 4337 EE-

2128 4366 2351 4442 ἐθρεψαν
2383 4366 2667 4442 πώγωας,
2701 4366 2880 4444 ὥσπερ
2912 4365 3124 4442 ἄκαρπα
3151 4365 3310 4443 θέρη,
3336 4366 3424 4421 καὶ
3456 4364 3756 4441 σκυθρωποὶ

405 4453 568 4528 bant,
605 4460 880 4534 tanquam
914 4469 1139 4513 messes
1169 4449 1437 4530 inutiles,
1464 4460 1522 4512 et
1556 4450 1810 4513 multum
1848 4452 2036 4514 triste:

2127 4468 2245 4519 τοῖς
2278 4454 2581 4534 προσώποις
2613 4456 2914 4534 γεγόνασιν.

407 4550 597 4615 erant,
627 4552 687 4606 et
715 4541 924 4604 severi.

487 4633 717 4696 Deinde
737 4630 1099 4712 aliiquidem
1133 4647 1266 4691 cum
1301 4647 1418 4692 non
1446 4648 1597 4711 opus
1629 4639 1788 4692 esset
1813 4649 1920 4711 per
1948 4633 2042 4695 fo-

406 4743 538 4788 rum
563 4719 1434 4800 currentes,intemperantiusi
1451 4728 1588 4781 sunt
1609 4720 1845 4782 dicendi
1870 4719 2046 4783 liber-

410 4821 553 4891 tate;
575 4811 673 4875 alii
694 4819 892 4874 autem
915 4809 1073 4872 dolia
1091 4809 1356 4890 quaedam
1377 4808 1813 4883 habitarunt,se
1833 4811 1916 4872 eis
1940 4811 2048 4874 cir-

411 4900 911 4966 cumscribenles.
945 4899 1058 4962 Alii
1091 4908 1290 4961 autem
1324 4898 1383 4960 in
1417 4899 1744 4962 dialecticis
1776 4899 2045 4965 interro-

412 4992 748 5074 gationibus
767 4990 946 5051 vitam
975 5007 1139 5050 suam
1159 4997 1664 5068 consumpserunt
1688 5007 1701 5050 :
1728 4989 1826 5051 alii
1851 4999 2048 5051 autem

411 5081 818 5166 quaesiverunt
843 5080 915 5140 de
940 5078 1308 5140 naturalibus
1339 5077 2048 5161 positionibus,quasdam

401 5173 647 5237 inutiles
669 5168 1172 5232 contradictiones
1189 5177 1242 5228 et
1269 5167 1402 5228 lites
1429 5168 1486 5228 in
1513 5167 1687 5230 vitam
1712 5170 2048 5242 atl‘erentes;

401 5272 462 5326 et
483 5264 596 5324 hoc
621 5259 818 5338 ipsum
846 5257 1042 5319 evenit
1075 5256 1350 5333 plurimis
1382 5275 1452 5318 ex
1483 5257 1861 5334 oratoribus;
1905 5277 2049 5340 pru-

2214 4636 2348 4692 Εἶτα
2404 4632 2468 4701 δὴ
2527 4637 2573 4691 οἱ
2617 4633 2715 4691 μὲν
2773 4632 2918 4694 ούδέν
2972 4633 3086 4691 δέον
3121 4631 3204 4690 διὰ
3248 4635 3346 4700 τῆς
3383 4632 3579 4710 ἀγορᾶς
3611 4628 3762 4686 θέον-

2128 4747 2238 4798 τες,
2282 4725 2496 4804 ἀκράτῳ
2537 4731 2606 4801 τῇ
2649 4723 2913 4804 παρῤησίᾴ
2973 4724 3277 4804 ἐχρήσαντο
3313 4742 3326 4756 '
3387 4723 3432 4778 οἱ
3481 4719 3536 4776 δὲ
3586 4721 3766 4782 πίθους

2129 4815 2274 4878 τινάς
2360 4815 2735 4887 κατῳκήκασιν
2769 4862 2785 4893 ,
2875 4813 3296 4892 περιγράψαντες
3381 4810 3618 4873 ἑαυτούς.
3707 4809 3766 4865 Οἱ

2132 4903 2185 4961 δὲ
2245 4905 2362 4982 περὶ
2416 4902 2757 4965 διαλεκτικὰς
2817 4903 3104 4982 ἐρωτήσεις
3161 4904 3254 4959 τὸν
3287 4901 3485 4959 ἑαυτῶν
3527 4899 3640 4976 βίον
3671 4919 3768 4953 κα-

2130 4995 2518 5073 τατετρίφασιν.
2605 4991 2796 5050 ’Ἄλλοι
2881 4991 2937 5048 δὲ
3013 4994 3132 5070 περὶ
3205 4996 3446 5071 φυσικῶν
3503 4990 3766 5061 ἐζήτησαν

2130 5085 2468 5161 ὑποθεσεων,
2528 5081 2824 5163 ἀνωφελεῖς
2883 5103 3031 5144 τινας
3101 5081 3405 5158 ἀντιλογίας
3456 5079 3542 5135 καὶ
3597 5075 3768 5154 ’ἐριδας

2134 5181 2208 5249 τῷ
2264 5173 2362 5250 βίῳ
2415 5173 2911 5246 κατακομίσαντες·
2971 5173 3057 5227 καὶ
3135 5176 3242 5228 τῶν
3299 5168 3538 5246 ῥητόρων
3595 5163 3652 5222 δὲ
3722 5166 3768 5221 οἱ

2135 5263 2343 5328 πλείους
2397 5263 2556 5317 ταυτὸ
2617 5261 2771 5318 τοῦτο
2826 5260 3172 5338 πεπόνθασιν,
3233 5260 3328 5324 τὴν
3383 5255 3616 5335 ἔμφρονα
3673 5253 3768 5309 τέ-

403 5352 642 5414 deutem
668 5358 858 5411 artem
885 5347 1152 5408 fecerunt
1179 5347 1555 5407 occasionem
1591 5348 1967 5428 insipientia),
1993 5364 2036 5408 e‘

2133 5375 2300 5431 χνην,
2363 5351 2662 5428 ἀφροσύνης
2720 5350 2966 5429 ἀφορμὴν
3025 5347 3406 5421 ποιησάμενοι·
3441 5346 3528 5400 καὶ
3559 5343 3677 5400 δέον
3706 5344 3772 5398 τὰ

404 5459 538 5502 cum
563 5445 866 5518 oporteret
888 5455 990 5498 eos
1013 5436 1240 5517 eligere
1267 5444 1324 5497 et
1348 5437 1619 5498 meditari
1645 5457 1775 5518 qua
1799 5439 2048 5499 civitati-

404 5529 518 5591 bus
541 5535 678 5587 sunt
705 5525 1127 5601 conducibilia,
1157 5524 1489 5605 illi,partim
1519 5526 1761 5605 quidem
1796 5527 1909 5606 ipsi
1934 5528 2051 5588 iiu-

413 5615 864 5697 gentes,partim
887 5623 1082 5678 autem
1107 5623 1342 5677 utentes
1364 5624 1642 5696 tanquam
1671 5615 1855 5678 rebus
1881 5635 2053 5697 repo-

2136 5440 2509 5498 λυσιτελοῦντα
2563 5453 2682 5502 ταῖς
2735 5439 2922 5496 πόλεσι
2984 5439 3351 5515 προαιρεῖσθαι
3383 5435 3471 5491 καὶ
3515 5433 3766 5510 μελετᾷν,

2136 5534 2183 5586 οἱ
2214 5529 2267 5586 δὲ
2296 5532 2359 5585 τὰ
2394 5531 2490 5603 μὲν
2522 5532 2664 5588 αὐτοὶ
2695 5529 3040 5605 πλάττοντες,
3064 5528 3130 5583 τὰ
3161 5525 3216 5582 δὲ
3247 5525 3366 5582 οἷον
3397 5523 3770 5598 ἀποκειμένοις

2139 5623 2471 5700 χρησάμενοι
2530 5627 2804 5698 πράγμασι
2875 5619 3063 5688 καινήν
3117 5639 3234 5674 τινα
3277 5615 3485 5684 σκηνὴν
3544 5619 3620 5687 τῷ
3676 5611 3774 5688 βίῳ
