4128 6198
352 258 456 328 191

1887 263 2179 329 PSELLI.

3603 263 3711 333 192

345 396 508 462 sticaa
537 398 998 465 exercitationis.
1034 400 1184 461 Nam
1216 396 1312 460 hic
1340 416 1617 488 quoque
1646 405 1736 488 est
1784 399 1980 461 carnis

2081 400 2169 469 Ξίος
2236 405 2572 484 κατέλαμπε,
2625 407 2850 475 Δαπάνη
2909 407 3009 488 γὰρ
3056 409 3314 466 κάνταῦθα
3367 416 3601 486 σαρκῶν,
3635 416 3725 474 καὶ

349 490 747 572 consumptio;
773 509 884 554 nec
901 509 965 553 se
987 489 1218 551 deliciis
1241 487 1553 562 dedere,in
1581 487 1745 558 iis,in
1774 488 1991 568 quibus

351 597 466 640 non
499 588 753 662 oportet,
783 590 840 641 et
867 599 900 642 a
932 579 1152 640 mundo
1184 578 1490 658 separari;
1525 577 1596 638 ad
1631 576 1818 639 Deum
1855 597 1988 640 cum

350 669 493 748 ipsis
527 671 758 732 evolare
791 668 1165 749 corporibus,
1191 676 1248 728 et
1271 669 1510 728 innatus
1540 667 1821 730 resistere
1842 668 1990 729 ati'e-

351 758 667 834 ctionibus,
725 769 782 821 et
833 759 904 820 iis
935 777 1064 837 qua:
1104 777 1137 818 a
1171 755 1340 817 malis
1389 755 1698 836 spiritibus
1743 757 1994 819 afﬂuunt

351 848 739 910 extrinsecus.
778 849 879 910 Est
909 865 1050 923 ergo
1096 845 1403 908 amborum
1440 845 1719 925 praeclara
1749 846 1902 910 vita:
1936 855 1994 906 et

351 937 490 998 olim
527 937 768 1016 quidem
805 937 1016 1010 fuerat,
1043 944 1102 998 et
1133 936 1247 997 erit
1274 952 1481 996 rursus
1509 955 1524 1009 ;
1557 934 1659 996 sed
1692 954 1810 996 non
1837 936 1994 996 clare

351 1025 589 1086 interim
614 1023 807 1087 fuerat
833 1025 1068 1104 cognita
1089 1043 1291 1087 eorum
1317 1024 1410 1086 hic
1433 1025 1868 1099 remuneratio;
1888 1024 1992 1086 sed

348 1115 552 1175 arcani
583 1114 825 1196 quidem
865 1115 1025 1190 libri,
1056 1133 1203 1196 quos
1232 1115 1432 1175 multis
1465 1115 1522 1175 in
1548 1114 1821 1177 futurain
1845 1117 1996 1176 inte-

347 1220 520 1281 grum
553 1205 926 1267 restitutione
981 1204 1178 1283 legent
1209 1203 1428 1283 angeli,
1471 1213 1745 1266 accurate
1797 1203 1993 1266 moni—

348 1303 548 1354 menta
582 1295 890 1357 continent
921 1313 1132 1356 eorum
1160 1293 1418 1374 martyrii
1442 1302 1501 1355 et
1523 1293 1991 1356 exercitationis.

348 1380 457 1453 Qui
482 1392 679 1446 autem
706 1393 842 1447 ante
870 1384 1025 1446 hunc
1051 1383 1286 1446 beatum
1314 1383 1500 1444 virum
1530 1402 1627 1444 res
1650 1392 1840 1463 gestas
1866 1383 1996 1445 illo-

348 1489 476 1532 rum
507 1474 717 1553 scripsi
740 1485 906 1548 runt,
933 1493 1046 1536 non
1071 1481 1208 1535 sunt
1230 1473 1481 1534 assecuti
1507 1473 1743 1534 illorum
1773 1472 1993 1550 magni.

347 1561 642 1625 licentiam
669 1585 684 1646 ;
719 1565 823 1627 sed
860 1564 1069 1644 partim
1095 1562 1333 1644 quidem
1362 1563 1434 1623 de
1461 1563 1547 1624 eis
1578 1572 1710 1624 sunt
1739 1562 1992 1635 mentiti,

350 1653 562 1734 partim
597 1664 793 1718 autem
829 1673 961 1716 cum
992 1673 1108 1715 non
1145 1661 1389 1729 possunt
1418 1651 1599 1713 rebus
1629 1671 1834 1714 eorum
1864 1671 1996 1713 res-

2073 496 2240 576 τρυφὴ
2299 499 2360 554 τὸ
2423 500 2499 573 μὴ
2559 504 2755 577 τρυφᾷν
2814 497 2867 554 ἐν
2924 499 3014 562 οἶς
3075 501 3133 558 οὖ
3187 497 3300 555 δέον
3352 506 3569 579 τρυφᾷν·
3635 498 3725 558 καὶ

2072 585 2134 640 τὸ
2192 584 2526 666 ἀπεῤῥῆχθαι
2600 593 2846 668 κόσμου,
2894 588 2981 644 καὶ
3037 589 3166 666 πρὸς
3238 589 3366 645 Θεὸν
3417 590 3552 646 κατὰ
3617 597 3724 646 τῶν

2075 675 2338 748 σωμάτων
2393 677 2565 732 αὖτῶν
2610 675 2934 750 ἀναπτῆναι,
2998 681 3083 733 καὶ
3125 679 3326 746 -στῆναι
3370 679 3500 759 πρός
3549 700 3600 736 τε
3658 680 3724 736 τὰ

2073 764 2279 843 ἔμφυτα
2338 766 2504 844 πάθη,
2555 767 2643 821 καὶ
2700 766 2830 842 πρὸς
2902 767 2968 822 τὰ
3036 766 3339 846 ἑπιῤῥέοντα
3406 770 3549 845 παρά
3619 774 3724 826 τῶν

2075 860 2324 932 πονηρῶν
2416 856 2732 929 πνευμάτων
2834 854 3043 922 ἔξωθεν.
3129 859 3374 937 Λαμπροὶ
3450 864 3724 937 τοιγαροῦν

2076 940 2236 1020 ἄμφω
2291 945 2337 1000 οἱ
2393 944 2528 1020 βίοι,
2564 946 2651 1001 καὶ
2707 943 2867 1002 πάλαι
2924 947 3023 1021 μὲν
3081 945 3275 1022 ἤστην,
3332 947 3483 1005 ἔστον
3537 945 3726 1004 δὲκαὶ

2077 1033 2242 1094 αὖθις.
2315 1030 2464 1088 Ἀλλ’
2529 1035 2587 1090 οὔ
2638 1031 2856 1113 λαμπρὰ
2916 1035 3050 1100 τέως
3084 1035 3368 1114 ἐγνώριστο
3437 1038 3472 1104 ἡ
3529 1038 3724 1094 τούτων

2078 1120 2294 1180 ἐνταῦθα
2371 1121 2654 1189 ἀντίδοσις·
2737 1123 2857 1180 ἀλλ’
2924 1126 2976 1180 αἱ
3034 1128 3129 1200 μέν
3200 1124 3486 1204 ἀπόῤῥητοι
3527 1123 3720 1205 βίϐλοι,

2077 1209 2139 1274 ἃς
2193 1209 2257 1278 δὴ
2287 1215 2406 1275 τοῖς
2468 1211 2696 1276 πολλοῖς
2741 1213 2793 1270 ἐν
2824 1219 2892 1291 τῇ
2934 1215 3361 1272 ἀποκαταστάσει
3392 1218 3437 1272 οἱ
3496 1215 3715 1293 ἄγγελοι

2078 1301 2498 1378 ἀνα-γνώσονται,
2557 1302 2747 1382 ἀκριϐῆ
2805 1305 2870 1362 τὰ
2927 1305 3020 1373 τῆς
3077 1306 3360 1382 μαρτυρίας
3421 1305 3590 1362 αὐτῶν
3633 1306 3723 1361 καὶ

2079 1390 2356 1460 ἀσκήσεως
2404 1391 2614 1472 ἔχουσιν
2677 1395 3056 1469 ὑπομνάματα.
3089 1398 3148 1452 Οἱ
3204 1392 3256 1450 δὲ
3307 1397 3408 1473 πρὸ
3461 1402 3550 1453 τοῦ
3592 1398 3722 1452 θαυ-

2079 1481 2271 1539 μασίου
2343 1481 2491 1541 τοῦδε
2555 1482 2734 1562 ἀνδρὸς
2799 1483 3014 1541 ὲνταίυθα
3081 1485 3172 1550 τὰς
3238 1483 3450 1542 ἐκείνων
3511 1484 3724 1562 πράξεις

2077 1569 2537 1647 ἀναγραψάμενοι,
2579 1577 2827 1645 οὐμενοῦν
2894 1579 2990 1641 τῆς
3057 1573 3514 1652 μεγαλοπρεπείας
3583 1574 3726 1630 ἐκεί-

2078 1683 2181 1714 νων
2241 1660 2506 1740 ἐφίκοντο·
2553 1661 2688 1717 ἀλλά
2747 1663 2809 1718 τὰ
2845 1662 2943 1736 μὲν
2992 1663 3162 1720 αὐτῶν
3217 1667 3631 1739 κατεψεύσαντο,
3663 1664 3728 1719 τὰ

352 1743 715 1823 pendentem
741 1745 956 1806 afferre
979 1740 1571 1815 orationem,bonum
1599 1741 1716 1802 illis
1737 1742 1991 1803 conscri-

2081 1749 2130 1805 δὲ
2179 1750 2256 1824 μὴ
2307 1748 2611 1817 δυνηθέντες
2673 1750 2987 1818 κατάλληλα
3041 1756 3237 1832 θεῖναι,
3285 1751 3530 1828 ἄκομψον
3585 1752 3729 1809 ἐκεί-

356 1842 621 1912 pserunt,
645 1834 800 1914 quod
826 1851 935 1894 nec
959 1840 1086 1895 erat
1107 1831 1225 1892 ulla
1254 1830 1544 1909 elegantia
1568 1839 1865 1904 ornatum,
1884 1849 1997 1892 nec

351 1921 524 1984 laude
557 1923 1060 2004 prosequendum,
1091 1930 1148 1982 ut
1181 1921 1279 2002 qui
1312 1938 1421 1982 nec
1456 1919 1763 2000 l-ulcbram
1788 1920 1994 2000 subje-

350 2013 543 2075 cerint
593 2013 970 2085 sententiam,
1008 2030 1117 2072 nec
1153 2029 1279 2072 eam
1313 2009 1505 2072 verbis
1561 2009 1830 2071 ornarint
1881 2009 1993 2072 de.

348 2102 641 2175 centibus,
697 2121 889 2184 neque
921 2108 1195 2162 accurate
1245 2097 1679 2176 descripserint
1711 2099 1991 2160 saevitiam

298 2214 300 2216 ν
345 2211 412 2253 ac
442 2192 810 2255 atrocitatem
843 2210 1075 2264 eorum,
1102 2193 1201 2271 qui
1235 2188 1579 2268 punierunt,
1609 2207 1803 2268 neque
1830 2207 1990 2250 mar-

347 2291 533 2364 tyrum
595 2283 651 2344 in
706 2282 916 2345 dandis
959 2279 1266 2362 responsis
1316 2279 1691 2360 prudentiam
1729 2298 1741 2342 :
1776 2278 1991 2360 quine-

343 2373 482 2434 tiam
539 2378 967 2435 monacliorum
1019 2371 1437 2432 adulterarunt
1479 2369 1989 2443 exercitationem,

345 2462 699 2544 simpliciter
747 2472 804 2523 et
852 2461 1023 2540 quasi
1074 2469 1324 2529 temere,
1359 2467 1418 2519 et
1449 2467 1510 2519 ut
1541 2457 1775 2530 accidit,
1829 2458 1980 2520 refe.

343 2563 566 2628 rentes,
600 2571 734 2634 quae
763 2551 1030 2613 studiose
1060 2549 1133 2611 ab
1167 2549 1285 2610 illis
1316 2548 1467 2610 facta
1496 2556 1659 2610 sunt.

425 2642 575 2704 Hinc
591 2643 808 2705 factum
831 2649 919 2703 est
937 2648 1000 2700 ut
1023 2637 1292 2700 nonnulli
1317 2657 1387 2698 ne
1412 2637 1498 2698 vel
1523 2637 1725 2714 legere
1744 2636 1986 2714 quidem

347 2733 707 2795 sustinerent
745 2751 839 2805 ea,
869 2749 1000 2811 quae
1023 2736 1158 2791 sunt
1193 2727 1523 2790 litterarum
1559 2727 1834 2788 mandata
1868 2745 1988 2787 mo-

350 2825 672 2897 numentis,
701 2821 833 2882 aliis
864 2832 1063 2882 autem
1093 2836 1184 2893 ea,
1212 2837 1342 2898 quae
1365 2816 1738 2888 dicebantur,
1769 2816 1993 2896 priebe-

345 2920 478 2973 rent
507 2911 742 2974 ridendi
764 2911 1102 2981 materiam;
1133 2917 1190 2969 et
1213 2906 1660 2987 compositionis
1687 2906 1991 2985 inelegan-

350 3001 445 3073 tia,
474 3008 530 3062 et
560 3000 869 3062 sententias
897 2999 1152 3061 absurda
1190 3005 1248 3058 et
1272 2995 1430 3057 nulla
1462 2995 1890 3075 consequentia
1922 3013 1994 3057 ex

2083 1861 2194 1894 νοισ
2279 1841 2338 1896 τὸ
2411 1839 2635 1918 ἀγαθὸν,
2709 1842 2799 1897 καὶ
2881 1839 3199 1921 ἀφιλότιμον
3281 1841 3729 1920 συγγεγράφασιν,

2081 1929 2196 1984 οὔτε
2252 1927 2427 1996 καλ-ἦν
2479 1928 2792 2005 ὑποθέμενοι
2850 1930 3073 2001 ἔννοιαν,
3112 1931 3227 1986 οὔτε
3278 1932 3386 2005 μὴν
3447 1929 3729 2008 εὖπρεπέσι

2078 2020 2587 2094 κατακοσμήσαντες
2674 2019 2897 2093 λέξεσιν.
2985 2017 3090 2076 οὔδ’
3179 2018 3407 2098 ἀκριϐῶς
3489 2020 3731 2097 ὺπ⁰’ίρά’

2077 2111 2296 2181 ψαντες,
2362 2105 2478 2164 οὔτε
2541 2109 2637 2177 τήν
2697 2112 2802 2165 τῶν
2861 2107 3202 2167 κολασάντων
3267 2108 3568 2188 βαράτητα,
3612 2108 3732 2166 οὕτε

2077 2197 2170 2262 τὴν
2237 2197 2341 2254 τῶν
2374 2199 2647 2276 μαρτύρων
2708 2200 2838 2277 πρὸς
2893 2199 2986 2264 τὰς
3027 2199 3338 2278 ἀποκρίσεις
3394 2199 3721 2264 πυκνότητα,

2077 2283 2242 2342 Ἀλλά
2301 2289 2540 2352 καὶτοῖς
2599 2288 2866 2355 ἀσκηταϊς
2924 2289 3023 2355 τὴν
3054 2287 3280 2356 ἄσκησιν
3338 2286 3721 2362 ἐκιϐδήλωσαν,

2075 2375 2282 2456 ἀφελῶς
2337 2380 2544 2450 αὐτοῖς,
2578 2378 2664 2435 καὶ
2722 2378 2902 2456 ὥσπερ
2955 2376 3016 2435 ἐκ
3059 2379 3148 2435 τοῦ
3206 2378 3602 2458 παρατυχόντος
3654 2374 3722 2432 ταὶ

2072 2463 2474 2542 ἔσπουδασμένα
2506 2464 2806 2533 διεξιόντες,

2154 2646 2430 2702 Ἔνθεντοι
2485 2647 2533 2700 oi
2583 2646 2680 2721 μὲν
2723 2643 2837 2702 οὖῗέ
2891 2644 3055 2722 ψιλὴν
3117 2644 3423 2724 ἐκαρτέρουν
3468 2645 3566 2712 τὴν
3622 2647 3727 2700 τῶν

2081 2734 2661 2810 ὑπομνηματισθέντων
2713 2734 3032 2814 ἀνάγνωσιν,
3071 2748 3186 2798 τοῖς
3245 2732 3297 2790 δὲ
3349 2735 3433 2790 καὶ
3490 2733 3726 2812 γέλωτος

2075 2825 2290 2903 ἀφορμη
2346 2825 2410 2880 τὰ
2449 2822 2714 2902 λεγόμενα
2758 2824 3091 2902 ἑγνωρίζετοο
3135 2825 3221 2881 καὶ
3277 2825 3338 2880 τὸ
3369 2828 3467 2891 τῆς
3526 2822 3719 2891 συνθῆ-

2076 2936 2176 2981 κης
2288 2913 2559 2984 ἀκαλλὲς,
2645 2916 2733 2971 καὶ
2821 2916 2882 2971 τὸ
2995 2912 3345 2974 ἀνακόλουθον
3429 2913 3526 2983 τῆς
3634 2912 3727 2968 ἐι-

2077 3003 2244 3078 νοίας,
2330 3004 2416 3060 καὶ
2517 3005 2579 3059 τὸ
2692 3009 2790 3072 τῆς
2895 3002 3088 3069 λέξεως
3173 3001 3378 3066 εὐτελὲς
3490 2999 3726 3080 ἀγλευκῆ

348 3089 505 3179 dicto
555 3089 686 3152 vilis
721 3099 778 3151 et
821 3089 1095 3179 ahjecta,
1125 3094 1288 3150 erant
1341 3085 1434 3157 iis,
1493 3083 1597 3164 qui
1643 3083 1986 3179 audiebant.

2081 3105 2194 3156 τοῖς
2239 3092 2512 3150 ἀκούουσιν
2546 3094 2633 3165 ἦν,
2673 3094 2756 3148 καὶ
2789 3092 3168 3173 ἀπηχθάνοντο
3195 3091 3399 3167 μᾶλλον
3420 3091 3454 3160 ἢ
3485 3091 3730 3170 προσίεν-

347 3178 636 3250 insuavia,
673 3188 730 3241 et
759 3179 893 3242 odio
926 3177 1322 3248 habebantur,
1348 3179 1542 3253 potius
1572 3192 1746 3254 quam
1771 3173 1991 3234 admit-

2081 3204 2162 3256 το,
2195 3183 2281 3238 καὶ
2311 3183 2372 3238 τὸ
2405 3181 2488 3239 ἐπὶ
2519 3195 2636 3246 τοῖς
2668 3181 3134 3260 ἀναγραψαμένοις
3172 3179 3566 3256 διεκωμῳδεττο
3598 3183 3730 3256 ἡμῖν

353 3268 649 3341 tebantur,
673 3278 727 3332 et
753 3278 993 3349 propter
1014 3285 1140 3342 eos,
1165 3265 1261 3346 qui
1291 3265 1800 3343 conscripserant,
1823 3261 1991 3324 nobis

2081 3275 2142 3330 τὰ
2190 3274 2456 3348 θαυμάσια
2528 3279 2630 3329 τῶν
2702 3280 2795 3331 τοῦ
2857 3280 3086 3345 Χριστοῦ
3139 3274 3474 3349 θεραπόντων
3528 3270 3733 3350 ἀγωνί-

352 3358 612 3421 ludibrio
636 3358 1012 3421 habebantur
1037 3351 1410 3418 admirabilia
1438 3351 1656 3414 Christi
1685 3369 1991 3414 servorum

2081 3364 2258 3439 σματά
2288 3385 2343 3419 τε
2390 3365 2475 3419 καὶ
2514 3363 2762 3436 τρόπαια.
2832 3363 2928 3420 Καὶ
2987 3362 3284 3437 ξύμπαντες
3316 3359 3413 3436 μὲν
3471 3358 3728 3417 διελοιδο-

348 3449 675 3511 certamina
722 3466 788 3510 ac
846 3456 1086 3527 tropaea.
1140 3443 1208 3504 Et
1258 3461 1466 3502 omnes
1512 3441 1751 3521 quidem
1788 3448 1991 3522 aperte

2081 3453 2262 3531 ροῦντο
2338 3452 2516 3530 σαφῶς
2594 3464 2712 3516 τοῖς
2797 3451 3234 3529 συγγράμμασιν,
3308 3449 3730 3526 ἀντεισενεγκετν

349 3538 566 3618 scripta
615 3535 1064 3600 insectabantur
1119 3531 1453 3594 maledictis
1490 3552 1503 3594 :
1540 3549 1747 3592 eorum
1793 3541 1989 3618 autem

2081 3539 2128 3597 δὲ
2236 3542 2438 3598 τούτων
2522 3541 2587 3599 τὰ
2669 3541 2940 3618 κρείττονα
2975 3586 2992 3615 ,
3081 3543 3128 3597 οἱ
3243 3540 3342 3616 μὶν
3425 3537 3491 3594 δι’
3576 3538 3731 3596 ὄκνον

350 3617 485 3689 loco,
511 3627 724 3688 aﬂ‘erre
759 3624 1027 3697 meliora,
1059 3621 1191 3682 aliis
1225 3619 1466 3696 quidem
1513 3625 1758 3700 prepter
1808 3617 1993 3680 animi

349 3715 709 3788 socordiam,
737 3713 868 3776 aliis
899 3720 1097 3774 autem
1125 3718 1184 3772 ut
1207 3708 1362 3790 quod
1388 3717 1476 3770 est
1503 3727 1650 3787 opus
1676 3708 1991 3788 perfectis-

347 3805 565 3867 simum
600 3813 658 3865 et
691 3804 927 3864 maximi
962 3799 1165 3880 studii,
1219 3807 1276 3860 et
1309 3798 1402 3859 cui
1441 3817 1548 3859 uec
1579 3807 1701 3858 tota
1753 3797 1992 3877 quidem

350 3895 459 3956 viri
483 3894 601 3956 vita
622 3892 947 3968 suffecerit,
971 3909 1163 3971 neque
1185 3890 1341 3950 vires
1365 3887 1610 3949 aderant
1632 3885 1992 3960 volentibus,

354 4002 465 4046 nec
494 3984 586 4045 iis.
615 3985 714 4063 qui
747 3989 1040 4062 poterant,
1068 3979 1376 4055 voluntas;
1410 3977 1513 4038 sed
1551 3996 1668 4038 non
1693 3977 1870 4038 etiam
1895 3976 1996 4036 ad-

355 4071 642 4134 mirabilis
663 4069 917 4151 Symeon
939 4069 1150 4132 eodem
1178 4067 1501 4148 modo,quo
1524 4065 1700 4140 ii,fuit
1723 4066 1991 4127 affectus:

2077 3637 2284 3712 ψυχῆς,
2373 3632 2421 3688 οἱ
2503 3629 2558 3686 δὲ
2643 3632 2713 3696 ὡς
2797 3628 3128 3687 τελεώτατον
3212 3627 3548 3708 σπούδασμα,
3642 3632 3728 3684 καί

2075 3725 2120 3795 ᾧ
2198 3719 2330 3796 μηδὲ
2419 3720 2529 3796 βίος
2603 3719 2665 3776 ἂν
2751 3719 2872 3783 ὅλος
2945 3717 3134 3797 ἀνδρὸς
3195 3716 3542 3796 ἐξαρκέσειεν,
3611 3715 3729 3772 οὔτε

2078 3808 2419 3885 βουλομένοις
2505 3807 2718 3883 δύναμίς
2791 3831 2872 3869 τις
2943 3807 3172 3886 προσῆν,
3246 3807 3364 3864 οὔτε
3422 3804 3728 3880 δυναμένοις

2077 3897 2353 3974 βούλησις.
2424 3896 2572 3955 Ἀλλ’
2637 3898 2875 3977 οὖχὶκαῖ
2936 3898 3282 3971 ὂθαυμάσιος
3325 3897 3545 3971 Συμεὼν
3604 3915 3732 3949 ταυ-

2079 3988 2168 4042 τὸν
2230 3987 2506 4044 ἐπεπόνθει
2571 3987 2802 4048 τούτοις
2863 3988 3000 4042 ἀλλα
3055 3987 3218 4066 μέχρι
3278 3995 3368 4044 τοῦ
3423 3985 3731 4060 μέμψασθαι

2079 4089 2193 4142 τοῖς
2264 4076 2656 4154 γεγραμμένοις
2717 4076 3053 4154 συμπρο⁶ίὼν’
3104 4075 3314 4154 αὐτοῖς,
3375 4073 3557 4130 ἔπειτα
3627 4093 3731 4129 πε-

355 4161 458 4224 sed
486 4178 617 4224 cum
644 4165 730 4221 eis
754 4159 1088 4240 procedens
1104 4157 1172 4218 ad
1200 4155 1552 4235 scriptorum
1581 4173 1767 4235 usque
1790 4172 1990 4235 repre-

2081 4167 2298 4243 ραιτέρω
2355 4163 2680 4243 προϐέϐηκε,
2714 4166 2803 4221 καὶ
2862 4163 3043 4242 expect
3086 4185 3135 4220 τι
3195 4170 3415 4242 πρᾶγμα
3468 4162 3728 4236 νεανικὸν,

353 4250 730 4320 bensiouem,
765 4248 984 4309 deinde
1014 4245 1302 4326 processit
1334 4244 1605 4317 ulterius,
1642 4253 1700 4304 et
1723 4245 1991 4325 juvenile

2120 4254 2184 4312 -λ
2370 4255 2385 4272 ς
2482 4256 2500 4292 ο,
2575 4279 2591 4288 _
2624 4255 2649 4266 .-
2796 4254 2848 4293 -ς
3003 4255 3015 4275 η
3151 4253 3164 4272 φ
3235 4255 3248 4272 ς
3385 4258 3410 4267 υ
3581 4252 3593 4272 ρ

2081 4278 2148 4331 μα
2187 4263 2280 4312 λον
2337 4253 2392 4311 δε
2455 4277 2656 4334 suum
2717 4276 2926 4332 npa,w,
2985 4257 3048 4322 ἢν
3115 4251 3281 4318 ουδεις
3345 4275 3449 4309 των
3523 4273 3734 4308 παντων

353 4337 694 4420 aggreditur
742 4336 994 4410 facinus,
1029 4333 1118 4396 vel
1151 4333 1384 4424 felicem
1411 4333 1634 4424 potius
1663 4333 1988 4424 actionem,

2081 4344 2428 4424 εὖτετύχηκε,
2496 4333 2586 4400 δι’
2627 4345 2688 4411 ἧς
2756 4343 2963 4408 ἐκεῖνός
3021 4365 3080 4401 τε
3134 4341 3568 4422 περιφανέστερον
3627 4346 3734 4399 τῶν

353 4448 528 4512 quam
550 4427 746 4488 nullus
773 4425 1040 4488 omnium
1065 4422 1248 4503 gessit
1267 4421 1541 4532 feliciter,
1570 4441 1675 4503 per
1697 4442 1868 4504 quam
1891 4423 1990 4485 ille

2081 4421 2365 4511 Ξὶπανταχῆ
2425 4431 2724 4512 ἐλλογίμων
2793 4432 3032 4511 ἒγένετο,
3099 4421 3215 4490 καὶγ
3249 4440 3324 4506 τῷ
3386 4453 3441 4487 τε
3501 4436 3615 4504 Θεῷ
3671 4429 3732 4486 τὰ

351 4521 531 4584 evasit
561 4517 777 4581 clarior
807 4514 1106 4589 omnibus,
1139 4513 1239 4594 qui
1271 4521 1406 4574 sunt
1440 4512 1659 4593 ubique
1694 4514 1944 4577 eruditis
1973 4537 1990 4593 ;

354 4617 412 4672 et
435 4609 559 4672 Deo
590 4611 955 4669 consecravit
981 4623 1072 4675 ea,
1100 4621 1230 4684 quae
1250 4611 1388 4664 sunt
1409 4604 1674 4664 omnium
1702 4603 1990 4684 pulcher-

351 4702 505 4762 rima
531 4718 543 4762 :
572 4707 1010 4778 martyrumque
1027 4695 1355 4758 certamina
1377 4701 1435 4754 et
1454 4712 1682 4770 cursus,
1711 4704 1766 4758 et
1793 4715 1992 4758 mona-

351 4791 599 4852 chorum
633 4786 1051 4850 abstinentiam
1083 4791 1262 4863 atque
1296 4785 1641 4864 patientiam
1668 4786 1899 4848 ornavit
1925 4805 1993 4848 ac

355 4877 695 4952 declaravit,
734 4885 792 4937 et
823 4874 1120 4949 eamdem,
1155 4892 1327 4955 quam
1359 4873 1446 4934 illi
1478 4873 1774 4936 adhibens
1799 4874 1991 4937 bene-

356 4967 698 5040 volentiam,
732 4965 948 5044 gratias
977 4964 1234 5026 vicissim
1269 4963 1497 5042 accepit
1521 4963 1594 5024 ab
1629 4963 1929 5027 omnibus.

435 5056 587 5130 Quid
619 5056 776 5118 enim
811 5054 944 5135 quis
975 5073 1109 5115 cum
1131 5053 1228 5115 tali
1253 5052 1572 5115 contulerit
1594 5061 1816 5133 opera?
1839 5053 1998 5127 Quas

354 5146 692 5210 Graecorum
715 5144 1222 5224 autiquitates,aut
1240 5153 1410 5204 terra;
1435 5143 1708 5203 universa
1731 5143 2000 5206 dimensa

356 5237 579 5316 spatia?
613 5235 841 5309 Quanta
873 5232 1086 5295 Persis.
1116 5231 1352 5312 illisque
1377 5230 1785 5310 superioribus
1806 5233 1998 5316 Baby-

359 5325 535 5385 loniis
584 5323 864 5404 praeclare
914 5321 1117 5400 gesta?
1167 5330 1380 5400 quanta
1433 5328 1634 5394 postea
1665 5321 2000 5386 Ali-xandro

361 5412 744 5474 Macedonum
763 5412 1084 5474 fortissimo
1109 5418 1347 5492 peracta
1368 5410 1729 5471 certamina?
1747 5408 1890 5473 Nam
1911 5413 2005 5474 his

359 5519 596 5580 quoque
627 5501 942 5562 ambitioso
975 5500 1134 5562 cultu
1166 5510 1499 5579 ornatuque
1528 5498 1836 5576 magniﬁco
1869 5521 2003 5564 cum

2075 4522 2334 4580 κάλλιστα
2399 4525 2504 4579 τῶν
2569 4524 2735 4580 όντων
2803 4523 3202 4603 ἀφωσιώσατο,
3273 4522 3364 4578 καὶ
3435 4521 3557 4581 τοὺς
3621 4525 3731 4575 τῶν

2076 4613 2351 4690 μαρτύρων
2407 4612 2620 4691 ἀγῶνας
2649 4614 2740 4669 καὶ
2799 4609 3048 4689 δρόμους,
3084 4612 3180 4673 τάς
3239 4631 3298 4666 τε
3341 4616 3447 4666 τῶν
3486 4608 3735 4675 ἀσκητῶν

2077 4702 2382 4780 ἐγκρατείας
2447 4703 2535 4758 καὶ
2619 4702 2894 4780 καρτερίας
2967 4699 3222 4757 ἑκάλλυνέ
3294 4721 3350 4755 τε
3417 4699 3506 4755 καὶ
3599 4719 3737 4754 κατ-

2078 4789 2369 4865 εκόσμησε,
2417 4793 2506 4847 καὶ
2549 4792 2646 4859 τῆν
2704 4791 2867 4858 αὒτὴν
2913 4790 3134 4853 ἐκείνοις
3199 4787 3570 4866 προσενεγκὼν
3644 4783 3734 4840 εὔ·-

2079 4904 2248 4955 νοιαν,
2283 4883 2380 4938 τάσ
2409 4880 2551 4958 παρὰ
2585 4882 2798 4937 πάντων
2829 4878 3111 4960 ἀπείληφε
3145 4879 3396 4958 χάριτας.

2165 5070 2263 5118 Και
2319 5082 2369 5117 τι
2401 5060 2499 5139 γὰρ
2558 5061 2620 5116 ἂν
2649 5061 2834 5135 τιςτῷ
2892 5059 3116 5139 τοιούτῳ
3145 5054 3440 5134 παραϐάλοι
3499 5049 3734 5110 σπουδά-

2082 5168 2295 5225 σματι;
2355 5137 2507 5206 ποίαν
2550 5148 2946 5229 ἀρχαιολογίαν
3008 5137 3356 5217 Ἑλληνικὴν,
3405 5143 3442 5212 ἢ
3491 5139 3736 5215 καταμέ-

2081 5261 2268 5317 τρησιν
2326 5245 2423 5306 τῆς
2472 5245 2758 5309 συμπάσης
2802 5243 2904 5316 γῆς
2946 5256 2962 5311 ;
3020 5237 3108 5292 καὶ
3153 5237 3320 5290 ὃπόσα
3370 5233 3616 5310 Πέρσαις,
3649 5230 3740 5285 καὶ

2085 5332 2186 5407 πρὸ
2246 5329 2459 5385 ἐκείνων
2517 5327 2872 5392 Βαϐυλωνίοις
2933 5327 3297 5404 κατώρθωται,
3331 5322 3432 5378 ὅσα
3489 5342 3547 5376 τε
3603 5319 3738 5392 μετά

2087 5429 2247 5476 ταυτα
2349 5416 2674 5496 Ἀλεξάνδρῳ
2773 5423 2852 5490 τῷ
2937 5411 3252 5470 Μακεδόνων
3357 5408 3737 5486 ἀνδρικώτερον

2090 5505 2483 5584 διηγώνισταις
2553 5509 2712 5586 Ἔχει
2767 5507 2866 5582 μὲν
2935 5506 3024 5561 καὶ
3093 5509 3258 5559 ταῦτα
3332 5497 3587 5578 φιλότιμα
3647 5517 3738 5552 και

360 5590 673 5657 verborum
701 5589 906 5672 lepore
929 5590 1199 5670 praelusit
1218 5588 1574 5668 scriptorum
1597 5586 1991 5656 industria.E(

2092 5596 2348 5655 κάλλιστα
2419 5611 2534 5662 τοῖς
2605 5584 2740 5672 μετά
2828 5593 3170 5671 καλλιλογίας
3240 5589 3564 5646 ἐκτεθεικόσι
3640 5584 3736 5648 τὰς
