4080 6204
249 323 356 398 193

1410 322 1817 399 ENCOMIUM
1866 327 2477 398 ΜΕΤΑΡΗΒΑΒΤίΕ.

3511 329 3532 392 1
3547 325 3620 393 94

247 468 578 546 συγγραφάς.
642 466 813 524 Ἀλλά
877 466 1074 524 τούτων
1117 467 1216 543 μὲν
1268 466 1351 523 διὰ
1418 467 1515 536 τήν
1589 475 1693 525 τῶν
1761 471 1921 526 ἀνα-ρ.

2008 487 2180 532 amen
2240 487 2359 529 uno
2393 467 2518 528 fere
2551 465 2748 545 magni
2803 463 3026 536 habita,
3065 481 3397 544 eorumque
3455 463 3625 543 Vulgo

248 557 608 633 γραψαμένων
673 557 938 625 συνθήκην
1007 551 1415 614 διεσπούδασται
1486 571 1602 622 τοϊς
1671 559 1895 625 πολλοῖς

257 643 267 661 3

1983 558 2258 638 expedita
2315 557 2515 628 lectio,
2556 555 2711 635 quod
2767 553 2954 614 oratio
2987 553 3059 614 sit
3091 551 3217 631 ipsa
3269 556 3621 630 composita.

247 643 279 707 ἧ
330 644 661 720 ἀνάγνωσις.
743 636 945 702 Ὀπόσα
1029 642 1081 698 δὲ
1140 647 1168 698 ὁ
1241 659 1482 722 γενναῖος
1559 646 1708 710 οὗτος
1767 647 1898 722 ἀνὴρ

2008 636 2129 718 luas
2159 655 2354 706 autem
2385 646 2468 705 vir
2496 645 2594 706 hic
2617 654 2898 704 strenuus
2929 640 3162 702 decenti
3195 641 3430 722 eloquio
3463 643 3537 706 de
3562 645 3631 708 iis

251 733 377 806 μετά
439 738 545 800 τῆς
588 735 891 812 πρεπούσης
947 743 1039 792 τοῦ
1098 733 1259 813 λόγου
1317 732 1601 810 περιϐολῆς
1647 738 1731 791 επὶ
1789 747 1902 800 τοῖς

2008 742 2420 796 :ommentatus
2477 743 2588 805 est,
2623 732 2722 813 qui
2768 733 2857 794 vel
2889 730 3237 810 martyrium
3294 744 3627 810 gesserunt,

249 825 621 899 μαρτυρήσασι
712 824 802 878 καὶ
877 824 1163 892 ιάσκήσασι
1273 823 1378 878 τῶν
1477 825 1905 904 συγγραμμάτιον

249 910 488 990 escam,
555 910 729 969 διττὸν
793 912 910 992 ἔχει
968 913 1060 968 τὸν
1115 911 1299 984 ζῆλον,
1353 917 1451 978 τῆς
1509 929 1565 967 τε
1623 915 1754 990 πρὸς
1811 913 1908 980 τὴν

250 1002 524 1070 συνθῆκῆν
576 1000 884 1076 μιμήσεως,
943 1002 1034 1058 καὶ
1093 1005 1190 1070 τῆς
1221 1003 1352 1078 πρὸς
1410 1001 1475 1058 τὰ
1501 1001 1760 1059 κάλλιστα
1819 1008 1909 1058 τοῦ

247 1088 398 1155 ἤθους
460 1091 779 1153 τυπώσεως,
838 1089 1063 1165 Εἴποιμι
1099 1089 1152 1146 δὲ
1213 1093 1300 1146 καὶ
1329 1091 1501 1168 τρίτον
1545 1093 1639 1148 οὒκ
1693 1091 1908 1147 ἔλαττον

247 1181 474 1251 τούτων,
513 1179 634 1235 ἀλλ’
665 1177 1033 1258 ἀκριϐέστερόν
1066 1201 1122 1236 τε
1156 1180 1243 1235 vui
1291 1179 1646 1260 ὑψηλότερον,
1681 1180 1759 1235 ὅτι
1791 1183 1906 1256 περὶ

245 1269 345 1322 τῶν
394 1271 832 1346 συγκροτούντων
875 1271 936 1325 τὸ
982 1268 1307 1347 Εὖαγγὲλιον
1363 1271 1397 1336 ἡ
1429 1275 1534 1324 τῶν
1579 1269 1742 1347 ἁγίων
1773 1269 1906 1324 ἀνά-

249 1379 489 1434 γραπτος
546 1361 737 1433 μνήμη
771 1357 1057 1438 κεφάλαιον
1110 1364 1214 1414 τῶν
1261 1355 1439 1413 ἄλλων
1471 1359 1787 1426 καθέστηκε.
1836 1361 1906 1416 Τὸ

249 1448 342 1521 μὲν
372 1449 468 1502 οὖν
520 1447 830 1514 ἐκλέξασθαι
863 1456 1046 1506 τοότον
1088 1448 1339 1514 τοιαύτην
1370 1448 1539 1521 ἑαυτῷ
1568 1456 1659 1506 τοῦ
1691 1449 1904 1526 γράφειν

251 1536 527 1615 ὑπόθεσιν,
591 1537 874 1620 μαρτύριόν
932 1535 1074 1592 ἐστιν
1125 1533 1500 1614 ἀκριϐέστατον
1553 1541 1650 1603 της
1710 1537 1909 1593 ἐκείνου

252 1625 539 1687 συνέσει-κ’
594 1628 656 1681 τὸ
687 1625 738 1680 δὲ
770 1626 1035 1689 τοιαύταις
1071 1624 1294 1687 ἐννοίαις
1336 1624 1661 1704 χρᾶσασθαι,
1695 1627 1782 1681 καὶ
1813 1625 1910 1682 λέ-

253 1712 320 1778 ξει
374 1715 518 1789 μετᾶ
550 1720 644 1771 τοῦ
675 1721 872 1795 σαφοῦς
902 1713 1189 1793 διηρμένη,
1236 1716 1295 1772 τό
1341 1736 1398 1770 τε
1429 1716 1647 1771 πιθανὸν
1706 1714 1910 1794 ἐχούσῃ

252 1805 332 1859 καὶ
380 1803 665 1874 ἀληθινὸν,
729 1805 814 1860 καὶ
865 1807 1117 1883 ἔμφυτον,
1153 1803 1262 1860 ἔστι
1313 1805 1412 1878 μὲν
1470 1805 1554 1860 καὶ
1608 1809 1708 1871 τῆς
1767 1805 1910 1860 ἐκεί-

254 1916 337 1948 νου
397 1895 590 1973 σοφίας
624 1892 936 1968 τεκμήριον*
1016 1893 1250 1969 μάλιστα
1308 1892 1361 1950 δὲ

253 1984 397 2038 θοῖτο
457 1982 562 2049 τῆς
619 1982 946 2060 εὒαρμόστου
1003 1982 1134 2057 πρὸς
1207 1983 1327 2047 τοὺς
1384 1984 1595 2060 καιροὺς
1656 1985 1744 2040 καὶ
1788 1985 1907 2047 τοὺς

255 2071 438 2128 ἀκούον
451 2094 544 2135 τας
575 2071 846 2151 χρήσεως.

327 2162 425 2217 Καὶ
501 2161 596 2216 ’ἕνα
657 2183 700 2217 τι
773 2163 891 2240 περὶ
962 2162 1150 2219 τούτου
1209 2169 1300 2218 τοῦ
1345 2160 1533 2238 μέρους
1592 2162 1755 2236 εἴπω,
1819 2165 1907 2219 καὶ

251 2247 780 2327 παρεκϐατικώτερον
851 2258 926 2326 τῷ
987 2251 1132 2328 λόγῳ
1203 2252 1520 2332 χρήσωμαι·
1597 2253 1693 2308 οὐκ
1733 2251 1911 2330 ἀγνοῶ

256 2337 329 2394 ὅτι
381 2353 505 2402 τοῖς
571 2339 801 2404 πολλοῖς
833 2346 937 2397 τῶν
980 2362 1036 2396 τε
1095 2341 1540 2420 σοφιστικώτερον
1568 2347 1636 2418 τῇ
1693 2341 1910 2418 γλώττῃ

257 2427 635 2506 κεχρημένων,
673 2429 819 2484 οωὲν
880 2427 932 2484 δὲ
993 2431 1156 2495 ἦττον
1215 2432 1300 2485 καὶ
1356 2443 1472 2495 τοῖς
1524 2432 1639 2506 περῖ
1673 2431 1738 2486 τὰ
1799 2453 1908 2504 μα-

258 2519 466 2590 θήματα
572 2515 954 2575 ἐσπουδακόσιν
994 2564 1010 2590 ,
1111 2517 1250 2575 ἀλλὰ
1351 2521 1437 2575 καὶ
1547 2525 1612 2576 τα
1720 2521 1912 2598 φυσικὰ

262 2608 550 2681 μαθήματα
613 2607 1065 2685 περισπούδαστα,
1129 2607 1188 2663 οὗ
1249 2609 1385 2664 πάνυ
1444 2631 1493 2664 τι
1565 2607 1911 2680 σπουδάζεται

261 2703 347 2749 τοῦ
405 2695 596 2775 ἁνδρδς
680 2697 745 2752 τὰ
818 2695 1243 2777 σπουδάσματα,
1304 2697 1385 2753 ὅτι
1457 2699 1595 2774 μήτε
1666 2714 1731 2755 τὰ
1815 2701 1911 2765 τῆς

261 2784 446 2858 μίξεως
481 2793 590 2842 τῶν
625 2783 776 2843 ἰδεῶν
822 2786 1061 2865 ἐκπρεπῆ
1093 2787 1217 2866 παρ’
1255 2788 1460 2868 αὐτοῖς,
1493 2790 1631 2864 μήτε
1663 2789 1711 2844 οἱ
1757 2811 1912 2868 σχη-

263 2877 515 2949 ματισμοὶ
578 2881 685 2931 τῶν
742 2874 916 2953 λόγων
977 2889 1325 2956 καταφανεῖς,
1386 2879 1524 2952 μήτε
1580 2900 1660 2942 τις
1723 2878 1915 2954 ἀπορία

263 2964 464 3042 φύσεως
547 2967 634 3021 καὶ
703 2964 964 3042 ἑπίλυσις,
1029 2967 1168 3043 μήτε
1245 2968 1543 3045 γραμμικαὶ
1624 2965 1914 3034 ἀποδείξεις

267 3055 397 3126 μετά
480 3061 592 3110 τῶν
676 3060 940 3135 φορτικῶν
1024 3055 1304 3131 ὀνομάτων
1332 3103 1345 3130 ,
1408 3057 1547 3128 μήτε
1627 3056 1916 3136 φολοσόφοι

1470 1854 1554 1860 πη-
1620 1854 1706 1871 --η
1768 1854 1874 1860 --_--

1425 1906 1656 1969 σημεῖον
1717 1894 1778 1952 ἄν
1829 1915 1908 1956 τις

2008 1854 2272 1974 nuncquae
2322 1854 2631 1954 li‘ominerm
2664 1890 2883 1973 prodit,
2919 1889 3022 1967 qui
3083 1909 3149 1950 ex
3187 1855 3520 1973 temporum
3574 1915 3644 1960 ac

1989 823 2079 884 vel
2135 823 2460 885 solitariam
2521 822 2700 883 vitam
2740 821 3074 890 coluerunt,
3111 819 3330 900 duplici
3387 824 3632 885 nomine

1992 912 2431 973 aemulationem
2471 911 2707 986 habent,
2745 909 3046 972 imitanda;
3077 909 3300 970 scilicet
3331 918 3632 994 composi-

1991 1001 2194 1082 tionis,
2232 1019 2582 1080 morumque
2639 1000 2921 1079 praeclare
2952 997 3357 1060 institutorum
3419 1002 3638 1067 forma-

1990 1091 2192 1153 tionis.
2227 1091 2431 1152 Dicam
2469 1099 2529 1151 et
2574 1089 2841 1163 tertium,
2876 1087 3021 1148 nihil
3052 1086 3144 1148 his
3173 1087 3462 1164 deterius,
3501 1096 3636 1174 qui-

1992 1179 2154 1240 nimo
2191 1180 2430 1258 majoris
2462 1178 2718 1240 solertia:
2747 1176 3208 1258 sublimiusque,
3240 1179 3394 1259 quod
3427 1199 3634 1246 eorum

1991 1267 2205 1348 quibus
2235 1276 2510 1330 constant
2544 1267 2881 1344 Evangelia,
2915 1274 3260 1326 sanctorum
3305 1272 3640 1354 conscripta

1991 1358 2294 1431 memoria,
2329 1357 2696 1436 reliquorum
2730 1364 2906 1435 caput
2939 1353 3168 1443 exsistit
3237 1355 3406 1428 Quod
3441 1353 3640 1443 itaque

1991 1445 2104 1506 tale
2135 1446 2248 1508 sibi
2283 1454 2695 1525 argumentum
2732 1443 3043 1522 delegerit,
3082 1442 3242 1506 illius
3299 1455 3462 1509 certo
3497 1442 3639 1530 pru-

1992 1534 2254 1598 dentiam
2301 1537 2509 1596 astruit
2545 1557 2561 1611 ;
2594 1534 2752 1612 quod
2785 1551 2921 1594 vero
2973 1531 3190 1594 talibus
3221 1553 3364 1596 usus
3392 1551 3641 1602 senten-

1995 1625 2092 1685 tiis
2136 1632 2250 1705 est,
2285 1643 2473 1706 eaque
2519 1623 2803 1695 dictione,
2843 1641 2977 1702 quae
3028 1629 3155 1702 ipse
3188 1641 3320 1686 cum
3377 1627 3643 1693 claritate

1995 1714 2204 1796 incisa,
2243 1714 2591 1796 probabilis,
2625 1730 2881 1793 veraque
2911 1729 2980 1773 ac
3004 1729 3072 1772 ex
3107 1730 3172 1773 re
3200 1721 3333 1775 nata
3363 1717 3639 1796 eniteret,

1996 1803 2158 1865 illius
2217 1822 2454 1884 quoque
2487 1802 2799 1883 sapientiaa
2837 1801 2998 1863 claro
3057 1800 3279 1863 indicio
3314 1813 3401 1865 cst
3436 1824 3450 1883 ;
3513 1827 3643 1869 ma-

1993 1983 2332 2046 auditorum
2367 1981 2702 2045 rationibus
2731 1997 3074 2042 sermonem
3111 1981 3228 2041 rite
3255 1991 3462 2046 nosset
3487 2004 3648 2048 com-

1993 2091 2240 2154 ponere.

2078 2163 2269 2242 Atque
2301 2169 2364 2222 ut
2395 2161 2574 2242 hujus
2597 2162 2834 2241 generis
2857 2160 3164 2241 quidpiam
3189 2160 3640 2244 loquar,paulo-

1993 2271 2108 2332 que
2132 2253 2322 2313 fusius
2355 2270 2696 2313 sermonem
2731 2249 3074 2324 adhibeam,
3101 2269 3218 2311 non
3255 2271 3349 2314 me
3371 2253 3510 2317 latet
3541 2256 3646 2317 viri

1997 2343 2444 2403 lucubrationes
2469 2344 2810 2421 scriptaque
2830 2349 3212 2400 monumenta
3236 2359 3353 2402 non
3377 2361 3511 2404 esse
3532 2365 3649 2406 ma-

1994 2450 2108 2510 gno
2142 2431 2483 2506 studio,nec
2521 2431 2591 2490 iis
2622 2430 2722 2509 qui
2767 2429 2986 2506 lingua:
3017 2442 3368 2491 ornamento
3399 2442 3648 2497 utuntur

1995 2520 2173 2581 nimis
2199 2519 2660 2592 Rhetorice,nec
2687 2518 2783 2593 iis,
2812 2518 2910 2596 qui
2943 2535 3116 2578 suum
3142 2519 3402 2580 studium
3430 2540 3647 2602 posue-

1995 2620 2134 2672 runt
2159 2610 2216 2668 in
2251 2606 2718 2688 disciplinis;sed
2760 2625 2867 2668 nec
2895 2605 2990 2680 iis,
3018 2607 3118 2686 qui
3152 2607 3506 2670 studuerunt
3538 2629 3646 2671 na-

1997 2709 2146 2760 tura:
2176 2697 2676 2776 contemplationi
2712 2717 2724 2755 :
2764 2695 2917 2776 quod
2953 2694 3040 2756 eis
3071 2695 3311 2758 dicendi
3361 2716 3645 2776 generum

1999 2787 2195 2849 mistio
2227 2806 2345 2848 non
2371 2786 2748 2859 eluceat,nec
2777 2787 2978 2863 figurae
3003 2783 3237 2844 dicendi
3260 2784 3379 2846 sint
3398 2797 3644 2868 apertaz,

1999 2895 2193 2958 neque
2240 2876 2361 2937 ulla
2419 2874 2703 2937 naturalis
2747 2873 3035 2935 dubitatio
3069 2880 3128 2934 et
3178 2873 3419 2956 solutio,
3455 2891 3651 2958 neque

1998 2967 2261 3029 lineares
2283 2963 2824 3028 demonstrationes
2849 2979 2983 3022 cum
3005 2961 3359 3042 importunis
3385 2967 3650 3027 nomini-

2000 3057 2339 3134 bus,neque
2361 3053 2794 3137 philosophica:
2815 3049 3292 3132 sententiae,quze
3316 3054 3651 3135 subjectum

269 3140 456 3199 ’ἔννοιαι
485 3143 921 3223 ὑψηλολογοῦσαι
983 3145 1041 3201 τὸ
1072 3145 1440 3218 ὑποκείμενον.
1504 3145 1787 3204 Βούλονται
1822 3149 1916 3226 γὰρ

2008 3147 2199 3210 verbis
2253 3146 2312 3206 in
2344 3145 2529 3206 altum
2583 3141 2882 3205 invehant.
2915 3137 3135 3201 Volunt
3164 3142 3323 3203 enim
3381 3144 3482 3224 qui
3513 3159 3654 3207 sunt

273 3232 316 3288 οἱ
371 3235 611 3312 περιττοὶ
642 3214 761 3300 τὴν.
798 3234 984 3314 σοφίαν
1015 3235 1146 3312 πρὸς
1205 3231 1448 3299 ἐπίδειξιν
1491 3236 1664 3292 πάντα
1720 3214 1919 3314 γεγράζ

2008 3237 2314 3318 sapientiae
2335 3235 2488 3296 ultra
2514 3232 2752 3294 modun.
2778 3229 2988 3304 dediti,
3010 3229 3211 3292 omnia
3242 3214 3424 3293 scribi
3445 3234 3518 3295 ad
3549 3254 3653 3296 os-

272 3323 413 3399 φθαι,
447 3324 510 3379 οὖ
540 3324 670 3401 πρὸς
700 3321 962 3402 ὠφέλειαν
993 3324 1079 3379 καὶ
1107 3321 1262 3389 ἤθους
1295 3323 1641 3400 κατόρθωσιν.
1693 3325 1839 3403 Ἐγὼ
1867 3322 1920 3380 δε

2008 3332 2424 3400 tentationem,
2461 3342 2578 3384 non
2623 3321 2697 3384 ad
2734 3337 2968 3382 morum
3016 3321 3473 3388 correctionem.
3533 3323 3652 3405 Ego

276 3408 384 3466 οὖδέ
442 3433 589 3476 τινος
619 3413 819 3468 τούτων
881 3413 1017 3490 φημῖ
1047 3413 1112 3468 τά
1155 3419 1248 3470 τοῦ
1295 3410 1476 3490 ἀνδρὸς
1536 3413 1921 3492 ἀπεστερῆσθαι

2008 3426 2202 3478 autem
2255 3414 2388 3476 dico
2420 3413 2602 3492 hujus
2651 3410 2762 3473 viri
2795 3408 3017 3489 scripta
3069 3409 3232 3471 nullo
3265 3411 3474 3473 horum
3524 3432 3656 3476 esse

278 3501 688 3577 συγγράμματα,
750 3497 901 3556 Ἀλλ’
936 3497 1119 3568 ἐπειδὴ
1167 3501 1243 3576 μὴ
1271 3498 1611 3572 ἐπιδεικτική
1655 3525 1735 3564 τις
1781 3504 1921 3577 αὖτῷ

2008 3503 2365 3586 privata;svd
2398 3501 2676 3583 quoniam
2706 3517 2826 3560 non
2849 3497 2920 3560 ad
2940 3501 3396 3562 ostentationem
3422 3521 3657 3585 compa-

278 3587 310 3653 ἡ
377 3589 602 3668 χρῆσις,
649 3590 710 3645 οὗ
778 3597 941 3648 ταῦτα
998 3589 1142 3664 αὒτῷ
1202 3590 1424 3670 τίθεται,
1485 3591 1598 3647 οὓδέ
1669 3591 1730 3647 ὲκ
1785 3614 1918 3666 προ-

2008 3594 2246 3656 rabatur
2274 3593 2409 3672 ejus
2429 3589 2702 3672 scriptio,
2729 3607 2799 3649 ea
2824 3607 2942 3649 non
2977 3596 3278 3668 ponuntur
3299 3590 3651 3673 frequentia,

281 3678 457 3751 οιμίων
512 3678 684 3758 εὒθὺς,
715 3676 830 3736 ουδὲ
874 3684 1155 3753 πανταγῆ,
1191 3678 1307 3737 οὐδὲ
1341 3679 1396 3735 ἐν
1444 3687 1628 3755 πᾶσιν,
1661 3679 1777 3738 ἀλλ’
1813 3680 1921 3748 ὅπη

2008 3683 2406 3764 nequestatim
2429 3699 2463 3742 a
2488 3678 3000 3760 principio.neque
3017 3676 3465 3761 ubique,neque
3494 3680 3655 3761 apud

284 3767 417 3839 αὖτῷ
446 3767 695 3846 ἀφορμὴν
724 3769 785 3824 τὸ
839 3767 1294 3846 πρᾶγμαδίδωσιν,
1328 3768 1499 3827 ὁπόσα
1530 3768 1645 3826 δέον
1673 3777 1750 3844 τῷ
1780 3769 1921 3848 λόγῳ

2009 3789 2259 3832 omnes:
2293 3769 2394 3831 sed
2429 3767 2666 3850 quando
2714 3784 2813 3828 res
2842 3766 2938 3826 dat
2970 3765 3025 3827 ei
3079 3767 3484 3851 occasionem,
3514 3789 3658 3832 usus

283 3858 648 3935 χρησάμενος,
710 3857 794 3913 ἰπὶ
865 3859 955 3914 τὸν
1023 3859 1429 3938 προτεθειμένον
1508 3863 1706 3918 σκοπὸν
1781 3860 1921 3924 εὒθὺς

2008 3861 2110 3935 iis,
2138 3878 2271 3942 quae
2301 3858 2556 3941 postulat
2585 3858 2799 3935 oratio,
2829 3854 2988 3917 redit
3012 3872 3249 3917 rursum
3279 3857 3349 3918 ad
3409 3877 3654 3940 scopum

283 3945 573 4008 ὶωάνεισιν,
649 3938 706 4004 ’0
775 3946 876 4024 γὰρ
931 3945 1090 4025 λόγος
1150 3950 1291 4023 αὒτῷ
1365 3947 1480 4005 οὔτε
1536 3952 1608 4011 εἱς
1664 3962 1930 4030 τεχνολο-

287 4035 398 4109 γίαν
453 4037 543 4092 καὶ
601 4036 920 4102 κατονόησιν
980 4038 1209 4116 φύσεως,
1274 4036 1390 4094 οὔτε
1455 4042 1562 4112 μὴν
1620 4039 1692 4099 εἷς
1750 4061 1928 4118 γραμ-

290 4125 445 4197 μικὴν
498 4127 742 4206 θεωρίαν,
804 4126 838 4193 ἢ
895 4127 995 4194 τὴν
1071 4127 1443 4206 περιττοτέραν
1501 4127 1556 4182 ἐν
1614 4141 1730 4193 τοῖς
1787 4128 1930 4206 ’ἀρι-

290 4214 440 4286 θμοῖς
488 4216 716 4278 σύνεσιν,
779 4213 931 4272 Ἀλλ’
977 4214 1090 4274 οὗδὲ
1149 4215 1496 4288 σπουδάζεται
1540 4219 1708 4292 τούτῳ
1747 4219 1782 4286 ἡ
1836 4224 1930 4274 τοῦ

293 4300 502 4380 οὐρανοῦ
558 4304 788 4380 κίνησις,
837 4305 866 4372 ἢ
929 4305 1075 4368 ὅπως
1130 4307 1157 4361 ὁ
1228 4304 1470 4372 ἀπλανὴς
1535 4307 1738 4382 κόσμος
1797 4309 1929 4387 πρὸς

293 4393 406 4456 τοὺς
461 4391 733 4460 πλάνητας
807 4395 1027 4466 ἐπαντᾷ,
1098 4393 1260 4450 Μέλει
1331 4393 1386 4451 δὲ
1432 4397 1575 4470 αὖτῷ
1633 4397 1930 4476 συμφώνων

295 4478 330 4545 ἢ
383 4482 675 4562 ὁμοφώνων
704 4481 876 4563 οὗδὲν,
906 4480 1026 4539 ἀλλ’
1087 4483 1204 4540 οὐδὲ
1251 4489 1357 4541 τῶδ
1411 4483 1496 4541 ἐπὶ
1526 4484 1730 4550 τούτοις
1766 4486 1934 4561 ἆμμε-

2013 3951 2377 4032 propositum
2393 3947 2554 4027 .Ejus
2576 3952 2732 4007 enim
2767 3945 2954 4006 oratio
2980 3945 3253 4026 nequead
3277 3947 3658 4027 sophisticam

2011 4041 2283 4100 intuetur
2289 4037 2672 4118 jactationem
2692 4033 3066 4095 utforensem
3089 4044 3662 4118 apparatum,neque

2012 4128 2083 4191 ad
2115 4127 2497 4190 artiﬁciosam
2530 4124 2887 4186 naturalium
2915 4122 3436 4202 excogitationem,
3464 4145 3662 4204 neque

2011 4217 2083 4279 ad
2137 4217 2433 4278 linearum
2491 4211 3082 4293 contemplationem,
3117 4222 3216 4274 aut
3272 4217 3660 4278 curiosiorem

2015 4324 2400 4368 numerorum
2426 4300 3031 4382 intelligentiam.Sed
3058 4321 3251 4383 neque
3273 4312 3361 4365 est
3385 4304 3440 4366 ei
3467 4306 3662 4368 studio

2016 4395 2148 4458 cceli
2186 4403 2403 4469 motus,
2437 4402 2538 4456 aut
2567 4392 3076 4471 quemadmodum
3109 4392 3382 4456 inerrans
3403 4396 3664 4458 mundus

2018 4484 2300 4566 procedat
2329 4484 2487 4546 circa
2509 4481 2712 4546 stellas
2743 4488 3034 4542 errantes:
3067 4482 3176 4543 sed
3207 4499 3403 4559 neque
3433 4495 3569 4546 sunt
3602 4498 3660 4558 ei

299 4565 469 4624 λειῶν·
527 4569 612 4627 διὰ
667 4577 824 4628 τοῦτο
881 4579 1045 4629 ταῦτα
1106 4573 1202 4646 μὲν
1246 4573 1319 4636 ὡς
1379 4574 1598 4651 περιττά
1646 4575 1921 4650 παραπέμ-

2017 4565 2171 4636 curae
2195 4583 2710 4644 consonantes,aut
2729 4573 3321 4646 semivocalesmeque
3335 4576 3432 4648 qui
3447 4592 3550 4650 per
3569 4592 3667 4637 eas

301 4679 469 4716 πεται·
531 4660 672 4718 ἔστιν
731 4659 861 4718 ὅπου
916 4662 1005 4718 καὶ
1035 4661 1170 4718 κατὰ
1227 4663 1412 4740 καιρὸν
1469 4663 1774 4742 χρώμενος’
1837 4666 1936 4731 τῆς

305 4745 354 4802 δὲ
431 4750 680 4818 ἀληθείας
764 4750 1054 4830 ἀπανταχῆ
1138 4752 1349 4831 ἔχεται,
1421 4756 1509 4808 καὶ
1579 4757 1676 4821 τῆς
1766 4754 1939 4829 ἀψευ-

305 4834 415 4896 δους
488 4840 815 4918 διηγήσεως.
889 4842 1140 4918 Φράσεως
1211 4838 1266 4894 δὲ
1342 4838 1570 4906 πολλοὺς
1657 4843 1752 4903 μὲν
1825 4843 1940 4898 ἐπίο

310 4949 459 4986 στατο
516 4931 764 5009 τρόπους,
832 4929 1099 5008 κέχρηται
1156 4927 1212 4984 δὲ
1277 4935 1356 5002 τῴ
1415 4930 1756 5012 ἀποχρῶντι,
1812 4933 1941 5010 πρὸς

309 5019 399 5086 τήν
455 5042 511 5076 τε
540 5027 646 5076 τῶν
698 5017 1018 5092 σπουδαίων,
1051 5020 1138 5074 καὶ
1182 5019 1289 5074 τῶν
1331 5018 1548 5076 πολλῶν
1595 5021 1708 5094 ἅμα
1738 5021 1938 5100 ἀκρόα-

314 5128 407 5168 σιν,
473 5110 570 5167 Καὶ
640 5108 831 5187 ἤρκεσέ
883 5128 943 5184 γε
1015 5108 1151 5163 κατά
1215 5112 1377 5164 ταυτὸ
1443 5109 1766 5188 ἀμφοτέροις
1824 5123 1941 5175 τοῖς

315 5197 506 5274 μέρεσι.
565 5204 652 5271 Τῷ
707 5199 805 5273 μὲν
849 5199 947 5275 γὰρ
1000 5197 1178 5274 ῥυθμῷ
1223 5197 1310 5253 καὶ
1338 5201 1416 5271 τῷ
1450 5197 1636 5254 κάλλει
1680 5200 1774 5268 τῆς
1845 5198 1941 5255 λέ-

319 5283 430 5352 ξεως
457 5335 474 5367 ,
544 5290 634 5344 τὸν
705 5287 986 5365 ἐλλόγιμον
1059 5286 1326 5364 ἀκροατὴν
1398 5285 1745 5367 ἐφειλκύσατο
1772 5336 1788 5362 ,
1861 5290 1946 5344 καὶ

319 5371 500 5440 ἓθελξεν
554 5376 748 5442 ἱκανῶς
779 5388 895 5440 τοῖς
950 5381 1058 5430 τῶν
1113 5375 1353 5454 χαρίτων
1401 5379 1720 5455 θηράτροις,
1761 5378 1836 5452 τῷ
1893 5375 1949 5433 δέ

324 5483 375 5538 γε
414 5478 570 5544 σαφεῖ
612 5464 706 5520 καί
761 5464 972 5538 ποτίμῳ
1026 5463 1122 5526 τὰς
1169 5460 1432 5527 ἰδιώτιδας
1474 5464 1638 5530 ἀκοὰς
1668 5465 1764 5532 τῆς
1822 5466 1950 5521 ἑαυ-

326 5560 405 5609 τοῦ
457 5554 635 5634 φωνῆς
667 5553 1028 5631 ἀνηρτήσατο’
1091 5551 1410 5632 ἀμφοτέροις
1439 5575 1496 5609 τε
1529 5555 1591 5634 αὖ
1645 5554 1953 5632 ὑπηγάγετο

331 5647 396 5716 τῷ
423 5627 660 5718 συντόμῳ
688 5627 785 5698 καί
815 5643 1039 5714 πιθανιῖιο
1183 5627 1194 5632 -
1300 5627 1309 5631 ⁷
1547 5627 1560 5640 ’

2021 4664 2085 4726 fit
2114 4661 2800 4740 concentus.Propterea
2818 4659 2944 4719 haec
2974 4657 3218 4739 quidem
3238 4664 3517 4724 amandat
3541 4673 3670 4727 tan-

2022 4771 2200 4830 quam
2227 4767 2690 4831 supervacanea,
2713 4767 3135 4829 nonnunquam
3171 4758 3367 4812 tamen
3389 4752 3476 4814 eis
3497 4762 3670 4818 utens

2025 4849 2082 4902 et
2111 4841 2171 4901 in
2206 4848 2495 4920 tempore.
2535 4837 2772 4901 Veritati
2815 4849 3012 4900 autem
3045 4839 3330 4915 adhaeret,
3367 4850 3427 4903 et
3460 4864 3489 4902 a
3522 4845 3669 4907 falso

2024 4929 2235 4992 alienae
2263 4928 2612 4990 narrationi.
2650 4927 2940 4989 Dictionis
2963 4937 3157 4988 autem
3188 4929 3411 4990 sciebat
3429 4933 3668 5011 quidem

2024 5020 2243 5079 multos
2268 5017 2652 5078 modoszusus
2675 5025 2767 5078 est
2788 5025 2985 5081 autem
3017 5017 3220 5098 eo,qui
3241 5018 3573 5081 sufficiebat
3595 5021 3668 5082 ad

2026 5107 2389 5170 auditionem
2408 5105 2584 5167 simul
2609 5113 2666 5166 et
2691 5105 3007 5180 bonorum,
3037 5115 3096 5167 et
3115 5108 3361 5185 vulgizet
3393 5116 3456 5169 ut
3484 5126 3670 5189 usque

2028 5195 2273 5258 auribus
2321 5194 2501 5255 simul
2533 5193 2856 5257 satisfecit:
2911 5213 3045 5255 nam
3091 5195 3372 5256 dictionis
3423 5198 3667 5275 quidem

2030 5303 2278 5347 numero
2311 5292 2369 5345 et
2397 5281 2844 5363 pulchritudine
2871 5283 3166 5344 eruditum
3201 5284 3285 5344 sic
3309 5286 3544 5346 attraxit
3570 5305 3672 5349 au-

2034 5375 2378 5446 ditorem,et
2400 5372 2542 5434 satis
2560 5371 2768 5434 delinit
2785 5374 3102 5451 gratiarum
3137 5371 3539 5436 illecebriszeo
3559 5393 3672 5437 au-

2035 5471 2154 5527 tem
2187 5464 2342 5544 quod
2377 5473 2534 5524 esset
2565 5461 2724 5523 clara
2753 5469 2811 5522 et
2841 5459 3185 5522 succulenta
3216 5467 3423 5540 oratio,
3450 5465 3668 5543 efl‘ecit,

2036 5562 2100 5616 ut
2149 5571 2322 5614 aures
2356 5552 2762 5633 imperitorum
2813 5549 2888 5610 ab
2939 5549 3070 5628 ejus
3122 5567 3264 5613 voce
3314 5555 3666 5633 penderent.

2037 5641 2265 5708 Ambos
2287 5660 2522 5704 rursum
2557 5637 2786 5702 induxit
2817 5636 3106 5699 brevitate
3137 5649 3192 5701 et
3223 5642 3669 5725 probabilitate.
