4080 6204
247 294 350 366 197

1401 291 1801 363 ENCOMIUM
1851 288 2462 362 METAPHRAST/E.

3497 294 3609 360 198

241 439 350 513 δρῦν
396 460 516 494 τινα
585 439 779 508 καθίζει
842 437 933 492 τὸν
995 434 1356 509 ἀσκητὴν,καὶ
1415 433 1683 511 σχεδιάζει
1733 433 1875 504 αύτῷ

1970 433 2192 513 quando
2216 435 2344 514 ejus
2365 432 2553 495 oratio
2577 431 2847 495 ascendit
2879 431 3122 513 quidem
3160 439 3411 506 montes,
3447 430 3608 495 subit

241 528 438 602 τροπὴν
499 530 593 595 τὴν
651 526 711 582 ἐκ
771 526 1034 602 βοτένῶν,
1099 526 1184 580 καὶ
1231 525 1380 599 πόμα
1423 526 1483 579 τὸ
1543 524 1602 580 ὲκ
1663 529 1874 601 πηγῶν,

245 617 558 694 Περιανθίζει
618 619 720 693 γὰρ
781 617 874 678 τὰς
935 615 1178 676 τοιαύτας
1226 613 1504 691 διηγήσεις
1550 611 1719 677 λέξεσί
1771 635 1876 668 τισι

242 708 294 761 τὸ
348 704 516 761 καλὸν
559 706 853 779 άνθούσαις,
894 705 982 760 καὶ
1027 703 1329 782 σχημάτων
1384 701 1650 758 ποικίλλει
1707 700 1875 779 ῥοδω-

244 807 400 868 νιαῖς,
472 794 563 850 καί
621 797 695 857 ὡς
771 797 1017 871 ὁρώμενα
1086 789 1310 850 δείκνυσι
1372 793 1434 847 τὰ
1517 790 1637 847 τότε
1695 798 1879 868 καιροῦ

241 884 600 961 πραττόμενα.
649 882 804 950 Ζηλῶ
849 883 945 958 μὲν
1003 883 1094 937 οὖν
1149 881 1374 958 ἐγώτὸν
1417 879 1576 949 ἄνδρι
1630 880 1722 936 καί
1783 880 1878 947 τῆς

241 973 487 1039 τοιαύτης
531 973 775 1047 εὖτομίας
827 973 914 1028 καὶ
957 970 1207 1050 χάριτος,
1263 968 1408 1026 οὐδέν
1465 991 1522 1026 τε
1564 971 1725 1036 ἧττον
1778 975 1876 1036 τῆς

239 1063 554 1141 εὖχρηστίας
617 1069 717 1117 τῶν
765 1060 1086 1120 ὅποθέσεων,
1139 1060 1193 1114 Εἰ
1251 1059 1351 1136 γὰρ
1381 1059 1541 1133 κάμοὶ
1574 1058 1749 1116 πολλὰ
1793 1062 1880 1116 καὶ

241 1152 358 1226 περί
418 1149 637 1206 πολλῶν
691 1148 1074 1228 συγγράυεται,
1118 1146 1238 1202 ἀλλ’
1271 1146 1363 1203 οὒκ
1397 1146 1458 1203 ἂν
1491 1147 1611 1226 ἔχοι
1643 1156 1876 1205 τοιοῦτον

240 1237 393 1308 ζῆλον
456 1238 550 1293 ita?
609 1240 832 1312 μίμησιν
888 1237 954 1292 τὰ
1012 1233 1443 1309 σπουδάσματαο
1495 1236 1630 1293 ἀλλὰ
1677 1237 1876 1316 λογίοις

242 1328 332 1400 μὲν
364 1327 505 1390 ἴσως
537 1326 750 1404 ἀνδράσι
790 1325 1080 1406 φανήσεται
1125 1324 1571 1406 περισπούδαστα,
1634 1328 1718 1382 καὶ
1775 1334 1878 1398 ζη-

242 1415 469 1472 λώσουσι
513 1425 676 1474 ταῦτα
708 1414 792 1472 διὰ
833 1416 932 1482 τὴν
987 1412 1147 1486 λέξιν,
1210 1415 1296 1470 καὶ
1329 1417 1418 1471 τὸν
1451 1415 1691 1474 ποικίλον
1725 1439 1875 1494 σχη-

243 1506 506 1579 ματισμόν
543 1521 557 1535 ·
594 1505 1050 1585 καταφρονήσουσι
1082 1502 1134 1558 δὲ
1167 1504 1213 1559 οἱ
1265 1502 1483 1580 πολλοὶ,
1531 1504 1610 1560 ὅτι
1657 1509 1733 1580 μη
1779 1506 1882 1582 μὲ-

241 1595 326 1650 λον
359 1595 424 1650 αὖ
437 1608 547 1660 τοῖς
572 1597 899 1671 ζητημάτων
933 1594 1019 1649 καὶ
1049 1593 1264 1648 ivvatth
1296 1593 1757 1672 άποῤῥητοτέρων.

315 1864 457 1920 Φασί
486 1862 549 1942 γέ
575 1885 656 1921 τοι
705 1862 840 1939 μηδὲ
901 1865 962 1922 ἐκ
1011 1868 1272 1944 παρέργου
1331 1871 1513 1920 τοῦτον
1574 1862 1733 1940 ἧφθαι
1791 1871 1880 1919 τοῦ

246 1954 581 2032 πράγματος,
619 1951 755 2026 μηδὲ
786 1948 962 2014 αὐτὸν
991 1955 1335 2034 προθέμενον,
1368 1954 1412 2010 εἰ
1461 1954 1539 2029 μὴ
1584 1952 1706 2008 ὅσον
1758 1953 1884 2028 βού·

247 2039 417 2096 λεσθαι
452 2057 467 2072 ⁸
518 2040 776 2118 βασίλειοι
844 2041 894 2098 δὲ
942 2052 1128 2100 τοῦτον
1173 2043 1538 2120 παρακλήσεις
1590 2040 1675 2097 ἰπὶ
1730 2051 1885 2100 τοῦτο

246 2133 606 2210 προ-ἤνεγκαν,
653 2133 739 2187 καὶ
783 2136 868 2196 οἷς
914 2132 1242 2210 ἐφροντίζετο
1298 2130 1454 2208 λόγος
1513 2133 1608 2188 καί
1652 2132 1880 2192 σύνεσις.

251 2219 348 2274 Καῖ
392 2221 462 2287 ἦν
512 2220 652 2294 αύτῷ
695 2222 729 2288 ἡ
773 2222 1084 2298 παρασκευὴ
1113 2221 1164 2286 ἐξ
1197 2221 1432 2296 ἑτοίμου,
1485 2219 1680 2285 κύκλος
1724 2240 1780 2276 τε
1825 2221 1884 2275 οὔ

244 2307 466 2387 βραχὺς,
515 2315 620 2364 τῶν
666 2331 720 2364 τε
767 2311 988 2386 πρώτως
1050 2309 1520 2385 ὶιοσημαινομένων
1575 2312 1676 2376 τὴν
1719 2308 1880 2382 λέξιν,

244 2399 321 2452 καὶ
376 2402 486 2453 τῶν
546 2401 682 2472 μετὰ
727 2407 889 2456 ταῦτα
935 2399 1205 2473 τιθέντων,
1251 2399 1347 2454 καί
1392 2396 1552 2462 ἄλλος
1598 2397 1682 2454 ἐπ’
1713 2397 1883 2477 ἄλλῳ,

249 2486 272 2540 ὃ
311 2486 407 2559 μὲν
437 2488 506 2543 τὰ
542 2493 720 2565 πρῶτα
753 2489 947 2566 ποιῶν,
981 2491 1009 2543 ὁ
1039 2487 1091 2543 δὲ
1123 2489 1187 2543 τὰ
1215 2487 1449 2563 δεύτερι.
1505 2486 1610 2544 Καί
1643 2487 1726 2544 ἐπὶ
1755 2488 1883 2544 τού-

247 2595 371 2650 τοις,
425 2577 478 2631 οἱ
534 2577 601 2632 τὰ
653 2576 1096 2655 συγγεγραμμένα
1154 2574 1607 2654 ἓξακριϐούμενοι,
1640 2574 1717 2631 ἵν’
1748 2574 1776 2630 ὅ
1833 2598 1883 2631 τι

250 2666 358 2730 τοὺς
412 2666 752 2744 ὑπογραφέας
784 2665 955 2737 λάθοι,
991 2667 1124 2744 πρὸς
1170 2666 1267 2734 τὴν
1319 2665 1678 2739 ὑποκειμένην
1736 2663 1883 2744 διορ-

247 2755 516 2810 θώσωνται
573 2755 798 2818 ἔννοιαν,
849 2759 921 2814 Ού
978 2757 1078 2833 γὰρ
1122 2755 1246 2822 ἐνῆν
1299 2757 1448 2829 ,αὒτῴ
1477 2754 1560 2811 διὰ
1587 2756 1648 2811 τὸ
1680 2753 1882 2820 πλῆθος

249 2847 346 2896 τῶν
396 2846 834 2922 συγγραμμάτων
892 2843 1152 2908 πολλάκις
1197 2843 1263 2901 τά
1307 2846 1436 2903 αὐτὰ
1484 2843 1801 2901 ἀνακυκλεῖν
1831 2865 1884 2899 τε

249 2931 326 2988 καί
355 2932 574 3012 ἐφορᾷς»,
635 2933 784 2990 Ἀλλ’
839 2936 882 2990 εί
934 2938 1031 2990 καὶ
1065 2933 1230 2999 πολὺς
1263 2936 1290 2990 ὃ
1321 2933 1508 3007 ζῆλος,
1542 2936 1627 2989 καὶ
1657 2935 1691 3001 ἡ
1722 2955 1880 3013 φρον-

251 3023 320 3084 τὶς
375 3027 722 3101 περιττοτέρα
782 3034 876 3083 τοῦ
903 3022 1137 3097 δέοντος,
1172 3024 1208 3092 ἢ
1239 3023 1444 3098 μᾶλλον
1473 3025 1606 3103 πρὸς
1639 3032 1792 3080 τοῦτο
1822 3022 1886 3089 δὴ

251 3109 570 3191 ἀξιόχρεως,
617 3111 735 3168 ἀλλ’
770 3111 799 3168 ὅ
833 3135 892 3191 γε
952 3114 1152 3193 στάχυς
1203 3112 1496 3182 ἐνενικήκει
1547 3121 1734 3192 μακρῷ
1788 3114 1887 3180 τὴν

253 3203 442 3275 σποράν
478 3220 494 3236 ο
539 3203 626 3258 καὶ
655 3204 715 3257 τὸ
747 3201 907 3272 λήϊον
950 3203 1071 3260 οἷον
1101 3201 1308 3260 ούδέπω
1339 3207 1430 3259 καί
1464 3204 1719 3280 τήμερον,
1755 3203 1888 3259 ’Ὡσ-

251 3310 303 3344 τε
345 3292 387 3346 εἷ
449 3291 538 3346 καὶ
579 3291 747 3366 μηδὲν
807 3291 937 3349 ἄλλο
995 3293 1072 3367 τῷ
1115 3291 1257 3370 ἀνδρὶ
1315 3290 1712 3367 διεσπούδαστο,
1760 3291 1889 3368 μηδ’

253 3379 572 3460 ἀποχρῶντα
627 3384 691 3439 τὰ
734 3380 872 3440 ἄλλα
923 3383 1228 3462 σύμπαντα,
1263 3385 1350 3438 καὶ
1401 3382 1724 3439 καθὲκαστον
1757 3385 1886 3462 πρὸς

254 3468 489 3548 ἀφορμὴν
547 3470 808 3549 εὒφημίας
869 3471 1082 3550 άρκούν,
1117 3471 1255 3527 ἀλλὰ
1304 3473 1366 3529 τό
1397 3493 1456 3550 γε
1487 3475 1724 3530 tcto-510v
1765 3472 1886 3528 Dis:-

257 3561 361 3614 σθαι
419 3559 782 3641 σπούδασμα,
841 3563 926 3618 καὶ
983 3561 1148 3626 οὕτως
1220 3560 1647 3638 καταπράξασθαί
1696 3585 1753 3619 τε
1800 3566 1887 3619 καὶ

255 3646 637 3718 ἁκριϐώσασθαι
674 3696 691 3720 ,
777 3649 1031 3730 αὔταρκες
1090 3650 1202 3707 ἀντὶ
1284 3654 1478 3714 παντὸς
1534 3650 1697 3708 ἄλλου
1755 3654 1884 3731 πρὸς

257 3734 512 3813 ἐγκώμιον
539 3745 617 3812 τῷ
651 3736 816 3816 ἀνδρί,

329 3823 472 3905 Ἐγὼ
502 3832 628 3904 γοῦν
659 3828 789 3904 πρὸς
838 3826 937 3901 μὲν
980 3828 1045 3883 τὰ
1096 3832 1202 3883 τῶν
1257 3829 1478 3907 θυραίων
1531 3836 1708 3908 σοφῶν
1751 3852 1884 3908 συγ-

257 3914 536 3990 γράμματα
592 3913 697 3972 οὔδ’
752 3914 882 3981 άξιῶ
924 3929 1203 3996 συγκρῖναι
1248 3918 1313 3972 τὰ
1363 3917 1742 3993 σπουδάσματα
1796 3929 1888 3979 τοῦ

258 4000 452 4082 ἀνδρός.
517 4004 576 4061 Τί
635 4005 734 4084 γὰρ
779 4005 822 4060 εἱ
875 4006 922 4061 οἱ
983 4006 1080 4080 μὲν
1136 4007 1339 4064 τούτων
1392 4009 1458 4066 τὰ
1507 4011 1886 4075 Πιναθηναϊκὰ

257 4096 541 4166 συνέθεντο,
603 4096 649 4150 οἱ
705 4091 760 4149 δὲ
816 4095 913 4161 τὴν
956 4101 1062 4151 τῶν
1110 4093 1521 4163 Πελοπονησίων
1574 4099 1660 4154 καὶ
1719 4099 1884 4164 Ἀθη·

260 4181 403 4236 ναίον
431 4181 624 4262 μάχην
654 4185 788 4258 μετὰ
829 4186 928 4251 τῆς
961 4182 1187 4264 σοϐαρᾶς
1217 4184 1406 4252 λέξεως
1441 4188 1835 4266 συνεγράψαντο
1865 4205 1879 4220 ⁸

1961 532 2156 585 autem
2184 523 2503 604 speluncas
2529 543 2544 582 :
2577 521 2686 584 sub
2719 521 2860 601 pinu
2889 529 3223 586 autem.aut
3245 539 3468 600 quercu
3490 521 3605 583 ali-

1961 631 2077 688 qua
2108 613 2358 673 collocat
2387 611 2838 673 exercitatorem
2870 631 2884 671 :
2922 617 2980 674 et
3012 611 3129 673 vile
3159 609 3514 673 alimentum
3546 629 3608 676 et

1961 701 2330 763 illaboratam
2357 701 2410 763 ei
2443 701 2616 763 otl‘ert
2647 719 2716 762 ex
2752 699 2976 774 herbis,
3002 710 3059 762 et
3095 708 3292 780 potum
3319 717 3387 762 ex
3419 701 3608 762 fonti-

1965 790 2412 870 bus.Ejusmodi
2436 797 2805 854 narrationes
2823 797 2993 850 ornat
3011 789 3366 866 quibusdam
3385 791 3608 854 ﬂoren-

1965 880 2122 942 tibus
2143 881 2390 960 pulchre
2408 880 2859 958 dictionibus,et
2879 879 3056 939 variis
3073 879 3226 940 rosis
3251 880 3602 958 ﬁgurarum,

1964 977 2022 1030 et
2053 988 2143 1050 ea,
2178 989 2312 1046 quas
2339 979 2482 1032 tunc
2513 968 2938 1048 ﬁebant,quasi
2969 967 3217 1047 subjicit
3248 969 3459 1033 oculis.
3495 971 3605 1032 Vi-

1965 1078 2094 1120 rum
2113 1079 2219 1138 ego
2241 1059 2416 1120 laudo
2439 1059 2677 1139 quidem
2696 1066 2940 1139 propter
2953 1059 3002 1137 ej
3018 1058 3248 1119 usmodi
3268 1059 3608 1123 facundiam

1963 1157 2022 1210 et
2044 1151 2315 1226 gratiam:
2342 1168 2460 1210 non
2487 1148 2684 1208 minus
2707 1145 3098 1226 autem,quod
3123 1148 3372 1226 pulchre
3397 1158 3610 1212 tracta-

1962 1240 2410 1317 vitargumenta
2442 1259 2457 1314 ;
2511 1257 2643 1297 nam
2696 1237 2804 1297 etsi
2857 1255 2891 1296 a
2923 1255 3018 1297 me
3050 1236 3236 1299 multa
3263 1256 3503 1318 quoque
3533 1239 3610 1302 de

1965 1328 2166 1388 multis
2197 1327 2696 1400 scribuntur,nou
2729 1324 2951 1387 habent
2983 1343 3186 1387 eorum
3220 1346 3401 1407 opera
3431 1329 3609 1392 talem

1964 1417 2156 1477 zelum
2189 1425 2246 1476 et
2268 1417 2660 1478 imitationem
2701 1437 2714 1476 :
2763 1415 2865 1476 sed
2901 1415 3043 1475 viris
3079 1416 3324 1491 quidem
3358 1418 3612 1482 fortasse

1964 1505 2158 1568 doctis
2188 1506 2541 1568 videbuntur
2571 1504 2840 1584 digna,in
2868 1523 3006 1584 quae
3035 1505 3294 1566 studium
3329 1506 3612 1569 confera-

1968 1604 2151 1667 tur,et
2175 1615 2243 1658 ea
2265 1596 2704 1658 aemulabuntur
2736 1603 2980 1675 propter
3004 1594 3391 1669 dictiones,et
3418 1598 3611 1660 varias

1968 1685 2186 1765 ﬁguras
2221 1709 2234 1745 :
2269 1687 2465 1748 vultus
2515 1695 2710 1746 autem
2745 1692 3114 1759 contemnet,
3150 1685 3308 1764 quod
3339 1704 3456 1749 non
3488 1687 3613 1752 sint

1908 1811 1944 1858 Β
1967 1777 2023 1837 ei
2055 1794 2213 1838 cura;
2239 1775 2688 1856 quaestiones,ct
2717 1774 3031 1835 sententia:
3067 1773 3246 1836 nimis
3268 1792 3522 1840 arcanae.

2046 1866 2232 1928 Porro
2264 1872 2458 1927 autem
2493 1864 2699 1925 dicunt
2745 1882 2878 1926 eum
2916 1881 3034 1924 non
3067 1863 3278 1926 leviter
3306 1875 3607 1945 agentem,

1967 1954 2122 2016 hanc
2155 1972 2280 2016 rem
2312 1973 2446 2016 esse
2505 1971 2878 2034 aggressum,
2950 1971 3146 2034 neque
3173 1953 3368 2034 ipsum
3401 1954 3463 2016 id
3494 1954 3614 2018 sibi

1967 2048 2442 2124 proposuisse,ut
2474 2043 2695 2106 faceret
2727 2051 3012 2124 quantum
3044 2043 3242 2118 vellet;
3278 2043 3381 2105 sed
3413 2044 3610 2125 impe-

1968 2137 2182 2194 ratoris
2211 2135 2281 2195 ad
2295 2133 2657 2196 hortationes
2688 2151 2822 2195 eum
2854 2131 2926 2194 ad
2976 2134 3087 2194 hoc
3116 2132 3516 2210 adduxerunt,
3549 2141 3615 2198 et

1966 2221 2004 2282 ii
2040 2222 2256 2302 quibus
2287 2241 2444 2284 curae
2495 2231 2622 2284 erat
2681 2222 2955 2284 doctrina
2988 2231 3046 2283 et
3080 2221 3476 2299 intelligentia
3505 2243 3521 2297 ;
3553 2231 3615 2285 et

1972 2320 2278 2392 promptus
2311 2315 2365 2373 ei
2422 2312 2533 2373 fuit
2591 2320 2934 2392 apparatus,
2969 2320 3026 2371 et
3059 2330 3175 2373 non
3209 2330 3422 2392 parvus
3453 2310 3618 2375 orbis

1968 2419 2200 2474 eorum,
2235 2402 2334 2481 qui
2370 2401 2558 2481 primo
2593 2401 2919 2462 dictionem
2957 2401 3112 2461 notis
3142 2400 3617 2480 excipiebant,et

1969 2509 2178 2551 eorum
2207 2491 2306 2570 qui
2368 2499 2574 2569 postea
2613 2489 3098 2552 transcrihebant
3132 2510 3146 2552 :
3203 2500 3265 2552 et
3295 2489 3450 2551 alius
3481 2498 3615 2570 post

1968 2579 2147 2640 alium
2181 2579 2422 2660 quidem
2483 2578 2671 2658 prima
2722 2578 2995 2640 faciebat.
3034 2576 3140 2640 llic
3177 2596 3312 2640 vero
3345 2578 3614 2639 secundo

1969 2668 2294 2742 scribebat,
2331 2676 2388 2730 et
2422 2677 2552 2748 post
2610 2667 2736 2742 alii,
2773 2667 2896 2748 qui,
2937 2685 3069 2748 quae
3126 2667 3348 2747 scripta
3379 2667 3616 2730 fuerant

1971 2758 2219 2839 pulchre
2252 2756 2754 2837 intelligebant,ul
2787 2757 2947 2838 quod
2979 2757 3303 2838 scriptores
3334 2757 3612 2832 latuerat,

1972 2853 2041 2910 ad
2066 2856 2428 2924 propOsitam
2448 2854 2810 2923 corrigercnt
2834 2851 3201 2908 sententiam:
3222 2865 3355 2907 nam
3382 2861 3616 2922 propter

1971 2938 2331 3016 scriptorum
2355 2935 2796 2998 multitudinem
2817 2955 2933 2997 non
2949 2933 3404 3015 licebateiszepe
3419 2934 3613 2996 eidem

1970 3026 2368 3104 revolvere,et
2398 3026 2646 3088 intueri.
2671 3025 2789 3087 Sed
2821 3027 2931 3087 etsi
2958 3025 3141 3087 fuerit
3173 3025 3395 3087 multus
3418 3023 3614 3098 labor,

1971 3126 2030 3177 et
2049 3116 2239 3194 major
2263 3135 2435 3197 quam
2464 3134 2570 3196 par
2592 3125 2749 3178 esset
2770 3113 3258 3192 sollicitudo,imo
3281 3131 3419 3175 vero
3441 3111 3621 3191 digna

1973 3224 2104 3286 quae
2136 3207 2192 3266 in
2228 3208 2340 3267 hoc
2367 3204 2765 3268 adhiberetur
2794 3223 2808 3265 :
2845 3212 3177 3266 sementem
3212 3211 3412 3264 tamen
3444 3203 3620 3281 longe

1973 3294 2112 3356 vicit
2143 3297 2328 3376 spica,
2366 3303 2424 3357 et
2455 3313 2628 3374 seges
2660 3293 2856 3374 qualis
2886 3292 3154 3355 nondum
3188 3290 3296 3352 fuit
3334 3309 3525 3373 usque
3551 3290 3618 3352 in

1972 3383 2327 3446 hodiernum
2363 3383 2844 3457 diem.Quocirca
2869 3382 3101 3446 etiamsi
3121 3380 3267 3443 nihil
3299 3381 3459 3441 aliud
3490 3381 3611 3443 viro

1970 3473 2059 3534 illi
2087 3474 2300 3536 fuisset
2329 3474 2723 3547 elaboratum,
2749 3481 2806 3534 et
2832 3491 2951 3534 non
2982 3472 3098 3532 alia
3127 3469 3490 3550 omnia,quze
3520 3470 3613 3532 vel

1970 3564 2202 3642 singula
2231 3563 2528 3626 subiciunt
2560 3563 2633 3625 ad
2663 3562 2905 3624 laudem
2939 3559 3310 3640 merendam,
3339 3577 3488 3640 opus
3519 3567 3612 3620 ta-

1974 3672 2109 3715 men
2144 3652 2258 3714 tale
2279 3653 2712 3733 suscepisse,et
2731 3651 2790 3713 id
2817 3662 2931 3713 tam
2959 3649 3242 3730 praeclare
3265 3657 3609 3711 exsecutum

1972 3761 2128 3817 esse,
2163 3744 2288 3804 viro
2324 3761 2430 3823 pro
2462 3741 2672 3822 quovis
2703 3741 2774 3803 ad
2810 3740 3043 3802 laudem
3076 3738 3398 3801 suffecerit.

2049 3832 2243 3912 Atque
2266 3851 2373 3908 ego
2397 3830 2639 3912 quidem
2660 3831 2797 3894 nolo
2819 3829 3096 3891 conferre
3120 3828 3249 3906 ejus
3271 3844 3453 3907 opera
3475 3845 3612 3889 cum

1968 3921 2206 4001 scriptis
2229 3929 2608 3983 externorum
2636 3915 3156 4000 sapientum.Quid
3181 3915 3341 3977 enim
3364 3915 3412 3976 si
3427 3934 3496 3976 ex
3518 3915 3614 3977 his

1968 4011 2065 4074 alii
2090 4011 2330 4091 quidem
2351 4030 2478 4072 rom
2491 4017 2815 4090 posuerunt
2831 4004 3396 4078 Panathenaica,alii
3413 4012 3613 4066 autem

1972 4101 2238 4182 praelium
2255 4099 2825 4181 Peloponnesiorum
2843 4106 2898 4160 et
2912 4095 3370 4159 Atheniensium
3391 4093 3616 4173 magni-

1973 4191 2081 4251 fica
2105 4189 2368 4250 dictione
2396 4197 2908 4269 composuerunt:
2940 4186 3108 4249 etalii
3130 4184 3374 4264 quidem
3408 4193 3617 4246 contra

260 4271 342 4325 καὶ
390 4273 438 4328 οἳ
495 4272 592 4346 μὲν
649 4274 785 4329 κατᾶ
821 4279 927 4329 τῶν
958 4274 1223 4351 ῥητόρων,
1272 4279 1318 4332 οἱ
1343 4274 1394 4333 δὲ
1427 4277 1556 4356 ὑπὲρ
1587 4284 1691 4333 τῶν
1721 4277 1881 4355 ῥητό-

1972 4281 2243 4340 rhetores
2267 4280 2646 4341 decertarunt
2681 4287 2736 4339 et
2759 4278 2854 4339 alii
2882 4296 2986 4358 pro
3019 4273 3450 4348 rhetoribus,in
3481 4277 3616 4354 qui-

263 4379 356 4436 ρων
381 4359 839 4438 ἀντηγωνίσαντο,
871 4362 924 4419 ἐν
983 4363 1072 4426 οἷς
1130 4366 1189 4421 τὸ
1249 4367 1346 4442 μὲν
1397 4367 1641 4444 περιττὸν
1672 4364 1881 4433 εὔδηλον

1975 4371 2087 4431 bus
2118 4377 2210 4430 est
2237 4368 2480 4450 quidem
2508 4367 2759 4446 insignis
2804 4376 2860 4429 et
2893 4365 3244 4428 manifestus
3272 4363 3618 4426 redundans

263 4449 342 4503 καὶ
368 4447 678 4528 διαπρεπὲς,
737 4453 798 4508 τὸ
854 4451 900 4507 δ’
956 4452 1192 4532 ὠφελοῦν
1221 4456 1397 4536 βραχύ
1425 4478 1475 4512 τι
1507 4458 1592 4512 καὶ
1624 4455 1836 4519 ἀσθενές
1871 4477 1881 4529 ς

1974 4447 2290 4521 verborum
2319 4466 2586 4533 ornatus,
2625 4467 2716 4520 est
2767 4464 2962 4518 autem
2998 4455 3193 4518 brevis
3227 4463 3286 4514 et
3315 4450 3620 4513 imbecilla

268 4537 330 4592 03
375 4541 505 4618 πρὸς
564 4541 778 4605 τούτους
849 4540 936 4598 οὖν
996 4541 1102 4620 ἐγὼ
1155 4545 1244 4600 τὸν
1300 4545 1428 4621 ἐμὸν
1488 4545 1881 4623 ἀνταγωνιστὴν

1973 4548 2214 4609 utilitas.
2243 4546 2386 4612 Cum
2411 4547 2503 4609 his
2533 4565 2673 4625 ergo
2711 4545 2932 4608 nollem
2965 4563 3072 4624 ego
3106 4561 3305 4604 meum
3340 4542 3619 4606 conferre

265 4623 471 4714 goian
502 4628 622 4685 ποτ’
653 4629 714 4685 ἂν
745 4627 1101 4709 παραϐαλεῖν.
1151 4632 1300 4690 Ἀλλ’
1359 4632 1414 4689 εἴ
1442 4635 1534 4710 μοί
1563 4641 1640 4698 τίς
1669 4632 1805 4706 δοίη,
1837 4635 1881 4690 ἐι

1973 4636 2254 4700 athletam
2295 4659 2310 4712 ;
2343 4637 2446 4698 sed
2483 4636 2534 4698 si
2566 4623 2700 4714 quis
2734 4636 2875 4697 mihi
2907 4623 3021 4696 hoc
3049 4633 3306 4706 dederit,
3341 4650 3449 4710 ego
3480 4648 3616 4693 eum

270 4712 363 4788 ἴσῳ
417 4717 479 4773 ἂν
523 4726 702 4776 τοῦτον
751 4723 897 4786 θείην
950 4733 1067 4784 τοῖς
1117 4724 1234 4800 περὶ
1291 4724 1381 4778 τὸν
1424 4731 1516 4779 τοῦ
1571 4726 1881 4802 Εὖαγγελίοο.

1976 4727 2404 4808 exaequaverim
2440 4726 2536 4798 iis,
2571 4712 2672 4806 qui
2709 4729 2764 4785 in
2801 4722 3118 4804 Evangelio
3157 4721 3528 4810 laborarunt,
3560 4728 3622 4782 et

271 4801 412 4883 λόγον
469 4809 760 4882 πονήσασι,
814 4810 902 4864 καὶ
962 4811 1023 4864 τὸ
1069 4818 1162 4867 τοῦ
1192 4811 1353 4888 λόγου
1383 4814 1539 4888 βάθος
1567 4811 1881 4887 ἒξερμηνεύ-

1978 4801 2341 4896 profundum
2376 4814 2542 4876 verbi
2574 4801 2712 4875 sunt
2742 4801 3139 4893 interpretati.
3166 4809 3427 4882 Quorum
3461 4801 3620 4871 enim

273 4912 405 4949 σασιν
439 4917 450 4928 ·
514 4896 586 4952 ὧν
631 4897 730 4974 γὰρ
789 4895 882 4952 ἴσα
947 4899 1010 4953 τὰ
1067 4898 1221 4978 τέλη,
1267 4901 1468 4956 τούτων
1512 4903 1598 4956 καὶ
1650 4903 1699 4955 αἱ
1731 4901 1881 4980 άρχαῖ

1979 4895 2117 4967 sunt
2151 4905 2298 4966 ﬁnes
2343 4904 2622 4983 aequales,
2678 4921 2886 4964 eorum
2942 4911 3080 4962 sunt
3113 4901 3290 4962 etiam
3326 4897 3624 4981 principia

277 4983 618 5059 παραπλήσιοι
653 5002 667 5016 ⁸
705 4986 790 5041 καὶ
820 4988 895 5040 ὧν
926 4987 960 5053 ἡ
993 4990 1231 5064 σωτηρία
1289 4990 1478 5068 ψυχῶν
1514 4986 1639 5068 παρ’
1690 4989 1881 5070 ἆμφοῖπ.

1978 4995 2194 5055 similia
2225 5011 2238 5054 :
2273 5002 2328 5054 et
2360 4994 2405 5054 si
2437 4993 2595 5054 salus
2625 4991 2958 5052 animarum
3008 4991 3164 5071 apud
3218 4999 3502 5070 utrosque
3533 4993 3624 5047 est.

280 5072 330 5125 τὸ
373 5075 520 5137 τέλος
576 5081 682 5130 τῶν
724 5075 1044 5155 ὑποθέσεων,
1108 5084 1222 5142 πῶς
1269 5080 1390 5159 ούχὶ
1448 5080 1534 5136 καὶ
1566 5079 1630 5134 τὰ
1660 5077 1810 5135 αἴτιά
1842 5079 1881 5134 ἐι

1981 5083 2113 5144 linis
2139 5092 2650 5161 argumentorum,
2687 5080 2894 5161 quidni
2948 5081 3122 5142 etiam
3179 5077 3398 5139 fuerint
3428 5089 3622 5137 cauete

274 5155 364 5233 ἴσῳ
417 5164 802 5225 καθεστήκασιν
859 5164 1144 5242 ἀλλήλοις,
1206 5168 1292 5223 καὶ
1335 5155 1398 5225 οἱ
1455 5181 1779 5248 συγγραφεῖς
1811 5168 1881 5225 ἐπ

1978 5170 2136 5234 inter
2165 5155 2235 5233 se
2251 5181 2513 5252 pares,et
2534 5155 2806 5232 steterint
2830 5170 3158 5251 scriptores
3179 5168 3238 5229 in
3265 5169 3472 5228 eadem
3497 5173 3623 5225 tru-

277 5253 357 5314 τῆς
408 5253 568 5320 σῦτῆς
615 5266 799 5311 σταῖεν
833 5255 1069 5330 στάθμης
1104 5275 1120 5333 ς
1155 5255 1190 5324 ἢ
1222 5256 1315 5312 ἵνα
1345 5259 1404 5314 τὸ
1433 5258 1691 5336 ἡμέτερον
1722 5257 1881 5339 εἴπω,

1978 5261 2122 5336 tina,
2158 5273 2283 5342 aut,
2348 5268 2408 5321 ut
2462 5261 2680 5334 dicam,
2737 5261 2894 5340 quod
2949 5269 3218 5320 nostrum
3251 5269 3366 5327 est,
3402 5252 3623 5316 fuerint

280 5340 435 5392 uin"
602 5342 668 5398 -λ
879 5344 911 5398 -/
1199 5353 1201 5356 ‘
1306 5345 1409 5379 οη
1489 5351 1502 5372 ’
1605 5345 1627 5364 ’⁸
1759 5370 1776 5379 ·

417 5365 544 5397 ισων
606 5367 635 5398 4
673 5365 876 5420 ηρονομ
904 5367 1091 5414 ,σουσυ
1129 5349 1321 5406 Ποσοι,
1355 5365 1411 5401 οε.
1453 5368 1548 5404 ουκ
1598 5369 1660 5401 αν
1692 5369 1881 5428 orem:-

1980 5360 2149 5413 etiam
2177 5368 2243 5410 ex
2267 5340 2434 5425 sequo
2461 5355 2714 5412 hzeredes
2735 5351 2763 5409 ?
2785 5354 2966 5422 Quam
2992 5351 3188 5408 multis
3237 5358 3436 5428 autem
3455 5346 3622 5428 fortis

281 5431 445 5498 νωθείη
488 5431 752 5509 ἀριστείας
806 5435 1082 5513 στεφάνοις
1115 5438 1140 5490 ὁ
1172 5437 1469 5510 θαυμαστὸς
1529 5438 1679 5498 οὗτος
1707 5426 1840 5516 ἁνήρ
1876 5457 1881 5514 ς

1979 5436 2088 5497 viri
2109 5436 2346 5498 coronis
2371 5453 2486 5496 non
2511 5435 2691 5495 fuerit
2715 5431 3096 5495 coronandus
3120 5429 3216 5490 hic
3242 5427 3351 5491 Vir
3370 5426 3626 5489 admira-

282 5515 460 5587 μᾶλλον
489 5519 542 5577 δὲ
596 5522 784 5586 πόσοις
846 5525 938 5579 οὐκ
971 5523 1033 5579 ἂν
1062 5522 1165 5592 ἤδη
1195 5525 1548 5582 κατέστεπται
1582 5515 1881 5604 ἀναδραμὼη

1981 5525 2147 5589 bilis?
2168 5527 2290 5588 imo
2317 5542 2460 5588 vero
2483 5523 2703 5606 quibus
2732 5541 2850 5584 non
2873 5530 2961 5582 est
2978 5520 3098 5599 jam
3126 5527 3468 5593 coronatus,
3487 5536 3622 5580 cum

281 5608 394 5685 πρὸς
447 5611 596 5685 Θεὸν,
651 5611 738 5667 καὶ
799 5610 923 5692 παρ’
970 5613 1184 5675 ἐκείνοις
1245 5615 1507 5695 χορεύων,
1557 5615 1631 5672 ὧν
1681 5619 1881 5674 ἐνταῦθε

1982 5617 2051 5680 ad
2088 5616 2270 5679 Deum
2333 5613 2696 5689 ascenderit,
2730 5621 2786 5674 et
2820 5609 2972 5694 apud
3009 5609 3140 5670 i!los
3173 5608 3346 5682 ducat
3380 5609 3618 5688 choros,
