  <div class='ocr_page' id='page_1' title='image "/cluster/home/n/w/nwhite01/storage/ocr_20150623/114/hvd.32044073502254/105.png"; bbox 0 0 4128 6198; ppageno 0'>
   <div class='ocr_carea' id='block_1_1' title="bbox 392 321 509 389">
    <p class='ocr_par' dir='ltr' id='par_1_1' title="bbox 392 321 509 389">
     <span class='ocr_line' id='line_1_1' title="bbox 392 321 509 389; baseline 0 -1"><span class='ocrx_word' id='word_1_1' title='bbox 392 321 509 389; x_wconf 82' lang='grc'><strong>199</strong></span> 
     </span>
    </p>
   </div>
   <div class='ocr_carea' id='block_1_2' title="bbox 1926 314 2216 385">
    <p class='ocr_par' dir='ltr' id='par_1_2' title="bbox 1926 314 2216 385">
     <span class='ocr_line' id='line_1_2' title="bbox 1926 314 2216 385; baseline 0.01 -3"><span class='ocrx_word' id='word_1_2' title='bbox 1926 314 2216 385; x_wconf 86' lang='lat' dir='ltr'><strong>PSELLI.</strong></span> 
     </span>
    </p>
   </div>
   <div class='ocr_carea' id='block_1_3' title="bbox 3636 316 3758 390">
    <p class='ocr_par' dir='ltr' id='par_1_3' title="bbox 3636 316 3758 390">
     <span class='ocr_line' id='line_1_3' title="bbox 3636 316 3758 390; baseline 0.016 -2"><span class='ocrx_word' id='word_1_3' title='bbox 3636 316 3758 390; x_wconf 78' lang='lat'><strong>200</strong></span> 
     </span>
    </p>
   </div>
   <div class='ocr_carea' id='block_1_4' title="bbox 389 446 2022 542">
    <p class='ocr_par' dir='ltr' id='par_1_4' title="bbox 389 446 2021 533">
     <span class='ocr_line' id='line_1_4' title="bbox 389 446 2021 533; baseline -0.001 -15"><span class='ocrx_word' id='word_1_4' title='bbox 389 470 646 533; x_wconf 86' lang='lat' dir='ltr'><strong>quorum</strong></span> <span class='ocrx_word' id='word_1_5' title='bbox 682 467 883 518; x_wconf 85' lang='lat' dir='ltr'><strong>mores</strong></span> <span class='ocrx_word' id='word_1_6' title='bbox 912 473 978 519; x_wconf 71' lang='lat' dir='ltr'><strong>ac</strong></span> <span class='ocrx_word' id='word_1_7' title='bbox 1008 446 1183 517; x_wconf 88' lang='lat' dir='ltr'><strong>vitam</strong></span> <span class='ocrx_word' id='word_1_8' title='bbox 1213 451 1617 532; x_wconf 79' lang='lat' dir='ltr'><strong>conscripsit?</strong></span> <span class='ocrx_word' id='word_1_9' title='bbox 1645 452 1795 516; x_wconf 84' lang='lat' dir='ltr'><strong>Nam</strong></span> <span class='ocrx_word' id='word_1_10' title='bbox 1839 453 1931 517; x_wconf 86' lang='lat' dir='ltr'><strong>vel</strong></span> <span class='ocrx_word' id='word_1_11' title='bbox 1957 454 2021 516; x_wconf 85' lang='lat' dir='ltr'><strong>in</strong></span> 
     </span>
    </p>
   </div>
   <div class='ocr_carea' id='block_1_5' title="bbox 2111 446 3754 542">
    <p class='ocr_par' dir='ltr' id='par_1_5' title="bbox 2111 456 3754 542">
     <span class='ocr_line' id='line_1_5' title="bbox 2111 456 3754 542; baseline 0.002 -28"><span class='ocrx_word' id='word_1_12' title='bbox 2111 457 2167 514; x_wconf 79' lang='grc' dir='ltr'>τὰ</span> <span class='ocrx_word' id='word_1_13' title='bbox 2224 457 2325 526; x_wconf 75' lang='grc' dir='ltr'>ἤθη</span> <span class='ocrx_word' id='word_1_14' title='bbox 2370 459 2457 517; x_wconf 82' lang='grc' dir='ltr'><strong>καὶ</strong></span> <span class='ocrx_word' id='word_1_15' title='bbox 2512 460 2635 525; x_wconf 81' lang='grc' dir='ltr'>τοὺς</span> <span class='ocrx_word' id='word_1_16' title='bbox 2693 457 2837 533; x_wconf 84' lang='grc' dir='ltr'>βίους</span> <span class='ocrx_word' id='word_1_17' title='bbox 2895 458 3274 537; x_wconf 69' lang='grc' dir='ltr'>συνέγραῴενς</span> <span class='ocrx_word' id='word_1_18' title='bbox 3335 456 3600 527; x_wconf 80' lang='grc' dir='ltr'><strong>Ἐπέδειξε</strong></span> <span class='ocrx_word' id='word_1_19' title='bbox 3653 464 3754 542; x_wconf 80' lang='grc' dir='ltr'><strong>γὰρ</strong></span> 
     </span>
    </p>
   </div>
   <div class='ocr_carea' id='block_1_6' title="bbox 389 542 2026 626">
    <p class='ocr_par' dir='ltr' id='par_1_6' title="bbox 389 542 2026 626">
     <span class='ocr_line' id='line_1_6' title="bbox 389 542 2026 626; baseline -0.001 -18"><span class='ocrx_word' id='word_1_20' title='bbox 389 546 509 609; x_wconf 87' lang='lat' dir='ltr'><strong>ﬁne</strong></span> <span class='ocrx_word' id='word_1_21' title='bbox 567 546 853 620; x_wconf 73' lang='lat' dir='ltr'><strong>ostendit,</strong></span> <span class='ocrx_word' id='word_1_22' title='bbox 913 546 1147 626; x_wconf 88' lang='lat' dir='ltr'><strong>qualem</strong></span> <span class='ocrx_word' id='word_1_23' title='bbox 1200 543 1376 603; x_wconf 87' lang='lat' dir='ltr'><strong>vitam</strong></span> <span class='ocrx_word' id='word_1_24' title='bbox 1433 543 1646 620; x_wconf 77' lang='lat' dir='ltr'><strong>egerit.</strong></span> <span class='ocrx_word' id='word_1_25' title='bbox 1698 542 1834 605; x_wconf 91' lang='lat' dir='ltr'><strong>Non</strong></span> <span class='ocrx_word' id='word_1_26' title='bbox 1869 544 2026 607; x_wconf 89' lang='lat' dir='ltr'><strong>enim</strong></span> 
     </span>
    </p>
   </div>
   <div class='ocr_carea' id='block_1_7' title="bbox 384 631 2031 708">
    <p class='ocr_par' dir='ltr' id='par_1_7' title="bbox 384 631 2031 708">
     <span class='ocr_line' id='line_1_7' title="bbox 384 631 2031 708; baseline -0.002 -9"><span class='ocrx_word' id='word_1_27' title='bbox 384 653 522 699; x_wconf 77' lang='lat' dir='ltr'><strong>eum</strong></span> <span class='ocrx_word' id='word_1_28' title='bbox 557 636 734 698; x_wconf 81' lang='lat' dir='ltr'><strong>veluti</strong></span> <span class='ocrx_word' id='word_1_29' title='bbox 767 633 1122 708; x_wconf 88' lang='lat' dir='ltr'><strong>abscissum,</strong></span> <span class='ocrx_word' id='word_1_30' title='bbox 1156 641 1255 694; x_wconf 89' lang='lat' dir='ltr'><strong>aut</strong></span> <span class='ocrx_word' id='word_1_31' title='bbox 1307 632 1557 693; x_wconf 88' lang='lat' dir='ltr'><strong>divisum</strong></span> <span class='ocrx_word' id='word_1_32' title='bbox 1611 631 1794 695; x_wconf 77' lang='lat' dir='ltr'><strong>fuisse</strong></span> <span class='ocrx_word' id='word_1_33' title='bbox 1822 632 2031 697; x_wconf 85' lang='lat' dir='ltr'><strong>dicunt</strong></span> 
     </span>
    </p>
   </div>
   <div class='ocr_carea' id='block_1_8' title="bbox 382 720 2027 808">
    <p class='ocr_par' dir='ltr' id='par_1_8' title="bbox 382 720 2027 808">
     <span class='ocr_line' id='line_1_8' title="bbox 382 720 2027 808; baseline 0 -22"><span class='ocrx_word' id='word_1_34' title='bbox 382 724 453 801; x_wconf 92' lang='lat' dir='ltr'><strong>ii,</strong></span> <span class='ocrx_word' id='word_1_35' title='bbox 486 731 584 808; x_wconf 85' lang='lat' dir='ltr'><strong>qui</strong></span> <span class='ocrx_word' id='word_1_36' title='bbox 618 725 897 787; x_wconf 85' lang='lat' dir='ltr'><strong>viderunt</strong></span> <span class='ocrx_word' id='word_1_37' title='bbox 931 743 945 785; x_wconf 90' lang='lat'><strong>:</strong></span> <span class='ocrx_word' id='word_1_38' title='bbox 976 723 1084 786; x_wconf 86' lang='lat' dir='ltr'><strong>sed</strong></span> <span class='ocrx_word' id='word_1_39' title='bbox 1135 721 1444 784; x_wconf 78' lang='lat' dir='ltr'><strong>videbatur</strong></span> <span class='ocrx_word' id='word_1_40' title='bbox 1493 720 1675 784; x_wconf 89' lang='lat' dir='ltr'><strong>veluti</strong></span> <span class='ocrx_word' id='word_1_41' title='bbox 1707 740 1741 784; x_wconf 87' lang='lat' dir='ltr'><strong>a</strong></span> <span class='ocrx_word' id='word_1_42' title='bbox 1769 723 2027 803; x_wconf 89' lang='lat' dir='ltr'><strong>quodam</strong></span> 
     </span>
    </p>
   </div>
   <div class='ocr_carea' id='block_1_9' title="bbox 381 810 2028 884">
    <p class='ocr_par' dir='ltr' id='par_1_9' title="bbox 381 810 2028 884">
     <span class='ocr_line' id='line_1_9' title="bbox 381 810 2028 884; baseline -0.001 -8"><span class='ocrx_word' id='word_1_43' title='bbox 381 814 623 877; x_wconf 83' lang='lat' dir='ltr'><strong>vinculo</strong></span> <span class='ocrx_word' id='word_1_44' title='bbox 657 811 925 884; x_wconf 89' lang='lat' dir='ltr'><strong>liberari,</strong></span> <span class='ocrx_word' id='word_1_45' title='bbox 958 820 1019 874; x_wconf 89' lang='lat' dir='ltr'><strong>et</strong></span> <span class='ocrx_word' id='word_1_46' title='bbox 1074 810 1249 874; x_wconf 81' lang='lat' dir='ltr'><strong>hilari</strong></span> <span class='ocrx_word' id='word_1_47' title='bbox 1306 810 1470 873; x_wconf 90' lang='lat' dir='ltr'><strong>vultu</strong></span> <span class='ocrx_word' id='word_1_48' title='bbox 1503 828 1570 873; x_wconf 89' lang='lat' dir='ltr'><strong>se</strong></span> <span class='ocrx_word' id='word_1_49' title='bbox 1599 812 1925 875; x_wconf 76' lang='lat' dir='ltr'><strong>extendere</strong></span> <span class='ocrx_word' id='word_1_50' title='bbox 1954 815 2028 876; x_wconf 85' lang='lat' dir='ltr'><strong>ad</strong></span> 
     </span>
    </p>
   </div>
   <div class='ocr_carea' id='block_1_10' title="bbox 382 900 2025 984">
    <p class='ocr_par' dir='ltr' id='par_1_10' title="bbox 382 900 2025 984">
     <span class='ocr_line' id='line_1_10' title="bbox 382 900 2025 984; baseline -0.002 -17"><span class='ocrx_word' id='word_1_51' title='bbox 382 904 672 967; x_wconf 83' lang='lat' dir='ltr'><strong>ducentes</strong></span> <span class='ocrx_word' id='word_1_52' title='bbox 723 903 994 983; x_wconf 77' lang='lat' dir='ltr'><strong>angelos,</strong></span> <span class='ocrx_word' id='word_1_53' title='bbox 1055 909 1113 963; x_wconf 90' lang='lat' dir='ltr'><strong>et</strong></span> <span class='ocrx_word' id='word_1_54' title='bbox 1167 901 1424 983; x_wconf 89' lang='lat' dir='ltr'><strong>quodam</strong></span> <span class='ocrx_word' id='word_1_55' title='bbox 1490 900 1667 963; x_wconf 92' lang='lat' dir='ltr'><strong>modo</strong></span> <span class='ocrx_word' id='word_1_56' title='bbox 1717 920 1782 963; x_wconf 90' lang='lat' dir='ltr'><strong>se</strong></span> <span class='ocrx_word' id='word_1_57' title='bbox 1830 903 2025 984; x_wconf 89' lang='lat' dir='ltr'><strong>ipsum</strong></span> 
     </span>
    </p>
   </div>
   <div class='ocr_carea' id='block_1_11' title="bbox 387 989 2028 1070">
    <p class='ocr_par' dir='ltr' id='par_1_11' title="bbox 387 989 2028 1070">
     <span class='ocr_line' id='line_1_11' title="bbox 387 989 2028 1070; baseline -0.001 -15"><span class='ocrx_word' id='word_1_58' title='bbox 387 993 625 1057; x_wconf 82' lang='lat' dir='ltr'><strong>tradere</strong></span> <span class='ocrx_word' id='word_1_59' title='bbox 648 991 891 1054; x_wconf 91' lang='lat' dir='ltr'><strong>illorum</strong></span> <span class='ocrx_word' id='word_1_60' title='bbox 923 991 1225 1066; x_wconf 87' lang='lat' dir='ltr'><strong>manibus,</strong></span> <span class='ocrx_word' id='word_1_61' title='bbox 1257 1000 1317 1053; x_wconf 91' lang='lat' dir='ltr'><strong>ut</strong></span> <span class='ocrx_word' id='word_1_62' title='bbox 1350 989 1468 1053; x_wconf 77' lang='lat' dir='ltr'><strong>(ito</strong></span> <span class='ocrx_word' id='word_1_63' title='bbox 1493 991 1813 1070; x_wconf 86' lang='lat' dir='ltr'><strong>emigraret</strong></span> <span class='ocrx_word' id='word_1_64' title='bbox 1843 1009 1876 1054; x_wconf 89' lang='lat' dir='ltr'><strong>e</strong></span> <span class='ocrx_word' id='word_1_65' title='bbox 1898 1010 2028 1054; x_wconf 81' lang='lat' dir='ltr'><strong>cur-</strong></span> 
     </span>
    </p>
   </div>
   <div class='ocr_carea' id='block_1_12' title="bbox 421 1100 548 1146">
    <p class='ocr_par' dir='ltr' id='par_1_12' title="bbox 421 1100 548 1146">
     <span class='ocr_line' id='line_1_12' title="bbox 421 1100 548 1146; baseline 0.016 -2"><span class='ocrx_word' id='word_1_66' title='bbox 421 1100 524 1144; x_wconf 89' lang='lat' dir='ltr'><strong>ore</strong></span> <span class='ocrx_word' id='word_1_67' title='bbox 535 1131 548 1146; x_wconf 89' lang='lat'>.</span> 
     </span>
    </p>
   </div>
   <div class='ocr_carea' id='block_1_13' title="bbox 380 1100 2020 1251">
    <p class='ocr_par' dir='ltr' id='par_1_13' title="bbox 380 1100 2020 1251">
     <span class='ocr_line' id='line_1_13' title="bbox 421 1100 548 1146; baseline 0.016 -2"><span class='ocrx_word' id='word_1_68' title='bbox 421 1100 548 1146; x_wconf 90' lang='lat' dir='ltr'><strong>ore.</strong></span> 
     </span>
     <span class='ocr_line' id='line_1_14' title="bbox 380 1100 2020 1251; baseline 0.001 -19"><span class='ocrx_word' id='word_1_69' title='bbox 380 1100 419 1164; x_wconf 64' lang='lat' dir='ltr'><strong>p</strong></span> <span class='ocrx_word' id='word_1_70' title='bbox 459 1169 532 1233; x_wconf 89' lang='lat' dir='ltr'><strong>Et</strong></span> <span class='ocrx_word' id='word_1_71' title='bbox 554 1174 641 1232; x_wconf 85' lang='lat' dir='ltr'><strong>sic</strong></span> <span class='ocrx_word' id='word_1_72' title='bbox 663 1170 904 1251; x_wconf 83' lang='lat' dir='ltr'><strong>quidem</strong></span> <span class='ocrx_word' id='word_1_73' title='bbox 941 1183 1030 1232; x_wconf 89' lang='lat' dir='ltr'><strong>est</strong></span> <span class='ocrx_word' id='word_1_74' title='bbox 1059 1177 1329 1232; x_wconf 69' lang='lat' dir='ltr'><strong>mortuus</strong></span> <span class='ocrx_word' id='word_1_75' title='bbox 1363 1169 1642 1234; x_wconf 81' lang='lat' dir='ltr'><strong>:l’uerunt</strong></span> <span class='ocrx_word' id='word_1_76' title='bbox 1671 1179 1868 1233; x_wconf 90' lang='lat' dir='ltr'><strong>autem</strong></span> <span class='ocrx_word' id='word_1_77' title='bbox 1895 1179 2020 1233; x_wconf 87' lang='lat' dir='ltr'><strong>sta-</strong></span> 
     </span>
    </p>
   </div>
   <div class='ocr_carea' id='block_1_14' title="bbox 380 1258 2019 1338">
    <p class='ocr_par' dir='ltr' id='par_1_14' title="bbox 380 1258 2019 1338">
     <span class='ocr_line' id='line_1_15' title="bbox 380 1258 2019 1338; baseline 0.001 -18"><span class='ocrx_word' id='word_1_78' title='bbox 380 1258 485 1320; x_wconf 90' lang='lat' dir='ltr'><strong>tim</strong></span> <span class='ocrx_word' id='word_1_79' title='bbox 519 1260 915 1333; x_wconf 86' lang='lat' dir='ltr'><strong>omnia,suavi</strong></span> <span class='ocrx_word' id='word_1_80' title='bbox 946 1260 1131 1323; x_wconf 82' lang='lat' dir='ltr'><strong>odore</strong></span> <span class='ocrx_word' id='word_1_81' title='bbox 1157 1259 1352 1338; x_wconf 85' lang='lat' dir='ltr'><strong>plena;</strong></span> <span class='ocrx_word' id='word_1_82' title='bbox 1387 1269 1445 1322; x_wconf 89' lang='lat' dir='ltr'><strong>et</strong></span> <span class='ocrx_word' id='word_1_83' title='bbox 1480 1279 1594 1321; x_wconf 88' lang='lat' dir='ltr'><strong>non</strong></span> <span class='ocrx_word' id='word_1_84' title='bbox 1634 1271 1771 1322; x_wconf 86' lang='lat' dir='ltr'><strong>tunc</strong></span> <span class='ocrx_word' id='word_1_85' title='bbox 1802 1261 2019 1335; x_wconf 91' lang='lat' dir='ltr'><strong>solum,</strong></span> 
     </span>
    </p>
   </div>
   <div class='ocr_carea' id='block_1_15' title="bbox 380 1348 2021 1431">
    <p class='ocr_par' dir='ltr' id='par_1_15' title="bbox 380 1348 2021 1431">
     <span class='ocr_line' id='line_1_16' title="bbox 380 1348 2021 1431; baseline 0 -21"><span class='ocrx_word' id='word_1_86' title='bbox 380 1366 494 1411; x_wconf 88' lang='lat' dir='ltr'><strong>nec</strong></span> <span class='ocrx_word' id='word_1_87' title='bbox 522 1351 581 1410; x_wconf 91' lang='lat' dir='ltr'><strong>in</strong></span> <span class='ocrx_word' id='word_1_88' title='bbox 614 1349 772 1412; x_wconf 88' lang='lat' dir='ltr'><strong>diem</strong></span> <span class='ocrx_word' id='word_1_89' title='bbox 808 1348 1179 1429; x_wconf 87' lang='lat' dir='ltr'><strong>tertiam,sed</strong></span> <span class='ocrx_word' id='word_1_90' title='bbox 1201 1348 1376 1411; x_wconf 90' lang='lat' dir='ltr'><strong>etiam</strong></span> <span class='ocrx_word' id='word_1_91' title='bbox 1402 1350 1460 1412; x_wconf 90' lang='lat' dir='ltr'><strong>in</strong></span> <span class='ocrx_word' id='word_1_92' title='bbox 1486 1350 1703 1412; x_wconf 88' lang='lat' dir='ltr'><strong>multos</strong></span> <span class='ocrx_word' id='word_1_93' title='bbox 1719 1350 1848 1411; x_wconf 90' lang='lat' dir='ltr'><strong>dies</strong></span> <span class='ocrx_word' id='word_1_94' title='bbox 1868 1359 2021 1431; x_wconf 90' lang='lat' dir='ltr'><strong>post-</strong></span> 
     </span>
    </p>
   </div>
   <div class='ocr_carea' id='block_1_16' title="bbox 380 1437 2027 1520">
    <p class='ocr_par' dir='ltr' id='par_1_16' title="bbox 380 1437 2027 1520">
     <span class='ocr_line' id='line_1_17' title="bbox 380 1437 2027 1520; baseline 0.002 -21"><span class='ocrx_word' id='word_1_95' title='bbox 380 1453 474 1516; x_wconf 83' lang='lat' dir='ltr'><strong>ea,</strong></span> <span class='ocrx_word' id='word_1_96' title='bbox 507 1437 702 1500; x_wconf 87' lang='lat' dir='ltr'><strong>donec</strong></span> <span class='ocrx_word' id='word_1_97' title='bbox 756 1437 871 1500; x_wconf 80' lang='lat' dir='ltr'><strong>fuit</strong></span> <span class='ocrx_word' id='word_1_98' title='bbox 925 1439 1086 1501; x_wconf 91' lang='lat' dir='ltr'><strong>solus</strong></span> <span class='ocrx_word' id='word_1_99' title='bbox 1136 1437 1418 1500; x_wconf 85' lang='lat' dir='ltr'><strong>conditus</strong></span> <span class='ocrx_word' id='word_1_100' title='bbox 1472 1439 1531 1500; x_wconf 92' lang='lat' dir='ltr'><strong>in</strong></span> <span class='ocrx_word' id='word_1_101' title='bbox 1564 1439 1883 1520; x_wconf 86' lang='lat' dir='ltr'><strong>sepulchro</strong></span> <span class='ocrx_word' id='word_1_102' title='bbox 1917 1458 1932 1515; x_wconf 89' lang='lat'><strong>;</strong></span> <span class='ocrx_word' id='word_1_103' title='bbox 1968 1447 2027 1502; x_wconf 87' lang='lat' dir='ltr'><strong>et</strong></span> 
     </span>
    </p>
   </div>
   <div class='ocr_carea' id='block_1_17' title="bbox 377 1525 2023 1608">
    <p class='ocr_par' dir='ltr' id='par_1_17' title="bbox 377 1525 2023 1608">
     <span class='ocr_line' id='line_1_18' title="bbox 377 1525 2023 1608; baseline 0.002 -20"><span class='ocrx_word' id='word_1_104' title='bbox 377 1525 611 1589; x_wconf 86' lang='lat' dir='ltr'><strong>loculus</strong></span> <span class='ocrx_word' id='word_1_105' title='bbox 643 1534 928 1608; x_wconf 90' lang='lat' dir='ltr'><strong>perpetuo</strong></span> <span class='ocrx_word' id='word_1_106' title='bbox 961 1528 1136 1589; x_wconf 88' lang='lat' dir='ltr'><strong>talem</strong></span> <span class='ocrx_word' id='word_1_107' title='bbox 1170 1528 1468 1591; x_wconf 86' lang='lat' dir='ltr'><strong>emisisset</strong></span> <span class='ocrx_word' id='word_1_108' title='bbox 1499 1528 1771 1602; x_wconf 87' lang='lat' dir='ltr'><strong>odorem,</strong></span> <span class='ocrx_word' id='word_1_109' title='bbox 1811 1529 1924 1590; x_wconf 87' lang='lat' dir='ltr'><strong>nisi</strong></span> <span class='ocrx_word' id='word_1_110' title='bbox 1957 1547 2023 1591; x_wconf 90' lang='lat' dir='ltr'><strong>se</strong></span> 
     </span>
    </p>
   </div>
   <div class='ocr_carea' id='block_1_18' title="bbox 378 1615 2018 1698">
    <p class='ocr_par' dir='ltr' id='par_1_18' title="bbox 378 1615 2018 1698">
     <span class='ocr_line' id='line_1_19' title="bbox 378 1615 2018 1698; baseline 0.001 -21"><span class='ocrx_word' id='word_1_111' title='bbox 378 1615 561 1696; x_wconf 83' lang='lat' dir='ltr'><strong>aliqui</strong></span> <span class='ocrx_word' id='word_1_112' title='bbox 594 1624 710 1678; x_wconf 87' lang='lat' dir='ltr'><strong>tam</strong></span> <span class='ocrx_word' id='word_1_113' title='bbox 738 1616 943 1697; x_wconf 88' lang='lat' dir='ltr'><strong>inique</strong></span> <span class='ocrx_word' id='word_1_114' title='bbox 964 1616 1381 1695; x_wconf 81' lang='lat' dir='ltr'><strong>gessissent,ut</strong></span> <span class='ocrx_word' id='word_1_115' title='bbox 1405 1616 1566 1679; x_wconf 84' lang='lat' dir='ltr'><strong>aliud</strong></span> <span class='ocrx_word' id='word_1_116' title='bbox 1599 1617 2018 1698; x_wconf 88' lang='lat' dir='ltr'><strong>corpusculum</strong></span> 
     </span>
    </p>
   </div>
   <div class='ocr_carea' id='block_1_19' title="bbox 376 1704 2022 1787">
    <p class='ocr_par' dir='ltr' id='par_1_19' title="bbox 376 1704 2022 1787">
     <span class='ocr_line' id='line_1_20' title="bbox 376 1704 2022 1787; baseline 0.001 -20"><span class='ocrx_word' id='word_1_117' title='bbox 376 1714 624 1787; x_wconf 83' lang='lat' dir='ltr'><strong>prapter</strong></span> <span class='ocrx_word' id='word_1_118' title='bbox 655 1723 792 1767; x_wconf 90' lang='lat' dir='ltr'><strong>eum</strong></span> <span class='ocrx_word' id='word_1_119' title='bbox 824 1704 1215 1786; x_wconf 85' lang='lat' dir='ltr'><strong>deponerent.</strong></span> <span class='ocrx_word' id='word_1_120' title='bbox 1266 1704 1456 1768; x_wconf 90' lang='lat' dir='ltr'><strong>Simul</strong></span> <span class='ocrx_word' id='word_1_121' title='bbox 1505 1716 1683 1787; x_wconf 89' lang='lat' dir='ltr'><strong>atque</strong></span> <span class='ocrx_word' id='word_1_122' title='bbox 1711 1707 1874 1769; x_wconf 89' lang='lat' dir='ltr'><strong>enim</strong></span> <span class='ocrx_word' id='word_1_123' title='bbox 1908 1706 2022 1769; x_wconf 89' lang='lat' dir='ltr'><strong>hoc</strong></span> 
     </span>
    </p>
   </div>
   <div class='ocr_carea' id='block_1_20' title="bbox 2111 546 3754 628">
    <p class='ocr_par' dir='ltr' id='par_1_20' title="bbox 2111 546 3754 628">
     <span class='ocr_line' id='line_1_21' title="bbox 2111 546 3754 628; baseline 0.004 -26"><span class='ocrx_word' id='word_1_124' title='bbox 2111 546 2207 603; x_wconf 86' lang='grc' dir='ltr'><strong>κάν</strong></span> <span class='ocrx_word' id='word_1_125' title='bbox 2251 553 2328 622; x_wconf 87' lang='grc' dir='ltr'><strong>τῷ</strong></span> <span class='ocrx_word' id='word_1_126' title='bbox 2371 547 2536 625; x_wconf 80' lang='grc' dir='ltr'>τέλει,</span> <span class='ocrx_word' id='word_1_127' title='bbox 2593 551 2785 613; x_wconf 74' lang='grc' dir='ltr'>ὁποῖος</span> <span class='ocrx_word' id='word_1_128' title='bbox 2830 553 2974 623; x_wconf 72' lang='grc' dir='ltr'>αὐτῷ</span> <span class='ocrx_word' id='word_1_129' title='bbox 3037 551 3064 606; x_wconf 84' lang='grc' dir='ltr'>ὁ</span> <span class='ocrx_word' id='word_1_130' title='bbox 3115 546 3589 623; x_wconf 80' lang='grc' dir='ltr'>ὃιεσπουδασμὲνος</span> <span class='ocrx_word' id='word_1_131' title='bbox 3642 552 3754 628; x_wconf 84' lang='grc' dir='ltr'>βίος</span> 
     </span>
    </p>
   </div>
   <div class='ocr_carea' id='block_1_21' title="bbox 2110 635 3756 719">
    <p class='ocr_par' dir='ltr' id='par_1_21' title="bbox 2110 635 3756 719">
     <span class='ocr_line' id='line_1_22' title="bbox 2110 635 3756 719; baseline 0.004 -28"><span class='ocrx_word' id='word_1_132' title='bbox 2110 635 2404 718; x_wconf 75' lang='grc' dir='ltr'><strong>ἐτύγχανεν</strong></span> <span class='ocrx_word' id='word_1_133' title='bbox 2454 638 2549 700; x_wconf 81' lang='grc' dir='ltr'>ὥν,</span> <span class='ocrx_word' id='word_1_134' title='bbox 2612 640 2684 697; x_wconf 72' lang='grc' dir='ltr'>Οὐ</span> <span class='ocrx_word' id='word_1_135' title='bbox 2737 640 2837 719; x_wconf 76' lang='grc' dir='ltr'><strong>γὰρ</strong></span> <span class='ocrx_word' id='word_1_136' title='bbox 2892 638 3073 716; x_wconf 78' lang='grc' dir='ltr'>ὥσπερ</span> <span class='ocrx_word' id='word_1_137' title='bbox 3130 637 3422 712; x_wconf 70' lang='grc' dir='ltr'><strong>τετμῆσθαι</strong></span> <span class='ocrx_word' id='word_1_138' title='bbox 3494 641 3651 697; x_wconf 70' lang='grc' dir='ltr'>αὐτὸν</span> <span class='ocrx_word' id='word_1_139' title='bbox 3709 641 3756 698; x_wconf 68' lang='lat' dir='ltr'><strong>oi</strong></span> 
     </span>
    </p>
   </div>
   <div class='ocr_carea' id='block_1_22' title="bbox 2113 726 3758 807">
    <p class='ocr_par' dir='ltr' id='par_1_22' title="bbox 2113 726 3758 807">
     <span class='ocr_line' id='line_1_23' title="bbox 2113 726 3758 807; baseline 0.002 -25"><span class='ocrx_word' id='word_1_140' title='bbox 2113 728 2503 804; x_wconf 68' lang='grc' dir='ltr'><strong>συνεωρακότες</strong></span> <span class='ocrx_word' id='word_1_141' title='bbox 2575 729 2729 807; x_wconf 76' lang='grc' dir='ltr'>φασὶν</span> <span class='ocrx_word' id='word_1_142' title='bbox 2758 775 2774 802; x_wconf 90' lang='grc'><strong>,</strong></span> <span class='ocrx_word' id='word_1_143' title='bbox 2857 726 2975 788; x_wconf 75' lang='grc' dir='ltr'>οὐδὲ</span> <span class='ocrx_word' id='word_1_144' title='bbox 3056 726 3360 805; x_wconf 73' lang='grc' dir='ltr'><strong>διῃρῆσθαι,</strong></span> <span class='ocrx_word' id='word_1_145' title='bbox 3429 726 3549 785; x_wconf 77' lang='grc' dir='ltr'>ἀλλ’</span> <span class='ocrx_word' id='word_1_146' title='bbox 3602 730 3758 804; x_wconf 73' lang='grc' dir='ltr'>ἐῲιιει</span> 
     </span>
    </p>
   </div>
   <div class='ocr_carea' id='block_1_23' title="bbox 2111 813 3758 898">
    <p class='ocr_par' dir='ltr' id='par_1_23' title="bbox 2111 813 3758 898">
     <span class='ocr_line' id='line_1_24' title="bbox 2111 813 3758 898; baseline 0.002 -27"><span class='ocrx_word' id='word_1_147' title='bbox 2111 813 2291 895; x_wconf 81' lang='grc' dir='ltr'>ὥσπερ</span> <span class='ocrx_word' id='word_1_148' title='bbox 2331 818 2472 880; x_wconf 81' lang='grc' dir='ltr'>τινὸς</span> <span class='ocrx_word' id='word_1_149' title='bbox 2504 815 2707 891; x_wconf 81' lang='grc' dir='ltr'><strong>δέσμης</strong></span> <span class='ocrx_word' id='word_1_150' title='bbox 2736 817 3199 898; x_wconf 73' lang='grc' dir='ltr'>ἓλευθερούμενος,</span> <span class='ocrx_word' id='word_1_151' title='bbox 3260 818 3350 873; x_wconf 84' lang='grc' dir='ltr'><strong>καὶ</strong></span> <span class='ocrx_word' id='word_1_152' title='bbox 3402 817 3569 895; x_wconf 76' lang='grc' dir='ltr'>ἱλαρῷ</span> <span class='ocrx_word' id='word_1_153' title='bbox 3625 821 3758 897; x_wconf 75' lang='grc' dir='ltr'>πρὸς</span> 
     </span>
    </p>
   </div>
   <div class='ocr_carea' id='block_1_24' title="bbox 2114 904 3756 984">
    <p class='ocr_par' dir='ltr' id='par_1_24' title="bbox 2114 904 3756 984">
     <span class='ocr_line' id='line_1_25' title="bbox 2114 904 3756 984; baseline 0.001 -24"><span class='ocrx_word' id='word_1_154' title='bbox 2114 905 2230 967; x_wconf 82' lang='grc' dir='ltr'>τοὺς</span> <span class='ocrx_word' id='word_1_155' title='bbox 2289 904 2515 984; x_wconf 78' lang='grc' dir='ltr'>ἄγοντας</span> <span class='ocrx_word' id='word_1_156' title='bbox 2567 904 2828 983; x_wconf 73' lang='grc' dir='ltr'><strong>ἀγγέλους</strong></span> <span class='ocrx_word' id='word_1_157' title='bbox 2889 907 3298 981; x_wconf 75' lang='grc' dir='ltr'>ἀνατεινόμενος</span> <span class='ocrx_word' id='word_1_158' title='bbox 3352 916 3598 981; x_wconf 75' lang='grc' dir='ltr'>νεύματι,</span> <span class='ocrx_word' id='word_1_159' title='bbox 3659 905 3756 963; x_wconf 87' lang='grc' dir='ltr'><strong>καί</strong></span> 
     </span>
    </p>
   </div>
   <div class='ocr_carea' id='block_1_25' title="bbox 2111 992 3756 1076">
    <p class='ocr_par' dir='ltr' id='par_1_25' title="bbox 2111 992 3756 1076">
     <span class='ocr_line' id='line_1_26' title="bbox 2111 992 3756 1076; baseline 0.002 -27"><span class='ocrx_word' id='word_1_160' title='bbox 2111 1016 2224 1058; x_wconf 65' lang='grc' dir='ltr'><strong>πως⁸</strong></span> <span class='ocrx_word' id='word_1_161' title='bbox 2282 992 2546 1068; x_wconf 66' lang='grc' dir='ltr'>ἐπιδιᾷους</span> <span class='ocrx_word' id='word_1_162' title='bbox 2593 995 2780 1051; x_wconf 79' lang='grc' dir='ltr'>ἑαυτὸν</span> <span class='ocrx_word' id='word_1_163' title='bbox 2824 1009 2946 1060; x_wconf 74' lang='grc' dir='ltr'>ταῖς</span> <span class='ocrx_word' id='word_1_164' title='bbox 2992 995 3203 1052; x_wconf 78' lang='grc' dir='ltr'>ἐκείνων</span> <span class='ocrx_word' id='word_1_165' title='bbox 3254 998 3462 1075; x_wconf 81' lang='grc' dir='ltr'>χερσὶν,</span> <span class='ocrx_word' id='word_1_166' title='bbox 3496 994 3591 1054; x_wconf 73' lang='grc' dir='ltr'>’ἕνα</span> <span class='ocrx_word' id='word_1_167' title='bbox 3613 997 3756 1076; x_wconf 73' lang='grc' dir='ltr'>ταχὺ</span> 
     </span>
    </p>
   </div>
   <div class='ocr_carea' id='block_1_26' title="bbox 2108 1082 2792 1157">
    <p class='ocr_par' dir='ltr' id='par_1_26' title="bbox 2108 1082 2792 1157">
     <span class='ocr_line' id='line_1_27' title="bbox 2108 1082 2792 1157; baseline 0.003 -19"><span class='ocrx_word' id='word_1_168' title='bbox 2108 1083 2367 1150; x_wconf 82' lang='grc' dir='ltr'>ἀνασταίη</span> <span class='ocrx_word' id='word_1_169' title='bbox 2393 1091 2489 1140; x_wconf 79' lang='grc' dir='ltr'>τοῦ</span> <span class='ocrx_word' id='word_1_170' title='bbox 2517 1082 2767 1157; x_wconf 77' lang='grc' dir='ltr'>σώματος</span> <span class='ocrx_word' id='word_1_171' title='bbox 2778 1133 2792 1147; x_wconf 88' lang='grc'><strong>,</strong></span> 
     </span>
    </p>
   </div>
   <div class='ocr_carea' id='block_1_27' title="bbox 2192 1171 3755 1248">
    <p class='ocr_par' dir='ltr' id='par_1_27' title="bbox 2192 1171 3755 1248">
     <span class='ocr_line' id='line_1_28' title="bbox 2192 1171 3755 1248; baseline 0.001 -19"><span class='ocrx_word' id='word_1_172' title='bbox 2192 1174 2288 1230; x_wconf 86' lang='grc' dir='ltr'><strong>Καὶ</strong></span> <span class='ocrx_word' id='word_1_173' title='bbox 2362 1172 2629 1243; x_wconf 69' lang='grc' dir='ltr'>ἐτεθνήκει</span> <span class='ocrx_word' id='word_1_174' title='bbox 2718 1174 2819 1248; x_wconf 77' lang='grc' dir='ltr'>μὲν</span> <span class='ocrx_word' id='word_1_175' title='bbox 2902 1172 3069 1238; x_wconf 74' lang='grc' dir='ltr'>οὕτως</span> <span class='ocrx_word' id='word_1_176' title='bbox 3105 1190 3120 1204; x_wconf 91' lang='grc'>·</span> <span class='ocrx_word' id='word_1_177' title='bbox 3183 1171 3400 1238; x_wconf 68' lang='grc' dir='ltr'>εὐωδίας</span> <span class='ocrx_word' id='word_1_178' title='bbox 3456 1173 3511 1230; x_wconf 77' lang='grc' dir='ltr'><em>δὲ</em></span> <span class='ocrx_word' id='word_1_179' title='bbox 3569 1174 3755 1231; x_wconf 64' lang='grc' dir='ltr'>αὐτίκα</span> 
     </span>
    </p>
   </div>
   <div class='ocr_carea' id='block_1_28' title="bbox 2108 1260 3752 1341">
    <p class='ocr_par' dir='ltr' id='par_1_28' title="bbox 2108 1260 3752 1341">
     <span class='ocr_line' id='line_1_29' title="bbox 2108 1260 3752 1341; baseline 0.001 -24"><span class='ocrx_word' id='word_1_180' title='bbox 2108 1262 2277 1317; x_wconf 82' lang='grc' dir='ltr'>πάντα</span> <span class='ocrx_word' id='word_1_181' title='bbox 2335 1260 2569 1339; x_wconf 80' lang='grc' dir='ltr'>ἐγεγόνει</span> <span class='ocrx_word' id='word_1_182' title='bbox 2627 1264 2819 1341; x_wconf 77' lang='grc' dir='ltr'>μεστὰ,</span> <span class='ocrx_word' id='word_1_183' title='bbox 2887 1264 2972 1319; x_wconf 84' lang='grc' dir='ltr'><strong>καὶ</strong></span> <span class='ocrx_word' id='word_1_184' title='bbox 3028 1264 3123 1320; x_wconf 70' lang='grc' dir='ltr'><strong>οὐκ</strong></span> <span class='ocrx_word' id='word_1_185' title='bbox 3176 1264 3321 1327; x_wconf 70' lang='grc' dir='ltr'>εὐθὺς</span> <span class='ocrx_word' id='word_1_186' title='bbox 3381 1264 3571 1338; x_wconf 84' lang='grc' dir='ltr'>μό.ον,</span> <span class='ocrx_word' id='word_1_187' title='bbox 3637 1262 3752 1321; x_wconf 73' lang='grc' dir='ltr'>οὗδὶ</span> 
     </span>
    </p>
   </div>
   <div class='ocr_carea' id='block_1_29' title="bbox 2106 1350 3847 1430">
    <p class='ocr_par' dir='ltr' id='par_1_29' title="bbox 2106 1350 3847 1430">
     <span class='ocr_line' id='line_1_30' title="bbox 2106 1350 3847 1430; baseline 0.002 -25"><span class='ocrx_word' id='word_1_188' title='bbox 2106 1350 2159 1414; x_wconf 73' lang='grc' dir='ltr'>ἐς</span> <span class='ocrx_word' id='word_1_189' title='bbox 2198 1351 2378 1423; x_wconf 80' lang='grc' dir='ltr'><strong>τρίτην</strong></span> <span class='ocrx_word' id='word_1_190' title='bbox 2434 1351 2659 1430; x_wconf 78' lang='grc' dir='ltr'>ἡμέραν,</span> <span class='ocrx_word' id='word_1_191' title='bbox 2697 1351 2836 1408; x_wconf 82' lang='grc' dir='ltr'><strong>ἀλλά</strong></span> <span class='ocrx_word' id='word_1_192' title='bbox 2896 1355 2983 1408; x_wconf 79' lang='grc' dir='ltr'>καὶ</span> <span class='ocrx_word' id='word_1_193' title='bbox 3043 1353 3114 1417; x_wconf 75' lang='grc' dir='ltr'>εἷς</span> <span class='ocrx_word' id='word_1_194' title='bbox 3146 1352 3452 1420; x_wconf 78' lang='grc' dir='ltr'>πολλοστὴν</span> <span class='ocrx_word' id='word_1_195' title='bbox 3480 1351 3573 1409; x_wconf 84' lang='grc' dir='ltr'><strong>ἀπ’</strong></span> <span class='ocrx_word' id='word_1_196' title='bbox 3606 1353 3749 1408; x_wconf 75' lang='grc' dir='ltr'>ἐκεῖ·</span> <span class='ocrx_word' id='word_1_197' title='bbox 3842 1384 3847 1387; x_wconf 56' lang='grc' dir='ltr'><strong>ν</strong></span> 
     </span>
    </p>
   </div>
   <div class='ocr_carea' id='block_1_30' title="bbox 2105 1436 3752 1521">
    <p class='ocr_par' dir='ltr' id='par_1_30' title="bbox 2105 1436 3752 1521">
     <span class='ocr_line' id='line_1_31' title="bbox 2105 1436 3752 1521; baseline 0.002 -27"><span class='ocrx_word' id='word_1_198' title='bbox 2105 1463 2228 1519; x_wconf 85' lang='grc' dir='ltr'>νης,</span> <span class='ocrx_word' id='word_1_199' title='bbox 2260 1439 2361 1504; x_wconf 78' lang='grc' dir='ltr'>ἕως</span> <span class='ocrx_word' id='word_1_200' title='bbox 2419 1436 2484 1507; x_wconf 82' lang='grc' dir='ltr'><strong>δὴ</strong></span> <span class='ocrx_word' id='word_1_201' title='bbox 2539 1440 2701 1513; x_wconf 84' lang='grc' dir='ltr'>μόνος</span> <span class='ocrx_word' id='word_1_202' title='bbox 2761 1448 2837 1514; x_wconf 83' lang='grc' dir='ltr'><strong>τῷ</strong></span> <span class='ocrx_word' id='word_1_203' title='bbox 2888 1445 3037 1521; x_wconf 72' lang='grc' dir='ltr'>ταφῳ</span> <span class='ocrx_word' id='word_1_204' title='bbox 3080 1442 3512 1521; x_wconf 74' lang='grc' dir='ltr'>ἑτεθησαόριστο.</span> <span class='ocrx_word' id='word_1_205' title='bbox 3552 1445 3654 1500; x_wconf 81' lang='grc' dir='ltr'><strong>Καὶ</strong></span> <span class='ocrx_word' id='word_1_206' title='bbox 3684 1441 3752 1510; x_wconf 80' lang='grc' dir='ltr'>ἦν</span> 
     </span>
    </p>
   </div>
   <div class='ocr_carea' id='block_1_31' title="bbox 2106 1529 3748 1611">
    <p class='ocr_par' dir='ltr' id='par_1_31' title="bbox 2106 1529 3748 1611">
     <span class='ocr_line' id='line_1_32' title="bbox 2106 1529 3748 1611; baseline 0.002 -27"><span class='ocrx_word' id='word_1_207' title='bbox 2106 1529 2167 1585; x_wconf 74' lang='grc' dir='ltr'><strong>ἂν</strong></span> <span class='ocrx_word' id='word_1_208' title='bbox 2197 1529 2361 1609; x_wconf 50' lang='grc' dir='ltr'>μέχρι</span> <span class='ocrx_word' id='word_1_209' title='bbox 2392 1532 2592 1593; x_wconf 84' lang='grc' dir='ltr'>παντὸς</span> <span class='ocrx_word' id='word_1_210' title='bbox 2623 1530 3027 1607; x_wconf 76' lang='grc' dir='ltr'>ἀρωματίζουσα</span> <span class='ocrx_word' id='word_1_211' title='bbox 3058 1534 3092 1599; x_wconf 78' lang='grc' dir='ltr'><strong>ἡ</strong></span> <span class='ocrx_word' id='word_1_212' title='bbox 3147 1533 3333 1611; x_wconf 79' lang='grc' dir='ltr'>σοφὸς,</span> <span class='ocrx_word' id='word_1_213' title='bbox 3386 1533 3431 1588; x_wconf 85' lang='grc' dir='ltr'><strong>εί</strong></span> <span class='ocrx_word' id='word_1_214' title='bbox 3486 1533 3565 1607; x_wconf 78' lang='grc' dir='ltr'><strong>μή</strong></span> <span class='ocrx_word' id='word_1_215' title='bbox 3619 1553 3748 1594; x_wconf 79' lang='grc' dir='ltr'>τινες</span> 
     </span>
    </p>
   </div>
   <div class='ocr_carea' id='block_1_32' title="bbox 2104 1619 3750 1698">
    <p class='ocr_par' dir='ltr' id='par_1_32' title="bbox 2104 1619 3750 1698">
     <span class='ocr_line' id='line_1_33' title="bbox 2104 1619 3750 1698; baseline 0.001 -23"><span class='ocrx_word' id='word_1_216' title='bbox 2104 1626 2353 1675; x_wconf 73' lang='grc' dir='ltr'>τοσοῦτον</span> <span class='ocrx_word' id='word_1_217' title='bbox 2384 1621 2858 1697; x_wconf 72' lang='grc' dir='ltr'>παρηνομήκασιν,</span> <span class='ocrx_word' id='word_1_218' title='bbox 2891 1620 3028 1677; x_wconf 81' lang='grc' dir='ltr'>ὥστε</span> <span class='ocrx_word' id='word_1_219' title='bbox 3072 1622 3161 1676; x_wconf 85' lang='grc' dir='ltr'>καὶ</span> <span class='ocrx_word' id='word_1_220' title='bbox 3192 1619 3369 1695; x_wconf 77' lang='grc' dir='ltr'>ἕτερον</span> <span class='ocrx_word' id='word_1_221' title='bbox 3425 1620 3550 1698; x_wconf 85' lang='grc' dir='ltr'>παρ’</span> <span class='ocrx_word' id='word_1_222' title='bbox 3607 1622 3750 1695; x_wconf 77' lang='grc' dir='ltr'>αὑτῴ</span> 
     </span>
    </p>
   </div>
   <div class='ocr_carea' id='block_1_33' title="bbox 2105 1703 3751 1789">
    <p class='ocr_par' dir='ltr' id='par_1_33' title="bbox 2105 1703 3751 1789">
     <span class='ocr_line' id='line_1_34' title="bbox 2105 1703 3751 1789; baseline 0.001 -24"><span class='ocrx_word' id='word_1_223' title='bbox 2105 1712 2413 1765; x_wconf 73' lang='grc' dir='ltr'>καταθεῖναι</span> <span class='ocrx_word' id='word_1_224' title='bbox 2473 1710 2767 1784; x_wconf 79' lang='grc' dir='ltr'>σωμάτιον.</span> <span class='ocrx_word' id='word_1_225' title='bbox 2830 1703 3000 1786; x_wconf 82' lang='grc' dir='ltr'><strong>Ὀμοῦ</strong></span> <span class='ocrx_word' id='word_1_226' title='bbox 3054 1732 3113 1766; x_wconf 81' lang='grc' dir='ltr'><strong>τε</strong></span> <span class='ocrx_word' id='word_1_227' title='bbox 3169 1712 3268 1789; x_wconf 73' lang='grc' dir='ltr'><strong>γὰρ</strong></span> <span class='ocrx_word' id='word_1_228' title='bbox 3321 1710 3542 1767; x_wconf 77' lang='grc' dir='ltr'>κάκεῖνο</span> <span class='ocrx_word' id='word_1_229' title='bbox 3610 1732 3751 1785; x_wconf 88' lang='grc' dir='ltr'>συμ-</span> 
     </span>
    </p>
   </div>
   <div class='ocr_carea' id='block_1_34' title="bbox 377 1794 2022 1887">
    <p class='ocr_par' dir='ltr' id='par_1_34' title="bbox 377 1794 2016 1887">
     <span class='ocr_line' id='line_1_35' title="bbox 377 1794 2016 1887; baseline 0.001 -31"><span class='ocrx_word' id='word_1_230' title='bbox 377 1794 696 1887; x_wconf 65' lang='lat' dir='ltr'><strong>magnoillt</strong></span> <span class='ocrx_word' id='word_1_231' title='bbox 715 1794 838 1887; x_wconf 81' lang='lat' dir='ltr'><strong>viro</strong></span> <span class='ocrx_word' id='word_1_232' title='bbox 855 1794 1285 1887; x_wconf 73' lang='lat' dir='ltr'><strong>accidit,desi_it</strong></span> <span class='ocrx_word' id='word_1_233' title='bbox 1306 1796 1436 1856; x_wconf 80' lang='lat' dir='ltr'><strong>fons</strong></span> <span class='ocrx_word' id='word_1_234' title='bbox 1456 1794 1555 1887; x_wconf 84' lang='lat' dir='ltr'><strong>ille</strong></span> <span class='ocrx_word' id='word_1_235' title='bbox 1575 1803 1770 1858; x_wconf 82' lang='lat' dir='ltr'><strong>suavis</strong></span> <span class='ocrx_word' id='word_1_236' title='bbox 1792 1796 2016 1887; x_wconf 88' lang='lat' dir='ltr'><strong>odoris.</strong></span> 
     </span>
    </p>
   </div>
   <div class='ocr_carea' id='block_1_35' title="bbox 2111 1794 3750 1887">
    <p class='ocr_par' dir='ltr' id='par_1_35' title="bbox 2111 1797 3750 1878">
     <span class='ocr_line' id='line_1_36' title="bbox 2111 1797 3750 1878; baseline 0.001 -24"><span class='ocrx_word' id='word_1_237' title='bbox 2111 1798 2374 1854; x_wconf 82' lang='grc' dir='ltr'>πεπτώκει</span> <span class='ocrx_word' id='word_1_238' title='bbox 2419 1805 2496 1872; x_wconf 85' lang='grc' dir='ltr'>τῷ</span> <span class='ocrx_word' id='word_1_239' title='bbox 2540 1797 2762 1876; x_wconf 65' lang='grc' dir='ltr'>μεγάλῳ</span> <span class='ocrx_word' id='word_1_240' title='bbox 2794 1798 2961 1878; x_wconf 75' lang='grc' dir='ltr'>ἀιδρὶ,</span> <span class='ocrx_word' id='word_1_241' title='bbox 3004 1800 3091 1855; x_wconf 85' lang='grc' dir='ltr'><strong>καί</strong></span> <span class='ocrx_word' id='word_1_242' title='bbox 3148 1802 3182 1868; x_wconf 73' lang='grc' dir='ltr'>ἡ</span> <span class='ocrx_word' id='word_1_243' title='bbox 3242 1804 3341 1865; x_wconf 79' lang='grc' dir='ltr'>τῆς</span> <span class='ocrx_word' id='word_1_244' title='bbox 3374 1797 3591 1863; x_wconf 72' lang='grc' dir='ltr'>εὐωδίας</span> <span class='ocrx_word' id='word_1_245' title='bbox 3625 1799 3750 1867; x_wconf 82' lang='grc' dir='ltr'>ἔστη</span> 
     </span>
    </p>
   </div>
   <div class='ocr_carea' id='block_1_36' title="bbox 378 1883 2022 1965">
    <p class='ocr_par' dir='ltr' id='par_1_36' title="bbox 378 1883 2020 1965">
     <span class='ocr_line' id='line_1_37' title="bbox 378 1883 2020 1965; baseline 0.002 -21"><span class='ocrx_word' id='word_1_246' title='bbox 378 1883 577 1964; x_wconf 75' lang='lat' dir='ltr'><strong>Atque</strong></span> <span class='ocrx_word' id='word_1_247' title='bbox 597 1883 712 1946; x_wconf 90' lang='lat' dir='ltr'><strong>hoc</strong></span> <span class='ocrx_word' id='word_1_248' title='bbox 736 1884 980 1965; x_wconf 89' lang='lat' dir='ltr'><strong>quidem</strong></span> <span class='ocrx_word' id='word_1_249' title='bbox 1007 1884 1432 1960; x_wconf 88' lang='lat' dir='ltr'><strong>miraculum,o</strong></span> <span class='ocrx_word' id='word_1_250' title='bbox 1457 1885 1719 1947; x_wconf 88' lang='lat' dir='ltr'><strong>virorum</strong></span> <span class='ocrx_word' id='word_1_251' title='bbox 1752 1886 2020 1948; x_wconf 88' lang='lat' dir='ltr'><strong>omnium</strong></span> 
     </span>
    </p>
   </div>
   <div class='ocr_carea' id='block_1_37' title="bbox 2111 1883 3751 1965">
    <p class='ocr_par' dir='ltr' id='par_1_37' title="bbox 2111 1885 3751 1964">
     <span class='ocr_line' id='line_1_38' title="bbox 2111 1885 3751 1964; baseline 0.001 -21"><span class='ocrx_word' id='word_1_252' title='bbox 2111 1888 2277 1963; x_wconf 71' lang='grc' dir='ltr'>πηγὴ.</span> <span class='ocrx_word' id='word_1_253' title='bbox 2316 1885 2481 1944; x_wconf 79' lang='grc' dir='ltr'>Τοῦτο</span> <span class='ocrx_word' id='word_1_254' title='bbox 2539 1887 2638 1962; x_wconf 88' lang='grc' dir='ltr'>μέν</span> <span class='ocrx_word' id='word_1_255' title='bbox 2666 1885 2731 1954; x_wconf 81' lang='grc' dir='ltr'><strong>δὴ</strong></span> <span class='ocrx_word' id='word_1_256' title='bbox 2762 1908 2844 1944; x_wconf 89' lang='grc' dir='ltr'><strong>σοι</strong></span> <span class='ocrx_word' id='word_1_257' title='bbox 2877 1889 2938 1944; x_wconf 82' lang='grc' dir='ltr'>τὸ</span> <span class='ocrx_word' id='word_1_258' title='bbox 2969 1887 3167 1964; x_wconf 78' lang='grc' dir='ltr'>θαῦμα,</span> <span class='ocrx_word' id='word_1_259' title='bbox 3201 1886 3455 1944; x_wconf 78' lang='grc' dir='ltr'>κάλλιστέ</span> <span class='ocrx_word' id='word_1_260' title='bbox 3482 1909 3575 1963; x_wconf 88' lang='grc' dir='ltr'><strong>μοι</strong></span> <span class='ocrx_word' id='word_1_261' title='bbox 3613 1889 3751 1945; x_wconf 89' lang='grc' dir='ltr'>πάν-</span> 
     </span>
    </p>
   </div>
   <div class='ocr_carea' id='block_1_38' title="bbox 383 1972 2024 2056">
    <p class='ocr_par' dir='ltr' id='par_1_38' title="bbox 383 1972 2024 2056">
     <span class='ocr_line' id='line_1_39' title="bbox 383 1972 2024 2056; baseline 0.002 -23"><span class='ocrx_word' id='word_1_262' title='bbox 383 1972 609 2053; x_wconf 86' lang='lat' dir='ltr'><strong>optime</strong></span> <span class='ocrx_word' id='word_1_263' title='bbox 628 1980 690 2036; x_wconf 93' lang='lat' dir='ltr'><strong>et</strong></span> <span class='ocrx_word' id='word_1_264' title='bbox 713 1973 1298 2048; x_wconf 85' lang='lat' dir='ltr'><strong>eruditissime,satis</strong></span> <span class='ocrx_word' id='word_1_265' title='bbox 1317 1991 1615 2056; x_wconf 87' lang='lat' dir='ltr'><strong>superque</strong></span> <span class='ocrx_word' id='word_1_266' title='bbox 1636 1974 1897 2038; x_wconf 82' lang='lat' dir='ltr'><strong>ostendit</strong></span> <span class='ocrx_word' id='word_1_267' title='bbox 1920 1994 2024 2055; x_wconf 93' lang='lat' dir='ltr'><strong>pu-</strong></span> 
     </span>
    </p>
   </div>
   <div class='ocr_carea' id='block_1_39' title="bbox 377 2060 2021 2144">
    <p class='ocr_par' dir='ltr' id='par_1_39' title="bbox 377 2060 2021 2144">
     <span class='ocr_line' id='line_1_40' title="bbox 377 2060 2021 2144; baseline 0.001 -20"><span class='ocrx_word' id='word_1_268' title='bbox 377 2060 616 2125; x_wconf 87' lang='lat' dir='ltr'><strong>ritatem</strong></span> <span class='ocrx_word' id='word_1_269' title='bbox 643 2069 895 2144; x_wconf 86' lang='lat' dir='ltr'><strong>tuam,et</strong></span> <span class='ocrx_word' id='word_1_270' title='bbox 915 2062 1314 2127; x_wconf 85' lang='lat' dir='ltr'><strong>sanctitatem:</strong></span> <span class='ocrx_word' id='word_1_271' title='bbox 1342 2081 1478 2124; x_wconf 85' lang='lat' dir='ltr'><strong>nam</strong></span> <span class='ocrx_word' id='word_1_272' title='bbox 1499 2063 1615 2126; x_wconf 84' lang='lat' dir='ltr'><strong>alia</strong></span> <span class='ocrx_word' id='word_1_273' title='bbox 1645 2083 1884 2143; x_wconf 86' lang='lat' dir='ltr'><strong>quoque</strong></span> <span class='ocrx_word' id='word_1_274' title='bbox 1912 2062 2021 2125; x_wconf 90' lang='lat' dir='ltr'><strong>tibi</strong></span> 
     </span>
    </p>
   </div>
   <div class='ocr_carea' id='block_1_40' title="bbox 374 2149 2022 2216">
    <p class='ocr_par' dir='ltr' id='par_1_40' title="bbox 374 2149 2022 2216">
     <span class='ocr_line' id='line_1_41' title="bbox 374 2149 2022 2216; baseline 0 -2"><span class='ocrx_word' id='word_1_275' title='bbox 374 2149 677 2214; x_wconf 70' lang='lat' dir='ltr'><strong>sufﬁciunt</strong></span> <span class='ocrx_word' id='word_1_276' title='bbox 695 2153 767 2214; x_wconf 89' lang='lat' dir='ltr'><strong>ad</strong></span> <span class='ocrx_word' id='word_1_277' title='bbox 790 2152 1295 2216; x_wconf 86' lang='lat' dir='ltr'><strong>accuratissimam</strong></span> <span class='ocrx_word' id='word_1_278' title='bbox 1311 2151 1546 2214; x_wconf 87' lang='lat' dir='ltr'><strong>virtutis</strong></span> <span class='ocrx_word' id='word_1_279' title='bbox 1558 2152 2022 2214; x_wconf 88' lang='lat' dir='ltr'><strong>consummatio-</strong></span> 
     </span>
    </p>
   </div>
   <div class='ocr_carea' id='block_1_41' title="bbox 375 2240 2021 2323">
    <p class='ocr_par' dir='ltr' id='par_1_41' title="bbox 375 2240 2021 2323">
     <span class='ocr_line' id='line_1_42' title="bbox 375 2240 2021 2323; baseline 0 -20"><span class='ocrx_word' id='word_1_280' title='bbox 375 2240 635 2304; x_wconf 74' lang='grc' dir='ltr'>ηοω.Το</span> <span class='ocrx_word' id='word_1_281' title='bbox 665 2250 862 2305; x_wconf 87' lang='lat' dir='ltr'><strong>autem</strong></span> <span class='ocrx_word' id='word_1_282' title='bbox 887 2241 972 2303; x_wconf 88' lang='lat' dir='ltr'><strong>sis</strong></span> <span class='ocrx_word' id='word_1_283' title='bbox 998 2241 1143 2303; x_wconf 88' lang='lat' dir='ltr'><strong>mihi</strong></span> <span class='ocrx_word' id='word_1_284' title='bbox 1177 2241 1493 2323; x_wconf 87' lang='lat' dir='ltr'><strong>propitius,</strong></span> <span class='ocrx_word' id='word_1_285' title='bbox 1528 2241 1575 2301; x_wconf 89' lang='lat' dir='ltr'><strong>si</strong></span> <span class='ocrx_word' id='word_1_286' title='bbox 1609 2260 1728 2303; x_wconf 87' lang='lat' dir='ltr'><strong>non</strong></span> <span class='ocrx_word' id='word_1_287' title='bbox 1758 2240 2021 2322; x_wconf 80' lang='lat' dir='ltr'><strong>perfecte</strong></span> 
     </span>
    </p>
   </div>
   <div class='ocr_carea' id='block_1_42' title="bbox 378 2330 2022 2411">
    <p class='ocr_par' dir='ltr' id='par_1_42' title="bbox 378 2330 2022 2411">
     <span class='ocr_line' id='line_1_43' title="bbox 378 2330 2022 2411; baseline 0 -18"><span class='ocrx_word' id='word_1_288' title='bbox 378 2331 627 2411; x_wconf 84' lang='lat' dir='ltr'><strong>exposui</strong></span> <span class='ocrx_word' id='word_1_289' title='bbox 660 2350 901 2393; x_wconf 90' lang='lat' dir='ltr'><strong>omnem</strong></span> <span class='ocrx_word' id='word_1_290' title='bbox 934 2341 1094 2394; x_wconf 90' lang='lat' dir='ltr'><strong>tuam</strong></span> <span class='ocrx_word' id='word_1_291' title='bbox 1116 2331 1621 2411; x_wconf 88' lang='lat' dir='ltr'><strong>virtutem,neque</strong></span> <span class='ocrx_word' id='word_1_292' title='bbox 1645 2350 1715 2392; x_wconf 84' lang='lat' dir='ltr'><strong>ex</strong></span> <span class='ocrx_word' id='word_1_293' title='bbox 1740 2330 2022 2393; x_wconf 88' lang='lat' dir='ltr'><strong>omnibus</strong></span> 
     </span>
    </p>
   </div>
   <div class='ocr_carea' id='block_1_43' title="bbox 378 2419 2017 2502">
    <p class='ocr_par' dir='ltr' id='par_1_43' title="bbox 378 2419 2017 2502">
     <span class='ocr_line' id='line_1_44' title="bbox 378 2419 2017 2502; baseline 0 -22"><span class='ocrx_word' id='word_1_294' title='bbox 378 2420 495 2480; x_wconf 87' lang='lat' dir='ltr'><strong>tuis</strong></span> <span class='ocrx_word' id='word_1_295' title='bbox 539 2419 717 2482; x_wconf 88' lang='lat' dir='ltr'><strong>bonis</strong></span> <span class='ocrx_word' id='word_1_296' title='bbox 744 2420 852 2482; x_wconf 88' lang='lat' dir='ltr'><strong>tibi</strong></span> <span class='ocrx_word' id='word_1_297' title='bbox 884 2438 1030 2502; x_wconf 87' lang='lat' dir='ltr'><strong>pure</strong></span> <span class='ocrx_word' id='word_1_298' title='bbox 1059 2420 1226 2483; x_wconf 88' lang='lat' dir='ltr'><strong>attuli</strong></span> <span class='ocrx_word' id='word_1_299' title='bbox 1258 2419 1686 2496; x_wconf 88' lang='lat' dir='ltr'><strong>laudationem,</strong></span> <span class='ocrx_word' id='word_1_300' title='bbox 1733 2439 1844 2482; x_wconf 86' lang='lat' dir='ltr'><strong>nec</strong></span> <span class='ocrx_word' id='word_1_301' title='bbox 1875 2421 2017 2482; x_wconf 88' lang='lat' dir='ltr'><strong>mibi</strong></span> 
     </span>
    </p>
   </div>
   <div class='ocr_carea' id='block_1_44' title="bbox 374 2508 2016 2592">
    <p class='ocr_par' dir='ltr' id='par_1_44' title="bbox 374 2508 2016 2592">
     <span class='ocr_line' id='line_1_45' title="bbox 374 2508 2016 2592; baseline 0.001 -21"><span class='ocrx_word' id='word_1_302' title='bbox 374 2508 656 2573; x_wconf 83' lang='lat' dir='ltr'><strong>irascaris</strong></span> <span class='ocrx_word' id='word_1_303' title='bbox 689 2517 931 2592; x_wconf 88' lang='lat' dir='ltr'><strong>propter</strong></span> <span class='ocrx_word' id='word_1_304' title='bbox 959 2528 1053 2592; x_wconf 83' lang='lat' dir='ltr'><strong>ea,</strong></span> <span class='ocrx_word' id='word_1_305' title='bbox 1080 2528 1211 2592; x_wconf 68' lang='lat' dir='ltr'><strong>qua;</strong></span> <span class='ocrx_word' id='word_1_306' title='bbox 1231 2515 1370 2572; x_wconf 85' lang='lat' dir='ltr'><strong>sunt</strong></span> <span class='ocrx_word' id='word_1_307' title='bbox 1399 2527 1435 2569; x_wconf 85' lang='lat' dir='ltr'><strong>a</strong></span> <span class='ocrx_word' id='word_1_308' title='bbox 1466 2526 1561 2571; x_wconf 90' lang='lat' dir='ltr'><strong>me</strong></span> <span class='ocrx_word' id='word_1_309' title='bbox 1592 2510 2016 2590; x_wconf 60' lang='lat' dir='ltr'><strong>praetermissa,</strong></span> 
     </span>
    </p>
   </div>
   <div class='ocr_carea' id='block_1_45' title="bbox 375 2598 2017 2681">
    <p class='ocr_par' dir='ltr' id='par_1_45' title="bbox 375 2598 2017 2681">
     <span class='ocr_line' id='line_1_46' title="bbox 375 2598 2017 2681; baseline -0.001 -21"><span class='ocrx_word' id='word_1_310' title='bbox 375 2599 482 2660; x_wconf 85' lang='lat' dir='ltr'><strong>sed</strong></span> <span class='ocrx_word' id='word_1_311' title='bbox 512 2616 720 2663; x_wconf 88' lang='lat' dir='ltr'><strong>eorum</strong></span> <span class='ocrx_word' id='word_1_312' title='bbox 755 2618 888 2681; x_wconf 70' lang='lat' dir='ltr'><strong>quae</strong></span> <span class='ocrx_word' id='word_1_313' title='bbox 913 2599 1125 2681; x_wconf 84' lang='lat' dir='ltr'><strong>scripsi</strong></span> <span class='ocrx_word' id='word_1_314' title='bbox 1159 2598 1534 2671; x_wconf 89' lang='lat' dir='ltr'><strong>memineris,</strong></span> <span class='ocrx_word' id='word_1_315' title='bbox 1570 2599 1620 2659; x_wconf 90' lang='lat' dir='ltr'><strong>si</strong></span> <span class='ocrx_word' id='word_1_316' title='bbox 1652 2618 1881 2676; x_wconf 88' lang='lat' dir='ltr'><strong>eorum,</strong></span> <span class='ocrx_word' id='word_1_317' title='bbox 1919 2603 2017 2681; x_wconf 85' lang='lat' dir='ltr'><strong>qui</strong></span> 
     </span>
    </p>
   </div>
   <div class='ocr_carea' id='block_1_46' title="bbox 375 2686 2021 2769">
    <p class='ocr_par' dir='ltr' id='par_1_46' title="bbox 375 2686 2021 2769">
     <span class='ocr_line' id='line_1_47' title="bbox 375 2686 2021 2769; baseline -0.001 -18"><span class='ocrx_word' id='word_1_318' title='bbox 375 2689 477 2751; x_wconf 82' lang='lat' dir='ltr'><strong>blc</strong></span> <span class='ocrx_word' id='word_1_319' title='bbox 504 2698 665 2761; x_wconf 84' lang='lat' dir='ltr'><strong>sunt,</strong></span> <span class='ocrx_word' id='word_1_320' title='bbox 702 2696 793 2751; x_wconf 86' lang='lat' dir='ltr'><strong>est</strong></span> <span class='ocrx_word' id='word_1_321' title='bbox 837 2689 959 2751; x_wconf 80' lang='lat' dir='ltr'><strong>ulla</strong></span> <span class='ocrx_word' id='word_1_322' title='bbox 1011 2689 1305 2752; x_wconf 85' lang='lat' dir='ltr'><strong>memoria</strong></span> <span class='ocrx_word' id='word_1_323' title='bbox 1355 2686 1567 2750; x_wconf 81' lang='lat' dir='ltr'><strong>vestris</strong></span> <span class='ocrx_word' id='word_1_324' title='bbox 1594 2688 1932 2769; x_wconf 89' lang='lat' dir='ltr'><strong>purissimis</strong></span> <span class='ocrx_word' id='word_1_325' title='bbox 1957 2700 2021 2750; x_wconf 91' lang='lat' dir='ltr'><strong>et</strong></span> 
     </span>
    </p>
   </div>
   <div class='ocr_carea' id='block_1_47' title="bbox 348 2777 1039 2842">
    <p class='ocr_par' dir='ltr' id='par_1_47' title="bbox 348 2777 1039 2842">
     <span class='ocr_line' id='line_1_48' title="bbox 348 2777 1039 2842; baseline 0.001 -3"><span class='ocrx_word' id='word_1_326' title='bbox 348 2777 772 2841; x_wconf 20' lang='lat' dir='ltr'><strong>Adivinissimis</strong></span> <span class='ocrx_word' id='word_1_327' title='bbox 800 2779 1039 2842; x_wconf 88' lang='lat' dir='ltr'><strong>animis.</strong></span> 
     </span>
    </p>
   </div>
   <div class='ocr_carea' id='block_1_48' title="bbox 2103 1971 3752 2054">
    <p class='ocr_par' dir='ltr' id='par_1_48' title="bbox 2103 1971 3752 2054">
     <span class='ocr_line' id='line_1_49' title="bbox 2103 1971 3752 2054; baseline 0 -25"><span class='ocrx_word' id='word_1_328' title='bbox 2103 1994 2210 2029; x_wconf 88' lang='grc' dir='ltr'><strong>των</strong></span> <span class='ocrx_word' id='word_1_329' title='bbox 2268 1971 2467 2050; x_wconf 80' lang='grc' dir='ltr'>ἀνδρῶν</span> <span class='ocrx_word' id='word_1_330' title='bbox 2522 1975 2610 2031; x_wconf 82' lang='grc' dir='ltr'><strong>καὶ</strong></span> <span class='ocrx_word' id='word_1_331' title='bbox 2653 1973 3077 2053; x_wconf 66' lang='grc' dir='ltr'>ὲλλογιμώτατε,</span> <span class='ocrx_word' id='word_1_332' title='bbox 3134 1975 3209 2040; x_wconf 78' lang='grc' dir='ltr'>εἷς</span> <span class='ocrx_word' id='word_1_333' title='bbox 3262 1976 3567 2054; x_wconf 80' lang='grc' dir='ltr'>περιουσίαν</span> <span class='ocrx_word' id='word_1_334' title='bbox 3609 1975 3752 2032; x_wconf 73' lang='grc' dir='ltr'>ἐστὶν</span> 
     </span>
    </p>
   </div>
   <div class='ocr_carea' id='block_1_49' title="bbox 2103 2060 3752 2144">
    <p class='ocr_par' dir='ltr' id='par_1_49' title="bbox 2103 2060 3752 2144">
     <span class='ocr_line' id='line_1_50' title="bbox 2103 2060 3752 2144; baseline 0.001 -24"><span class='ocrx_word' id='word_1_335' title='bbox 2103 2060 2418 2128; x_wconf 79' lang='grc' dir='ltr'>ἀποδείξεως</span> <span class='ocrx_word' id='word_1_336' title='bbox 2452 2068 2550 2130; x_wconf 77' lang='grc' dir='ltr'>τῆς</span> <span class='ocrx_word' id='word_1_337' title='bbox 2583 2069 2683 2131; x_wconf 80' lang='grc' dir='ltr'>σῆς</span> <span class='ocrx_word' id='word_1_338' title='bbox 2713 2063 3076 2144; x_wconf 87' lang='grc' dir='ltr'>καθαρότητος</span> <span class='ocrx_word' id='word_1_339' title='bbox 3108 2065 3197 2121; x_wconf 87' lang='grc' dir='ltr'><strong>καί</strong></span> <span class='ocrx_word' id='word_1_340' title='bbox 3242 2065 3536 2143; x_wconf 73' lang='grc' dir='ltr'>ἁγιότητος</span> <span class='ocrx_word' id='word_1_341' title='bbox 3572 2084 3585 2099; x_wconf 78' lang='grc'><strong><em>⁸</em></strong></span> <span class='ocrx_word' id='word_1_342' title='bbox 3635 2063 3752 2122; x_wconf 71' lang='grc' dir='ltr'>ἐπεὶ</span> 
     </span>
    </p>
   </div>
   <div class='ocr_carea' id='block_1_50' title="bbox 2101 2150 3748 2234">
    <p class='ocr_par' dir='ltr' id='par_1_50' title="bbox 2101 2150 3748 2234">
     <span class='ocr_line' id='line_1_51' title="bbox 2101 2150 3748 2234; baseline 0.001 -25"><span class='ocrx_word' id='word_1_343' title='bbox 2101 2153 2192 2209; x_wconf 90' lang='grc' dir='ltr'><strong>καί</strong></span> <span class='ocrx_word' id='word_1_344' title='bbox 2236 2150 2405 2208; x_wconf 68' lang='grc' dir='ltr'>τᾶλλα</span> <span class='ocrx_word' id='word_1_345' title='bbox 2460 2152 2791 2232; x_wconf 79' lang='grc' dir='ltr'>ἀποχρῶντα</span> <span class='ocrx_word' id='word_1_346' title='bbox 2846 2175 2930 2211; x_wconf 92' lang='grc' dir='ltr'><strong>σοι</strong></span> <span class='ocrx_word' id='word_1_347' title='bbox 3010 2156 3141 2231; x_wconf 77' lang='grc' dir='ltr'>πρὸς</span> <span class='ocrx_word' id='word_1_348' title='bbox 3229 2154 3330 2222; x_wconf 78' lang='grc' dir='ltr'><strong>τὴν</strong></span> <span class='ocrx_word' id='word_1_349' title='bbox 3385 2158 3485 2223; x_wconf 78' lang='grc' dir='ltr'>τῆς</span> <span class='ocrx_word' id='word_1_350' title='bbox 3554 2155 3748 2234; x_wconf 80' lang='grc' dir='ltr'>ἀρετῆς</span> 
     </span>
    </p>
   </div>
   <div class='ocr_carea' id='block_1_51' title="bbox 2102 2241 3745 2324">
    <p class='ocr_par' dir='ltr' id='par_1_51' title="bbox 2102 2241 3745 2324">
     <span class='ocr_line' id='line_1_52' title="bbox 2102 2241 3745 2324; baseline 0.001 -26"><span class='ocrx_word' id='word_1_351' title='bbox 2102 2241 2488 2320; x_wconf 79' lang='grc' dir='ltr'>ἀκριϐεστάτην</span> <span class='ocrx_word' id='word_1_352' title='bbox 2521 2241 2820 2301; x_wconf 84' lang='grc' dir='ltr'>τελείωσιν.</span> <span class='ocrx_word' id='word_1_353' title='bbox 2878 2243 2950 2300; x_wconf 79' lang='grc' dir='ltr'><strong>Σὺ</strong></span> <span class='ocrx_word' id='word_1_354' title='bbox 2993 2241 3048 2299; x_wconf 81' lang='grc' dir='ltr'><strong>δέ</strong></span> <span class='ocrx_word' id='word_1_355' title='bbox 3095 2266 3185 2318; x_wconf 85' lang='grc' dir='ltr'><strong>μοι</strong></span> <span class='ocrx_word' id='word_1_356' title='bbox 3218 2243 3382 2307; x_wconf 72' lang='grc' dir='ltr'>ἵλεως</span> <span class='ocrx_word' id='word_1_357' title='bbox 3413 2243 3561 2324; x_wconf 80' lang='grc' dir='ltr'>εἴης,</span> <span class='ocrx_word' id='word_1_358' title='bbox 3593 2247 3637 2300; x_wconf 81' lang='grc' dir='ltr'>εἱ</span> <span class='ocrx_word' id='word_1_359' title='bbox 3667 2246 3745 2319; x_wconf 72' lang='grc' dir='ltr'><strong>μή</strong></span> 
     </span>
    </p>
   </div>
   <div class='ocr_carea' id='block_1_52' title="bbox 2101 2329 3748 2411">
    <p class='ocr_par' dir='ltr' id='par_1_52' title="bbox 2101 2329 3748 2411">
     <span class='ocr_line' id='line_1_53' title="bbox 2101 2329 3748 2411; baseline 0.002 -24"><span class='ocrx_word' id='word_1_360' title='bbox 2101 2353 2183 2388; x_wconf 94' lang='grc' dir='ltr'><strong>σοι</strong></span> <span class='ocrx_word' id='word_1_361' title='bbox 2246 2332 2527 2407; x_wconf 77' lang='grc' dir='ltr'>σύμπασαν</span> <span class='ocrx_word' id='word_1_362' title='bbox 2605 2329 3045 2410; x_wconf 67' lang='grc' dir='ltr'>διηφιὸωαάμην</span> <span class='ocrx_word' id='word_1_363' title='bbox 3115 2333 3329 2411; x_wconf 71' lang='grc' dir='ltr'>ἀρετὴν,</span> <span class='ocrx_word' id='word_1_364' title='bbox 3391 2334 3469 2407; x_wconf 83' lang='grc' dir='ltr'>μὴ</span> <span class='ocrx_word' id='word_1_365' title='bbox 3527 2336 3625 2401; x_wconf 78' lang='grc' dir='ltr'>τὴν</span> <span class='ocrx_word' id='word_1_366' title='bbox 3686 2336 3748 2390; x_wconf 66' lang='grc' dir='ltr'>ὲκ</span> 
     </span>
    </p>
   </div>
   <div class='ocr_carea' id='block_1_53' title="bbox 2101 2420 3746 2504">
    <p class='ocr_par' dir='ltr' id='par_1_53' title="bbox 2101 2420 3746 2504">
     <span class='ocr_line' id='line_1_54' title="bbox 2101 2420 3746 2504; baseline 0 -26"><span class='ocrx_word' id='word_1_367' title='bbox 2101 2421 2314 2479; x_wconf 84' lang='grc' dir='ltr'>πάντων</span> <span class='ocrx_word' id='word_1_368' title='bbox 2369 2424 2475 2477; x_wconf 79' lang='grc' dir='ltr'><strong>τῶν</strong></span> <span class='ocrx_word' id='word_1_369' title='bbox 2533 2423 2640 2477; x_wconf 72' lang='grc' dir='ltr'><strong>σῶν</strong></span> <span class='ocrx_word' id='word_1_370' title='bbox 2698 2420 2880 2478; x_wconf 83' lang='grc' dir='ltr'>καλῶν</span> <span class='ocrx_word' id='word_1_371' title='bbox 2931 2422 3295 2498; x_wconf 76' lang='grc' dir='ltr'>συνεμέτρησα</span> <span class='ocrx_word' id='word_1_372' title='bbox 3327 2445 3412 2479; x_wconf 88' lang='grc' dir='ltr'><strong>σοι</strong></span> <span class='ocrx_word' id='word_1_373' title='bbox 3456 2422 3556 2489; x_wconf 81' lang='grc' dir='ltr'>τὴν</span> <span class='ocrx_word' id='word_1_374' title='bbox 3585 2426 3746 2504; x_wconf 68' lang='grc' dir='ltr'>εὔφη-</span> 
     </span>
    </p>
   </div>
   <div class='ocr_carea' id='block_1_54' title="bbox 2104 2508 3745 2592">
    <p class='ocr_par' dir='ltr' id='par_1_54' title="bbox 2104 2508 3745 2592">
     <span class='ocr_line' id='line_1_55' title="bbox 2104 2508 3745 2592; baseline 0.001 -26"><span class='ocrx_word' id='word_1_375' title='bbox 2104 2512 2252 2586; x_wconf 87' lang='grc' dir='ltr'>μίαν,</span> <span class='ocrx_word' id='word_1_376' title='bbox 2285 2510 2372 2566; x_wconf 86' lang='grc' dir='ltr'><strong>καὶ</strong></span> <span class='ocrx_word' id='word_1_377' title='bbox 2404 2510 2480 2583; x_wconf 73' lang='grc' dir='ltr'>μή</span> <span class='ocrx_word' id='word_1_378' title='bbox 2525 2530 2593 2584; x_wconf 84' lang='grc' dir='ltr'><strong>με</strong></span> <span class='ocrx_word' id='word_1_379' title='bbox 2625 2514 2713 2573; x_wconf 88' lang='grc' dir='ltr'>οἷς</span> <span class='ocrx_word' id='word_1_380' title='bbox 2770 2509 3078 2586; x_wconf 80' lang='grc' dir='ltr'>ἐλ)ἐλοιπα,</span> <span class='ocrx_word' id='word_1_381' title='bbox 3119 2508 3187 2568; x_wconf 84' lang='grc' dir='ltr'>δι’</span> <span class='ocrx_word' id='word_1_382' title='bbox 3218 2511 3384 2589; x_wconf 70' lang='grc' dir='ltr'>ὀργῆς</span> <span class='ocrx_word' id='word_1_383' title='bbox 3414 2511 3590 2592; x_wconf 79' lang='grc' dir='ltr'>ἔχοις,</span> <span class='ocrx_word' id='word_1_384' title='bbox 3622 2511 3745 2568; x_wconf 82' lang='grc' dir='ltr'>ἀλλ’</span> 
     </span>
    </p>
   </div>
   <div class='ocr_carea' id='block_1_55' title="bbox 2101 2597 3743 2678">
    <p class='ocr_par' dir='ltr' id='par_1_55' title="bbox 2101 2597 3743 2678">
     <span class='ocr_line' id='line_1_56' title="bbox 2101 2597 3743 2678; baseline 0 -21"><span class='ocrx_word' id='word_1_385' title='bbox 2101 2603 2188 2665; x_wconf 79' lang='grc' dir='ltr'>οἷς</span> <span class='ocrx_word' id='word_1_386' title='bbox 2219 2598 2581 2678; x_wconf 72' lang='grc' dir='ltr'>συγγέγραφα,</span> <span class='ocrx_word' id='word_1_387' title='bbox 2616 2597 2693 2654; x_wconf 73' lang='grc' dir='ltr'><strong>διέ</strong></span> <span class='ocrx_word' id='word_1_388' title='bbox 2724 2601 2949 2675; x_wconf 77' lang='grc' dir='ltr'>μνήμης</span> <span class='ocrx_word' id='word_1_389' title='bbox 2979 2599 3154 2678; x_wconf 73' lang='grc' dir='ltr'>ἄγοις,</span> <span class='ocrx_word' id='word_1_390' title='bbox 3188 2600 3243 2656; x_wconf 79' lang='grc' dir='ltr'><strong>εἴ</strong></span> <span class='ocrx_word' id='word_1_391' title='bbox 3283 2601 3361 2664; x_wconf 83' lang='grc' dir='ltr'><strong>τίς</strong></span> <span class='ocrx_word' id='word_1_392' title='bbox 3411 2601 3523 2657; x_wconf 79' lang='grc' dir='ltr'>ἐστι</span> <span class='ocrx_word' id='word_1_393' title='bbox 3555 2600 3743 2677; x_wconf 68' lang='grc' dir='ltr'>μνήμη</span> 
     </span>
    </p>
   </div>
   <div class='ocr_carea' id='block_1_56' title="bbox 2101 2688 3744 2769">
    <p class='ocr_par' dir='ltr' id='par_1_56' title="bbox 2101 2688 3744 2769">
     <span class='ocr_line' id='line_1_57' title="bbox 2101 2688 3744 2769; baseline 0.001 -22"><span class='ocrx_word' id='word_1_394' title='bbox 2101 2694 2210 2747; x_wconf 81' lang='grc' dir='ltr'>τῶν</span> <span class='ocrx_word' id='word_1_395' title='bbox 2269 2690 2487 2746; x_wconf 78' lang='grc' dir='ltr'>ἐνταῦθα</span> <span class='ocrx_word' id='word_1_396' title='bbox 2541 2700 2667 2753; x_wconf 81' lang='grc' dir='ltr'>ταῖς</span> <span class='ocrx_word' id='word_1_397' title='bbox 2716 2688 3104 2769; x_wconf 73' lang='grc' dir='ltr'>καθαρωτέραις</span> <span class='ocrx_word' id='word_1_398' title='bbox 3152 2692 3309 2765; x_wconf 70' lang='grc' dir='ltr'>ἡμῶν</span> <span class='ocrx_word' id='word_1_399' title='bbox 3363 2693 3452 2748; x_wconf 89' lang='grc' dir='ltr'><strong>καί</strong></span> <span class='ocrx_word' id='word_1_400' title='bbox 3495 2690 3744 2749; x_wconf 79' lang='grc' dir='ltr'>θεοειδέσι</span> 
     </span>
    </p>
   </div>
   <div class='ocr_carea' id='block_1_57' title="bbox 2104 2785 2334 2859">
    <p class='ocr_par' dir='ltr' id='par_1_57' title="bbox 2104 2785 2334 2859">
     <span class='ocr_line' id='line_1_58' title="bbox 2104 2785 2334 2859; baseline -0.004 -22"><span class='ocrx_word' id='word_1_401' title='bbox 2104 2785 2334 2859; x_wconf 72' lang='grc' dir='ltr'>ψυχαῖς.</span> 
     </span>
    </p>
   </div>
   <div class='ocr_carea' id='block_1_58' title="bbox 1692 3082 2420 3163">
    <p class='ocr_par' dir='ltr' id='par_1_58' title="bbox 1692 3082 2420 3163">
     <span class='ocr_line' id='line_1_59' title="bbox 1692 3082 2420 3163; baseline 0.011 -30"><span class='ocrx_word' id='word_1_402' title='bbox 1692 3085 1861 3137; x_wconf 76' lang='lat' dir='ltr'><strong>MBNI</strong></span> <span class='ocrx_word' id='word_1_403' title='bbox 1926 3087 2263 3163; x_wconf 79' lang='grc' dir='ltr'><strong>ΝΟΕΜΒΡΙῼ</strong></span> <span class='ocrx_word' id='word_1_404' title='bbox 2308 3082 2420 3140; x_wconf 84' lang='lat' dir='ltr'><strong>KH’</strong></span> 
     </span>
    </p>
   </div>
   <div class='ocr_carea' id='block_1_59' title="bbox 1001 3180 3180 3275">
    <p class='ocr_par' dir='ltr' id='par_1_59' title="bbox 1001 3180 3180 3275">
     <span class='ocr_line' id='line_1_60' title="bbox 1001 3180 3180 3275; baseline 0.001 -5"><span class='ocrx_word' id='word_1_405' title='bbox 1001 3220 1248 3273; x_wconf 74' lang='grc' dir='ltr'><strong>ΜΝΗΜΗ</strong></span> <span class='ocrx_word' id='word_1_406' title='bbox 1292 3221 1419 3273; x_wconf 78' lang='grc' dir='ltr'><strong>ΤΟΥ</strong></span> <span class='ocrx_word' id='word_1_407' title='bbox 1468 3220 1549 3272; x_wconf 77' lang='grc' dir='ltr'><strong>ΕΝ</strong></span> <span class='ocrx_word' id='word_1_408' title='bbox 1597 3219 1815 3271; x_wconf 85' lang='grc' dir='ltr'><strong>ΑῐῚΟΙΣ</strong></span> <span class='ocrx_word' id='word_1_409' title='bbox 1861 3218 2123 3272; x_wconf 77' lang='grc' dir='ltr'><strong>ΠΑΤΡΟΣ</strong></span> <span class='ocrx_word' id='word_1_410' title='bbox 2167 3219 2362 3273; x_wconf 79' lang='grc' dir='ltr'><strong>ΗΜΩΝ</strong></span> <span class='ocrx_word' id='word_1_411' title='bbox 2405 3221 2683 3275; x_wconf 74' lang='grc' dir='ltr'><strong>ΣΥΜΕΩΝ</strong></span> <span class='ocrx_word' id='word_1_412' title='bbox 2726 3220 3121 3275; x_wconf 80' lang='grc' dir='ltr'><strong>ΛΟΓΟΘΕΤΟΥ</strong></span> <span class='ocrx_word' id='word_1_413' title='bbox 3176 3180 3180 3184; x_wconf 17' lang='grc' dir='ltr'><strong>Δ</strong></span> 
     </span>
    </p>
   </div>
   <div class='ocr_carea' id='block_1_60' title="bbox 1580 3352 2542 3408">
    <p class='ocr_par' dir='ltr' id='par_1_60' title="bbox 1580 3352 2542 3408">
     <span class='ocr_line' id='line_1_61' title="bbox 1580 3352 2542 3408; baseline 0.002 -2"><span class='ocrx_word' id='word_1_414' title='bbox 1580 3356 1751 3406; x_wconf 81' lang='grc' dir='ltr'><strong>ΤΟΥ</strong></span> <span class='ocrx_word' id='word_1_415' title='bbox 1825 3352 2542 3408; x_wconf 77' lang='grc' dir='ltr'><strong>ΜΕΤΑΦΡᾹΣΤΟΥ.</strong></span> 
     </span>
    </p>
   </div>
   <div class='ocr_carea' id='block_1_61' title="bbox 1303 3488 2838 3542">
    <p class='ocr_par' dir='ltr' id='par_1_61' title="bbox 1303 3488 2838 3542">
     <span class='ocr_line' id='line_1_62' title="bbox 1303 3488 2838 3542; baseline -0.001 -2"><span class='ocrx_word' id='word_1_416' title='bbox 1303 3488 1687 3542; x_wconf 75' lang='grc' dir='ltr'><strong>ΛΚΟΛΟΥΘΙΑ</strong></span> <span class='ocrx_word' id='word_1_417' title='bbox 1734 3489 2155 3541; x_wconf 77' lang='grc' dir='ltr'><strong>ΣΥΝῙῈΘΕΙΣΑ</strong></span> <span class='ocrx_word' id='word_1_418' title='bbox 2203 3489 2334 3541; x_wconf 83' lang='grc' dir='ltr'><strong>ΥΠΟ</strong></span> <span class='ocrx_word' id='word_1_419' title='bbox 2384 3491 2514 3541; x_wconf 80' lang='grc' dir='ltr'><strong>ΤΟΥ</strong></span> <span class='ocrx_word' id='word_1_420' title='bbox 2557 3488 2838 3542; x_wconf 79' lang='grc' dir='ltr'><strong>ΨΕΛΛΟΥ</strong></span> 
     </span>
    </p>
   </div>
   <div class='ocr_carea' id='block_1_62' title="bbox 616 3608 3503 3696">
    <p class='ocr_par' dir='ltr' id='par_1_62' title="bbox 616 3608 3503 3696">
     <span class='ocr_line' id='line_1_63' title="bbox 616 3608 3503 3696; baseline 0.001 -29"><span class='ocrx_word' id='word_1_421' title='bbox 616 3610 864 3691; x_wconf 70' lang='grc' dir='ltr'>Στιγηρὰ</span> <span class='ocrx_word' id='word_1_422' title='bbox 920 3610 993 3677; x_wconf 83' lang='grc' dir='ltr'><strong>είς</strong></span> <span class='ocrx_word' id='word_1_423' title='bbox 1052 3614 1136 3687; x_wconf 81' lang='grc' dir='ltr'><strong>τὸ,</strong></span> <span class='ocrx_word' id='word_1_424' title='bbox 1200 3614 1352 3694; x_wconf 77' lang='grc' dir='ltr'>Κύριε</span> <span class='ocrx_word' id='word_1_425' title='bbox 1428 3614 1700 3694; x_wconf 72' lang='grc' dir='ltr'>ἐκέκραξα.</span> <span class='ocrx_word' id='word_1_426' title='bbox 1759 3608 1933 3694; x_wconf 74' lang='grc' dir='ltr'>Ἠχος</span> <span class='ocrx_word' id='word_1_427' title='bbox 1999 3612 2224 3693; x_wconf 79' lang='grc' dir='ltr'>πλαγίου</span> <span class='ocrx_word' id='word_1_428' title='bbox 2276 3613 2537 3694; x_wconf 68' lang='grc' dir='ltr'>δευτέρου.</span> <span class='ocrx_word' id='word_1_429' title='bbox 2606 3618 2743 3696; x_wconf 76' lang='grc' dir='ltr'>Πρὸς</span> <span class='ocrx_word' id='word_1_430' title='bbox 2803 3618 2865 3673; x_wconf 85' lang='grc' dir='ltr'>τὸ</span> <span class='ocrx_word' id='word_1_431' title='bbox 2920 3614 3095 3683; x_wconf 79' lang='grc' dir='ltr'>Ὅλην</span> <span class='ocrx_word' id='word_1_432' title='bbox 3163 3614 3503 3691; x_wconf 79' lang='grc' dir='ltr'>ἀποθέμενοι,</span> 
     </span>
    </p>
   </div>
   <div class='ocr_carea' id='block_1_63' title="bbox 1579 3947 2547 4000">
    <p class='ocr_par' dir='ltr' id='par_1_63' title="bbox 1579 3947 2547 4000">
     <span class='ocr_line' id='line_1_64' title="bbox 1579 3947 2547 4000; baseline -0.002 0"><span class='ocrx_word' id='word_1_433' title='bbox 1579 3950 1788 4000; x_wconf 66' lang='grc' dir='ltr'>κεινειε</span> <span class='ocrx_word' id='word_1_434' title='bbox 1830 3947 2166 3999; x_wconf 71' lang='grc' dir='ltr'>Νονιειωιιιε</span> <span class='ocrx_word' id='word_1_435' title='bbox 2205 3951 2306 3999; x_wconf 80' lang='lat' dir='ltr'><strong>DIE</strong></span> <span class='ocrx_word' id='word_1_436' title='bbox 2345 3953 2547 4000; x_wconf 67' lang='lat' dir='ltr'><strong>XXVIII.</strong></span> 
     </span>
    </p>
   </div>
   <div class='ocr_carea' id='block_1_64' title="bbox 795 4061 3328 4129">
    <p class='ocr_par' dir='ltr' id='par_1_64' title="bbox 795 4061 3328 4129">
     <span class='ocr_line' id='line_1_65' title="bbox 795 4061 3328 4129; baseline -0.002 0"><span class='ocrx_word' id='word_1_437' title='bbox 795 4061 1475 4129; x_wconf 74' lang='lat' dir='ltr'><strong>COMMEHORATIO</strong></span> <span class='ocrx_word' id='word_1_438' title='bbox 1518 4063 1579 4127; x_wconf 90' lang='lat' dir='ltr'><strong>S.</strong></span> <span class='ocrx_word' id='word_1_439' title='bbox 1630 4062 1923 4127; x_wconf 83' lang='lat' dir='ltr'><strong><em>PATRIS</em></strong></span> <span class='ocrx_word' id='word_1_440' title='bbox 1965 4061 2277 4127; x_wconf 86' lang='lat' dir='ltr'><strong><em>NOSTRI</em></strong></span> <span class='ocrx_word' id='word_1_441' title='bbox 2314 4061 2735 4129; x_wconf 83' lang='lat' dir='ltr'><strong>SYMEONIS</strong></span> <span class='ocrx_word' id='word_1_442' title='bbox 2780 4061 3328 4128; x_wconf 65' lang='grc' dir='ltr'><strong>ιοδΟΤΗΕΤΑῡ.</strong></span> 
     </span>
    </p>
   </div>
   <div class='ocr_carea' id='block_1_65' title="bbox 1553 4186 2572 4264">
    <p class='ocr_par' dir='ltr' id='par_1_65' title="bbox 1553 4186 2572 4264">
     <span class='ocr_line' id='line_1_66' title="bbox 1553 4186 2572 4264; baseline 0.002 -13"><span class='ocrx_word' id='word_1_443' title='bbox 1553 4186 1704 4264; x_wconf 84' lang='lat' dir='ltr'><strong>QUI</strong></span> <span class='ocrx_word' id='word_1_444' title='bbox 1742 4188 1851 4250; x_wconf 88' lang='lat' dir='ltr'><em>ET</em></span> <span class='ocrx_word' id='word_1_445' title='bbox 1890 4188 2572 4255; x_wconf 81' lang='lat' dir='ltr'><strong>METAPHRASTES.</strong></span> 
     </span>
    </p>
   </div>
   <div class='ocr_carea' id='block_1_66' title="bbox 1378 4327 2744 4396">
    <p class='ocr_par' dir='ltr' id='par_1_66' title="bbox 1378 4327 2744 4396">
     <span class='ocr_line' id='line_1_67' title="bbox 1378 4327 2744 4396; baseline 0 -3"><span class='ocrx_word' id='word_1_446' title='bbox 1378 4327 1731 4393; x_wconf 88' lang='lat' dir='ltr'><strong>OFFICIUM</strong></span> <span class='ocrx_word' id='word_1_447' title='bbox 1788 4330 1841 4393; x_wconf 87' lang='lat' dir='ltr'><strong>A</strong></span> <span class='ocrx_word' id='word_1_448' title='bbox 1904 4327 2181 4396; x_wconf 85' lang='lat' dir='ltr'><strong>PSELLO</strong></span> <span class='ocrx_word' id='word_1_449' title='bbox 2242 4330 2744 4396; x_wconf 83' lang='lat' dir='ltr'><strong>COMPOSITUM.</strong></span> 
     </span>
    </p>
   </div>
   <div class='ocr_carea' id='block_1_67' title="bbox 372 4452 3748 4614">
    <p class='ocr_par' dir='ltr' id='par_1_67' title="bbox 372 4452 3748 4614">
     <span class='ocr_line' id='line_1_68' title="bbox 372 4452 3748 4614; baseline -0.003 -92"><span class='ocrx_word' id='word_1_450' title='bbox 372 4456 676 4539; x_wconf 85' lang='lat' dir='ltr'><strong>Troparia</strong></span> <span class='ocrx_word' id='word_1_451' title='bbox 729 4454 792 4520; x_wconf 88' lang='lat' dir='ltr'><strong>in</strong></span> <span class='ocrx_word' id='word_1_452' title='bbox 862 4452 1197 4538; x_wconf 83' lang='lat' dir='ltr'><strong>psalmum,</strong></span> <span class='ocrx_word' id='word_1_453' title='bbox 1262 4452 1530 4517; x_wconf 76' lang='lat' dir='ltr'><strong>Domine</strong></span> <span class='ocrx_word' id='word_1_454' title='bbox 1595 4454 1929 4593; x_wconf 50' lang='lat' dir='ltr'><strong>clamavié</strong></span> <span class='ocrx_word' id='word_1_455' title='bbox 1932 4457 2342 4614; x_wconf 34' lang='lat' dir='ltr'><strong>T(“1’3“zkuzl‘oorius</strong></span> <span class='ocrx_word' id='word_1_456' title='bbox 2404 4457 2713 4543; x_wconf 63' lang='grc' dir='ltr'><strong>⁴οῠὶὶιιιιιιε</strong></span> <span class='ocrx_word' id='word_1_457' title='bbox 2767 4457 3108 4523; x_wconf 87' lang='lat' dir='ltr'><strong>secundus.</strong></span> <span class='ocrx_word' id='word_1_458' title='bbox 3185 4459 3263 4521; x_wconf 90' lang='lat' dir='ltr'><strong>Ut</strong></span> <span class='ocrx_word' id='word_1_459' title='bbox 3332 4455 3516 4538; x_wconf 91' lang='lat' dir='ltr'><strong>illud,</strong></span> <span class='ocrx_word' id='word_1_460' title='bbox 3575 4456 3748 4526; x_wconf 76' lang='grc' dir='ltr'>Ὅλην</span> 
     </span>
    </p>
   </div>
   <div class='ocr_carea' id='block_1_68' title="bbox 457 4770 2022 4857">
    <p class='ocr_par' dir='ltr' id='par_1_68' title="bbox 457 4772 2016 4856">
     <span class='ocr_line' id='line_1_69' title="bbox 457 4772 2016 4856; baseline -0.001 -20"><span class='ocrx_word' id='word_1_461' title='bbox 457 4772 667 4836; x_wconf 75' lang='lat' dir='ltr'><strong>Munus</strong></span> <span class='ocrx_word' id='word_1_462' title='bbox 716 4781 883 4837; x_wconf 88' lang='lat' dir='ltr'><strong>tuum</strong></span> <span class='ocrx_word' id='word_1_463' title='bbox 940 4773 1451 4856; x_wconf 86' lang='lat' dir='ltr'><strong>splendissimum,</strong></span> <span class='ocrx_word' id='word_1_464' title='bbox 1516 4782 1575 4835; x_wconf 89' lang='lat' dir='ltr'><strong>et</strong></span> <span class='ocrx_word' id='word_1_465' title='bbox 1632 4774 2016 4856; x_wconf 87' lang='lat' dir='ltr'><strong>conspicuam</strong></span> 
     </span>
    </p>
   </div>
   <div class='ocr_carea' id='block_1_69' title="bbox 2111 4770 3748 4857">
    <p class='ocr_par' dir='ltr' id='par_1_69' title="bbox 2184 4770 3748 4857">
     <span class='ocr_line' id='line_1_70' title="bbox 2184 4770 3748 4857; baseline -0.004 -25"><span class='ocrx_word' id='word_1_466' title='bbox 2184 4775 2347 4855; x_wconf 80' lang='grc' dir='ltr'>Γέρας</span> <span class='ocrx_word' id='word_1_467' title='bbox 2374 4776 2436 4834; x_wconf 78' lang='grc' dir='ltr'><strong>τὸ</strong></span> <span class='ocrx_word' id='word_1_468' title='bbox 2486 4774 2889 4857; x_wconf 83' lang='grc' dir='ltr'>λαμπρότατον,</span> <span class='ocrx_word' id='word_1_469' title='bbox 2932 4782 3027 4833; x_wconf 80' lang='grc' dir='ltr'><strong>σοῦ</strong></span> <span class='ocrx_word' id='word_1_470' title='bbox 3069 4776 3158 4833; x_wconf 82' lang='grc' dir='ltr'><strong>καὶ</strong></span> <span class='ocrx_word' id='word_1_471' title='bbox 3206 4771 3557 4853; x_wconf 77' lang='grc' dir='ltr'>περίϐλεπτον</span> <span class='ocrx_word' id='word_1_472' title='bbox 3613 4770 3748 4846; x_wconf 76' lang='grc' dir='ltr'>ὕψος</span> 
     </span>
    </p>
   </div>
   <div class='ocr_carea' id='block_1_70' title="bbox 375 4862 2021 4947">
    <p class='ocr_par' dir='ltr' id='par_1_70' title="bbox 375 4862 2021 4947">
     <span class='ocr_line' id='line_1_71' title="bbox 375 4862 2021 4947; baseline -0.001 -20"><span class='ocrx_word' id='word_1_473' title='bbox 375 4862 1346 4943; x_wconf 82' lang='lat' dir='ltr'><strong>celsitudinem,magnilicentiora</strong></span> <span class='ocrx_word' id='word_1_474' title='bbox 1370 4864 1485 4925; x_wconf 90' lang='lat' dir='ltr'><strong>tuis</strong></span> <span class='ocrx_word' id='word_1_475' title='bbox 1508 4863 2021 4947; x_wconf 70' lang='lat' dir='ltr'><strong>prwstantissimis</strong></span> 
     </span>
    </p>
   </div>
   <div class='ocr_carea' id='block_1_71' title="bbox 375 4952 2021 5034">
    <p class='ocr_par' dir='ltr' id='par_1_71' title="bbox 375 4952 2021 5034">
     <span class='ocr_line' id='line_1_72' title="bbox 375 4952 2021 5034; baseline -0.002 -18"><span class='ocrx_word' id='word_1_476' title='bbox 375 4952 560 5034; x_wconf 74' lang='lat' dir='ltr'><strong>gestis</strong></span> <span class='ocrx_word' id='word_1_477' title='bbox 594 4952 931 5027; x_wconf 68' lang='lat' dir='ltr'><strong>cﬂecisti,et</strong></span> <span class='ocrx_word' id='word_1_478' title='bbox 958 4952 1060 5030; x_wconf 87' lang='lat' dir='ltr'><strong>qui</strong></span> <span class='ocrx_word' id='word_1_479' title='bbox 1096 4963 1400 5033; x_wconf 85' lang='lat' dir='ltr'><strong>parentem</strong></span> <span class='ocrx_word' id='word_1_480' title='bbox 1427 4954 1694 5032; x_wconf 84' lang='lat' dir='ltr'><strong>reginam</strong></span> <span class='ocrx_word' id='word_1_481' title='bbox 1718 4953 2021 5018; x_wconf 66' lang='lat' dir='ltr'><strong>urbemJn</strong></span> 
     </span>
    </p>
   </div>
   <div class='ocr_carea' id='block_1_72' title="bbox 375 5041 2021 5124">
    <p class='ocr_par' dir='ltr' id='par_1_72' title="bbox 375 5041 2021 5124">
     <span class='ocr_line' id='line_1_73' title="bbox 375 5041 2021 5124; baseline -0.004 -17"><span class='ocrx_word' id='word_1_482' title='bbox 375 5042 489 5107; x_wconf 85' lang='lat' dir='ltr'><strong>hoc</strong></span> <span class='ocrx_word' id='word_1_483' title='bbox 522 5060 760 5124; x_wconf 89' lang='lat' dir='ltr'><strong>quoque</strong></span> <span class='ocrx_word' id='word_1_484' title='bbox 793 5041 1058 5104; x_wconf 91' lang='lat' dir='ltr'><strong>omnium</strong></span> <span class='ocrx_word' id='word_1_485' title='bbox 1092 5042 1329 5104; x_wconf 91' lang='lat' dir='ltr'><strong>urbium</strong></span> <span class='ocrx_word' id='word_1_486' title='bbox 1363 5042 1821 5105; x_wconf 87' lang='lat' dir='ltr'><strong>dominatricem</strong></span> <span class='ocrx_word' id='word_1_487' title='bbox 1848 5052 1905 5105; x_wconf 89' lang='lat' dir='ltr'><strong>et</strong></span> <span class='ocrx_word' id='word_1_488' title='bbox 1931 5042 2021 5104; x_wconf 78' lang='lat' dir='ltr'><strong>vi-</strong></span> 
     </span>
    </p>
   </div>
   <div class='ocr_carea' id='block_1_73' title="bbox 378 5130 2023 5213">
    <p class='ocr_par' dir='ltr' id='par_1_73' title="bbox 378 5130 2023 5213">
     <span class='ocr_line' id='line_1_74' title="bbox 378 5130 2023 5213; baseline 0 -20"><span class='ocrx_word' id='word_1_489' title='bbox 378 5130 625 5194; x_wconf 88' lang='lat' dir='ltr'><strong>ctricem</strong></span> <span class='ocrx_word' id='word_1_490' title='bbox 646 5130 1125 5213; x_wconf 71' lang='lat' dir='ltr'><strong>ostendisti,quaa</strong></span> <span class='ocrx_word' id='word_1_491' title='bbox 1143 5132 1495 5212; x_wconf 77' lang='lat' dir='ltr'><strong>tempestive</strong></span> <span class='ocrx_word' id='word_1_492' title='bbox 1516 5143 1573 5193; x_wconf 88' lang='lat' dir='ltr'><strong>te</strong></span> <span class='ocrx_word' id='word_1_493' title='bbox 1592 5131 1774 5194; x_wconf 91' lang='lat' dir='ltr'><strong>veluti</strong></span> <span class='ocrx_word' id='word_1_494' title='bbox 1788 5132 2023 5207; x_wconf 84' lang='lat' dir='ltr'><strong>ﬂorem,</strong></span> 
     </span>
    </p>
   </div>
   <div class='ocr_carea' id='block_1_74' title="bbox 375 5220 2028 5301">
    <p class='ocr_par' dir='ltr' id='par_1_74' title="bbox 375 5220 2028 5301">
     <span class='ocr_line' id='line_1_75' title="bbox 375 5220 2028 5301; baseline -0.002 -15"><span class='ocrx_word' id='word_1_495' title='bbox 375 5227 439 5286; x_wconf 87' lang='lat' dir='ltr'><strong>et</strong></span> <span class='ocrx_word' id='word_1_496' title='bbox 458 5220 575 5281; x_wconf 87' lang='lat' dir='ltr'><strong>vita</strong></span> <span class='ocrx_word' id='word_1_497' title='bbox 604 5227 664 5281; x_wconf 90' lang='lat' dir='ltr'><strong>et</strong></span> <span class='ocrx_word' id='word_1_498' title='bbox 692 5220 1054 5296; x_wconf 88' lang='lat' dir='ltr'><strong>oratione,et</strong></span> <span class='ocrx_word' id='word_1_499' title='bbox 1085 5220 1409 5283; x_wconf 88' lang='lat' dir='ltr'><strong>virtutibus</strong></span> <span class='ocrx_word' id='word_1_500' title='bbox 1434 5220 1712 5283; x_wconf 90' lang='lat' dir='ltr'><strong>omnibus</strong></span> <span class='ocrx_word' id='word_1_501' title='bbox 1743 5230 2028 5301; x_wconf 66' lang='lat' dir='ltr'><strong>praestem</strong></span> 
     </span>
    </p>
   </div>
   <div class='ocr_carea' id='block_1_75' title="bbox 374 5307 2022 5373">
    <p class='ocr_par' dir='ltr' id='par_1_75' title="bbox 374 5307 2022 5373">
     <span class='ocr_line' id='line_1_76' title="bbox 374 5307 2022 5373; baseline -0.001 -1"><span class='ocrx_word' id='word_1_502' title='bbox 374 5309 626 5372; x_wconf 86' lang='lat' dir='ltr'><strong>tissimis</strong></span> <span class='ocrx_word' id='word_1_503' title='bbox 652 5328 791 5373; x_wconf 86' lang='lat' dir='ltr'><strong>vere</strong></span> <span class='ocrx_word' id='word_1_504' title='bbox 823 5309 1289 5373; x_wconf 89' lang='lat' dir='ltr'><strong>celeberrimum</strong></span> <span class='ocrx_word' id='word_1_505' title='bbox 1342 5307 1529 5372; x_wconf 86' lang='lat' dir='ltr'><strong>edidit</strong></span> <span class='ocrx_word' id='word_1_506' title='bbox 1575 5310 1755 5372; x_wconf 86' lang='lat' dir='ltr'><strong>fetum</strong></span> <span class='ocrx_word' id='word_1_507' title='bbox 1791 5310 1881 5372; x_wconf 91' lang='lat' dir='ltr'><strong>sui</strong></span> <span class='ocrx_word' id='word_1_508' title='bbox 1911 5308 2022 5371; x_wconf 89' lang='lat' dir='ltr'><strong>ad-</strong></span> 
     </span>
    </p>
   </div>
   <div class='ocr_carea' id='block_1_76' title="bbox 380 5398 1561 5475">
    <p class='ocr_par' dir='ltr' id='par_1_76' title="bbox 380 5398 1561 5475">
     <span class='ocr_line' id='line_1_77' title="bbox 380 5398 1561 5475; baseline 0.002 -16"><span class='ocrx_word' id='word_1_509' title='bbox 380 5398 742 5475; x_wconf 89' lang='lat' dir='ltr'><strong>mirabilem,</strong></span> <span class='ocrx_word' id='word_1_510' title='bbox 775 5405 835 5461; x_wconf 90' lang='lat' dir='ltr'><strong>et</strong></span> <span class='ocrx_word' id='word_1_511' title='bbox 864 5400 1218 5461; x_wconf 89' lang='lat' dir='ltr'><strong>emicantem</strong></span> <span class='ocrx_word' id='word_1_512' title='bbox 1254 5416 1561 5462; x_wconf 88' lang='lat' dir='ltr'><strong>coronam.</strong></span> 
     </span>
    </p>
   </div>
   <div class='ocr_carea' id='block_1_77' title="bbox 460 5484 2016 5564">
    <p class='ocr_par' dir='ltr' id='par_1_77' title="bbox 460 5484 2016 5564">
     <span class='ocr_line' id='line_1_78' title="bbox 460 5484 2016 5564; baseline 0.001 -16"><span class='ocrx_word' id='word_1_513' title='bbox 460 5487 509 5548; x_wconf 93' lang='lat' dir='ltr'><strong>O</strong></span> <span class='ocrx_word' id='word_1_514' title='bbox 541 5505 636 5547; x_wconf 81' lang='lat' dir='ltr'><strong>res</strong></span> <span class='ocrx_word' id='word_1_515' title='bbox 669 5495 863 5564; x_wconf 66' lang='lat' dir='ltr'><strong>gestas</strong></span> <span class='ocrx_word' id='word_1_516' title='bbox 896 5497 1021 5551; x_wconf 85' lang='lat' dir='ltr'><strong>tuas</strong></span> <span class='ocrx_word' id='word_1_517' title='bbox 1053 5487 1434 5551; x_wconf 83' lang='lat' dir='ltr'><strong>admirandas</strong></span> <span class='ocrx_word' id='word_1_518' title='bbox 1461 5491 1476 5548; x_wconf 87' lang='lat' dir='ltr'><strong>t</strong></span> <span class='ocrx_word' id='word_1_519' title='bbox 1535 5487 1793 5552; x_wconf 83' lang='lat' dir='ltr'><strong>maxime</strong></span> <span class='ocrx_word' id='word_1_520' title='bbox 1820 5484 2016 5564; x_wconf 86' lang='lat' dir='ltr'><strong>Pater,</strong></span> 
     </span>
    </p>
   </div>
   <div class='ocr_carea' id='block_1_78' title="bbox 461 5644 1214 5728">
    <p class='ocr_par' dir='ltr' id='par_1_78' title="bbox 461 5644 1214 5728">
     <span class='ocr_line' id='line_1_79' title="bbox 461 5644 1214 5728; baseline 0.007 -25"><span class='ocrx_word' id='word_1_521' title='bbox 461 5644 544 5724; x_wconf 89' lang='lat' dir='ltr'><strong>(l)</strong></span> <span class='ocrx_word' id='word_1_522' title='bbox 578 5644 637 5705; x_wconf 86' lang='lat' dir='ltr'><strong>ld</strong></span> <span class='ocrx_word' id='word_1_523' title='bbox 675 5654 762 5705; x_wconf 88' lang='lat' dir='ltr'><strong>est</strong></span> <span class='ocrx_word' id='word_1_524' title='bbox 794 5645 865 5707; x_wconf 87' lang='lat' dir='ltr'><strong>ad</strong></span> <span class='ocrx_word' id='word_1_525' title='bbox 900 5644 1214 5728; x_wconf 80' lang='lat' dir='ltr'><strong>Vesperas</strong></span> 
     </span>
    </p>
   </div>
   <div class='ocr_carea' id='block_1_79' title="bbox 2106 4859 3746 4944">
    <p class='ocr_par' dir='ltr' id='par_1_79' title="bbox 2106 4859 3746 4944">
     <span class='ocr_line' id='line_1_80' title="bbox 2106 4859 3746 4944; baseline -0.004 -23"><span class='ocrx_word' id='word_1_526' title='bbox 2106 4864 2667 4944; x_wconf 79' lang='grc' dir='ltr'>μεγαλοπρεπέστερον</span> <span class='ocrx_word' id='word_1_527' title='bbox 2700 4912 2716 4939; x_wconf 96' lang='grc'><strong>,</strong></span> <span class='ocrx_word' id='word_1_528' title='bbox 2799 4877 2924 4926; x_wconf 75' lang='grc' dir='ltr'>ταῖς</span> <span class='ocrx_word' id='word_1_529' title='bbox 3013 4863 3424 4943; x_wconf 74' lang='grc' dir='ltr'>μεγαλουργίαις</span> <span class='ocrx_word' id='word_1_530' title='bbox 3485 4882 3578 4917; x_wconf 86' lang='grc' dir='ltr'><strong>σου</strong></span> <span class='ocrx_word' id='word_1_531' title='bbox 3635 4859 3746 4914; x_wconf 86' lang='grc' dir='ltr'>ἀπ-</span> 
     </span>
    </p>
   </div>
   <div class='ocr_carea' id='block_1_80' title="bbox 2107 4946 3748 5034">
    <p class='ocr_par' dir='ltr' id='par_1_80' title="bbox 2107 4946 3748 5034">
     <span class='ocr_line' id='line_1_81' title="bbox 2107 4946 3748 5034; baseline -0.005 -24"><span class='ocrx_word' id='word_1_532' title='bbox 2107 4954 2379 5034; x_wconf 82' lang='grc' dir='ltr'>ετέλεσας,</span> <span class='ocrx_word' id='word_1_533' title='bbox 2411 4955 2501 5009; x_wconf 88' lang='grc' dir='ltr'><strong>καί</strong></span> <span class='ocrx_word' id='word_1_534' title='bbox 2529 4957 2628 5016; x_wconf 77' lang='grc' dir='ltr'>τὴν</span> <span class='ocrx_word' id='word_1_535' title='bbox 2674 4954 2992 5033; x_wconf 77' lang='grc' dir='ltr'>ὲνεγκοῦσάν</span> <span class='ocrx_word' id='word_1_536' title='bbox 3046 4975 3103 5010; x_wconf 91' lang='grc' dir='ltr'><strong>σε</strong></span> <span class='ocrx_word' id='word_1_537' title='bbox 3161 4952 3406 5031; x_wconf 77' lang='grc' dir='ltr'>βασιλίδα</span> <span class='ocrx_word' id='word_1_538' title='bbox 3451 4949 3608 5007; x_wconf 86' lang='grc' dir='ltr'>πόλιν</span> <span class='ocrx_word' id='word_1_539' title='bbox 3661 4946 3748 5003; x_wconf 88' lang='grc' dir='ltr'><strong>καί</strong></span> 
     </span>
    </p>
   </div>
   <div class='ocr_carea' id='block_1_81' title="bbox 2106 5037 3749 5119">
    <p class='ocr_par' dir='ltr' id='par_1_81' title="bbox 2106 5037 3749 5119">
     <span class='ocr_line' id='line_1_82' title="bbox 2106 5037 3749 5119; baseline -0.004 -19"><span class='ocrx_word' id='word_1_540' title='bbox 2106 5043 2161 5100; x_wconf 72' lang='grc' dir='ltr'>ἐν</span> <span class='ocrx_word' id='word_1_541' title='bbox 2218 5043 2390 5116; x_wconf 80' lang='grc' dir='ltr'>τούτῳ</span> <span class='ocrx_word' id='word_1_542' title='bbox 2473 5041 2856 5119; x_wconf 63' lang='grc' dir='ltr'>βασιλεύουσαν</span> <span class='ocrx_word' id='word_1_543' title='bbox 2889 5090 2903 5119; x_wconf 89' lang='grc'><strong>,</strong></span> <span class='ocrx_word' id='word_1_544' title='bbox 2974 5048 3159 5099; x_wconf 82' lang='grc' dir='ltr'>πασῶν</span> <span class='ocrx_word' id='word_1_545' title='bbox 3235 5046 3342 5099; x_wconf 84' lang='grc' dir='ltr'>τῶν</span> <span class='ocrx_word' id='word_1_546' title='bbox 3395 5038 3603 5097; x_wconf 87' lang='grc' dir='ltr'>πόλεων</span> <span class='ocrx_word' id='word_1_547' title='bbox 3660 5037 3749 5093; x_wconf 87' lang='grc' dir='ltr'><strong>καί</strong></span> 
     </span>
    </p>
   </div>
   <div class='ocr_carea' id='block_1_82' title="bbox 2106 5127 3748 5212">
    <p class='ocr_par' dir='ltr' id='par_1_82' title="bbox 2106 5127 3748 5212">
     <span class='ocr_line' id='line_1_83' title="bbox 2106 5127 3748 5212; baseline -0.004 -24"><span class='ocrx_word' id='word_1_548' title='bbox 2106 5133 2492 5212; x_wconf 76' lang='grc' dir='ltr'>ὑπερκειμένην</span> <span class='ocrx_word' id='word_1_549' title='bbox 2551 5129 2825 5197; x_wconf 79' lang='grc' dir='ltr'>ἀπέδειξας</span> <span class='ocrx_word' id='word_1_550' title='bbox 2861 5179 2877 5205; x_wconf 97' lang='grc'><strong>,</strong></span> <span class='ocrx_word' id='word_1_551' title='bbox 2964 5131 3081 5189; x_wconf 87' lang='grc' dir='ltr'>καθ’</span> <span class='ocrx_word' id='word_1_552' title='bbox 3168 5130 3312 5199; x_wconf 81' lang='grc' dir='ltr'>ὥραν</span> <span class='ocrx_word' id='word_1_553' title='bbox 3389 5127 3748 5198; x_wconf 78' lang='grc' dir='ltr'>ἐξανθήσασάν</span> 
     </span>
    </p>
   </div>
   <div class='ocr_carea' id='block_1_83' title="bbox 2108 5217 3751 5301">
    <p class='ocr_par' dir='ltr' id='par_1_83' title="bbox 2108 5217 3751 5301">
     <span class='ocr_line' id='line_1_84' title="bbox 2108 5217 3751 5301; baseline -0.005 -21"><span class='ocrx_word' id='word_1_554' title='bbox 2108 5244 2167 5280; x_wconf 91' lang='grc' dir='ltr'><strong>σε</strong></span> <span class='ocrx_word' id='word_1_555' title='bbox 2219 5224 2309 5279; x_wconf 77' lang='grc' dir='ltr'>τὸν</span> <span class='ocrx_word' id='word_1_556' title='bbox 2362 5220 2575 5288; x_wconf 78' lang='grc' dir='ltr'>ἀληθῶς</span> <span class='ocrx_word' id='word_1_557' title='bbox 2633 5220 2989 5301; x_wconf 84' lang='grc' dir='ltr'>περιώνυμον,</span> <span class='ocrx_word' id='word_1_558' title='bbox 3051 5221 3148 5297; x_wconf 80' lang='grc' dir='ltr'>βίῳ</span> <span class='ocrx_word' id='word_1_559' title='bbox 3202 5241 3260 5276; x_wconf 90' lang='grc' dir='ltr'><strong>τε</strong></span> <span class='ocrx_word' id='word_1_560' title='bbox 3314 5221 3403 5276; x_wconf 89' lang='grc' dir='ltr'><strong>καί</strong></span> <span class='ocrx_word' id='word_1_561' title='bbox 3447 5217 3617 5297; x_wconf 75' lang='grc' dir='ltr'>λόγῳ,</span> <span class='ocrx_word' id='word_1_562' title='bbox 3662 5217 3751 5273; x_wconf 81' lang='grc' dir='ltr'><strong>καί</strong></span> 
     </span>
    </p>
   </div>
   <div class='ocr_carea' id='block_1_84' title="bbox 2106 5308 3745 5389">
    <p class='ocr_par' dir='ltr' id='par_1_84' title="bbox 2106 5308 3745 5389">
     <span class='ocr_line' id='line_1_85' title="bbox 2106 5308 3745 5389; baseline -0.002 -22"><span class='ocrx_word' id='word_1_563' title='bbox 2106 5312 2299 5375; x_wconf 80' lang='grc' dir='ltr'>πάσαις</span> <span class='ocrx_word' id='word_1_564' title='bbox 2321 5323 2443 5374; x_wconf 73' lang='grc' dir='ltr'>ταῖς</span> <span class='ocrx_word' id='word_1_565' title='bbox 2495 5308 2806 5374; x_wconf 84' lang='grc' dir='ltr'>καλλίσταις</span> <span class='ocrx_word' id='word_1_566' title='bbox 2838 5309 3078 5389; x_wconf 66' lang='grc' dir='ltr'>ἀρεταῖς,</span> <span class='ocrx_word' id='word_1_567' title='bbox 3112 5310 3172 5366; x_wconf 80' lang='grc' dir='ltr'>τὸ</span> <span class='ocrx_word' id='word_1_568' title='bbox 3199 5309 3508 5385; x_wconf 75' lang='grc' dir='ltr'>θαυμαστὸν</span> <span class='ocrx_word' id='word_1_569' title='bbox 3552 5311 3745 5373; x_wconf 82' lang='grc' dir='ltr'>ταύτης</span> 
     </span>
    </p>
   </div>
   <div class='ocr_carea' id='block_1_85' title="bbox 2104 5398 3143 5480">
    <p class='ocr_par' dir='ltr' id='par_1_85' title="bbox 2104 5398 3143 5480">
     <span class='ocr_line' id='line_1_86' title="bbox 2104 5398 3143 5480; baseline -0.001 -24"><span class='ocrx_word' id='word_1_570' title='bbox 2104 5401 2371 5480; x_wconf 84' lang='grc' dir='ltr'>γέννημα,</span> <span class='ocrx_word' id='word_1_571' title='bbox 2404 5399 2492 5455; x_wconf 89' lang='grc' dir='ltr'><strong>καί</strong></span> <span class='ocrx_word' id='word_1_572' title='bbox 2522 5398 2766 5477; x_wconf 69' lang='grc' dir='ltr'>λαμπρὸι</span> <span class='ocrx_word' id='word_1_573' title='bbox 2799 5404 3143 5476; x_wconf 77' lang='grc' dir='ltr'>στεφάνωμα,</span> 
     </span>
    </p>
   </div>
   <div class='ocr_carea' id='block_1_86' title="bbox 2184 5487 3751 5564">
    <p class='ocr_par' dir='ltr' id='par_1_86' title="bbox 2184 5487 3751 5564">
     <span class='ocr_line' id='line_1_87' title="bbox 2184 5487 3751 5564; baseline -0.001 -20"><span class='ocrx_word' id='word_1_574' title='bbox 2184 5487 2256 5544; x_wconf 70' lang='grc' dir='ltr'><strong>’Ὤ</strong></span> <span class='ocrx_word' id='word_1_575' title='bbox 2301 5494 2406 5545; x_wconf 83' lang='grc' dir='ltr'>τῶν</span> <span class='ocrx_word' id='word_1_576' title='bbox 2449 5489 2754 5564; x_wconf 82' lang='grc' dir='ltr'>θαυμασίων</span> <span class='ocrx_word' id='word_1_577' title='bbox 2792 5510 2905 5558; x_wconf 82' lang='grc' dir='ltr'>σου,</span> <span class='ocrx_word' id='word_1_578' title='bbox 2968 5487 3377 5562; x_wconf 71' lang='grc' dir='ltr'>θαυμασιώτατε</span> <span class='ocrx_word' id='word_1_579' title='bbox 3439 5488 3632 5563; x_wconf 70' lang='grc' dir='ltr'>Πάτερ,</span> <span class='ocrx_word' id='word_1_580' title='bbox 3669 5498 3751 5552; x_wconf 78' lang='grc' dir='ltr'><strong>οἷς</strong></span> 
     </span>
    </p>
   </div>
  </div>
