4080 6204
378 354 491 423 207

379 577 641 658 gerebat,
673 576 882 639 videns
909 582 1143 637 sanctos
1175 590 1292 634 una
1321 589 1523 634 secum
1554 570 2016 651 congaudentes,

379 676 437 730 et
467 667 540 730 ad
573 683 891 747 supernam
927 668 1098 726 vitam
1134 659 1621 723 transmittentes.

458 845 613 909 Ecce
655 844 776 923 jam
809 841 1133 903 associatus
1187 857 1253 901 es
1299 844 1639 900 sanctorum
1688 837 2022 915 ordinibus,

380 933 876 1017 patriarcharum,
910 935 1253 1008 martyrum,
1306 926 1736 1007 apostolorum,
1788 926 2026 991 confes—

375 1016 598 1097 SOrum,
634 1019 1084 1102 prophetarum,
1120 1017 1521 1089 doctorum,et
1549 1016 2022 1088 hierarcharum,

377 1112 734 1192 quibuscum
796 1108 1048 1169 choreas
1103 1106 1353 1182 ducens,
1389 1105 1754 1181 beatissime,
1815 1123 2024 1167 recor-

378 1202 519 1263 dare
549 1196 737 1261 nostri
767 1196 923 1277 apud
970 1194 1314 1269 Dominum,
1349 1200 1450 1276 qui
1477 1202 1609 1257 tuas
1639 1195 1847 1258 laudes
1877 1212 2022 1274 pro-

372 1290 701 1371 sequimur.

455 1379 597 1442 Sion
634 1384 835 1441 sancta
865 1375 1067 1456 gratiis
1088 1393 1121 1436 a
1143 1373 1264 1436 Deo
1288 1372 1642 1437 condecorat
1654 1372 1860 1447 a,urbs
1891 1372 2020 1446 Dei,

376 1479 434 1531 et
466 1467 729 1549 undique
758 1465 1188 1529 communitum
1251 1463 1558 1543 palatium,
1596 1463 1860 1542 reginam
1893 1480 2018 1523 om-

374 1558 538 1620 nium
586 1556 825 1619 urbium
859 1553 965 1615 tibi
997 1553 1308 1628 devictam,
1341 1569 1409 1613 ac
1439 1552 1712 1614 devotam
1746 1550 2019 1621 defende,

374 1647 788 1727 Metaphrastze
817 1643 1025 1718 sacris,
1063 1662 1096 1704 o
1129 1642 1343 1724 puella,
1381 1640 1844 1723 precationibus.

377 1753 467 1816 At'l
510 1752 767 1833 Laudes,
801 1751 983 1814 echus
1031 1757 1299 1830 quartus.
1347 1748 1442 1813 Ὠς
1488 1761 1734 1826 γενναῖον
1782 1750 1837 1803 ἓν
1881 1746 2023 1825 μάρ-

1109 1852 1248 1890 τυσι.
1263 1876 1275 1889 .

454 1926 537 1990 Ex
590 1926 775 1989 nobili
821 1924 1023 1988 radice
1054 1931 1248 1985 ortum
1306 1922 1541 1997 duxisti,
1578 1939 1714 1984 rosa
1744 1920 1909 1983 omni
1955 1939 2023 1982 ex

376 2026 545 2099 parte
574 2014 934 2090 rubicunda,
964 2012 1168 2093 gratiis
1203 2012 1460 2091 Spiritus
1492 2014 1696 2086 tincta,
1729 2008 2027 2099 etﬁdeles

365 2098 634 2188 jucunde
691 2106 919 2167 donans
978 2100 1263 2165 odoribus
1320 2108 1555 2164 tuarum
1606 2098 2025 2179 scriptionum,

373 2196 802 2279 apostolorum,
838 2191 1197 2279 athletarum
1250 2199 1311 2253 et
1368 2188 1778 2251 contessorum
1831 2195 2028 2250 certa-

373 2276 535 2348 mina
559 2283 887 2365 explicans,
923 2278 1277 2361 quibuscum
1309 2298 1431 2341 una
1452 2278 1799 2348 collocatus,
1830 2276 2028 2338 divina

373 2376 673 2447 revelans,
707 2374 993 2452 Symeon,
1028 2368 1378 2431 deliciarum
1428 2369 1489 2429 in
1538 2367 1829 2445 gramine,
1864 2365 2022 2443 quod

371 2467 432 2526 in
462 2482 599 2526 rore
630 2470 741 2537 est,
770 2460 1063 2523 habitans.

454 2554 530 2617 Ut
551 2552 873 2633 Scriptura;
894 2548 1090 2612 verbis
1122 2556 1274 2625 utar,
1295 2548 1480 2610 effusa
1513 2558 1623 2620 est,
1656 2544 1938 2626 Symeon,
1964 2544 2023 2605 in

376 2643 550 2707 labiis
574 2642 688 2704 tuis
709 2640 962 2722 Spiritus
994 2636 1184 2700 sancti
1207 2638 1395 2716 gratia
1416 2633 2026 2708 inaestimabilisQua-

378 2741 625 2815 propter
652 2730 923 2810 eum,qui
946 2729 1162 2790 frustra
1184 2745 1319 2789 sese
1333 2722 2027 2815 jactabat,conﬁcerlatio-

376 2814 519 2886 num
549 2820 965 2902 complexibus
1023 2816 1368 2895 redargues,
1403 2815 1613 2877 alteris
1646 2836 1662 2887 ;
1722 2814 1907 2902 factus
1938 2820 2029 2874 est

377 2915 537 2973 enim
567 2901 749 2971 veluti
776 2906 998 2988 stipula
1025 2913 1164 2966 ante
1190 2908 1384 2982 ignem
1413 2903 1476 2964 in
1506 2902 1770 2964 cinerem
1792 2901 2022 2975 abiens,

379 3008 439 3061 et
468 3007 525 3060 te
575 3015 851 3075 magnum
888 2996 1087 3056 facere
1137 2992 1295 3053 visus
1345 2999 1458 3064 est,
1492 3008 1626 3052 cum
1658 2989 1733 3051 ob
1785 2991 2027 3052 virtutes

380 3087 597 3151 mentis
629 3094 744 3148 tua:
772 3084 988 3145 timore
1020 3080 1329 3164 perculsus
1360 3080 1844 3142 contremuisset.

460 3175 660 3239 Veluti
709 3192 916 3237 servus
963 3168 1236 3234 Numinis
1292 3169 1500 3250 factus,
1549 3167 1664 3229 tuis
1717 3167 2085 3253 operibus,c

380 3265 561 3328 veluti
615 3262 826 3327 eodem
857 3280 989 3324 cum
1023 3259 1244 3322 sanctis
1274 3256 1668 3319 contubernio
1702 3265 1897 3335 utens,
1932 3275 2029 3318 ve-

382 3354 491 3418 luti
546 3355 675 3416 vitae
707 3361 820 3413 tua:
851 3349 1201 3412 castimonia
1258 3346 1592 3408 libertatem
1630 3346 1899 3427 adeptus,
1932 3345 2028 3407 di—

384 3444 686 3524 viniloque
742 3442 1023 3522 Symeon,
1059 3456 1289 3511 eorum,
1324 3436 1423 3517 qui
1456 3444 1513 3498 te
1543 3434 1884 3498 collaudant
1926 3453 2028 3496 re-

382 3533 653 3608 cordare,
685 3532 948 3593 animum
995 3537 1156 3590 tuum
1186 3528 1245 3588 in
1284 3525 1635 3607 probitatem
1665 3542 2027 3606 propensum

383 3621 733 3701 ostendens,
768 3627 833 3682 ut
870 3637 1080 3680 omnes
1110 3616 1220 3680 Dei
1251 3616 1617 3679 humanitate
1654 3623 2028 3695 peccatorum

379 3710 800 3774 remissionem
826 3724 1286 3788 consequamur.

999 3813 1242 3891 Gloria,
1278 3821 1395 3877 etc.

466 3926 596 3988 Vita
671 3925 868 3987 divina
928 3922 1191 4004 perlecta
1249 3919 1663 4000 speculatione
1737 3918 2030 3981 actionem

380 4016 707 4094 erornasti,
744 4013 998 4094 Symeon
1054 4010 1433 4086 beatissime;
1469 4026 1728 4090 namque
1767 4026 1903 4071 cum
1940 4007 2031 4069 di-

382 4105 521 4167 vino
552 4122 755 4167 amore
786 4100 1137 4180 sapientiam
1174 4098 1537 4181 deperisses,
1564 4116 1633 4159 ex
1657 4116 1761 4161 ore
1790 4096 2035 4179 spiritus

379 4195 565 4275 gratia
594 4194 813 4256 ditatus
843 4209 930 4267 es,
968 4199 1025 4251 et
1060 4190 1145 4251 uti
1177 4188 1367 4250 favum
1425 4186 1618 4250 mellis
1647 4186 2028 4250 dulcedinem

380 4294 617 4347 tuorum
649 4297 995 4345 sermonum
1061 4277 1235 4338 nobis
1265 4275 1581 4352 instillaus,
1616 4275 1831 4338 divinis
1860 4277 2028 4355 cogi-

379 4373 705 4436 tationibus
734 4368 1062 4433 Ecclesiam
1095 4365 1201 4428 Dei
1231 4365 1519 4427 oblectas.
1565 4364 1942 4447 Quapropter
1970 4367 2029 4426 in

382 4463 532 4525 cmlo
568 4477 932 4524 conversaris
961 4467 1137 4538 atque
1167 4452 1529 4535 inhabitans,
1565 4472 1670 4535 pro
1702 4453 1897 4529 nobis,
1928 4453 2030 4534 qui

380 4559 536 4613 tuam
571 4547 1198 4613 commemorationem
1225 4543 1589 4627 peragimus,
1614 4541 2028 4606 indesinenter
2048 4556 2093 4608 ι)

376 4639 561 4701 Deum
595 4657 873 4720 peccare.

825 4730 1222 4795 Procimenon
1285 4729 1332 4789 A
1343 4725 1584 4810 postoli.

458 4837 749 4904 Mirabilis
804 4837 963 4903 Deus
1019 4836 1083 4899 in
1132 4836 1355 4899 sanctis
1416 4833 1561 4897 suis.
1596 4831 1662 4896 In
1717 4831 2024 4910 Ecclesiis,

374 4937 488 4994 etc.

456 5021 562 5086 Ea:
591 5021 869 5103 Epistola
898 5021 1088 5085 Pauli
1117 5022 1198 5082 ad
1240 5018 1595 5083 Corinthios
1629 5019 1822 5083 lectio.

455 5115 717 5196 Fratres,
749 5114 1074 5196 unicuique
1120 5112 1293 5175 datur
1338 5111 1643 5193 revelatio,
1680 5117 1791 5176 etc.
1846 5128 2032 5192 usque

381 5208 490 5284 ad,
524 5204 873 5284 unicuique,
908 5212 969 5266 ut
997 5202 1143 5266 vult.

609 5299 1013 5380 Evangelium
1048 5296 1379 5360 secundum
1416 5296 1799 5359 Matthorum.

461 5396 641 5459 Dixit
673 5394 977 5458 Dominus
1005 5390 1323 5473 discipulis
1377 5392 1544 5453 suis:
1591 5386 1701 5452 Vos
1731 5390 1872 5452 estis
1921 5388 2020 5451 lu-

1374 334 1641 416 PSELLI
1697 350 2287 414 METAPHRAST/E
2348 348 2733 417 OFFICIUM.

377 490 577 554 anima
607 498 704 551 tna
744 505 912 551 sacra
939 486 1356 565 habitationes,
1389 483 1742 565 gaudentem
1788 483 2013 545 vultum

2134 507 2215 560 ου,
2264 485 2502 564 θεοφόρε,
2578 483 2929 557 σκηνώματα,

3627 344 3748 415 208

3012 480 3383 561 ἀφαλλόμενον
3395 529 3405 541 .
3484 487 3623 562 lii-le
3690 484 3753 540 τὸ

2104 575 2413 651 πρόσωπνο,
2477 575 2745 650 βλέπουσα
2802 572 2920 632 τοὺς
2970 571 3147 648 ἁγίους
3221 572 3353 644 αὐτῇ
3427 573 3754 651 συγχαίρον-

2104 684 2220 741 τας,
2278 665 2365 719 καὶ
2426 666 2556 741 πρὸς
2640 661 2999 735 ὑπερκόαμιον
3056 659 3201 731 ζωὴν
3254 662 3449 728 ταύτην
3505 661 3755 740 προπέμ-

2106 774 2328 816 ποντας.

2187 840 2319 898 Ἰδοὺ
2380 843 2646 920 arx/paen;
2694 841 2857 917 ἁγίων
2915 838 3174 915 τάγμασι,
3209 846 3576 919 πατρισρχῶν,
3612 863 3755 918 μαρ-

2103 931 2297 999 τύρων,
2359 929 2697 1009 ἀποστόλων,
2771 929 2928 985 ὁσίων
3000 950 3083 1008 τε,
3150 936 3405 1009 ποφητῶν
3463 933 3547 985 καὶ
3612 928 3758 988 διδα-

2109 1018 2320 1076 σκάλων
2378 1020 2465 1076 καὶ
2508 1023 2796 1099 ἱεραρχών,
2857 1023 3049 1095 οἷσπερ
3105 1019 3191 1074 καὶ
3247 1020 3586 1098 συγχορεύων
3647 1043 3757 1092 με·

2110 1110 2430 1185 καριώτατε,
2493 1111 2741 1183 μέμνησο
2784 1108 2915 1184 πρὸς
2964 1108 3149 1185 Κύριον
3201 1107 3357 1182 ἡμῶν
3411 1112 3519 1162 τῶν
3587 1109 3756 1188 εὔφη-

2107 1199 2346 1271 μούντων
2374 1218 2453 1256 σε.

2187 1375 2326 1429 Σιὼν
2386 1375 2509 1452 ἁγία
2592 1376 2972 1453 θευγαρίτωτε,
3047 1374 3202 1438 πόλις
3275 1380 3407 1432 Θεοῦ
3464 1374 3558 1430 καί
3616 1394 3754 1430 κατ·

2108 1464 2468 1543 ωχυρωμένον
2519 1463 2803 1540 παλάτιον,
2837 1464 2935 1530 τὴν
2994 1464 3179 1519 πασῶν
3223 1463 3603 1538 βασιλεύουσαν
3654 1464 3757 1520 πό-

2108 1553 2267 1631 λεων,
2326 1554 2379 1609 ἐν
2456 1556 2535 1611 σοὶ
2605 1553 2959 1629 ἀνακέιμὲνην
3033 1553 3229 1619 ταύτην
3295 1555 3607 1633 περίζωσαι,
3666 1558 3759 1609 τώ

2110 1649 2491 1721 Μεταφραστού
2518 1657 2639 1702 ταῖς
2673 1646 2864 1721 ἱεραῖς,
2901 1642 3067 1719 Κόρη,
3103 1638 3367 1711 δεήσεσιν,

2273 1736 2359 1799 Εἰς
2409 1736 2529 1800 τοὺς
2580 1733 2793 1815 Αἴνους,
2827 1734 2969 1836 ἦχος
3020 1731 3090 1790 δ’.
3129 1725 3217 1800 Ὠς
3248 1748 3494 1813 γενναῖον
3545 1734 3598 1791 ἐν

2810 1836 3031 1893 μαρτυρι
3043 1860 3055 1873 .

2194 1911 2450 1987 Εὗγενοῢς
2508 1906 2910 1975 ἀνεϐλάστησας
2973 1908 3142 1985 ῥίζης,
3205 1905 3353 1986 ῥόδον
3421 1908 3754 1986 κατέρυθρον,

2108 1996 2444 2075 βεϐαμμένον
2517 1999 2701 2077 χάρισι
2764 2010 2885 2062 ταῖς
2948 1999 3038 2053 τοῦ
3099 1998 3425 2073 Πνεύμὰτος,
3484 2000 3571 2054 καὶ
3638 1998 3756 2061 τοὺς

2110 2088 2330 2151 πιστοὺς
2390 2085 2672 2152 εύωδίασας
2736 2088 2935 2161 ὀσμαῖς
3005 2088 3438 2165 συγγραμμάτων
3511 2110 3627 2163 σου,
3687 2094 3756 2141 ἁ-

2112 2174 2415 2249 ποστύλων,
2482 2173 2742 2245 ὁθλητῶν,
2801 2175 2897 2231 καί
2948 2175 3107 2229 ὁσίων
3165 2176 3235 2231 σὰ
3292 2175 3583 2250 σκάμματα
3628 2198 3757 2231 συν-

2115 2262 2430 2337 ταξάμενος,
2507 2266 2582 2318 ιῦν
2669 2266 2754 2319 καὶ
2838 2264 3122 2341 σύστοιχος
3195 2265 3397 2342 ὼφθης,
3475 2264 3760 2343 θεοφάντορ

2112 2354 2354 2427 Συμεὼν,
2416 2355 2613 2431 τρυφῆς
2692 2352 2745 2407 ἐι
2803 2349 2973 2431 χλόῃ,
3037 2354 3103 2427 τῇ
3176 2350 3229 2407 ἐν
3269 2350 3456 2429 ,δρόσῳ
3527 2354 3758 2420 σκηνού-

2109 2462 2289 2515 μενος.

2189 2534 2464 2609 Γραφικῶν
2521 2528 2744 2609 ἐξεχύθη
2802 2551 2920 2604 σου,
2969 2530 3213 2603 Συμεὼν,
3264 2528 3320 2584 ἐν
3360 2542 3480 2592 τοῖς
3529 2527 3756 2609 χείλεσι,

2106 2629 2200 2678 τοῦ
2253 2618 2403 2695 ἁγίου
2451 2618 2751 2692 Πνεύματος
2809 2618 2966 2698 χάρις
2996 2616 3244 2696 ἅῤῥητος.
3312 2620 3403 2675 Διὸ
3433 2621 3525 2675 τὸν
3583 2621 3760 2694 μάτην

2109 2707 2488 2787 καυχώμενον,
2543 2706 2774 2771 πλοκαῖς
2804 2704 3082 2771 διαλέξεων
3113 2704 3400 2785 ἐξώλεγξας
3457 2721 3757 2770 ταπεινοῖς.

2110 2796 2205 2860 Ὠς
2266 2795 2483 2871 καλάμη
2543 2797 2642 2874 γὰρ
2674 2794 2886 2875 γέγονε,
2918 2796 3053 2852 κατᾶ
3106 2795 3392 2874 πρόσωπον
3443 2805 3539 2854 τοῦ
3596 2799 3758 2875 πυρὸς

2108 2883 2463 2965 τεφρουμένη,
2522 2886 2610 2941 καὶ
2689 2885 2747 2939 σὲ
2807 2883 3013 2961 μᾶλλον
3086 2882 3417 2963 μεγαλύνων,
3480 2883 3760 2965 ἀνεδείχθη

2109 2972 2293 3051 βρύξας
2339 2972 2458 3035 νοός
2490 2994 2584 3030 σου
2605 2973 2702 3039 τὴν
2729 2970 2971 3044 δύναμιν.

2196 3151 2288 3216 Ὠς
2347 3150 2586 3227 θεράπων
2629 3151 2913 3229 γενόμενος
2969 3152 3061 3208 τοῦ
3117 3158 3270 3228 Θεοῦ,
3323 3150 3384 3209 ἐκ
3437 3156 3543 3209 τῶν
3592 3150 3759 3230 ἔργων

2110 3264 2226 3317 σου,
2260 3243 2333 3302 ὡς
2390 3240 2553 3319 ἁγίων
2600 3243 2885 3315 σύσκηνος,
2921 3242 3010 3305 οὓς
3066 3241 3375 3317 ἀνύμνησας
3432 3242 3505 3304 ὡς
3564 3240 3762 3320 παῤῥη-

2112 3332 2227 3388 σίαν
2284 3331 2645 3408 κτησάμενος,
2709 3329 2887 3406 ἁγνείᾳ
2957 3336 3050 3385 τοῦ
3117 3331 3232 3405 βίου
3303 3350 3396 3387 σου
3455 3328 3760 3408 θεοῤῥήμων

2114 3421 2357 3497 Συμεὼν,
2384 3426 2490 3475 τῶν
2548 3420 2849 3494 ὑμνούντων
2899 3438 2958 3473 σε
3016 3418 3285 3499 μέμνησο,
3353 3420 3416 3476 τὸ
3471 3418 3762 3499 φιλάγαθον

2113 3511 2209 3577 τῆς
2268 3514 2452 3589 ψυχῆς
2503 3531 2594 3565 σου
2647 3505 2921 3582 δεικνύων,
2955 3506 3047 3563 ἵνα
3103 3509 3299 3572 πάντες
3355 3513 3448 3566 τοῦ
3493 3514 3625 3565 Θεοῦ
3678 3533 3761 3591 φι.

2114 3599 2438 3678 λανθρωπίᾳ,
2473 3597 2822 3673 πταισμάτων
2853 3596 3112 3677 εὕρωμεν.

2718 3777 2878 3857 Δόξα,
2913 3781 3011 3839 Καὶ
3038 3787 3149 3843 νῦν,

2199 3876 2316 3933 Βίον
2374 3874 2547 3932 ἔνθεον
2589 3876 2950 3950 κατορθώσας,
3007 3875 3194 3953 θεωρίᾳ
3241 3874 3339 3942 τὴν
3383 3873 3571 3952 πρᾶξιν
3626 3896 3763 3931 κατ-

2116 3967 2424 4042 εκόσμησας
2455 4010 2473 4040 ,
2581 3965 2801 4040 Συμεὼν
2907 3964 3348 4043 παμμακάριστε.
3452 3962 3561 4031 Τὴν
3666 3964 3767 4043 γὰρ

2119 4055 2304 4134 σοφίαν
2361 4053 2592 4132 φιλήσας
2649 4052 2803 4133 ἔρωτι
2858 4055 3005 4132 θείῳ,
3036 4052 3097 4109 ἐκ
3141 4054 3408 4129 στόματος
3450 4053 3544 4109 τοῦ
3596 4054 3765 4109 Πνεύ-

2120 4165 2288 4219 ματος
2354 4144 2451 4211 τὴν
2509 4144 2669 4223 χάριν
2752 4139 3212 4216 κατεπλούτησας,
3272 4144 3361 4198 καὶ
3424 4143 3498 4207 ὡς
3582 4141 3766 4219 κηρίον

2116 4233 2330 4310 μέλιτος
2388 4232 2478 4288 τὸν
2539 4230 2845 4310 γλὺκασμόν
2905 4252 2998 4287 σου
3056 4237 3186 4304 τῶν,
3221 4228 3396 4309 λόγων
3454 4226 3767 4302 ἅποστάζων

2115 4327 2277 4402 ἡμῖν,
2350 4320 2641 4400 εὐφραίνεις
2726 4320 2960 4395 νοήμασι
3029 4320 3186 4383 θείοις
3270 4320 3371 4387 τὴν
3443 4317 3765 4386 Ἐκκλησίαν

2114 4413 2364 4488 Χριστοῦ,
2442 4410 2535 4465 Διὸ
2616 4408 2671 4464 ἐν
2760 4412 3003 4489 ούρανοῐς
3069 4405 3487 4490 ἐμφιλοχωρῶν,
3546 4406 3763 4480 αὐλιζό-

2114 4520 2299 4578 μενος,
2352 4497 2482 4574 ὒπὲρ
2546 4497 2701 4572 ἡμῶν
2772 4497 3054 4563 ἀπαύστως
3121 4497 3373 4577 επρέσϐευε
3443 4504 3550 4555 τῶν
3619 4500 3765 4556 ἔκτε-

2110 4579 2346 4636 λούντων
2375 4578 2474 4644 τὴν
2503 4579 2726 4653 μνήμην
2755 4598 2869 4636 σον.

2502 4672 2854 4748 Προκείμενον
2890 4678 2979 4727 τοὺ
3006 4670 3363 4734 Ἀποατόλοδ.

2192 4763 2504 4840 Θαυμαστὸς
2584 4766 2612 4821 ὁ
2671 4765 2798 4827 Θεὸς
2869 4762 2925 4819 ὲν
2999 4777 3117 4829 τοϊς
3176 4764 3345 4843 ἁγίοις
3427 4767 3609 4827 αὐτοῦ.
3669 4763 3761 4823 Ἐν

2114 4852 2483 4921 Ἐκκλησίαις.

2304 4946 2441 5023 Πρός
2501 4946 2791 5024 Κορίνθίους
2850 4942 3174 5014 Ἐπιστολῆς
3248 4944 3455 5004 Παύλου
3514 4948 3573 5003 τὸ

2769 5025 3117 5103 ἀνάγνωσμα.

2194 5118 2463 5200 Ἀδελφοί,
2525 5116 2777 5193 Ἐπάστῳ
2834 5115 3028 5176 δίδοται
3093 5120 3130 5187 in
3185 5120 3511 5200 φανάρωσις,
3555 5120 3644 5178 καὶ
3701 5120 3767 5177 τὰ

2113 5206 2260 5284 ἑξῆς,
2292 5208 2394 5273 ἕως
2424 5214 2539 5287 τοῦ,
2575 5205 2818 5281 Ἐκάστῳ
2845 5208 3018 5271 καθὼς
3047 5207 3319 5285 βούλεται.

2435 5302 2505 5358 Τὸ
2550 5300 2874 5380 Εὖαγγέλιον
2916 5300 2976 5357 ἐκ
3003 5308 3097 5359 τοῦ
3150 5304 3435 5362 Ματθαίου.

2196 5401 2363 5455 Εἶπεν
2421 5397 2449 5452 ὁ
2525 5396 2712 5475 Κύριος
2768 5409 2888 5459 τοῖς
2961 5396 3147 5454 ἑαυτου
3202 5400 3497 5473 μαθηταῖς·
3573 5392 3765 5471 ’Υμετς

375 5502 513 5547 men
565 5484 800 5562 mundi,
833 5492 946 5547 etc.
993 5500 1181 5563 usque
1228 5480 1324 5559 ad,
1358 5479 1480 5543 Hic
1524 5495 1783 5560 magnus
1838 5495 2019 5542 voca-

2134 5508 2221 5544 ατε
2280 5487 2341 5542 τὸ
2397 5490 2511 5564 φῶς
2564 5488 2658 5543 τοῦ
2711 5486 2936 5562 κόσμου,
2994 5487 3085 5543 καὶ
3145 5487 3210 5542 τὰ
3270 5485 3413 5561 ἑξῆς,
3478 5486 3579 5552 ἕως
3645 5496 3761 5552 τοῦ,

376 5572 542 5637 bitur
568 5574 634 5636 in
664 5591 853 5654 regno
882 5575 1190 5637 caelorum.

2104 5576 2267 5639 Οὗτος
2369 5574 2537 5654 μέγας
2623 5572 2945 5642 κληθήσεται
3025 5572 3081 5631 ἂν
3165 5582 3233 5649 τῇ
3336 5575 3579 5653 βασιλείᾳ
3654 5580 3760 5635 τῶν

2104 5666 2338 5746 οὐρανῶν
2350 5708 2363 5724 .
