4080 6204
355 249 471 313 215
1511 247 1894 313 SYMEONlS
1957 243 2572 310 METAPHRASTE.
3605 251 3724 316 216

357 384 652 448 invexisti.
677 384 889 449 Persas
911 385 994 448 ibi
1016 405 1211 466 genua
1232 387 1539 448 ﬂectentes
1559 384 1730 446 stella
1748 383 2000 445 adveca-
2023 395 2035 432 Α

2121 384 2304 444 οὗντας
2377 381 2706 462 ἐλέγχουσαν
2782 381 2978 461 Πέρσας
3049 385 3167 440 ἐκεῖ
3225 393 3638 461 γονυπετοῦντας
3697 391 3726 444 ὁ

362 475 471 549 vit;
509 475 607 537 hic
639 483 812 537 notos
845 485 904 536 et
933 476 1159 538 amicos
1205 474 1572 537 deicitlarum
1608 481 1796 536 metus
1828 473 2002 547 longe

2121 469 2252 549 στὴρ
2281 471 2685 546 μετεστείλατο,
2748 469 2850 529 ὦδε
2885 473 2970 529 καὶ
3028 474 3293 550 γνωστοὺς
3343 496 3398 532 τε
3428 477 3514 531 καὶ
3548 475 3727 555 φίλους

365 564 694 646 dissipavit.
733 565 815 626 lbi
849 582 1162 625 munerum
1194 562 1470 625 adductio
1494 570 1548 624 et
1570 561 1833 625 adoratio
1862 583 1874 616 :
1905 559 2004 621 hic

2169 556 2273 611 τῶν
2324 560 2618 614 θεοκτόνων
2675 558 2837 638 φόϐος
2896 559 3325 635 ἂπεμακρύνατο.
3377 562 3588 620 Ἐκεϊσε
3621 563 3730 619 δώ·-

364 656 851 717 vestimentorum
879 651 1112 732 partitio
1133 661 1189 713 et
1207 652 1426 728 irrisio,
1448 660 1506 714 et
1527 652 1879 730 injuriarum
1907 670 2004 711 co-

2121 666 2189 698 ων
2238 648 2566 725 προσαγωγὴ
2627 651 2710 705 καὶ
2766 648 3145 723 προσκύνησις,
3207 651 3425 708 ἐνταῦθα
3484 654 3732 730 γιτώνων

366 761 537 807 rona.
571 745 747 806 Nunc
776 741 988 814 Judaei,
1023 750 1090 802 ut
1119 750 1292 803 antea
1321 741 1668 822 quaerebant
1696 741 1930 819 signum
1967 758 1998 801 e

2121 737 2343 810 ,ερισμὸς
2375 738 2461 792 καὶ
2513 735 2847 818 χλευασμὸς,
2888 737 2982 795 καί
3041 739 3292 818 στέφανος
3347 737 3568 818 ὕϐρεων,
3632 748 3732 802 Νῦν

368 833 542 907 coelo,
576 832 921 892 intueantur
950 829 1141 891 solem
1175 821 1655 902 obtenebratum,
1707 838 1766 891 et
1798 830 1998 890 lumen

2121 821 2356 899 ηουδαϊοι,
2390 827 2461 886 ὡς
2496 827 2615 905 πρὶν
2646 824 2861 896 ἐξῄτουν
2918 826 2971 892 ἒξ
3034 830 3250 904 οὒρανοῦ
3294 843 3548 903 σημεῖον,
3603 829 3730 906 βλε-

369 920 741 984 occulentem
757 919 952 996 dignis
966 919 1407 998 caligine.Nunc
1421 919 1875 981 etinanimatum
1894 920 2003 978 hoc

2121 912 2330 969 ’ἑτωσαν
2387 913 2535 980 ἥλιον
2592 915 2993 996 σκοτιζόμενον,
3050 918 3136 972 καὶ
3196 918 3258 972 τὸ
3315 924 3426 996 φῶς
3499 918 3559 975 ὲκ
3629 926 3734 976 τῶν

368 1010 652 1090 templum
679 1026 784 1087 pro
800 1007 1138 1070 Judaiorum
1161 1028 1326 1071 more
1345 1019 1399 1071 te
1417 1007 2007 1090 deplorat.Quemad-

2126 1001 2243 1065 Ξίων
2297 1002 2516 1065 σκότους
2573 1005 2988 1083 συγκρύπτοντα.
3053 1013 3156 1064 Νῦν
3215 1007 3302 1063 καὶ
3333 1009 3360 1063 ὁ
3394 1004 3605 1088 ἄψυχος
3637 1010 3732 1065 οὖ-

369 1099 612 1161 modum
645 1096 804 1160 enim
849 1097 1065 1173 Judaei,
1099 1117 1231 1160 cum
1265 1101 1398 1179 quis
1429 1098 1551 1161 Deo
1585 1098 2002 1166 maledicebat.

2121 1113 2176 1152 ος
2210 1093 2332 1157 ναὸς
2390 1093 2522 1148 κατὰ
2573 1094 2670 1162 τὴν
2727 1092 3028 1162 Ἰουδαϊκὴν
3083 1099 3268 1153 πενθεῖ
3317 1118 3374 1152 σε
3426 1101 3728 1168 συνήθειαν,

367 1187 721 1249 vestimenta
750 1206 856 1248 sua
885 1187 1258 1262 scindebant,
1281 1174 1358 1250 ita
1389 1196 1448 1250 et
1477 1190 1590 1250 hoc
1617 1188 1794 1250 veluti
1829 1186 2005 1248 vesti-

2121 1192 2184 1243 ιὶς
2211 1179 2308 1259 γάρ
2341 1179 2586 1238 Ἰουδαῖοι
2618 1182 3060 1263 βλασφημούντός
3093 1207 3234 1248 τινος
3295 1187 3369 1250 εἰς
3424 1189 3554 1244 Θεὸν
3613 1189 3731 1246 τοὺς

373 1287 638 1338 mentum
654 1276 850 1339 velum
873 1277 1092 1338 scindit
1116 1287 1171 1338 te
1185 1279 1600 1357 conspiciensa
1615 1275 1718 1338 Dei
1739 1276 2012 1336 hostibus

371 1365 646 1446 improbe
695 1385 763 1427 ac
815 1365 1058 1443 indigne
1089 1374 1534 1447 pertractatum.
1589 1365 1925 1429 Conteritur
1957 1373 2014 1424 et

375 1466 533 1518 terra
558 1453 813 1517 motibus
835 1454 1350 1536 divexata,tuaque
1373 1455 1648 1537 passione
1672 1461 2014 1533 coangusta-

374 1554 454 1622 ta;
471 1544 575 1606 sed
594 1544 832 1605 ubinam
857 1546 1295 1626 sunt,quiuque
1316 1547 1502 1607 millia
1523 1545 2014 1624 liominum,quos

379 1633 717 1696 mirandum
749 1633 809 1694 in
839 1634 1082 1694 modum
1117 1636 1450 1696 enutrivisti
1474 1639 1501 1694 ?
1530 1637 1707 1696 Solus
1739 1633 2012 1714 equidem

2092 1269 2290 1325 ἑαυτῶν
2323 1276 2559 1349 χιτῶνας
2591 1269 2880 1351 διέσχιζον,
2929 1274 3067 1330 οὕτω
3121 1273 3185 1342 δὴ
3216 1276 3302 1331 καὶ
3331 1278 3506 1350 οὗτος,
3540 1278 3614 1340 ὡς
3645 1299 3737 1356 χι-

2093 1365 2236 1413 τῶνα
2302 1361 2598 1440 περισχίζει
2656 1363 2716 1417 τὸ
2769 1362 3176 1438 καταπέτασμα,
3229 1366 3370 1442 παρὰ
3399 1371 3504 1421 τῶν
3534 1367 3734 1440 θεομά-

2097 1470 2211 1526 χων
2279 1453 2690 1527 παροινούμενον
2749 1451 2960 1526 βλέπων
3018 1474 3099 1512 σε,
3161 1450 3494 1531 Συντρίϐεται
3552 1455 3737 1532 καὶγῆ

2097 1536 2371 1611 σειομένη,
2431 1540 2790 1615 παθαινομένη
2839 1547 2913 1612 τῴ
2957 1541 3109 1596 πάθει
3162 1563 3276 1604 σου,
3337 1541 3505 1599 Ἀλλὰ
3550 1553 3650 1601 ποῦ
3683 1549 3741 1600 τὸ

2099 1624 2299 1693 πλῆθος
2349 1629 2455 1684 τῶν
2486 1626 2936 1708 πεντακισχιλίων
2992 1629 3214 1708 ἀνδρῶν,
3275 1630 3360 1696 οὖς
3403 1635 3739 1711 θαυματουρ-

377 1723 671 1803 Josepbus
721 1722 1025 1798 audacter,
1081 1723 1391 1806 libereque
1442 1724 1694 1787 Pilatum
1725 1725 2016 1785 allocutus

2121 1716 2271 1791 τήσας
2330 1715 2627 1794 ἐξέθρεψας,
2691 1717 2775 1774 ὅτι
2836 1719 2997 1792 μόνος
3059 1718 3259 1800 Ἰωσὴφ
3328 1744 3459 1798 προς
3518 1722 3744 1779 Πιλάτον

385 1831 602 1893 corpus
635 1821 800 1873 tuum
837 1815 1254 1892 eXpostulavit,
1289 1833 1365 1875 ne
1397 1813 1760 1894 insepultum
1794 1812 2022 1891 abjice-

384 1911 570 1966 retur.
606 1901 721 1965 Ubi
752 1912 893 1962 sunt
918 1903 1295 1964 inﬁrmorum
1330 1909 1543 1977 cetus,
1578 1922 1724 1984 quos
1750 1921 1819 1965 ex
1844 1902 2026 1963 variis

388 1992 614 2056 morbis
635 1991 879 2066 sanasti,
905 1993 995 2054 vel
1023 2010 1170 2072 quos
1191 1993 1263 2056 ab
1291 1993 1497 2054 inferis
1519 1993 1824 2054 eduxisti‘!
1855 1991 2028 2054 Salus

387 2082 753 2148 Nicodamus
779 2083 975 2142 clavos
1002 2100 1034 2142 e
1059 2081 1358 2155 manibus,
1383 2082 1754 2163 pedibusque
1778 2083 1892 2143 tuis
1923 2100 2026 2142 ex-

391 2173 590 2249 trahit,
641 2181 698 2233 et
726 2179 910 2232 totum
945 2178 1002 2232 te
1053 2189 1086 2231 e
1120 2169 1276 2249 ligno
1313 2169 1648 2250 depositum
1688 2171 1836 2232 meis
1866 2170 2027 2230 hisce

393 2263 573 2338 ulnis,
607 2279 856 2342 gemens
883 2259 1011 2340 ipse
1041 2278 1110 2321 ac
1137 2259 1401 2321 fremens
1434 2260 1699 2340 apponit,
1735 2280 1866 2340 qua:
1890 2267 1945 2320 te
1973 2267 2029 2320 et

394 2361 589 2428 antea,
623 2370 754 2412 cum
791 2350 985 2411 infans
1016 2367 1202 2420 esses,
1238 2368 1357 2410 non
1392 2349 1522 2412 sine
1554 2350 1856 2430 voluptate
1887 2366 2026 2427 ges-

392 2457 616 2506 tavere.
642 2443 851 2504 Manus
874 2438 1174 2520 siquidem
1198 2439 1291 2500 hae
1313 2457 1462 2500 mea),
1483 2448 1535 2500 et
1559 2448 1697 2501 ante
1718 2439 1921 2500 infanti
1946 2438 2026 2499 fa-

397 2546 488 2596 cto
505 2535 1064 2597 administrarent,et
1084 2545 1238 2588 nunc
1257 2533 1404 2603 justa
1426 2547 1526 2603 per
1540 2532 1817 2589 solventes
1831 2531 2028 2588 adser-

393 2621 636 2684 viunt.0
659 2616 787 2679 dira
810 2615 1051 2678 funera!
1076 2615 1606 2678 Demortuisvitam
1634 2616 2030 2690 donans,ante

394 2729 552 2772 meos
576 2711 779 2770 oculos
801 2709 1328 2781 demortuusjaces.
1358 2709 1423 2767 Et
1445 2709 1583 2767 olim
1613 2710 1843 2781 quidem
1877 2716 2027 2765 circa

398 2798 648 2871 pueriles
671 2796 875 2854 fascias
898 2794 1148 2852 studium
1174 2801 1229 2851 et
1248 2807 1481 2865 operam
1508 2795 1782 2863 impendi,
1802 2805 1854 2852 ct
1877 2809 2032 2852 nunc

397 2882 671 2946 funebria
693 2879 799 2942 tibi
821 2897 1112 2959 apparans
1136 2878 1480 2942 conturbor.
1507 2878 1750 2960 Tepidis
1772 2880 1949 2939 undis
1979 2889 2034 2941 te

397 2976 536 3048 lavi,
561 2983 619 3037 et
643 2991 798 3035 nunc
821 2970 1211 3033 calidioribus
1242 2979 1299 3032 te
1328 2971 1607 3052 lacrymis
1628 2971 1838 3035 obruo.
1863 2970 2033 3034 Ulnis

2103 1801 2384 1881 τολμηρῶς
2453 1805 2897 1884 ἐπαρρησιάσατο,
2976 1809 3060 1863 καὶ
3117 1810 3177 1864 τὸ
3237 1811 3392 1884 σῶμά
3449 1833 3544 1868 σου
3602 1811 3744 1887 ᾐτή-

2105 1915 2258 1969 σατο,
2316 1896 2387 1957 ὡς
2447 1893 2508 1950 ἂν
2582 1897 2658 1971 μὴ
2715 1893 2956 1974 διαμείνῃ
3015 1897 3110 1954 καῖ
3169 1898 3386 1978 ἆταφον.
3467 1904 3573 1956 Ποῦ
3641 1909 3744 1957 τῶν

2106 1983 2336 2040 ἀσθενῶν
2395 1987 2445 2040 αἱ
2503 1999 2742 2064 χορεῖαι,
2804 1988 2892 2050 οὓς
2949 1989 3006 2043 εγ
3063 1987 3318 2046 ποικὲλων
3367 1990 3535 2064 ἐρύσω
3582 2013 3746 2056 νοσηο

2111 2074 2316 2148 μάτων.
2350 2073 2424 2130 ’Ἡ
2456 2082 2556 2132 ποῦ
2613 2077 2699 2132 καὶ
2752 2076 2856 2132 ἀπὸ
2913 2075 3034 2149 ᾅδου
3090 2075 3386 2156 ἐξήγειρας,
3447 2078 3526 2134 ὅτι
3587 2081 3748 2153 μόνος

2112 2162 2413 2239 Νικόδημος
2471 2165 2590 2226 τοὺς
2646 2164 2805 2232 ἥλους
2862 2167 2968 2222 τῶν
3018 2173 3240 2246 χειρῶν,
3291 2167 3385 2223 καί
3431 2171 3534 2224 τῶν
3574 2167 3748 2225 ποδῶν

2112 2273 2203 2307 σου
2274 2251 2522 2335 διίστησι,
2597 2255 2684 2311 καὶ
2739 2252 2865 2311 ὅλον
2921 2255 2982 2312 ἐκ
3035 2263 3128 2313 τοῦ
3184 2255 3336 2322 ξύλου
3405 2279 3464 2314 σε
3515 2258 3751 2316 καθελὼν

2113 2342 2271 2416 ἐμαῖς
2336 2342 2592 2421 ἀγκάλαις
2664 2343 2943 2408 ἐπωδύνως
3015 2345 3324 2419 ἐντέθεικεν,
3403 2348 3462 2405 αἴ
3533 2371 3591 2405 σε
3665 2351 3754 2405 καὶ

2108 2431 2295 2510 πρώην
2363 2430 2488 2490 ὄντα
2562 2434 2752 2515 βρέφος
2821 2435 3174 2515 χαρμοσύνως
3253 2434 3572 2497 ἐϐάστασαν.
3653 2439 3753 2496 Καὶ

2108 2522 2208 2599 γὰρ
2239 2535 2421 2601 χεῖρες
2476 2523 2620 2599 ἐμαὶ,
2682 2525 2772 2580 καί
2824 2526 2941 2602 πρὶν
2996 2525 3450 2604 βρεφουργηθέντα
3507 2526 3759 2604 ἐξυπηρε-

2109 2633 2301 2684 τησαν,
2361 2615 2448 2669 καὶ
2511 2621 2598 2670 νῦν
2647 2611 2986 2687 κηδευομένῳ
3029 2611 3385 2676 δουλεύουσιν.
3430 2616 3502 2670 ’Ὦ
3550 2622 3756 2694 πικρῶν

2114 2700 2410 2781 ἐνταφίωνι
2468 2701 2548 2758 ὅτι
2615 2717 2826 2781 νεκροῖς
2902 2705 2962 2760 τὸ
3031 2709 3125 2780 ζῇν
3196 2706 3588 2784 χαρισάμενος,
3659 2707 3759 2784 πρὸ

2115 2790 2395 2869 ὀφθαλμῶν
2453 2813 2553 2866 μου
2611 2792 2955 2870 νενὲιιρωσαι.
3020 2794 3116 2850 Καὶ
3171 2793 3336 2851 πάλαι
3397 2817 3455 2851 σε
3513 2795 3646 2874 ἀμφὶ
3694 2797 3761 2852 τὰ

2115 2879 2333 2958 βρειρικὰ
2403 2877 2760 2950 διακονήσασα
2833 2880 3132 2962 σπάργανα,
3195 2884 3283 2939 καὶ
3352 2886 3469 2964 περὶ
3538 2885 3604 2942 τὰ
3672 2907 3761 2940 νε-

2114 2969 2269 3038 κρικά
2362 2990 2453 3024 σου
2539 2967 2884 3048 τυρϐάζομαι,
2972 2969 3228 3050 Χλιαροϊς
3315 2972 3619 3049 ἐλουσάμην
3701 2995 3760 3031 σε

395 3065 686 3129 maternis
709 3060 1254 3135 sustentabam,sed
1273 3060 1790 3133 subsultantem,et
1813 3079 2030 3140 puero-

2121 3057 2366 3132 νάμασιν,
2426 3059 2521 3115 καί
2575 3060 2908 3137 θερμοτέροις
2978 3059 3093 3138 ἄρτι
3164 3063 3445 3120 καταντλῶ
3516 3085 3574 3121 σε
3642 3077 3760 3127 τοῖς

396 3173 528 3218 rum
546 3151 1214 3233 morejocantem,nunc
1227 3168 1434 3211 rursus
1448 3158 1502 3211 te
1516 3149 1725 3212 iisdem
1743 3151 2031 3226 sustineo,

397 3244 504 3306 sed
530 3241 860 3305 exanimem
889 3249 945 3302 et
971 3248 1340 3301 mortuorum
1367 3257 1534 3301 more
1553 3239 2034 3319 jacentemTum

400 3333 555 3397 labia
586 3331 731 3394 mihi
766 3329 1064 3409 dulcibus,
1098 3347 1168 3390 ac
1199 3328 1452 3390 roscidis
1485 3329 1599 3389 tuis
1633 3328 1779 3390 labis
1811 3330 2034 3390 irrora-

404 3426 644 3489 bantur.
673 3420 822 3482 Tum
846 3437 955 3498 ego
981 3417 1152 3479 beata
1173 3417 1288 3478 dici
1316 3425 1608 3498 poteram,
1633 3420 1788 3499 quod
1825 3428 2040 3496 praeter

406 3511 912 3595 exspectationem
948 3506 1243 3570 Creatoris
1272 3506 1388 3568 mei
1419 3525 1632 3586 parens
1657 3514 1900 3588 apparui
1932 3529 1944 3568 :
1981 3517 2040 3570 et

402 3620 561 3665 nunc
582 3618 812 3672 rursus,
840 3606 904 3659 ut
925 3598 1036 3658 sim
1064 3596 1282 3657 misera
1305 3595 1570 3674 contigit,
1589 3597 1741 3676 quod
1770 3597 1884 3657 mei
1911 3597 2041 3658 Filii

402 3693 579 3753 funus
604 3707 840 3751 accuro.
867 3685 956 3748 Ibi
978 3684 1217 3747 dolores
1241 3683 1302 3745 in
1325 3692 1493 3764 partu
1516 3684 1729 3762 effugi;
1756 3686 1847 3746 hic
1872 3685 2035 3746 dolo.

403 3801 524 3857 res,
555 3780 694 3842 dum
723 3786 777 3838 te
799 3775 1046 3857 sepelio,
1078 3772 1367 3836 sustineo.
1392 3773 1555 3834 More
1579 3772 1889 3835 infantium
1923 3795 2033 3837 saa-

407 3885 732 3952 penumero
756 3867 815 3928 in
837 3875 1076 3947 pectore
1094 3861 1764 3952 obdormivisti,etnunc
1779 3875 2040 3925 mortuo-

403 3951 538 4023 rum
559 3959 618 4018 in
635 3956 951 4018 modumin
973 3954 1184 4014 iisdem
1201 3951 1772 4014 obdormis.Nteillaa
1788 3955 2040 4032 Symeon

404 4050 612 4111 beatus
632 4045 1007 4126 fuit,quitein
1023 4041 1241 4121 templo
1267 4040 1414 4103 meis
1430 4059 1462 4102 e
1487 4041 1764 4102 manibus
1784 4045 2039 4120 accepit.

407 4139 724 4216 Prophetas
749 4132 1044 4214 siquidem
1071 4139 1128 4193 et
1153 4134 1369 4207 laeta,et
1393 4129 1538 4191 mihi
1561 4129 1818 4208 gloriosa
1842 4133 2044 4195 vatici-

408 4227 529 4290 nati
552 4223 850 4302 sunt,ipse
872 4240 1010 4284 vero
1029 4220 1192 4282 solus
1209 4229 1266 4281 et
1288 4219 1565 4291 tristia,et
1585 4221 1858 4281 maeroris
1875 4222 2049 4300 plena

410 4313 702 4398 praadixit.
729 4311 776 4377 Ο
797 4310 1098 4393 quomodo
1129 4309 1320 4391 sputis
1339 4307 1548 4370 foedari
1567 4309 1920 4398 sustinuisti,
1949 4315 2045 4391 qui

2118 3145 2383 3225 δάκρυσιν.
2474 3145 2718 3212 Ὠλέναις
2811 3162 3105 3226 μητρικαῖς
3190 3150 3549 3232 ἐνεκούφιζον,
3619 3152 3761 3210 ἀλλὰ

2119 3243 2410 3315 σκιρτῶντι
2473 3237 2566 3293 καί
2627 3241 2761 3294 κατὰ
2819 3240 3035 3306 νηπίους
3103 3239 3423 3315 ἇλλόμενον.
3501 3240 3760 3302 Ἀνακου·

2119 3324 2258 3405 apij
2287 3347 2346 3383 σε
2375 3327 2463 3384 καὶ
2496 3334 2580 3383 νῦν
2612 3341 2734 3393 ταῖς
2783 3328 2993 3403 αὒταϊς,
3057 3329 3176 3386 ἀλλ’
3207 3329 3429 3405 ἄπνουν,
3495 3335 3582 3389 καὶ
3626 3334 3763 3389 κατὰ

2121 3417 2333 3479 νεκροὺς
2365 3415 2726 3491 ἂναοιείμενον.
2793 3416 3114 3476 Ἐνέϐαπτᾶν
3175 3442 3274 3495 μου
3332 3422 3450 3478 τότε
3509 3424 3573 3478 τὰ
3602 3421 3763 3502 χείλη

2119 3519 2236 3568 το⁴ς
2324 3504 2606 3586 μελιχροϊς
2689 3530 2782 3564 σου
2867 3511 2952 3565 καὶ
3020 3506 3303 3588 δροσώδεσί
3373 3534 3462 3568 σον
3533 3514 3762 3593 χείλεσι.

2125 3597 2509 3673 Μακαρὶζεσθαί
2570 3619 2636 3671 με
2691 3605 2979 3664 τηνικαῦτα
3052 3599 3252 3676 παρῆν,
3327 3600 3408 3656 ὅτι
3462 3600 3764 3680 παραδόξως

2122 3686 2331 3762 ὼράθην
2398 3693 2487 3742 τοῦ
2571 3685 2935 3765 πλαστουργιῦ
3004 3711 3106 3764 μου
3163 3687 3472 3769 λοχεύτρια.
3539 3702 3640 3750 Νῦν
3712 3689 3766 3746 δὲ

2124 3773 2281 3830 πάλιν
2355 3773 2586 3840 νύξεσθαί
2651 3798 2717 3850 με
2788 3776 3186 3855 ἆντεπεγένετο,
3275 3779 3356 3836 ὅτι
3441 3779 3768 3859 παρευρέθην

2125 3865 2216 3921 τοῦ
2248 3865 2366 3920 ι’ίοῦ
2398 3886 2498 3940 μου
2525 3863 2829 3944 κηδεύτρια,
2885 3874 3014 3925 Εκεϊ
3065 3866 3261 3932 ὠδῖνας
3317 3869 3370 3925 ἐν
3424 3875 3500 3942 τῷ
3571 3871 3768 3925 τίκτειν

2128 3953 2390 4034 ἐξέφυγον·
2459 3952 2600 4011 ἔνθεν
2657 3954 2840 4020 ὀδύνας
2894 3957 2948 4011 ἑν
3017 3964 3094 4030 τῷ
3148 3959 3365 4016 θάπτειν
3433 3957 3767 4038 εἰσδέχομαι.

2130 4051 2512 4122 Βρεφοπρεπῶς
2583 4067 2674 4119 μοι
2747 4044 3003 4110 πολλάκις
3070 4048 3124 4103 ἐν
3195 4061 3310 4111 τοῖς
3390 4047 3622 4126 στέρνοις
3677 4048 3773 4126 ἆφο

2130 4135 2399 4207 ύπνωσας,
2462 4135 2549 4190 καὶ
2606 4134 2693 4190 νῦν
2765 4143 3135 4214 νεκροπρεπῶς
3205 4136 3259 4193 ἐν
3331 4146 3533 4203 τούτοις
3604 4137 3775 4194 κεκοί-

2131 4245 2325 4296 μησαι.
2386 4223 2668 4301 Μακαρὲζιο
2721 4225 2811 4280 τὸν
2863 4227 3107 4300 Συμεὼν,
3169 4228 3258 4282 τὸν
3299 4225 3350 4293 ἐξ
3399 4227 3542 4300 ἐμῶν
3575 4234 3772 4307 χειρῶν

2131 4312 2184 4366 ἐν
2238 4317 2314 4384 τῷ
2371 4319 2478 4386 ναῷ
2551 4335 2608 4370 σε
2665 4311 2967 4388 δεξάμενον,
3045 4321 3320 4394 Προφῆται
3389 4317 3489 4394 γὰρ
3553 4319 3641 4373 καὶ
3710 4317 3774 4371 τὰ

409 4397 583 4486 sputo
645 4413 766 4479 tuo,
799 4402 1004 4465 oculos
1033 4400 1108 4462 de
1141 4416 1295 4461 novo
1329 4397 1684 4460 eﬂ‘ormasti!
1739 4397 2035 4471 Quomodo

2134 4403 2405 4482 χαροποοὰ
2434 4405 2520 4460 καὶ
2577 4404 2642 4460 τὰ
2685 4404 2779 4470 τῆς
2831 4403 2984 4470 δόξης
3017 4428 3108 4478 μοι
3152 4407 3578 4484 προεφήτευσαν·
3618 4406 3772 4468 adqu

407 4495 612 4575 alapas
637 4488 1278 4570 tolerasti,quitlagello
1291 4505 1388 4550 res
1403 4486 1635 4548 divinas
1649 4499 2050 4568 cauponantes

410 4579 1095 4666 percussisti.Quomodo
1121 4576 1466 4658 probrosam
1489 4577 1750 4638 sustines
1774 4589 2048 4655 mortem,

408 4673 520 4736 Fili
553 4671 800 4734 sceleris
832 4667 1082 4749 espers?
1115 4669 1435 4731 Perforatte
1487 4673 1624 4727 sunt
1672 4685 1880 4727 manus
1913 4676 2049 4743 tum,

411 4759 855 4846 pedesque,sed
869 4756 1274 4837 clavosipsain
1299 4754 1554 4818 mediam
1575 4757 1832 4846 animam
1857 4776 2048 4820 meam

412 4843 720 4935 puncturis
734 4847 1058 4912 dirissimis
1071 4847 1312 4908 adactos
1339 4843 1663 4935 persentio.
1685 4847 1866 4909 Latus
1891 4856 2050 4909 tuum

412 4933 756 5006 confossum
779 4948 893 5013 est,
923 4937 1028 5000 sed
1057 4945 1117 4999 et
1141 4953 1338 4998 meum
1367 4952 1468 4996 cor
1499 4933 1710 4997 eodem
1734 4935 1862 5016 ipso
1896 4944 2052 4998 tem-

414 5050 560 5114 pore
581 5027 1058 5093 confodiebatur.
1083 5025 1408 5090 Doloribus
1431 5043 1546 5086 una
1571 5035 1764 5087 tecum
1791 5028 1949 5088 cruci
1966 5027 2050 5090 af-

414 5123 529 5185 fixa
549 5139 704 5196 sum,
732 5128 789 5182 et
812 5137 930 5182 una
952 5128 1150 5180 tecum
1176 5115 1487 5179 tormentis
1513 5124 1904 5193 commortua,
1941 5137 2054 5180 una

413 5223 608 5277 tecum
661 5209 944 5293 sepelior.
994 5207 1145 5282 Quid
1190 5205 1336 5270 mihi
1367 5213 1424 5267 et
1453 5203 1585 5266 vita:
1615 5223 1784 5282 mem,
1820 5207 1958 5268 dum
1994 5216 2054 5270 tu

411 5312 592 5384 longe
627 5320 716 5378 es,
751 5321 784 5363 ο
816 5299 1063 5363 Greater
1091 5303 1356 5372 meus,et
1382 5293 1493 5357 Fili
1522 5295 2052 5361 desideratissime.

2075 4471 2117 4521 D

2135 4491 2190 4546 ὃς
2223 4493 2383 4566 μόνος
2414 4492 2480 4549 τὰ
2511 4493 2813 4570 σκυθρωπὰ,
2875 4495 2962 4550 καὶ
3005 4495 3070 4550 τὰ
3115 4499 3208 4560 τῆς
3254 4494 3423 4561 λύπης
3471 4497 3768 4572 προείπετο.

2139 4579 2267 4643 "ut
2311 4585 2424 4647 πῶς
2471 4582 2830 4658 ἐμπτδσθῆναι
2887 4582 3169 4663 κατεδὲξω,
3233 4587 3289 4648 ὃς
3347 4585 3431 4642 διὰ
3474 4587 3774 4659 πτύσματός

2135 4693 2226 4727 σου
2297 4670 2596 4751 ὀφθαλμοὺς
2679 4674 3146 4751 ἓκαινούργησας;
3226 4681 3346 4737 Πῶς
3430 4676 3775 4753 ῥαπισμὶτων

2134 4760 2392 4840 ἠνέσχου,
2424 4763 2480 4824 ὃς
2537 4759 2620 4816 διὰ
2652 4761 3003 4840 φραγγελλῖου
3043 4767 3163 4828 τοὺς
3221 4764 3586 4834 θεοκαπήλους
3634 4764 3770 4838 ἐμά·

2134 4849 2341 4930 στιξας,
2415 4853 2508 4907 καὶ
2575 4859 2682 4908 τῶν
2747 4851 2900 4930 ἱερῶν
2963 4855 3211 4933 θριγγίων
3287 4850 3596 4926 ἑξήλασαςς
3661 4861 3778 4918 Πῶς

2136 4939 2416 5015 ὕπομὲνεις
2476 4941 2732 4999 θάναττον
2788 4943 3165 5019 ἐπονείδιστον,
3237 4945 3323 5003 Τὶὲ
3387 4943 3776 5023 ἂναμάρτητες

2137 5027 2400 5108 Ἐτρήθης
2458 5043 2651 5109 χεῖρας
2711 5036 2799 5091 καὶ
2847 5033 3036 5109 πόδας,
3068 5033 3206 5090 ἀλλὰ
3253 5033 3371 5094 τοὺς
3413 5032 3570 5101 ἥλους
3617 5033 3782 5111 ἔγνων

2138 5121 2210 5181 εἷς
2242 5118 2412 5194 μέσην
2464 5144 2567 5195 μου
2622 5122 2721 5188 τὴν
2755 5124 2939 5203 ψυχὴν
2991 5124 3081 5188 τὰς
3141 5121 3325 5188 ὀδύνας
3378 5123 3779 5198 ἓμπὲμποντας,

2137 5209 2245 5276 Τὴν
2311 5207 2540 5288 πλευρὰν
2599 5209 2910 5284 ὲκεντήθης,
2966 5213 3103 5269 ἀλλὰ
3160 5215 3249 5270 καὶ
3324 5215 3353 5281 ἡ
3426 5213 3530 5287 ἐμὴ
3600 5211 3784 5290 καρδία

2140 5309 2424 5367 τηνικαῦτα
2484 5315 2849 5358 συνεκεντεττο
2920 5325 3022 5364 σοι,
3083 5299 3451 5378 Ἐσταύρωμαί
3517 5323 3610 5360 σου
3661 5315 3780 5364 τοῖς

411 5395 615 5472 πόνοις,
651 5392 975 5470 νενέκρωμαί
1038 5412 1131 5448 σου
1183 5411 1259 5462 τῳ
1306 5387 1480 5458 πάθει,
1542 5385 1633 5442 καί
1694 5391 2104 5465 συνθαπτομένῳ
2159 5390 2556 5466 συμθάπτομαι.
2617 5393 2678 5449 'l‘t'
2721 5391 2839 5467 ἐμοὶ
2893 5393 2979 5448 καὶ
3049 5398 3124 5464 τῷ
3167 5393 3262 5466 βίῳ
3320 5412 3445 5463 μου,
3501 5385 3651 5467 [σοῦ]
3698 5393 3777 5464 μὴ

414 5504 696 5556 παριέντος,
727 5485 772 5536 ὦ
803 5478 1138 5557 πλαστουργὲ
1170 5499 1270 5553 μου
1304 5479 1391 5532 καὶ
1433 5475 1520 5532 Υἱὲ
1552 5480 1918 5539 ποθεινότατε,

494 5568 611 5630 Sed
635 5568 872 5631 ubinam
899 5579 956 5631 et
978 5565 1404 5650 discipulorum
1435 5563 1651 5627 chorus
1674 5573 1739 5626 ut
1769 5584 1888 5629 una
1919 5586 2048 5632 me-

2220 5569 2384 5631 Ἀλλὰ
2415 5575 2518 5629 πόῦ
2545 5571 2650 5628 τῶν
2707 5571 2958 5648 μαθητῶν
3019 5571 3047 5627 ὂ
3104 5568 3296 5651 χορὸς,
3330 5566 3420 5624 ἵνα
3453 5589 3545 5646 μοι
3581 5569 3778 5623 παθαι-
