4080 6204
330 309 444 375 217

321 447 518 523 νομένθ
548 445 951 525 συγκλαύσωσιν
988 466 1004 523 ;

320 538 382 592 τὰ
441 533 681 613 πρόϐατα
741 535 1079 595 σκύλλονται.
1133 527 1452 600 ⁹ι’τηενώττεις
1513 537 1548 603 ὴ
1607 533 1842 615 κεφαλή,
1887 534 1973 590 καὶ

325 638 511 705 χεῖρες
584 627 720 699 ὁμοῦ
775 627 863 681 καὶ
927 622 1085 688 πόδες
1112 625 1368 704 ἄπρακτοι
1405 625 1680 701 μένουσιν.
1733 623 1972 683 Κλίνουσι

321 716 412 778 τὰς
474 713 712 792 κεφαλὰς
757 715 851 771 καί
907 713 1060 771 ἄλλοι
1118 715 1478 789 νεκρούμενοι,
1535 712 1669 770 ἒιλλὰ
1712 723 1971 789 προεκλε-

320 803 573 868 λοιπότος
633 810 726 860 τοῦ
769 803 1094 878 πνεύματος,
1157 805 1230 860 Σὺ
1272 803 1318 860 δ’
1382 802 1604 869 ἐναλλάξ
1661 801 1974 883 προὲκλινας

319 892 580 972 κειραλην,
618 893 743 948 εἶτα
799 894 887 949 καὶ
929 899 1021 950 τοῦ
1073 894 1298 950 θάνατου
1353 892 1718 954 κελευσθέντος
1776 891 1972 966 ἐλθεῖν,

319 983 381 1038 τὸ
427 989 635 1056 πνεῦμα
666 978 1002 1058 παρέδωκας,
1055 983 1147 1038 Διὸ
1176 980 1303 1042 οὖδᾶ
1357 981 1654 1060 κατεαγότα
1683 982 1749 1039 τὰ
1804 979 1972 1046 σκέλη

319 1072 632 1150 γεγόνασιν,
695 1069 776 1126 ὅτι
843 1069 982 1146 μηδὲ
1068 1071 1161 1128 τοῦ
1239 1070 1408 1150 πάλαι
1471 1071 1724 1147 θυομένου
1807 1070 1974 1146 ἆμνοῦ

319 1160 508 1218 ὀστοῦν
584 1161 866 1215 ὁποιονουν
932 1160 1302 1238 κατεθραύετο.
1397 1149 1490 1224 Ὠς
1564 1167 1973 1236 προσκυνοῦνται

321 1250 384 1305 τὰ
437 1248 608 1321 παθη,
667 1248 757 1304 καὶ
813 1247 873 1304 τὸ
936 1249 1235 1323 ὑπομεῦναν
1293 1254 1450 1323 σῶμα
1508 1249 1972 1327 προσπτύσσομαι,

368 1339 394 1357 ιν
545 1339 559 1358 \
604 1334 660 1358 νδ
843 1338 856 1356 ἴ
1120 1359 1138 1370 ⁸
1214 1344 1237 1354 τ
1525 1337 1540 1355 \
1694 1334 1710 1356 ν
1801 1338 1826 1350 ν

322 1349 474 1414 Αιρω
509 1359 571 1394 το
601 1353 757 1414 υοωρ,
807 1357 869 1393 το
926 1340 985 1394 ὲκ
1041 1337 1268 1416 πλευρας
1321 1360 1416 1394 σου
1461 1338 1602 1422 pus»,
1635 1334 1688 1413 δι
1771 1360 1828 1393 ου
1882 1359 1975 1411 μοι

318 1429 381 1484 τὸ
441 1425 662 1501 λουτρὸν
705 1425 800 1493 τῆς
860 1425 1277 1505 παλιγγενεσίας
1318 1427 1790 1506 χαρακτηρίζεται.
1853 1423 1978 1491 Ἐξ-

320 1518 453 1591 αίρω
511 1516 598 1571 καὶ
656 1516 718 1570 τὸ
786 1516 930 1590 αἷμα
987 1518 1046 1572 τὸ
1104 1514 1339 1594 συρῤυὲν,
1389 1513 1466 1594 -δι’
1529 1518 1590 1572 οὗ
1644 1517 1730 1572 καὶ
1792 1516 1852 1571 τὸ
1896 1513 1978 1571 διὰ

322 1605 610 1683 μαρτυρίου
655 1603 962 1674 εἰκονίζεται
1020 1604 1321 1680 βάπτισμα.
1387 1591 1448 1662 ’.Ο
1496 1605 1584 1661 καὶ
1640 1606 1730 1661 τὸν
1773 1604 1976 1682 εὒγνώ-

321 1716 462 1768 μονα
536 1695 905 1770 περιραντίσαν
993 1691 1198 1769 λῃστὴν
1255 1695 1569 1771 καθηγίασε,
1623 1692 1976 1771 βαττισθέντα

1591 312 1652 375 S.
1699 311 1966 374 MARLE
2009 309 2432 374 PLANCTUS.

3581 311 3697 376 218

1069 448 1416 526 Ἐπατάχθης
1448 449 1476 504 6
1507 447 1830 521 ποιμαίνων,
1885 444 2001 501 xuii

2061 460 2190 504 cum
2223 438 2533 504 doloribus
2559 438 2811 501 divexati
2842 439 3131 518 lacrymas
3162 439 3515 502 effundant?
3547 439 3692 502 Per-

2057 550 2269 593 cussus
2301 538 2392 592 est
2423 538 2642 611 pastor,
2677 537 2735 589 et
2765 547 2904 590 oves
2935 528 3324 590 divelluntur.
3363 527 3596 590 Dormis
3633 539 3692 590 tu

2056 630 2254 700 caput,
2290 628 2346 682 et
2370 637 2577 681 manus
2600 617 2774 679 simul
2804 637 2871 679 ac
2905 617 3088 698 pedes
3129 628 3365 680 cessant
3387 618 3460 680 ab
3489 638 3692 698 opere.

2055 711 2172 773 Alii
2202 709 2394 791 capita
2423 707 2745 783 declinant;
2782 727 2916 770 cum
2967 716 3214 770 mortem
3248 717 3556 788 oppetunt,
3590 710 3691 770 sed

2060 799 2226 880 prius
2257 797 2473 878 spiritu
2496 796 2854 871 deficiente;
2887 805 2945 858 tu
2978 796 3102 857 vice
3135 814 3301 858 versa
3333 797 3498 877 prius
3521 808 3698 877 caput

2058 886 2522 960 declinasti,tum
2549 884 2974 964 mortijubens,
2997 897 3060 946 ut
3077 886 3691 966 accederet,syiritum

2058 976 2376 1040 tradidisti.
2397 975 2656 1055 Ideoque
2678 993 2872 1053 genua
2899 974 3202 1036 confracta
3225 994 3340 1036 non
3361 993 3428 1036 su
3440 977 3689 1057 nt,quod

2059 1075 2118 1128 et
2140 1065 2278 1145 agni
2308 1064 2636 1145 antiquitus
2667 1063 2727 1124 in
2763 1063 3122 1125 sacrificium
3157 1061 3338 1126 oblati
3373 1065 3600 1126 nullum
3632 1084 3697 1126 os

2057 1155 2461 1234 frangeretur.
2499 1153 2840 1215 Passionem
2869 1163 3024 1215 tuam
3049 1152 3325 1227 adorans,
3360 1155 3518 1231 quod
3553 1155 3697 1216 reli-

2059 1263 2239 1326 quum
2265 1252 2600 1324 est,corpus
2623 1241 2958 1304 deosculor.
2994 1242 3240 1323 Accipio
3263 1261 3638 1324 aquam,qum
3665 1262 3696 1304 e

2060 1334 2247 1396 latere
2277 1341 2376 1394 tuo
2410 1331 2637 1395 efﬂuxit
2680 1350 2785 1412 per
2833 1351 3010 1409 quam
3051 1332 3193 1392 mihi
3226 1333 3695 1411 regenerationis

2062 1421 2356 1484 lavacrum
2379 1420 2770 1500 exprimitur:
2806 1419 3036 1501 accipio
3063 1439 3298 1500 quoque
3319 1420 3692 1500 sanguinem,

2060 1512 2164 1588 qui
2184 1510 2361 1572 simul
2386 1510 2748 1591 effluxit,per
2767 1529 2940 1591 quem
2969 1518 3026 1571 et
3055 1509 3306 1589 baptism
3319 1529 3384 1571 us
3407 1529 3510 1590 per
3536 1529 3696 1572 mar-

2061 1599 2274 1679 tyrium
2296 1600 2727 1680 et'fingitur,qui
2743 1609 2799 1661 et
2816 1599 3167 1660 benevolum
3187 1598 3479 1661 latronem
3499 1618 3698 1681 asper-

2059 1707 2204 1769 gens
2225 1697 2491 1750 sanctum
2521 1688 2738 1760 effecit,
2763 1687 3032 1749 ablutum
3057 1687 3246 1768 ipsum
3271 1689 3698 1771 baptismo,qui

320 1785 412 1839 καὶ
485 1785 642 1841 αὐτὸν
712 1783 788 1857 τῷ
860 1782 944 1838 ἐπὶ
1011 1791 1105 1840 σοῦ
1183 1780 1438 1856 συμϐάντι
1498 1785 1847 1860 βαπτίσματι.
1918 1763 1973 1838 ia

2061 1763 2119 1838 in
2147 1787 2205 1839 te
2235 1777 2554 1840 acciderat.
2580 1776 2628 1840 Ο
2658 1795 2923 1838 amarum
2946 1763 3110 1837 illum
3140 1777 3280 1856 ligni
3309 1763 3569 1856 gustum,
3596 1763 3696 1858 qui

320 1879 514 1949 πικρᾶς
578 1873 786 1938 ἐκείνης
841 1879 936 1928 τοῦ
998 1871 1150 1936 ξύλου
1223 1873 1474 1952 γεύσεως,
1535 1872 1653 1941 ἥτις
1710 1871 1816 1929 ἀπὸ
1870 1878 1972 1951 γῆς

321 1965 397 2024 εἰς
429 1966 532 2038 γῆν
589 1959 943 2018 παλινοστετν
1000 1961 1436 2036 παρεσκεύασενε
1497 1963 1570 2019 Σὺ
1600 1961 1655 2019 δὲ
1711 1961 1846 2018 ἄλλα
1874 1964 1973 2042 γὰρ

323 2055 422 2110 οὐχ
479 2053 538 2108 ἐκ
565 2056 664 2130 γῆς
715 2048 1007 2126 ἐτελέσθης,
1041 2055 1137 2110 οὐκ
1189 2051 1296 2108 ἀπὸ
1341 2053 1474 2131 χοὸς
1519 2051 1971 2131 ἐδημιουργήθης,

323 2143 386 2198 οὗ
458 2141 734 2218 παρακοῆν
792 2139 1243 2215 ἑπλημμὲλησας,
1314 2143 1408 2199 Καὶ
1465 2142 1564 2220 γὰρ
1620 2143 1775 2206 αὑτὸς
1848 2144 1892 2198 εἰ
1948 2144 1976 2198 6

324 2229 593 2302 πλάστης,
639 2229 796 2292 αὐτὸς
840 2231 867 2285 6
928 2232 1289 2307 Δημιουργὸς,
1327 2229 1482 2292 αὒτὸς
1543 2233 1570 2287 6
1601 2231 1698 2290 τῆν
1753 2229 1977 2299 εντολὴν

325 2319 690 2394 νομοθετήσας
781 2324 859 2392 τῷ
917 2317 1216 2393 πλάσματι.
1279 2320 1378 2377 Καὶ
1451 2320 1501 2378 τί
1579 2321 1660 2376 σοὶ
1725 2321 1818 2376 καί
1901 2327 1979 2393 τῷ

324 2409 536 2482 θανάτῴ
567 2427 791 2488 κοινρν,
838 2407 924 2473 Τίς
980 2407 1168 2472 ἓνωσις
1224 2414 1366 2488 ταφῇ
1423 2409 1515 2466 καὶ
1576 2410 1856 2488 αύτοζωῇ;
1893 2410 1979 2475 Τίς

325 2497 582 2571 μετουσία
629 2497 798 2568 θρόνῳ
845 2495 900 2552 ἐν
960 2497 1184 2576 οὐρανῷ,
1219 2499 1304 2553 καὶ
1360 2497 1510 2573 τάφῳ
1540 2497 1624 2554 ἐπὶ
1665 2499 1762 2566 τῆς
1821 2504 1924 2577 γῆς
1961 2518 1978 2573 ;

329 2588 486 2644 Ἐκεῖ
539 2583 888 2664 συνεδριάζεις
948 2587 1086 2660 μετὰ
1151 2589 1375 2664 Πατρὸς,
1423 2586 1523 2644 ὦδε
1576 2590 1844 2666 συνθάπτῃ
1903 2595 1980 2660 τῷ

329 2674 830 2751 πλαστουργτςματι.
890 2673 1165 2731 ’Ᾱπὲδωκὲ
1196 2699 1278 2732 σοι
1331 2678 1539 2754 πονηρὰ
1599 2677 1712 2734 ἀντὶ
1769 2677 1979 2756 ἀγαθῶν

325 2767 359 2832 ἡ
417 2763 675 2843 μοιχαλὶς
705 2763 882 2840 γενὲά.
917 2771 1022 2823 Νῦν
1054 2767 1082 2820 6
1112 2766 1440 2842 μαργαρίτης
1471 2765 1684 2845 ἒῤῥίφης
1737 2767 1977 2845 ἔμπροσ-

326 2861 414 2909 θεν
458 2854 680 2931 χοίρων.
719 2862 822 2911 Νυν
869 2853 1198 2925 προτίθενται
1235 2867 1350 2919 τοῖς
1407 2856 1670 2931 κυναρίοις
1703 2857 1768 2931 τὰ
1824 2856 1974 2931 ἅγια.

331 2950 436 3000 Νῦν
460 2925 642 3006 ⁷ξύλον
674 2942 746 3005 εἷς
781 2943 870 2998 τὸν
926 2946 1072 2999 θετον
1105 2941 1261 3020 ἄρτον
1317 2925 1661 3019 ἐμϐάλλεται.
1708 2925 1762 3000 "tl
1820 2925 1980 3002 λύττα

331 3030 703 3108 φιλαργυρίας,
736 3031 800 3099 ἣν
860 3028 1054 3095 Ἰούδας
1107 3033 1382 3098 ἐνόσησεν⁸
1423 3035 1516 3090 οὒκ
1557 3034 1805 3113 ἆργυρίαν
1854 3035 1975 3111 γὰρ,

2059 1886 2092 1930 e
2116 1876 2272 1929 terra
2297 1867 2356 1929 in
2381 1877 2598 1930 terram
2625 1884 2830 1928 rursus
2849 1867 3050 1928 redire
3064 1867 3390 1929 constituit!
3413 1866 3500 1929 Tu
3522 1887 3697 1946 porro

2060 1975 2254 2038 neque
2275 1975 2308 2019 e
2332 1966 2488 2019 terra
2507 1965 2748 2019 creatus
2777 1975 2870 2026 es.
2905 1975 3101 2037 neque
3123 1975 3192 2018 ex
3216 1958 3462 2038 pulvere
3488 1957 3696 2029 factus,

2059 2065 2253 2127 neque
2273 2045 2674 2108 inobedientaa
2694 2046 2923 2108 crimen
2947 2046 3336 2108 commiseras
3361 2069 3374 2105 :
3401 2046 3695 2126 siquidem

2062 2143 2120 2196 tu
2146 2154 2208 2197 es
2231 2137 2499 2206 Creator,
2531 2144 2589 2197 tu
2620 2135 2828 2209 factor,
2858 2142 2917 2195 tu
2950 2137 3046 2216 qui
3074 2145 3432 2216 praeceptum
3461 2143 3699 2197 crvatu-

2059 2243 2142 2286 ra;
2162 2223 2522 2306 imponis.Et
2543 2225 2684 2306 quid
2713 2224 2818 2286 tibi
2844 2225 3045 2300 fuerit,
3069 2233 3126 2286 et
3160 2225 3332 2286 morti
3357 2226 3702 2287 commune?

2059 2314 2203 2388 Quae
2231 2313 2572 2396 conjunctio
2594 2314 2915 2396 sepulturae
2945 2326 3005 2375 et.
3045 2313 3209 2376 vitae?
3253 2313 3418 2386 Quod
3447 2333 3696 2376 consor-

2063 2405 2211 2468 tium
2237 2405 2451 2465 throno
2492 2403 2742 2478 cmlesti,
2787 2411 2846 2465 et
2886 2403 3208 2483 sepultura:
3247 2404 3562 2465 terrestri?
3597 2404 3698 2465 llic

2065 2512 2180 2555 una
2202 2494 2376 2555 sedes
2401 2511 2534 2553 cum
2562 2493 2756 2562 Patre,
2777 2493 2871 2553 hic
2895 2510 3010 2552 una
3033 2511 3164 2552 cum
3193 2501 3461 2552 creatura
3482 2492 3698 2572 sepeli-

2063 2584 2165 2646 ris.
2205 2581 2487 2646 Reddidit
2518 2581 2622 2642 tibi
2659 2582 2808 2642 mala
2841 2600 2946 2660 pro
2991 2581 3161 2642 nobis
3189 2581 3493 2658 generatio
3524 2581 3700 2642 adul-

2063 2681 2207 2734 tera.
2243 2673 2413 2735 Nunc
2447 2675 2759 2750 margarita
2783 2669 3096 2751 projiceris
3119 2679 3254 2731 ante
3283 2688 3514 2750 porcos;
3545 2687 3704 2730 nunc

2061 2761 2310 2824 canibus
2339 2770 2544 2823 sancta
2575 2759 2946 2839 objiciuntur
2975 2781 2987 2817 :
3027 2777 3182 2820 nunc
3213 2759 3437 2836 lignum
3473 2759 3530 2819 in
3558 2759 3703 2820 divi-

2063 2870 2203 2914 num
2238 2869 2447 2929 panem
2473 2849 2834 2912 immittitur.
2879 2846 2926 2910 Ο
2979 2847 3204 2910 rabiem
3255 2847 3534 2924 avaritia),
3588 2867 3702 2929 qua

2060 2939 2243 3005 Judas
2275 2938 2594 3000 laboravit!
2633 2956 2751 2998 non
2788 2955 3062 2998 nummos
3095 2945 3436 3016 argenteos,
3468 2937 3570 2998 sed
3605 2938 3703 2997 in-

2065 3031 2485 3092 humanitatem
2519 3028 2778 3090 lucratus
2824 3036 2937 3089 est.
2992 3026 3224 3088 Etenim
3280 3026 3328 3086 si
3381 3035 3604 3086 tantum
3643 3025 3700 3087 in

333 3118 470 3176 ἀλλᾶ
531 3120 926 3197 μισανθρωπίαν
984 3118 1257 3199 ἐκέρδησε.
1333 3121 1437 3180 Καὶ
1509 3123 1607 3202 γαρ
1663 3123 1979 3203 φιλάργυρος

2067 3119 2316 3201 pecunia
2334 3117 2611 3200 ponebat,
2630 3135 2818 3194 quare
2838 3115 2922 3177 illi
2949 3115 3273 3177 associatus
3301 3124 3410 3184 est,
3439 3115 3538 3195 qui
3563 3134 3706 3196 pan-

329 3210 432 3289 ὢν,
461 3208 554 3264 ἵνα
585 3210 635 3264 τί
663 3211 980 3287 προσεφοίτα
1010 3211 1087 3283 τῷ
1135 3212 1252 3273 τοὺς
1287 3223 1538 3304 πτὲυχοὺς
1589 3215 1930 3292 μακαρίζοντι
1964 3232 1980 3289 ;

330 3301 423 3356 καὶ
452 3300 502 3354 τί
531 3295 730 3373 ἄμικτα
759 3299 993 3376 μιγνύων
1024 3297 1264 3377 ἐφαίνετο
1296 3317 1311 3374 ;
1358 3295 1408 3355 Ὠ
1453 3305 1550 3370 τῆς
1584 3301 1810 3380 ἀρρήτου
1834 3304 1984 3359 οίκο⁴

331 3389 522 3463 νομίας
565 3407 681 3460 σου,
722 3386 987 3446 Δέσποτα.
1022 3390 1110 3450 Τίς
1141 3390 1212 3453 ὡς
1245 3391 1375 3445 Θεὸν
1424 3389 1578 3455 σξίως
1607 3391 1832 3465 ύμνήσει
1873 3413 1930 3447 σε
1963 3412 1980 3471 ;

335 3481 422 3541 ι’ίς
483 3479 554 3538 ὡς
588 3477 769 3553 νεκρὸν
831 3477 1141 3554 πρεπόντως
1173 3480 1423 3555 θρηνήσει
1478 3501 1536 3535 σε
1573 3499 1588 3554 ;
1646 3479 1797 3537 Ἀλλ’
1837 3482 1984 3538 οἷκο-

328 3567 572 3641 ἒόμησον
617 3566 710 3620 τὸν
743 3565 831 3620 σὸν
890 3567 1013 3621 uim
1043 3563 1127 3621 διὰ
1179 3573 1338 3645 τριῶν
1375 3567 1610 3646 ἡμερῶν,
1661 3572 1734 3631 ὡς
1792 3574 1977 3644 εἶπας,

2067 3226 2241 3290 peres
2272 3207 2476 3269 beatos
2507 3205 3129 3286 praedirabatthuid
3163 3223 3294 3286 qum
3326 3205 3563 3265 misceri
3586 3225 3703 3266 non

2068 3305 2364 3378 poterant,
2392 3297 2726 3357 immiscere
2751 3293 3050 3357 tentabat"
3081 3293 3129 3358 Ο
3151 3294 3515 3356 ineffabilem
3545 3303 3702 3356 tuam

2067 3385 2482 3460 trconomiam,
2511 3383 2782 3449 Domine!
2813 3383 2956 3456 Quis
2985 3393 3064 3453 te.
3089 3393 3149 3444 ut
3173 3385 3361 3446 Deum
3387 3383 3566 3462 digne
3585 3384 3706 3446 lau-

2068 3476 2262 3539 dabit?
2283 3475 2425 3549 Quis
2445 3483 2522 3549 te,
2539 3483 2599 3536 ut
2627 3473 3037 3546 mortuum,uti
3061 3473 3704 3554 addecet,deplorabit?

2065 3564 2180 3628 Sed
2233 3574 2437 3626 extrue
2461 3564 2610 3643 jam,
2662 3561 2818 3642 quod
2871 3561 3182 3624 dissolvisti
3221 3563 3507 3643 templum
3541 3571 3701 3624 tuum

328 3661 392 3716 ὃν
450 3655 841 3719 καταλέλυκας.
907 3657 1205 3734 Κεφάλαιον
1279 3663 1383 3714 τῶν
1452 3659 1649 3738 λόγων·
1713 3661 1833 3718 ἐπεῖ
1903 3663 1981 3736 μὴ

2068 3655 2244 3716 trium
2273 3654 2502 3714 dierum
2527 3653 2738 3730 spatio,
2768 3659 2828 3711 ut
2857 3649 3112 3714 dixeras.
3147 3653 3391 3714 Summa
3423 3652 3537 3713 mei
3569 3672 3701 3713 ser-

332 3748 528 3821 ἷμνους
613 3745 829 3821 ἀξίους,
901 3744 1039 3820 μηδέ
1129 3750 1492 3825 προσήκοντας
1569 3752 1788 3826 θρήνους
1870 3751 1984 3832 ἔχω

2069 3746 2261 3805 monis
2288 3743 2500 3804 fuerit:
2528 3761 2662 3801 cum
2701 3759 2891 3820 neque
2925 3739 3130 3801 laudes
3153 3741 3704 3820 conilignas,neque

332 3836 655 3915 πρασφέρειν
713 3858 821 3909 σοι,
853 3837 1138 3912 μεγαλύνω
1186 3836 1248 3893 τοὶ
1292 3839 1418 3917 ἔργα
1461 3861 1554 3895 σου
1604 3845 1676 3904 ὼς
1726 3841 1781 3898 ἐν
1830 3847 1986 3922 σοφίᾳ

2069 3838 2352 3900 decentes
2378 3835 2832 3897 lamentationes
2855 3834 3214 3906 offerretibi,
3237 3835 3378 3922 mihi
3406 3845 3701 3915 suppetat,

326 3925 395 3982 τα
425 3947 601 3982 παντα
632 3925 908 3988 ποιοῦοτός
942 3947 1059 3984 σου.
1913 3921 1918 3922 ί

2072 3927 2386 4006 magnifico
2410 3942 2592 4005 Opera
2615 3933 2734 4000 tua,
2762 3925 2864 4002 qui
2888 3925 3090 3986 omnia
3120 3924 3178 3984 in
3210 3921 3499 4004 sapientia
3533 3924 3698 3986 facis.

1202 4342 1843 4474 ΗΘΙΚΟΙ
1962 4343 2511 4474 ΛΟΓΟΙ
2617 4344 2839 4472 ΚΔ

898 4598 1392 4652 ΕΚΛΕΧΘΕΝΤΕΣ
1454 4602 1560 4652 AIA
1623 4601 1901 4654 ΣΥΜΕΩΝ
1957 4605 2084 4654 ΥΟΥ
2142 4603 2516 4655 ΜΑΙἸΣἸῬΟΥ
2582 4606 2692 4654 ΚΑΙ
2756 4605 3146 4655 ΛθΓΟΥΕῙῸΓ

417 4780 492 4830 Ex
537 4781 721 4830 πασῶν
771 4776 876 4832 τῶν
941 4777 1320 4852 πραγματειῶν
1389 4782 1481 4830 τοῦ
1535 4771 1590 4828 ὲν
1649 4771 1822 4851 ἁγίοις
1876 4775 2080 4854 Πατρὸς
2137 4777 2290 4848 ἡμῶν
2349 4775 2624 4832 Βασιλείου
2681 4775 3106 4855 ἀρχιεπισκόπου
3162 4774 3474 4851 Καισαρείας
3527 4775 3623 4841 τῆς

1817 4854 2227 4917 Καππαδοκίας.

591 5149 1293 5238 SERMONES
1379 5146 1536 5234 DE
1607 5148 2166 5238 MORIBUS
2264 5149 2758 5238 VIGINTI
2857 5148 3461 5250 QUA'I‘UOR

943 5333 1255 5403 SELECTI
1308 5331 1458 5401 PER
1503 5335 1913 5404 SYMEONEM
1956 5337 2399 5402 MAGISTRUM
2442 5336 2536 5400 ET
2582 5335 3088 5400 LOGOTHETAM

457 5497 540 5562 Ex
597 5498 874 5562 omnibus
931 5498 1217 5582 operibus
1288 5504 1478 5562 sancti
1538 5498 1730 5564 Patris
1797 5497 1986 5560 nostri
2044 5499 2245 5562 Basilii
2315 5463 2762 5594 archiepiscopi
2811 5498 3092 5559 Caesarea!
3169 5489 3580 5570 Cappadocia}.

1053 5657 1184 5731 Vide
1210 5659 1490 5744 Putrolog.
1521 5665 1644 5721 ιοηι.
1691 5657 1917 5728 XXXII,
1949 5661 2055 5719 col.
2091 5659 2248 5728 flf5,
2281 5661 2424 5718 iam
2469 5657 2648 5731 Opera
2681 5655 2738 5712 S.
2777 5652 2993 5727 Basilii.
