4128 6198
409 330 527 399 223

1180 380 1187 387 .
1287 333 1670 398 SYMEONIS
1711 331 2302 397 METAPHBAST‘E
2331 333 2882 399 PRECATIONES.
2982 288 2989 297 ί

3664 330 3779 396 224

410 468 555 543 Quis
579 466 763 547 eriget
796 484 888 529 me
921 466 980 529 in
1009 466 1224 530 talibus
1258 465 1428 528 malis
1460 464 1873 540 constitutum,
1906 470 1963 525 et
1993 462 2053 523 in

2148 487 2265 529 που.
2331 468 2416 533 Τίς
2469 467 2757 538 ἀναστήσει
2802 490 2869 543 με
2914 469 3007 525 τὸν
3053 468 3106 524 ὲν
3138 468 3408 530 τοσούτοις
3463 480 3674 546 κακοῖς,
3710 460 3798 523 καὶ

412 564 576 621 tanta
608 571 848 638 peccata
899 557 1185 638 lapsum?
1231 553 1294 617 In
1347 563 1428 626 te,
1484 555 1760 632 Domtne,
1809 551 2059 634 speravi,

413 650 578 712 Deus
605 665 810 722 meus;
838 647 884 706 si
913 655 1002 709 est
1025 644 1171 707 miti
1198 662 1336 725 spes
1364 644 1595 717 salutis,
1620 642 1669 704 si
1695 642 1873 704 vincit
1901 641 2067 704 beni-

412 737 603 816 gnitas
637 746 731 798 tua
763 733 1204 796 multitudinem
1244 732 1623 815 iniquitatum
1658 750 1950 812 mearum,
1986 737 2067 792 sis

416 826 562 888 mihi
594 827 888 898 Salvator,
941 831 999 886 et
1029 821 1356 885 secundum
1401 824 1818 884 miserationes
1852 829 1980 882 tuas
2011 826 2065 881 et

415 914 855 978 misericordias
900 921 1052 993 tuas,
1099 912 1287 990 solve,
1315 912 1570 993 dimitte,
1605 922 1662 975 et
1691 911 1890 974 relaxa
1920 910 2066 972 mihi

412 1012 629 1086 quanta
659 1001 769 1065 tibi
798 1002 1036 1084 peccavi
1068 1024 1085 1076 ;
1119 1001 1259 1080 quia
1286 1001 1493 1065 multis
1519 1000 1690 1063 malis
1714 1000 1953 1082 impleta
1976 1010 2066 1062 est

410 1094 610 1155 anima
632 1109 785 1166 mea,
811 1098 870 1153 et
901 1110 1020 1153 non
1046 1100 1137 1153 est
1158 1092 1217 1153 in
1243 1109 1339 1153 me
1355 1090 1560 1153 salutis
1588 1108 1748 1172 spes.
1778 1090 2067 1153 Miserere

413 1180 566 1257 mei,
620 1179 815 1259 Deus,
869 1180 1199 1243 secundum
1261 1199 1530 1260 magnam
1589 1177 2060 1242 misericordiam

412 1278 595 1351 tuam,
630 1277 688 1332 et
719 1287 794 1332 ne
828 1268 1125 1333 retribuas
1157 1270 1304 1334 mihi
1336 1268 1664 1333 secundum
1702 1286 1882 1351 opera
1907 1286 2060 1349 mea,

2148 556 2421 619 τοσούτοις
2493 561 2847 636 περιπεσόντα
2926 557 3443 634 πλημμελήμασινς
3507 556 3628 615 Ἐπὶ
3688 558 3793 630 σοὶ,

2153 645 2329 720 Κύριε,
2374 645 2601 727 ἤλπισα,
2665 649 2691 703 ὁ
2760 647 2887 711 Θεός
2946 667 3070 722 μων
3134 648 3177 702 εἶ
3234 645 3347 704 ἔστι
3407 669 3496 721 μοι
3545 646 3796 725 σοτηρίις

2150 734 2322 817 ἐλπὶς,
2378 739 2424 793 οἱ
2485 744 2604 810 νικᾷ
2657 740 2692 806 ἡ
2755 737 3115 817 φιλανθρωπία
3174 760 3266 795 σου
3315 738 3382 795 τὰ
3440 735 3618 806 πλήθη
3689 737 3797 792 τῶν

2150 827 2361 902 ἀνομών
2413 849 2538 907 μοι),
2599 837 2754 906 γενοῦ
2797 850 2888 902 μοι
2949 828 3161 902 Σωτὴρ,
3212 828 3298 884 καὶ
3345 826 3479 883 κατὰ
3534 827 3652 888 τοὺς
3712 829 3792 882 oi-

2147 917 2399 995 κτιρμοός
2457 939 2550 975 σου
2606 917 2692 973 καὶ
2750 918 2813 973 τὰ
2869 915 2996 984 ὶλέη
3054 939 3172 991 σου,
3201 916 3341 992 ἄνες,
3387 915 3535 995 ἄφες,
3569 916 3793 996 συγχώ-

2148 1009 2314 1084 ρησὸν
2372 1029 2464 1082 μοι
2495 1007 2667 1064 πάντα
2718 1006 2817 1065 ὅσα
2848 1030 2930 1065 σοι
2987 1007 3248 1087 ἥμαρτον
3308 1007 3388 1064 ὅτι
3417 1006 3632 1065 πολλῶν
3688 1030 3791 1064 κα-

2150 1101 2257 1152 κῶν
2285 1100 2321 1168 ἡ
2349 1099 2504 1178 ψυχή
2562 1119 2666 1173 μου
2696 1096 2961 1178 ἐπλήσθη,
2997 1100 3083 1155 καὶ
3129 1099 3224 1156 οὒκ
3253 1096 3392 1154 ἔστιν
3424 1097 3477 1153 έν
3507 1097 3624 1172 ἐμοὶ
3678 1120 3792 1154 σω·-

2147 1186 2331 1263 τγ,ρίας
2387 1185 2562 1261 ἐλπὶς,
2608 1185 2836 1255 ἒλέησόν
2894 1209 2984 1267 με,
3046 1190 3073 1245 ὁ
3132 1189 3285 1261 Θεὸς,
3346 1187 3481 1244 κατὰ
3538 1187 3598 1243 τὸ
3657 1186 3795 1265 μέγα

2148 1273 2290 1342 ἔλεός
2329 1298 2449 1350 σου,
2493 1278 2581 1333 καὶ
2610 1277 2688 1351 μὴ
2747 1275 2997 1351 ἐποδῴης
3046 1300 3137 1353 μοι
3198 1277 3333 1335 κατὰ
3387 1279 3452 1334 τὰ
3506 1276 3633 1356 ἔργα
3663 1291 3789 1352 μων

409 1359 515 1422 sed
537 1366 840 1441 converte,
860 1358 1124 1440 suscipe,
1150 1359 1338 1421 libera
1355 1359 1613 1421 animam
1636 1376 1825 1420 meam
1842 1376 1874 1420 a
1895 1356 2060 1419 malis

2148 1364 2266 1422 ἀλλ’
2333 1366 2674 1445 ἑπίστρεψον,
2735 1365 3038 1441 ἀντιλαὸοὖ,
3092 1367 3239 1445 ῥῦσαι
3284 1368 3383 1433 τὴν
3449 1367 3635 1445 ψυχήν
3694 1388 3795 1440 μου

409 1448 470 1511 in
497 1448 718 1529 quibus
746 1456 881 1511 nata
905 1456 1072 1511 estet
1090 1449 1162 1511 ab
1189 1448 1522 1511 exitialibus
1544 1445 2060 1537 inclinationibus,

2148 1455 2251 1511 ἀπὺ
2308 1460 2414 1512 τῶν
2445 1455 2787 1535 συμφυέντων
2847 1455 2980 1532 αὒτῇ
3038 1460 3240 1537 κακῶν,
3275 1457 3360 1513 καὶ
3413 1453 3596 1511 δεινῶν
3655 1476 3793 1531 προ-

412 1539 569 1601 salva
602 1558 698 1602 me
733 1546 977 1619 propter
1003 1537 1475 1600 misericordiam
1511 1546 1693 1613 tuam,
1728 1545 1791 1599 ut
1820 1536 1922 1598 ubi
1953 1535 2060 1598 ab-

2148 1545 2386 1621 λῆψεων·
2444 1544 2617 1603 σῶσόν
2668 1566 2734 1619 με
2792 1544 2967 1601 ἕνεκεν
2995 1552 3087 1602 τοῦ
3144 1535 3321 1610 ἐλέους
3367 1567 3482 1623 σου,
3514 1544 3607 1600 ’ἕνα
3661 1544 3794 1600 ὅπου

409 1628 647 1690 undavit
679 1627 987 1699 delictum,
1013 1626 1465 1708 superabundet
1491 1626 1680 1704 gratia
1702 1633 1825 1702 tua;
1862 1633 1919 1687 et
1941 1625 2060 1687 lau-

2148 1635 2179 1702 ἡ
2251 1635 2479 1712 ἁμαρτία
2566 1634 2908 1709 έπλεὸνασεν,
2987 1635 3438 1713 ὑπερπερισσεύσῃ
3514 1634 3547 1701 ἦ
3632 1633 3791 1710 χάρις

410 1715 586 1790 dabo,
615 1726 673 1778 et
691 1716 1033 1796 glorificabo
1057 1725 1115 1778 te
1134 1734 1373 1795 semper
1395 1714 1675 1778 omnibus
1696 1715 1911 1777 diebus
1934 1714 2060 1776 vitae

2148 1742 2262 1779 σουο
2325 1725 2412 1780 καὶ
2466 1723 2677 1802 αἰνέσω,
2713 1725 2799 1781 καὶ
2858 1723 3061 1789 δοξάσω
3114 1744 3171 1780 σε
3229 1721 3313 1779 διὰ
3368 1724 3590 1795 παντὸς,
3624 1726 3794 1785 πάσας

411 1825 579 1870 mea).
626 1790 722 1869 Tu
755 1826 818 1869 es
850 1806 1007 1868 enirn
1035 1806 1194 1869 Deus
1228 1790 1668 1887 paenitentiam.
1703 1812 1762 1867 et
1792 1804 2060 1869 Salvator

2148 1813 2240 1876 τὰς
2271 1811 2475 1892 ἡμέρας
2516 1813 2613 1881 τῆς
2643 1790 2786 1884 ima;
2839 1836 2963 1888 μοδ,
3001 1815 3071 1869 Σὺ
3101 1814 3200 1891 γὰρ
3251 1814 3306 1869 εἶ
3338 1813 3466 1875 Θεὸς
3497 1790 3601 1867 τῶν
3633 1832 3766 1884 μετα

407 1896 805 1977 peccantium,
832 1904 891 1957 et
924 1895 1030 1957 tibi
1052 1895 1300 1976 gloriam
1328 1895 1694 1958 conferimus
1722 1912 1855 1957 cum
1882 1903 2060 1956 aeter—

2148 1904 2427 1979 νοούντων,
2486 1904 2573 1959 καὶ
2635 1902 2826 1981 Σωτὴρ
2893 1905 2997 1959 τῶν
3069 1903 3503 1979 ἁμαρτανόντων,
3556 1904 3642 1955 καὶ
3701 1909 3795 1959 σοῦ

406 2004 484 2048 no
518 1994 616 2047 tuo
650 1988 850 2066 Patre,
885 1999 944 2046 et
969 1984 1374 2058 sanctissimo,
1408 1984 1567 2046 bono
1612 1991 1674 2047 et
1701 1983 1930 2047 vivifico
1963 1992 2060 2045 tuo

2148 1992 2241 2061 τὴν
2283 1990 2433 2058 δόξαν
2489 1991 2874 2068 ἀναπέμπομεν
2932 1993 3024 2048 σὺν
3084 1995 3160 2065 τῷ
3206 1991 3427 2072 ἀνάρχῳ
3469 2012 3562 2047 σου)
3607 1990 3791 2067 Πατρῖ,

403 2075 649 2157 spiritu,
684 2094 842 2139 nunc
873 2084 933 2139 et
965 2092 1227 2157 semper,
1263 2084 1325 2137 et
1347 2075 1407 2137 in
1431 2074 1645 2138 saecula
1679 2074 2060 2137 saeculorum.

2148 2085 2231 2139 ναὶ
2287 2090 2363 2155 τῷ
2393 2082 2657 2161 παναγίῳ,
2688 2083 2776 2139 καὶ
2826 2075 3037 2161 ἀγαθῷ,
3071 2082 3158 2138 καὶ
3190 2087 3438 2154 ζωοποιῷ
3468 2100 3563 2135 σου
3622 2080 3791 2134 Πνεύ-

404 2166 627 2230 Amen.

955 2343 1173 2408 Versus
1214 2344 1508 2423 eiusdem.

404 2451 518 2527 Qui
548 2451 653 2513 das
684 2450 829 2513 mihi
860 2467 1099 2512 carnem
1134 2457 1293 2510 tuam
1328 2467 1524 2512 escam
1575 2448 1793 2530 libens,

406 2540 520 2615 Qui
547 2539 703 2621 ignis
734 2559 798 2602 es
830 2540 1106 2619 indignos
1140 2556 1526 2620 consumens,

403 2634 493 2697 Ne
526 2651 619 2694 me
649 2631 995 2711 comburas,
1041 2632 1287 2692 Creator
1313 2649 1506 2692 meus.

404 2721 609 2785 Potius
639 2721 795 2783 intra
816 2721 877 2783 in
909 2720 1313 2782 membrorum
1346 2737 1615 2781 meorum
1650 2719 2056 2802 compagines,

406 2813 469 2875 In
503 2828 714 2872 omnes
745 2818 930 2884 artus,
968 2810 1027 2870 in
1059 2828 1238 2871 renes
1270 2817 1329 2870 et
1353 2827 1460 2870 cor
1491 2827 1715 2871 meum.

402 2899 523 2965 Ure
553 2908 750 2961 autem
792 2899 995 2981 spinas
1039 2904 1306 2960 omniutn
1360 2915 1631 2960 meorum
1663 2897 2060 2972 delictorum;

402 2989 685 3053 Animam
721 2988 999 3058 emunda.
1036 2996 1298 3049 mentem
1328 2986 1660 3061 sanctiﬁca,

403 3078 598 3142 Frena
635 3076 906 3152 obﬁrma,
943 3095 1199 3159 ossaque
1225 3076 1405 3137 simul
1437 3096 1453 3152 ;

402 3169 701 3231 Sensuum
733 3164 1002 3228 illumina
1032 3164 1465 3246 quintuplicetn
1514 3165 1879 3241 facultatem,

402 3259 614 3321 Totum
651 3274 745 3317 me
779 3264 876 3318 tuo
908 3255 1123 3317 timore
1152 3253 1496 3333 constringe
1524 3274 1541 3331 ;

406 3347 662 3428 Semper
695 3344 894 3428 vigila,
927 3362 1120 3424 serva,
1158 3351 1215 3406 et
1247 3342 1483 3405 custodi
1517 3362 1635 3424 me,

406 3435 501 3501 Ab
533 3434 695 3497 omni
727 3452 915 3516 opere
945 3443 1004 3497 et
1033 3432 1212 3496 verbo
1238 3432 1495 3495 animam
1541 3431 1855 3514 perdente.

407 3523 685 3600 Purilica,
720 3522 980 3587 emunda
1010 3534 1070 3586 et
1101 3523 1292 3601 dirige
1323 3541 1442 3593 me,

409 3614 665 3688 Exorna,
693 3614 922 3676 instrue
965 3621 1023 3675 et
1052 3612 1327 3675 illumina
1358 3630 1476 3674 me.

406 3703 669 3768 Ostende
704 3721 798 3765 me
832 3701 1237 3765 habitaculum
1270 3700 1527 3783 Spiritus
1566 3700 1774 3777 solius,

408 3793 478 3855 Et
507 3812 807 3875 nunquam
844 3790 1127 3856 habitatio
1160 3789 1412 3871 peccati.

405 3883 483 3946 Ut
511 3884 725 3946 domus
759 3892 857 3945 tua
884 3882 996 3945 sim
1045 3880 1486 3948 communionis
1519 3879 1697 3943 dono.

406 3974 482 4036 Ct
503 3973 658 4052 ignis
683 3992 778 4035 me
801 3973 1006 4053 fugiat,
1032 3971 1228 4034 omnis
1252 3971 1405 4033 male
1420 3970 1827 4049 agens,omnis
1847 3968 2053 4044 libido,

404 4064 839 4124 lntercessores
867 4062 1054 4124 oll’ero
1084 4061 1191 4123 tibi
1222 4079 1432 4122 omnes
1467 4067 1732 4136 sanctos,

402 4149 899 4231 lncorporeorum
938 4151 1207 4232 ordines,

406 4240 844 4301 Praecursorem
879 4245 1041 4297 tuum
1067 4286 1083 4317 ,
1115 4236 1418 4316 sapientes
1448 4236 1770 4316 apostolos,

404 4330 477 4389 Et
506 4344 641 4389 cum
676 4326 768 4388 his
801 4335 959 4388 tuam
996 4343 1201 4405 puram
1227 4333 1286 4386 et
1312 4323 1757 4387 immaculatem
1779 4325 2052 4402 Matrem;

404 4419 668 4491 Quorum
687 4414 1012 4492 orationes,
1032 4413 1401 4487 misericors,
1416 4408 1923 4496 suscipe,Christe
1946 4417 2048 4493 nti,

400 4509 475 4570 Et
504 4505 691 4569 ﬁlium
725 4505 879 4568 lucis
906 4512 1070 4568 tuum
1104 4521 1341 4568 servum
1375 4502 1566 4565 efﬁce.

401 4594 493 4659 Tu
523 4595 681 4658 enim
713 4613 778 4658 es
808 4594 972 4657 solus
1000 4591 1395 4657 sanctiﬁcatio
1428 4600 1652 4674 nostra,

397 4684 447 4749 Ο
480 4685 658 4765 bone,
692 4685 1148 4766 animarumque
1180 4690 1523 4746 nostrarum
1559 4683 1886 4764 splendor;

400 4773 473 4836 Et
499 4772 629 4850 tibi,
665 4784 728 4835 ut
759 4774 953 4855 decet,
993 4782 1271 4856 tauquam
1301 4769 1423 4833 Deo
1452 4790 1522 4833 ac
1555 4774 1804 4836 Domino

402 4862 664 4928 Gloriam
699 4882 913 4928 omnes
942 4863 1207 4945 quotidie
1246 4861 1583 4932 offerimus.

2011 4394 2118 4446 :'D

2143 2193 2297 2251 ματι,
2359 2179 2446 2230 νῦν
2494 2173 2579 2229 καὶ
2635 2173 2740 2253 ἀεὶ,
2799 2175 2885 2229 καὶ
2942 2174 3015 2237 εἷς
3084 2171 3206 2237 τοῦς
3265 2172 3455 2235 αἰῶνας
3511 2174 3617 2225 τῶν
3670 2168 3796 2225 αἰώ-

2143 2284 2269 2325 νων,
2304 2261 2501 2338 Ἀμήν.

2698 2356 2893 2437 Στίχοι
2928 2363 3020 2414 τοῦ
3053 2359 3231 2416 αὺτοῦ.

2146 2441 2202 2509 Ὀ
2239 2447 2357 2513 δοὺς
2391 2448 2586 2528 τροφήν
2621 2472 2709 2524 μοι
2742 2450 2911 2528 σάρκα
2940 2450 3041 2517 σὴν
3070 2448 3349 2527 έκουσιως,

2141 2544 2201 2599 Ὀ
2228 2547 2327 2618 πύρ
2355 2538 2639 2618 ὑπάρχων,
2672 2539 2760 2594 καὶ
2781 2538 2995 2619 φλέγων
3024 2537 3291 2612 ἀναξίους,

2144 2628 2233 2695 Μὴ
2262 2625 2327 2695 δὴ
2359 2624 2689 2707 καταφλέξῃς
2720 2648 2811 2707 με,
2844 2627 2946 2702 μὴ,
2980 2625 3313 2702 πλαστοοργέ
3344 2640 3466 2699 μου·

2147 2715 2361 2774 Μᾶλλον
2390 2715 2556 2773 δίελθε
2600 2718 2731 2781 πρὸς
2763 2716 2939 2792 μελῶν
2974 2739 3077 2792 μου
3109 2715 3394 2786 συνθέσεις,

2148 2808 2233 2869 Εἷς
2270 2806 2467 2869 πάντας
2498 2805 2720 2882 ἀρμοὺς,
2755 2807 2826 2872 εἷς
2859 2807 3101 2886 νεφροὺς,
3127 2806 3200 2868 εἷς
3232 2802 3466 2879 καρδίαν.

2145 2894 2343 2961 Φλέξον
2376 2892 2419 2950 δ’
2450 2894 2674 2959 ἀκάνθας
2699 2900 2804 2950 τῶν
2827 2894 2964 2952 ὅλων
2988 2917 3090 2970 μου
3122 2894 3491 2968 πταισμάτων⁸

2150 2985 2347 3064 Ψυχὴν
2375 2984 2625 3061 κάθαρον,
2656 2984 2874 3062 ἁγίασον
2900 2986 2998 3050 τὰς
3028 2984 3243 3062 φρένας,

2076 3076 2117 3128 C
2143 3075 2244 3134 Τὰς
2278 3074 2426 3141 ἡνίας
2458 3071 2701 3151 στήριξον
2728 3073 2929 3136 ὀστέοις
2958 3073 3093 3149 ἅμα·

2144 3164 2303 3219 Λνσθί
2539 3165 2549 3185 Ι
2755 3164 2767 3179 ⁸
2860 3168 2882 3179 ε·
3100 3161 3147 3184 Α
3192 3182 3203 3195 ο

2145 3237 2161 3239 ,Α
2191 3187 2205 3219 ι
2295 3184 2448 3233 ⁴σεων
2478 3184 2715 3239 φωτισον
2743 3173 2922 3230 απλην
2953 3184 3182 3223 πενταοα

2141 3237 2301 3310 ηΟλον
2333 3273 2398 3327 με
2443 3237 2519 3326 τῷ
2552 3259 2626 3326 σῷ
2654 3252 3071 3329 συγκαθήλωσον
3103 3251 3271 3332 φόϐῳ’

2144 3340 2254 3398 Ἀεὶ
2285 3341 2472 3421 σκέπε,
2514 3342 2721 3420 φρούρει
2765 3363 2821 3397 τε
2852 3346 2940 3398 καί
2967 3342 3190 3423 φύλαττέ
3234 3363 3324 3415 με,

2145 3427 2237 3489 Ἐκ
2271 3432 2468 3496 παντὸς
2497 3428 2654 3509 ἔργον
2683 3433 2770 3487 καὶ
2803 3429 2963 3509 λόγου
2994 3431 3365 3512 ψυχοφθρόρου

2144 3521 2384 3599 νΑγνιζε,
2419 3521 2506 3576 καὶ
2536 3521 2752 3597 κάθαρε,
2785 3520 2873 3577 καὶ
2902 3521 3111 3598 ῥύθμιζέ
3141 3542 3231 3599 με,

2146 3607 2403 3689 Κάλλυνε,
2437 3609 2690 3689 συνέτιζε,
2727 3611 2814 3666 καὶ
2858 3609 3049 3689 φώτιζέ
3080 3626 3169 3685 με·

2146 3699 2329 3764 Δεῐξόν
2357 3720 2420 3773 με
2460 3699 2551 3755 σὸν
2582 3700 2843 3774 σκήνωμα
2881 3701 3172 3774 πνεύματος
3205 3700 3392 3775 μόνου,

2147 3788 2249 3847 1(ιί
2284 3787 2482 3863 μηκέτι
2514 3787 2772 3862 σκήνωμα
2800 3789 2898 3856 τῆς
2929 3788 3207 3867 ἁμαρτίας,

2142 3877 2237 3936 ”Ιν’
2271 3880 2343 3939 ὡς
2378 3878 2469 3934 σόν
2494 3878 2652 3934 οἶνον
2683 3877 2868 3951 εἰσόδῳ
2898 3878 3202 3941 κοινωνίας⁹

2143 3958 2235 4029 Ὠς
2267 3967 2367 4046 πῦρ
2392 3989 2457 4042 με
2485 3967 2672 4045 φεύγῃ,
2707 3972 2809 4028 πᾶς
2841 3977 3159 4048 κακοῦργος,
3194 3974 3300 4025 πᾶν
3329 3970 3517 4041 πάθος,

2141 4054 2390 4135 Πρέσϐεις
2422 4056 2563 4137 φέρω
2593 4078 2673 4112 σοι
2698 4056 2899 4121 πάντας
2929 4057 3310 4135 ἣγιασμένους,

2136 4147 2240 4210 Τάς
2269 4146 2576 4227 ταξιαρχίας
2605 4167 2661 4201 τε
2690 4150 2795 4201 τῶν
2826 4145 3149 4221 ἀσωμάτων,

2136 4237 2236 4294 Τὸν
2267 4233 2565 4314 πρόδρομόν
2595 4256 2713 4313 σου,
2744 4237 2866 4299 τούς
2900 4237 3092 4316 σοφοὺς
3126 4234 3472 4311 ἀποστόλους,

2137 4326 2275 4403 Πρὸς
2319 4322 2496 4382 τοῖσδε
2525 4323 2626 4391 σὴν
2669 4320 2938 4403 ἄχραντον
2970 4325 3134 4402 ἁγνὴν
3168 4325 3407 4403 Μητέρα·

2140 4410 2231 4470 ἐιν
2260 4416 2349 4477 εάς
2389 4413 2563 4484 λιτάς,
2596 4411 2959 4493 εῧσινιλαγχνε⁸
2991 4412 3155 4490 δέξαι,
3194 4413 3385 4492 Χριστέ
3412 4435 3535 4490 μου,

2137 4505 2232 4561 Καὶ
2261 4504 2439 4583 φωτὸς
2470 4499 2635 4558 παῖδα
2671 4502 2758 4557 τὸν
2781 4503 2873 4557 σὸν
2904 4501 3120 4581 ἔργασαι
3152 4503 3334 4580 λάτριν

2132 4594 2204 4648 Σὺ
2233 4595 2333 4672 γάρ
2360 4592 2619 4672 ὑπάρχεις
2643 4591 2905 4668 ἁγιασμὸς
2940 4592 3025 4647 καὶ
3055 4593 3218 4667 μόνος

2132 4679 2337 4757 Ἢμῶν,
2370 4681 2555 4760 ἀγαθὲ,
2589 4686 2694 4737 τῶν
2726 4683 2920 4758 ψυχῶν
2947 4684 3033 4737 καὶ
3065 4682 3407 4757 λαμπρότης*

2136 4772 2239 4829 Καῖ
2268 4774 2348 4828 σοὶ
2378 4771 2682 4849 πρεπόντως
2713 4769 2787 4832 ὡς
2819 4773 2936 4843 Θεῷ
2966 4772 3052 4827 καὶ
3086 4773 3334 4839 Δεσπότη

2135 4861 2299 4927 Δὸξαν
2329 4862 2557 4924 ἀπαντες
2588 4858 2873 4935 πέμπομεν
2901 4859 3020 4918 καθ’
3049 4862 3275 4938 ἡμέραν.
