  <div class='ocr_page' id='page_1' title='image "/cluster/home/n/w/nwhite01/storage/ocr_20150623/114/hvd.32044073502254/120.png"; bbox 0 0 4080 6204; ppageno 0'>
   <div class='ocr_carea' id='block_1_1' title="bbox 297 352 410 421">
    <p class='ocr_par' dir='ltr' id='par_1_1' title="bbox 297 352 410 421">
     <span class='ocr_line' id='line_1_1' title="bbox 297 352 410 421; baseline -0.009 0"><span class='ocrx_word' id='word_1_1' title='bbox 297 352 410 421; x_wconf 77' lang='lat'><strong>229</strong></span> 
     </span>
    </p>
   </div>
   <div class='ocr_carea' id='block_1_2' title="bbox 1770 344 2178 416">
    <p class='ocr_par' dir='ltr' id='par_1_2' title="bbox 1770 344 2178 416">
     <span class='ocr_line' id='line_1_2' title="bbox 1770 344 2178 416; baseline -0.015 0"><span class='ocrx_word' id='word_1_2' title='bbox 1770 344 2178 416; x_wconf 71' lang='lat' dir='ltr'><strong>EPISTOL/E.</strong></span> 
     </span>
    </p>
   </div>
   <div class='ocr_carea' id='block_1_3' title="bbox 3547 346 3668 415">
    <p class='ocr_par' dir='ltr' id='par_1_3' title="bbox 3547 346 3668 415">
     <span class='ocr_line' id='line_1_3' title="bbox 3547 346 3668 415; baseline 0.017 -2"><span class='ocrx_word' id='word_1_3' title='bbox 3547 346 3668 415; x_wconf 78' lang='lat'><strong>230</strong></span> 
     </span>
    </p>
   </div>
   <div class='ocr_carea' id='block_1_4' title="bbox 298 478 1948 567">
    <p class='ocr_par' dir='ltr' id='par_1_4' title="bbox 298 481 1940 567">
     <span class='ocr_line' id='line_1_4' title="bbox 298 481 1940 567; baseline -0.004 -24"><span class='ocrx_word' id='word_1_4' title='bbox 298 488 603 567; x_wconf 80' lang='grc' dir='ltr'>γενομένοις</span> <span class='ocrx_word' id='word_1_5' title='bbox 661 492 756 547; x_wconf 71' lang='grc' dir='ltr'>οὔκ</span> <span class='ocrx_word' id='word_1_6' title='bbox 803 485 999 560; x_wconf 74' lang='grc' dir='ltr'>ἅδῆλον</span> <span class='ocrx_word' id='word_1_7' title='bbox 1048 484 1218 552; x_wconf 75' lang='grc' dir='ltr'>ἕξουσι</span> <span class='ocrx_word' id='word_1_8' title='bbox 1274 485 1337 541; x_wconf 79' lang='grc' dir='ltr'>τὸ</span> <span class='ocrx_word' id='word_1_9' title='bbox 1393 482 1513 556; x_wconf 75' lang='grc' dir='ltr'><strong>ἡδὺ,</strong></span> <span class='ocrx_word' id='word_1_10' title='bbox 1572 484 1667 540; x_wconf 81' lang='grc' dir='ltr'>καί</span> <span class='ocrx_word' id='word_1_11' title='bbox 1726 483 1835 556; x_wconf 80' lang='grc' dir='ltr'><strong>ὅσῳ</strong></span> <span class='ocrx_word' id='word_1_12' title='bbox 1876 481 1940 549; x_wconf 82' lang='grc' dir='ltr'><strong>δὴ</strong></span> 
     </span>
    </p>
   </div>
   <div class='ocr_carea' id='block_1_5' title="bbox 2034 478 3671 567">
    <p class='ocr_par' dir='ltr' id='par_1_5' title="bbox 2034 478 3671 563">
     <span class='ocr_line' id='line_1_5' title="bbox 2034 478 3671 563; baseline 0.003 -21"><span class='ocrx_word' id='word_1_13' title='bbox 2034 496 2200 562; x_wconf 77' lang='lat' dir='ltr'><strong>quem</strong></span> <span class='ocrx_word' id='word_1_14' title='bbox 2233 478 2517 561; x_wconf 79' lang='lat' dir='ltr'><strong>respicit;</strong></span> <span class='ocrx_word' id='word_1_15' title='bbox 2548 486 2609 542; x_wconf 88' lang='lat' dir='ltr'><strong>at</strong></span> <span class='ocrx_word' id='word_1_16' title='bbox 2636 478 2738 563; x_wconf 87' lang='lat' dir='ltr'><strong>qui</strong></span> <span class='ocrx_word' id='word_1_17' title='bbox 2769 479 2955 561; x_wconf 81' lang='lat' dir='ltr'><strong>probe</strong></span> <span class='ocrx_word' id='word_1_18' title='bbox 2978 496 3108 543; x_wconf 86' lang='lat' dir='ltr'><strong>eam</strong></span> <span class='ocrx_word' id='word_1_19' title='bbox 3137 479 3558 560; x_wconf 85' lang='lat' dir='ltr'><strong>delibaverint,</strong></span> <span class='ocrx_word' id='word_1_20' title='bbox 3578 502 3671 547; x_wconf 67' lang='lat' dir='ltr'><strong>na;</strong></span> 
     </span>
    </p>
   </div>
   <div class='ocr_carea' id='block_1_6' title="bbox 296 572 1941 655">
    <p class='ocr_par' dir='ltr' id='par_1_6' title="bbox 296 572 1941 655">
     <span class='ocr_line' id='line_1_6' title="bbox 296 572 1941 655; baseline -0.005 -20"><span class='ocrx_word' id='word_1_21' title='bbox 296 583 371 652; x_wconf 82' lang='grc' dir='ltr'>τῷ</span> <span class='ocrx_word' id='word_1_22' title='bbox 442 577 621 654; x_wconf 80' lang='grc' dir='ltr'>μέλιτι</span> <span class='ocrx_word' id='word_1_23' title='bbox 704 582 798 643; x_wconf 86' lang='grc' dir='ltr'><strong>τῆς</strong></span> <span class='ocrx_word' id='word_1_24' title='bbox 883 573 1064 655; x_wconf 74' lang='grc' dir='ltr'>ψυχῆς</span> <span class='ocrx_word' id='word_1_25' title='bbox 1155 572 1571 652; x_wconf 69' lang='grc' dir='ltr'><strong>συγκεκριμένον.</strong></span> <span class='ocrx_word' id='word_1_26' title='bbox 1655 573 1941 652; x_wconf 76' lang='grc' dir='ltr'>πεφύκασι’</span> 
     </span>
    </p>
   </div>
   <div class='ocr_carea' id='block_1_7' title="bbox 298 659 1946 744">
    <p class='ocr_par' dir='ltr' id='par_1_7' title="bbox 298 659 1946 744">
     <span class='ocr_line' id='line_1_7' title="bbox 298 659 1946 744; baseline -0.005 -19"><span class='ocrx_word' id='word_1_27' title='bbox 298 669 382 725; x_wconf 84' lang='grc' dir='ltr'><strong>καί</strong></span> <span class='ocrx_word' id='word_1_28' title='bbox 438 690 532 744; x_wconf 79' lang='grc' dir='ltr'><strong>μοι</strong></span> <span class='ocrx_word' id='word_1_29' title='bbox 589 664 795 744; x_wconf 68' lang='grc' dir='ltr'><strong>’δοκεῖν³</strong></span> <span class='ocrx_word' id='word_1_30' title='bbox 845 668 871 721; x_wconf 77' lang='grc' dir='ltr'><strong>ὁ</strong></span> <span class='ocrx_word' id='word_1_31' title='bbox 930 678 1047 726; x_wconf 81' lang='grc' dir='ltr'>τοῖς</span> <span class='ocrx_word' id='word_1_32' title='bbox 1120 664 1417 738; x_wconf 77' lang='grc' dir='ltr'>σκέμμασιν</span> <span class='ocrx_word' id='word_1_33' title='bbox 1463 661 1688 728; x_wconf 71' lang='grc' dir='ltr'>ἐκείνους</span> <span class='ocrx_word' id='word_1_34' title='bbox 1744 659 1946 739; x_wconf 81' lang='grc' dir='ltr'>βαλλό-</span> 
     </span>
    </p>
   </div>
   <div class='ocr_carea' id='block_1_8' title="bbox 302 749 1949 833">
    <p class='ocr_par' dir='ltr' id='par_1_8' title="bbox 302 749 1949 833">
     <span class='ocr_line' id='line_1_8' title="bbox 302 749 1949 833; baseline -0.005 -20"><span class='ocrx_word' id='word_1_35' title='bbox 302 757 457 831; x_wconf 78' lang='grc' dir='ltr'>μὲνος</span> <span class='ocrx_word' id='word_1_36' title='bbox 514 770 635 819; x_wconf 71' lang='grc' dir='ltr'>τοῖς</span> <span class='ocrx_word' id='word_1_37' title='bbox 693 754 910 830; x_wconf 70' lang='grc' dir='ltr'>καλοῖς,</span> <span class='ocrx_word' id='word_1_38' title='bbox 973 756 1077 833; x_wconf 70' lang='grc' dir='ltr'>οὔχ</span> <span class='ocrx_word' id='word_1_39' title='bbox 1131 750 1307 831; x_wconf 73' lang='grc' dir='ltr'>ὕϐρεσι</span> <span class='ocrx_word' id='word_1_40' title='bbox 1383 752 1666 829; x_wconf 75' lang='grc' dir='ltr'><strong>βάλλεσθαι</strong></span> <span class='ocrx_word' id='word_1_41' title='bbox 1718 749 1949 829; x_wconf 72' lang='grc' dir='ltr'>μᾶλλον,</span> 
     </span>
    </p>
   </div>
   <div class='ocr_carea' id='block_1_9' title="bbox 299 836 1951 924">
    <p class='ocr_par' dir='ltr' id='par_1_9' title="bbox 299 836 1951 924">
     <span class='ocr_line' id='line_1_9' title="bbox 299 836 1951 924; baseline -0.002 -23"><span class='ocrx_word' id='word_1_42' title='bbox 299 846 333 912; x_wconf 75' lang='grc' dir='ltr'><strong>ἢ</strong></span> <span class='ocrx_word' id='word_1_43' title='bbox 415 844 590 924; x_wconf 77' lang='grc' dir='ltr'>ῥόδοις</span> <span class='ocrx_word' id='word_1_44' title='bbox 646 845 934 901; x_wconf 77' lang='grc' dir='ltr'>πάττεσθαι</span> <span class='ocrx_word' id='word_1_45' title='bbox 992 840 1149 908; x_wconf 80' lang='grc' dir='ltr'>δόξει.</span> <span class='ocrx_word' id='word_1_46' title='bbox 1212 841 1360 898; x_wconf 84' lang='grc' dir='ltr'>Ἐπεὶ</span> <span class='ocrx_word' id='word_1_47' title='bbox 1414 838 1467 896; x_wconf 76' lang='grc' dir='ltr'><strong>δὲ</strong></span> <span class='ocrx_word' id='word_1_48' title='bbox 1525 845 1586 897; x_wconf 71' lang='grc' dir='ltr'>τὸ</span> <span class='ocrx_word' id='word_1_49' title='bbox 1642 836 1788 917; x_wconf 79' lang='grc' dir='ltr'>ῥόδον</span> <span class='ocrx_word' id='word_1_50' title='bbox 1834 838 1951 920; x_wconf 79' lang='grc' dir='ltr'>ἔχει</span> 
     </span>
    </p>
   </div>
   <div class='ocr_carea' id='block_1_10' title="bbox 300 928 1953 1010">
    <p class='ocr_par' dir='ltr' id='par_1_10' title="bbox 300 928 1953 1010">
     <span class='ocr_line' id='line_1_10' title="bbox 300 928 1953 1010; baseline -0.004 -19"><span class='ocrx_word' id='word_1_51' title='bbox 300 935 395 1010; x_wconf 76' lang='grc' dir='ltr'>μέν</span> <span class='ocrx_word' id='word_1_52' title='bbox 470 956 617 999; x_wconf 82' lang='grc' dir='ltr'>τινας</span> <span class='ocrx_word' id='word_1_53' title='bbox 674 934 900 995; x_wconf 80' lang='grc' dir='ltr'>ἀκάνθας</span> <span class='ocrx_word' id='word_1_54' title='bbox 973 931 1400 1004; x_wconf 78' lang='grc' dir='ltr'>συνεξανθούσας,</span> <span class='ocrx_word' id='word_1_55' title='bbox 1472 928 1593 986; x_wconf 72' lang='grc' dir='ltr'>ἀλλ’</span> <span class='ocrx_word' id='word_1_56' title='bbox 1671 931 1731 986; x_wconf 76' lang='grc' dir='ltr'>οὗ</span> <span class='ocrx_word' id='word_1_57' title='bbox 1812 930 1953 1008; x_wconf 81' lang='grc' dir='ltr'>παρὰ</span> 
     </span>
    </p>
   </div>
   <div class='ocr_carea' id='block_1_11' title="bbox 297 1017 1943 1104">
    <p class='ocr_par' dir='ltr' id='par_1_11' title="bbox 297 1017 1943 1104">
     <span class='ocr_line' id='line_1_11' title="bbox 297 1017 1943 1104; baseline -0.005 -22"><span class='ocrx_word' id='word_1_58' title='bbox 297 1031 450 1082; x_wconf 78' lang='grc' dir='ltr'>τοῦτο</span> <span class='ocrx_word' id='word_1_59' title='bbox 501 1037 619 1089; x_wconf 82' lang='grc' dir='ltr'>τοῖς</span> <span class='ocrx_word' id='word_1_60' title='bbox 653 1020 965 1104; x_wconf 73' lang='grc' dir='ltr'>φιλοκάλοις</span> <span class='ocrx_word' id='word_1_61' title='bbox 995 1019 1182 1097; x_wconf 79' lang='grc' dir='ltr'>ἀηδὲς,</span> <span class='ocrx_word' id='word_1_62' title='bbox 1215 1018 1353 1080; x_wconf 78' lang='grc' dir='ltr'>ἀλλὰ</span> <span class='ocrx_word' id='word_1_63' title='bbox 1400 1020 1488 1076; x_wconf 82' lang='grc' dir='ltr'><strong>καὶ</strong></span> <span class='ocrx_word' id='word_1_64' title='bbox 1523 1017 1720 1100; x_wconf 84' lang='grc' dir='ltr'>σφόδρα</span> <span class='ocrx_word' id='word_1_65' title='bbox 1778 1041 1943 1098; x_wconf 76' lang='grc' dir='ltr'>προσο</span> 
     </span>
    </p>
   </div>
   <div class='ocr_carea' id='block_1_12' title="bbox 301 1107 1946 1192">
    <p class='ocr_par' dir='ltr' id='par_1_12' title="bbox 301 1107 1946 1192">
     <span class='ocr_line' id='line_1_12' title="bbox 301 1107 1946 1192; baseline -0.004 -22"><span class='ocrx_word' id='word_1_66' title='bbox 301 1113 451 1192; x_wconf 78' lang='grc' dir='ltr'>φιλὲς</span> <span class='ocrx_word' id='word_1_67' title='bbox 509 1114 598 1170; x_wconf 81' lang='grc' dir='ltr'><strong>καὶ</strong></span> <span class='ocrx_word' id='word_1_68' title='bbox 653 1112 894 1192; x_wconf 74' lang='grc' dir='ltr'>ἐπίχαρι⁶</span> <span class='ocrx_word' id='word_1_69' title='bbox 954 1110 1050 1167; x_wconf 77' lang='grc' dir='ltr'>καί</span> <span class='ocrx_word' id='word_1_70' title='bbox 1092 1111 1155 1167; x_wconf 79' lang='grc' dir='ltr'>τὸ</span> <span class='ocrx_word' id='word_1_71' title='bbox 1224 1107 1389 1188; x_wconf 82' lang='grc' dir='ltr'>γλυκὺ</span> <span class='ocrx_word' id='word_1_72' title='bbox 1470 1115 1624 1166; x_wconf 81' lang='grc' dir='ltr'>τοῦτο</span> <span class='ocrx_word' id='word_1_73' title='bbox 1680 1108 1829 1174; x_wconf 78' lang='grc' dir='ltr'>ξύ)ον</span> <span class='ocrx_word' id='word_1_74' title='bbox 1886 1109 1946 1164; x_wconf 80' lang='grc' dir='ltr'>τὸ</span> 
     </span>
    </p>
   </div>
   <div class='ocr_carea' id='block_1_13' title="bbox 300 1197 1945 1283">
    <p class='ocr_par' dir='ltr' id='par_1_13' title="bbox 300 1197 1945 1283">
     <span class='ocr_line' id='line_1_13' title="bbox 300 1197 1945 1283; baseline -0.004 -23"><span class='ocrx_word' id='word_1_75' title='bbox 300 1201 520 1260; x_wconf 73' lang='grc' dir='ltr'>Ἰνδικὸν</span> <span class='ocrx_word' id='word_1_76' title='bbox 603 1201 981 1283; x_wconf 70' lang='grc' dir='ltr'>(κιννήμωμον</span> <span class='ocrx_word' id='word_1_77' title='bbox 1039 1199 1166 1257; x_wconf 58' lang='lat' dir='ltr'><strong>ain?)</strong></span> <span class='ocrx_word' id='word_1_78' title='bbox 1226 1197 1506 1276; x_wconf 70' lang='grc' dir='ltr'>καλοῧσιν)</span> <span class='ocrx_word' id='word_1_79' title='bbox 1570 1197 1688 1278; x_wconf 83' lang='grc' dir='ltr'>ἔχει</span> <span class='ocrx_word' id='word_1_80' title='bbox 1764 1197 1945 1273; x_wconf 75' lang='grc' dir='ltr'>μέντοι</span> 
     </span>
    </p>
   </div>
   <div class='ocr_carea' id='block_1_14' title="bbox 296 1285 1945 1368">
    <p class='ocr_par' dir='ltr' id='par_1_14' title="bbox 296 1285 1945 1368">
     <span class='ocr_line' id='line_1_14' title="bbox 296 1285 1945 1368; baseline -0.004 -20"><span class='ocrx_word' id='word_1_81' title='bbox 296 1295 384 1349; x_wconf 80' lang='grc' dir='ltr'><strong>καὶ</strong></span> <span class='ocrx_word' id='word_1_82' title='bbox 441 1289 628 1349; x_wconf 60' lang='grc' dir='ltr'>δάκνον</span> <span class='ocrx_word' id='word_1_83' title='bbox 686 1290 792 1346; x_wconf 81' lang='grc' dir='ltr'>ἀπὸ</span> <span class='ocrx_word' id='word_1_84' title='bbox 848 1292 946 1356; x_wconf 86' lang='grc' dir='ltr'><strong>τῆς</strong></span> <span class='ocrx_word' id='word_1_85' title='bbox 1008 1289 1238 1368; x_wconf 85' lang='grc' dir='ltr'>φύσεως,</span> <span class='ocrx_word' id='word_1_86' title='bbox 1280 1285 1399 1345; x_wconf 79' lang='grc' dir='ltr'>ἀλλ’</span> <span class='ocrx_word' id='word_1_87' title='bbox 1454 1289 1684 1347; x_wconf 76' lang='grc' dir='ltr'>ἐντεῦθεν</span> <span class='ocrx_word' id='word_1_88' title='bbox 1742 1285 1945 1353; x_wconf 79' lang='grc' dir='ltr'>μᾶλλον</span> 
     </span>
    </p>
   </div>
   <div class='ocr_carea' id='block_1_15' title="bbox 294 1374 1947 1458">
    <p class='ocr_par' dir='ltr' id='par_1_15' title="bbox 294 1374 1947 1458">
     <span class='ocr_line' id='line_1_15' title="bbox 294 1374 1947 1458; baseline -0.004 -20"><span class='ocrx_word' id='word_1_89' title='bbox 294 1382 551 1456; x_wconf 75' lang='grc' dir='ltr'>ὑπονίζει,</span> <span class='ocrx_word' id='word_1_90' title='bbox 608 1382 695 1437; x_wconf 83' lang='grc' dir='ltr'><strong>καὶ</strong></span> <span class='ocrx_word' id='word_1_91' title='bbox 773 1378 1012 1458; x_wconf 75' lang='grc' dir='ltr'>διεγείρει</span> <span class='ocrx_word' id='word_1_92' title='bbox 1078 1378 1179 1446; x_wconf 80' lang='grc' dir='ltr'><strong>τῆν</strong></span> <span class='ocrx_word' id='word_1_93' title='bbox 1256 1375 1443 1455; x_wconf 78' lang='grc' dir='ltr'>ὄρεξινο</span> <span class='ocrx_word' id='word_1_94' title='bbox 1512 1378 1600 1433; x_wconf 81' lang='grc' dir='ltr'><strong>καὶ</strong></span> <span class='ocrx_word' id='word_1_95' title='bbox 1668 1377 1826 1433; x_wconf 76' lang='grc' dir='ltr'>αὒτὸν</span> <span class='ocrx_word' id='word_1_96' title='bbox 1894 1374 1947 1431; x_wconf 75' lang='grc' dir='ltr'>δὲ</span> 
     </span>
    </p>
   </div>
   <div class='ocr_carea' id='block_1_16' title="bbox 293 1465 1948 1549">
    <p class='ocr_par' dir='ltr' id='par_1_16' title="bbox 293 1465 1948 1549">
     <span class='ocr_line' id='line_1_16' title="bbox 293 1465 1948 1549; baseline -0.003 -23"><span class='ocrx_word' id='word_1_97' title='bbox 293 1472 385 1527; x_wconf 77' lang='grc' dir='ltr'>τὸν</span> <span class='ocrx_word' id='word_1_98' title='bbox 446 1469 662 1548; x_wconf 77' lang='grc' dir='ltr'>’Ἐρωτά</span> <span class='ocrx_word' id='word_1_99' title='bbox 692 1491 819 1549; x_wconf 83' lang='grc' dir='ltr'>φασι</span> <span class='ocrx_word' id='word_1_100' title='bbox 860 1481 981 1531; x_wconf 72' lang='grc' dir='ltr'>τοῖς</span> <span class='ocrx_word' id='word_1_101' title='bbox 1011 1465 1185 1544; x_wconf 81' lang='grc' dir='ltr'>βέλεσι</span> <span class='ocrx_word' id='word_1_102' title='bbox 1245 1468 1481 1547; x_wconf 78' lang='grc' dir='ltr'>χαίρειν,</span> <span class='ocrx_word' id='word_1_103' title='bbox 1514 1468 1600 1522; x_wconf 72' lang='grc' dir='ltr'>καὶ</span> <span class='ocrx_word' id='word_1_104' title='bbox 1646 1468 1740 1523; x_wconf 75' lang='grc' dir='ltr'><strong>οὐκ</strong></span> <span class='ocrx_word' id='word_1_105' title='bbox 1796 1467 1948 1530; x_wconf 82' lang='grc' dir='ltr'>ἐκτὸς</span> 
     </span>
    </p>
   </div>
   <div class='ocr_carea' id='block_1_17' title="bbox 294 1553 1950 1630">
    <p class='ocr_par' dir='ltr' id='par_1_17' title="bbox 294 1553 1950 1630">
     <span class='ocr_line' id='line_1_17' title="bbox 294 1553 1950 1630; baseline -0.004 -13"><span class='ocrx_word' id='word_1_106' title='bbox 294 1562 564 1617; x_wconf 82' lang='grc' dir='ltr'>ποιεῖσθαι</span> <span class='ocrx_word' id='word_1_107' title='bbox 624 1563 723 1625; x_wconf 87' lang='grc' dir='ltr'><strong>τῆς</strong></span> <span class='ocrx_word' id='word_1_108' title='bbox 783 1555 969 1624; x_wconf 79' lang='grc' dir='ltr'>ὀδύνης</span> <span class='ocrx_word' id='word_1_109' title='bbox 1014 1557 1112 1624; x_wconf 79' lang='grc' dir='ltr'><strong>την</strong></span> <span class='ocrx_word' id='word_1_110' title='bbox 1158 1553 1380 1630; x_wconf 72' lang='grc' dir='ltr'>ἡδονήν,</span> <span class='ocrx_word' id='word_1_111' title='bbox 1414 1555 1601 1619; x_wconf 80' lang='grc' dir='ltr'>Ὅπως</span> <span class='ocrx_word' id='word_1_112' title='bbox 1664 1555 1836 1611; x_wconf 77' lang='grc' dir='ltr'>δὲκαὶ</span> <span class='ocrx_word' id='word_1_113' title='bbox 1883 1556 1950 1611; x_wconf 81' lang='grc' dir='ltr'><strong>τὰ</strong></span> 
     </span>
    </p>
   </div>
   <div class='ocr_carea' id='block_1_18' title="bbox 294 1643 1948 1728">
    <p class='ocr_par' dir='ltr' id='par_1_18' title="bbox 294 1643 1948 1728">
     <span class='ocr_line' id='line_1_18' title="bbox 294 1643 1948 1728; baseline -0.004 -22"><span class='ocrx_word' id='word_1_114' title='bbox 294 1650 358 1706; x_wconf 76' lang='grc' dir='ltr'>ἐκ</span> <span class='ocrx_word' id='word_1_115' title='bbox 409 1650 509 1717; x_wconf 85' lang='grc' dir='ltr'><strong>τῆς</strong></span> <span class='ocrx_word' id='word_1_116' title='bbox 552 1649 757 1728; x_wconf 79' lang='grc' dir='ltr'>τέχνης</span> <span class='ocrx_word' id='word_1_117' title='bbox 788 1646 918 1714; x_wconf 75' lang='grc' dir='ltr'>ἄνθη</span> <span class='ocrx_word' id='word_1_118' title='bbox 974 1647 1270 1721; x_wconf 76' lang='grc' dir='ltr'>καθωράίζε</span> <span class='ocrx_word' id='word_1_119' title='bbox 1321 1646 1421 1713; x_wconf 69' lang='grc' dir='ltr'><strong>τὴν</strong></span> <span class='ocrx_word' id='word_1_120' title='bbox 1480 1643 1808 1716; x_wconf 67' lang='grc' dir='ltr'>ἑπιστολτίνί</span> <span class='ocrx_word' id='word_1_121' title='bbox 1857 1649 1948 1702; x_wconf 81' lang='grc' dir='ltr'>οἶα</span> 
     </span>
    </p>
   </div>
   <div class='ocr_carea' id='block_1_19' title="bbox 2030 568 3668 651">
    <p class='ocr_par' dir='ltr' id='par_1_19' title="bbox 2030 568 3668 651">
     <span class='ocr_line' id='line_1_19' title="bbox 2030 568 3668 651; baseline 0.003 -22"><span class='ocrx_word' id='word_1_122' title='bbox 2030 569 2115 631; x_wconf 89' lang='lat' dir='ltr'><strong>illi</strong></span> <span class='ocrx_word' id='word_1_123' title='bbox 2148 576 2207 631; x_wconf 84' lang='lat' dir='ltr'><strong>et</strong></span> <span class='ocrx_word' id='word_1_124' title='bbox 2251 568 2490 632; x_wconf 84' lang='lat' dir='ltr'><strong>dulcem</strong></span> <span class='ocrx_word' id='word_1_125' title='bbox 2525 568 2990 648; x_wconf 83' lang='lat' dir='ltr'><strong>degustaverint,</strong></span> <span class='ocrx_word' id='word_1_126' title='bbox 3028 577 3087 631; x_wconf 92' lang='lat' dir='ltr'><strong>et</strong></span> <span class='ocrx_word' id='word_1_127' title='bbox 3116 577 3402 651; x_wconf 89' lang='lat' dir='ltr'><strong>quantum</strong></span> <span class='ocrx_word' id='word_1_128' title='bbox 3436 589 3503 633; x_wconf 87' lang='lat' dir='ltr'><strong>ea</strong></span> <span class='ocrx_word' id='word_1_129' title='bbox 3532 591 3668 634; x_wconf 84' lang='lat' dir='ltr'><strong>cum</strong></span> 
     </span>
    </p>
   </div>
   <div class='ocr_carea' id='block_1_20' title="bbox 2031 657 3671 728">
    <p class='ocr_par' dir='ltr' id='par_1_20' title="bbox 2031 657 3671 728">
     <span class='ocr_line' id='line_1_20' title="bbox 2031 657 3671 728; baseline 0.002 -8"><span class='ocrx_word' id='word_1_130' title='bbox 2031 658 2212 720; x_wconf 89' lang='lat' dir='ltr'><strong>animi</strong></span> <span class='ocrx_word' id='word_1_131' title='bbox 2262 657 2441 720; x_wconf 85' lang='lat' dir='ltr'><strong>melle</strong></span> <span class='ocrx_word' id='word_1_132' title='bbox 2472 664 2951 728; x_wconf 85' lang='lat' dir='ltr'><strong>commisceatur,</strong></span> <span class='ocrx_word' id='word_1_133' title='bbox 2989 659 3546 724; x_wconf 59' lang='lat' dir='ltr'><strong>animadverterint.</strong></span> <span class='ocrx_word' id='word_1_134' title='bbox 3600 658 3671 724; x_wconf 89' lang='lat' dir='ltr'><strong>Et</strong></span> 
     </span>
    </p>
   </div>
   <div class='ocr_carea' id='block_1_21' title="bbox 2037 747 3669 830">
    <p class='ocr_par' dir='ltr' id='par_1_21' title="bbox 2037 747 3669 830">
     <span class='ocr_line' id='line_1_21' title="bbox 2037 747 3669 830; baseline 0.004 -22"><span class='ocrx_word' id='word_1_135' title='bbox 2037 748 2182 809; x_wconf 90' lang='lat' dir='ltr'><strong>mihi</strong></span> <span class='ocrx_word' id='word_1_136' title='bbox 2211 749 2384 829; x_wconf 87' lang='lat' dir='ltr'><strong>plane</strong></span> <span class='ocrx_word' id='word_1_137' title='bbox 2412 747 2666 827; x_wconf 79' lang='lat' dir='ltr'><strong>videtur,</strong></span> <span class='ocrx_word' id='word_1_138' title='bbox 2700 748 2801 829; x_wconf 90' lang='lat' dir='ltr'><strong>qui</strong></span> <span class='ocrx_word' id='word_1_139' title='bbox 2840 748 3211 830; x_wconf 89' lang='lat' dir='ltr'><strong>perpulchris</strong></span> <span class='ocrx_word' id='word_1_140' title='bbox 3254 748 3521 811; x_wconf 84' lang='lat' dir='ltr'><strong>dicteriis</strong></span> <span class='ocrx_word' id='word_1_141' title='bbox 3553 750 3669 814; x_wconf 83' lang='lat' dir='ltr'><strong>illis</strong></span> 
     </span>
    </p>
   </div>
   <div class='ocr_carea' id='block_1_22' title="bbox 2037 836 3669 919">
    <p class='ocr_par' dir='ltr' id='par_1_22' title="bbox 2037 836 3669 919">
     <span class='ocr_line' id='line_1_22' title="bbox 2037 836 3669 919; baseline 0.004 -22"><span class='ocrx_word' id='word_1_142' title='bbox 2037 836 2364 917; x_wconf 87' lang='lat' dir='ltr'><strong>impetitur,</strong></span> <span class='ocrx_word' id='word_1_143' title='bbox 2400 855 2518 899; x_wconf 92' lang='lat' dir='ltr'><strong>non</strong></span> <span class='ocrx_word' id='word_1_144' title='bbox 2549 837 2785 917; x_wconf 88' lang='lat' dir='ltr'><strong>injuriis</strong></span> <span class='ocrx_word' id='word_1_145' title='bbox 2815 837 3031 919; x_wconf 86' lang='lat' dir='ltr'><strong>appeti,</strong></span> <span class='ocrx_word' id='word_1_146' title='bbox 3066 837 3169 900; x_wconf 90' lang='lat' dir='ltr'><strong>sed</strong></span> <span class='ocrx_word' id='word_1_147' title='bbox 3202 840 3388 918; x_wconf 89' lang='lat' dir='ltr'><strong>magis</strong></span> <span class='ocrx_word' id='word_1_148' title='bbox 3410 839 3669 903; x_wconf 85' lang='lat' dir='ltr'><strong>rosisin-</strong></span> 
     </span>
    </p>
   </div>
   <div class='ocr_carea' id='block_1_23' title="bbox 2036 925 3671 1008">
    <p class='ocr_par' dir='ltr' id='par_1_23' title="bbox 2036 925 3671 1008">
     <span class='ocr_line' id='line_1_23' title="bbox 2036 925 3671 1008; baseline 0.004 -22"><span class='ocrx_word' id='word_1_149' title='bbox 2036 925 2757 1008; x_wconf 71' lang='lat' dir='ltr'><strong>spergiQuandoquidem</strong></span> <span class='ocrx_word' id='word_1_150' title='bbox 2774 930 2882 989; x_wconf 87' lang='lat' dir='ltr'><strong>etsi</strong></span> <span class='ocrx_word' id='word_1_151' title='bbox 2904 945 3054 989; x_wconf 67' lang='lat' dir='ltr'><strong>rosae</strong></span> <span class='ocrx_word' id='word_1_152' title='bbox 3072 946 3189 989; x_wconf 86' lang='lat' dir='ltr'><strong>una</strong></span> <span class='ocrx_word' id='word_1_153' title='bbox 3212 946 3345 989; x_wconf 90' lang='lat' dir='ltr'><strong>cum</strong></span> <span class='ocrx_word' id='word_1_154' title='bbox 3361 928 3512 991; x_wconf 77' lang='lat' dir='ltr'><strong>ﬂore</strong></span> <span class='ocrx_word' id='word_1_155' title='bbox 3530 948 3671 993; x_wconf 86' lang='lat' dir='ltr'><strong>ena-</strong></span> 
     </span>
    </p>
   </div>
   <div class='ocr_carea' id='block_1_24' title="bbox 2036 1014 3672 1097">
    <p class='ocr_par' dir='ltr' id='par_1_24' title="bbox 2036 1014 3672 1097">
     <span class='ocr_line' id='line_1_24' title="bbox 2036 1014 3672 1097; baseline 0.003 -20"><span class='ocrx_word' id='word_1_156' title='bbox 2036 1016 2109 1078; x_wconf 88' lang='lat' dir='ltr'><strong>tis</strong></span> <span class='ocrx_word' id='word_1_157' title='bbox 2130 1014 2307 1077; x_wconf 86' lang='lat' dir='ltr'><strong>simul</strong></span> <span class='ocrx_word' id='word_1_158' title='bbox 2331 1015 2580 1077; x_wconf 87' lang='lat' dir='ltr'><strong>horrent</strong></span> <span class='ocrx_word' id='word_1_159' title='bbox 2603 1016 2813 1096; x_wconf 87' lang='lat' dir='ltr'><strong>spinis,</strong></span> <span class='ocrx_word' id='word_1_160' title='bbox 2841 1035 2959 1078; x_wconf 92' lang='lat' dir='ltr'><strong>non</strong></span> <span class='ocrx_word' id='word_1_161' title='bbox 2980 1024 3295 1097; x_wconf 82' lang='lat' dir='ltr'><strong>propterea</strong></span> <span class='ocrx_word' id='word_1_162' title='bbox 3320 1017 3535 1081; x_wconf 87' lang='lat' dir='ltr'><strong>coloris</strong></span> <span class='ocrx_word' id='word_1_163' title='bbox 3549 1027 3672 1082; x_wconf 87' lang='lat' dir='ltr'><strong>stu-</strong></span> 
     </span>
    </p>
   </div>
   <div class='ocr_carea' id='block_1_25' title="bbox 2031 1103 3680 1189">
    <p class='ocr_par' dir='ltr' id='par_1_25' title="bbox 2031 1103 3680 1189">
     <span class='ocr_line' id='line_1_25' title="bbox 2031 1103 3680 1189; baseline 0.004 -24"><span class='ocrx_word' id='word_1_164' title='bbox 2031 1104 2221 1166; x_wconf 87' lang='lat' dir='ltr'><strong>diosis</strong></span> <span class='ocrx_word' id='word_1_165' title='bbox 2251 1104 2511 1183; x_wconf 88' lang='lat' dir='ltr'><strong>ingrata;</strong></span> <span class='ocrx_word' id='word_1_166' title='bbox 2564 1103 2684 1166; x_wconf 91' lang='lat' dir='ltr'><strong>imo</strong></span> <span class='ocrx_word' id='word_1_167' title='bbox 2730 1123 2903 1185; x_wconf 86' lang='lat' dir='ltr'><strong>quam</strong></span> <span class='ocrx_word' id='word_1_168' title='bbox 2954 1106 3205 1169; x_wconf 80' lang='lat' dir='ltr'><strong>maxime</strong></span> <span class='ocrx_word' id='word_1_169' title='bbox 3256 1109 3572 1189; x_wconf 86' lang='lat' dir='ltr'><strong>concupita</strong></span> <span class='ocrx_word' id='word_1_170' title='bbox 3619 1118 3680 1172; x_wconf 87' lang='lat' dir='ltr'><strong>et</strong></span> 
     </span>
    </p>
   </div>
   <div class='ocr_carea' id='block_1_26' title="bbox 2029 1192 3674 1279">
    <p class='ocr_par' dir='ltr' id='par_1_26' title="bbox 2029 1192 3674 1279">
     <span class='ocr_line' id='line_1_26' title="bbox 2029 1192 3674 1279; baseline 0.005 -25"><span class='ocrx_word' id='word_1_171' title='bbox 2029 1193 2286 1274; x_wconf 83' lang='lat' dir='ltr'><strong>gratiosa</strong></span> <span class='ocrx_word' id='word_1_172' title='bbox 2316 1192 2601 1270; x_wconf 87' lang='lat' dir='ltr'><strong>evadunt;</strong></span> <span class='ocrx_word' id='word_1_173' title='bbox 2628 1193 2877 1256; x_wconf 91' lang='lat' dir='ltr'><strong>etdulce</strong></span> <span class='ocrx_word' id='word_1_174' title='bbox 2891 1194 3001 1256; x_wconf 92' lang='lat' dir='ltr'><strong>hoc</strong></span> <span class='ocrx_word' id='word_1_175' title='bbox 3022 1194 3242 1274; x_wconf 79' lang='lat' dir='ltr'><strong>lignum</strong></span> <span class='ocrx_word' id='word_1_176' title='bbox 3268 1192 3562 1279; x_wconf 80' lang='lat' dir='ltr'><strong>Indicum,</strong></span> <span class='ocrx_word' id='word_1_177' title='bbox 3580 1200 3674 1262; x_wconf 91' lang='lat' dir='ltr'><strong>cui</strong></span> 
     </span>
    </p>
   </div>
   <div class='ocr_carea' id='block_1_27' title="bbox 2028 1283 3672 1364">
    <p class='ocr_par' dir='ltr' id='par_1_27' title="bbox 2028 1283 3672 1364">
     <span class='ocr_line' id='line_1_27' title="bbox 2028 1283 3672 1364; baseline 0.002 -19"><span class='ocrx_word' id='word_1_178' title='bbox 2028 1284 2412 1345; x_wconf 88' lang='lat' dir='ltr'><strong>cinnamomo</strong></span> <span class='ocrx_word' id='word_1_179' title='bbox 2445 1300 2666 1345; x_wconf 90' lang='lat' dir='ltr'><strong>nomen</strong></span> <span class='ocrx_word' id='word_1_180' title='bbox 2698 1289 2811 1358; x_wconf 86' lang='lat' dir='ltr'><strong>est,</strong></span> <span class='ocrx_word' id='word_1_181' title='bbox 2850 1291 3062 1345; x_wconf 90' lang='lat' dir='ltr'><strong>natura</strong></span> <span class='ocrx_word' id='word_1_182' title='bbox 3092 1283 3335 1364; x_wconf 84' lang='lat' dir='ltr'><strong>quidem</strong></span> <span class='ocrx_word' id='word_1_183' title='bbox 3368 1305 3473 1346; x_wconf 91' lang='lat' dir='ltr'><strong>sua</strong></span> <span class='ocrx_word' id='word_1_184' title='bbox 3507 1306 3672 1351; x_wconf 88' lang='lat' dir='ltr'><strong>mor-</strong></span> 
     </span>
    </p>
   </div>
   <div class='ocr_carea' id='block_1_28' title="bbox 2032 1370 3680 1457">
    <p class='ocr_par' dir='ltr' id='par_1_28' title="bbox 2032 1370 3680 1457">
     <span class='ocr_line' id='line_1_28' title="bbox 2032 1370 3680 1457; baseline 0.004 -25"><span class='ocrx_word' id='word_1_185' title='bbox 2032 1373 2153 1447; x_wconf 87' lang='lat' dir='ltr'><strong>det,</strong></span> <span class='ocrx_word' id='word_1_186' title='bbox 2188 1372 2293 1432; x_wconf 86' lang='lat' dir='ltr'><strong>sed</strong></span> <span class='ocrx_word' id='word_1_187' title='bbox 2325 1390 2396 1432; x_wconf 90' lang='lat' dir='ltr'><strong>eo</strong></span> <span class='ocrx_word' id='word_1_188' title='bbox 2431 1370 2617 1450; x_wconf 77' lang='lat' dir='ltr'><strong>magis</strong></span> <span class='ocrx_word' id='word_1_189' title='bbox 2648 1390 2715 1432; x_wconf 90' lang='lat' dir='ltr'><strong>ac</strong></span> <span class='ocrx_word' id='word_1_190' title='bbox 2750 1372 2935 1450; x_wconf 90' lang='lat' dir='ltr'><strong>magis</strong></span> <span class='ocrx_word' id='word_1_191' title='bbox 2965 1371 3222 1449; x_wconf 80' lang='lat' dir='ltr'><strong>vellicat,</strong></span> <span class='ocrx_word' id='word_1_192' title='bbox 3255 1380 3311 1434; x_wconf 87' lang='lat' dir='ltr'><strong>et</strong></span> <span class='ocrx_word' id='word_1_193' title='bbox 3341 1373 3458 1435; x_wconf 90' lang='lat' dir='ltr'><strong>cibi</strong></span> <span class='ocrx_word' id='word_1_194' title='bbox 3492 1394 3680 1457; x_wconf 88' lang='lat' dir='ltr'><strong>appe-</strong></span> 
     </span>
    </p>
   </div>
   <div class='ocr_carea' id='block_1_29' title="bbox 2032 1461 3677 1543">
    <p class='ocr_par' dir='ltr' id='par_1_29' title="bbox 2032 1461 3677 1543">
     <span class='ocr_line' id='line_1_29' title="bbox 2032 1461 3677 1543; baseline 0.002 -19"><span class='ocrx_word' id='word_1_195' title='bbox 2032 1462 2275 1524; x_wconf 90' lang='lat' dir='ltr'><strong>tentiam</strong></span> <span class='ocrx_word' id='word_1_196' title='bbox 2309 1461 2547 1523; x_wconf 85' lang='lat' dir='ltr'><strong>excitat.</strong></span> <span class='ocrx_word' id='word_1_197' title='bbox 2581 1463 2777 1543; x_wconf 88' lang='lat' dir='ltr'><strong>Ipsum</strong></span> <span class='ocrx_word' id='word_1_198' title='bbox 2806 1462 2984 1523; x_wconf 89' lang='lat' dir='ltr'><strong>etiam</strong></span> <span class='ocrx_word' id='word_1_199' title='bbox 3018 1461 3370 1540; x_wconf 85' lang='lat' dir='ltr'><strong>Cupidinem</strong></span> <span class='ocrx_word' id='word_1_200' title='bbox 3410 1465 3677 1542; x_wconf 90' lang='lat' dir='ltr'><strong>tradunt,</strong></span> 
     </span>
    </p>
   </div>
   <div class='ocr_carea' id='block_1_30' title="bbox 2032 1547 3678 1634">
    <p class='ocr_par' dir='ltr' id='par_1_30' title="bbox 2032 1547 3678 1634">
     <span class='ocr_line' id='line_1_30' title="bbox 2032 1547 3678 1634; baseline 0.002 -21"><span class='ocrx_word' id='word_1_201' title='bbox 2032 1551 2260 1631; x_wconf 83' lang='lat' dir='ltr'><strong>sagittis</strong></span> <span class='ocrx_word' id='word_1_202' title='bbox 2291 1550 2578 1630; x_wconf 79' lang='lat' dir='ltr'><strong>gaudere,</strong></span> <span class='ocrx_word' id='word_1_203' title='bbox 2613 1551 2669 1612; x_wconf 91' lang='lat' dir='ltr'><strong>ei</strong></span> <span class='ocrx_word' id='word_1_204' title='bbox 2689 1570 2805 1612; x_wconf 90' lang='lat' dir='ltr'><strong>non</strong></span> <span class='ocrx_word' id='word_1_205' title='bbox 2837 1547 3062 1631; x_wconf 84' lang='lat' dir='ltr'><strong>absque</strong></span> <span class='ocrx_word' id='word_1_206' title='bbox 3094 1550 3301 1614; x_wconf 86' lang='lat' dir='ltr'><strong>dolore</strong></span> <span class='ocrx_word' id='word_1_207' title='bbox 3318 1552 3678 1634; x_wconf 81' lang='lat' dir='ltr'><strong>Voluptatem</strong></span> 
     </span>
    </p>
   </div>
   <div class='ocr_carea' id='block_1_31' title="bbox 2032 1639 3680 1725">
    <p class='ocr_par' dir='ltr' id='par_1_31' title="bbox 2032 1639 3680 1725">
     <span class='ocr_line' id='line_1_31' title="bbox 2032 1639 3680 1725; baseline 0.002 -23"><span class='ocrx_word' id='word_1_208' title='bbox 2032 1639 2350 1722; x_wconf 80' lang='lat' dir='ltr'><strong>impertiri.</strong></span> <span class='ocrx_word' id='word_1_209' title='bbox 2382 1639 2650 1714; x_wconf 89' lang='lat' dir='ltr'><strong>Quonam</strong></span> <span class='ocrx_word' id='word_1_210' title='bbox 2686 1658 2805 1702; x_wconf 90' lang='lat' dir='ltr'><strong>non</strong></span> <span class='ocrx_word' id='word_1_211' title='bbox 2839 1642 3014 1703; x_wconf 92' lang='lat' dir='ltr'><strong>modo</strong></span> <span class='ocrx_word' id='word_1_212' title='bbox 3052 1649 3197 1703; x_wconf 76' lang='lat' dir='ltr'><strong>etex</strong></span> <span class='ocrx_word' id='word_1_213' title='bbox 3229 1650 3356 1704; x_wconf 83' lang='lat' dir='ltr'><strong>arte</strong></span> <span class='ocrx_word' id='word_1_214' title='bbox 3379 1643 3547 1725; x_wconf 88' lang='lat' dir='ltr'><strong>petiti</strong></span> <span class='ocrx_word' id='word_1_215' title='bbox 3567 1643 3680 1706; x_wconf 82' lang='lat' dir='ltr'><strong>ﬂo-</strong></span> 
     </span>
    </p>
   </div>
   <div class='ocr_carea' id='block_1_32' title="bbox 292 1727 1948 1817">
    <p class='ocr_par' dir='ltr' id='par_1_32' title="bbox 292 1727 1943 1817">
     <span class='ocr_line' id='line_1_32' title="bbox 292 1727 1943 1817; baseline 0 -23"><span class='ocrx_word' id='word_1_216' title='bbox 292 1738 395 1812; x_wconf 79' lang='grc' dir='ltr'>μὲν</span> <span class='ocrx_word' id='word_1_217' title='bbox 426 1739 526 1816; x_wconf 74' lang='grc' dir='ltr'>γὰρ</span> <span class='ocrx_word' id='word_1_218' title='bbox 559 1739 594 1805; x_wconf 78' lang='grc' dir='ltr'>ἡ</span> <span class='ocrx_word' id='word_1_219' title='bbox 620 1727 745 1795; x_wconf 69' lang='grc' dir='ltr'>τῶν</span> <span class='ocrx_word' id='word_1_220' title='bbox 776 1736 1055 1812; x_wconf 78' lang='grc' dir='ltr'><strong>ὀνομάτων</strong></span> <span class='ocrx_word' id='word_1_221' title='bbox 1099 1733 1412 1793; x_wconf 78' lang='grc' dir='ltr'>καλλιέπεια</span> <span class='ocrx_word' id='word_1_222' title='bbox 1468 1737 1555 1793; x_wconf 86' lang='grc' dir='ltr'><strong>καὶ</strong></span> <span class='ocrx_word' id='word_1_223' title='bbox 1610 1733 1895 1817; x_wconf 78' lang='grc' dir='ltr'>φαιδρότης</span> <span class='ocrx_word' id='word_1_224' title='bbox 1926 1733 1943 1794; x_wconf 77' lang='grc' dir='ltr'><strong>ί</strong></span> 
     </span>
    </p>
   </div>
   <div class='ocr_carea' id='block_1_33' title="bbox 2034 1727 3680 1817">
    <p class='ocr_par' dir='ltr' id='par_1_33' title="bbox 2034 1727 3680 1811">
     <span class='ocr_line' id='line_1_33' title="bbox 2034 1727 3680 1811; baseline 0.001 -19"><span class='ocrx_word' id='word_1_225' title='bbox 2034 1748 2129 1792; x_wconf 89' lang='lat' dir='ltr'><strong>res</strong></span> <span class='ocrx_word' id='word_1_226' title='bbox 2159 1729 2486 1811; x_wconf 85' lang='lat' dir='ltr'><strong>Epistolam</strong></span> <span class='ocrx_word' id='word_1_227' title='bbox 2517 1728 2925 1792; x_wconf 78' lang='lat' dir='ltr'><strong>decorabant?</strong></span> <span class='ocrx_word' id='word_1_228' title='bbox 2954 1727 3060 1803; x_wconf 87' lang='lat' dir='ltr'><strong>Qui</strong></span> <span class='ocrx_word' id='word_1_229' title='bbox 3083 1730 3389 1793; x_wconf 88' lang='lat' dir='ltr'><strong>nominum</strong></span> <span class='ocrx_word' id='word_1_230' title='bbox 3412 1732 3680 1796; x_wconf 89' lang='lat' dir='ltr'><strong>delectus</strong></span> 
     </span>
    </p>
   </div>
   <div class='ocr_carea' id='block_1_34' title="bbox 293 1819 1948 1920">
    <p class='ocr_par' dir='ltr' id='par_1_34' title="bbox 293 1823 1945 1902">
     <span class='ocr_line' id='line_1_34' title="bbox 293 1823 1945 1902; baseline -0.002 -18"><span class='ocrx_word' id='word_1_231' title='bbox 293 1831 391 1885; x_wconf 84' lang='grc' dir='ltr'>οἷα</span> <span class='ocrx_word' id='word_1_232' title='bbox 446 1824 500 1882; x_wconf 80' lang='grc' dir='ltr'>δὲ</span> <span class='ocrx_word' id='word_1_233' title='bbox 531 1828 565 1895; x_wconf 80' lang='grc' dir='ltr'><strong>ἡ</strong></span> <span class='ocrx_word' id='word_1_234' title='bbox 614 1831 714 1893; x_wconf 87' lang='grc' dir='ltr'><strong>τῆς</strong></span> <span class='ocrx_word' id='word_1_235' title='bbox 743 1824 1034 1889; x_wconf 77' lang='grc' dir='ltr'>συνθέσεως</span> <span class='ocrx_word' id='word_1_236' title='bbox 1086 1824 1309 1902; x_wconf 70' lang='grc' dir='ltr'>ἁρμονία</span> <span class='ocrx_word' id='word_1_237' title='bbox 1346 1823 1361 1884; x_wconf 82' lang='grc' dir='ltr'><strong>Ι</strong></span> <span class='ocrx_word' id='word_1_238' title='bbox 1392 1826 1454 1881; x_wconf 80' lang='grc' dir='ltr'>τὸ</span> <span class='ocrx_word' id='word_1_239' title='bbox 1510 1823 1564 1880; x_wconf 73' lang='grc' dir='ltr'><strong>δὲ</strong></span> <span class='ocrx_word' id='word_1_240' title='bbox 1594 1831 1702 1881; x_wconf 86' lang='grc' dir='ltr'><strong>τῶν</strong></span> <span class='ocrx_word' id='word_1_241' title='bbox 1761 1846 1945 1899; x_wconf 85' lang='grc' dir='ltr'>σκωμ-</span> 
     </span>
    </p>
   </div>
   <div class='ocr_carea' id='block_1_35' title="bbox 2034 1819 3680 1920">
    <p class='ocr_par' dir='ltr' id='par_1_35' title="bbox 2034 1819 3680 1920">
     <span class='ocr_line' id='line_1_35' title="bbox 2034 1819 3680 1920; baseline 0.001 -39"><span class='ocrx_word' id='word_1_242' title='bbox 2034 1829 2090 1920; x_wconf 78' lang='lat' dir='ltr'><strong>et</strong></span> <span class='ocrx_word' id='word_1_243' title='bbox 2121 1819 2408 1920; x_wconf 75' lang='lat' dir='ltr'><strong>splendor</strong></span> <span class='ocrx_word' id='word_1_244' title='bbox 2436 1825 2464 1882; x_wconf 84' lang='lat'><strong>?</strong></span> <span class='ocrx_word' id='word_1_245' title='bbox 2493 1837 2628 1898; x_wconf 75' lang='lat' dir='ltr'><strong>quae</strong></span> <span class='ocrx_word' id='word_1_246' title='bbox 2660 1819 3112 1901; x_wconf 88' lang='lat' dir='ltr'><strong>compositionis</strong></span> <span class='ocrx_word' id='word_1_247' title='bbox 3140 1819 3555 1920; x_wconf 49' lang='lat' dir='ltr'><strong>concinnitas?</strong></span> <span class='ocrx_word' id='word_1_248' title='bbox 3601 1825 3680 1885; x_wconf 88' lang='lat' dir='ltr'><strong>At</strong></span> 
     </span>
    </p>
   </div>
   <div class='ocr_carea' id='block_1_36' title="bbox 292 1908 1948 1997">
    <p class='ocr_par' dir='ltr' id='par_1_36' title="bbox 292 1912 1948 1997">
     <span class='ocr_line' id='line_1_36' title="bbox 292 1912 1948 1997; baseline -0.002 -25"><span class='ocrx_word' id='word_1_249' title='bbox 292 1916 478 1991; x_wconf 73' lang='grc' dir='ltr'>μάτων</span> <span class='ocrx_word' id='word_1_250' title='bbox 536 1915 794 1997; x_wconf 76' lang='grc' dir='ltr'>εὔστοχον</span> <span class='ocrx_word' id='word_1_251' title='bbox 862 1917 951 1971; x_wconf 86' lang='grc' dir='ltr'><strong>καὶ</strong></span> <span class='ocrx_word' id='word_1_252' title='bbox 1007 1913 1194 1972; x_wconf 78' lang='grc' dir='ltr'>δάκνον</span> <span class='ocrx_word' id='word_1_253' title='bbox 1275 1914 1411 1989; x_wconf 72' lang='grc' dir='ltr'>μετὰ</span> <span class='ocrx_word' id='word_1_254' title='bbox 1463 1922 1556 1971; x_wconf 78' lang='grc' dir='ltr'>τοῦ</span> <span class='ocrx_word' id='word_1_255' title='bbox 1642 1912 1855 1982; x_wconf 70' lang='grc' dir='ltr'>ἤδοντα·</span> <span class='ocrx_word' id='word_1_256' title='bbox 1913 1915 1948 1982; x_wconf 78' lang='grc' dir='ltr'><strong>ἡ</strong></span> 
     </span>
    </p>
   </div>
   <div class='ocr_carea' id='block_1_37' title="bbox 2034 1908 3677 1997">
    <p class='ocr_par' dir='ltr' id='par_1_37' title="bbox 2034 1908 3677 1997">
     <span class='ocr_line' id='line_1_37' title="bbox 2034 1908 3677 1997; baseline 0.002 -26"><span class='ocrx_word' id='word_1_257' title='bbox 2034 1908 2423 1997; x_wconf 87' lang='lat' dir='ltr'><strong>dicteriorum</strong></span> <span class='ocrx_word' id='word_1_258' title='bbox 2452 1915 2725 1971; x_wconf 83' lang='lat' dir='ltr'><strong>exactum</strong></span> <span class='ocrx_word' id='word_1_259' title='bbox 2744 1916 2870 1970; x_wconf 89' lang='lat' dir='ltr'><strong>arte</strong></span> <span class='ocrx_word' id='word_1_260' title='bbox 2892 1927 3283 1991; x_wconf 87' lang='lat' dir='ltr'><strong>pungensque</strong></span> <span class='ocrx_word' id='word_1_261' title='bbox 3312 1929 3446 1972; x_wconf 89' lang='lat' dir='ltr'><strong>cum</strong></span> <span class='ocrx_word' id='word_1_262' title='bbox 3462 1911 3677 1992; x_wconf 84' lang='lat' dir='ltr'><strong>volup-</strong></span> 
     </span>
    </p>
   </div>
   <div class='ocr_carea' id='block_1_38' title="bbox 292 1996 1948 2085">
    <p class='ocr_par' dir='ltr' id='par_1_38' title="bbox 292 1996 1948 2085">
     <span class='ocr_line' id='line_1_38' title="bbox 292 1996 1948 2085; baseline -0.001 -25"><span class='ocrx_word' id='word_1_263' title='bbox 292 2005 348 2060; x_wconf 73' lang='grc' dir='ltr'><strong>δὲ</strong></span> <span class='ocrx_word' id='word_1_264' title='bbox 412 2011 516 2061; x_wconf 81' lang='grc' dir='ltr'><strong>τῶν</strong></span> <span class='ocrx_word' id='word_1_265' title='bbox 570 1996 846 2084; x_wconf 82' lang='grc' dir='ltr'>Γραφικῶν</span> <span class='ocrx_word' id='word_1_266' title='bbox 905 2004 1157 2085; x_wconf 70' lang='grc' dir='ltr'>χρήσεων</span> <span class='ocrx_word' id='word_1_267' title='bbox 1211 2002 1468 2083; x_wconf 62' lang='grc' dir='ltr'>εὔκαιρῖα,</span> <span class='ocrx_word' id='word_1_268' title='bbox 1502 2004 1590 2061; x_wconf 79' lang='grc' dir='ltr'><strong>καὶ</strong></span> <span class='ocrx_word' id='word_1_269' title='bbox 1633 2004 1750 2072; x_wconf 69' lang='grc' dir='ltr'>ἢέν</span> <span class='ocrx_word' id='word_1_270' title='bbox 1800 2002 1948 2059; x_wconf 74' lang='grc' dir='ltr'>ἅπαο</span> 
     </span>
    </p>
   </div>
   <div class='ocr_carea' id='block_1_39' title="bbox 2034 1996 3679 2085">
    <p class='ocr_par' dir='ltr' id='par_1_39' title="bbox 2034 1996 3679 2079">
     <span class='ocr_line' id='line_1_39' title="bbox 2034 1996 3679 2079; baseline 0.001 -20"><span class='ocrx_word' id='word_1_271' title='bbox 2034 2006 2173 2073; x_wconf 88' lang='lat' dir='ltr'><strong>tate,</strong></span> <span class='ocrx_word' id='word_1_272' title='bbox 2203 2007 2259 2060; x_wconf 89' lang='lat' dir='ltr'><strong>et</strong></span> <span class='ocrx_word' id='word_1_273' title='bbox 2282 1996 2610 2079; x_wconf 64' lang='lat' dir='ltr'><strong>Scriptura:</strong></span> <span class='ocrx_word' id='word_1_274' title='bbox 2634 1997 3050 2060; x_wconf 79' lang='lat' dir='ltr'><strong>auctoritatem</strong></span> <span class='ocrx_word' id='word_1_275' title='bbox 3079 1999 3515 2079; x_wconf 86' lang='lat' dir='ltr'><strong>opportunitas,</strong></span> <span class='ocrx_word' id='word_1_276' title='bbox 3538 2009 3595 2062; x_wconf 90' lang='lat' dir='ltr'><strong>et</strong></span> <span class='ocrx_word' id='word_1_277' title='bbox 3618 2004 3679 2061; x_wconf 92' lang='lat' dir='ltr'><strong>in</strong></span> 
     </span>
    </p>
   </div>
   <div class='ocr_carea' id='block_1_40' title="bbox 282 2087 1948 2174">
    <p class='ocr_par' dir='ltr' id='par_1_40' title="bbox 282 2092 1948 2174">
     <span class='ocr_line' id='line_1_40' title="bbox 282 2092 1948 2174; baseline -0.001 -24"><span class='ocrx_word' id='word_1_278' title='bbox 282 2118 373 2150; x_wconf 88' lang='grc' dir='ltr'><strong>σιν</strong></span> <span class='ocrx_word' id='word_1_279' title='bbox 434 2094 797 2170; x_wconf 74' lang='grc' dir='ltr'>ἐπιπρέπουσα</span> <span class='ocrx_word' id='word_1_280' title='bbox 853 2096 1048 2174; x_wconf 75' lang='grc' dir='ltr'>φυσική</span> <span class='ocrx_word' id='word_1_281' title='bbox 1110 2115 1188 2156; x_wconf 88' lang='grc' dir='ltr'><strong>τις</strong></span> <span class='ocrx_word' id='word_1_282' title='bbox 1240 2092 1414 2170; x_wconf 68' lang='grc' dir='ltr'>εὔροια</span> <span class='ocrx_word' id='word_1_283' title='bbox 1460 2095 1544 2149; x_wconf 80' lang='grc' dir='ltr'><strong>καὶ</strong></span> <span class='ocrx_word' id='word_1_284' title='bbox 1604 2094 1793 2172; x_wconf 71' lang='grc' dir='ltr'>χάρις,</span> <span class='ocrx_word' id='word_1_285' title='bbox 1829 2092 1948 2149; x_wconf 72' lang='grc' dir='ltr'>οἷον</span> 
     </span>
    </p>
   </div>
   <div class='ocr_carea' id='block_1_41' title="bbox 2034 2087 3680 2174">
    <p class='ocr_par' dir='ltr' id='par_1_41' title="bbox 2034 2087 3680 2168">
     <span class='ocr_line' id='line_1_41' title="bbox 2034 2087 3680 2168; baseline 0.002 -19"><span class='ocrx_word' id='word_1_286' title='bbox 2034 2090 2310 2149; x_wconf 90' lang='lat' dir='ltr'><strong>omnibus</strong></span> <span class='ocrx_word' id='word_1_287' title='bbox 2341 2087 2704 2149; x_wconf 85' lang='lat' dir='ltr'><strong>conveniens</strong></span> <span class='ocrx_word' id='word_1_288' title='bbox 2728 2095 2789 2148; x_wconf 85' lang='lat' dir='ltr'><strong>et</strong></span> <span class='ocrx_word' id='word_1_289' title='bbox 2820 2088 3105 2149; x_wconf 86' lang='lat' dir='ltr'><strong>naturalis</strong></span> <span class='ocrx_word' id='word_1_290' title='bbox 3135 2088 3432 2151; x_wconf 84' lang='lat' dir='ltr'><strong>aﬂluentia</strong></span> <span class='ocrx_word' id='word_1_291' title='bbox 3463 2102 3520 2151; x_wconf 91' lang='lat' dir='ltr'><strong>et</strong></span> <span class='ocrx_word' id='word_1_292' title='bbox 3552 2108 3680 2168; x_wconf 82' lang='lat' dir='ltr'><strong>gra-</strong></span> 
     </span>
    </p>
   </div>
   <div class='ocr_carea' id='block_1_42' title="bbox 293 2176 1948 2262">
    <p class='ocr_par' dir='ltr' id='par_1_42' title="bbox 293 2179 1948 2262">
     <span class='ocr_line' id='line_1_42' title="bbox 293 2179 1948 2262; baseline -0.001 -21"><span class='ocrx_word' id='word_1_293' title='bbox 293 2185 481 2262; x_wconf 80' lang='grc' dir='ltr'>ὀπώρα</span> <span class='ocrx_word' id='word_1_294' title='bbox 558 2206 640 2248; x_wconf 84' lang='grc' dir='ltr'><strong>τις</strong></span> <span class='ocrx_word' id='word_1_295' title='bbox 704 2185 839 2240; x_wconf 75' lang='grc' dir='ltr'>κατὰ</span> <span class='ocrx_word' id='word_1_296' title='bbox 917 2184 1014 2251; x_wconf 81' lang='grc' dir='ltr'><strong>τῆν</strong></span> <span class='ocrx_word' id='word_1_297' title='bbox 1086 2183 1226 2260; x_wconf 80' lang='grc' dir='ltr'>ὥραν</span> <span class='ocrx_word' id='word_1_298' title='bbox 1280 2182 1537 2260; x_wconf 80' lang='grc' dir='ltr'>γλυκερὰν</span> <span class='ocrx_word' id='word_1_299' title='bbox 1606 2179 1793 2238; x_wconf 71' lang='grc' dir='ltr'>λιϐάδα</span> <span class='ocrx_word' id='word_1_300' title='bbox 1864 2186 1948 2239; x_wconf 79' lang='grc' dir='ltr'>καὶ</span> 
     </span>
    </p>
   </div>
   <div class='ocr_carea' id='block_1_43' title="bbox 2034 2176 3675 2262">
    <p class='ocr_par' dir='ltr' id='par_1_43' title="bbox 2034 2176 3675 2259">
     <span class='ocr_line' id='line_1_43' title="bbox 2034 2176 3675 2259; baseline 0.002 -22"><span class='ocrx_word' id='word_1_301' title='bbox 2034 2177 2136 2256; x_wconf 76' lang='lat' dir='ltr'><strong>tia,</strong></span> <span class='ocrx_word' id='word_1_302' title='bbox 2167 2176 2346 2239; x_wconf 86' lang='lat' dir='ltr'><strong>veluti</strong></span> <span class='ocrx_word' id='word_1_303' title='bbox 2404 2176 2635 2239; x_wconf 77' lang='lat' dir='ltr'><strong>fructus</strong></span> <span class='ocrx_word' id='word_1_304' title='bbox 2692 2176 2987 2259; x_wconf 87' lang='lat' dir='ltr'><strong>quispiam</strong></span> <span class='ocrx_word' id='word_1_305' title='bbox 3020 2177 3081 2238; x_wconf 89' lang='lat' dir='ltr'><strong>in</strong></span> <span class='ocrx_word' id='word_1_306' title='bbox 3115 2186 3403 2258; x_wconf 89' lang='lat' dir='ltr'><strong>tempore,</strong></span> <span class='ocrx_word' id='word_1_307' title='bbox 3439 2180 3675 2241; x_wconf 90' lang='lat' dir='ltr'><strong>dulcem</strong></span> 
     </span>
    </p>
   </div>
   <div class='ocr_carea' id='block_1_44' title="bbox 289 2267 1948 2354">
    <p class='ocr_par' dir='ltr' id='par_1_44' title="bbox 289 2271 1943 2354">
     <span class='ocr_line' id='line_1_44' title="bbox 289 2271 1943 2354; baseline -0.002 -25"><span class='ocrx_word' id='word_1_308' title='bbox 289 2274 559 2354; x_wconf 54' lang='grc' dir='ltr'>μελιιραν</span> <span class='ocrx_word' id='word_1_309' title='bbox 614 2272 1005 2344; x_wconf 74' lang='grc' dir='ltr'>ἆποσταζουσα,</span> <span class='ocrx_word' id='word_1_310' title='bbox 1071 2275 1167 2331; x_wconf 80' lang='grc' dir='ltr'><strong>Καὶ</strong></span> <span class='ocrx_word' id='word_1_311' title='bbox 1221 2273 1268 2328; x_wconf 72' lang='grc' dir='ltr'><strong>τί</strong></span> <span class='ocrx_word' id='word_1_312' title='bbox 1297 2271 1343 2328; x_wconf 82' lang='grc' dir='ltr'>τ’</span> <span class='ocrx_word' id='word_1_313' title='bbox 1390 2271 1588 2350; x_wconf 52' lang='lat' dir='ltr'><strong>appr,“</strong></span> <span class='ocrx_word' id='word_1_314' title='bbox 1639 2272 1943 2349; x_wconf 73' lang='grc' dir='ltr'>ἀναμετρή-</span> 
     </span>
    </p>
   </div>
   <div class='ocr_carea' id='block_1_45' title="bbox 2034 2267 3671 2354">
    <p class='ocr_par' dir='ltr' id='par_1_45' title="bbox 2034 2267 3671 2349">
     <span class='ocr_line' id='line_1_45' title="bbox 2034 2267 3671 2349; baseline 0.002 -22"><span class='ocrx_word' id='word_1_315' title='bbox 2034 2274 2250 2347; x_wconf 80' lang='lat' dir='ltr'><strong>guttam</strong></span> <span class='ocrx_word' id='word_1_316' title='bbox 2285 2284 2644 2348; x_wconf 87' lang='lat' dir='ltr'><strong>suavemque</strong></span> <span class='ocrx_word' id='word_1_317' title='bbox 2677 2267 2953 2330; x_wconf 87' lang='lat' dir='ltr'><strong>instillat.</strong></span> <span class='ocrx_word' id='word_1_318' title='bbox 2975 2267 3044 2329; x_wconf 84' lang='lat' dir='ltr'><strong>Et</strong></span> <span class='ocrx_word' id='word_1_319' title='bbox 3076 2268 3213 2349; x_wconf 92' lang='lat' dir='ltr'><strong>quid</strong></span> <span class='ocrx_word' id='word_1_320' title='bbox 3247 2288 3395 2349; x_wconf 84' lang='lat' dir='ltr'><strong>opus</strong></span> <span class='ocrx_word' id='word_1_321' title='bbox 3420 2278 3531 2344; x_wconf 90' lang='lat' dir='ltr'><strong>est,</strong></span> <span class='ocrx_word' id='word_1_322' title='bbox 3555 2288 3671 2345; x_wconf 89' lang='lat' dir='ltr'><strong>me,</strong></span> 
     </span>
    </p>
   </div>
   <div class='ocr_carea' id='block_1_46' title="bbox 288 2355 1948 2439">
    <p class='ocr_par' dir='ltr' id='par_1_46' title="bbox 288 2359 1946 2438">
     <span class='ocr_line' id='line_1_46' title="bbox 288 2359 1946 2438; baseline -0.001 -20"><span class='ocrx_word' id='word_1_323' title='bbox 288 2364 479 2420; x_wconf 86' lang='grc' dir='ltr'>σασθαί</span> <span class='ocrx_word' id='word_1_324' title='bbox 535 2384 602 2438; x_wconf 87' lang='grc' dir='ltr'><strong>με</strong></span> <span class='ocrx_word' id='word_1_325' title='bbox 654 2361 827 2437; x_wconf 72' lang='grc' dir='ltr'>δοκεῖ,</span> <span class='ocrx_word' id='word_1_326' title='bbox 858 2363 993 2418; x_wconf 75' lang='grc' dir='ltr'>κατά</span> <span class='ocrx_word' id='word_1_327' title='bbox 1032 2364 1122 2418; x_wconf 79' lang='grc' dir='ltr'><strong>τὸν</strong></span> <span class='ocrx_word' id='word_1_328' title='bbox 1184 2363 1421 2423; x_wconf 78' lang='grc' dir='ltr'>εἶπόντα,</span> <span class='ocrx_word' id='word_1_329' title='bbox 1484 2363 1698 2421; x_wconf 72' lang='grc' dir='ltr'>Πάντως</span> <span class='ocrx_word' id='word_1_330' title='bbox 1733 2360 1785 2417; x_wconf 70' lang='grc' dir='ltr'>δὲ</span> <span class='ocrx_word' id='word_1_331' title='bbox 1845 2359 1946 2416; x_wconf 76' lang='grc' dir='ltr'>’ἔδει</span> 
     </span>
    </p>
   </div>
   <div class='ocr_carea' id='block_1_47' title="bbox 2034 2355 3739 2439">
    <p class='ocr_par' dir='ltr' id='par_1_47' title="bbox 2034 2355 3739 2439">
     <span class='ocr_line' id='line_1_47' title="bbox 2034 2355 3739 2439; baseline 0.004 -24"><span class='ocrx_word' id='word_1_332' title='bbox 2034 2375 2158 2437; x_wconf 71' lang='lat' dir='ltr'><strong>quae</strong></span> <span class='ocrx_word' id='word_1_333' title='bbox 2174 2355 2371 2417; x_wconf 89' lang='lat' dir='ltr'><strong>verbis</strong></span> <span class='ocrx_word' id='word_1_334' title='bbox 2397 2358 2649 2438; x_wconf 73' lang='lat' dir='ltr'><strong>exprimi</strong></span> <span class='ocrx_word' id='word_1_335' title='bbox 2674 2366 2997 2439; x_wconf 84' lang='lat' dir='ltr'><strong>nequeunt,</strong></span> <span class='ocrx_word' id='word_1_336' title='bbox 3016 2359 3281 2419; x_wconf 81' lang='lat' dir='ltr'><strong>oratione</strong></span> <span class='ocrx_word' id='word_1_337' title='bbox 3306 2360 3677 2439; x_wconf 82' lang='lat' dir='ltr'><strong>persequi,ut</strong></span> <span class='ocrx_word' id='word_1_338' title='bbox 3736 2362 3739 2365; x_wconf 84' lang='grc'><em>’</em></span> 
     </span>
    </p>
   </div>
   <div class='ocr_carea' id='block_1_48' title="bbox 290 2444 1948 2530">
    <p class='ocr_par' dir='ltr' id='par_1_48' title="bbox 290 2449 1947 2530">
     <span class='ocr_line' id='line_1_48' title="bbox 290 2449 1947 2530; baseline -0.002 -22"><span class='ocrx_word' id='word_1_339' title='bbox 290 2455 382 2509; x_wconf 73' lang='grc' dir='ltr'><strong>τὸν</strong></span> <span class='ocrx_word' id='word_1_340' title='bbox 443 2449 609 2515; x_wconf 71' lang='grc' dir='ltr'>οὕτως</span> <span class='ocrx_word' id='word_1_341' title='bbox 665 2456 901 2530; x_wconf 66' lang='grc' dir='ltr'>εὐπρεπῆ</span> <span class='ocrx_word' id='word_1_342' title='bbox 957 2453 1048 2508; x_wconf 76' lang='grc' dir='ltr'><strong>τὸν</strong></span> <span class='ocrx_word' id='word_1_343' title='bbox 1096 2453 1232 2528; x_wconf 86' lang='grc' dir='ltr'>βῖον,</span> <span class='ocrx_word' id='word_1_344' title='bbox 1298 2451 1463 2515; x_wconf 64' lang='grc' dir='ltr'>οὕτως</span> <span class='ocrx_word' id='word_1_345' title='bbox 1521 2456 1663 2507; x_wconf 74' lang='grc' dir='ltr'>εἶναι</span> <span class='ocrx_word' id='word_1_346' title='bbox 1724 2453 1810 2506; x_wconf 69' lang='grc' dir='ltr'><strong>καί</strong></span> <span class='ocrx_word' id='word_1_347' title='bbox 1857 2452 1947 2506; x_wconf 71' lang='grc' dir='ltr'>τὸν</span> 
     </span>
    </p>
   </div>
   <div class='ocr_carea' id='block_1_49' title="bbox 2034 2444 3677 2530">
    <p class='ocr_par' dir='ltr' id='par_1_49' title="bbox 2034 2444 3677 2526">
     <span class='ocr_line' id='line_1_49' title="bbox 2034 2444 3677 2526; baseline 0.002 -21"><span class='ocrx_word' id='word_1_348' title='bbox 2034 2446 2129 2505; x_wconf 72' lang='lat' dir='ltr'><strong>ille</strong></span> <span class='ocrx_word' id='word_1_349' title='bbox 2160 2444 2396 2507; x_wconf 86' lang='lat' dir='ltr'><strong>aiebat?</strong></span> <span class='ocrx_word' id='word_1_350' title='bbox 2426 2448 2679 2507; x_wconf 87' lang='lat' dir='ltr'><strong>Prorsus</strong></span> <span class='ocrx_word' id='word_1_351' title='bbox 2709 2446 3042 2509; x_wconf 86' lang='lat' dir='ltr'><strong>addecebat</strong></span> <span class='ocrx_word' id='word_1_352' title='bbox 3084 2465 3245 2521; x_wconf 84' lang='lat' dir='ltr'><strong>eum,</strong></span> <span class='ocrx_word' id='word_1_353' title='bbox 3295 2449 3395 2526; x_wconf 84' lang='lat' dir='ltr'><strong>qui</strong></span> <span class='ocrx_word' id='word_1_354' title='bbox 3446 2455 3531 2509; x_wconf 85' lang='lat' dir='ltr'><strong>sic</strong></span> <span class='ocrx_word' id='word_1_355' title='bbox 3563 2449 3677 2509; x_wconf 88' lang='lat' dir='ltr'><strong>vita</strong></span> 
     </span>
    </p>
   </div>
   <div class='ocr_carea' id='block_1_50' title="bbox 290 2534 1948 2619">
    <p class='ocr_par' dir='ltr' id='par_1_50' title="bbox 290 2538 1944 2619">
     <span class='ocr_line' id='line_1_50' title="bbox 290 2538 1944 2619; baseline -0.002 -22"><span class='ocrx_word' id='word_1_356' title='bbox 290 2542 457 2619; x_wconf 83' lang='grc' dir='ltr'>λόγον</span> <span class='ocrx_word' id='word_1_357' title='bbox 537 2541 822 2617; x_wconf 73' lang='grc' dir='ltr'>ἐπιτερπῆ,</span> <span class='ocrx_word' id='word_1_358' title='bbox 883 2541 973 2596; x_wconf 81' lang='grc' dir='ltr'><strong>ἴνα</strong></span> <span class='ocrx_word' id='word_1_359' title='bbox 1032 2542 1108 2614; x_wconf 77' lang='grc' dir='ltr'><strong>μῆ</strong></span> <span class='ocrx_word' id='word_1_360' title='bbox 1176 2539 1431 2617; x_wconf 73' lang='grc' dir='ltr'>βασιλεύῃ</span> <span class='ocrx_word' id='word_1_361' title='bbox 1503 2542 1667 2615; x_wconf 61' lang='grc' dir='ltr'>μόνον</span> <span class='ocrx_word' id='word_1_362' title='bbox 1724 2538 1944 2616; x_wconf 73' lang='grc' dir='ltr'>ἀνδρῶν,</span> 
     </span>
    </p>
   </div>
   <div class='ocr_carea' id='block_1_51' title="bbox 2034 2534 3679 2619">
    <p class='ocr_par' dir='ltr' id='par_1_51' title="bbox 2034 2534 3679 2615">
     <span class='ocr_line' id='line_1_51' title="bbox 2034 2534 3679 2615; baseline 0.002 -20"><span class='ocrx_word' id='word_1_363' title='bbox 2034 2534 2381 2614; x_wconf 77' lang='lat' dir='ltr'><strong>Spectabilis</strong></span> <span class='ocrx_word' id='word_1_364' title='bbox 2412 2543 2523 2609; x_wconf 89' lang='lat' dir='ltr'><strong>est,</strong></span> <span class='ocrx_word' id='word_1_365' title='bbox 2559 2536 2637 2597; x_wconf 83' lang='lat' dir='ltr'><strong>ita</strong></span> <span class='ocrx_word' id='word_1_366' title='bbox 2665 2553 2798 2597; x_wconf 87' lang='lat' dir='ltr'><strong>esse</strong></span> <span class='ocrx_word' id='word_1_367' title='bbox 2830 2544 2888 2598; x_wconf 92' lang='lat' dir='ltr'><strong>et</strong></span> <span class='ocrx_word' id='word_1_368' title='bbox 2915 2535 3185 2597; x_wconf 76' lang='lat' dir='ltr'><strong>oratione</strong></span> <span class='ocrx_word' id='word_1_369' title='bbox 3212 2537 3573 2615; x_wconf 76' lang='lat' dir='ltr'><strong>jucundum,</strong></span> <span class='ocrx_word' id='word_1_370' title='bbox 3603 2555 3679 2598; x_wconf 87' lang='lat' dir='ltr'><strong>ne</strong></span> 
     </span>
    </p>
   </div>
   <div class='ocr_carea' id='block_1_52' title="bbox 291 2624 1948 2706">
    <p class='ocr_par' dir='ltr' id='par_1_52' title="bbox 291 2629 1948 2706">
     <span class='ocr_line' id='line_1_52' title="bbox 291 2629 1948 2706; baseline -0.003 -20"><span class='ocrx_word' id='word_1_371' title='bbox 291 2631 433 2686; x_wconf 77' lang='grc' dir='ltr'><strong>ἆ).λὰ</strong></span> <span class='ocrx_word' id='word_1_372' title='bbox 487 2633 572 2687; x_wconf 80' lang='grc' dir='ltr'><strong>καὶ</strong></span> <span class='ocrx_word' id='word_1_373' title='bbox 602 2633 738 2687; x_wconf 83' lang='grc' dir='ltr'>κατὰ</span> <span class='ocrx_word' id='word_1_374' title='bbox 792 2633 905 2706; x_wconf 73' lang='grc' dir='ltr'>βίου</span> <span class='ocrx_word' id='word_1_375' title='bbox 948 2633 1168 2705; x_wconf 74' lang='grc' dir='ltr'>παντὸς,</span> <span class='ocrx_word' id='word_1_376' title='bbox 1200 2634 1288 2687; x_wconf 87' lang='grc' dir='ltr'>καὶ</span> <span class='ocrx_word' id='word_1_377' title='bbox 1342 2631 1477 2687; x_wconf 84' lang='grc' dir='ltr'>κατᾶ</span> <span class='ocrx_word' id='word_1_378' title='bbox 1533 2629 1693 2706; x_wconf 83' lang='grc' dir='ltr'>λόγου</span> <span class='ocrx_word' id='word_1_379' title='bbox 1756 2629 1948 2695; x_wconf 74' lang='grc' dir='ltr'>κέκτη-</span> 
     </span>
    </p>
   </div>
   <div class='ocr_carea' id='block_1_53' title="bbox 2034 2624 3678 2706">
    <p class='ocr_par' dir='ltr' id='par_1_53' title="bbox 2034 2624 3678 2705">
     <span class='ocr_line' id='line_1_53' title="bbox 2034 2624 3678 2705; baseline 0.002 -23"><span class='ocrx_word' id='word_1_380' title='bbox 2034 2624 2172 2684; x_wconf 82' lang='lat' dir='ltr'><strong>viris</strong></span> <span class='ocrx_word' id='word_1_381' title='bbox 2206 2633 2429 2686; x_wconf 88' lang='lat' dir='ltr'><strong>tantum</strong></span> <span class='ocrx_word' id='word_1_382' title='bbox 2465 2624 2962 2705; x_wconf 86' lang='lat' dir='ltr'><strong>imperitans,sed</strong></span> <span class='ocrx_word' id='word_1_383' title='bbox 2998 2636 3053 2687; x_wconf 88' lang='lat' dir='ltr'><strong>et</strong></span> <span class='ocrx_word' id='word_1_384' title='bbox 3088 2628 3242 2686; x_wconf 85' lang='lat' dir='ltr'><strong>inter</strong></span> <span class='ocrx_word' id='word_1_385' title='bbox 3262 2625 3389 2686; x_wconf 61' lang='lat' dir='ltr'><strong>vitae</strong></span> <span class='ocrx_word' id='word_1_386' title='bbox 3412 2625 3678 2686; x_wconf 73' lang='lat' dir='ltr'><strong>instituta</strong></span> 
     </span>
    </p>
   </div>
   <div class='ocr_carea' id='block_1_54' title="bbox 2030 2713 3673 2794">
    <p class='ocr_par' dir='ltr' id='par_1_54' title="bbox 2030 2713 3673 2794">
     <span class='ocr_line' id='line_1_54' title="bbox 2030 2713 3673 2794; baseline 0.001 -21"><span class='ocrx_word' id='word_1_387' title='bbox 2030 2715 2189 2774; x_wconf 86' lang='lat' dir='ltr'><strong>varia</strong></span> <span class='ocrx_word' id='word_1_388' title='bbox 2215 2732 2546 2794; x_wconf 86' lang='lat' dir='ltr'><strong>omnesque</strong></span> <span class='ocrx_word' id='word_1_389' title='bbox 2570 2714 2857 2775; x_wconf 88' lang='lat' dir='ltr'><strong>orationis</strong></span> <span class='ocrx_word' id='word_1_390' title='bbox 2880 2714 3373 2794; x_wconf 75' lang='lat' dir='ltr'><strong>modos,palmam</strong></span> <span class='ocrx_word' id='word_1_391' title='bbox 3401 2713 3673 2776; x_wconf 79' lang='lat' dir='ltr'><strong>haberet.</strong></span> 
     </span>
    </p>
   </div>
   <div class='ocr_carea' id='block_1_55' title="bbox 816 2802 1948 2883">
    <p class='ocr_par' dir='ltr' id='par_1_55' title="bbox 816 2807 1422 2883">
     <span class='ocr_line' id='line_1_55' title="bbox 816 2807 1422 2883; baseline 0.003 -18"><span class='ocrx_word' id='word_1_392' title='bbox 816 2807 898 2872; x_wconf 56' lang='lat' dir='ltr'><strong>A&#39;.</strong></span> <span class='ocrx_word' id='word_1_393' title='bbox 959 2817 1042 2883; x_wconf 74' lang='grc' dir='ltr'>Τῷ</span> <span class='ocrx_word' id='word_1_394' title='bbox 1088 2807 1422 2871; x_wconf 69' lang='grc' dir='ltr'>Λαοδικείας.</span> 
     </span>
    </p>
   </div>
   <div class='ocr_carea' id='block_1_56' title="bbox 2034 2802 3095 2883">
    <p class='ocr_par' dir='ltr' id='par_1_56' title="bbox 2592 2802 3095 2867">
     <span class='ocr_line' id='line_1_56' title="bbox 2592 2802 3095 2867; baseline 0.002 -2"><span class='ocrx_word' id='word_1_395' title='bbox 2592 2802 2690 2866; x_wconf 80' lang='lat' dir='ltr'><strong>1V.</strong></span> <span class='ocrx_word' id='word_1_396' title='bbox 2742 2803 3095 2867; x_wconf 77' lang='lat' dir='ltr'><strong>Laodiceno.</strong></span> 
     </span>
    </p>
   </div>
   <div class='ocr_carea' id='block_1_57' title="bbox 376 2891 1948 2974">
    <p class='ocr_par' dir='ltr' id='par_1_57' title="bbox 376 2897 1945 2974">
     <span class='ocr_line' id='line_1_57' title="bbox 376 2897 1945 2974; baseline -0.002 -18"><span class='ocrx_word' id='word_1_397' title='bbox 376 2897 669 2974; x_wconf 73' lang='grc' dir='ltr'>Ἐδεξᾶμην</span> <span class='ocrx_word' id='word_1_398' title='bbox 726 2900 826 2966; x_wconf 78' lang='grc' dir='ltr'><strong>τῆν</strong></span> <span class='ocrx_word' id='word_1_399' title='bbox 882 2899 1053 2966; x_wconf 74' lang='grc' dir='ltr'>καλὴν</span> <span class='ocrx_word' id='word_1_400' title='bbox 1114 2897 1343 2971; x_wconf 74' lang='grc' dir='ltr'>ἐκείνην,</span> <span class='ocrx_word' id='word_1_401' title='bbox 1401 2899 1486 2955; x_wconf 85' lang='grc' dir='ltr'><strong>καὶ</strong></span> <span class='ocrx_word' id='word_1_402' title='bbox 1545 2897 1765 2966; x_wconf 76' lang='grc' dir='ltr'>ἡδίστην</span> <span class='ocrx_word' id='word_1_403' title='bbox 1816 2897 1945 2955; x_wconf 79' lang='grc' dir='ltr'>ἐπι-</span> 
     </span>
    </p>
   </div>
   <div class='ocr_carea' id='block_1_58' title="bbox 2034 2891 3676 2974">
    <p class='ocr_par' dir='ltr' id='par_1_58' title="bbox 2112 2891 3676 2974">
     <span class='ocr_line' id='line_1_58' title="bbox 2112 2891 3676 2974; baseline 0.001 -20"><span class='ocrx_word' id='word_1_404' title='bbox 2112 2891 2539 2974; x_wconf 85' lang='lat' dir='ltr'><strong>Perpulchram</strong></span> <span class='ocrx_word' id='word_1_405' title='bbox 2561 2892 2721 2955; x_wconf 88' lang='lat' dir='ltr'><strong>illam</strong></span> <span class='ocrx_word' id='word_1_406' title='bbox 2756 2902 2812 2955; x_wconf 93' lang='lat' dir='ltr'><strong>et</strong></span> <span class='ocrx_word' id='word_1_407' title='bbox 2834 2891 3337 2973; x_wconf 81' lang='lat' dir='ltr'><strong>jucundissimam</strong></span> <span class='ocrx_word' id='word_1_408' title='bbox 3365 2892 3676 2973; x_wconf 85' lang='lat' dir='ltr'><strong>epistolam</strong></span> 
     </span>
    </p>
   </div>
   <div class='ocr_carea' id='block_1_59' title="bbox 294 2981 1948 3067">
    <p class='ocr_par' dir='ltr' id='par_1_59' title="bbox 294 2988 1948 3067">
     <span class='ocr_line' id='line_1_59' title="bbox 294 2988 1948 3067; baseline -0.001 -21"><span class='ocrx_word' id='word_1_409' title='bbox 294 2989 525 3064; x_wconf 79' lang='grc' dir='ltr'>στολὴν,</span> <span class='ocrx_word' id='word_1_410' title='bbox 573 2989 769 3067; x_wconf 78' lang='grc' dir='ltr'>ἐναργῆ</span> <span class='ocrx_word' id='word_1_411' title='bbox 800 2993 878 3064; x_wconf 75' lang='grc' dir='ltr'>τῷ</span> <span class='ocrx_word' id='word_1_412' title='bbox 920 2989 1030 3044; x_wconf 78' lang='grc' dir='ltr'>ὄντι</span> <span class='ocrx_word' id='word_1_413' title='bbox 1088 2993 1404 3067; x_wconf 71' lang='grc' dir='ltr'>χαρακτῆρα</span> <span class='ocrx_word' id='word_1_414' title='bbox 1454 2988 1547 3055; x_wconf 78' lang='grc' dir='ltr'><strong>τῆς</strong></span> <span class='ocrx_word' id='word_1_415' title='bbox 1608 2988 1811 3067; x_wconf 80' lang='grc' dir='ltr'>ἀγαθῆς</span> <span class='ocrx_word' id='word_1_416' title='bbox 1858 3012 1948 3045; x_wconf 78' lang='grc' dir='ltr'><strong>σου</strong></span> 
     </span>
    </p>
   </div>
   <div class='ocr_carea' id='block_1_60' title="bbox 2034 2981 3678 3067">
    <p class='ocr_par' dir='ltr' id='par_1_60' title="bbox 2034 2981 3678 3064">
     <span class='ocr_line' id='line_1_60' title="bbox 2034 2981 3678 3064; baseline 0 -21"><span class='ocrx_word' id='word_1_417' title='bbox 2034 2982 2296 3064; x_wconf 77' lang='lat' dir='ltr'><strong>suscepi,</strong></span> <span class='ocrx_word' id='word_1_418' title='bbox 2325 2982 2702 3045; x_wconf 78' lang='lat' dir='ltr'><strong>manifestam</strong></span> <span class='ocrx_word' id='word_1_419' title='bbox 2733 2982 2902 3064; x_wconf 80' lang='lat' dir='ltr'><strong>probi</strong></span> <span class='ocrx_word' id='word_1_420' title='bbox 2932 2982 3014 3044; x_wconf 85' lang='lat' dir='ltr'><strong>tui</strong></span> <span class='ocrx_word' id='word_1_421' title='bbox 3048 2990 3103 3044; x_wconf 83' lang='lat' dir='ltr'><strong>et</strong></span> <span class='ocrx_word' id='word_1_422' title='bbox 3125 2982 3321 3045; x_wconf 81' lang='lat' dir='ltr'><strong>suavis</strong></span> <span class='ocrx_word' id='word_1_423' title='bbox 3342 2981 3525 3044; x_wconf 85' lang='lat' dir='ltr'><strong>animi</strong></span> <span class='ocrx_word' id='word_1_424' title='bbox 3547 2983 3678 3044; x_wconf 73' lang='lat' dir='ltr'><strong>eili-</strong></span> 
     </span>
    </p>
   </div>
   <div class='ocr_carea' id='block_1_61' title="bbox 295 3071 1948 3158">
    <p class='ocr_par' dir='ltr' id='par_1_61' title="bbox 295 3077 1947 3158">
     <span class='ocr_line' id='line_1_61' title="bbox 295 3077 1947 3158; baseline -0.001 -23"><span class='ocrx_word' id='word_1_425' title='bbox 295 3080 386 3135; x_wconf 79' lang='grc' dir='ltr'><strong>καί</strong></span> <span class='ocrx_word' id='word_1_426' title='bbox 445 3078 690 3152; x_wconf 69' lang='grc' dir='ltr'>γλυκείας</span> <span class='ocrx_word' id='word_1_427' title='bbox 742 3084 950 3158; x_wconf 74' lang='grc' dir='ltr'>ψυχῆς.</span> <span class='ocrx_word' id='word_1_428' title='bbox 993 3080 1088 3136; x_wconf 81' lang='grc' dir='ltr'>Καὶ</span> <span class='ocrx_word' id='word_1_429' title='bbox 1146 3078 1246 3155; x_wconf 66' lang='grc' dir='ltr'><strong>γὰρ</strong></span> <span class='ocrx_word' id='word_1_430' title='bbox 1303 3079 1475 3157; x_wconf 81' lang='grc' dir='ltr'>φέρων</span> <span class='ocrx_word' id='word_1_431' title='bbox 1508 3079 1641 3155; x_wconf 73' lang='grc' dir='ltr'><strong>αὖτῇ</strong></span> <span class='ocrx_word' id='word_1_432' title='bbox 1696 3077 1947 3146; x_wconf 75' lang='grc' dir='ltr'>ἐνέθηκας</span> 
     </span>
    </p>
   </div>
   <div class='ocr_carea' id='block_1_62' title="bbox 2034 3071 3680 3158">
    <p class='ocr_par' dir='ltr' id='par_1_62' title="bbox 2034 3071 3680 3154">
     <span class='ocr_line' id='line_1_62' title="bbox 2034 3071 3680 3154; baseline 0.001 -21"><span class='ocrx_word' id='word_1_433' title='bbox 2034 3073 2211 3152; x_wconf 81' lang='lat' dir='ltr'><strong>giem.</strong></span> <span class='ocrx_word' id='word_1_434' title='bbox 2254 3071 2521 3154; x_wconf 87' lang='lat' dir='ltr'><strong>Namque</strong></span> <span class='ocrx_word' id='word_1_435' title='bbox 2573 3073 2629 3135; x_wconf 88' lang='lat' dir='ltr'><strong>in</strong></span> <span class='ocrx_word' id='word_1_436' title='bbox 2660 3091 2728 3133; x_wconf 86' lang='lat' dir='ltr'><strong>ca</strong></span> <span class='ocrx_word' id='word_1_437' title='bbox 2760 3074 2833 3134; x_wconf 72' lang='lat' dir='ltr'><strong>tle</strong></span> <span class='ocrx_word' id='word_1_438' title='bbox 2866 3084 2963 3134; x_wconf 88' lang='lat' dir='ltr'><strong>tuo</strong></span> <span class='ocrx_word' id='word_1_439' title='bbox 2992 3072 3321 3154; x_wconf 87' lang='lat' dir='ltr'><strong>apposuisti</strong></span> <span class='ocrx_word' id='word_1_440' title='bbox 3355 3081 3414 3134; x_wconf 90' lang='lat' dir='ltr'><strong>et</strong></span> <span class='ocrx_word' id='word_1_441' title='bbox 3449 3090 3680 3134; x_wconf 86' lang='lat' dir='ltr'><strong>morum</strong></span> 
     </span>
    </p>
   </div>
   <div class='ocr_carea' id='block_1_63' title="bbox 289 3160 1948 3249">
    <p class='ocr_par' dir='ltr' id='par_1_63' title="bbox 289 3166 1948 3249">
     <span class='ocr_line' id='line_1_63' title="bbox 289 3166 1948 3249; baseline 0.001 -25"><span class='ocrx_word' id='word_1_442' title='bbox 289 3170 419 3236; x_wconf 72' lang='grc' dir='ltr'>ἦθός</span> <span class='ocrx_word' id='word_1_443' title='bbox 506 3189 561 3224; x_wconf 84' lang='grc' dir='ltr'><strong>τε</strong></span> <span class='ocrx_word' id='word_1_444' title='bbox 648 3169 881 3249; x_wconf 79' lang='grc' dir='ltr'>σῶφρον,</span> <span class='ocrx_word' id='word_1_445' title='bbox 959 3170 1047 3224; x_wconf 80' lang='grc' dir='ltr'><strong>καὶ</strong></span> <span class='ocrx_word' id='word_1_446' title='bbox 1116 3168 1450 3246; x_wconf 78' lang='grc' dir='ltr'>ἡμερότητα,</span> <span class='ocrx_word' id='word_1_447' title='bbox 1505 3172 1601 3224; x_wconf 63' lang='grc' dir='ltr'>καὶ</span> <span class='ocrx_word' id='word_1_448' title='bbox 1689 3166 1948 3247; x_wconf 84' lang='grc' dir='ltr'>μελιχρὸν</span> 
     </span>
    </p>
   </div>
   <div class='ocr_carea' id='block_1_64' title="bbox 2034 3160 3679 3249">
    <p class='ocr_par' dir='ltr' id='par_1_64' title="bbox 2034 3160 3679 3249">
     <span class='ocr_line' id='line_1_64' title="bbox 2034 3160 3679 3249; baseline -0.001 -25"><span class='ocrx_word' id='word_1_449' title='bbox 2034 3164 2402 3240; x_wconf 85' lang='lat' dir='ltr'><strong>gravitatem,</strong></span> <span class='ocrx_word' id='word_1_450' title='bbox 2439 3168 2498 3224; x_wconf 86' lang='lat' dir='ltr'><strong>et</strong></span> <span class='ocrx_word' id='word_1_451' title='bbox 2531 3163 3016 3245; x_wconf 84' lang='lat' dir='ltr'><strong>tranquillitatem</strong></span> <span class='ocrx_word' id='word_1_452' title='bbox 3053 3163 3365 3238; x_wconf 84' lang='lat' dir='ltr'><strong>tuentis,et</strong></span> <span class='ocrx_word' id='word_1_453' title='bbox 3397 3160 3679 3249; x_wconf 85' lang='lat' dir='ltr'><strong>melleum</strong></span> 
     </span>
    </p>
   </div>
   <div class='ocr_carea' id='block_1_65' title="bbox 292 3237 1948 3337">
    <p class='ocr_par' dir='ltr' id='par_1_65' title="bbox 292 3255 1948 3337">
     <span class='ocr_line' id='line_1_65' title="bbox 292 3255 1948 3337; baseline 0.001 -23"><span class='ocrx_word' id='word_1_454' title='bbox 292 3265 528 3334; x_wconf 72' lang='grc' dir='ltr'>πνεῦμα,</span> <span class='ocrx_word' id='word_1_455' title='bbox 589 3259 679 3314; x_wconf 85' lang='grc' dir='ltr'>καὶ</span> <span class='ocrx_word' id='word_1_456' title='bbox 744 3257 844 3324; x_wconf 64' lang='grc' dir='ltr'>τάν</span> <span class='ocrx_word' id='word_1_457' title='bbox 896 3257 1000 3315; x_wconf 73' lang='grc' dir='ltr'><strong>ἀπὸ</strong></span> <span class='ocrx_word' id='word_1_458' title='bbox 1070 3260 1176 3314; x_wconf 81' lang='grc' dir='ltr'>τῶν</span> <span class='ocrx_word' id='word_1_459' title='bbox 1246 3256 1475 3337; x_wconf 82' lang='grc' dir='ltr'>χειλέων</span> <span class='ocrx_word' id='word_1_460' title='bbox 1531 3255 1751 3334; x_wconf 76' lang='grc' dir='ltr'>ῥέουσαν</span> <span class='ocrx_word' id='word_1_461' title='bbox 1822 3256 1948 3327; x_wconf 77' lang='grc' dir='ltr'>ἠδο-</span> 
     </span>
    </p>
   </div>
   <div class='ocr_carea' id='block_1_66' title="bbox 2034 3237 3683 3337">
    <p class='ocr_par' dir='ltr' id='par_1_66' title="bbox 2035 3237 3683 3333">
     <span class='ocr_line' id='line_1_66' title="bbox 2035 3237 3683 3333; baseline -0.001 -21"><span class='ocrx_word' id='word_1_462' title='bbox 2035 3237 2334 3331; x_wconf 77' lang='lat' dir='ltr'><strong>spiritum,</strong></span> <span class='ocrx_word' id='word_1_463' title='bbox 2371 3261 2450 3326; x_wconf 89' lang='lat' dir='ltr'><strong>et,</strong></span> <span class='ocrx_word' id='word_1_464' title='bbox 2498 3271 2633 3333; x_wconf 82' lang='lat' dir='ltr'><strong>quae</strong></span> <span class='ocrx_word' id='word_1_465' title='bbox 2662 3237 2895 3314; x_wconf 76' lang='lat' dir='ltr'><strong>alabiis</strong></span> <span class='ocrx_word' id='word_1_466' title='bbox 2926 3250 3135 3325; x_wconf 87' lang='lat' dir='ltr'><strong>elIluit,</strong></span> <span class='ocrx_word' id='word_1_467' title='bbox 3171 3251 3561 3333; x_wconf 87' lang='lat' dir='ltr'><strong>voluptatem.</strong></span> <span class='ocrx_word' id='word_1_468' title='bbox 3609 3248 3683 3312; x_wconf 88' lang='lat' dir='ltr'><strong>Et</strong></span> 
     </span>
    </p>
   </div>
   <div class='ocr_carea' id='block_1_67' title="bbox 292 3339 1948 3426">
    <p class='ocr_par' dir='ltr' id='par_1_67' title="bbox 292 3344 1948 3426">
     <span class='ocr_line' id='line_1_67' title="bbox 292 3344 1948 3426; baseline 0.001 -23"><span class='ocrx_word' id='word_1_469' title='bbox 292 3349 414 3415; x_wconf 69' lang='grc' dir='ltr'>νῆν.</span> <span class='ocrx_word' id='word_1_470' title='bbox 479 3348 577 3404; x_wconf 76' lang='grc' dir='ltr'>Καί</span> <span class='ocrx_word' id='word_1_471' title='bbox 639 3370 732 3421; x_wconf 82' lang='grc' dir='ltr'><strong>μοι</strong></span> <span class='ocrx_word' id='word_1_472' title='bbox 807 3345 1028 3421; x_wconf 79' lang='grc' dir='ltr'>ἐδόκεις,</span> <span class='ocrx_word' id='word_1_473' title='bbox 1089 3344 1156 3402; x_wconf 83' lang='grc' dir='ltr'>δι’</span> <span class='ocrx_word' id='word_1_474' title='bbox 1226 3349 1390 3415; x_wconf 66' lang='grc' dir='ltr'>αὐτῆς</span> <span class='ocrx_word' id='word_1_475' title='bbox 1461 3344 1698 3422; x_wconf 77' lang='grc' dir='ltr'>ὁμιλεῖν,</span> <span class='ocrx_word' id='word_1_476' title='bbox 1771 3346 1948 3426; x_wconf 82' lang='grc' dir='ltr'>ὥσπερ</span> 
     </span>
    </p>
   </div>
   <div class='ocr_carea' id='block_1_68' title="bbox 2034 3339 3678 3426">
    <p class='ocr_par' dir='ltr' id='par_1_68' title="bbox 2034 3339 3678 3423">
     <span class='ocr_line' id='line_1_68' title="bbox 2034 3339 3678 3423; baseline -0.001 -20"><span class='ocrx_word' id='word_1_477' title='bbox 2034 3340 2178 3403; x_wconf 90' lang='lat' dir='ltr'><strong>mihi</strong></span> <span class='ocrx_word' id='word_1_478' title='bbox 2211 3341 2506 3404; x_wconf 88' lang='lat' dir='ltr'><strong>videbaris</strong></span> <span class='ocrx_word' id='word_1_479' title='bbox 2540 3361 2645 3423; x_wconf 88' lang='lat' dir='ltr'><strong>per</strong></span> <span class='ocrx_word' id='word_1_480' title='bbox 2676 3360 2805 3403; x_wconf 87' lang='lat' dir='ltr'><strong>eam</strong></span> <span class='ocrx_word' id='word_1_481' title='bbox 2838 3360 3179 3403; x_wconf 85' lang='lat' dir='ltr'><strong>sermonem</strong></span> <span class='ocrx_word' id='word_1_482' title='bbox 3211 3340 3533 3403; x_wconf 89' lang='lat' dir='ltr'><strong>admodum</strong></span> <span class='ocrx_word' id='word_1_483' title='bbox 3566 3339 3678 3401; x_wconf 88' lang='lat' dir='ltr'><strong>de-</strong></span> 
     </span>
    </p>
   </div>
   <div class='ocr_carea' id='block_1_69' title="bbox 290 3427 1948 3514">
    <p class='ocr_par' dir='ltr' id='par_1_69' title="bbox 290 3434 1948 3514">
     <span class='ocr_line' id='line_1_69' title="bbox 290 3434 1948 3514; baseline 0 -22"><span class='ocrx_word' id='word_1_484' title='bbox 290 3435 443 3500; x_wconf 78' lang='grc' dir='ltr'>ἒθους</span> <span class='ocrx_word' id='word_1_485' title='bbox 525 3435 669 3514; x_wconf 47' lang='grc' dir='ltr'>ἔλεις</span> <span class='ocrx_word' id='word_1_486' title='bbox 750 3434 895 3510; x_wconf 68' lang='grc' dir='ltr'>μάλα</span> <span class='ocrx_word' id='word_1_487' title='bbox 969 3435 1227 3510; x_wconf 74' lang='grc' dir='ltr'>κοσμίως,</span> <span class='ocrx_word' id='word_1_488' title='bbox 1311 3435 1690 3514; x_wconf 83' lang='grc' dir='ltr'>παραμιγνύων</span> <span class='ocrx_word' id='word_1_489' title='bbox 1766 3436 1948 3509; x_wconf 70' lang='grc' dir='ltr'>κόσμῳ</span> 
     </span>
    </p>
   </div>
   <div class='ocr_carea' id='block_1_70' title="bbox 2034 3427 3678 3514">
    <p class='ocr_par' dir='ltr' id='par_1_70' title="bbox 2035 3427 3678 3511">
     <span class='ocr_line' id='line_1_70' title="bbox 2035 3427 3678 3511; baseline -0.001 -19"><span class='ocrx_word' id='word_1_490' title='bbox 2035 3449 2172 3492; x_wconf 90' lang='lat' dir='ltr'><strong>core</strong></span> <span class='ocrx_word' id='word_1_491' title='bbox 2206 3431 2505 3507; x_wconf 85' lang='lat' dir='ltr'><strong>conferre,</strong></span> <span class='ocrx_word' id='word_1_492' title='bbox 2564 3432 2648 3493; x_wconf 86' lang='lat' dir='ltr'><strong>uti</strong></span> <span class='ocrx_word' id='word_1_493' title='bbox 2704 3430 2809 3492; x_wconf 88' lang='lat' dir='ltr'><strong>tibi</strong></span> <span class='ocrx_word' id='word_1_494' title='bbox 2866 3437 3049 3492; x_wconf 85' lang='lat' dir='ltr'><strong>moris</strong></span> <span class='ocrx_word' id='word_1_495' title='bbox 3081 3439 3193 3505; x_wconf 91' lang='lat' dir='ltr'><strong>est,</strong></span> <span class='ocrx_word' id='word_1_496' title='bbox 3245 3427 3678 3511; x_wconf 84' lang='lat' dir='ltr'><strong>pulchritudini</strong></span> 
     </span>
    </p>
   </div>
   <div class='ocr_carea' id='block_1_71' title="bbox 290 3519 1948 3604">
    <p class='ocr_par' dir='ltr' id='par_1_71' title="bbox 290 3524 1948 3604">
     <span class='ocr_line' id='line_1_71' title="bbox 290 3524 1948 3604; baseline 0 -23"><span class='ocrx_word' id='word_1_497' title='bbox 290 3526 390 3588; x_wconf 64' lang='grc' dir='ltr'>τὶς</span> <span class='ocrx_word' id='word_1_498' title='bbox 475 3526 740 3604; x_wconf 73' lang='grc' dir='ltr'>χάριτας.</span> <span class='ocrx_word' id='word_1_499' title='bbox 830 3524 961 3585; x_wconf 78' lang='grc' dir='ltr'>Οἶος</span> <span class='ocrx_word' id='word_1_500' title='bbox 1037 3526 1098 3581; x_wconf 78' lang='grc' dir='ltr'>σὺ</span> <span class='ocrx_word' id='word_1_501' title='bbox 1168 3532 1332 3582; x_wconf 80' lang='grc' dir='ltr'>ταῦτα</span> <span class='ocrx_word' id='word_1_502' title='bbox 1433 3531 1614 3600; x_wconf 59' lang='grc' dir='ltr'>κιρκιᾷν</span> <span class='ocrx_word' id='word_1_503' title='bbox 1704 3524 1948 3598; x_wconf 74' lang='grc' dir='ltr'>ἐξαίσιος,</span> 
     </span>
    </p>
   </div>
   <div class='ocr_carea' id='block_1_72' title="bbox 2034 3519 3679 3604">
    <p class='ocr_par' dir='ltr' id='par_1_72' title="bbox 2034 3519 3679 3603">
     <span class='ocr_line' id='line_1_72' title="bbox 2034 3519 3679 3603; baseline -0.001 -23"><span class='ocrx_word' id='word_1_504' title='bbox 2034 3521 2253 3598; x_wconf 76' lang='lat' dir='ltr'><strong>gratias</strong></span> <span class='ocrx_word' id='word_1_505' title='bbox 2283 3522 2646 3594; x_wconf 88' lang='lat' dir='ltr'><strong>immiscens,</strong></span> <span class='ocrx_word' id='word_1_506' title='bbox 2675 3520 2774 3603; x_wconf 85' lang='lat' dir='ltr'><strong>qui</strong></span> <span class='ocrx_word' id='word_1_507' title='bbox 2808 3520 2867 3581; x_wconf 94' lang='lat' dir='ltr'><strong>in</strong></span> <span class='ocrx_word' id='word_1_508' title='bbox 2902 3521 3020 3583; x_wconf 87' lang='lat' dir='ltr'><strong>illis</strong></span> <span class='ocrx_word' id='word_1_509' title='bbox 3045 3520 3369 3581; x_wconf 88' lang='lat' dir='ltr'><strong>miscendis</strong></span> <span class='ocrx_word' id='word_1_510' title='bbox 3394 3528 3450 3582; x_wconf 89' lang='lat' dir='ltr'><strong>et</strong></span> <span class='ocrx_word' id='word_1_511' title='bbox 3470 3519 3679 3581; x_wconf 90' lang='lat' dir='ltr'><strong>aculeo</strong></span> 
     </span>
    </p>
   </div>
   <div class='ocr_carea' id='block_1_73' title="bbox 1153 2629 1948 2706">
    <p class='ocr_par' dir='ltr' id='par_1_73' title="bbox 1153 2629 1948 2706">
     <span class='ocr_line' id='line_1_73' title="bbox 1153 2629 1948 2706; baseline -0.008 -19"><span class='ocrx_word' id='word_1_512' title='bbox 1153 2678 1168 2705; x_wconf 88' lang='grc'><strong>,</strong></span> <span class='ocrx_word' id='word_1_513' title='bbox 1200 2634 1288 2687; x_wconf 86' lang='grc' dir='ltr'>καὶ</span> <span class='ocrx_word' id='word_1_514' title='bbox 1342 2631 1477 2687; x_wconf 84' lang='grc' dir='ltr'>κατᾶ</span> <span class='ocrx_word' id='word_1_515' title='bbox 1533 2629 1693 2706; x_wconf 83' lang='grc' dir='ltr'>λόγου</span> <span class='ocrx_word' id='word_1_516' title='bbox 1756 2629 1948 2695; x_wconf 74' lang='grc' dir='ltr'>κέκτη-</span> 
     </span>
    </p>
   </div>
   <div class='ocr_carea' id='block_1_74' title="bbox 289 2723 798 2788">
    <p class='ocr_par' dir='ltr' id='par_1_74' title="bbox 289 2723 798 2788">
     <span class='ocr_line' id='line_1_74' title="bbox 289 2723 798 2788; baseline -0.004 -11"><span class='ocrx_word' id='word_1_517' title='bbox 289 2744 379 2777; x_wconf 77' lang='grc' dir='ltr'><strong>ται</strong></span> <span class='ocrx_word' id='word_1_518' title='bbox 413 2723 512 2788; x_wconf 82' lang='grc' dir='ltr'><strong>τῆν</strong></span> <span class='ocrx_word' id='word_1_519' title='bbox 543 2727 772 2777; x_wconf 83' lang='grc' dir='ltr'>νικῶσαν</span> <span class='ocrx_word' id='word_1_520' title='bbox 785 2768 798 2781; x_wconf 89' lang='grc'><strong>.</strong></span> 
     </span>
    </p>
   </div>
   <div class='ocr_carea' id='block_1_75' title="bbox 290 3610 1951 3695">
    <p class='ocr_par' dir='ltr' id='par_1_75' title="bbox 290 3610 1951 3695">
     <span class='ocr_line' id='line_1_75' title="bbox 290 3610 1951 3695; baseline -0.001 -24"><span class='ocrx_word' id='word_1_521' title='bbox 290 3616 383 3671; x_wconf 83' lang='grc' dir='ltr'><strong>καὶ</strong></span> <span class='ocrx_word' id='word_1_522' title='bbox 436 3616 654 3690; x_wconf 76' lang='grc' dir='ltr'>κέντρον</span> <span class='ocrx_word' id='word_1_523' title='bbox 710 3636 762 3670; x_wconf 92' lang='grc' dir='ltr'><strong>τι</strong></span> <span class='ocrx_word' id='word_1_524' title='bbox 817 3612 993 3690; x_wconf 79' lang='grc' dir='ltr'>φιλίας</span> <span class='ocrx_word' id='word_1_525' title='bbox 1061 3610 1362 3691; x_wconf 75' lang='grc' dir='ltr'>ἀπόῤῥητον</span> <span class='ocrx_word' id='word_1_526' title='bbox 1420 3629 1541 3676; x_wconf 67' lang='grc' dir='ltr'>ταῖς</span> <span class='ocrx_word' id='word_1_527' title='bbox 1609 3619 1815 3695; x_wconf 71' lang='grc' dir='ltr'>ψυχαῖς</span> <span class='ocrx_word' id='word_1_528' title='bbox 1868 3614 1951 3670; x_wconf 60' lang='lat' dir='ltr'><strong>E7-</strong></span> 
     </span>
    </p>
   </div>
   <div class='ocr_carea' id='block_1_76' title="bbox 293 3701 1945 3781">
    <p class='ocr_par' dir='ltr' id='par_1_76' title="bbox 293 3701 1945 3781">
     <span class='ocr_line' id='line_1_76' title="bbox 293 3701 1945 3781; baseline -0.001 -22"><span class='ocrx_word' id='word_1_529' title='bbox 293 3705 456 3767; x_wconf 82' lang='grc' dir='ltr'>ιέναι,</span> <span class='ocrx_word' id='word_1_530' title='bbox 547 3702 715 3759; x_wconf 71' lang='grc' dir='ltr'>’Ὥστε</span> <span class='ocrx_word' id='word_1_531' title='bbox 791 3705 952 3759; x_wconf 82' lang='grc' dir='ltr'>ὁπότε</span> <span class='ocrx_word' id='word_1_532' title='bbox 1023 3704 1123 3769; x_wconf 71' lang='grc' dir='ltr'>τὴν</span> <span class='ocrx_word' id='word_1_533' title='bbox 1204 3701 1494 3770; x_wconf 78' lang='grc' dir='ltr'>ἕπιστολῆν</span> <span class='ocrx_word' id='word_1_534' title='bbox 1565 3705 1945 3781; x_wconf 72' lang='grc' dir='ltr'>ἀνεγίνωσκον,</span> 
     </span>
    </p>
   </div>
   <div class='ocr_carea' id='block_1_77' title="bbox 295 3789 1942 3872">
    <p class='ocr_par' dir='ltr' id='par_1_77' title="bbox 295 3789 1942 3872">
     <span class='ocr_line' id='line_1_77' title="bbox 295 3789 1942 3872; baseline 0 -24"><span class='ocrx_word' id='word_1_535' title='bbox 295 3793 468 3848; x_wconf 84' lang='grc' dir='ltr'>Πόσον</span> <span class='ocrx_word' id='word_1_536' title='bbox 547 3791 733 3870; x_wconf 77' lang='grc' dir='ltr'>ἔλεγον</span> <span class='ocrx_word' id='word_1_537' title='bbox 792 3789 1036 3849; x_wconf 74' lang='grc' dir='ltr'>δύνασθαι</span> <span class='ocrx_word' id='word_1_538' title='bbox 1096 3791 1258 3848; x_wconf 75' lang='grc' dir='ltr'>πλέον</span> <span class='ocrx_word' id='word_1_539' title='bbox 1344 3792 1437 3855; x_wconf 75' lang='grc' dir='ltr'><strong>τὰς</strong></span> <span class='ocrx_word' id='word_1_540' title='bbox 1495 3792 1769 3871; x_wconf 78' lang='grc' dir='ltr'>σώφρονας</span> <span class='ocrx_word' id='word_1_541' title='bbox 1834 3793 1942 3872; x_wconf 68' lang='grc' dir='ltr'><strong>χά-</strong></span> 
     </span>
    </p>
   </div>
   <div class='ocr_carea' id='block_1_78' title="bbox 292 3880 1948 3962">
    <p class='ocr_par' dir='ltr' id='par_1_78' title="bbox 292 3880 1948 3962">
     <span class='ocr_line' id='line_1_78' title="bbox 292 3880 1948 3962; baseline -0.001 -24"><span class='ocrx_word' id='word_1_542' title='bbox 292 3904 468 3962; x_wconf 76' lang='grc' dir='ltr'><strong>ριτας³</strong></span> <span class='ocrx_word' id='word_1_543' title='bbox 526 3880 664 3959; x_wconf 71' lang='grc' dir='ltr'>ἤπερ</span> <span class='ocrx_word' id='word_1_544' title='bbox 722 3882 815 3942; x_wconf 67' lang='grc' dir='ltr'><strong>τὰς</strong></span> <span class='ocrx_word' id='word_1_545' title='bbox 884 3881 962 3956; x_wconf 78' lang='grc' dir='ltr'>μὴ</span> <span class='ocrx_word' id='word_1_546' title='bbox 1021 3881 1160 3938; x_wconf 67' lang='grc' dir='ltr'>οὕτω</span> <span class='ocrx_word' id='word_1_547' title='bbox 1216 3880 1493 3961; x_wconf 73' lang='grc' dir='ltr'>ἐχούσεςί</span> <span class='ocrx_word' id='word_1_548' title='bbox 1560 3882 1650 3938; x_wconf 79' lang='grc' dir='ltr'><strong>καί</strong></span> <span class='ocrx_word' id='word_1_549' title='bbox 1706 3904 1754 3938; x_wconf 91' lang='grc' dir='ltr'><strong>τι</strong></span> <span class='ocrx_word' id='word_1_550' title='bbox 1811 3882 1948 3960; x_wconf 76' lang='grc' dir='ltr'>μέγα</span> 
     </span>
    </p>
   </div>
   <div class='ocr_carea' id='block_1_79' title="bbox 292 3968 1949 4050">
    <p class='ocr_par' dir='ltr' id='par_1_79' title="bbox 292 3968 1949 4050">
     <span class='ocr_line' id='line_1_79' title="bbox 292 3968 1949 4050; baseline -0.001 -22"><span class='ocrx_word' id='word_1_551' title='bbox 292 3970 653 4037; x_wconf 81' lang='grc' dir='ltr'>πεποιηκέναι</span> <span class='ocrx_word' id='word_1_552' title='bbox 700 3974 791 4026; x_wconf 79' lang='grc' dir='ltr'>τὸν</span> <span class='ocrx_word' id='word_1_553' title='bbox 831 3968 1025 4043; x_wconf 74' lang='grc' dir='ltr'>ἱμάντα</span> <span class='ocrx_word' id='word_1_554' title='bbox 1082 3971 1289 4028; x_wconf 69' lang='grc' dir='ltr'>ἐκεῖνον</span> <span class='ocrx_word' id='word_1_555' title='bbox 1346 3970 1595 4050; x_wconf 75' lang='grc' dir='ltr'>ἔφασκον,</span> <span class='ocrx_word' id='word_1_556' title='bbox 1655 3970 1709 4026; x_wconf 82' lang='grc' dir='ltr'>ἐν</span> <span class='ocrx_word' id='word_1_557' title='bbox 1765 3972 1810 4045; x_wconf 80' lang='grc' dir='ltr'>ᾧ</span> <span class='ocrx_word' id='word_1_558' title='bbox 1857 3994 1949 4050; x_wconf 84' lang='grc' dir='ltr'>φι-</span> 
     </span>
    </p>
   </div>
   <div class='ocr_carea' id='block_1_80' title="bbox 295 4059 1949 4141">
    <p class='ocr_par' dir='ltr' id='par_1_80' title="bbox 295 4059 1949 4141">
     <span class='ocr_line' id='line_1_80' title="bbox 295 4059 1949 4141; baseline 0.001 -24"><span class='ocrx_word' id='word_1_559' title='bbox 295 4062 463 4128; x_wconf 85' lang='grc' dir='ltr'>λότης</span> <span class='ocrx_word' id='word_1_560' title='bbox 513 4062 601 4117; x_wconf 82' lang='grc' dir='ltr'><strong>καὶ</strong></span> <span class='ocrx_word' id='word_1_561' title='bbox 655 4060 866 4135; x_wconf 71' lang='grc' dir='ltr'>ἵμερος,</span> <span class='ocrx_word' id='word_1_562' title='bbox 914 4062 1009 4116; x_wconf 73' lang='grc' dir='ltr'><strong>καί</strong></span> <span class='ocrx_word' id='word_1_563' title='bbox 1072 4060 1121 4116; x_wconf 78' lang='grc' dir='ltr'>τ’</span> <span class='ocrx_word' id='word_1_564' title='bbox 1176 4059 1313 4117; x_wconf 80' lang='grc' dir='ltr'>ἄλλα</span> <span class='ocrx_word' id='word_1_565' title='bbox 1368 4061 1434 4116; x_wconf 81' lang='grc' dir='ltr'><strong>τὰ</strong></span> <span class='ocrx_word' id='word_1_566' title='bbox 1484 4063 1683 4118; x_wconf 76' lang='grc' dir='ltr'>τούτων</span> <span class='ocrx_word' id='word_1_567' title='bbox 1730 4062 1949 4141; x_wconf 75' lang='grc' dir='ltr'>αἰσχίω,</span> 
     </span>
    </p>
   </div>
   <div class='ocr_carea' id='block_1_81' title="bbox 296 4146 1948 4228">
    <p class='ocr_par' dir='ltr' id='par_1_81' title="bbox 296 4146 1948 4228">
     <span class='ocr_line' id='line_1_81' title="bbox 296 4146 1948 4228; baseline 0.001 -23"><span class='ocrx_word' id='word_1_568' title='bbox 296 4150 379 4206; x_wconf 79' lang='grc' dir='ltr'><strong>ὅτι</strong></span> <span class='ocrx_word' id='word_1_569' title='bbox 435 4151 527 4206; x_wconf 81' lang='grc' dir='ltr'>τὸν</span> <span class='ocrx_word' id='word_1_570' title='bbox 556 4149 694 4205; x_wconf 75' lang='grc' dir='ltr'>πάνυ</span> <span class='ocrx_word' id='word_1_571' title='bbox 743 4151 872 4228; x_wconf 90' lang='grc' dir='ltr'>πρός</span> <span class='ocrx_word' id='word_1_572' title='bbox 921 4148 987 4205; x_wconf 78' lang='grc' dir='ltr'><strong>τὰ</strong></span> <span class='ocrx_word' id='word_1_573' title='bbox 1028 4156 1242 4207; x_wconf 79' lang='grc' dir='ltr'>τοιαῦτα</span> <span class='ocrx_word' id='word_1_574' title='bbox 1291 4146 1464 4221; x_wconf 75' lang='grc' dir='ltr'>θᾴδιον</span> <span class='ocrx_word' id='word_1_575' title='bbox 1513 4149 1605 4205; x_wconf 88' lang='grc' dir='ltr'><strong>Δία</strong></span> <span class='ocrx_word' id='word_1_576' title='bbox 1652 4150 1948 4228; x_wconf 78' lang='grc' dir='ltr'>γεγονέναι,</span> 
     </span>
    </p>
   </div>
   <div class='ocr_carea' id='block_1_82' title="bbox 293 4237 1953 4319">
    <p class='ocr_par' dir='ltr' id='par_1_82' title="bbox 293 4237 1953 4319">
     <span class='ocr_line' id='line_1_82' title="bbox 293 4237 1953 4319; baseline -0.001 -22"><span class='ocrx_word' id='word_1_577' title='bbox 293 4238 493 4304; x_wconf 78' lang='grc' dir='ltr'>θελξαι.</span> <span class='ocrx_word' id='word_1_578' title='bbox 548 4237 700 4295; x_wconf 81' lang='grc' dir='ltr'>Ἀλλ’</span> <span class='ocrx_word' id='word_1_579' title='bbox 731 4241 766 4307; x_wconf 77' lang='grc' dir='ltr'><strong>ἡ</strong></span> <span class='ocrx_word' id='word_1_580' title='bbox 811 4238 1095 4314; x_wconf 71' lang='grc' dir='ltr'>ἐπιστολὴ,</span> <span class='ocrx_word' id='word_1_581' title='bbox 1131 4239 1310 4296; x_wconf 88' lang='grc' dir='ltr'>πόσων</span> <span class='ocrx_word' id='word_1_582' title='bbox 1369 4239 1467 4314; x_wconf 72' lang='grc' dir='ltr'>μὲν</span> <span class='ocrx_word' id='word_1_583' title='bbox 1500 4238 1736 4319; x_wconf 79' lang='grc' dir='ltr'>χαρίτων</span> <span class='ocrx_word' id='word_1_584' title='bbox 1769 4238 1953 4296; x_wconf 83' lang='grc' dir='ltr'>πλειό-</span> 
     </span>
    </p>
   </div>
   <div class='ocr_carea' id='block_1_83' title="bbox 293 4325 1950 4408">
    <p class='ocr_par' dir='ltr' id='par_1_83' title="bbox 293 4325 1950 4408">
     <span class='ocr_line' id='line_1_83' title="bbox 293 4325 1950 4408; baseline -0.001 -22"><span class='ocrx_word' id='word_1_585' title='bbox 293 4351 402 4386; x_wconf 76' lang='grc' dir='ltr'><strong>νων</strong></span> <span class='ocrx_word' id='word_1_586' title='bbox 458 4327 680 4407; x_wconf 69' lang='grc' dir='ltr'>εὔπορος</span> <span class='ocrx_word' id='word_1_587' title='bbox 732 4328 843 4397; x_wconf 75' lang='grc' dir='ltr'><strong>ῆνί</strong></span> <span class='ocrx_word' id='word_1_588' title='bbox 904 4329 1055 4403; x_wconf 83' lang='grc' dir='ltr'>πόσῳ</span> <span class='ocrx_word' id='word_1_589' title='bbox 1095 4325 1151 4385; x_wconf 73' lang='grc' dir='ltr'><strong>δὲ</strong></span> <span class='ocrx_word' id='word_1_590' title='bbox 1190 4330 1278 4385; x_wconf 81' lang='grc' dir='ltr'><strong>καὶ</strong></span> <span class='ocrx_word' id='word_1_591' title='bbox 1336 4327 1582 4408; x_wconf 85' lang='grc' dir='ltr'>σώφρονα</span> <span class='ocrx_word' id='word_1_592' title='bbox 1612 4334 1731 4385; x_wconf 81' lang='grc' dir='ltr'>νοῦν</span> <span class='ocrx_word' id='word_1_593' title='bbox 1789 4327 1950 4384; x_wconf 80' lang='grc' dir='ltr'>πλέον</span> 
     </span>
    </p>
   </div>
   <div class='ocr_carea' id='block_1_84' title="bbox 294 4413 1950 4498">
    <p class='ocr_par' dir='ltr' id='par_1_84' title="bbox 294 4413 1950 4498">
     <span class='ocr_line' id='line_1_84' title="bbox 294 4413 1950 4498; baseline 0 -25"><span class='ocrx_word' id='word_1_594' title='bbox 294 4417 660 4497; x_wconf 77' lang='grc' dir='ltr'>χειρώσασθαι</span> <span class='ocrx_word' id='word_1_595' title='bbox 720 4414 986 4494; x_wconf 78' lang='grc' dir='ltr'>δυναμένη</span> <span class='ocrx_word' id='word_1_596' title='bbox 1026 4413 1040 4478; x_wconf 75' lang='grc' dir='ltr'><strong>ί</strong></span> <span class='ocrx_word' id='word_1_597' title='bbox 1110 4417 1281 4476; x_wconf 80' lang='grc' dir='ltr'>Ταῦτά</span> <span class='ocrx_word' id='word_1_598' title='bbox 1340 4438 1397 4473; x_wconf 88' lang='grc' dir='ltr'><strong>τε</strong></span> <span class='ocrx_word' id='word_1_599' title='bbox 1445 4415 1648 4498; x_wconf 70' lang='grc' dir='ltr'><strong>ἔλεγον⁷</strong></span> <span class='ocrx_word' id='word_1_600' title='bbox 1682 4418 1770 4474; x_wconf 85' lang='grc' dir='ltr'><strong>καὶ</strong></span> <span class='ocrx_word' id='word_1_601' title='bbox 1813 4416 1950 4494; x_wconf 73' lang='grc' dir='ltr'>ἐμα-</span> 
     </span>
    </p>
   </div>
   <div class='ocr_carea' id='block_1_85' title="bbox 295 4505 1951 4587">
    <p class='ocr_par' dir='ltr' id='par_1_85' title="bbox 295 4505 1951 4587">
     <span class='ocr_line' id='line_1_85' title="bbox 295 4505 1951 4587; baseline -0.001 -24"><span class='ocrx_word' id='word_1_602' title='bbox 295 4506 515 4585; x_wconf 74' lang='grc' dir='ltr'>κᾶρεζόν</span> <span class='ocrx_word' id='word_1_603' title='bbox 573 4528 631 4562; x_wconf 87' lang='grc' dir='ltr'><strong>σε</strong></span> <span class='ocrx_word' id='word_1_604' title='bbox 691 4512 788 4570; x_wconf 83' lang='grc' dir='ltr'><strong>τῆς</strong></span> <span class='ocrx_word' id='word_1_605' title='bbox 847 4507 1115 4585; x_wconf 75' lang='grc' dir='ltr'>γλώττης,</span> <span class='ocrx_word' id='word_1_606' title='bbox 1148 4509 1253 4587; x_wconf 69' lang='grc' dir='ltr'><strong>οὐχ</strong></span> <span class='ocrx_word' id='word_1_607' title='bbox 1314 4505 1482 4571; x_wconf 61' lang='grc' dir='ltr'>οὕτως</span> <span class='ocrx_word' id='word_1_608' title='bbox 1526 4507 1705 4586; x_wconf 79' lang='grc' dir='ltr'>ὥσπερ</span> <span class='ocrx_word' id='word_1_609' title='bbox 1748 4507 1809 4562; x_wconf 77' lang='grc' dir='ltr'>σὺ</span> <span class='ocrx_word' id='word_1_610' title='bbox 1851 4508 1951 4575; x_wconf 77' lang='grc' dir='ltr'>τὴν</span> 
     </span>
    </p>
   </div>
   <div class='ocr_carea' id='block_1_86' title="bbox 2034 3607 3680 3690">
    <p class='ocr_par' dir='ltr' id='par_1_86' title="bbox 2034 3607 3680 3690">
     <span class='ocr_line' id='line_1_86' title="bbox 2034 3607 3680 3690; baseline 0.001 -23"><span class='ocrx_word' id='word_1_611' title='bbox 2034 3607 2334 3682; x_wconf 65' lang='lat' dir='ltr'><strong>amicitiae,</strong></span> <span class='ocrx_word' id='word_1_612' title='bbox 2398 3608 2669 3672; x_wconf 89' lang='lat' dir='ltr'><strong>oratione</strong></span> <span class='ocrx_word' id='word_1_613' title='bbox 2728 3610 2984 3690; x_wconf 81' lang='lat' dir='ltr'><strong>exprimi</strong></span> <span class='ocrx_word' id='word_1_614' title='bbox 3042 3627 3160 3670; x_wconf 89' lang='lat' dir='ltr'><strong>non</strong></span> <span class='ocrx_word' id='word_1_615' title='bbox 3192 3626 3359 3689; x_wconf 71' lang='lat' dir='ltr'><strong>mque</strong></span> <span class='ocrx_word' id='word_1_616' title='bbox 3391 3607 3576 3683; x_wconf 80' lang='lat' dir='ltr'><strong>facili,</strong></span> <span class='ocrx_word' id='word_1_617' title='bbox 3618 3608 3680 3669; x_wconf 91' lang='lat' dir='ltr'><strong>in</strong></span> 
     </span>
    </p>
   </div>
   <div class='ocr_carea' id='block_1_87' title="bbox 2034 3696 3684 3780">
    <p class='ocr_par' dir='ltr' id='par_1_87' title="bbox 2034 3696 3684 3780">
     <span class='ocr_line' id='line_1_87' title="bbox 2034 3696 3684 3780; baseline -0.001 -22"><span class='ocrx_word' id='word_1_618' title='bbox 2034 3697 2267 3759; x_wconf 89' lang='lat' dir='ltr'><strong>animos</strong></span> <span class='ocrx_word' id='word_1_619' title='bbox 2299 3698 2624 3780; x_wconf 65' lang='lat' dir='ltr'><strong>injicienda</strong></span> <span class='ocrx_word' id='word_1_620' title='bbox 2661 3699 2955 3779; x_wconf 62' lang='lat' dir='ltr'><strong>praeclare</strong></span> <span class='ocrx_word' id='word_1_621' title='bbox 2987 3696 3244 3759; x_wconf 81' lang='lat' dir='ltr'><strong>eximius</strong></span> <span class='ocrx_word' id='word_1_622' title='bbox 3276 3708 3361 3760; x_wconf 84' lang='lat' dir='ltr'><strong>es.</strong></span> <span class='ocrx_word' id='word_1_623' title='bbox 3416 3698 3586 3760; x_wconf 85' lang='lat' dir='ltr'><strong>Adeo</strong></span> <span class='ocrx_word' id='word_1_624' title='bbox 3620 3706 3684 3757; x_wconf 86' lang='lat' dir='ltr'><strong>ut</strong></span> 
     </span>
    </p>
   </div>
   <div class='ocr_carea' id='block_1_88' title="bbox 2037 3784 3684 3869">
    <p class='ocr_par' dir='ltr' id='par_1_88' title="bbox 2037 3784 3684 3869">
     <span class='ocr_line' id='line_1_88' title="bbox 2037 3784 3684 3869; baseline 0 -22"><span class='ocrx_word' id='word_1_625' title='bbox 2037 3805 2395 3867; x_wconf 88' lang='lat' dir='ltr'><strong>percurrens</strong></span> <span class='ocrx_word' id='word_1_626' title='bbox 2427 3786 2764 3869; x_wconf 71' lang='lat' dir='ltr'><strong>epistolam,</strong></span> <span class='ocrx_word' id='word_1_627' title='bbox 2796 3786 3049 3867; x_wconf 81' lang='lat' dir='ltr'><strong>Quanto,</strong></span> <span class='ocrx_word' id='word_1_628' title='bbox 3076 3784 3439 3866; x_wconf 78' lang='lat' dir='ltr'><strong>inquiebam,</strong></span> <span class='ocrx_word' id='word_1_629' title='bbox 3468 3786 3684 3847; x_wconf 79' lang='lat' dir='ltr'><strong>robore</strong></span> 
     </span>
    </p>
   </div>
   <div class='ocr_carea' id='block_1_89' title="bbox 2034 3875 3682 3957">
    <p class='ocr_par' dir='ltr' id='par_1_89' title="bbox 2034 3875 3682 3957">
     <span class='ocr_line' id='line_1_89' title="bbox 2034 3875 3682 3957; baseline -0.001 -20"><span class='ocrx_word' id='word_1_630' title='bbox 2034 3876 2165 3955; x_wconf 88' lang='lat' dir='ltr'><strong>plus</strong></span> <span class='ocrx_word' id='word_1_631' title='bbox 2198 3877 2507 3957; x_wconf 83' lang='lat' dir='ltr'><strong>prudentis</strong></span> <span class='ocrx_word' id='word_1_632' title='bbox 2550 3875 2775 3954; x_wconf 65' lang='lat' dir='ltr'><strong>gratiae,</strong></span> <span class='ocrx_word' id='word_1_633' title='bbox 2834 3895 3010 3957; x_wconf 88' lang='lat' dir='ltr'><strong>quam</strong></span> <span class='ocrx_word' id='word_1_634' title='bbox 3044 3894 3178 3952; x_wconf 66' lang='lat' dir='ltr'><strong>quae</strong></span> <span class='ocrx_word' id='word_1_635' title='bbox 3210 3875 3287 3935; x_wconf 91' lang='lat' dir='ltr'><strong>ita</strong></span> <span class='ocrx_word' id='word_1_636' title='bbox 3318 3893 3382 3936; x_wconf 94' lang='lat' dir='ltr'><strong>se</strong></span> <span class='ocrx_word' id='word_1_637' title='bbox 3417 3894 3533 3935; x_wconf 89' lang='lat' dir='ltr'><strong>non</strong></span> <span class='ocrx_word' id='word_1_638' title='bbox 3566 3875 3682 3937; x_wconf 87' lang='lat' dir='ltr'><strong>ha-</strong></span> 
     </span>
    </p>
   </div>
   <div class='ocr_carea' id='block_1_90' title="bbox 2036 3963 3677 4046">
    <p class='ocr_par' dir='ltr' id='par_1_90' title="bbox 2036 3963 3677 4046">
     <span class='ocr_line' id='line_1_90' title="bbox 2036 3963 3677 4046; baseline -0.001 -20"><span class='ocrx_word' id='word_1_639' title='bbox 2036 3965 2234 4039; x_wconf 88' lang='lat' dir='ltr'><strong>beant,</strong></span> <span class='ocrx_word' id='word_1_640' title='bbox 2268 3965 2615 4028; x_wconf 84' lang='lat' dir='ltr'><strong>abundant?</strong></span> <span class='ocrx_word' id='word_1_641' title='bbox 2642 3976 2699 4029; x_wconf 88' lang='lat' dir='ltr'><strong>et</strong></span> <span class='ocrx_word' id='word_1_642' title='bbox 2732 3985 3007 4045; x_wconf 81' lang='lat' dir='ltr'><strong>magnum</strong></span> <span class='ocrx_word' id='word_1_643' title='bbox 3040 3965 3181 4046; x_wconf 90' lang='lat' dir='ltr'><strong>quid</strong></span> <span class='ocrx_word' id='word_1_644' title='bbox 3220 3963 3413 4044; x_wconf 86' lang='lat' dir='ltr'><strong>egisse</strong></span> <span class='ocrx_word' id='word_1_645' title='bbox 3463 3966 3677 4044; x_wconf 87' lang='lat' dir='ltr'><strong>cingu-</strong></span> 
     </span>
    </p>
   </div>
   <div class='ocr_carea' id='block_1_91' title="bbox 2034 4050 3686 4136">
    <p class='ocr_par' dir='ltr' id='par_1_91' title="bbox 2034 4050 3686 4136">
     <span class='ocr_line' id='line_1_91' title="bbox 2034 4050 3686 4136; baseline -0.001 -20"><span class='ocrx_word' id='word_1_646' title='bbox 2034 4054 2158 4116; x_wconf 90' lang='lat' dir='ltr'><strong>lum</strong></span> <span class='ocrx_word' id='word_1_647' title='bbox 2191 4053 2360 4132; x_wconf 90' lang='lat' dir='ltr'><strong>illud,</strong></span> <span class='ocrx_word' id='word_1_648' title='bbox 2418 4054 2858 4130; x_wconf 88' lang='lat' dir='ltr'><strong>asseverabam,</strong></span> <span class='ocrx_word' id='word_1_649' title='bbox 2914 4056 2971 4116; x_wconf 93' lang='lat' dir='ltr'><strong>in</strong></span> <span class='ocrx_word' id='word_1_650' title='bbox 3004 4073 3120 4136; x_wconf 90' lang='lat' dir='ltr'><strong>quo</strong></span> <span class='ocrx_word' id='word_1_651' title='bbox 3154 4064 3213 4116; x_wconf 86' lang='lat' dir='ltr'><strong>et</strong></span> <span class='ocrx_word' id='word_1_652' title='bbox 3244 4050 3594 4116; x_wconf 89' lang='lat' dir='ltr'><strong>concubitus</strong></span> <span class='ocrx_word' id='word_1_653' title='bbox 3625 4061 3686 4115; x_wconf 89' lang='lat' dir='ltr'><strong>et</strong></span> 
     </span>
    </p>
   </div>
   <div class='ocr_carea' id='block_1_92' title="bbox 2035 4142 3681 4219">
    <p class='ocr_par' dir='ltr' id='par_1_92' title="bbox 2035 4142 3681 4219">
     <span class='ocr_line' id='line_1_92' title="bbox 2035 4142 3681 4219; baseline -0.001 -14"><span class='ocrx_word' id='word_1_654' title='bbox 2035 4162 2227 4219; x_wconf 90' lang='lat' dir='ltr'><strong>amor,</strong></span> <span class='ocrx_word' id='word_1_655' title='bbox 2260 4152 2319 4206; x_wconf 91' lang='lat' dir='ltr'><strong>et</strong></span> <span class='ocrx_word' id='word_1_656' title='bbox 2349 4144 2461 4207; x_wconf 89' lang='lat' dir='ltr'><strong>alia</strong></span> <span class='ocrx_word' id='word_1_657' title='bbox 2490 4145 2657 4207; x_wconf 92' lang='lat' dir='ltr'><strong>hisce</strong></span> <span class='ocrx_word' id='word_1_658' title='bbox 2689 4144 3088 4219; x_wconf 79' lang='lat' dir='ltr'><strong>obscceniora,</strong></span> <span class='ocrx_word' id='word_1_659' title='bbox 3123 4146 3198 4206; x_wconf 87' lang='lat' dir='ltr'><strong>ad</strong></span> <span class='ocrx_word' id='word_1_660' title='bbox 3232 4142 3451 4205; x_wconf 92' lang='lat' dir='ltr'><strong>similia</strong></span> <span class='ocrx_word' id='word_1_661' title='bbox 3477 4142 3681 4206; x_wconf 82' lang='lat' dir='ltr'><strong>Jovem</strong></span> 
     </span>
    </p>
   </div>
   <div class='ocr_carea' id='block_1_93' title="bbox 2036 4233 3687 4315">
    <p class='ocr_par' dir='ltr' id='par_1_93' title="bbox 2036 4233 3687 4315">
     <span class='ocr_line' id='line_1_93' title="bbox 2036 4233 3687 4315; baseline 0 -23"><span class='ocrx_word' id='word_1_662' title='bbox 2036 4239 2228 4313; x_wconf 87' lang='lat' dir='ltr'><strong>ipsum</strong></span> <span class='ocrx_word' id='word_1_663' title='bbox 2262 4234 2802 4315; x_wconf 84' lang='lat' dir='ltr'><strong>propensissimum</strong></span> <span class='ocrx_word' id='word_1_664' title='bbox 2838 4233 3129 4296; x_wconf 84' lang='lat' dir='ltr'><strong>alliciens.</strong></span> <span class='ocrx_word' id='word_1_665' title='bbox 3166 4235 3244 4296; x_wconf 85' lang='lat' dir='ltr'><strong>At</strong></span> <span class='ocrx_word' id='word_1_666' title='bbox 3274 4233 3524 4313; x_wconf 88' lang='lat' dir='ltr'><strong>epistola</strong></span> <span class='ocrx_word' id='word_1_667' title='bbox 3541 4239 3687 4314; x_wconf 90' lang='lat' dir='ltr'><strong>quot</strong></span> 
     </span>
    </p>
   </div>
   <div class='ocr_carea' id='block_1_94' title="bbox 2032 4322 3686 4406">
    <p class='ocr_par' dir='ltr' id='par_1_94' title="bbox 2032 4322 3686 4406">
     <span class='ocr_line' id='line_1_94' title="bbox 2032 4322 3686 4406; baseline -0.001 -23"><span class='ocrx_word' id='word_1_668' title='bbox 2032 4322 2235 4402; x_wconf 84' lang='lat' dir='ltr'><strong>gratiis</strong></span> <span class='ocrx_word' id='word_1_669' title='bbox 2265 4323 2459 4406; x_wconf 90' lang='lat' dir='ltr'><strong>iisque</strong></span> <span class='ocrx_word' id='word_1_670' title='bbox 2488 4322 2963 4386; x_wconf 77' lang='lat' dir='ltr'><strong>aﬂluentioribus</strong></span> <span class='ocrx_word' id='word_1_671' title='bbox 2993 4322 3310 4393; x_wconf 88' lang='lat' dir='ltr'><strong>redundat,</strong></span> <span class='ocrx_word' id='word_1_672' title='bbox 3346 4330 3686 4402; x_wconf 85' lang='lat' dir='ltr'><strong>quantoque</strong></span> 
     </span>
    </p>
   </div>
   <div class='ocr_carea' id='block_1_95' title="bbox 2033 4410 3684 4494">
    <p class='ocr_par' dir='ltr' id='par_1_95' title="bbox 2033 4410 3684 4494">
     <span class='ocr_line' id='line_1_95' title="bbox 2033 4410 3684 4494; baseline 0.001 -22"><span class='ocrx_word' id='word_1_673' title='bbox 2033 4412 2368 4493; x_wconf 87' lang='lat' dir='ltr'><strong>potioribus</strong></span> <span class='ocrx_word' id='word_1_674' title='bbox 2400 4413 2623 4475; x_wconf 89' lang='lat' dir='ltr'><strong>viribus</strong></span> <span class='ocrx_word' id='word_1_675' title='bbox 2653 4412 2725 4475; x_wconf 90' lang='lat' dir='ltr'><strong>ad</strong></span> <span class='ocrx_word' id='word_1_676' title='bbox 2760 4421 3019 4475; x_wconf 90' lang='lat' dir='ltr'><strong>mentem</strong></span> <span class='ocrx_word' id='word_1_677' title='bbox 3062 4412 3416 4494; x_wconf 87' lang='lat' dir='ltr'><strong>prudentem</strong></span> <span class='ocrx_word' id='word_1_678' title='bbox 3451 4410 3684 4473; x_wconf 87' lang='lat' dir='ltr'><strong>manci-</strong></span> 
     </span>
    </p>
   </div>
   <div class='ocr_carea' id='block_1_96' title="bbox 2035 4500 3686 4585">
    <p class='ocr_par' dir='ltr' id='par_1_96' title="bbox 2035 4500 3686 4585">
     <span class='ocr_line' id='line_1_96' title="bbox 2035 4500 3686 4585; baseline -0.001 -21"><span class='ocrx_word' id='word_1_679' title='bbox 2035 4501 2289 4581; x_wconf 88' lang='lat' dir='ltr'><strong>pandam</strong></span> <span class='ocrx_word' id='word_1_680' title='bbox 2347 4513 2537 4585; x_wconf 89' lang='lat' dir='ltr'><strong>potest</strong></span> <span class='ocrx_word' id='word_1_681' title='bbox 2587 4512 2643 4565; x_wconf 86' lang='lat' dir='ltr'><strong>et</strong></span> <span class='ocrx_word' id='word_1_682' title='bbox 2676 4503 2903 4584; x_wconf 82' lang='lat' dir='ltr'><strong>pollet?</strong></span> <span class='ocrx_word' id='word_1_683' title='bbox 2951 4501 3091 4565; x_wconf 74' lang='lat' dir='ltr'><strong>Hmc</strong></span> <span class='ocrx_word' id='word_1_684' title='bbox 3133 4502 3261 4583; x_wconf 90' lang='lat' dir='ltr'><strong>ipse</strong></span> <span class='ocrx_word' id='word_1_685' title='bbox 3292 4500 3593 4575; x_wconf 86' lang='lat' dir='ltr'><strong>dicebam,</strong></span> <span class='ocrx_word' id='word_1_686' title='bbox 3627 4508 3686 4562; x_wconf 88' lang='lat' dir='ltr'><strong>et</strong></span> 
     </span>
    </p>
   </div>
   <div class='ocr_carea' id='block_1_97' title="bbox 299 4588 1948 4676">
    <p class='ocr_par' dir='ltr' id='par_1_97' title="bbox 299 4594 1948 4676">
     <span class='ocr_line' id='line_1_97' title="bbox 299 4594 1948 4676; baseline 0.002 -26"><span class='ocrx_word' id='word_1_687' title='bbox 299 4594 439 4671; x_wconf 67' lang='grc' dir='ltr'>ἐμὴν</span> <span class='ocrx_word' id='word_1_688' title='bbox 500 4597 791 4676; x_wconf 82' lang='grc' dir='ltr'>ῥητορικῶς</span> <span class='ocrx_word' id='word_1_689' title='bbox 826 4598 912 4653; x_wconf 80' lang='grc' dir='ltr'><strong>καὶ</strong></span> <span class='ocrx_word' id='word_1_690' title='bbox 968 4595 1260 4676; x_wconf 69' lang='grc' dir='ltr'>εὐτέχνως,</span> <span class='ocrx_word' id='word_1_691' title='bbox 1293 4596 1359 4665; x_wconf 65' lang='grc' dir='ltr'>ἢν</span> <span class='ocrx_word' id='word_1_692' title='bbox 1415 4599 1528 4654; x_wconf 79' lang='grc' dir='ltr'>ἒπεὶ</span> <span class='ocrx_word' id='word_1_693' title='bbox 1561 4595 1729 4673; x_wconf 77' lang='grc' dir='ltr'>μηδὲν</span> <span class='ocrx_word' id='word_1_694' title='bbox 1787 4595 1948 4675; x_wconf 79' lang='grc' dir='ltr'>ἔγνως</span> 
     </span>
    </p>
   </div>
   <div class='ocr_carea' id='block_1_98' title="bbox 2034 4588 3683 4676">
    <p class='ocr_par' dir='ltr' id='par_1_98' title="bbox 2035 4588 3683 4674">
     <span class='ocr_line' id='line_1_98' title="bbox 2035 4588 3683 4674; baseline -0.002 -21"><span class='ocrx_word' id='word_1_695' title='bbox 2035 4589 2270 4654; x_wconf 88' lang='lat' dir='ltr'><strong>beatum</strong></span> <span class='ocrx_word' id='word_1_696' title='bbox 2292 4603 2347 4655; x_wconf 81' lang='lat' dir='ltr'><strong>te</strong></span> <span class='ocrx_word' id='word_1_697' title='bbox 2369 4612 2498 4655; x_wconf 87' lang='lat' dir='ltr'><strong>esse</strong></span> <span class='ocrx_word' id='word_1_698' title='bbox 2516 4593 2590 4655; x_wconf 90' lang='lat' dir='ltr'><strong>oh</strong></span> <span class='ocrx_word' id='word_1_699' title='bbox 2610 4592 2824 4671; x_wconf 70' lang='lat' dir='ltr'><strong>lingua:</strong></span> <span class='ocrx_word' id='word_1_700' title='bbox 2842 4591 3240 4674; x_wconf 65' lang='lat' dir='ltr'><strong>praestantiam</strong></span> <span class='ocrx_word' id='word_1_701' title='bbox 3262 4588 3683 4671; x_wconf 72' lang='lat' dir='ltr'><strong>praedicabam,</strong></span> 
     </span>
    </p>
   </div>
   <div class='ocr_carea' id='block_1_99' title="bbox 299 4679 1948 4765">
    <p class='ocr_par' dir='ltr' id='par_1_99' title="bbox 299 4684 1948 4765">
     <span class='ocr_line' id='line_1_99' title="bbox 299 4684 1948 4765; baseline 0.002 -27"><span class='ocrx_word' id='word_1_702' title='bbox 299 4685 390 4763; x_wconf 68' lang='grc' dir='ltr'><strong>ἀφ’</strong></span> <span class='ocrx_word' id='word_1_703' title='bbox 435 4686 632 4751; x_wconf 68' lang='grc' dir='ltr'>ἑαυτῆς</span> <span class='ocrx_word' id='word_1_704' title='bbox 679 4685 934 4765; x_wconf 75' lang='grc' dir='ltr'>ἔχουσαν,</span> <span class='ocrx_word' id='word_1_705' title='bbox 982 4684 1090 4742; x_wconf 70' lang='grc' dir='ltr'><strong>ἀπὸ</strong></span> <span class='ocrx_word' id='word_1_706' title='bbox 1129 4695 1222 4744; x_wconf 73' lang='grc' dir='ltr'>τοῦ</span> <span class='ocrx_word' id='word_1_707' title='bbox 1253 4689 1553 4765; x_wconf 74' lang='grc' dir='ltr'>κεχρῆσθαι</span> <span class='ocrx_word' id='word_1_708' title='bbox 1602 4692 1680 4759; x_wconf 84' lang='grc' dir='ltr'>τῷ</span> <span class='ocrx_word' id='word_1_709' title='bbox 1736 4685 1948 4763; x_wconf 75' lang='grc' dir='ltr'>μεγάλῳ</span> 
     </span>
    </p>
   </div>
   <div class='ocr_carea' id='block_1_100' title="bbox 2034 4679 3690 4765">
    <p class='ocr_par' dir='ltr' id='par_1_100' title="bbox 2043 4679 3690 4762">
     <span class='ocr_line' id='line_1_100' title="bbox 2043 4679 3690 4762; baseline -0.001 -20"><span class='ocrx_word' id='word_1_710' title='bbox 2043 4700 2162 4743; x_wconf 91' lang='lat' dir='ltr'><strong>non</strong></span> <span class='ocrx_word' id='word_1_711' title='bbox 2190 4701 2375 4762; x_wconf 63' lang='lat' dir='ltr'><strong>aequas</strong></span> <span class='ocrx_word' id='word_1_712' title='bbox 2403 4701 2472 4744; x_wconf 91' lang='lat' dir='ltr'><strong>ac</strong></span> <span class='ocrx_word' id='word_1_713' title='bbox 2503 4691 2561 4744; x_wconf 89' lang='lat' dir='ltr'><strong>tu</strong></span> <span class='ocrx_word' id='word_1_714' title='bbox 2597 4700 2813 4757; x_wconf 91' lang='lat' dir='ltr'><strong>meam,</strong></span> <span class='ocrx_word' id='word_1_715' title='bbox 2848 4681 3123 4744; x_wconf 83' lang='lat' dir='ltr'><strong>oratoriis</strong></span> <span class='ocrx_word' id='word_1_716' title='bbox 3156 4679 3420 4742; x_wconf 84' lang='lat' dir='ltr'><strong>ﬂosculis</strong></span> <span class='ocrx_word' id='word_1_717' title='bbox 3477 4688 3538 4741; x_wconf 85' lang='lat' dir='ltr'><strong>et</strong></span> <span class='ocrx_word' id='word_1_718' title='bbox 3590 4679 3690 4743; x_wconf 89' lang='lat' dir='ltr'><strong>di-</strong></span> 
     </span>
    </p>
   </div>
   <div class='ocr_carea' id='block_1_101' title="bbox 302 4767 1948 4855">
    <p class='ocr_par' dir='ltr' id='par_1_101' title="bbox 302 4772 1948 4855">
     <span class='ocr_line' id='line_1_101' title="bbox 302 4772 1948 4855; baseline 0.002 -27"><span class='ocrx_word' id='word_1_719' title='bbox 302 4773 529 4830; x_wconf 78' lang='grc' dir='ltr'>Βασιλεῖ</span> <span class='ocrx_word' id='word_1_720' title='bbox 583 4773 715 4852; x_wconf 83' lang='grc' dir='ltr'>πρός</span> <span class='ocrx_word' id='word_1_721' title='bbox 774 4773 989 4854; x_wconf 82' lang='grc' dir='ltr'>λόγους,</span> <span class='ocrx_word' id='word_1_722' title='bbox 1064 4773 1273 4854; x_wconf 75' lang='grc' dir='ltr'>ἔκρινας</span> <span class='ocrx_word' id='word_1_723' title='bbox 1352 4775 1619 4855; x_wconf 53' lang='grc' dir='ltr'>ἐπαιιεἽι,</span> <span class='ocrx_word' id='word_1_724' title='bbox 1692 4774 1844 4839; x_wconf 78' lang='grc' dir='ltr'>οὗτος</span> <span class='ocrx_word' id='word_1_725' title='bbox 1902 4772 1948 4831; x_wconf 82' lang='grc' dir='ltr'>δὲ</span> 
     </span>
    </p>
   </div>
   <div class='ocr_carea' id='block_1_102' title="bbox 2034 4767 3691 4855">
    <p class='ocr_par' dir='ltr' id='par_1_102' title="bbox 2040 4767 3691 4852">
     <span class='ocr_line' id='line_1_102' title="bbox 2040 4767 3691 4852; baseline -0.004 -17"><span class='ocrx_word' id='word_1_726' title='bbox 2040 4770 2219 4835; x_wconf 90' lang='lat' dir='ltr'><strong>cendi</strong></span> <span class='ocrx_word' id='word_1_727' title='bbox 2253 4771 2503 4833; x_wconf 72' lang='lat' dir='ltr'><strong>artiﬁcio</strong></span> <span class='ocrx_word' id='word_1_728' title='bbox 2539 4770 2759 4845; x_wconf 81' lang='lat' dir='ltr'><strong>fretus;</strong></span> <span class='ocrx_word' id='word_1_729' title='bbox 2813 4787 2988 4852; x_wconf 87' lang='lat' dir='ltr'><strong>quam</strong></span> <span class='ocrx_word' id='word_1_730' title='bbox 3022 4786 3154 4831; x_wconf 89' lang='lat' dir='ltr'><strong>cum</strong></span> <span class='ocrx_word' id='word_1_731' title='bbox 3187 4767 3318 4850; x_wconf 89' lang='lat' dir='ltr'><strong>ipse</strong></span> <span class='ocrx_word' id='word_1_732' title='bbox 3348 4768 3691 4847; x_wconf 81' lang='lat' dir='ltr'><strong>agnovisses</strong></span> 
     </span>
    </p>
   </div>
   <div class='ocr_carea' id='block_1_103' title="bbox 299 4857 1948 4944">
    <p class='ocr_par' dir='ltr' id='par_1_103' title="bbox 299 4861 1948 4944">
     <span class='ocr_line' id='line_1_103' title="bbox 299 4861 1948 4944; baseline 0.002 -25"><span class='ocrx_word' id='word_1_733' title='bbox 299 4861 442 4929; x_wconf 78' lang='grc' dir='ltr'>ἅπαξ</span> <span class='ocrx_word' id='word_1_734' title='bbox 496 4864 555 4920; x_wconf 80' lang='grc' dir='ltr'><strong>τὸ</strong></span> <span class='ocrx_word' id='word_1_735' title='bbox 611 4862 924 4944; x_wconf 73' lang='grc' dir='ltr'>φιλοσοφεῖν</span> <span class='ocrx_word' id='word_1_736' title='bbox 981 4864 1260 4941; x_wconf 72' lang='grc' dir='ltr'>ἐλόμενος,</span> <span class='ocrx_word' id='word_1_737' title='bbox 1303 4866 1390 4921; x_wconf 79' lang='grc' dir='ltr'><strong>καὶ</strong></span> <span class='ocrx_word' id='word_1_738' title='bbox 1433 4863 1712 4940; x_wconf 79' lang='grc' dir='ltr'>λιτότητα,</span> <span class='ocrx_word' id='word_1_739' title='bbox 1746 4866 1821 4930; x_wconf 84' lang='grc' dir='ltr'>ὡς</span> <span class='ocrx_word' id='word_1_740' title='bbox 1864 4866 1948 4922; x_wconf 76' lang='grc' dir='ltr'><strong>οὒκ</strong></span> 
     </span>
    </p>
   </div>
   <div class='ocr_carea' id='block_1_104' title="bbox 2034 4857 3692 4944">
    <p class='ocr_par' dir='ltr' id='par_1_104' title="bbox 2043 4857 3692 4940">
     <span class='ocr_line' id='line_1_104' title="bbox 2043 4857 3692 4940; baseline 0 -19"><span class='ocrx_word' id='word_1_741' title='bbox 2043 4859 2194 4921; x_wconf 90' lang='lat' dir='ltr'><strong>nihil</strong></span> <span class='ocrx_word' id='word_1_742' title='bbox 2227 4878 2297 4922; x_wconf 83' lang='lat' dir='ltr'><strong>ex</strong></span> <span class='ocrx_word' id='word_1_743' title='bbox 2330 4879 2394 4921; x_wconf 92' lang='lat' dir='ltr'><strong>se</strong></span> <span class='ocrx_word' id='word_1_744' title='bbox 2422 4860 2669 4935; x_wconf 87' lang='lat' dir='ltr'><strong>habere,</strong></span> <span class='ocrx_word' id='word_1_745' title='bbox 2706 4859 2868 4937; x_wconf 88' lang='lat' dir='ltr'><strong>quod</strong></span> <span class='ocrx_word' id='word_1_746' title='bbox 2901 4867 2960 4922; x_wconf 87' lang='lat' dir='ltr'><strong>et</strong></span> <span class='ocrx_word' id='word_1_747' title='bbox 2991 4877 3240 4938; x_wconf 87' lang='lat' dir='ltr'><strong>magnus</strong></span> <span class='ocrx_word' id='word_1_748' title='bbox 3269 4857 3599 4940; x_wconf 88' lang='lat' dir='ltr'><strong>imperator</strong></span> <span class='ocrx_word' id='word_1_749' title='bbox 3618 4857 3692 4921; x_wconf 88' lang='lat' dir='ltr'><strong>ad</strong></span> 
     </span>
    </p>
   </div>
   <div class='ocr_carea' id='block_1_105' title="bbox 301 4947 1948 5035">
    <p class='ocr_par' dir='ltr' id='par_1_105' title="bbox 301 4948 1948 5035">
     <span class='ocr_line' id='line_1_105' title="bbox 301 4948 1948 5035; baseline 0 -27"><span class='ocrx_word' id='word_1_750' title='bbox 301 4948 408 5008; x_wconf 83' lang='grc' dir='ltr'>οἷδ’</span> <span class='ocrx_word' id='word_1_751' title='bbox 470 4950 628 5017; x_wconf 75' lang='grc' dir='ltr'>ἄλλος</span> <span class='ocrx_word' id='word_1_752' title='bbox 682 4973 761 5018; x_wconf 86' lang='grc' dir='ltr'><strong>τις</strong></span> <span class='ocrx_word' id='word_1_753' title='bbox 825 4952 1111 5034; x_wconf 79' lang='grc' dir='ltr'>βασιλέων,</span> <span class='ocrx_word' id='word_1_754' title='bbox 1167 4954 1487 5033; x_wconf 77' lang='grc' dir='ltr'>ἠγαπηκὼς,</span> <span class='ocrx_word' id='word_1_755' title='bbox 1550 4954 1803 5035; x_wconf 74' lang='grc' dir='ltr'>ἀνέχεται</span> <span class='ocrx_word' id='word_1_756' title='bbox 1870 4953 1948 5010; x_wconf 74' lang='grc' dir='ltr'><strong>καῖ</strong></span> 
     </span>
    </p>
   </div>
   <div class='ocr_carea' id='block_1_106' title="bbox 2034 4947 3689 5035">
    <p class='ocr_par' dir='ltr' id='par_1_106' title="bbox 2042 4947 3689 5030">
     <span class='ocr_line' id='line_1_106' title="bbox 2042 4947 3689 5030; baseline 0.001 -20"><span class='ocrx_word' id='word_1_757' title='bbox 2042 4948 2360 5011; x_wconf 86' lang='lat' dir='ltr'><strong>dicendum</strong></span> <span class='ocrx_word' id='word_1_758' title='bbox 2384 4958 2678 5027; x_wconf 79' lang='lat' dir='ltr'><strong>uteretur,</strong></span> <span class='ocrx_word' id='word_1_759' title='bbox 2698 4948 2972 5011; x_wconf 89' lang='lat' dir='ltr'><strong>laudibus</strong></span> <span class='ocrx_word' id='word_1_760' title='bbox 2994 4954 3109 5011; x_wconf 88' lang='lat' dir='ltr'><strong>tuis</strong></span> <span class='ocrx_word' id='word_1_761' title='bbox 3132 4948 3368 5029; x_wconf 84' lang='lat' dir='ltr'><strong>dignam</strong></span> <span class='ocrx_word' id='word_1_762' title='bbox 3381 4947 3689 5030; x_wconf 81' lang='lat' dir='ltr'><strong>judicasti.</strong></span> 
     </span>
    </p>
   </div>
   <div class='ocr_carea' id='block_1_107' title="bbox 299 5038 1953 5125">
    <p class='ocr_par' dir='ltr' id='par_1_107' title="bbox 299 5038 1953 5125">
     <span class='ocr_line' id='line_1_107' title="bbox 299 5038 1953 5125; baseline 0.002 -28"><span class='ocrx_word' id='word_1_763' title='bbox 299 5041 504 5109; x_wconf 76' lang='grc' dir='ltr'>ταύτης</span> <span class='ocrx_word' id='word_1_764' title='bbox 567 5038 633 5109; x_wconf 75' lang='grc' dir='ltr'>δὴ</span> <span class='ocrx_word' id='word_1_765' title='bbox 683 5042 899 5107; x_wconf 81' lang='grc' dir='ltr'>πάντως</span> <span class='ocrx_word' id='word_1_766' title='bbox 958 5048 1057 5111; x_wconf 83' lang='grc' dir='ltr'><strong>τῆς</strong></span> <span class='ocrx_word' id='word_1_767' title='bbox 1114 5041 1388 5125; x_wconf 85' lang='grc' dir='ltr'>γλώττης,</span> <span class='ocrx_word' id='word_1_768' title='bbox 1420 5044 1591 5119; x_wconf 54' lang='lat' dir='ltr'><strong>mea»,</strong></span> <span class='ocrx_word' id='word_1_769' title='bbox 1629 5046 1704 5119; x_wconf 78' lang='grc' dir='ltr'>μὰ</span> <span class='ocrx_word' id='word_1_770' title='bbox 1754 5045 1815 5100; x_wconf 81' lang='grc' dir='ltr'>τὸ</span> <span class='ocrx_word' id='word_1_771' title='bbox 1864 5044 1953 5124; x_wconf 79' lang='grc' dir='ltr'>φί-</span> 
     </span>
    </p>
   </div>
   <div class='ocr_carea' id='block_1_108' title="bbox 298 5127 1953 5215">
    <p class='ocr_par' dir='ltr' id='par_1_108' title="bbox 298 5127 1953 5215">
     <span class='ocr_line' id='line_1_108' title="bbox 298 5127 1953 5215; baseline 0.002 -29"><span class='ocrx_word' id='word_1_772' title='bbox 298 5129 441 5205; x_wconf 85' lang='grc' dir='ltr'>λιον,</span> <span class='ocrx_word' id='word_1_773' title='bbox 489 5127 635 5190; x_wconf 74' lang='grc' dir='ltr'>οὖδὲν</span> <span class='ocrx_word' id='word_1_774' title='bbox 690 5130 928 5213; x_wconf 77' lang='grc' dir='ltr'>κόμψον,</span> <span class='ocrx_word' id='word_1_775' title='bbox 992 5131 1107 5188; x_wconf 75' lang='grc' dir='ltr'>οὐδὲ</span> <span class='ocrx_word' id='word_1_776' title='bbox 1156 5135 1401 5214; x_wconf 77' lang='grc' dir='ltr'>περιττὸν</span> <span class='ocrx_word' id='word_1_777' title='bbox 1460 5132 1721 5215; x_wconf 71' lang='grc' dir='ltr'>ἐχούσης,</span> <span class='ocrx_word' id='word_1_778' title='bbox 1775 5134 1953 5213; x_wconf 85' lang='grc' dir='ltr'>ὥσπερ</span> 
     </span>
    </p>
   </div>
   <div class='ocr_carea' id='block_1_109' title="bbox 297 5218 1953 5302">
    <p class='ocr_par' dir='ltr' id='par_1_109' title="bbox 297 5218 1953 5302">
     <span class='ocr_line' id='line_1_109' title="bbox 297 5218 1953 5302; baseline 0.003 -27"><span class='ocrx_word' id='word_1_779' title='bbox 297 5218 457 5298; x_wconf 79' lang='grc' dir='ltr'>ἔφης.</span> <span class='ocrx_word' id='word_1_780' title='bbox 520 5220 591 5278; x_wconf 58' lang='lat' dir='ltr'><strong>Tia</strong></span> <span class='ocrx_word' id='word_1_781' title='bbox 658 5223 979 5302; x_wconf 80' lang='grc' dir='ltr'>θερμουργὸν</span> <span class='ocrx_word' id='word_1_782' title='bbox 1051 5220 1320 5281; x_wconf 79' lang='grc' dir='ltr'>ἀπέλαϐον</span> <span class='ocrx_word' id='word_1_783' title='bbox 1387 5232 1598 5299; x_wconf 76' lang='grc' dir='ltr'>σκεῦος,</span> <span class='ocrx_word' id='word_1_784' title='bbox 1653 5224 1714 5280; x_wconf 72' lang='lat' dir='ltr'><strong>o3</strong></span> <span class='ocrx_word' id='word_1_785' title='bbox 1768 5225 1953 5302; x_wconf 86' lang='grc' dir='ltr'>χρείας</span> 
     </span>
    </p>
   </div>
   <div class='ocr_carea' id='block_1_110' title="bbox 295 5307 1955 5393">
    <p class='ocr_par' dir='ltr' id='par_1_110' title="bbox 295 5307 1955 5393">
     <span class='ocr_line' id='line_1_110' title="bbox 295 5307 1955 5393; baseline 0.003 -29"><span class='ocrx_word' id='word_1_786' title='bbox 295 5308 453 5365; x_wconf 69' lang='grc' dir='ltr'>ἕνεκα</span> <span class='ocrx_word' id='word_1_787' title='bbox 510 5307 739 5384; x_wconf 65' lang='grc' dir='ltr'>μᾶλλον,</span> <span class='ocrx_word' id='word_1_788' title='bbox 774 5311 850 5385; x_wconf 78' lang='grc' dir='ltr'><strong>μὰ</strong></span> <span class='ocrx_word' id='word_1_789' title='bbox 900 5311 1000 5378; x_wconf 73' lang='grc' dir='ltr'><strong>τῆν</strong></span> <span class='ocrx_word' id='word_1_790' title='bbox 1058 5314 1159 5380; x_wconf 71' lang='grc' dir='ltr'>σὴν</span> <span class='ocrx_word' id='word_1_791' title='bbox 1215 5311 1358 5391; x_wconf 74' lang='grc' dir='ltr'>ἱερὰν</span> <span class='ocrx_word' id='word_1_792' title='bbox 1390 5313 1652 5393; x_wconf 70' lang='grc' dir='ltr'>κεφαλὴν,</span> <span class='ocrx_word' id='word_1_793' title='bbox 1687 5312 1721 5381; x_wconf 74' lang='grc' dir='ltr'>ἢ</span> <span class='ocrx_word' id='word_1_794' title='bbox 1780 5318 1955 5393; x_wconf 76' lang='grc' dir='ltr'>φιλίας</span> 
     </span>
    </p>
   </div>
   <div class='ocr_carea' id='block_1_111' title="bbox 297 5397 1955 5483">
    <p class='ocr_par' dir='ltr' id='par_1_111' title="bbox 297 5397 1955 5483">
     <span class='ocr_line' id='line_1_111' title="bbox 297 5397 1955 5483; baseline 0.003 -30"><span class='ocrx_word' id='word_1_795' title='bbox 297 5397 534 5476; x_wconf 78' lang='grc' dir='ltr'>ἕμπυρόν</span> <span class='ocrx_word' id='word_1_796' title='bbox 592 5420 640 5453; x_wconf 91' lang='grc' dir='ltr'><strong>τι</strong></span> <span class='ocrx_word' id='word_1_797' title='bbox 698 5399 893 5469; x_wconf 77' lang='grc' dir='ltr'>ταύτης</span> <span class='ocrx_word' id='word_1_798' title='bbox 952 5401 1245 5479; x_wconf 76' lang='grc' dir='ltr'>ὑπόμνημα</span> <span class='ocrx_word' id='word_1_799' title='bbox 1302 5405 1443 5459; x_wconf 80' lang='grc' dir='ltr'>εἶναι</span> <span class='ocrx_word' id='word_1_800' title='bbox 1494 5402 1572 5477; x_wconf 75' lang='grc' dir='ltr'>τῷ</span> <span class='ocrx_word' id='word_1_801' title='bbox 1626 5405 1807 5483; x_wconf 83' lang='grc' dir='ltr'>θερμῳ</span> <span class='ocrx_word' id='word_1_802' title='bbox 1849 5406 1955 5479; x_wconf 85' lang='grc' dir='ltr'>τῷν</span> 
     </span>
    </p>
   </div>
   <div class='ocr_carea' id='block_1_112' title="bbox 295 5488 756 5566">
    <p class='ocr_par' dir='ltr' id='par_1_112' title="bbox 295 5488 756 5566">
     <span class='ocr_line' id='line_1_112' title="bbox 295 5488 756 5566; baseline -0.007 -20"><span class='ocrx_word' id='word_1_803' title='bbox 295 5493 404 5546; x_wconf 84' lang='grc' dir='ltr'><strong>σῶν</strong></span> <span class='ocrx_word' id='word_1_804' title='bbox 433 5488 756 5566; x_wconf 77' lang='grc' dir='ltr'>ἰπιθυμητῇ,</span> 
     </span>
    </p>
   </div>
   <div class='ocr_carea' id='block_1_113' title="bbox 2041 5036 3688 5119">
    <p class='ocr_par' dir='ltr' id='par_1_113' title="bbox 2041 5036 3688 5119">
     <span class='ocr_line' id='line_1_113' title="bbox 2041 5036 3688 5119; baseline -0.003 -19"><span class='ocrx_word' id='word_1_805' title='bbox 2041 5036 2263 5100; x_wconf 81' lang='lat' dir='ltr'><strong>Verum</strong></span> <span class='ocrx_word' id='word_1_806' title='bbox 2298 5046 2357 5101; x_wconf 86' lang='lat' dir='ltr'><strong>et</strong></span> <span class='ocrx_word' id='word_1_807' title='bbox 2387 5056 2522 5099; x_wconf 85' lang='lat' dir='ltr'><strong>cum</strong></span> <span class='ocrx_word' id='word_1_808' title='bbox 2553 5037 2741 5100; x_wconf 89' lang='lat' dir='ltr'><strong>semel</strong></span> <span class='ocrx_word' id='word_1_809' title='bbox 2764 5037 3027 5099; x_wconf 89' lang='lat' dir='ltr'><strong>animum</strong></span> <span class='ocrx_word' id='word_1_810' title='bbox 3052 5036 3124 5100; x_wconf 90' lang='lat' dir='ltr'><strong>ad</strong></span> <span class='ocrx_word' id='word_1_811' title='bbox 3148 5037 3688 5119; x_wconf 88' lang='lat' dir='ltr'><strong>philosophandum</strong></span> 
     </span>
    </p>
   </div>
   <div class='ocr_carea' id='block_1_114' title="bbox 2037 5126 3687 5209">
    <p class='ocr_par' dir='ltr' id='par_1_114' title="bbox 2037 5126 3687 5209">
     <span class='ocr_line' id='line_1_114' title="bbox 2037 5126 3687 5209; baseline -0.004 -20"><span class='ocrx_word' id='word_1_812' title='bbox 2037 5127 2741 5204; x_wconf 79' lang='lat' dir='ltr'><strong>addixit,tenuitatem,ut</strong></span> <span class='ocrx_word' id='word_1_813' title='bbox 2763 5145 2830 5190; x_wconf 83' lang='lat' dir='ltr'><strong>ex</strong></span> <span class='ocrx_word' id='word_1_814' title='bbox 2858 5127 2989 5190; x_wconf 91' lang='lat' dir='ltr'><strong>aliis</strong></span> <span class='ocrx_word' id='word_1_815' title='bbox 3011 5126 3465 5209; x_wconf 88' lang='lat' dir='ltr'><strong>imperatoribus</strong></span> <span class='ocrx_word' id='word_1_816' title='bbox 3487 5142 3687 5197; x_wconf 89' lang='lat' dir='ltr'><strong>nemo,</strong></span> 
     </span>
    </p>
   </div>
   <div class='ocr_carea' id='block_1_115' title="bbox 2036 5216 3686 5300">
    <p class='ocr_par' dir='ltr' id='par_1_115' title="bbox 2036 5216 3686 5300">
     <span class='ocr_line' id='line_1_115' title="bbox 2036 5216 3686 5300; baseline -0.004 -20"><span class='ocrx_word' id='word_1_817' title='bbox 2036 5218 2368 5300; x_wconf 82' lang='lat' dir='ltr'><strong>amplexus,</strong></span> <span class='ocrx_word' id='word_1_818' title='bbox 2418 5225 2477 5280; x_wconf 92' lang='lat' dir='ltr'><strong>et</strong></span> <span class='ocrx_word' id='word_1_819' title='bbox 2504 5218 2657 5278; x_wconf 89' lang='lat' dir='ltr'><strong>hanc</strong></span> <span class='ocrx_word' id='word_1_820' title='bbox 2690 5236 2926 5299; x_wconf 88' lang='lat' dir='ltr'><strong>quoque</strong></span> <span class='ocrx_word' id='word_1_821' title='bbox 2955 5216 3218 5298; x_wconf 85' lang='lat' dir='ltr'><strong>linguam</strong></span> <span class='ocrx_word' id='word_1_822' title='bbox 3252 5223 3557 5296; x_wconf 88' lang='lat' dir='ltr'><strong>utcunque</strong></span> <span class='ocrx_word' id='word_1_823' title='bbox 3582 5230 3686 5274; x_wconf 88' lang='lat' dir='ltr'><strong>su-</strong></span> 
     </span>
    </p>
   </div>
   <div class='ocr_carea' id='block_1_116' title="bbox 2041 5306 3689 5388">
    <p class='ocr_par' dir='ltr' id='par_1_116' title="bbox 2041 5306 3689 5388">
     <span class='ocr_line' id='line_1_116' title="bbox 2041 5306 3689 5388; baseline -0.004 -20"><span class='ocrx_word' id='word_1_824' title='bbox 2041 5306 2244 5382; x_wconf 80' lang='lat' dir='ltr'><strong>stinet,</strong></span> <span class='ocrx_word' id='word_1_825' title='bbox 2274 5306 2447 5382; x_wconf 89' lang='lat' dir='ltr'><strong>nihil,</strong></span> <span class='ocrx_word' id='word_1_826' title='bbox 2482 5323 2589 5388; x_wconf 87' lang='lat' dir='ltr'><strong>per</strong></span> <span class='ocrx_word' id='word_1_827' title='bbox 2612 5315 2876 5368; x_wconf 76' lang='lat' dir='ltr'><strong>nostram</strong></span> <span class='ocrx_word' id='word_1_828' title='bbox 2904 5308 3558 5384; x_wconf 87' lang='lat' dir='ltr'><strong>amicitiam,comptum</strong></span> <span class='ocrx_word' id='word_1_829' title='bbox 3589 5319 3689 5363; x_wconf 89' lang='lat' dir='ltr'><strong>ne-</strong></span> 
     </span>
    </p>
   </div>
   <div class='ocr_carea' id='block_1_117' title="bbox 2041 5390 3690 5479">
    <p class='ocr_par' dir='ltr' id='par_1_117' title="bbox 2041 5390 3690 5479">
     <span class='ocr_line' id='line_1_117' title="bbox 2041 5390 3690 5479; baseline -0.005 -20"><span class='ocrx_word' id='word_1_830' title='bbox 2041 5416 2157 5478; x_wconf 87' lang='lat' dir='ltr'><strong>que</strong></span> <span class='ocrx_word' id='word_1_831' title='bbox 2171 5398 2631 5479; x_wconf 87' lang='lat' dir='ltr'><strong>supereminens</strong></span> <span class='ocrx_word' id='word_1_832' title='bbox 2659 5395 3005 5471; x_wconf 88' lang='lat' dir='ltr'><strong>habentem,</strong></span> <span class='ocrx_word' id='word_1_833' title='bbox 3034 5413 3108 5458; x_wconf 90' lang='lat' dir='ltr'><strong>ne</strong></span> <span class='ocrx_word' id='word_1_834' title='bbox 3131 5404 3190 5456; x_wconf 91' lang='lat' dir='ltr'><strong>tu</strong></span> <span class='ocrx_word' id='word_1_835' title='bbox 3217 5390 3589 5455; x_wconf 83' lang='lat' dir='ltr'><strong>dixeris.Vas</strong></span> <span class='ocrx_word' id='word_1_836' title='bbox 3616 5390 3690 5452; x_wconf 87' lang='lat' dir='ltr'><strong>ad</strong></span> 
     </span>
    </p>
   </div>
   <div class='ocr_carea' id='block_1_118' title="bbox 2039 5487 3695 5568">
    <p class='ocr_par' dir='ltr' id='par_1_118' title="bbox 2039 5487 3695 5568">
     <span class='ocr_line' id='line_1_118' title="bbox 2039 5487 3695 5568; baseline -0.004 -16"><span class='ocrx_word' id='word_1_837' title='bbox 2039 5487 2512 5552; x_wconf 79' lang='lat' dir='ltr'><strong>calefaciendum</strong></span> <span class='ocrx_word' id='word_1_838' title='bbox 2565 5489 2794 5568; x_wconf 89' lang='lat' dir='ltr'><strong>accepi,</strong></span> <span class='ocrx_word' id='word_1_839' title='bbox 2829 5507 2947 5549; x_wconf 93' lang='lat' dir='ltr'><strong>non</strong></span> <span class='ocrx_word' id='word_1_840' title='bbox 2981 5494 3044 5548; x_wconf 89' lang='lat' dir='ltr'><strong>ut</strong></span> <span class='ocrx_word' id='word_1_841' title='bbox 3074 5505 3145 5548; x_wconf 92' lang='lat' dir='ltr'><strong>eo</strong></span> <span class='ocrx_word' id='word_1_842' title='bbox 3176 5494 3342 5561; x_wconf 89' lang='lat' dir='ltr'><strong>utar;</strong></span> <span class='ocrx_word' id='word_1_843' title='bbox 3398 5502 3541 5561; x_wconf 90' lang='lat' dir='ltr'><strong>non,</strong></span> <span class='ocrx_word' id='word_1_844' title='bbox 3586 5499 3695 5565; x_wconf 89' lang='lat' dir='ltr'><strong>per</strong></span> 
     </span>
    </p>
   </div>
   <div class='ocr_carea' id='block_1_119' title="bbox 2038 5573 3695 5659">
    <p class='ocr_par' dir='ltr' id='par_1_119' title="bbox 2038 5573 3695 5659">
     <span class='ocr_line' id='line_1_119' title="bbox 2038 5573 3695 5659; baseline -0.004 -18"><span class='ocrx_word' id='word_1_845' title='bbox 2038 5586 2206 5641; x_wconf 86' lang='lat' dir='ltr'><strong>tuum</strong></span> <span class='ocrx_word' id='word_1_846' title='bbox 2242 5596 2474 5641; x_wconf 91' lang='lat' dir='ltr'><strong>sacrum</strong></span> <span class='ocrx_word' id='word_1_847' title='bbox 2501 5586 2702 5659; x_wconf 86' lang='lat' dir='ltr'><strong>caput,</strong></span> <span class='ocrx_word' id='word_1_848' title='bbox 2729 5576 2835 5639; x_wconf 89' lang='lat' dir='ltr'><strong>sed</strong></span> <span class='ocrx_word' id='word_1_849' title='bbox 2860 5584 2921 5636; x_wconf 92' lang='lat' dir='ltr'><strong>ut</strong></span> <span class='ocrx_word' id='word_1_850' title='bbox 2950 5574 3229 5636; x_wconf 68' lang='lat' dir='ltr'><strong>amicitia:</strong></span> <span class='ocrx_word' id='word_1_851' title='bbox 3254 5576 3495 5653; x_wconf 88' lang='lat' dir='ltr'><strong>igneum</strong></span> <span class='ocrx_word' id='word_1_852' title='bbox 3522 5573 3695 5650; x_wconf 90' lang='lat' dir='ltr'><strong>mihi,</strong></span> 
     </span>
    </p>
   </div>
   <div class='ocr_carea' id='block_1_120' title="bbox 2044 5663 3624 5741">
    <p class='ocr_par' dir='ltr' id='par_1_120' title="bbox 2044 5663 3624 5741">
     <span class='ocr_line' id='line_1_120' title="bbox 2044 5663 3624 5741; baseline -0.004 -10"><span class='ocrx_word' id='word_1_853' title='bbox 2044 5669 2401 5737; x_wconf 82' lang='lat' dir='ltr'><strong>calidiorum</strong></span> <span class='ocrx_word' id='word_1_854' title='bbox 2438 5678 2678 5731; x_wconf 92' lang='lat' dir='ltr'><strong>tuorum</strong></span> <span class='ocrx_word' id='word_1_855' title='bbox 2710 5664 3001 5741; x_wconf 86' lang='lat' dir='ltr'><strong>studioso,</strong></span> <span class='ocrx_word' id='word_1_856' title='bbox 3038 5668 3492 5727; x_wconf 75' lang='lat' dir='ltr'><strong>monumentum</strong></span> <span class='ocrx_word' id='word_1_857' title='bbox 3527 5663 3624 5732; x_wconf 86' lang='lat' dir='ltr'><strong>sit.</strong></span> 
     </span>
    </p>
   </div>
  </div>
