4128 6198
394 353 502 419 231

1037 493 1105 555 V.
1158 493 1389 558 Eidem.

480 602 622 663 Tua;
653 598 883 681 pietatis
911 597 1176 672 tabellas,
1203 595 1518 675 diligenter
1539 614 1922 677 percurrens,
1945 617 2040 660 co-

396 708 809 770 guoscensque
842 697 897 750 te
929 686 1182 747 maxime
1213 685 1410 746 animo
1440 685 1602 765 angi,
1631 687 1789 768 quod
1813 706 1847 749 a
1867 687 2041 750 nobis

396 796 748 860 responsum
782 776 854 838 ad
891 784 1017 836 luas
1050 793 1166 836 non
1200 774 1503 850 habueris,
1539 777 1649 837 hac
1681 775 1785 838 tibi
1811 776 2042 838 ratione

396 869 586 930 valide
610 875 670 929 et
691 863 921 927 veritati
938 863 1049 944 ipsi
1069 865 2039 944 consonerespondemus.Silentii

393 975 572 1020 causa
595 975 713 1016 non
735 962 831 1016 est
859 961 1089 1014 tuarum
1118 971 1318 1015 rerum
1343 953 1584 1029 oblivio,
1613 964 1673 1016 ut
1693 964 1814 1016 tute
1839 955 2042 1037 opina-

393 1047 511 1122 ris;
546 1062 744 1122 neque
767 1041 921 1124 quod
949 1060 1050 1104 eas
1076 1043 1242 1104 Ποικτὶ
1265 1044 1617 1124 pendamus,
1643 1045 1883 1123 segnior
1909 1065 2037 1108 ma-

399 1154 509 1196 nus
543 1133 814 1195 redditur
843 1132 914 1194 ad
950 1131 1333 1195 scribendum
1362 1155 1377 1210 ;
1409 1135 1513 1196 sed
1541 1153 1738 1197 rerum
1769 1134 2037 1216 publica-

395 1241 525 1285 rum
543 1220 1008 1303 indeprecabilis
1021 1224 1326 1304 occupatio
1345 1225 1647 1286 etassidna
1662 1225 2041 1305 conﬂictatio,

392 1323 452 1374 et
475 1330 766 1392 nusquam
796 1310 867 1370 de
891 1311 959 1372 iis
984 1330 1125 1372 cura
1149 1311 1576 1386 intermittens,
1603 1324 1662 1376 et
1691 1313 1950 1390 linguam
1985 1323 2044 1376 et

393 1420 632 1463 manum
667 1400 998 1462 consistere
1031 1411 1086 1462 et
1116 1402 1472 1464 commorari
1509 1402 1685 1483 cogit,
1721 1403 2041 1484 quominus

389 1491 464 1554 ad
498 1501 628 1554 tuas
658 1490 1154 1572 reSpondeamus.
1177 1490 1272 1554 Sic
1292 1501 1401 1568 est,
1433 1493 1688 1572 linguam
1715 1501 1772 1555 et
1799 1513 2037 1556 manum

391 1581 642 1653 retinet;
681 1583 944 1642 animum
973 1599 1110 1641 vero
1143 1601 1258 1641 non
1295 1581 1563 1662 impedit,
1593 1583 1732 1663 quin
1763 1592 2037 1645 notorum

390 1679 447 1732 et
469 1669 798 1731 amicorum
825 1669 1234 1730 recordemur.
1266 1669 1578 1752 Nunquam
1607 1672 1763 1733 enim
1791 1681 2040 1733 tantum-

390 1761 527 1822 dem
563 1757 900 1822 sollicitudo
934 1760 1329 1840 praevaluerit,
1390 1772 1452 1822 ut
1487 1768 1545 1822 ct
1578 1767 1777 1823 animo
1828 1779 2034 1823 eorum

1565 357 1947 424 SYMEONIS
1989 343 2600 424 METAPHRASM.

3648 363 3771 432 232

2727 498 2817 559 E'.
2872 505 2959 574 Τῷ
3003 501 3066 557 αὖ

2203 597 2273 654 Τὸ
2359 600 2455 662 τῆς
2531 596 2823 675 θεοφιλείας
2899 621 2991 655 σου
3065 614 3436 677 γραμματεῖον
3507 600 3774 676 ἐπιμελῶς

2123 685 2460 764 ἀναγνόντες,
2518 688 2604 741 καὶ
2664 684 2949 746 ἆθυκοῠντά
3001 710 3057 744 σε
3113 689 3253 765 παρὰ
3301 690 3362 744 τὸ
3405 690 3480 757 μὴ
3524 689 3772 769 ἀντίγρα-

2123 795 2193 853 φα
2250 772 2495 852 δέχεσθαι
2570 772 2695 852 παρ’
2753 778 2908 851 ἡμῶν
2963 775 3290 854 διαγνόντες,
3329 779 3527 846 ταύτην
3583 782 3773 837 ποιού-

2125 865 2256 935 μεθα
2298 865 2396 930 τὴν
2450 862 2739 941 ἀπολογίαν
2794 867 2954 943 ὑγιῶς
3015 866 3268 950 ἔχουσαν,
3316 868 3405 923 καὶ
3467 867 3660 948 σφόδρα
3705 875 3775 946 τῇ

2123 950 2342 1023 ἀληθείᾳ
2411 950 2750 1024 συνᾴδουσαν.
2799 955 2870 1011 Οὔ
2937 952 3077 1024 λήθη
3145 956 3249 1012 τῶν
3308 961 3416 1011 σῶν
3476 959 3616 1012 αἰτία
3674 963 3773 1025 τῆς

2123 1042 2356 1113 σιωπῆς,
2411 1041 2484 1102 ὡς
2531 1041 2688 1106 αὒτὸς
2758 1041 2962 1117 ἔδοξας,
3016 1043 3133 1101 οὐδὲ
3193 1046 3254 1100 τὸ
3312 1046 3431 1124 περὶ
3487 1045 3774 1126 ἒλάχίστου

2121 1137 2285 1186 ταῦτα
2371 1134 2662 1205 ποιεῖσθαι,
2721 1132 3075 1212 ῥᾳθυμοτέραν
3147 1133 3348 1210 ἔχομεν
3439 1138 3536 1200 την
3605 1148 3774 1215 χεῖρα

2129 1220 2258 1292 πρὸς
2303 1219 2400 1286 τὴν
2452 1242 2680 1300 γραφην·
2732 1219 2851 1277 ἀλλ’
2896 1221 2931 1288 ἡ
2989 1230 3096 1278 τῶν
3140 1221 3410 1296 δημοσίων
3467 1225 3773 1300 ἀπαραίτη-

2126 1330 2214 1372 τος
2260 1308 2515 1388 ἀσχολία,
2563 1311 2652 1365 καὶ
2711 1311 2771 1366 τὸ
2820 1308 3080 1377 διηνεκῶς
3138 1313 3282 1384 ἡμας
3339 1311 3661 1392 ἀπειλῆφθαι
3711 1318 3776 1389 τῇ

2124 1400 2240 1475 περὶ
2299 1399 2462 1455 ταῦτα
2519 1397 2772 1478 φροντίδι,
2819 1410 2974 1459 τοῦτο
3025 1402 3112 1456 καὶ
3171 1399 3411 1478 γλῶτταν
3473 1400 3642 1478 εἴργει
3688 1404 3776 1458 καὶ

2127 1500 2290 1566 χεῖρα
2348 1488 2413 1543 τὰ
2471 1484 2596 1565 παρ’
2655 1488 2802 1562 ὑμῶν
2861 1488 3162 1563 ἀμείϐεσθαι
3235 1489 3548 1566 γράμματα.
3627 1488 3776 1556 Πλὴν

2123 1573 2258 1630 ἀλλὰ
2300 1575 2546 1653 γλῶτταν
2603 1577 2702 1649 μὲν
2767 1580 2863 1633 καὶ
2925 1591 3088 1657 χεῖρα
3161 1575 3446 1657 δακωλύει,
3493 1579 3675 1657 ψυχὴν
3718 1577 3773 1633 δὲ

2122 1663 2364 1739 οὐδαμῶς
2422 1665 2660 1742 ἀπείργει
2727 1675 2817 1724 τοῦ
2877 1669 3175 1740 μεμνῆσθαι
3234 1671 3340 1721 τῶν
3399 1664 3772 1744 ἐγνωσμένων,

2124 1754 2211 1821 Μὴ
2254 1754 2354 1832 γὰρ
2411 1753 2575 1816 οὕτως
2622 1755 2861 1834 ἰσχύσειέ
2891 1777 3019 1812 ποτε
3072 1753 3139 1809 δι’
3185 1756 3373 1817 αἰῶνος
3434 1755 3666 1834 φροντίς,
3703 1757 3779 1820 ὡς

392 1848 746 1911 memoriam
807 1847 1046 1919 evellat,
1111 1848 1465 1929 quibuscum
1528 1849 1716 1912 semel
1775 1850 2038 1913 amicitia

2125 1845 2207 1899 καὶ
2271 1847 2455 1922 ψυχῆς
2515 1841 2764 1900 ἐκϐαλεῖν
2830 1845 2928 1911 τὴν
2995 1845 3218 1919 μνήμην
3262 1845 3368 1900 τῶν
3439 1843 3566 1922 παρ’
3623 1846 3778 1919 ἡμῶν

384 1937 584 2017 juncti
617 1956 845 1998 sumus.
901 1935 1018 1998 Sed
1066 1938 1192 1998 haec
1227 1939 1467 2017 quidem
1502 1939 1558 2000 in
1593 1938 1817 2020 optima
1861 1939 2038 2008 animi

2126 1930 2265 1998 ἅπαξ
2323 1932 2596 2010 φιλεῖσθαι
2643 1932 2946 2010 κριθέντων·
2997 1931 3116 1988 ἀλλ’
3175 1933 3210 2000 ἦ
3269 1932 3365 2007 μὲν
3397 1932 3452 1988 ἐν
3511 1931 3778 2006 καλλίστῳ

391 2035 558 2106 parte
582 2027 690 2087 sila
705 2038 793 2088 est
816 2034 989 2106 atque
1007 2026 1218 2087 intime
1241 2027 1535 2106 profundo
1554 2019 2038 2112 inSita,notasque

2125 2023 2223 2090 τῆς
2284 2026 2470 2100 ψυχῆς
2532 2034 2705 2078 κεῖται
2766 2023 2851 2077 καὶ
2909 2019 3172 2078 ὲνδοτᾶτω
3229 2021 3430 2098 βαθέως
3495 2021 3768 2097 ἐνσημαν-

391 2125 698 2178 accuratas
725 2115 926 2178 habet.
955 2114 1101 2186 Quae
1131 2134 1268 2178 vero
1299 2117 1552 2196 singulis
1583 2117 1794 2179 diebus
1825 2107 2038 2180 occur-

2125 2115 2300 2191 θεῖσα,
2335 2113 2421 2166 καὶ
2472 2107 2712 2186 ἀκριϐεῖς
2767 2112 2883 2174 τοὺς
2945 2111 3140 2174 τύπους
3193 2109 3414 2191 ἕχουσα⁹
3464 2111 3527 2168 τᾶ
3556 2110 3611 2166 δὲ
3655 2107 3774 2166 καθ’

389 2216 553 2280 runt,
581 2207 818 2268 decenti
843 2203 1215 2285 providentia
1242 2216 1616 2286 procurante,
1646 2214 1927 2270 continuo
1949 2209 2038 2270 fe-

386 2302 620 2368 runtur,
647 2293 897 2356 nihilum
921 2294 1162 2374 quidem
1187 2313 1316 2356 eam
1345 2295 1641 2357 laedentia.
1672 2296 1870 2358 Addas
1892 2296 2035 2359 illud

387 2383 948 2466 quoque,nonnulla
976 2395 1087 2444 ate
1110 2383 1480 2464 scripta,non
1507 2388 2037 2466 responsione,sed

389 2475 505 2536 ﬁde
531 2474 718 2551 magis
741 2473 1092 2550 indiguisse,
1111 2481 1321 2535 utvera
1343 2476 1497 2553 apud
1525 2493 1633 2536 nos
1657 2476 2035 2538 aestimaren-

387 2574 506 2638 tur,
538 2562 922 2640 qualial‘uere
946 2561 1019 2622 de
1047 2563 1555 2642 procuratoribus,
1581 2583 1712 2645 qua;
1731 2584 1848 2626 non
1883 2565 2040 2627 mul-

391 2663 510 2715 tum
544 2661 681 2714 ante
716 2660 950 2730 tempus
984 2652 1039 2712 in
1073 2652 1475 2728 cognitionem
1509 2663 1844 2730 venerunt;
1880 2663 1938 2715 et
1969 2673 2038 2717 ea

386 2743 516 2824 ipse
548 2739 852 2811 existimo,
883 2758 1057 2820 quam
1091 2757 1224 2817 quae
1247 2739 1305 2801 in
1330 2741 1513 2820 Sagra
1535 2751 1695 2820 gesta
1719 2751 1878 2818 sunt,
1906 2762 2041 2805 cre-

387 2826 1028 2908 credibilioraﬂabesj
1041 2847 1130 2888 um
1147 2847 1178 2889 a
1193 2828 1367 2890 nobis
1379 2829 1774 2892 sufficientem
1797 2850 2040 2912 respon-

390 2921 652 2990 sionem;
688 2918 802 2991 vel,
830 2917 877 2978 si
901 2917 1012 2991 vis,
1040 2917 1230 2998 plagae
1261 2938 1392 2999 quae
1415 2918 1489 2979 ab
1511 2937 1714 2982 amore
1742 2920 1902 2982 illata
1925 2929 2040 2998 est,

390 3008 723 3069 remedium
765 3029 778 3067 :
813 3016 870 3068 et
899 3007 1134 3070 oblecta
1158 3018 1213 3070 te
1239 3007 1475 3088 gaudio,
1504 3008 1660 3088 quod
1690 3028 1806 3069 non
1837 3027 2039 3089 prom-

2121 2200 2322 2280 ἡμέραν
2406 2199 2737 2275 ἐμπίπτοντα
2807 2203 2906 2269 τῆς
2993 2206 3365 2278 προσηκούσης
3436 2201 3771 2280 τυγχάνοντα

2121 2291 2370 2369 προνοίας
2449 2289 2660 2368 φέρεται
2738 2289 2998 2370 ἆενοάως,
3045 2287 3212 2366 μηδὲν
3282 2291 3418 2366 αὐτῇ
3489 2287 3770 2368 παραϐλά-

2122 2402 2340 2439 πτοντα.
2397 2377 2612 2442 ’Ἄλλως
2661 2401 2717 2435 τε
2772 2378 2826 2436 δὲ
2882 2381 2968 2436 καὶ
2998 2379 3108 2436 ἔνια
3152 2379 3257 2436 τῶν
3306 2379 3448 2456 παρὰ
3494 2401 3589 2436 σοο
3634 2400 3772 2456 γρα-

2121 2470 2345 2549 φέντων,
2380 2473 2438 2528 0-3
2469 2467 2718 2526 τοσοῦτον
2771 2467 3091 2547 ἀπολογίας,
3126 2468 3250 2525 ὅσον
3298 2468 3471 2525 ἐδεῖτο
3515 2469 3770 2546 πίστεως,

2125 2560 2211 2616 καὶ
2269 2565 2362 2616 τοῦ
2423 2557 2596 2624 ἀληθῆ
2628 2557 2752 2633 παρ’
2814 2559 2946 2634 ἡμῖν
3000 2556 3188 2637 δεῖξαι,
3224 2559 3320 2614 οἶα
3361 2559 3426 2614 τὰ
3456 2564 3582 2634 περί
3641 2555 3775 2614 διοι-

2122 2650 2302 2716 κῆτῶν
2359 2651 2418 2706 οὗ
2466 2648 2567 2724 πρὸ
2624 2645 2826 2702 πολλοῦ
2885 2648 3258 2724 γνωρισθέντα⁶
3305 2650 3380 2701 ὧν
3435 2667 3495 2725 γε
3567 2646 3632 2713 δὴ
3693 2649 3779 2704 καὶ

2123 2735 2341 2815 ἔτυχον,
2373 2738 2459 2791 καὶ
2522 2734 2685 2792 πιστά
2744 2758 2836 2810 μοι
2871 2733 3010 2802 ἔδοξε
3066 2739 3229 2792 ταῦτα
3286 2733 3490 2811 μᾶλλον
3535 2741 3639 2792 τῶν
3694 2736 3779 2792 ἐπὶ

2125 2826 2356 2904 Σαγρας.
2467 2825 2660 2904 Ἔχεις
2748 2825 3004 2902 ὁριιοῦςταν
3105 2821 3228 2904 παρ’
3316 2827 3472 2900 ἡμῶν
3570 2824 3776 2882 ἀπολο-

2124 2915 2264 2992 γίαν,
2318 2915 2354 2982 ἢ
2429 2915 2707 2992 θεραπείαν
2765 2919 2864 2981 τῆς
2945 2915 3079 2970 κατὰ
3157 2915 3316 2970 πόθον
3389 2912 3625 2991 πληγῆς.
3687 2913 3774 2969 καὶ

2123 3017 2308 3083 χαῖρε,
2371 3003 2451 3060 ὅτι
2511 3004 2587 3077 μὴ
2646 3004 2704 3059 τὸ
2762 3004 2952 3081 ῥᾷστον
3009 3005 3096 3058 καὶ
3152 3003 3461 3082 πρόχειρον,
3510 3001 3647 3058 ἀλλὰ
3711 3005 3774 3059 τὸ

391 3108 554 3179 ptum
590 3105 649 3160 et
679 3097 836 3178 quod
871 3096 943 3157 ad
981 3117 1189 3159 manus
1222 3107 1334 3172 est,
1384 3096 1489 3158 sed
1523 3104 1715 3158 tutum
1749 3106 2038 3178 opportu-

2125 3091 2355 3172 ἀσφαλὲς
2415 3093 2500 3147 καὶ
2531 3093 2734 3170 καίριον
2791 3092 2965 3171 ἔχεις.
3031 3091 3255 3172 Γράφειν
3286 3091 3385 3166 μὲν
3441 3092 3541 3168 γὰρ
3569 3090 3644 3147 ’ἐνι
3687 3091 3775 3146 καὶ

389 3177 657 3270 numque
689 3177 1019 3268 possideas.
1069 3185 1339 3248 Facultas
1371 3185 1531 3248 enim
1567 3193 1676 3263 est,
1711 3177 1884 3248 etiam
1920 3205 2038 3248 non

2125 3181 2202 3256 μὴ
2266 3186 2528 3260 φιλοῦντι,
2579 3183 2879 3256 μεμνῆσθαι
2937 3177 2991 3236 δὲ
3041 3184 3130 3236 καὶ
3209 3181 3343 3236 κατὰ
3403 3187 3519 3237 νοῦι
3597 3179 3767 3260 ἔχειν,

387 3267 638 3352 amanti,
673 3267 873 3337 literas
904 3273 1170 3337 scribere
1199 3295 1214 3351 ;
1246 3283 1303 3336 at
1335 3275 1626 3338 memoria
1654 3274 1950 3354 recolere,
1980 3287 2038 3340 et

2125 3271 2184 3327 τὸ
2242 3271 2320 3346 μὴ
2377 3269 2563 3349 φιλίως
2619 3269 2772 3350 ἕχον,
2833 3267 3112 3329 ἀδύνατον.
3171 3271 3226 3326 Εἰ
3285 3267 3339 3324 δέ
3396 3269 3485 3326 καί
3537 3269 3774 3326 τοιοῦτόν

392 3376 592 3430 mente
624 3365 908 3439 retinere,
942 3363 1044 3446 qui
1077 3363 1338 3426 amicitia
1382 3365 1742 3446 conjunctus
1774 3385 1893 3428 non
1925 3373 2036 3441 est,

390 3457 622 3537 nequit.
681 3454 846 3527 Quod
875 3454 924 3515 si
954 3453 1316 3535 quandoque
1349 3454 1466 3516 tale
1511 3456 1847 3536 scripserit,
1880 3456 2038 3536 quod

389 3543 729 3608 necessario
752 3560 1108 3623 responsum
1135 3549 1603 3624 exigat,prorsus
1622 3552 1684 3606 et
1704 3543 2042 3607 scribemus

388 3645 449 3698 et
482 3630 1006 3716 respondebimus.
1031 3630 1276 3693 Interim
1309 3633 1485 3695 modo
1509 3642 1570 3695 tu
1595 3651 1802 3716 preces
1830 3633 2038 3710 funde,

387 3734 448 3787 et
479 3725 668 3788 Deum
699 3720 1240 3804 supplicationibus
1269 3740 1516 3786 exorare
1542 3743 1662 3787 non
1692 3725 1955 3800 desinas,
1983 3732 2045 3786 ut

391 3832 676 3898 prospere
707 3813 902 3889 nobis,
939 3830 1072 3894 quae
1097 3829 1218 3894 prta
1249 3813 1524 3878 manibus
1555 3823 1713 3891 sunt,
1740 3815 2039 3878 eveniant.

1162 3911 1262 3975 VI.

468 4011 754 4073 Decursis
777 4018 890 4074 tua!
910 4009 1668 4091 pietatislitteris,mentem
1690 4019 1747 4072 et
1765 4029 2037 4092 scopum,

390 4101 491 4181 qui
524 4099 585 4160 in
619 4099 737 4160 illis
760 4099 1002 4171 latebat,
1027 4117 1244 4180 capere
1271 4117 1386 4160 non
1422 4100 1744 4179 potuimus.
1773 4101 2040 4180 Namque

389 4189 596 4251 volens
628 4197 684 4248 et
715 4187 932 4259 libens,
967 4207 1099 4249 cum
1135 4191 1192 4248 in
1221 4189 1448 4264 gremio
1481 4190 1834 4250 sententiam
1861 4189 2037 4251 abdi-

393 4278 608 4351 disses,
652 4275 856 4336 multis
889 4293 998 4336 nos
1027 4294 1093 4336 ac
1124 4276 1307 4336 variis
1339 4275 1646 4337 erroribus
1691 4278 2033 4360 implicasti,

387 4385 520 4428 cum
541 4383 660 4426 non
685 4371 865 4438 esset,
889 4361 988 4424 ubi
1021 4362 1312 4445 exquisita
1332 4365 1418 4425 rei
1436 4365 1749 4445 propositae
1763 4385 2038 4448 compre-

390 4455 680 4516 hensione
712 4462 976 4515 mentem
1009 4453 1403 4515 ﬁrmaremus.
1459 4455 1630 4527 Quod
1662 4457 1712 4518 si
1743 4476 1873 4538 qnaa
1904 4459 2036 4538 ipse

2122 3361 2171 3417 τί
2214 3381 2344 3418 ποτε
2374 3360 2612 3438 γράψῃς,
2645 3360 2762 3416 οἷον
2793 3359 3094 3436 ἀναγκαίως
3155 3358 3410 3414 ἁπαιτοῦν
3439 3358 3539 3424 τὴν
3568 3357 3774 3415 ἀπολοο

2125 3449 2280 3528 γίαν,
2355 3451 2444 3505 καὶ
2505 3449 2782 3526 γράψομεν
2862 3447 3076 3511 πάντως
3146 3449 3232 3504 καὶ
3300 3445 3769 3525 ἀπολογησόμεθα,

2129 3539 2299 3596 Μόνον
2330 3539 2486 3600 αὐτὸς
2531 3539 2716 3616 εὔχου,
2749 3537 2838 3594 καὶ
2888 3551 3011 3601 ταῖς
3043 3538 3174 3615 πρὸς
3225 3537 3286 3592 τὸ
3317 3542 3476 3593 Θετον
3532 3534 3776 3602 δεήσεσιν

2126 3625 2332 3685 εὔοδοῦν
2369 3627 2506 3702 ἡμῖν
2550 3628 2614 3682 τὰ
2645 3625 2697 3683 ἐν
2721 3626 2899 3704 χερσὶ,
2935 3626 3013 3701 μὴ
3041 3623 3252 3701 ἀμέλει.

2889 3901 2991 3977 ς’.

2204 4015 2330 4069 To’tc
2391 4009 2487 4074 τῆς
2553 4008 2654 4071 σῆς
2709 4001 3002 4083 θεοφιλείας
3058 4001 3364 4081 γράμμασιν
3423 4002 3772 4084 ἑντῦχὸντες,

2119 4102 2214 4154 τοῦ
2282 4094 2337 4150 ἐν
2421 4097 2601 4157 οὖτοτς
2677 4091 3149 4168 ἀποκεκρυμμένου
3225 4097 3428 4148 σκοποῦ
3502 4091 3770 4171 ἐφικέσθαι

2122 4184 2215 4240 οὒκ
2270 4182 2628 4256 ἠδυνήθημεν,
2689 4181 2912 4260 ἀσαφείᾳ
2971 4181 3071 4259 γὰρ
3131 4182 3344 4253 ἑκουσίᾳ
3387 4182 3483 4250 τὴν
3539 4181 3771 4237 διάνοιαν

2120 4276 2487 4353 συγκαλύχας,
2543 4273 2615 4334 εἰς
2667 4269 2870 4334 πόλλάς
2928 4271 3072 4345 ἡμᾶς
3131 4273 3219 4328 καὶ
3275 4269 3554 4350 διαφόρους
3615 4292 3769 4348 περι-

2119 4363 2413 4420 πλανᾶσθαι
2456 4381 2778 4431 πεποιηκας,
2843 4359 2922 4433 μὴ
2983 4358 3208 4437 ἔχοντας
3260 4357 3369 4426 ὅπη
3434 4364 3645 4433 στῶμεν
3699 4364 3769 4431 τῇ

2119 4449 2329 4531 ἀκριϐεῖ
2403 4451 2705 4525 καταλήψει
2780 4455 2873 4505 τοῦ
2933 4447 3298 4523 προκειμένο).
3383 4449 3437 4504 Εἰ
3511 4447 3610 4520 μὲν
3681 4450 3769 4503 οὖν

386 4542 495 4605 tibi
517 4561 920 4624 proposueras
940 4541 1112 4604 nobis
1135 4535 1791 4618 occultare,tibieratin
1808 4535 2030 4621 animo,

2125 4539 2344 4610 ἠϐούλου
2404 4540 2482 4618 μὴ
2540 4541 2794 4606 νοηθῆναι
2850 4537 2916 4593 τὰ
2969 4543 3061 4594 τοῦ
3124 4535 3348 4611 σκοποῦ,
3410 4535 3768 4614 πεπλήρωται

390 4633 572 4695 ﬁnem
597 4634 720 4713 jam
755 4631 1020 4694 habuere
1052 4651 1157 4714 pro
1192 4640 1291 4693 tua
1321 4634 1638 4698 sententia.
1675 4633 1874 4708 Quare
1898 4653 2036 4699 vero

392 4732 450 4786 et
480 4723 543 4784 in
569 4722 696 4802 ipso
723 4723 994 4802 ingressu
1027 4739 1098 4783 ea
1131 4739 1372 4802 prorsus
1402 4741 1520 4785 non
1553 4723 1748 4785 texisti
1770 4724 2032 4801 silentio,

392 4811 496 4875 sed
529 4811 760 4874 litteras
789 4829 924 4873 cum
958 4810 1076 4873 illis
1105 4812 1584 4894 communicasti,
1611 4831 1761 4894 quos
1791 4814 2038 4878 nolebas

390 4899 612 4963 habere
643 4899 966 4982 participes
997 4919 1228 4976 eorum,
1259 4919 1393 4982 quae
1428 4918 1540 4981 per
1569 4900 1704 4964 illas
1731 4902 2034 4983 significa-

390 4988 630 5053 bantur.
665 4988 834 5062 Quod
867 4989 917 5050 si
953 5008 1086 5070 qua:
1115 4989 1438 5072 scripseras
1459 4991 1702 5052 omnino
1725 4993 2038 5055 manifesta

390 5081 463 5141 iis
495 5096 626 5142 esse
659 5078 927 5155 volebas,
987 5078 1060 5140 ad
1094 5097 1244 5160 quos
1275 5078 1594 5162 scripsisti,
1629 5082 1770 5162 quid
1807 5081 2039 5144 tibimet

387 5169 503 5252 ipsi
533 5168 890 5244 adversaris,
917 5186 1046 5230 rem
1085 5187 1378 5249 peragens
1410 5169 1597 5232 nihilo
1619 5169 1694 5231 ab
1721 5171 2039 5248 aenigmate

387 5257 768 5333 dissimilem,
802 5267 866 5320 ut
895 5275 1031 5340 quae
1058 5275 1252 5339 neque
1283 5256 1490 5334 velles,
1523 5277 1592 5320 ea
1624 5259 1750 5340 ipsa
1797 5259 1949 5321 velle
1979 5268 2039 5322 te

387 5346 902 5429 deprehendaris?
953 5348 1014 5408 Si
1074 5349 1270 5429 itaque
1302 5365 1552 5427 prorsus
1581 5365 1740 5422 aves,
1772 5346 1947 5410 sicuti
1981 5355 2038 5411 te

387 5437 540 5499 velle
563 5445 650 5500 sat
671 5436 820 5512 scio,
840 5454 1018 5518 quam
1041 5437 1247 5499 volens
1271 5435 1531 5497 oﬂ‘udisti
1553 5436 1792 5516 scriptis
1814 5436 2035 5500 obscu-

389 5527 652 5601 ritatem,
689 5527 891 5606 rejice,
933 5535 991 5587 et
1024 5525 1109 5588 tui
1139 5525 1377 5608 consilii
1423 5526 1786 5588 sententiam
1843 5525 2034 5606 aperi.

388 5610 594 5694 Neque
627 5614 785 5675 enim
819 5614 1115 5696 quispiam
1142 5614 1218 5676 de
1238 5622 1296 5676 te
1319 5614 1559 5689 dixerit,
1577 5615 1875 5678 voluntate
1899 5616 2033 5698 qui-

2118 4654 2200 4689 σοι
2257 4631 2323 4687 τὰ
2371 4631 2506 4686 κατὰ
2549 4629 2797 4706 γνώμην,
2845 4626 2904 4684 Τί
2934 4623 2985 4681 δὲ
3047 4626 3124 4699 μὴ
3176 4627 3273 4692 τὴν
3323 4624 3502 4704 ἀρχὴν
3551 4626 3768 4690 τελείως

2120 4721 2530 4799 ἆμεσιωμησας,
2574 4717 2693 4773 ἀλλ’
2745 4717 3040 4781 εκείνωνεις
3097 4714 3451 4794 γραμμάτων,
3508 4715 3598 4779 οὖς
3671 4717 3766 4774 οὐκ

2119 4808 2346 4880 ἠϐούλου
2401 4809 2683 4868 κοινωνοὺς
2726 4804 2885 4886 ἕξειν,
2933 4806 3021 4861 καὶ
3068 4804 3176 4862 τῶν
3231 4802 3300 4860 δι’
3346 4804 3516 4860 αὐτῶν
3564 4801 3766 4871 δηλου-

2121 4900 2344 4977 μένων,
2405 4899 2461 4956 El
2491 4897 2623 4974 ἅπερ
2672 4894 2909 4973 ἔγραψας
2939 4892 3076 4961 δῆλα
3131 4893 3344 4959 πάντως
3388 4893 3565 4970 βούλει
3609 4894 3766 4972 γενέ..

2123 4993 2240 5048 σθαι
2289 5001 2409 5052 τοῖς
2439 4988 2569 5066 πρὸς
2615 4984 2704 5049 οὓς
2730 4983 2990 5063 ἔγραψας,
3024 4984 3075 5040 τί
3123 4982 3279 5047 αὐτὸ(
3309 4987 3515 5056 σεαυτῷ
3563 4981 3770 5062 ἐλέγχῃ

2123 5077 2547 5158 διαμαχόμενος,
2606 5073 2824 5153 πρᾶγμά
2879 5094 2928 5128 τι
3003 5079 3196 5144 ποιῶν,
3244 5071 3369 5150 παρ’
3427 5068 3574 5130 οὐδὲν
3629 5072 3770 5127 αἰνί-

2123 5188 2325 5246 γματος
2374 5163 2676 5243 διαλάττον,
2708 5165 2797 5220 καὶ
2852 5161 3051 5240 ἅπερᾶν
3098 5159 3322 5234 ἐθέλοις,
3355 5160 3409 5216 ἰν
3464 5166 3639 5234 ταυτῴ
3689 5161 3769 5232 μὴ

2121 5256 2288 5314 θέλων
2344 5255 2712 5335 φαινόμενος;
2774 5252 2832 5310 Ei
2862 5251 2950 5308 οὖν
3005 5248 3142 5314 ὅλως
3173 5247 3378 5329 βούλει,
3410 5249 3590 5325 ὥσπερ
3645 5246 3770 5306 οἶδα

2119 5347 2206 5404 καὶ
2254 5344 2454 5421 βούλει,
2490 5342 2694 5421 περίελε
2750 5341 2816 5410 ἣν
2877 5341 3012 5396 ἑκὼν
3056 5337 3310 5417 κατέχεις
3367 5343 3473 5394 τῶν
3523 5356 3768 5415 γεγραμ-

2120 5436 2294 5510 μένων
2364 5433 2646 5510 ἀσάφειαν,
2689 5432 2777 5486 καὶ
2841 5433 3081 5507 καθαρῶς
3142 5429 3282 5502 ἡμῖν
3338 5424 3502 5496 δήλου
3554 5425 3620 5481 τὰ
3677 5430 3768 5480 τοῦ

2120 5531 2343 5584 σκοποῦ.
2407 5522 2479 5580 0-3
2522 5521 2621 5598 γὰρ
2678 5519 2740 5574 ἅν
2791 5540 2871 5583 τις
2935 5518 3022 5574 ἐπὶ
3075 5517 3157 5574 σοὶ
3212 5514 3430 5588 λέξειεν,
3488 5513 3765 5590 βούλεσθαι

2118 5617 2241 5695 μὶν,
2309 5613 2388 5689 μὴ
2444 5609 2686 5667 δύνασθαι
2755 5606 2836 5681 δὲ,
2892 5607 2982 5663 καὶ
3057 5603 3384 5682 ἀτονωτέραν
3459 5601 3609 5682 ἔχειν
3664 5605 3764 5669 τῆν
