4128 6198
202 407 315 479 233

1679 412 2092 478 EPISTOLE.

3461 425 3575 491 234

201 550 442 628 γλῶτταν
495 549 590 617 τῆς
623 549 877 629 διανοίας,
911 550 970 614 ὃς
1024 549 1213 616 νοῆσαί
1273 550 1579 640 τεηάγαθὸς
1639 555 1715 626 εἶ,
1764 555 1848 609 καὶ

1954 550 2068 640 lem
2102 552 2328 626 valere,
2361 553 2467 615 sed
2493 553 2714 616 viribus
2744 555 2985 618 destitui
3018 564 3077 618 et
3098 557 3356 638 linguam
3382 563 3579 640 possi-

201 624 520 717 έρμηνεῦσαι
587 641 648 695 τὸ
691 639 878 707 νοηθὲν
935 639 1284 703 ἱκανώτατος,
1348 624 1408 696 "0
1467 637 1520 694 δὲ
1590 643 1720 720 πρὸς
1779 650 1855 716 τῷ

202 729 337 786 τέλει
381 737 476 801 τῆς
535 727 822 795 ἐπιστολῆς
884 729 1144 807 ἔγραψας,
1205 727 1606 803 ἀποδυσπετῶν,
1641 732 1728 788 καὶ
1787 733 1852 788 τὰ

203 819 424 897 μέγιστα
480 817 737 893 ἀθυμῶν,
809 819 988 895 ὥσπερ
1046 819 1148 874 ὑπὸ
1219 819 1410 878 τούτου
1481 819 1847 896 κωλυόμενος,

200 914 290 964 τοῦ
339 909 420 974 μὴ
449 913 548 974 τῆς
606 909 763 981 ἡμῶν
810 907 1096 964 ἀπολαύειν
1154 908 1248 965 καὶ
1297 908 1419 973 θέας
1472 910 1559 966 καὶ
1611 910 1847 986 ὁμιλίας⁶

201 999 285 1054 καὶ
340 994 458 1052 τόδε
518 996 660 1074 παρὰ
716 997 796 1053 σοὶ
855 1009 1052 1055 κεϊταυ
1115 1004 1208 1053 σοῦ
1251 997 1350 1074 γὰρ
1395 997 1716 1075 βουλομένου
1762 1001 1850 1058 καὶ

1938 639 2088 730 dere
2114 640 2473 720 cogitatione
2501 642 2980 721 imbecilliorem,
3017 652 3118 727 qui
3158 655 3216 709 et
3245 639 3580 730 intelligere

1940 729 2194 791 maxime
2227 731 2436 810 possis,
2467 740 2526 794 et
2555 733 2859 795 intellectu
2889 744 3178 816 concepta
3225 737 3425 800 verbis
3456 729 3578 802 Vex-

1936 817 2195 897 primere
2225 821 2499 900 apprime
2540 822 2903 902 peridoneus
2934 842 3018 885 es.
3070 828 3158 888 Ac
3189 828 3346 907 quod
3376 828 3438 890 in
3463 829 3583 892 fine

1936 907 2206 988 epistola
2234 911 2558 990 scripseras
2585 912 2921 993 fastidiens,
2945 921 3003 975 et
3024 921 3143 977 tete
3173 914 3354 978 animi
3387 919 3580 979 maxi-

1934 1015 2184 1078 m0pere
2215 1017 2467 1081 angens,
2497 1001 2667 1080 quasi
2697 1001 2770 1064 ab
2811 1003 2924 1065 hoc
2962 1003 3369 1086 impedireris,
3416 1024 3491 1069 ne
3523 1015 3582 1069 et

200 1088 350 1161 ἡμῶν
397 1084 707 1160 ἐθελόντων,
743 1086 820 1150 τίς
880 1085 984 1142 ἰσθ’
1045 1087 1073 1142 ὁ
1119 1085 1385 1160 κωλύων;
1433 1095 1694 1164 ζητοῦμεν
1735 1113 1847 1164 μα·-

1954 1095 2171 1167 ιερεοιυ
2201 1097 2405 1150 nostro
2455 1097 2513 1151 et
2559 1090 2856 1172 colloquio
2901 1084 3206 1169 fruereris,
3240 1084 3448 1157 hocin
3483 1103 3582 1158 tua

200 1179 334 1236 θεῖν.
402 1175 549 1242 Πλὴν
609 1173 745 1232 ἀλλά
789 1176 876 1232 καὶ
938 1174 1111 1248 ἀπὼν,
1148 1177 1226 1250 μὴ
1270 1177 1447 1248 παύσῃ
1503 1178 1844 1252 μεμνημένος

1954 1196 2172 1257 [neque
2201 1196 2378 1240 manu
2405 1185 2514 1242 est.
2544 1180 2694 1242 Nam
2718 1180 2770 1241 si
2802 1179 2909 1242 tibi
2938 1180 3001 1242 in
3031 1183 3228 1245 animo
3253 1192 3366 1261 est,
3391 1193 3451 1247 et
3470 1202 3580 1246 nos

201 1266 375 1338 ἡμῶν,
409 1266 496 1320 καὶ
527 1266 588 1321 τὸ
647 1272 806 1322 Θετον
837 1266 971 1340 ἡμῖν
1025 1286 1082 1320 τε
1115 1266 1201 1320 καὶ
1258 1271 1334 1338 τῷ
1363 1264 1477 1339 λαῷ
1534 1264 1618 1324 διὰ
1648 1269 1845 1333 παντὸς

1954 1284 2049 1328 iou
2098 1265 2440 1342 abnuimus,
2495 1268 2628 1350 quis
2678 1269 2857 1332 fuerit
2913 1269 3398 1351 impedimento?
3452 1274 3578 1338 Hoc

201 1352 537 1429 έλεούμενος.

569 1638 646 1702 κ’,
686 1640 1065 1713 Κωδσταντίνῳ
1094 1646 1171 1713 τῷ
1214 1641 1480 1714 Ῥωμαίῳ.

289 1745 579 1824 Γράμματά
639 1766 729 1819 μοι
758 1744 856 1811 ἧκε
909 1743 1049 1819 παρᾶ
1078 1745 1175 1808 τῆς
1234 1742 1393 1822 φίλης
1425 1745 1541 1817 ἐμοὶ
1591 1747 1676 1802 καὶ
1717 1768 1846 1824 χει-

1930 1355 2410 1436 perquirentibus
2431 1357 2657 1422 indica.
2673 1357 2974 1436 Quidquid
2997 1359 3232 1423 tandem
3257 1361 3356 1443 sit,
3371 1363 3582 1426 ethinc

1923 1444 2166 1526 absens,
2203 1447 2391 1509 nostri
2422 1448 2612 1510 vivam
2650 1456 2940 1529 perpetuo
2973 1451 3320 1514 memoriam
3346 1461 3574 1530 teneto,

1925 1535 2156 1597 Numen
2190 1534 2364 1598 nobis
2393 1544 2452 1598 et
2482 1536 2706 1618 populo
2735 1537 3019 1601 continuo
3063 1539 3416 1621 propitians.

2294 1637 2420 1702 VII.
2467 1639 2874 1703 Constantino
2917 1640 3219 1705 Romano.

2012 1734 2280 1799 Reddita
2297 1745 2438 1800 sunt
2457 1737 2604 1799 mihi
2626 1739 2836 1801 littera
2859 1739 2933 1802 ab
2959 1740 3151 1803 amica
3173 1742 3319 1804 mihi
3335 1752 3583 1808 etmanu

203 1837 293 1916 ρος
352 1838 448 1891 κοιλ⁸
493 1835 762 1912 γλώττης.
843 1833 1137 1910 Γράμματα
1203 1831 1404 1911 φιλίας,
1463 1831 1593 1900 ὅσης
1652 1832 1846 1902 ἡδονῆς

1954 1825 2248 1916 :tlingua;
2284 1826 2496 1916 littera
2527 1827 2807 1890 amicitia
2864 1829 3138 1891 maximis
3186 1832 3586 1914 voluptatibus

203 1914 588 1994 ἀποστάζοντα.
654 1921 797 1999 Ἐγὼ
856 1920 910 1977 δὲ
970 1921 1225 2000 ἠχθόμην
1285 1919 1470 2000 διπλῆ,
1517 1923 1662 2002 φιλία
1711 1925 1854 2001 πάσῃ

1954 1914 2273 1977 :umulata.
2300 1915 2420 1995 Ego
2451 1933 2589 1980 vero
2621 1934 2775 1997 agre
2808 1917 2912 1981 tuli
2934 1918 3275 2000 dupliciter,
3307 1922 3588 1985 amicitia

203 2013 556 2090 μικροψύχως
611 2010 954 2088 ἐπαρώμενος
982 2011 1071 2066 καὶ
1121 2011 1490 2090 μεμφόμενος,
1523 2011 1582 2067 οὔ
1626 2017 1702 2083 τῷ
1731 2033 1852 2068 στε-

203 2105 409 2181 ρεῖσθαι
443 2100 605 2175 μόνον
648 2107 742 2156 τοῦ
769 2098 1107 2178 φιλουμένου,
1144 2098 1281 2156 ἀλλα
1312 2101 1400 2156 καὶ
1432 2107 1506 2173 τῷ
1537 2101 1856 2181 παραζηλῶ-

203 2214 289 2248 σαι
320 2190 512 2264 πλέον,
537 2191 624 2246 καὶ
652 2187 834 2254 δεινῶς
866 2190 1270 2261 ὑποκνισθῆναι,
1294 2191 1386 2245 καί
1411 2193 1601 2246 παθεῖν
1623 2191 1721 2257 τὴν
1746 2196 1853 2266 ψυ-

1939 2005 2254 2079 universa,
2283 2007 2450 2085 quasi
2474 2007 2669 2086 pusilli
2699 2007 2883 2068 animi
2911 2025 3128 2080 essem,
3148 2009 3509 2090 imprecans,
3528 2021 3588 2074 et

1937 2112 2066 2157 eam
2100 2112 2414 2170 accusans,
2441 2104 2496 2156 et
2515 2115 2630 2175 quo
2666 2104 2723 2158 te
2752 2104 2945 2159 amato
2978 2097 3291 2177 spoliarer,
3316 2109 3398 2181 et,
3425 2100 3586 2183 quod

1938 2185 2127 2264 magis
2148 2193 2260 2261 est,
2285 2184 2628 2248 invidentia
2650 2185 2905 2266 quodam
2938 2195 3101 2249 motu
3121 2188 3363 2270 acrique
3389 2189 3588 2271 pruri-

203 2281 338 2361 χὴν,
373 2280 454 2360 ἐφ’
486 2282 571 2342 οἷς
602 2277 805 2356 ἒτέρους
858 2278 956 2352 μὲν
987 2277 1166 2355 ἑώρων
1199 2278 1528 2356 γραμμάτων
1561 2277 1853 2337 ἀπολαύον·

1954 2275 2074 2353 ςὶηο
2114 2275 2420 2350 concitus,
2472 2275 2671 2337 animo
2727 2275 3064 2354 deficerer,
3113 2297 3248 2340 cum
3293 2279 3425 2341 aliis
3456 2290 3588 2343 tuas

203 2393 297 2431 τας
343 2375 474 2442 σῶν,
512 2368 607 2442 ἐμὲ
637 2368 816 2439 ὥσπερ
845 2365 1186 2442 ἠμελημένον
1216 2369 1309 2424 τὸν
1343 2368 1484 2444 παρά
1519 2369 1601 2424 σοὶ
1632 2366 1854 2447 Ὀρέστῃ

207 2458 336 2516 ποτὲ
385 2455 626 2524 Πυλάδην
670 2457 820 2514 ε’ίναι
869 2456 1134 2532 οἰόμενον,
1198 2455 1365 2513 Ἀλλά
1420 2463 1508 2512 νῦν
1555 2457 1742 2537 ἐπέχω
1796 2460 1857 2516 τὸ

207 2549 392 2629 χρέος,
454 2546 742 2612 ἐπιστολὴν
785 2543 1090 2621 δεξάμενος,
1148 2547 1339 2624 μικρὰν
1388 2547 1510 2620 μὲν,
1564 2545 1734 2614 καλὴν
1778 2546 1853 2604 δέ’

207 2635 313 2696 οὔδ’
369 2636 494 2693 ὅσον
523 2637 721 2708 εἰπεῖν,
753 2635 838 2692 κοί
895 2637 956 2693 ού
994 2648 1167 2712 τρεῖς,
1202 2633 1339 2692 ἀλλά
1382 2635 1568 2714 μυρίας
1628 2635 1858 2716 ἔχουσαν

207 2729 298 2793 τὰς
363 2727 417 2782 ὲν
473 2726 604 2801 αὐτῇ
662 2725 912 2804 χάριτας,
975 2731 1141 2802 Χαῖρε
1190 2733 1489 2804 τοιγαροῦν,
1524 2726 1609 2781 καὶ
1665 2727 1856 2806 γράφε,

207 2818 294 2873 καὶ
367 2829 482 2879 τοῖς
551 2815 808 2879 τοιούτοις
891 2811 1120 2883 ἡδίστοις
1205 2815 1481 2891 γράμμασι
1553 2819 1864 2891 παραμυθοῦ

208 2907 419 2985 ψυχὴν,
454 2905 600 2977 πόθῳ
649 2910 728 2978 τῷ
787 2905 904 2983 περὶ
953 2903 1011 2958 σὲ
1084 2904 1409 2978 κάμνουσαν
1459 2906 1531 2965 ὡς
1581 2905 1746 2979 ἡμεῖς
1801 2925 1862 2982 γε

213 2995 276 3050 τὰ
307 2995 378 3052 σὰ
411 2993 566 3060 ἀξίως
598 2992 918 3068 ἐπαινοῦμεν
949 2992 1236 3068 μηδαμῶς,
1271 2994 1522 3073 φιλοῦμεν
1566 2991 1643 3052 δέ.

733 3278 800 3338 Η¹
813 3323 828 3340 .
877 3286 963 3354 Τῷ
1009 3276 1315 3342 Λαοδικείας
1331 3325 1342 3339 .

288 3388 655 3466 Ἐγκαλοῦμαι
710 3385 824 3462 οῦν,
864 3386 946 3468 ἐφ’
993 3386 1082 3449 οἷς
1143 3389 1237 3445 οῦκ
1291 3385 1400 3442 ἔστι
1430 3408 1523 3462 μοι
1580 3384 1864 3462 ἀπολογή-

216 3483 405 3536 σασθαι
448 3475 647 3556 ῥᾴδιον,
679 3477 782 3556 ούχ
816 3477 888 3541 ὡς
940 3476 1226 3553 ἀποροῦντι
1261 3473 1579 3555 ἀπολογίας,
1611 3473 1736 3530 ἀλλ’
1792 3477 1865 3538 ὡς

217 3569 499 3645 ἀποροῦντι
559 3564 798 3645 σχολῆς,
833 3563 982 3631 Πλὴν
1035 3565 1096 3620 τὸ
1147 3563 1244 3639 μὲν
1276 3565 1488 3635 σιωπᾷν
1539 3562 1868 3642 ἑγκαλεϊσθω

217 3674 329 3732 μοι’
361 3658 588 3736 μετέχει
618 3655 720 3732 γὰρ
748 3655 1021 3730 ἀληθείας,
1055 3653 1152 3709 κᾶν
1184 3653 1321 3727 μηδὲ
1351 3654 1674 3731 συγγνώμης
1704 3654 1869 3720 ἀμοι-

218 3752 306 3824 ρῇ·
331 3744 470 3802 τὸδὲ
494 3745 572 3820 μὴ
599 3743 798 3822 φιλεῖν,
829 3741 966 3818 μηδέ
987 3763 1140 3822 ποτε,
1164 3743 1198 3810 ἢ
1230 3741 1325 3798 καὶ
1347 3743 1408 3798 τὸ
1429 3743 1506 3818 μὴ
1525 3744 1645 3799 κατ’
1669 3741 1870 3822 ἄνθρω-

219 3858 316 3892 πον
376 3833 678 3913 λογίζεσθαι
709 3833 983 3912 πρότερον
1043 3831 1141 3888 κᾶν
1192 3833 1239 3888 οἱ
1296 3831 1445 3910 λόγοι
1491 3833 1570 3903 μὴ
1613 3831 1872 3912 φέρωνται

220 3927 348 4002 πρὸς
379 3923 508 3986 τοὺς
535 3921 739 4003 φίλους.
775 3920 918 4001 Ἐγὼ
960 3922 1060 4000 γὰρ
1091 3919 1238 3984 ὅπως
1269 3920 1385 4000 ἔχω
1415 3919 1591 4000 φιλίας
1623 3922 1752 3999 πρὸς
1785 3923 1867 3998 σὲ,

222 4016 304 4070 καὶ
335 4014 493 4072 αῦτὸς
526 4009 700 4086 οἶδας,
735 4011 794 4074 ὅς
825 4033 885 4089 γε
915 4020 1068 4069 τοῦτο
1097 4009 1228 4074 τέως
1265 4008 1582 4089 ὁμολογεῖς,
1614 4009 1695 4066 ὅτι
1728 4034 1868 4089 παρ-

221 4105 344 4159 όντα
375 4101 540 4182 φιλῶ.
576 4099 725 4158 Ἐπεὶ
781 4097 834 4156 δὲ
864 4106 1042 4180 τοῦτο,
1077 4098 1212 4167 μηδὲ
1255 4105 1332 4172 τῷ
1363 4099 1527 4178 ἑτέρῳ
1573 4098 1872 4169 διαπιστή-

223 4214 339 4270 σῃς,
371 4191 458 4247 ὅτι
490 4193 578 4246 καὶ
599 4190 800 4246 ἀπόντα
823 4189 1009 4250 πλέον.
1037 4189 1297 4269 Θαρόντος
1333 4189 1430 4260 μὲν
1449 4189 1548 4266 γὰρ
1577 4190 1732 4245 ἱκανά
1763 4212 1872 4246 πα-

1939 2364 2165 2426 litteras
2196 2363 2367 2426 reddi
2398 2381 2738 2444 cernerem,
2776 2383 2874 2427 me
2903 2383 3067 2441 vero,
3125 2367 3227 2447 qui
3268 2369 3588 2448 aliquando

1940 2454 2094 2534 apud
2131 2462 2187 2516 te
2214 2454 2488 2516 Orestem
2542 2454 2790 2534 Pylades
2838 2473 2972 2516 esse
3023 2455 3426 2533 existimabar,
3478 2475 3588 2518 ne-

1942 2542 2201 2621 glectum
2226 2544 2595 2624 contemptui
2619 2542 2848 2606 haberi.
2878 2547 2954 2606 At
2975 2563 3134 2605 nunc
3163 2562 3301 2606 vere
3322 2545 3589 2606 debitum

1943 2631 2091 2693 mihi
2137 2631 2440 2708 tribuitur,
2496 2633 2636 2693 dum
2691 2632 2919 2712 accipio
2969 2633 3308 2712 epistolam,
3353 2651 3588 2714 parvam

1942 2720 2104 2782 illam
2162 2721 2428 2803 quidem,
2476 2721 2581 2783 sed
2631 2720 2782 2782 adeo
2840 2721 3172 2801 pulchram,
3220 2732 3284 2783 ut
3312 2739 3590 2783 sermone

1945 2810 2195 2891 exPrimi
2242 2816 2536 2892 nequeat;
2591 2819 2650 2872 et
2697 2825 2821 2871 non
2867 2809 3088 2885 tribus,
3121 2811 3228 2873 sed
3259 2809 3594 2872 innumeris

1947 2897 2168 2962 Gratiis
2195 2898 2498 2961 refertam.
2532 2895 2747 2959 Valeas
2774 2898 2948 2976 igitur
2967 2897 3335 2980 scribasque,
3359 2906 3419 2962 et
3439 2900 3595 2980 ejus-

1947 2987 2111 3050 modi
2136 2985 2548 3050 minutissimis
2578 2985 2845 3067 epistolis
2868 3004 2941 3049 οι
2967 2995 3067 3048 tuo
3087 3005 3295 3050 amore
3325 2989 3595 3049 animum

1947 3076 2313 3140 laborantem
2354 3092 2615 3138 recrees.
2650 3075 2750 3138 Sic
2783 3092 2896 3138 nos
2924 3083 3025 3138 tua
3078 3076 3257 3156 digne
3287 3075 3598 3140 laudamus

1949 3165 2225 3246 equidem
2261 3183 2591 3244 nunquam,
2619 3165 2728 3229 sed
2756 3165 2932 3247 plane
2960 3182 3235 3231 amarius.

2474 3272 2628 3338 VIII.
2674 3273 3057 3338 Laodicensi.

2029 3383 2298 3444 Accusor
2328 3399 2509 3453 nunc,
2532 3399 2637 3461 pro
2659 3379 2876 3462 quibus
2897 3399 3017 3442 non
3034 3381 3116 3443 ita
3134 3381 3323 3445 facilis
3340 3397 3598 3463 respon-

1950 3471 2037 3532 sio
2061 3479 2146 3531 est
2173 3489 2188 3530 :
2217 3488 2334 3531 non
2361 3468 2518 3550 quod
2545 3470 2940 3550 responsione
2970 3469 3288 3548 destituor,
3317 3470 3422 3534 sed
3442 3471 3602 3554 quod

1951 3559 2136 3621 otium
2161 3576 2281 3619 non
2303 3557 2588 3638 suppetit.
2615 3560 2893 3619 Attamen
2917 3557 3224 3621 silentium
3248 3560 3393 3622 mihi
3417 3561 3607 3640 impe-

1953 3657 2156 3712 ratur:
2192 3663 2450 3727 namque
2470 3645 2529 3706 id
2560 3665 2595 3706 a
2616 3645 2860 3707 veritate
2889 3645 3152 3709 alienum
3186 3666 3305 3710 nou
3328 3657 3442 3724 est,
3465 3648 3606 3711 licet

1955 3740 2127 3800 venia
2174 3734 2572 3800 excusationis
2623 3753 2745 3796 non
2791 3745 3039 3798 careat:
3093 3755 3263 3799 amor
3292 3755 3433 3800 vero
3465 3755 3606 3816 erga

1954 3829 2202 3900 amicos,
2231 3841 2535 3904 nunquam
2563 3823 3080 3903 mihidenegetur,
3106 3830 3310 3886 aututi
3340 3825 3611 3888 homines

1957 3935 2077 3980 non
2108 3912 2477 3989 ratiocinari,
2510 3912 2624 3973 etsi
2655 3931 2965 3975 sermones
2993 3915 3064 3976 ad
3099 3915 3324 3976 amicos
3353 3933 3474 3976 non
3505 3913 3608 3975 de-

1953 4008 2244 4070 ferantur.
2278 4002 2399 4084 Ego
2429 4002 2652 4066 etenim
2686 4020 2802 4083 qua
2835 4011 3034 4065 tecum
3083 4003 3346 4066 amicitia
3392 4002 3606 4065 devin-

1956 4097 2106 4171 cior,
2134 4101 2258 4156 tute
2299 4093 2430 4174 ipse
2447 4093 2570 4174 jam
2595 4091 2752 4154 bene
2783 4093 2962 4164 nosti,
2996 4093 3103 4171 qui
3135 4110 3246 4154 nec
3272 4092 3503 4154 inficias
3532 4091 3608 4166 is,

1959 4191 2317 4268 prasentem
2345 4191 2401 4245 te
2427 4181 2664 4244 amaria
2690 4200 2807 4243 me.
2844 4183 2907 4244 Id
2939 4182 2990 4244 si
3023 4183 3102 4244 ita
3123 4201 3188 4244 se
3212 4181 3414 4260 habet,
3438 4179 3614 4243 alteri

224 4269 573 4357 ραμυθεῐσθαι
631 4280 691 4335 τὺ
722 4277 936 4358 φίλτρον
993 4278 1117 4354 ὄψις
1159 4299 1217 4336 τε
1275 4277 1430 4354 αῦτη,
1465 4279 1551 4334 καὶ
1582 4275 1731 4356 λόγοι
1790 4283 1863 4336 κα“

1959 4292 2198 4357 quoque
2231 4273 2408 4334 ﬁdem
2441 4269 2788 4346 adhibebis,
2823 4271 3010 4334 multo
3055 4272 3242 4352 magis
3273 4270 3611 4333 absentem.

226 4371 432 4446 ὁμιλία,
466 4369 695 4433 ἀπόντος
753 4367 807 4424 δὲ
856 4366 1002 4436 δεινῆ
1044 4367 1309 4424 ἐπιθέσθαι
1355 4369 1389 4435 ἠ
1450 4366 1649 4445 ἔφεσις,
1684 4370 1878 4432 παντὸς

1963 4364 2283 4429 Prasentis
2315 4361 2612 4444 siquidem
2641 4359 2880 4425 abunde
2911 4362 3053 4424 satis
3070 4361 3412 4443 cupidinem
3450 4360 3614 4424 sola-

226 4461 533 4542 χηρεύουσα
597 4465 689 4516 τοῦ
745 4457 1206 4536 παρακαλοῦντος.
1259 4455 1426 4514 Ἀλλὰ
1482 4456 1544 4512 σὺ
1587 4455 1863 4536 δυσπαραί-

1963 4454 2128 4517 bitur
2143 4461 2204 4515 et
2224 4460 2501 4542 aspectus
2523 4451 2655 4542 ipse
2684 4459 2742 4513 et
2764 4468 3078 4542 sermones
3109 4451 3618 4542 etfcolloqulaziat

226 4539 390 4617 τητος
425 4551 555 4627 πρὸς
599 4549 697 4615 τὴν
759 4548 996 4626 σιωπὴν,
1027 4552 1230 4625 πικρῶς
1261 4547 1399 4622 ἡμῖν
1441 4547 1601 4612 αὸτην
1647 4548 1732 4603 καὶ
1774 4548 1863 4622 βα-

1964 4543 2229 4606 absentis
2259 4540 2598 4604 immaniter
2626 4539 2992 4603 desiderium
3016 4541 3270 4616 invadit,
3296 4558 3434 4603 cum
3454 4539 3619 4602 nulla

232 4641 362 4715 ρέως
422 4639 738 4717 προτείνων,
798 4636 864 4704 ἦν
906 4639 1011 4716 οῦχ
1067 4636 1298 4711 ἑκόντες,
1351 4637 1558 4715 πόθενς
1604 4635 1741 4691 ἀλλὰ
1798 4657 1863 4692 κα

1969 4632 2150 4696 leniat
2185 4630 2543 4694 consolatio.
2603 4631 2688 4692 Tu
2746 4647 2884 4692 vero
2944 4629 3258 4692 adversum
3307 4629 3616 4692 silentium

231 4728 345 4786 λίαν
398 4727 618 4790 ἄκοντες
673 4727 898 4806 φέρομεν
957 4728 1089 4805 πρὸς
1142 4726 1265 4789 τοὺς
1309 4725 1512 4799 φίλους.
1549 4727 1720 4804 Γράφε
1762 4727 1863 4782 τοί-

1965 4720 2375 4796 inexorabilis,
2411 4720 2554 4783 illud
2577 4719 2752 4782 nobis
2783 4738 2985 4782 amare
3017 4719 3294 4802 equidem
3326 4720 3619 4800 graviter-

235 4842 320 4878 νυν
371 4819 552 4892 αὐτὸς,
609 4817 696 4872 καὶ
753 4819 1090 4896 παραμυθοῦ,
1119 4817 1208 4871 καὶ
1263 4815 1396 4874 κατά
1442 4821 1597 4872 τοῦτο
1651 4815 1863 4890 μᾶλλον

1965 4829 2084 4894 que
2113 4809 2405 4886 inculcas,
2441 4809 2599 4890 quod
2653 4827 2772 4871 non
2831 4817 3090 4890 sponte;
3148 4809 3307 4874 unde
3366 4806 3621 4874 enimid

236 4910 306 4970 ὼς
352 4907 498 4986 παρὰ
530 4905 752 4984 γνώμην
794 4927 848 4962 τι
882 4905 1220 4985 πάσχοντας,
1257 4902 1340 4982 ἐφ’
1373 4903 1460 4966 οἷς
1516 4903 1694 4983 φιλεῖν
1726 4902 1885 4985 ἔχον-

238 5018 344 5070 τες,
383 4995 732 5072 κεκωλύμεθα
788 4997 920 5073 πρὸς
956 4997 1011 5050 τὸ
1050 4993 1248 5073 λέγειν·
1283 4993 1462 5072 ὥσπερ
1509 4990 1564 5049 εἷ’
1593 5015 1673 5056 τις
1705 4993 1883 5073 ἀλγῶν

1967 4897 2322 4980 contigerit?
2351 4898 2456 4960 sed
2491 4916 2670 4979 quam
2712 4897 2973 4962 maxime
2999 4898 3171 4960 inviti
3205 4917 3347 4978 erga
3394 4899 3622 4962 amicos

1969 4989 2240 5053 facimus.
2295 4985 2506 5051 Scribe
2557 4989 2760 5066 itaque
2806 4995 2892 5064 tu,
2955 4997 3014 5050 et
3067 5007 3319 5068 recrea;
3370 4989 3624 5067 ideoque

241 5085 365 5143 αὖτὸ
422 5092 578 5142 τοῦτο
629 5083 904 5161 ἐπετράπη
935 5085 995 5139 τὸ
1038 5089 1267 5156 σιωπᾷν,
1296 5083 1384 5139 καὶ
1435 5081 1514 5156 μή
1559 5081 1733 5160 λέγειν
1790 5084 1859 5151 τὴ

1973 5079 2372 5164 potissimum,
2427 5076 2585 5158 quod
2637 5085 2853 5158 prater
2896 5078 3253 5142 sententiam
3301 5078 3622 5161 patiamur,

242 5173 534 5253 ἀλγηδόνα.

1975 5170 2140 5245 dum,
2155 5186 2288 5231 cum
2307 5166 2481 5228 liceat
2513 5167 2982 5244 amare,dicendi
3007 5169 3282 5232 facultate
3299 5167 3620 5251 privamur;

243 5281 407 5344 aque
437 5281 506 5324 ac
533 5261 584 5324 si
614 5260 747 5342 quis
777 5261 932 5324 male
962 5278 1026 5323 se
1055 5258 1283 5323 habens
1336 5259 1689 5343 dolensque,
1718 5262 1912 5346 ipsum
1941 5263 2056 5328 hoc
2085 5257 2178 5320 illi
2232 5257 2456 5320 silentii
2489 5255 2618 5336 lege
2676 5257 3082 5342 imponantur,
3121 5277 3196 5322 ne
3226 5259 3288 5320 in
3343 5267 3626 5320 sermone

249 5351 526 5434 deponat,
560 5350 666 5414 sed
695 5357 894 5414 mutos
922 5348 1105 5412 corde
1137 5358 1369 5432 premat
1392 5349 1657 5414 dolores.

847 5457 910 5516 ϐ’
930 5501 942 5515 .
1004 5465 1091 5534 Τῷ
1134 5464 1298 5533 αύτῷ.

329 5567 480 5624 Μετά
533 5566 630 5633 τῆν
663 5565 918 5641 ἰντεῦθεν,
952 5567 1026 5630 ὡς
1071 5567 1149 5642 μὴ
1205 5564 1432 5647 ὤφελεν,
1467 5564 1724 5646 ἔκδημίαν
1784 5593 1900 5646 σου,

2605 5460 2708 5527 ΙΧ.
2752 5463 2993 5530 Eidem.

2072 5573 2210 5632 Post
2240 5572 2406 5632 tuum
2431 5587 2502 5632 ex
2527 5569 2623 5632 bis
2650 5571 2936 5651 partibus,
2965 5569 3067 5652 qui
3103 5582 3406 5645 nunquam
3433 5565 3629 5630 conti-

256 5658 314 5714 ού
369 5655 455 5714 διὰ
514 5655 778 5736 γλώττης,
815 5661 876 5716 ού
931 5654 1018 5714 διὰ
1065 5656 1419 5737 γραμμάτων,
1466 5655 1572 5714 οὐδ’
1629 5661 1863 5716 ὁτιοῦνπε

1989 5659 2200 5741 gisset!
2237 5658 2596 5734 discessum,
2649 5677 2848 5740 neque
2890 5675 2998 5740 per
3046 5673 3380 5736 sermones,
3439 5675 3635 5738 neque

257 5751 352 5817 τῆς
411 5746 530 5825 ὶμοὶ
573 5745 728 5826 φίλης
794 5746 1090 5815 ἀκηκοότες
1134 5751 1344 5828 ψυχῆς,
1381 5746 1520 5806 οὕτω
1577 5747 1863 5827 διακείμεθς

1995 5749 2344 5830 perlitteras
2367 5747 2680 5830 quidpiam
2703 5747 2865 5812 chari
2890 5745 3038 5810 mihi
3064 5745 3248 5810 animi
3275 5747 3638 5830 audiens,ita

493 5862 757 5934 PATROL.
795 5863 911 5934 Gs.
956 5863 1165 5933 CXIV.

2923 5863 2960 5932 8
