4128 6198
297 324 408 395 237

1572 328 1906 392 EPITOME
1969 329 2277 395 CANONU
2288 331 2364 392 Μ.

3549 334 3666 401 238

297 464 372 537 μὴ
443 476 560 525 τοῖς
647 463 764 518 ἐκεῖ
846 461 1314 542 λυσιτελέστερος,
1392 465 1464 526 ὡς
1549 460 1925 520 διδακτικώτα-

2055 473 2160 523 unt
2191 463 2392 526 utilior
2420 463 2805 547 sis,tanquam
2837 466 2910 528 ad
2942 467 3278 531 docendum
3309 469 3659 550 aptissimus

295 575 382 616 τος
463 553 660 628 κρίνοιο
693 571 707 586 ⁶
794 554 883 608 καὶ
953 553 1106 610 τοῦτο
1176 553 1390 609 πολλῶν
1473 551 1780 609 ἐπισκόπων
1850 554 1925 607 καὶ

2049 551 2324 626 udiceris,
2378 552 2558 632 idque
2607 555 2924 616 multorum
2974 558 3390 638 episcoporum
3431 560 3667 639 judicio

295 642 541 719 διακρίσει
567 644 655 698 καὶ
684 643 1036 718 παρακλήσει.

374 729 460 791 ιδ’.
569 730 834 808 Κληρικὸς
903 731 1042 794 ἅπας
1135 733 1163 787 ὁ
1249 737 1346 798 τῆς
1438 732 1631 794 οἰκείας
1717 730 1929 804 ἐκστας,

293 825 377 878 καὶ
454 822 551 888 τὴν
619 820 899 899 ἀλλοτρίαν
993 821 1172 889 οἰκῶν,
1249 824 1333 877 καὶ
1418 823 1548 896 πρὸς
1633 829 1726 877 τοῦ
1808 821 1932 877 ἐπι-

295 911 494 966 σκόπου
563 907 1018 990 δυσωπούμενος,
1076 913 1163 967 καὶ
1233 913 1291 969 οδ
1363 911 1718 979 παλινοστῶν,
1775 910 1930 967 ἀκοι-

294 1001 549 1065 νώνητος.
631 1000 728 1057 Καὶ
795 999 980 1056 τοῦτον
1037 1003 1066 1056 6
1126 1001 1178 1057 ἐν
1249 1001 1439 1078 γνώσει
1509 1000 1781 1080 κατέχων,
1835 1004 1927 1059 αὒ-

290 1089 684 1166 τοκατᾶκριτος.

372 1176 457 1236 ιε’.
534 1179 768 1256 Ἀνίερυς
832 1179 970 1243 ἅπας
1033 1178 1279 1256 δίγαμος,
1355 1179 1389 1247 ἣ
1460 1179 1740 1247 παλλακὴν
1804 1180 1925 1236 ἐπιο

291 1268 491 1348 τρέφων
502 1316 516 1331 ,

369 1446 492 1521 ις’.
579 1446 639 1504 ’0
707 1444 1130 1521 ἀπολελυμένην,
1191 1447 1226 1515 ἢ
1293 1448 1493 1526 χήραν,
1569 1448 1604 1514 ἢ
1674 1449 1932 1526 θεράπαι-

291 1560 402 1615 ναν,
437 1537 474 1604 ἢ
507 1535 734 1610 μαινάδα
763 1534 940 1593 λαϐὼν
969 1539 1158 1615 ἱερεὺς,
1190 1537 1354 1601 ὄντως
1399 1537 1622 1614 ἀνίερος.

372 1715 460 1786 ιζ’.
527 1719 598 1774 Οὐ
666 1713 1000 1791 κεκλήρωται
1071 1717 1098 1770 6
1155 1713 1242 1771 δύο
1304 1714 1556 1795 ἀδελφᾶς,
1617 1715 1651 1782 ἥ
1717 1717 1935 1791 ἀνεψιὰς

291 1806 388 1885 ἀγα
399 1806 497 1883 γάρ
508 1827 645 1870 ενος.

371 1895 471 1960 ιη’.
515 1895 576 1952 Ὀ
605 1893 860 1972 κῗιηρικὸς
886 1894 1080 1973 ἐγγύας
1113 1897 1171 1952 οὗ
1191 1893 1420 1956 δίδωσιν.

368 1984 427 2040 ιθ’
439 2032 452 2045 .
496 1985 758 2064 Εὔνοῦχος
790 1988 988 2062 ἱερᾶται
999 2032 1012 2046 .

362 2071 434 2132 κ’.
493 2073 777 2141 Ἐκτομίας
807 2071 862 2128 δὲ
902 2073 982 2135 οὔ,

360 2165 470 2226 κα’,
549 2164 610 2221 Ὀ
693 2165 829 2238 μετὰ
913 2162 1110 2236 κλῆρον
1201 2163 1384 2220 ἑαυτὸν
1454 2165 1717 2237 ἐκτεμὼν,
1791 2169 1926 2221 καθ-

284 2255 502 2332 ᾕρηται.

361 2341 466 2407 κε’,
534 2342 594 2400 ’0
647 2343 832 2402 ἑαυτὸν
875 2341 1115 2420 ἐκτεμὼν
1167 2341 1376 2415 λαίκος,
1411 2343 1500 2400 ἐπὶ
1538 2344 1764 2421 τριετίαν
1822 2343 1927 2423 ἀφ-

282 2434 501 2512 ορίξεται
512 2479 525 2492 .

361 2524 470 2600 κγ’.
568 2524 787 2600 Πορνεία
866 2524 1140 2602 συσχεθεὶς
1225 2524 1414 2601 ἱερεὺς,
1477 2523 1512 2591 ἢ
1570 2522 1832 2600 ἐπιορκία,
1893 2521 1928 2588 ἢ

283 2612 574 2688 κλέμματι,
610 2612 926 2689 καθῄρηται,

361 2701 466 2763 κδ’.
545 2702 605 2759 Ὀ
677 2705 909 2780 ἱερᾶσθαι
982 2701 1216 2781 μέλλων,
1287 2704 1328 2757 εἰ
1385 2701 1650 2777 βούλοιτο,
1722 2721 1926 2777 προγα-

283 2797 463 2868 μεὶτω,

357 2884 458 2947 κε’,
525 2883 718 2961 ἰερεὺς
771 2883 959 2938 πιστὸν
1029 2881 1064 2949 ἢ
1135 2881 1356 2938 ἄπιστον
1411 2881 1681 2949 τυπτήσας
1741 2881 1923 2934 καθαι-

281 2988 475 3052 ρεῐται.

358 3062 492 3138 ag”.
560 3060 622 3121 Ὀ
679 3063 1000 3140 καθαιρεθεὶς
1074 3060 1433 3141 εὐλογώτατα,
1492 3061 1536 3117 εἰ
1605 3065 1710 3115 τῶν
1764 3058 1923 3114 θείων

282 3152 466 3228 ἅψεται
499 3151 687 3230 πάλιν,
725 3150 1202 3229 ἐκκηρυκτότατος.

357 3244 462 3315 κζ’.
513 3243 573 3300 ’0
636 3241 719 3296 ἐπὶ
780 3242 1057 3321 χρήμασιν
1107 3241 1297 3319 ἱερεὺς,
1342 3241 1476 3315 μετὰ
1533 3247 1624 3296 τοῦ
1666 3258 1924 3317 χειροτο-

282 3336 538 3403 νήσαντος
599 3332 1005 3408 καθαιρούμενος
1079 3330 1224 3385 ἔσται
1261 3377 1276 3408 ,
1352 3331 1438 3385 καὶ
1511 3327 1642 3383 κατὰ
1714 3329 1927 3400 Σίμωνα

283 3425 436 3478 εἰσαεὶ
467 3421 847 3487 ἆνοινώνητος.

363 3509 474 3579 κή’.
508 3511 570 3570 ’0
630 3509 698 3566 δι’
755 3509 1036 3588 ἀρχόντων
1087 3509 1371 3572 ἐπίσκοπος
1401 3508 1704 3584 γινόμενος,
1739 3509 1926 3560 καθαι-

282 3603 526 3680 ρούμενος
558 3599 909 3678 ἆφοριζὲσθω.

358 3781 461 3842 κθ’.
539 3779 601 3836 Ὀ
679 3776 731 3842 ἐξ
825 3777 1055 3833 ἂναιτίου
1143 3778 1379 3856 σχισϐεὶς
1466 3775 1777 3846 ἐπίσκοπος,
1841 3774 1925 3829 καὶ

281 3872 482 3948 πηγνὺς
568 3867 702 3924 ἄλλο
789 3869 1172 3945 θηιαστῆριον,
1237 3863 1355 3940 μετ’
1435 3865 1603 3920 αὑτῶν
1683 3862 1781 3929 ἔξει
1863 3865 1923 3920 τὸ

283 3959 505 4017 ξκτωτον
542 3956 644 4040 [ἴς.
679 3956 970 4032 ἔκπτωτονι
984 3998 998 4014 .

358 4049 428 4109 λ’.
489 4045 751 4109 Ἀδεκτος
809 4046 1004 4124 ἑτέροις
1063 4047 1091 4099 6
1145 4043 1197 4108 ἐξ
1246 4043 1426 4122 ἐτέρου
1483 4041 1756 4119 περιόντος
1816 4041 1922 4120 ἁφ-

283 4139 590 4217 ωρισμένος.

359 4227 465 4287 λα’.
529 4225 698 4288 Ξένος
766 4225 930 4303 ἱερεὺς
1004 4223 1129 4304 δίχα
1188 4229 1516 4281 συστατικῶν
1573 4223 1630 4280 οὔ
1700 4218 1925 4300 προσδέ-

286 4334 458 4394 χεται.
521 4318 614 4373 καὶ
683 4315 828 4395 ἔχων
887 4314 1330 4390 ἐπανακρίνεται,
1392 4313 1479 4369 καὶ
1541 4313 1583 4368 εἰ
1654 4311 1760 4367 τῶν
1835 4311 1926 4388 ὀρ-

283 4407 519 4464 Θοτοπὼν
578 4407 874 4482 προσίεται⁹
933 4404 975 4458 εἷ
1034 4399 1078 4458 δ’
1135 4402 1246 4476 οὖν,
1311 4398 1714 4481 ἐφοδιαζόμενος
1784 4402 1925 4456 ἄπο-

286 4495 546 4570 πέμπεται
557 4542 570 4555 .

2016 648 2190 719 atque
2215 641 2636 705 obtestatione.

2101 730 2198 792 14.
2247 730 2456 790 Omnis
2485 731 2743 794 clericus
2776 735 3010 815 propria
3043 737 3252 800 relicta
3299 738 3557 801 ecclesia
3603 739 3668 803 in

2017 817 2212 880 aliena
2239 819 2484 898 degens,
2514 821 2562 880 si
2591 821 2664 882 ab
2716 823 2997 904 episcopo
3028 837 3338 888 revocatus
3387 846 3509 891 non
3561 846 3664 892 re-

2017 907 2175 984 deat,
2229 910 2798 987 excommunicatur,
2863 923 2922 974 et
2975 915 3076 995 qui
3134 917 3290 978 hunc
3352 918 3554 979 sciens
3605 927 3669 980 et

2018 998 2279 1075 prudens
2306 998 2556 1074 detinet,
2607 999 2862 1079 ipsemet
2889 1004 3342 1068 condemnatur.

2096 1175 2193 1236 15.
2239 1175 2501 1248 Quilibet
2527 1179 2791 1241 secundo
2821 1181 3201 1245 matrimonio
3237 1185 3507 1264 junctus,
3561 1195 3668 1249 aut

2015 1264 2408 1327 concubinam
2438 1268 2732 1342 nutriens,
2756 1268 2830 1329 ad
2861 1272 3258 1334 sacerdotium
3291 1291 3411 1336 non
3437 1273 3663 1336 admit-

2017 1360 2177 1416 titur.

2099 1446 2196 1506 46.
2241 1444 2521 1526 Quisquis
2549 1447 2856 1509 dimissam
2887 1459 2992 1510 aut
3019 1439 3276 1525 viduam,
3333 1462 3437 1516 aut
3464 1455 3660 1516 ancil—

2019 1534 2160 1609 lam,
2193 1545 2297 1596 aut
2328 1535 2715 1598 bacchantem
2747 1537 2809 1598 in
2849 1556 3092 1601 uxorem
3142 1545 3467 1622 acceperit,
3525 1563 3663 1610 vere

2020 1624 2353 1686 sacerdotio
2386 1625 2684 1704 indignus.

2105 1714 2204 1774 17.
2253 1715 2385 1776 Non
2415 1714 2694 1794 allegitur
2727 1717 2790 1777 in
2820 1717 3047 1780 clerum
3081 1719 3350 1803 quisquis
3379 1723 3527 1786 duas
3558 1742 3662 1787 so-

1963 1843 1998 1891 ε,
2023 1820 2213 1877 rores,
2248 1813 2348 1865 aut
2376 1804 2763 1868 consobrinas
2794 1806 2854 1868 in
2889 1809 3331 1873 matrimonium
3363 1813 3620 1878 duxerit.

2104 1899 2204 1956 48.
2255 1892 2518 1955 Clericus
2550 1894 2967 1976 lidejussiones
2995 1917 3112 1960 non
3140 1899 3262 1963 dat.

2097 1984 2194 2044 19.
2243 1981 2568 2046 Eunuchus
2599 1985 2933 2047 sacerdotio
2964 1985 3129 2066 fungi
3163 1998 3378 2070 potest.

2093 2074 2192 2163 20.
2242 2074 2354 2163 Qui
2386 2091 2524 2163 vero
2553 2075 2816 2155 seipsum
2848 2075 3210 2152 absciderit,
3256 2098 3659 2163 nequaquam.

2090 2161 2189 2223 21.
2239 2162 2300 2224 Si
2331 2162 2464 2242 quis
2496 2171 2803 2244 postquam
2838 2165 2897 2226 in
2923 2165 3150 2228 clerum
3180 2161 3489 2250 cooptatus
3519 2172 3660 2235 fne-

2012 2255 2108 2326 rit,
2143 2253 2406 2332 seipsum
2437 2251 2780 2328 absciderit,
2815 2253 3170 2334 deponatur.

2093 2341 2192 2402 22.
2237 2340 2450 2402 Laicus
2479 2340 2580 2420 qui
2610 2342 2875 2420 seipsum
2908 2346 3268 2421 exsecuerit,
3315 2366 3422 2429 per
3473 2351 3660 2414 trien-

2014 2431 2178 2492 nium
2207 2440 2573 2510 segregatur.

2093 2521 2192 2582 23.
2241 2519 2536 2581 Sacerdos
2585 2520 3002 2600 fornicatione,
3065 2535 3161 2587 aut
3217 2528 3502 2608 perjurio,
3561 2538 3662 2592 aut

2011 2611 2166 2672 furto
2197 2609 2543 2685 obstrictus,
2579 2610 2921 2690 deponitur.

2087 2699 2188 2763 24.
2236 2698 2349 2771 Qui
2377 2699 2451 2760 ad
2485 2718 2691 2762 sacros
2721 2701 2965 2764 ordines
2996 2706 3438 2782 promovendus
3467 2715 3580 2784 est,
3607 2709 3658 2770 si

2011 2788 2149 2850 velit
2179 2789 2342 2869 prius
2369 2807 2618 2850 uxorem
2645 2788 2847 2852 ducat.

2087 2877 2185 2939 25.
2241 2876 2537 2940 Sacerdos
2568 2877 2807 2940 ﬁdelem
2837 2887 2937 2941 aut
2968 2880 3272 2944 inﬁdelem
3317 2883 3369 2944 si
3400 2901 3652 2964 percus-

2005 2968 2172 3042 serit,
2205 2967 2549 3046 deponitur.

2088 3056 2186 3118 26.
2237 3056 2557 3135 Depositus
2589 3057 2808 3134 justam
2846 3059 2920 3120 ob
2950 3077 3211 3134 causam,
3240 3061 3290 3123 si
3307 3079 3406 3123 res
3426 3059 3656 3124 divinas

2008 3165 2245 3208 rursum
2275 3146 2559 3224 attigerit,
2596 3150 2855 3210 maxime
2897 3150 3346 3228 compellendus
3377 3159 3495 3216 est.

2089 3236 2190 3296 27.
2238 3236 2352 3308 Qui
2378 3236 2515 3297 data
2546 3236 2800 3317 pecunia
2830 3239 3112 3300 sacerdos
3151 3241 3340 3304 factus
3390 3249 3499 3316 est,
3535 3259 3659 3304 una

2012 3345 2145 3387 cum
2175 3344 2244 3387 eo
2270 3323 2372 3406 qui
2391 3323 2586 3405 ipsum
2621 3327 2910 3388 ordinavit
2931 3327 3282 3406 deponatur,
3303 3347 3371 3390 ac
3397 3330 3656 3393 Simonis

2011 3416 2162 3493 Magi
2193 3417 2376 3477 instar
2403 3414 2462 3474 in
2496 3423 2844 3495 perpetuum
2879 3418 3451 3481 excommunicetur.

2091 3503 2193 3568 28.
2241 3503 2351 3578 Qui
2385 3504 2742 3583 principum,
2779 3514 2878 3566 aut
2923 3505 3363 3584 magistratuum
3397 3510 3658 3588 potentia

2010 3597 2192 3657 fretus
2214 3593 2285 3655 ad
2315 3595 2722 3674 episcopatum
2753 3596 3110 3673 pervenerit,
3135 3595 3442 3677 depositus
3461 3616 3659 3678 segre-

2051 3693 2205 3748 etur.

2012 3707 2205 3837 8θὲἒῖ
2240 3773 2571 3854 Episcopus
2603 3776 2704 3854 qui
2737 3774 2866 3836 sine
2892 3793 3068 3836 causa
3089 3793 3154 3836 se
3173 3775 3246 3837 ab
3270 3776 3404 3838 aliis
3446 3795 3656 3857 segre-

2008 3863 2250 3946 gaverit,
2285 3871 2460 3944 atque
2492 3862 2655 3924 aliud
2688 3864 2872 3926 altare
2904 3866 3320 3941 construxerit,
3354 3884 3485 3926 cum
3525 3868 3652 3947 ipso

2006 3954 2347 4034 dejicietur.

2089 4043 2184 4104 30.
2235 4043 2323 4104 Ab
2383 4041 2518 4104 aliis
2550 4061 2666 4103 non
2697 4041 3043 4122 recipiatur,
3095 4042 3361 4124 quisquis
3411 4043 3487 4106 ab
3535 4043 3652 4108 alio

2010 4131 2330 4212 superstite
2361 4131 2916 4193 excommunicatus
2945 4131 3144 4195 fuerit.

2090 4225 2190 4286 31.
2237 4219 2528 4282 Externus
2560 4221 2842 4284 sacerdos
2885 4219 3110 4302 absque
3158 4223 3657 4287 commendatitiia

2011 4311 2282 4394 epistolis
2333 4329 2451 4371 non
2507 4311 2812 4390 recipitur,
2850 4317 2909 4372 et
2952 4310 3000 4370 si
3043 4309 3278 4388 habeat,
3338 4313 3658 4393 diligenter

2012 4404 2406 4472 examinatur,
2471 4418 2608 4461 num
2645 4417 2748 4462 eos
2779 4399 2879 4480 qui
2927 4407 3148 4478 rectam
3210 4401 3387 4463 ﬁdem
3449 4411 3656 4465 tenent

2007 4492 2298 4574 approbet
2333 4509 2347 4550 :
2382 4490 2476 4550 sin
2505 4507 2664 4562 vero,
2697 4496 3043 4568 segregatur
3072 4497 3252 4566 atque
3281 4491 3608 4570 ablegatur.

360 4583 465 4648 λε’,
532 4587 675 4664 Δίχα
715 4590 808 4641 τοῦ
849 4581 1060 4662 πρώτου
1125 4594 1274 4638 ποιεῖ
1318 4579 1462 4637 οὐδὲν
1528 4582 1555 4636 6
1612 4577 1921 4648 ἐπίσκοπος,

2092 4582 2190 4642 32.
2239 4579 2486 4661 Absque
2520 4579 2774 4659 primate
2819 4578 2966 4639 nihil
2997 4577 3140 4639 lacit
3169 4581 3505 4662 episcopus,
3540 4581 3659 4644 nisi

287 4674 326 4728 εὶ
381 4676 456 4749 μὴ
528 4674 597 4732 si
665 4674 762 4742 τῆς
847 4671 1123 4749 παροικίας
1195 4672 1372 4728 αὐτοῦ*
1449 4671 1536 4726 καὶ
1613 4669 1640 4725 ὃ
1715 4670 1923 4746 πρῶτος

287 4759 401 4842 ἄνερ
470 4764 674 4822 ἐκείνου
759 4761 907 4821 οὕδὲν
983 4761 1069 4817 διὰ
1150 4762 1250 4828 τὴν
1343 4759 1694 4839 ἐφειλομένην
1786 4760 1922 4832 ὁμό-

288 4874 423 4908 νοιαν
434 4903 446 4916 ,

364 4941 469 5020 λγ’.
519 4943 610 5011 Μὴ
655 4951 986 5022 χειροτονεῖν
1041 4941 1310 5018 ὑπερόριω
1367 4941 1394 4994 6
1451 4937 1505 4994 δὲ
1565 4938 1705 5017 παρᾶ
1779 4937 1926 5014 γνώ-

289 5053 391 5103 μην
439 5039 547 5089 τῶν
604 5031 882 5110 ἐγχωρίων
930 5028 1210 5109 ἐπιτελῶν,
1271 5029 1406 5104 μετᾶ
1462 5038 1555 5086 τοῦ
1607 5028 1925 5102 τελουμένου

289 5119 646 5187 ἆτελὲστατος,

364 5295 464 5361 )δ’.
545 5299 605 5358 Ὀ
671 5297 1064 5372 νεοπρόϐλητος
1123 5299 1166 5354 εἰ
1221 5296 1616 5377 δυσανασχετεῖ
1678 5297 1808 5374 πρὸς
1865 5296 1928 5352 τὸ

292 5383 621 5466 ἐγχείρημα,
728 5389 1025 5468 ἀφορίζεται
1112 5388 1303 5468 μέχρις
1387 5389 1450 5442 ἃν
1533 5383 1918 5464 παρπδὲξηταιο

296 5475 335 5528 εἷ
375 5473 424 5531 δὲ
480 5479 622 5556 παρὰ
675 5486 769 5536 τοῦ
827 5486 957 5535 λαοῦ
999 5479 1077 5553 μὴ
1134 5476 1374 5557 δεχθείη,
1409 5480 1436 5533 δ
1480 5474 1675 5552 κλῆρος
1735 5474 1922 5552 ἀφ⁰Ρί“

298 5570 449 5635 ζεται,
503 5566 584 5624 ὅτι
639 5569 717 5644 μὴ
775 5570 867 5624 τὸν
924 5567 1092 5648 ὄχλον
1149 5564 1516 5624 πεπαίδευκεν⁸
1588 5567 1615 5620 6
1673 5561 1727 5618 δὲ
1783 5563 1923 5618 ἐστι)

303 5651 576 5720 ἔπισκοπος
587 5703 602 5720 .

2009 4689 2079 4733 ea
2129 4689 2263 4748 quae
2313 4679 2453 4731 sunt
2483 4686 2609 4730 sua;
2640 4668 2912 4748 parmciaa
2945 4685 2959 4730 :
2992 4685 3059 4728 ac
3092 4670 3318 4749 primas
3363 4671 3494 4733 sine
3553 4670 3652 4733 illo

2008 4761 2155 4822 nihil
2187 4759 2324 4821 facit
2355 4766 2597 4838 propter
2625 4756 2889 4820 debitam
2923 4757 3328 4821 concordiam.

2093 4939 2193 5002 33.
2243 4937 2415 5000 Extra
2443 4935 2717 5018 proprios
2749 4936 2900 4999 ﬁnes
2931 4955 3048 4999 non
3081 4946 3172 5000 est
3199 4939 3596 5002 ordinandum
3630 4961 3646 5002 :

2010 5031 2108 5112 qui
2140 5037 2336 5091 autem
2369 5035 2584 5107 praeter
2614 5027 2968 5088 sententiam
3003 5045 3208 5088 eorum
3242 5031 3344 5109 qui
3399 5031 3458 5089 in
3507 5029 3653 5090 locis

2009 5121 2228 5200 degunt
2261 5135 2464 5180 sacros
2495 5118 2737 5178 ordines
2769 5115 3018 5197 peragit,
3055 5135 3160 5197 pro
3209 5137 3329 5179 non
3380 5117 3650 5178 ordinato

2007 5210 2313 5272 habeatur.

2091 5298 2189 5362 34.
2232 5297 2345 5370 Qui
2374 5313 2589 5359 recens
2617 5296 2961 5379 designatus
3003 5304 3116 5372 est,
3150 5297 3200 5358 si
3231 5293 3650 5358 demandatum

2010 5405 2227 5450 munus
2274 5386 2520 5467 exsequi
2549 5395 2856 5464 gravetur,
2889 5394 3256 5466 segregatur,
3289 5384 3484 5445 donec
3514 5399 3653 5442 sus-

2009 5477 2284 5559 ceperit:
2319 5475 2370 5536 si
2401 5492 2540 5537 vero
2590 5494 2621 5535 a
2659 5475 2876 5556 populo
2933 5493 3053 5536 non
3106 5481 3382 5553 receptus
3441 5469 3650 5547 fuerit,

2011 5568 2208 5630 clerus
2239 5563 2811 5637 excommunicatur,
2841 5563 2996 5643 quod
3045 5561 3280 5641 plebem
3333 5578 3454 5622 non
3502 5560 3655 5647 edo-I

2011 5658 2203 5721 cuerit
2234 5674 2248 5721 :
2286 5657 2416 5738 ipse
2447 5670 2583 5717 vero
2612 5661 2814 5715 manet
2841 5650 3176 5731 episcopus.
