  <div class='ocr_page' id='page_1' title='image "/cluster/home/n/w/nwhite01/storage/ocr_20150623/114/hvd.32044073502254/125.png"; bbox 0 0 4128 6198; ppageno 0'>
   <div class='ocr_carea' id='block_1_1' title="bbox 452 314 571 392">
    <p class='ocr_par' dir='ltr' id='par_1_1' title="bbox 452 314 571 392">
     <span class='ocr_line' id='line_1_1' title="bbox 452 314 571 392; baseline -0.017 0"><span class='ocrx_word' id='word_1_1' title='bbox 452 314 571 392; x_wconf 82' lang='lat'><strong>239</strong></span> 
     </span>
    </p>
   </div>
   <div class='ocr_carea' id='block_1_2' title="bbox 1622 314 2666 387">
    <p class='ocr_par' dir='ltr' id='par_1_2' title="bbox 1622 314 2666 387">
     <span class='ocr_line' id='line_1_2' title="bbox 1622 314 2666 387; baseline -0.005 -1"><span class='ocrx_word' id='word_1_2' title='bbox 1622 320 2005 387; x_wconf 88' lang='lat' dir='ltr'><strong>SYMEONIS</strong></span> <span class='ocrx_word' id='word_1_3' title='bbox 2045 314 2666 385; x_wconf 76' lang='lat' dir='ltr'><strong>METAPHRAST/E.</strong></span> 
     </span>
    </p>
   </div>
   <div class='ocr_carea' id='block_1_3' title="bbox 3707 310 3823 379">
    <p class='ocr_par' dir='ltr' id='par_1_3' title="bbox 3707 310 3823 379">
     <span class='ocr_line' id='line_1_3' title="bbox 3707 310 3823 379; baseline 0.009 -1"><span class='ocrx_word' id='word_1_4' title='bbox 3707 310 3823 379; x_wconf 75' lang='grc'><strong>240</strong></span> 
     </span>
    </p>
   </div>
   <div class='ocr_carea' id='block_1_4' title="bbox 537 451 2095 543">
    <p class='ocr_par' dir='ltr' id='par_1_4' title="bbox 537 451 2093 543">
     <span class='ocr_line' id='line_1_4' title="bbox 537 451 2093 543; baseline -0.01 -17"><span class='ocrx_word' id='word_1_5' title='bbox 537 463 637 526; x_wconf 88' lang='lat'><strong>35.</strong></span> <span class='ocrx_word' id='word_1_6' title='bbox 685 461 944 543; x_wconf 79' lang='lat' dir='ltr'><strong>Singulis</strong></span> <span class='ocrx_word' id='word_1_7' title='bbox 966 464 1140 527; x_wconf 88' lang='lat' dir='ltr'><strong>annis</strong></span> <span class='ocrx_word' id='word_1_8' title='bbox 1162 462 1253 525; x_wconf 93' lang='lat' dir='ltr'><strong>bis</strong></span> <span class='ocrx_word' id='word_1_9' title='bbox 1269 456 1532 539; x_wconf 86' lang='lat' dir='ltr'><strong>episcopi</strong></span> <span class='ocrx_word' id='word_1_10' title='bbox 1555 451 1933 543; x_wconf 82' lang='lat' dir='ltr'><strong>conveniant,</strong></span> <span class='ocrx_word' id='word_1_11' title='bbox 1964 471 2093 533; x_wconf 85' lang='lat' dir='ltr'><strong>pro-</strong></span> 
     </span>
    </p>
   </div>
   <div class='ocr_carea' id='block_1_5' title="bbox 2240 451 3821 543">
    <p class='ocr_par' dir='ltr' id='par_1_5' title="bbox 2258 451 3821 521">
     <span class='ocr_line' id='line_1_5' title="bbox 2258 451 3821 521; baseline -0.004 -11"><span class='ocrx_word' id='word_1_12' title='bbox 2258 453 2361 517; x_wconf 85' lang='grc' dir='ltr'>λε’.</span> <span class='ocrx_word' id='word_1_13' title='bbox 2437 459 2531 521; x_wconf 80' lang='grc' dir='ltr'><strong>Δὶς</strong></span> <span class='ocrx_word' id='word_1_14' title='bbox 2614 455 2732 513; x_wconf 82' lang='grc' dir='ltr'>κατ’</span> <span class='ocrx_word' id='word_1_15' title='bbox 2805 455 2922 518; x_wconf 80' lang='grc' dir='ltr'>ἔτος</span> <span class='ocrx_word' id='word_1_16' title='bbox 3007 458 3052 512; x_wconf 71' lang='grc' dir='ltr'>οἱ</span> <span class='ocrx_word' id='word_1_17' title='bbox 3137 456 3415 512; x_wconf 79' lang='grc' dir='ltr'>ἕπίσκοποι</span> <span class='ocrx_word' id='word_1_18' title='bbox 3501 451 3821 509; x_wconf 82' lang='grc' dir='ltr'>συνιέτωσαν</span> 
     </span>
    </p>
   </div>
   <div class='ocr_carea' id='block_1_6' title="bbox 458 540 2098 634">
    <p class='ocr_par' dir='ltr' id='par_1_6' title="bbox 458 540 2098 634">
     <span class='ocr_line' id='line_1_6' title="bbox 458 540 2098 634; baseline -0.008 -20"><span class='ocrx_word' id='word_1_19' title='bbox 458 561 589 634; x_wconf 91' lang='lat' dir='ltr'><strong>pter</strong></span> <span class='ocrx_word' id='word_1_20' title='bbox 617 540 893 633; x_wconf 75' lang='lat' dir='ltr'><strong>dogmata</strong></span> <span class='ocrx_word' id='word_1_21' title='bbox 922 562 980 615; x_wconf 90' lang='lat' dir='ltr'><strong>et</strong></span> <span class='ocrx_word' id='word_1_22' title='bbox 1021 554 1276 632; x_wconf 87' lang='lat' dir='ltr'><strong>negotia.</strong></span> <span class='ocrx_word' id='word_1_23' title='bbox 1323 547 1583 611; x_wconf 86' lang='lat' dir='ltr'><strong>Primum</strong></span> <span class='ocrx_word' id='word_1_24' title='bbox 1616 540 1859 634; x_wconf 79' lang='lat' dir='ltr'><strong>quidem</strong></span> <span class='ocrx_word' id='word_1_25' title='bbox 1886 551 2098 634; x_wconf 81' lang='lat' dir='ltr'><strong>quarta</strong></span> 
     </span>
    </p>
   </div>
   <div class='ocr_carea' id='block_1_7' title="bbox 458 630 2099 715">
    <p class='ocr_par' dir='ltr' id='par_1_7' title="bbox 458 630 2099 715">
     <span class='ocr_line' id='line_1_7' title="bbox 458 630 2099 715; baseline -0.006 -12"><span class='ocrx_word' id='word_1_26' title='bbox 458 630 837 706; x_wconf 60' lang='lat' dir='ltr'><strong>Fentecestes</strong></span> <span class='ocrx_word' id='word_1_27' title='bbox 867 630 1263 715; x_wconf 79' lang='lat' dir='ltr'><strong>hebdomada,</strong></span> <span class='ocrx_word' id='word_1_28' title='bbox 1289 635 1554 700; x_wconf 89' lang='lat' dir='ltr'><strong>secundo</strong></span> <span class='ocrx_word' id='word_1_29' title='bbox 1579 651 1719 695; x_wconf 87' lang='lat' dir='ltr'><strong>vero</strong></span> <span class='ocrx_word' id='word_1_30' title='bbox 1746 630 2099 693; x_wconf 86' lang='lat' dir='ltr'><strong>duodecima</strong></span> 
     </span>
    </p>
   </div>
   <div class='ocr_carea' id='block_1_8' title="bbox 458 729 750 796">
    <p class='ocr_par' dir='ltr' id='par_1_8' title="bbox 458 729 750 796">
     <span class='ocr_line' id='line_1_8' title="bbox 458 729 750 796; baseline 0.003 -1"><span class='ocrx_word' id='word_1_31' title='bbox 458 729 750 796; x_wconf 90' lang='lat' dir='ltr'><strong>Octobris.</strong></span> 
     </span>
    </p>
   </div>
   <div class='ocr_carea' id='block_1_9' title="bbox 537 810 2095 902">
    <p class='ocr_par' dir='ltr' id='par_1_9' title="bbox 537 810 2095 902">
     <span class='ocr_line' id='line_1_9' title="bbox 537 810 2095 902; baseline -0.008 -18"><span class='ocrx_word' id='word_1_32' title='bbox 537 822 637 884; x_wconf 83' lang='lat'><strong>36.</strong></span> <span class='ocrx_word' id='word_1_33' title='bbox 685 821 1012 902; x_wconf 86' lang='lat' dir='ltr'><strong>Episcopus</strong></span> <span class='ocrx_word' id='word_1_34' title='bbox 1043 838 1140 882; x_wconf 90' lang='lat' dir='ltr'><strong>res</strong></span> <span class='ocrx_word' id='word_1_35' title='bbox 1170 815 1453 882; x_wconf 64' lang='lat' dir='ltr'><strong>Ecclesiae</strong></span> <span class='ocrx_word' id='word_1_36' title='bbox 1483 833 1614 878; x_wconf 92' lang='lat' dir='ltr'><strong>cum</strong></span> <span class='ocrx_word' id='word_1_37' title='bbox 1650 819 1938 896; x_wconf 75' lang='lat' dir='ltr'><strong>potestate</strong></span> <span class='ocrx_word' id='word_1_38' title='bbox 1984 810 2095 873; x_wconf 88' lang='lat' dir='ltr'><strong>ad-</strong></span> 
     </span>
    </p>
   </div>
   <div class='ocr_carea' id='block_1_10' title="bbox 457 910 773 972">
    <p class='ocr_par' dir='ltr' id='par_1_10' title="bbox 457 910 773 972">
     <span class='ocr_line' id='line_1_10' title="bbox 457 910 773 972; baseline -0.009 0"><span class='ocrx_word' id='word_1_39' title='bbox 457 910 773 972; x_wconf 85' lang='lat' dir='ltr'><strong>ministret.</strong></span> 
     </span>
    </p>
   </div>
   <div class='ocr_carea' id='block_1_11' title="bbox 537 991 2097 1079">
    <p class='ocr_par' dir='ltr' id='par_1_11' title="bbox 537 991 2097 1079">
     <span class='ocr_line' id='line_1_11' title="bbox 537 991 2097 1079; baseline -0.006 -19"><span class='ocrx_word' id='word_1_40' title='bbox 537 1001 637 1063; x_wconf 80' lang='lat'><strong>37.</strong></span> <span class='ocrx_word' id='word_1_41' title='bbox 684 998 844 1063; x_wconf 87' lang='lat' dir='ltr'><strong>Nihil</strong></span> <span class='ocrx_word' id='word_1_42' title='bbox 884 998 1207 1079; x_wconf 87' lang='lat' dir='ltr'><strong>quidquam</strong></span> <span class='ocrx_word' id='word_1_43' title='bbox 1268 995 1734 1075; x_wconf 89' lang='lat' dir='ltr'><strong>consanguineo,</strong></span> <span class='ocrx_word' id='word_1_44' title='bbox 1796 991 1909 1054; x_wconf 90' lang='lat' dir='ltr'><strong>nisi</strong></span> <span class='ocrx_word' id='word_1_45' title='bbox 1964 998 2097 1052; x_wconf 91' lang='lat' dir='ltr'><strong>tan-</strong></span> 
     </span>
    </p>
   </div>
   <div class='ocr_carea' id='block_1_12' title="bbox 456 1088 1231 1169">
    <p class='ocr_par' dir='ltr' id='par_1_12' title="bbox 456 1088 1231 1169">
     <span class='ocr_line' id='line_1_12' title="bbox 456 1088 1231 1169; baseline -0.001 -21"><span class='ocrx_word' id='word_1_46' title='bbox 456 1106 631 1169; x_wconf 85' lang='lat' dir='ltr'><strong>quam</strong></span> <span class='ocrx_word' id='word_1_47' title='bbox 667 1091 914 1168; x_wconf 84' lang='lat' dir='ltr'><strong>pauperi</strong></span> <span class='ocrx_word' id='word_1_48' title='bbox 949 1088 1231 1167; x_wconf 85' lang='lat' dir='ltr'><strong>largiens.</strong></span> 
     </span>
    </p>
   </div>
   <div class='ocr_carea' id='block_1_13' title="bbox 534 1170 2100 1259">
    <p class='ocr_par' dir='ltr' id='par_1_13' title="bbox 534 1170 2100 1259">
     <span class='ocr_line' id='line_1_13' title="bbox 534 1170 2100 1259; baseline -0.005 -22"><span class='ocrx_word' id='word_1_49' title='bbox 534 1176 635 1238; x_wconf 90' lang='lat'><strong>38.</strong></span> <span class='ocrx_word' id='word_1_50' title='bbox 682 1176 925 1257; x_wconf 78' lang='lat' dir='ltr'><strong>Absque</strong></span> <span class='ocrx_word' id='word_1_51' title='bbox 976 1177 1259 1259; x_wconf 89' lang='lat' dir='ltr'><strong>episcopo</strong></span> <span class='ocrx_word' id='word_1_52' title='bbox 1309 1175 1457 1237; x_wconf 88' lang='lat' dir='ltr'><strong>nihil</strong></span> <span class='ocrx_word' id='word_1_53' title='bbox 1515 1173 1651 1235; x_wconf 82' lang='lat' dir='ltr'><strong>facit</strong></span> <span class='ocrx_word' id='word_1_54' title='bbox 1702 1170 2011 1253; x_wconf 75' lang='lat' dir='ltr'><strong>presbyter</strong></span> <span class='ocrx_word' id='word_1_55' title='bbox 2041 1177 2100 1231; x_wconf 90' lang='lat' dir='ltr'><strong>et</strong></span> 
     </span>
    </p>
   </div>
   <div class='ocr_carea' id='block_1_14' title="bbox 454 1262 1904 1348">
    <p class='ocr_par' dir='ltr' id='par_1_14' title="bbox 454 1262 1904 1348">
     <span class='ocr_line' id='line_1_14' title="bbox 454 1262 1904 1348; baseline -0.005 -20"><span class='ocrx_word' id='word_1_56' title='bbox 454 1267 766 1332; x_wconf 83' lang='lat' dir='ltr'><strong>diaconus.</strong></span> <span class='ocrx_word' id='word_1_57' title='bbox 798 1267 1034 1331; x_wconf 88' lang='lat' dir='ltr'><strong>Etenim</strong></span> <span class='ocrx_word' id='word_1_58' title='bbox 1066 1268 1179 1348; x_wconf 78' lang='lat' dir='ltr'><strong>ipsi</strong></span> <span class='ocrx_word' id='word_1_59' title='bbox 1215 1266 1471 1348; x_wconf 93' lang='lat' dir='ltr'><strong>populus</strong></span> <span class='ocrx_word' id='word_1_60' title='bbox 1499 1262 1763 1326; x_wconf 89' lang='lat' dir='ltr'><strong>creditus</strong></span> <span class='ocrx_word' id='word_1_61' title='bbox 1793 1268 1904 1322; x_wconf 90' lang='lat' dir='ltr'><strong>est.</strong></span> 
     </span>
    </p>
   </div>
   <div class='ocr_carea' id='block_1_15' title="bbox 536 1439 2100 1526">
    <p class='ocr_par' dir='ltr' id='par_1_15' title="bbox 536 1439 2100 1526">
     <span class='ocr_line' id='line_1_15' title="bbox 536 1439 2100 1526; baseline -0.008 -16"><span class='ocrx_word' id='word_1_62' title='bbox 536 1446 637 1510; x_wconf 87' lang='lat'><strong>39.</strong></span> <span class='ocrx_word' id='word_1_63' title='bbox 686 1446 808 1511; x_wconf 81' lang='lat' dir='ltr'><strong>Res</strong></span> <span class='ocrx_word' id='word_1_64' title='bbox 829 1446 901 1509; x_wconf 86' lang='lat' dir='ltr'><strong>ad</strong></span> <span class='ocrx_word' id='word_1_65' title='bbox 925 1444 1250 1509; x_wconf 88' lang='lat' dir='ltr'><strong>Ecclesiam</strong></span> <span class='ocrx_word' id='word_1_66' title='bbox 1276 1453 1333 1508; x_wconf 91' lang='lat' dir='ltr'><strong>et</strong></span> <span class='ocrx_word' id='word_1_67' title='bbox 1356 1444 1699 1526; x_wconf 80' lang='lat' dir='ltr'><strong>episcOpum</strong></span> <span class='ocrx_word' id='word_1_68' title='bbox 1730 1439 2100 1520; x_wconf 83' lang='lat' dir='ltr'><strong>pertinentes</strong></span> 
     </span>
    </p>
   </div>
   <div class='ocr_carea' id='block_1_16' title="bbox 456 1534 2098 1615">
    <p class='ocr_par' dir='ltr' id='par_1_16' title="bbox 456 1534 2098 1615">
     <span class='ocr_line' id='line_1_16' title="bbox 456 1534 2098 1615; baseline -0.007 -16"><span class='ocrx_word' id='word_1_69' title='bbox 456 1535 786 1599; x_wconf 67' lang='lat' dir='ltr'><strong>manifesta:</strong></span> <span class='ocrx_word' id='word_1_70' title='bbox 816 1543 1067 1611; x_wconf 80' lang='lat' dir='ltr'><strong>exstent,</strong></span> <span class='ocrx_word' id='word_1_71' title='bbox 1104 1546 1165 1598; x_wconf 94' lang='lat' dir='ltr'><strong>ut</strong></span> <span class='ocrx_word' id='word_1_72' title='bbox 1194 1543 1251 1597; x_wconf 89' lang='lat' dir='ltr'><strong>et</strong></span> <span class='ocrx_word' id='word_1_73' title='bbox 1279 1534 1593 1615; x_wconf 91' lang='lat' dir='ltr'><strong>episcopus</strong></span> <span class='ocrx_word' id='word_1_74' title='bbox 1626 1536 1898 1600; x_wconf 88' lang='lat' dir='ltr'><strong>testetur,</strong></span> <span class='ocrx_word' id='word_1_75' title='bbox 1925 1536 2098 1608; x_wconf 86' lang='lat' dir='ltr'><strong>atque</strong></span> 
     </span>
    </p>
   </div>
   <div class='ocr_carea' id='block_1_17' title="bbox 454 1623 1601 1703">
    <p class='ocr_par' dir='ltr' id='par_1_17' title="bbox 454 1623 1601 1703">
     <span class='ocr_line' id='line_1_17' title="bbox 454 1623 1601 1703; baseline -0.002 -16"><span class='ocrx_word' id='word_1_76' title='bbox 454 1623 721 1689; x_wconf 90' lang='lat' dir='ltr'><strong>Ecclesia</strong></span> <span class='ocrx_word' id='word_1_77' title='bbox 758 1626 983 1688; x_wconf 89' lang='lat' dir='ltr'><strong>nullum</strong></span> <span class='ocrx_word' id='word_1_78' title='bbox 1017 1625 1298 1687; x_wconf 85' lang='lat' dir='ltr'><strong>damnum</strong></span> <span class='ocrx_word' id='word_1_79' title='bbox 1330 1623 1601 1703; x_wconf 89' lang='lat' dir='ltr'><strong>accipiat.</strong></span> 
     </span>
    </p>
   </div>
   <div class='ocr_carea' id='block_1_18' title="bbox 2180 539 3822 623">
    <p class='ocr_par' dir='ltr' id='par_1_18' title="bbox 2180 539 3822 623">
     <span class='ocr_line' id='line_1_18' title="bbox 2180 539 3822 623; baseline -0.002 -26"><span class='ocrx_word' id='word_1_80' title='bbox 2180 540 2264 598; x_wconf 87' lang='grc' dir='ltr'><strong>δια</strong></span> <span class='ocrx_word' id='word_1_81' title='bbox 2335 544 2401 599; x_wconf 77' lang='grc' dir='ltr'>τὰ</span> <span class='ocrx_word' id='word_1_82' title='bbox 2456 542 2718 623; x_wconf 87' lang='grc' dir='ltr'>δογματα,</span> <span class='ocrx_word' id='word_1_83' title='bbox 2769 546 2857 601; x_wconf 84' lang='grc' dir='ltr'><strong>καὶ</strong></span> <span class='ocrx_word' id='word_1_84' title='bbox 2913 544 2978 603; x_wconf 73' lang='grc' dir='ltr'>τὰ</span> <span class='ocrx_word' id='word_1_85' title='bbox 3050 544 3360 623; x_wconf 68' lang='grc' dir='ltr'>πραφματα⁶</span> <span class='ocrx_word' id='word_1_86' title='bbox 3419 548 3627 621; x_wconf 82' lang='grc' dir='ltr'>πρῶτον</span> <span class='ocrx_word' id='word_1_87' title='bbox 3700 539 3822 617; x_wconf 81' lang='grc' dir='ltr'>μὲν,</span> 
     </span>
    </p>
   </div>
   <div class='ocr_carea' id='block_1_19' title="bbox 2181 626 3822 711">
    <p class='ocr_par' dir='ltr' id='par_1_19' title="bbox 2181 626 3822 711">
     <span class='ocr_line' id='line_1_19' title="bbox 2181 626 3822 711; baseline -0.005 -20"><span class='ocrx_word' id='word_1_88' title='bbox 2181 638 2247 709; x_wconf 78' lang='grc' dir='ltr'>τῇ</span> <span class='ocrx_word' id='word_1_89' title='bbox 2315 634 2542 711; x_wconf 76' lang='grc' dir='ltr'><strong>τετάρτῃ</strong></span> <span class='ocrx_word' id='word_1_90' title='bbox 2618 634 2715 701; x_wconf 72' lang='grc' dir='ltr'>τῆς</span> <span class='ocrx_word' id='word_1_91' title='bbox 2779 638 3153 700; x_wconf 69' lang='grc' dir='ltr'>Πεντηιιοστῆς</span> <span class='ocrx_word' id='word_1_92' title='bbox 3236 630 3504 707; x_wconf 74' lang='grc' dir='ltr'>ἐϐδομάδιο</span> <span class='ocrx_word' id='word_1_93' title='bbox 3593 634 3660 705; x_wconf 76' lang='grc' dir='ltr'>τῇ</span> <span class='ocrx_word' id='word_1_94' title='bbox 3743 626 3822 706; x_wconf 75' lang='grc' dir='ltr'>δὲ,</span> 
     </span>
    </p>
   </div>
   <div class='ocr_carea' id='block_1_20' title="bbox 2180 720 3271 801">
    <p class='ocr_par' dir='ltr' id='par_1_20' title="bbox 2180 720 3271 801">
     <span class='ocr_line' id='line_1_20' title="bbox 2180 720 3271 801; baseline 0 -20"><span class='ocrx_word' id='word_1_95' title='bbox 2180 721 2585 801; x_wconf 73' lang='grc' dir='ltr'>ὑπερϐερεταίῃ,</span> <span class='ocrx_word' id='word_1_96' title='bbox 2617 721 2886 799; x_wconf 75' lang='grc' dir='ltr'>δὼδεκατῃ</span> <span class='ocrx_word' id='word_1_97' title='bbox 2917 725 2978 779; x_wconf 83' lang='grc' dir='ltr'><strong>τὸ</strong></span> <span class='ocrx_word' id='word_1_98' title='bbox 3011 720 3271 801; x_wconf 87' lang='grc' dir='ltr'>δεύτερον.</span> 
     </span>
    </p>
   </div>
   <div class='ocr_carea' id='block_1_21' title="bbox 2264 806 3823 891">
    <p class='ocr_par' dir='ltr' id='par_1_21' title="bbox 2264 806 3823 891">
     <span class='ocr_line' id='line_1_21' title="bbox 2264 806 3823 891; baseline -0.003 -24"><span class='ocrx_word' id='word_1_99' title='bbox 2264 810 2359 886; x_wconf 85' lang='grc' dir='ltr'>λς’</span> <span class='ocrx_word' id='word_1_100' title='bbox 2363 811 2400 875; x_wconf 86' lang='grc'>’,</span> <span class='ocrx_word' id='word_1_101' title='bbox 2452 814 2728 869; x_wconf 81' lang='grc' dir='ltr'>Διοικείτω</span> <span class='ocrx_word' id='word_1_102' title='bbox 2785 814 2919 887; x_wconf 77' lang='grc' dir='ltr'>μετὰ</span> <span class='ocrx_word' id='word_1_103' title='bbox 2978 814 3154 891; x_wconf 74' lang='grc' dir='ltr'>κυρίας</span> <span class='ocrx_word' id='word_1_104' title='bbox 3211 811 3277 866; x_wconf 76' lang='grc' dir='ltr'>τὰ</span> <span class='ocrx_word' id='word_1_105' title='bbox 3334 815 3427 877; x_wconf 79' lang='grc' dir='ltr'>τῆς</span> <span class='ocrx_word' id='word_1_106' title='bbox 3500 806 3823 874; x_wconf 73' lang='grc' dir='ltr'>Ἐκκλησίας</span> 
     </span>
    </p>
   </div>
   <div class='ocr_carea' id='block_1_22' title="bbox 2183 900 2888 979">
    <p class='ocr_par' dir='ltr' id='par_1_22' title="bbox 2183 900 2888 979">
     <span class='ocr_line' id='line_1_22' title="bbox 2183 900 2888 979; baseline 0.006 -22"><span class='ocrx_word' id='word_1_107' title='bbox 2183 904 2210 957; x_wconf 82' lang='grc' dir='ltr'>ὁ</span> <span class='ocrx_word' id='word_1_108' title='bbox 2241 900 2530 964; x_wconf 74' lang='grc' dir='ltr'><strong>ἐπίσκοπος</strong></span> <span class='ocrx_word' id='word_1_109' title='bbox 2576 902 2888 979; x_wconf 85' lang='grc' dir='ltr'>πράγματα.</span> 
     </span>
    </p>
   </div>
   <div class='ocr_carea' id='block_1_23' title="bbox 2261 988 3821 1071">
    <p class='ocr_par' dir='ltr' id='par_1_23' title="bbox 2261 988 3821 1071">
     <span class='ocr_line' id='line_1_23' title="bbox 2261 988 3821 1071; baseline -0.002 -26"><span class='ocrx_word' id='word_1_110' title='bbox 2261 988 2365 1062; x_wconf 83' lang='grc' dir='ltr'>λζ’.</span> <span class='ocrx_word' id='word_1_111' title='bbox 2422 993 2564 1061; x_wconf 71' lang='grc' dir='ltr'>Μήτι</span> <span class='ocrx_word' id='word_1_112' title='bbox 2614 990 2813 1048; x_wconf 86' lang='grc' dir='ltr'>τούτων</span> <span class='ocrx_word' id='word_1_113' title='bbox 2858 1004 3131 1071; x_wconf 82' lang='grc' dir='ltr'>συγγενεῖ,</span> <span class='ocrx_word' id='word_1_114' title='bbox 3194 990 3231 1057; x_wconf 70' lang='grc' dir='ltr'>ἢ</span> <span class='ocrx_word' id='word_1_115' title='bbox 3285 991 3356 1054; x_wconf 79' lang='grc' dir='ltr'>ὡς</span> <span class='ocrx_word' id='word_1_116' title='bbox 3400 988 3590 1057; x_wconf 80' lang='grc' dir='ltr'>πένητι</span> <span class='ocrx_word' id='word_1_117' title='bbox 3654 1008 3821 1068; x_wconf 81' lang='grc' dir='ltr'>χαρι-</span> 
     </span>
    </p>
   </div>
   <div class='ocr_carea' id='block_1_24' title="bbox 2181 1080 2425 1155">
    <p class='ocr_par' dir='ltr' id='par_1_24' title="bbox 2181 1080 2425 1155">
     <span class='ocr_line' id='line_1_24' title="bbox 2181 1080 2425 1155; baseline 0.004 -19"><span class='ocrx_word' id='word_1_118' title='bbox 2181 1080 2425 1155; x_wconf 74' lang='grc' dir='ltr'>ξάμενος,</span> 
     </span>
    </p>
   </div>
   <div class='ocr_carea' id='block_1_25' title="bbox 2261 1163 3824 1249">
    <p class='ocr_par' dir='ltr' id='par_1_25' title="bbox 2261 1163 3824 1249">
     <span class='ocr_line' id='line_1_25' title="bbox 2261 1163 3824 1249; baseline -0.007 -17"><span class='ocrx_word' id='word_1_119' title='bbox 2261 1168 2377 1236; x_wconf 77' lang='grc' dir='ltr'>λη’.</span> <span class='ocrx_word' id='word_1_120' title='bbox 2456 1170 2619 1249; x_wconf 69' lang='grc' dir='ltr'>’Ἂτερ</span> <span class='ocrx_word' id='word_1_121' title='bbox 2692 1170 2983 1228; x_wconf 72' lang='grc' dir='ltr'><strong>ἐπισκόπου</strong></span> <span class='ocrx_word' id='word_1_122' title='bbox 3041 1182 3187 1226; x_wconf 78' lang='grc' dir='ltr'>ποιεῖ</span> <span class='ocrx_word' id='word_1_123' title='bbox 3274 1165 3621 1247; x_wconf 83' lang='grc' dir='ltr'>πρεσϐύτερος</span> <span class='ocrx_word' id='word_1_124' title='bbox 3678 1163 3824 1224; x_wconf 75' lang='grc' dir='ltr'>οὒδέν</span> 
     </span>
    </p>
   </div>
   <div class='ocr_carea' id='block_1_26' title="bbox 2181 1255 3824 1336">
    <p class='ocr_par' dir='ltr' id='par_1_26' title="bbox 2181 1255 3824 1336">
     <span class='ocr_line' id='line_1_26' title="bbox 2181 1255 3824 1336; baseline -0.004 -22"><span class='ocrx_word' id='word_1_125' title='bbox 2181 1259 2268 1315; x_wconf 81' lang='grc' dir='ltr'><strong>καὶ</strong></span> <span class='ocrx_word' id='word_1_126' title='bbox 2355 1256 2618 1324; x_wconf 65' lang='grc' dir='ltr'>διάκονος·</span> <span class='ocrx_word' id='word_1_127' title='bbox 2720 1261 2807 1315; x_wconf 84' lang='grc' dir='ltr'><strong>καὶ</strong></span> <span class='ocrx_word' id='word_1_128' title='bbox 2874 1260 2971 1336; x_wconf 80' lang='grc' dir='ltr'>γὰρ</span> <span class='ocrx_word' id='word_1_129' title='bbox 3072 1262 3220 1321; x_wconf 81' lang='grc' dir='ltr'><strong>οἶτος</strong></span> <span class='ocrx_word' id='word_1_130' title='bbox 3298 1260 3643 1314; x_wconf 70' lang='grc' dir='ltr'><strong>πεπίστευται</strong></span> <span class='ocrx_word' id='word_1_131' title='bbox 3733 1255 3824 1309; x_wconf 78' lang='grc' dir='ltr'>τὸν</span> 
     </span>
    </p>
   </div>
   <div class='ocr_carea' id='block_1_27' title="bbox 2182 1346 2332 1407">
    <p class='ocr_par' dir='ltr' id='par_1_27' title="bbox 2182 1346 2332 1407">
     <span class='ocr_line' id='line_1_27' title="bbox 2182 1346 2332 1407; baseline 0.02 -4"><span class='ocrx_word' id='word_1_132' title='bbox 2182 1346 2332 1407; x_wconf 85' lang='grc' dir='ltr'>λαόν.</span> 
     </span>
    </p>
   </div>
   <div class='ocr_carea' id='block_1_28' title="bbox 2261 1433 3825 1518">
    <p class='ocr_par' dir='ltr' id='par_1_28' title="bbox 2261 1433 3825 1518">
     <span class='ocr_line' id='line_1_28' title="bbox 2261 1433 3825 1518; baseline -0.003 -24"><span class='ocrx_word' id='word_1_133' title='bbox 2261 1436 2363 1497; x_wconf 84' lang='grc' dir='ltr'>λθ’.</span> <span class='ocrx_word' id='word_1_134' title='bbox 2428 1439 2501 1497; x_wconf 76' lang='grc' dir='ltr'><strong>Τὰ</strong></span> <span class='ocrx_word' id='word_1_135' title='bbox 2567 1441 2663 1506; x_wconf 76' lang='grc' dir='ltr'>τῆς</span> <span class='ocrx_word' id='word_1_136' title='bbox 2717 1437 3063 1518; x_wconf 80' lang='grc' dir='ltr'>Ἐκκλησίας,</span> <span class='ocrx_word' id='word_1_137' title='bbox 3121 1439 3211 1495; x_wconf 78' lang='grc' dir='ltr'><strong>καὶ</strong></span> <span class='ocrx_word' id='word_1_138' title='bbox 3263 1438 3329 1495; x_wconf 79' lang='grc' dir='ltr'>τὰ</span> <span class='ocrx_word' id='word_1_139' title='bbox 3382 1443 3472 1495; x_wconf 81' lang='grc' dir='ltr'>τοῦ</span> <span class='ocrx_word' id='word_1_140' title='bbox 3533 1433 3825 1492; x_wconf 66' lang='grc' dir='ltr'>ἱπισκὸπου</span> 
     </span>
    </p>
   </div>
   <div class='ocr_carea' id='block_1_29' title="bbox 2183 1524 3822 1608">
    <p class='ocr_par' dir='ltr' id='par_1_29' title="bbox 2183 1524 3822 1608">
     <span class='ocr_line' id='line_1_29' title="bbox 2183 1524 3822 1608; baseline -0.004 -22"><span class='ocrx_word' id='word_1_141' title='bbox 2183 1527 2475 1607; x_wconf 73' lang='grc' dir='ltr'>προκείσθω</span> <span class='ocrx_word' id='word_1_142' title='bbox 2559 1530 2848 1608; x_wconf 83' lang='grc' dir='ltr'>πράγματα</span> <span class='ocrx_word' id='word_1_143' title='bbox 2935 1530 3152 1607; x_wconf 73' lang='grc' dir='ltr'>φανερά·</span> <span class='ocrx_word' id='word_1_144' title='bbox 3228 1528 3323 1583; x_wconf 78' lang='grc' dir='ltr'>’ίνα</span> <span class='ocrx_word' id='word_1_145' title='bbox 3417 1525 3512 1583; x_wconf 72' lang='grc' dir='ltr'>καί</span> <span class='ocrx_word' id='word_1_146' title='bbox 3585 1526 3612 1580; x_wconf 79' lang='grc' dir='ltr'><strong>ὁ</strong></span> <span class='ocrx_word' id='word_1_147' title='bbox 3703 1524 3822 1580; x_wconf 72' lang='grc' dir='ltr'>ἐπί-</span> 
     </span>
    </p>
   </div>
   <div class='ocr_carea' id='block_1_30' title="bbox 2182 1617 3823 1697">
    <p class='ocr_par' dir='ltr' id='par_1_30' title="bbox 2182 1617 3823 1697">
     <span class='ocr_line' id='line_1_30' title="bbox 2182 1617 3823 1697; baseline -0.004 -20"><span class='ocrx_word' id='word_1_148' title='bbox 2182 1642 2385 1685; x_wconf 89' lang='grc' dir='ltr'>σκοπος</span> <span class='ocrx_word' id='word_1_149' title='bbox 2455 1618 2800 1695; x_wconf 77' lang='grc' dir='ltr'>διατίθηται,</span> <span class='ocrx_word' id='word_1_150' title='bbox 2893 1622 2976 1676; x_wconf 75' lang='grc' dir='ltr'><strong>καὶ</strong></span> <span class='ocrx_word' id='word_1_151' title='bbox 3044 1619 3178 1697; x_wconf 77' lang='grc' dir='ltr'>μένῃ</span> <span class='ocrx_word' id='word_1_152' title='bbox 3246 1622 3279 1687; x_wconf 79' lang='grc' dir='ltr'><strong>ἡ</strong></span> <span class='ocrx_word' id='word_1_153' title='bbox 3340 1618 3630 1685; x_wconf 67' lang='grc' dir='ltr'>Ἐκκλησία</span> <span class='ocrx_word' id='word_1_154' title='bbox 3687 1617 3823 1685; x_wconf 73' lang='grc' dir='ltr'><strong>ἀζή-</strong></span> 
     </span>
    </p>
   </div>
   <div class='ocr_carea' id='block_1_31' title="bbox 2182 1732 2335 1785">
    <p class='ocr_par' dir='ltr' id='par_1_31' title="bbox 2182 1732 2335 1785">
     <span class='ocr_line' id='line_1_31' title="bbox 2182 1732 2335 1785; baseline 0.02 -21"><span class='ocrx_word' id='word_1_155' title='bbox 2182 1732 2335 1785; x_wconf 86' lang='grc' dir='ltr'>μιος.</span> 
     </span>
    </p>
   </div>
   <div class='ocr_carea' id='block_1_32' title="bbox 535 1796 2095 1887">
    <p class='ocr_par' dir='ltr' id='par_1_32' title="bbox 535 1798 2095 1887">
     <span class='ocr_line' id='line_1_32' title="bbox 535 1798 2095 1887; baseline -0.007 -20"><span class='ocrx_word' id='word_1_156' title='bbox 535 1806 637 1867; x_wconf 88' lang='lat'><strong>40.</strong></span> <span class='ocrx_word' id='word_1_157' title='bbox 683 1802 1011 1887; x_wconf 86' lang='lat' dir='ltr'><strong>Episcopus</strong></span> <span class='ocrx_word' id='word_1_158' title='bbox 1044 1811 1392 1885; x_wconf 82' lang='lat' dir='ltr'><strong>potestatem</strong></span> <span class='ocrx_word' id='word_1_159' title='bbox 1426 1798 1640 1862; x_wconf 87' lang='lat' dir='ltr'><strong>habeat</strong></span> <span class='ocrx_word' id='word_1_160' title='bbox 1671 1816 1851 1879; x_wconf 88' lang='lat' dir='ltr'><strong>super</strong></span> <span class='ocrx_word' id='word_1_161' title='bbox 1878 1815 1976 1858; x_wconf 90' lang='lat' dir='ltr'><strong>res</strong></span> <span class='ocrx_word' id='word_1_162' title='bbox 2005 1813 2095 1857; x_wconf 86' lang='lat' dir='ltr'><strong>ec-</strong></span> 
     </span>
    </p>
   </div>
   <div class='ocr_carea' id='block_1_33' title="bbox 2240 1796 3820 1887">
    <p class='ocr_par' dir='ltr' id='par_1_33' title="bbox 2264 1796 3820 1875">
     <span class='ocr_line' id='line_1_33' title="bbox 2264 1796 3820 1875; baseline -0.008 -11"><span class='ocrx_word' id='word_1_163' title='bbox 2264 1798 2347 1875; x_wconf 78' lang='grc' dir='ltr'>μ’.</span> <span class='ocrx_word' id='word_1_164' title='bbox 2435 1798 2815 1872; x_wconf 77' lang='grc' dir='ltr'>Ἐξουσιαζέτω</span> <span class='ocrx_word' id='word_1_165' title='bbox 2898 1803 3002 1875; x_wconf 81' lang='grc' dir='ltr'><strong>τῷν</strong></span> <span class='ocrx_word' id='word_1_166' title='bbox 3092 1799 3547 1867; x_wconf 80' lang='grc' dir='ltr'>ἒκκλησιαστικῶν</span> <span class='ocrx_word' id='word_1_167' title='bbox 3619 1800 3648 1854; x_wconf 77' lang='grc' dir='ltr'>ὁ</span> <span class='ocrx_word' id='word_1_168' title='bbox 3704 1796 3820 1853; x_wconf 71' lang='grc' dir='ltr'>ἐπί-</span> 
     </span>
    </p>
   </div>
   <div class='ocr_carea' id='block_1_34' title="bbox 457 1888 2099 1973">
    <p class='ocr_par' dir='ltr' id='par_1_34' title="bbox 457 1888 2099 1973">
     <span class='ocr_line' id='line_1_34' title="bbox 457 1888 2099 1973; baseline -0.007 -15"><span class='ocrx_word' id='word_1_169' title='bbox 457 1894 839 1971; x_wconf 89' lang='lat' dir='ltr'><strong>clesiasticas,</strong></span> <span class='ocrx_word' id='word_1_170' title='bbox 871 1913 1005 1956; x_wconf 89' lang='lat' dir='ltr'><strong>cum</strong></span> <span class='ocrx_word' id='word_1_171' title='bbox 1036 1912 1169 1956; x_wconf 86' lang='lat' dir='ltr'><strong>eam</strong></span> <span class='ocrx_word' id='word_1_172' title='bbox 1200 1911 1378 1973; x_wconf 86' lang='lat' dir='ltr'><strong>super</strong></span> <span class='ocrx_word' id='word_1_173' title='bbox 1392 1890 1619 1953; x_wconf 85' lang='lat' dir='ltr'><strong>animas</strong></span> <span class='ocrx_word' id='word_1_174' title='bbox 1642 1888 1891 1951; x_wconf 89' lang='lat' dir='ltr'><strong>habeat:</strong></span> <span class='ocrx_word' id='word_1_175' title='bbox 1922 1895 2099 1966; x_wconf 90' lang='lat' dir='ltr'><strong>atque</strong></span> 
     </span>
    </p>
   </div>
   <div class='ocr_carea' id='block_1_35' title="bbox 456 1978 1944 2064">
    <p class='ocr_par' dir='ltr' id='par_1_35' title="bbox 456 1978 1944 2064">
     <span class='ocr_line' id='line_1_35' title="bbox 456 1978 1944 2064; baseline -0.007 -18"><span class='ocrx_word' id='word_1_176' title='bbox 456 1984 657 2046; x_wconf 89' lang='lat' dir='ltr'><strong>omnia</strong></span> <span class='ocrx_word' id='word_1_177' title='bbox 678 1984 846 2064; x_wconf 81' lang='lat' dir='ltr'><strong>juxta</strong></span> <span class='ocrx_word' id='word_1_178' title='bbox 872 1983 1130 2046; x_wconf 84' lang='lat' dir='ltr'><strong>divinam</strong></span> <span class='ocrx_word' id='word_1_179' title='bbox 1162 1983 1520 2045; x_wconf 81' lang='lat' dir='ltr'><strong>voluntatem</strong></span> <span class='ocrx_word' id='word_1_180' title='bbox 1553 1978 1944 2041; x_wconf 88' lang='lat' dir='ltr'><strong>administret.</strong></span> 
     </span>
    </p>
   </div>
   <div class='ocr_carea' id='block_1_36' title="bbox 540 2067 2096 2153">
    <p class='ocr_par' dir='ltr' id='par_1_36' title="bbox 540 2067 2096 2153">
     <span class='ocr_line' id='line_1_36' title="bbox 540 2067 2096 2153; baseline -0.004 -17"><span class='ocrx_word' id='word_1_181' title='bbox 540 2075 634 2136; x_wconf 77' lang='lat'><strong>41.</strong></span> <span class='ocrx_word' id='word_1_182' title='bbox 683 2073 978 2139; x_wconf 90' lang='lat' dir='ltr'><strong>Sacerdos</strong></span> <span class='ocrx_word' id='word_1_183' title='bbox 1030 2073 1257 2136; x_wconf 88' lang='lat' dir='ltr'><strong>aleator</strong></span> <span class='ocrx_word' id='word_1_184' title='bbox 1302 2081 1477 2153; x_wconf 87' lang='lat' dir='ltr'><strong>atque</strong></span> <span class='ocrx_word' id='word_1_185' title='bbox 1529 2069 1823 2145; x_wconf 89' lang='lat' dir='ltr'><strong>ebriosus,</strong></span> <span class='ocrx_word' id='word_1_186' title='bbox 1867 2067 1919 2129; x_wconf 87' lang='lat' dir='ltr'><strong>si</strong></span> <span class='ocrx_word' id='word_1_187' title='bbox 1979 2086 2096 2129; x_wconf 91' lang='lat' dir='ltr'><strong>non</strong></span> 
     </span>
    </p>
   </div>
   <div class='ocr_carea' id='block_1_37' title="bbox 456 2164 1099 2245">
    <p class='ocr_par' dir='ltr' id='par_1_37' title="bbox 456 2164 1099 2245">
     <span class='ocr_line' id='line_1_37' title="bbox 456 2164 1099 2245; baseline 0.002 -19"><span class='ocrx_word' id='word_1_188' title='bbox 456 2164 710 2236; x_wconf 88' lang='lat' dir='ltr'><strong>desinat,</strong></span> <span class='ocrx_word' id='word_1_189' title='bbox 745 2165 1099 2245; x_wconf 83' lang='lat' dir='ltr'><strong>deponatur.</strong></span> 
     </span>
    </p>
   </div>
   <div class='ocr_carea' id='block_1_38' title="bbox 534 2249 2096 2318">
    <p class='ocr_par' dir='ltr' id='par_1_38' title="bbox 534 2249 2096 2318">
     <span class='ocr_line' id='line_1_38' title="bbox 534 2249 2096 2318; baseline -0.005 -1"><span class='ocrx_word' id='word_1_190' title='bbox 534 2254 638 2318; x_wconf 70' lang='grc'><strong>42.</strong></span> <span class='ocrx_word' id='word_1_191' title='bbox 684 2254 944 2317; x_wconf 86' lang='lat' dir='ltr'><strong>Clericus</strong></span> <span class='ocrx_word' id='word_1_192' title='bbox 992 2261 1052 2317; x_wconf 91' lang='lat' dir='ltr'><strong>et</strong></span> <span class='ocrx_word' id='word_1_193' title='bbox 1081 2252 1268 2315; x_wconf 85' lang='lat' dir='ltr'><strong>laicus</strong></span> <span class='ocrx_word' id='word_1_194' title='bbox 1297 2250 1518 2315; x_wconf 87' lang='lat' dir='ltr'><strong>similia</strong></span> <span class='ocrx_word' id='word_1_195' title='bbox 1570 2249 1796 2312; x_wconf 84' lang='lat' dir='ltr'><strong>faciens</strong></span> <span class='ocrx_word' id='word_1_196' title='bbox 1853 2265 2096 2310; x_wconf 88' lang='lat' dir='ltr'><strong>excom-</strong></span> 
     </span>
    </p>
   </div>
   <div class='ocr_carea' id='block_1_39' title="bbox 454 2342 815 2406">
    <p class='ocr_par' dir='ltr' id='par_1_39' title="bbox 454 2342 815 2406">
     <span class='ocr_line' id='line_1_39' title="bbox 454 2342 815 2406; baseline 0.003 -2"><span class='ocrx_word' id='word_1_197' title='bbox 454 2342 815 2406; x_wconf 87' lang='lat' dir='ltr'><strong>municatur.</strong></span> 
     </span>
    </p>
   </div>
   <div class='ocr_carea' id='block_1_40' title="bbox 533 2426 2101 2507">
    <p class='ocr_par' dir='ltr' id='par_1_40' title="bbox 533 2426 2101 2507">
     <span class='ocr_line' id='line_1_40' title="bbox 533 2426 2101 2507; baseline -0.004 -14"><span class='ocrx_word' id='word_1_198' title='bbox 533 2433 636 2496; x_wconf 81' lang='lat'><strong>43.</strong></span> <span class='ocrx_word' id='word_1_199' title='bbox 684 2430 977 2495; x_wconf 89' lang='lat' dir='ltr'><strong>Sacerdos</strong></span> <span class='ocrx_word' id='word_1_200' title='bbox 1002 2432 1190 2495; x_wconf 86' lang='lat' dir='ltr'><strong>mutui</strong></span> <span class='ocrx_word' id='word_1_201' title='bbox 1210 2447 1421 2494; x_wconf 88' lang='lat' dir='ltr'><strong>usuras</strong></span> <span class='ocrx_word' id='word_1_202' title='bbox 1444 2428 1707 2507; x_wconf 83' lang='lat' dir='ltr'><strong>exigens,</strong></span> <span class='ocrx_word' id='word_1_203' title='bbox 1736 2426 1845 2489; x_wconf 89' lang='lat' dir='ltr'><strong>nisi</strong></span> <span class='ocrx_word' id='word_1_204' title='bbox 1868 2426 2101 2489; x_wconf 88' lang='lat' dir='ltr'><strong>desinat</strong></span> 
     </span>
    </p>
   </div>
   <div class='ocr_carea' id='block_1_41' title="bbox 456 2519 832 2586">
    <p class='ocr_par' dir='ltr' id='par_1_41' title="bbox 456 2519 832 2586">
     <span class='ocr_line' id='line_1_41' title="bbox 456 2519 832 2586; baseline 0 -1"><span class='ocrx_word' id='word_1_205' title='bbox 456 2519 832 2586; x_wconf 87' lang='lat' dir='ltr'><strong>deturbetur.</strong></span> 
     </span>
    </p>
   </div>
   <div class='ocr_carea' id='block_1_42' title="bbox 481 2606 2089 2683">
    <p class='ocr_par' dir='ltr' id='par_1_42' title="bbox 481 2606 2089 2683">
     <span class='ocr_line' id='line_1_42' title="bbox 481 2606 2089 2683; baseline -0.005 -11"><span class='ocrx_word' id='word_1_206' title='bbox 481 2649 485 2652; x_wconf 54' lang='grc' dir='ltr'><strong>ν</strong></span> <span class='ocrx_word' id='word_1_207' title='bbox 535 2610 639 2674; x_wconf 83' lang='lat'><strong>44.</strong></span> <span class='ocrx_word' id='word_1_208' title='bbox 684 2610 960 2683; x_wconf 91' lang='lat' dir='ltr'><strong>Quicum</strong></span> <span class='ocrx_word' id='word_1_209' title='bbox 995 2610 1291 2674; x_wconf 59' lang='lat' dir='ltr'><strong>haereticis</strong></span> <span class='ocrx_word' id='word_1_210' title='bbox 1324 2618 1451 2673; x_wconf 88' lang='lat' dir='ltr'><strong>orat</strong></span> <span class='ocrx_word' id='word_1_211' title='bbox 1492 2606 2089 2672; x_wconf 77' lang='lat' dir='ltr'><strong>excommunicatur:</strong></span> 
     </span>
    </p>
   </div>
   <div class='ocr_carea' id='block_1_43' title="bbox 457 2698 2033 2781">
    <p class='ocr_par' dir='ltr' id='par_1_43' title="bbox 457 2698 2033 2781">
     <span class='ocr_line' id='line_1_43' title="bbox 457 2698 2033 2781; baseline -0.004 -19"><span class='ocrx_word' id='word_1_212' title='bbox 457 2700 561 2781; x_wconf 89' lang='lat' dir='ltr'><strong>qui</strong></span> <span class='ocrx_word' id='word_1_213' title='bbox 587 2718 727 2763; x_wconf 82' lang='lat' dir='ltr'><strong>vero</strong></span> <span class='ocrx_word' id='word_1_214' title='bbox 758 2701 868 2763; x_wconf 88' lang='lat' dir='ltr'><strong>hos</strong></span> <span class='ocrx_word' id='word_1_215' title='bbox 897 2700 1149 2764; x_wconf 88' lang='lat' dir='ltr'><strong>clericos</strong></span> <span class='ocrx_word' id='word_1_216' title='bbox 1179 2698 1503 2774; x_wconf 79' lang='lat' dir='ltr'><strong>existimat,</strong></span> <span class='ocrx_word' id='word_1_217' title='bbox 1532 2698 1719 2779; x_wconf 85' lang='lat' dir='ltr'><strong>gradu</strong></span> <span class='ocrx_word' id='word_1_218' title='bbox 1744 2705 2033 2757; x_wconf 84' lang='lat' dir='ltr'><strong>movetur.</strong></span> 
     </span>
    </p>
   </div>
   <div class='ocr_carea' id='block_1_44' title="bbox 538 2784 2097 2871">
    <p class='ocr_par' dir='ltr' id='par_1_44' title="bbox 538 2784 2097 2871">
     <span class='ocr_line' id='line_1_44' title="bbox 538 2784 2097 2871; baseline -0.004 -19"><span class='ocrx_word' id='word_1_219' title='bbox 538 2790 637 2852; x_wconf 91' lang='lat'><strong>45.</strong></span> <span class='ocrx_word' id='word_1_220' title='bbox 685 2790 975 2853; x_wconf 86' lang='lat' dir='ltr'><strong>Sacerdos</strong></span> <span class='ocrx_word' id='word_1_221' title='bbox 1005 2788 1297 2871; x_wconf 89' lang='lat' dir='ltr'><strong>baptisma</strong></span> <span class='ocrx_word' id='word_1_222' title='bbox 1342 2799 1400 2850; x_wconf 91' lang='lat' dir='ltr'><strong>et</strong></span> <span class='ocrx_word' id='word_1_223' title='bbox 1448 2786 1807 2851; x_wconf 85' lang='lat' dir='ltr'><strong>sacriﬁcium</strong></span> <span class='ocrx_word' id='word_1_224' title='bbox 1860 2784 2097 2847; x_wconf 85' lang='lat' dir='ltr'><strong>haereti-</strong></span> 
     </span>
    </p>
   </div>
   <div class='ocr_carea' id='block_1_45' title="bbox 458 2876 1840 2960">
    <p class='ocr_par' dir='ltr' id='par_1_45' title="bbox 458 2876 1840 2960">
     <span class='ocr_line' id='line_1_45' title="bbox 458 2876 1840 2960; baseline -0.005 -19"><span class='ocrx_word' id='word_1_225' title='bbox 458 2897 664 2942; x_wconf 89' lang='lat' dir='ltr'><strong>corum</strong></span> <span class='ocrx_word' id='word_1_226' title='bbox 694 2879 1018 2960; x_wconf 88' lang='lat' dir='ltr'><strong>recipiens,</strong></span> <span class='ocrx_word' id='word_1_227' title='bbox 1051 2878 1384 2940; x_wconf 85' lang='lat' dir='ltr'><strong>sacerdotio</strong></span> <span class='ocrx_word' id='word_1_228' title='bbox 1416 2876 1697 2954; x_wconf 83' lang='lat' dir='ltr'><strong>indignus</strong></span> <span class='ocrx_word' id='word_1_229' title='bbox 1728 2883 1840 2936; x_wconf 89' lang='lat' dir='ltr'><strong>est.</strong></span> 
     </span>
    </p>
   </div>
   <div class='ocr_carea' id='block_1_46' title="bbox 540 2964 2100 3048">
    <p class='ocr_par' dir='ltr' id='par_1_46' title="bbox 540 2964 2100 3048">
     <span class='ocr_line' id='line_1_46' title="bbox 540 2964 2100 3048; baseline -0.003 -20"><span class='ocrx_word' id='word_1_230' title='bbox 540 2968 639 3030; x_wconf 85' lang='lat'><strong>46.</strong></span> <span class='ocrx_word' id='word_1_231' title='bbox 687 2968 799 3040; x_wconf 89' lang='lat' dir='ltr'><strong>Qui</strong></span> <span class='ocrx_word' id='word_1_232' title='bbox 853 2987 993 3031; x_wconf 83' lang='lat' dir='ltr'><strong>vere</strong></span> <span class='ocrx_word' id='word_1_233' title='bbox 1046 2967 1399 3048; x_wconf 87' lang='lat' dir='ltr'><strong>baptizatum</strong></span> <span class='ocrx_word' id='word_1_234' title='bbox 1452 2966 1649 3028; x_wconf 90' lang='lat' dir='ltr'><strong>denuo</strong></span> <span class='ocrx_word' id='word_1_235' title='bbox 1698 2964 1977 3043; x_wconf 87' lang='lat' dir='ltr'><strong>haptizat,</strong></span> <span class='ocrx_word' id='word_1_236' title='bbox 2032 2981 2100 3024; x_wconf 81' lang='lat' dir='ltr'><strong>ac</strong></span> 
     </span>
    </p>
   </div>
   <div class='ocr_carea' id='block_1_47' title="bbox 459 3052 2098 3138">
    <p class='ocr_par' dir='ltr' id='par_1_47' title="bbox 459 3052 2098 3138">
     <span class='ocr_line' id='line_1_47' title="bbox 459 3052 2098 3138; baseline -0.005 -17"><span class='ocrx_word' id='word_1_237' title='bbox 459 3076 599 3121; x_wconf 90' lang='lat' dir='ltr'><strong>eum</strong></span> <span class='ocrx_word' id='word_1_238' title='bbox 653 3057 755 3138; x_wconf 91' lang='lat' dir='ltr'><strong>qui</strong></span> <span class='ocrx_word' id='word_1_239' title='bbox 801 3056 1106 3135; x_wconf 82' lang='lat' dir='ltr'><strong>impietate</strong></span> <span class='ocrx_word' id='word_1_240' title='bbox 1162 3057 1421 3137; x_wconf 90' lang='lat' dir='ltr'><strong>pollutus</strong></span> <span class='ocrx_word' id='word_1_241' title='bbox 1465 3062 1556 3117; x_wconf 85' lang='lat' dir='ltr'><strong>est</strong></span> <span class='ocrx_word' id='word_1_242' title='bbox 1585 3073 1703 3117; x_wconf 88' lang='lat' dir='ltr'><strong>non</strong></span> <span class='ocrx_word' id='word_1_243' title='bbox 1752 3052 2098 3133; x_wconf 81' lang='lat' dir='ltr'><strong>rebaptizat,</strong></span> 
     </span>
    </p>
   </div>
   <div class='ocr_carea' id='block_1_48' title="bbox 460 3145 1391 3210">
    <p class='ocr_par' dir='ltr' id='par_1_48' title="bbox 460 3145 1391 3210">
     <span class='ocr_line' id='line_1_48' title="bbox 460 3145 1391 3210; baseline -0.004 0"><span class='ocrx_word' id='word_1_244' title='bbox 460 3145 745 3210; x_wconf 86' lang='lat' dir='ltr'><strong>sacerdos</strong></span> <span class='ocrx_word' id='word_1_245' title='bbox 776 3165 894 3209; x_wconf 87' lang='lat' dir='ltr'><strong>non</strong></span> <span class='ocrx_word' id='word_1_246' title='bbox 926 3158 1018 3209; x_wconf 87' lang='lat' dir='ltr'><strong>est</strong></span> <span class='ocrx_word' id='word_1_247' title='bbox 1051 3145 1391 3209; x_wconf 89' lang='lat' dir='ltr'><strong>habendus.</strong></span> 
     </span>
    </p>
   </div>
   <div class='ocr_carea' id='block_1_49' title="bbox 538 3231 2102 3316">
    <p class='ocr_par' dir='ltr' id='par_1_49' title="bbox 538 3231 2102 3316">
     <span class='ocr_line' id='line_1_49' title="bbox 538 3231 2102 3316; baseline -0.004 -17"><span class='ocrx_word' id='word_1_248' title='bbox 538 3236 641 3301; x_wconf 82' lang='lat'><strong>47.</strong></span> <span class='ocrx_word' id='word_1_249' title='bbox 690 3235 1005 3299; x_wconf 65' lang='lat' dir='ltr'><strong>Saecularis</strong></span> <span class='ocrx_word' id='word_1_250' title='bbox 1022 3237 1318 3316; x_wconf 85' lang='lat' dir='ltr'><strong>propriam</strong></span> <span class='ocrx_word' id='word_1_251' title='bbox 1342 3252 1584 3297; x_wconf 83' lang='lat' dir='ltr'><strong>uxorem</strong></span> <span class='ocrx_word' id='word_1_252' title='bbox 1610 3232 1882 3313; x_wconf 72' lang='lat' dir='ltr'><strong>eiiciens,</strong></span> <span class='ocrx_word' id='word_1_253' title='bbox 1898 3231 2102 3293; x_wconf 88' lang='lat' dir='ltr'><strong>aliam-</strong></span> 
     </span>
    </p>
   </div>
   <div class='ocr_carea' id='block_1_50' title="bbox 460 3320 2098 3405">
    <p class='ocr_par' dir='ltr' id='par_1_50' title="bbox 460 3320 2098 3405">
     <span class='ocr_line' id='line_1_50' title="bbox 460 3320 2098 3405; baseline -0.002 -15"><span class='ocrx_word' id='word_1_254' title='bbox 460 3344 581 3405; x_wconf 89' lang='lat' dir='ltr'><strong>que</strong></span> <span class='ocrx_word' id='word_1_255' title='bbox 599 3326 1028 3389; x_wconf 83' lang='lat' dir='ltr'><strong>autdimissam</strong></span> <span class='ocrx_word' id='word_1_256' title='bbox 1061 3325 1308 3400; x_wconf 88' lang='lat' dir='ltr'><strong>ducens,</strong></span> <span class='ocrx_word' id='word_1_257' title='bbox 1337 3320 1942 3386; x_wconf 81' lang='lat' dir='ltr'><strong>excommunicandus</strong></span> <span class='ocrx_word' id='word_1_258' title='bbox 1982 3328 2098 3386; x_wconf 88' lang='lat' dir='ltr'><strong>est.</strong></span> 
     </span>
    </p>
   </div>
   <div class='ocr_carea' id='block_1_51' title="bbox 539 3409 2104 3494">
    <p class='ocr_par' dir='ltr' id='par_1_51' title="bbox 539 3409 2104 3494">
     <span class='ocr_line' id='line_1_51' title="bbox 539 3409 2104 3494; baseline -0.004 -15"><span class='ocrx_word' id='word_1_259' title='bbox 539 3417 641 3478; x_wconf 90' lang='lat'><strong>48.</strong></span> <span class='ocrx_word' id='word_1_260' title='bbox 689 3416 801 3489; x_wconf 88' lang='lat' dir='ltr'><strong>Qui</strong></span> <span class='ocrx_word' id='word_1_261' title='bbox 833 3434 950 3476; x_wconf 91' lang='lat' dir='ltr'><strong>non</strong></span> <span class='ocrx_word' id='word_1_262' title='bbox 981 3414 1233 3494; x_wconf 88' lang='lat' dir='ltr'><strong>baptizat</strong></span> <span class='ocrx_word' id='word_1_263' title='bbox 1262 3413 1322 3473; x_wconf 91' lang='lat' dir='ltr'><strong>in</strong></span> <span class='ocrx_word' id='word_1_264' title='bbox 1354 3415 1616 3485; x_wconf 90' lang='lat' dir='ltr'><strong>Patrem,</strong></span> <span class='ocrx_word' id='word_1_265' title='bbox 1668 3418 1725 3473; x_wconf 89' lang='lat' dir='ltr'><strong>et</strong></span> <span class='ocrx_word' id='word_1_266' title='bbox 1768 3409 2006 3485; x_wconf 88' lang='lat' dir='ltr'><strong>Filium,</strong></span> <span class='ocrx_word' id='word_1_267' title='bbox 2044 3418 2104 3473; x_wconf 89' lang='lat' dir='ltr'><strong>et</strong></span> 
     </span>
    </p>
   </div>
   <div class='ocr_carea' id='block_1_52' title="bbox 459 3499 2099 3586">
    <p class='ocr_par' dir='ltr' id='par_1_52' title="bbox 459 3499 2099 3586">
     <span class='ocr_line' id='line_1_52' title="bbox 459 3499 2099 3586; baseline -0.006 -15"><span class='ocrx_word' id='word_1_268' title='bbox 459 3504 743 3586; x_wconf 86' lang='lat' dir='ltr'><strong>Spiritum</strong></span> <span class='ocrx_word' id='word_1_269' title='bbox 797 3511 1090 3577; x_wconf 89' lang='lat' dir='ltr'><strong>sanctum,</strong></span> <span class='ocrx_word' id='word_1_270' title='bbox 1142 3501 1246 3564; x_wconf 90' lang='lat' dir='ltr'><strong>sed</strong></span> <span class='ocrx_word' id='word_1_271' title='bbox 1282 3499 1711 3580; x_wconf 82' lang='lat' dir='ltr'><strong>transgreditur</strong></span> <span class='ocrx_word' id='word_1_272' title='bbox 1747 3499 1894 3561; x_wconf 91' lang='lat' dir='ltr'><strong>illud</strong></span> <span class='ocrx_word' id='word_1_273' title='bbox 1942 3517 2099 3579; x_wconf 54' lang='lat' dir='ltr'><strong>prae.-</strong></span> 
     </span>
    </p>
   </div>
   <div class='ocr_carea' id='block_1_53' title="bbox 457 3590 1657 3675">
    <p class='ocr_par' dir='ltr' id='par_1_53' title="bbox 457 3590 1657 3675">
     <span class='ocr_line' id='line_1_53' title="bbox 457 3590 1657 3675; baseline -0.003 -19"><span class='ocrx_word' id='word_1_274' title='bbox 457 3602 721 3675; x_wconf 88' lang='lat' dir='ltr'><strong>ceptum,</strong></span> <span class='ocrx_word' id='word_1_275' title='bbox 756 3592 1082 3656; x_wconf 87' lang='lat' dir='ltr'><strong>sacerdotio</strong></span> <span class='ocrx_word' id='word_1_276' title='bbox 1113 3592 1276 3670; x_wconf 88' lang='lat' dir='ltr'><strong>fungi</strong></span> <span class='ocrx_word' id='word_1_277' title='bbox 1306 3610 1426 3654; x_wconf 91' lang='lat' dir='ltr'><strong>non</strong></span> <span class='ocrx_word' id='word_1_278' title='bbox 1457 3590 1657 3653; x_wconf 87' lang='lat' dir='ltr'><strong>debet.</strong></span> 
     </span>
    </p>
   </div>
   <div class='ocr_carea' id='block_1_54' title="bbox 540 3680 2105 3755">
    <p class='ocr_par' dir='ltr' id='par_1_54' title="bbox 540 3680 2105 3755">
     <span class='ocr_line' id='line_1_54' title="bbox 540 3680 2105 3755; baseline -0.003 -9"><span class='ocrx_word' id='word_1_279' title='bbox 540 3686 643 3746; x_wconf 84' lang='lat'><strong>49.</strong></span> <span class='ocrx_word' id='word_1_280' title='bbox 689 3682 801 3755; x_wconf 93' lang='lat' dir='ltr'><strong>Qui</strong></span> <span class='ocrx_word' id='word_1_281' title='bbox 831 3701 947 3743; x_wconf 89' lang='lat' dir='ltr'><strong>non</strong></span> <span class='ocrx_word' id='word_1_282' title='bbox 971 3680 1157 3743; x_wconf 89' lang='lat' dir='ltr'><strong>tribus</strong></span> <span class='ocrx_word' id='word_1_283' title='bbox 1184 3681 1371 3743; x_wconf 90' lang='lat' dir='ltr'><strong>initiat</strong></span> <span class='ocrx_word' id='word_1_284' title='bbox 1396 3680 1795 3742; x_wconf 90' lang='lat' dir='ltr'><strong>mersionibus</strong></span> <span class='ocrx_word' id='word_1_285' title='bbox 1822 3698 1834 3742; x_wconf 93' lang='lat'>:</span> <span class='ocrx_word' id='word_1_286' title='bbox 1861 3681 1963 3742; x_wconf 88' lang='lat' dir='ltr'><strong>sed</strong></span> <span class='ocrx_word' id='word_1_287' title='bbox 1986 3696 2105 3741; x_wconf 87' lang='lat' dir='ltr'><strong>una</strong></span> 
     </span>
    </p>
   </div>
   <div class='ocr_carea' id='block_1_55' title="bbox 458 3768 2099 3851">
    <p class='ocr_par' dir='ltr' id='par_1_55' title="bbox 458 3768 2099 3851">
     <span class='ocr_line' id='line_1_55' title="bbox 458 3768 2099 3851; baseline -0.004 -15"><span class='ocrx_word' id='word_1_288' title='bbox 458 3776 519 3836; x_wconf 92' lang='lat' dir='ltr'><strong>in</strong></span> <span class='ocrx_word' id='word_1_289' title='bbox 550 3772 788 3835; x_wconf 89' lang='lat' dir='ltr'><strong>Domini</strong></span> <span class='ocrx_word' id='word_1_290' title='bbox 820 3779 1098 3843; x_wconf 88' lang='lat' dir='ltr'><strong>mortem,</strong></span> <span class='ocrx_word' id='word_1_291' title='bbox 1131 3771 1288 3851; x_wconf 88' lang='lat' dir='ltr'><strong>quod</strong></span> <span class='ocrx_word' id='word_1_292' title='bbox 1340 3771 1629 3834; x_wconf 85' lang='lat' dir='ltr'><strong>Dominus</strong></span> <span class='ocrx_word' id='word_1_293' title='bbox 1677 3788 1797 3832; x_wconf 89' lang='lat' dir='ltr'><strong>non</strong></span> <span class='ocrx_word' id='word_1_294' title='bbox 1853 3768 2099 3844; x_wconf 88' lang='lat' dir='ltr'><strong>dixerit,</strong></span> 
     </span>
    </p>
   </div>
   <div class='ocr_carea' id='block_1_56' title="bbox 458 3860 1293 3928">
    <p class='ocr_par' dir='ltr' id='par_1_56' title="bbox 458 3860 1293 3928">
     <span class='ocr_line' id='line_1_56' title="bbox 458 3860 1293 3928; baseline -0.006 0"><span class='ocrx_word' id='word_1_295' title='bbox 458 3861 791 3928; x_wconf 86' lang='lat' dir='ltr'><strong>sacerdotio</strong></span> <span class='ocrx_word' id='word_1_296' title='bbox 824 3860 1151 3923; x_wconf 89' lang='lat' dir='ltr'><strong>movendus</strong></span> <span class='ocrx_word' id='word_1_297' title='bbox 1182 3870 1293 3924; x_wconf 89' lang='lat' dir='ltr'><strong>est.</strong></span> 
     </span>
    </p>
   </div>
   <div class='ocr_carea' id='block_1_57' title="bbox 544 3948 2106 4031">
    <p class='ocr_par' dir='ltr' id='par_1_57' title="bbox 544 3948 2106 4031">
     <span class='ocr_line' id='line_1_57' title="bbox 544 3948 2106 4031; baseline -0.001 -19"><span class='ocrx_word' id='word_1_298' title='bbox 544 3955 644 4015; x_wconf 85' lang='lat'><strong>50.</strong></span> <span class='ocrx_word' id='word_1_299' title='bbox 692 3948 903 4013; x_wconf 88' lang='lat' dir='ltr'><strong>Omnis</strong></span> <span class='ocrx_word' id='word_1_300' title='bbox 932 3951 1186 4014; x_wconf 89' lang='lat' dir='ltr'><strong>clericus</strong></span> <span class='ocrx_word' id='word_1_301' title='bbox 1215 3970 1248 4013; x_wconf 90' lang='lat' dir='ltr'><strong>a</strong></span> <span class='ocrx_word' id='word_1_302' title='bbox 1278 3949 1498 4031; x_wconf 91' lang='lat' dir='ltr'><strong>nuptiis</strong></span> <span class='ocrx_word' id='word_1_303' title='bbox 1532 3959 1589 4012; x_wconf 89' lang='lat' dir='ltr'><strong>et</strong></span> <span class='ocrx_word' id='word_1_304' title='bbox 1629 3968 1810 4012; x_wconf 89' lang='lat' dir='ltr'><strong>carne</strong></span> <span class='ocrx_word' id='word_1_305' title='bbox 1862 3957 1923 4011; x_wconf 89' lang='lat' dir='ltr'><strong>et</strong></span> <span class='ocrx_word' id='word_1_306' title='bbox 1970 3948 2106 4010; x_wconf 91' lang='lat' dir='ltr'><strong>vino</strong></span> 
     </span>
    </p>
   </div>
   <div class='ocr_carea' id='block_1_58' title="bbox 466 4038 2020 4121">
    <p class='ocr_par' dir='ltr' id='par_1_58' title="bbox 466 4038 2020 4121">
     <span class='ocr_line' id='line_1_58' title="bbox 466 4038 2020 4121; baseline -0.003 -18"><span class='ocrx_word' id='word_1_307' title='bbox 466 4040 817 4113; x_wconf 82' lang='lat' dir='ltr'><strong>abhorrens,</strong></span> <span class='ocrx_word' id='word_1_308' title='bbox 854 4041 902 4102; x_wconf 90' lang='lat' dir='ltr'><strong>si</strong></span> <span class='ocrx_word' id='word_1_309' title='bbox 932 4060 1048 4103; x_wconf 92' lang='lat' dir='ltr'><strong>non</strong></span> <span class='ocrx_word' id='word_1_310' title='bbox 1078 4040 1452 4114; x_wconf 88' lang='lat' dir='ltr'><strong>emendetur,</strong></span> <span class='ocrx_word' id='word_1_311' title='bbox 1489 4038 1880 4121; x_wconf 84' lang='lat' dir='ltr'><strong>expellendus</strong></span> <span class='ocrx_word' id='word_1_312' title='bbox 1908 4046 2020 4099; x_wconf 90' lang='lat' dir='ltr'><strong>est.</strong></span> 
     </span>
    </p>
   </div>
   <div class='ocr_carea' id='block_1_59' title="bbox 541 4127 2107 4211">
    <p class='ocr_par' dir='ltr' id='par_1_59' title="bbox 541 4127 2107 4211">
     <span class='ocr_line' id='line_1_59' title="bbox 541 4127 2107 4211; baseline 0.001 -21"><span class='ocrx_word' id='word_1_313' title='bbox 541 4130 642 4191; x_wconf 79' lang='lat' dir='ltr'><strong>5i.</strong></span> <span class='ocrx_word' id='word_1_314' title='bbox 694 4129 806 4201; x_wconf 83' lang='lat' dir='ltr'><strong>Qui</strong></span> <span class='ocrx_word' id='word_1_315' title='bbox 858 4131 1285 4211; x_wconf 64' lang='lat' dir='ltr'><strong>paenitentibus</strong></span> <span class='ocrx_word' id='word_1_316' title='bbox 1318 4149 1433 4193; x_wconf 84' lang='lat' dir='ltr'><strong>non</strong></span> <span class='ocrx_word' id='word_1_317' title='bbox 1464 4130 1743 4210; x_wconf 83' lang='lat' dir='ltr'><strong>ignoscit,</strong></span> <span class='ocrx_word' id='word_1_318' title='bbox 1776 4128 1906 4209; x_wconf 91' lang='lat' dir='ltr'><strong>ipse</strong></span> <span class='ocrx_word' id='word_1_319' title='bbox 1934 4127 2107 4191; x_wconf 89' lang='lat' dir='ltr'><strong>venia</strong></span> 
     </span>
    </p>
   </div>
   <div class='ocr_carea' id='block_1_60' title="bbox 461 4216 902 4297">
    <p class='ocr_par' dir='ltr' id='par_1_60' title="bbox 461 4216 902 4297">
     <span class='ocr_line' id='line_1_60' title="bbox 461 4216 902 4297; baseline 0.009 -19"><span class='ocrx_word' id='word_1_320' title='bbox 461 4216 762 4297; x_wconf 87' lang='lat' dir='ltr'><strong>indignior</strong></span> <span class='ocrx_word' id='word_1_321' title='bbox 790 4229 902 4281; x_wconf 92' lang='lat' dir='ltr'><strong>est.</strong></span> 
     </span>
    </p>
   </div>
   <div class='ocr_carea' id='block_1_61' title="bbox 540 4306 2107 4389">
    <p class='ocr_par' dir='ltr' id='par_1_61' title="bbox 540 4306 2107 4389">
     <span class='ocr_line' id='line_1_61' title="bbox 540 4306 2107 4389; baseline 0 -20"><span class='ocrx_word' id='word_1_322' title='bbox 540 4308 641 4370; x_wconf 75' lang='lat'><strong>52.</strong></span> <span class='ocrx_word' id='word_1_323' title='bbox 689 4307 984 4373; x_wconf 89' lang='lat' dir='ltr'><strong>Sacerdos</strong></span> <span class='ocrx_word' id='word_1_324' title='bbox 1013 4328 1048 4372; x_wconf 90' lang='lat' dir='ltr'><strong>a</strong></span> <span class='ocrx_word' id='word_1_325' title='bbox 1077 4311 1209 4373; x_wconf 84' lang='lat' dir='ltr'><strong>vino</strong></span> <span class='ocrx_word' id='word_1_326' title='bbox 1243 4319 1301 4373; x_wconf 89' lang='lat' dir='ltr'><strong>et</strong></span> <span class='ocrx_word' id='word_1_327' title='bbox 1331 4309 1611 4373; x_wconf 87' lang='lat' dir='ltr'><strong>carnibus</strong></span> <span class='ocrx_word' id='word_1_328' title='bbox 1631 4308 1964 4389; x_wconf 86' lang='lat' dir='ltr'><strong>abstinens,</strong></span> <span class='ocrx_word' id='word_1_329' title='bbox 1990 4306 2107 4370; x_wconf 86' lang='lat' dir='ltr'><strong>nisi</strong></span> 
     </span>
    </p>
   </div>
   <div class='ocr_carea' id='block_1_62' title="bbox 458 4398 1500 4481">
    <p class='ocr_par' dir='ltr' id='par_1_62' title="bbox 458 4398 1500 4481">
     <span class='ocr_line' id='line_1_62' title="bbox 458 4398 1500 4481; baseline 0.002 -21"><span class='ocrx_word' id='word_1_330' title='bbox 458 4398 901 4462; x_wconf 83' lang='lat' dir='ltr'><strong>exercitationis</strong></span> <span class='ocrx_word' id='word_1_331' title='bbox 930 4417 1130 4474; x_wconf 86' lang='lat' dir='ltr'><strong>causa,</strong></span> <span class='ocrx_word' id='word_1_332' title='bbox 1162 4400 1500 4481; x_wconf 90' lang='lat' dir='ltr'><strong>deponitur.</strong></span> 
     </span>
    </p>
   </div>
   <div class='ocr_carea' id='block_1_63' title="bbox 2185 1886 3826 1969">
    <p class='ocr_par' dir='ltr' id='par_1_63' title="bbox 2185 1886 3826 1969">
     <span class='ocr_line' id='line_1_63' title="bbox 2185 1886 3826 1969; baseline -0.003 -24"><span class='ocrx_word' id='word_1_333' title='bbox 2185 1910 2383 1951; x_wconf 82' lang='grc' dir='ltr'>σκοπος</span> <span class='ocrx_word' id='word_1_334' title='bbox 2456 1890 2788 1967; x_wconf 70' lang='grc' dir='ltr'>πραγμάτων</span> <span class='ocrx_word' id='word_1_335' title='bbox 2823 1938 2840 1964; x_wconf 91' lang='grc'><strong>,</strong></span> <span class='ocrx_word' id='word_1_336' title='bbox 2912 1891 3000 1947; x_wconf 83' lang='grc' dir='ltr'><strong>καὶ</strong></span> <span class='ocrx_word' id='word_1_337' title='bbox 3066 1891 3172 1946; x_wconf 82' lang='grc' dir='ltr'>τῶν</span> <span class='ocrx_word' id='word_1_338' title='bbox 3256 1894 3448 1969; x_wconf 80' lang='grc' dir='ltr'>ψυχῶν</span> <span class='ocrx_word' id='word_1_339' title='bbox 3530 1888 3650 1966; x_wconf 76' lang='grc' dir='ltr'>γάρ·</span> <span class='ocrx_word' id='word_1_340' title='bbox 3738 1886 3826 1941; x_wconf 83' lang='grc' dir='ltr'><strong>καὶ</strong></span> 
     </span>
    </p>
   </div>
   <div class='ocr_carea' id='block_1_64' title="bbox 2181 1975 3435 2056">
    <p class='ocr_par' dir='ltr' id='par_1_64' title="bbox 2181 1975 3435 2056">
     <span class='ocr_line' id='line_1_64' title="bbox 2181 1975 3435 2056; baseline 0.003 -23"><span class='ocrx_word' id='word_1_341' title='bbox 2181 1975 2441 2035; x_wconf 84' lang='grc' dir='ltr'>διοικείτω</span> <span class='ocrx_word' id='word_1_342' title='bbox 2470 1980 2641 2038; x_wconf 79' lang='grc' dir='ltr'>πάντα</span> <span class='ocrx_word' id='word_1_343' title='bbox 2672 1980 2805 2036; x_wconf 82' lang='grc' dir='ltr'>κατὰ</span> <span class='ocrx_word' id='word_1_344' title='bbox 2834 1980 2929 2048; x_wconf 78' lang='grc' dir='ltr'>τὴν</span> <span class='ocrx_word' id='word_1_345' title='bbox 2958 1980 3099 2036; x_wconf 90' lang='grc' dir='ltr'>θείαν</span> <span class='ocrx_word' id='word_1_346' title='bbox 3135 1978 3435 2056; x_wconf 71' lang='grc' dir='ltr'>ἀρέσκειαν.</span> 
     </span>
    </p>
   </div>
   <div class='ocr_carea' id='block_1_65' title="bbox 2264 2064 3826 2148">
    <p class='ocr_par' dir='ltr' id='par_1_65' title="bbox 2264 2064 3826 2148">
     <span class='ocr_line' id='line_1_65' title="bbox 2264 2064 3826 2148; baseline -0.001 -24"><span class='ocrx_word' id='word_1_347' title='bbox 2264 2064 2383 2141; x_wconf 86' lang='grc' dir='ltr'>μα’,</span> <span class='ocrx_word' id='word_1_348' title='bbox 2466 2067 2526 2124; x_wconf 88' lang='grc' dir='ltr'>Ὀ</span> <span class='ocrx_word' id='word_1_349' title='bbox 2599 2066 2857 2136; x_wconf 75' lang='grc' dir='ltr'>κυϐιστὴς</span> <span class='ocrx_word' id='word_1_350' title='bbox 2923 2073 3013 2125; x_wconf 87' lang='grc' dir='ltr'><strong>καὶ</strong></span> <span class='ocrx_word' id='word_1_351' title='bbox 3083 2071 3333 2148; x_wconf 82' lang='grc' dir='ltr'>πάροινος</span> <span class='ocrx_word' id='word_1_352' title='bbox 3403 2067 3593 2147; x_wconf 72' lang='grc' dir='ltr'>ἱερεὺς,</span> <span class='ocrx_word' id='word_1_353' title='bbox 3652 2067 3695 2123; x_wconf 77' lang='grc' dir='ltr'>εἰ</span> <span class='ocrx_word' id='word_1_354' title='bbox 3766 2066 3826 2123; x_wconf 73' lang='grc' dir='ltr'>οὗ</span> 
     </span>
    </p>
   </div>
   <div class='ocr_carea' id='block_1_66' title="bbox 2182 2158 2716 2235">
    <p class='ocr_par' dir='ltr' id='par_1_66' title="bbox 2182 2158 2716 2235">
     <span class='ocr_line' id='line_1_66' title="bbox 2182 2158 2716 2235; baseline 0.002 -22"><span class='ocrx_word' id='word_1_355' title='bbox 2182 2158 2360 2231; x_wconf 82' lang='grc' dir='ltr'>παύει,</span> <span class='ocrx_word' id='word_1_356' title='bbox 2393 2158 2716 2235; x_wconf 76' lang='grc' dir='ltr'>καθῄρηται.</span> 
     </span>
    </p>
   </div>
   <div class='ocr_carea' id='block_1_67' title="bbox 2262 2244 3824 2328">
    <p class='ocr_par' dir='ltr' id='par_1_67' title="bbox 2262 2244 3824 2328">
     <span class='ocr_line' id='line_1_67' title="bbox 2262 2244 3824 2328; baseline 0 -26"><span class='ocrx_word' id='word_1_357' title='bbox 2262 2244 2376 2320; x_wconf 82' lang='grc' dir='ltr'>μϐ’.</span> <span class='ocrx_word' id='word_1_358' title='bbox 2451 2246 2739 2327; x_wconf 79' lang='grc' dir='ltr'>Κληρικὸς,</span> <span class='ocrx_word' id='word_1_359' title='bbox 2800 2250 2886 2305; x_wconf 85' lang='grc' dir='ltr'><strong>καὶ</strong></span> <span class='ocrx_word' id='word_1_360' title='bbox 2952 2247 3168 2328; x_wconf 80' lang='grc' dir='ltr'>λα’ίκὸς,</span> <span class='ocrx_word' id='word_1_361' title='bbox 3224 2249 3287 2305; x_wconf 78' lang='grc' dir='ltr'>τὰ</span> <span class='ocrx_word' id='word_1_362' title='bbox 3345 2249 3505 2324; x_wconf 78' lang='grc' dir='ltr'>ὃμοια</span> <span class='ocrx_word' id='word_1_363' title='bbox 3578 2248 3824 2328; x_wconf 77' lang='grc' dir='ltr'>πράττων</span> 
     </span>
    </p>
   </div>
   <div class='ocr_carea' id='block_1_68' title="bbox 2182 2336 2500 2416">
    <p class='ocr_par' dir='ltr' id='par_1_68' title="bbox 2182 2336 2500 2416">
     <span class='ocr_line' id='line_1_68' title="bbox 2182 2336 2500 2416; baseline 0.009 -24"><span class='ocrx_word' id='word_1_364' title='bbox 2182 2336 2478 2416; x_wconf 76' lang='grc' dir='ltr'>ἀφορίζεται</span> <span class='ocrx_word' id='word_1_365' title='bbox 2488 2382 2500 2396; x_wconf 93' lang='grc'><strong>.</strong></span> 
     </span>
    </p>
   </div>
   <div class='ocr_carea' id='block_1_69' title="bbox 2262 2425 3821 2507">
    <p class='ocr_par' dir='ltr' id='par_1_69' title="bbox 2262 2425 3821 2507">
     <span class='ocr_line' id='line_1_69' title="bbox 2262 2425 3821 2507; baseline -0.001 -23"><span class='ocrx_word' id='word_1_366' title='bbox 2262 2425 2378 2503; x_wconf 84' lang='grc' dir='ltr'>μγ’.</span> <span class='ocrx_word' id='word_1_367' title='bbox 2438 2434 2630 2492; x_wconf 80' lang='grc' dir='ltr'>Τοκους</span> <span class='ocrx_word' id='word_1_368' title='bbox 2686 2427 2925 2484; x_wconf 78' lang='grc' dir='ltr'>ἀπαιτῶν</span> <span class='ocrx_word' id='word_1_369' title='bbox 2974 2426 3175 2485; x_wconf 77' lang='grc' dir='ltr'>δανείου</span> <span class='ocrx_word' id='word_1_370' title='bbox 3232 2428 3419 2507; x_wconf 78' lang='grc' dir='ltr'>ἱερεὺς,</span> <span class='ocrx_word' id='word_1_371' title='bbox 3454 2428 3497 2484; x_wconf 82' lang='grc' dir='ltr'>εἰ</span> <span class='ocrx_word' id='word_1_372' title='bbox 3527 2429 3586 2486; x_wconf 80' lang='grc' dir='ltr'><strong>ού</strong></span> <span class='ocrx_word' id='word_1_373' title='bbox 3642 2427 3821 2500; x_wconf 87' lang='grc' dir='ltr'>παύει,</span> 
     </span>
    </p>
   </div>
   <div class='ocr_carea' id='block_1_70' title="bbox 2181 2516 2501 2592">
    <p class='ocr_par' dir='ltr' id='par_1_70' title="bbox 2181 2516 2501 2592">
     <span class='ocr_line' id='line_1_70' title="bbox 2181 2516 2501 2592; baseline 0.013 -20"><span class='ocrx_word' id='word_1_374' title='bbox 2181 2516 2501 2592; x_wconf 73' lang='grc' dir='ltr'>καθῄρηται.</span> 
     </span>
    </p>
   </div>
   <div class='ocr_carea' id='block_1_71' title="bbox 2261 2595 3819 2687">
    <p class='ocr_par' dir='ltr' id='par_1_71' title="bbox 2261 2595 3819 2687">
     <span class='ocr_line' id='line_1_71' title="bbox 2261 2595 3819 2687; baseline 0.002 -27"><span class='ocrx_word' id='word_1_375' title='bbox 2261 2603 2371 2679; x_wconf 81' lang='grc' dir='ltr'>μδ⁹.</span> <span class='ocrx_word' id='word_1_376' title='bbox 2461 2595 2519 2662; x_wconf 69' lang='grc' dir='ltr'>Ὀ</span> <span class='ocrx_word' id='word_1_377' title='bbox 2603 2606 2996 2687; x_wconf 78' lang='grc' dir='ltr'>συνευχόμενος</span> <span class='ocrx_word' id='word_1_378' title='bbox 3106 2608 3396 2686; x_wconf 75' lang='grc' dir='ltr'>αἶρετιιιοϊς</span> <span class='ocrx_word' id='word_1_379' title='bbox 3497 2606 3819 2685; x_wconf 76' lang='grc' dir='ltr'>ἀφορίζεται’</span> 
     </span>
    </p>
   </div>
   <div class='ocr_carea' id='block_1_72' title="bbox 2183 2693 3558 2773">
    <p class='ocr_par' dir='ltr' id='par_1_72' title="bbox 2183 2693 3558 2773">
     <span class='ocr_line' id='line_1_72' title="bbox 2183 2693 3558 2773; baseline 0.001 -23"><span class='ocrx_word' id='word_1_380' title='bbox 2183 2694 2509 2773; x_wconf 80' lang='grc' dir='ltr'>καθαιρεϊτάι</span> <span class='ocrx_word' id='word_1_381' title='bbox 2540 2693 2595 2751; x_wconf 80' lang='grc' dir='ltr'>δὲ</span> <span class='ocrx_word' id='word_1_382' title='bbox 2635 2697 2663 2751; x_wconf 77' lang='grc' dir='ltr'>ὸ</span> <span class='ocrx_word' id='word_1_383' title='bbox 2683 2695 2969 2773; x_wconf 82' lang='grc' dir='ltr'>κληρικοὺς</span> <span class='ocrx_word' id='word_1_384' title='bbox 2992 2696 3207 2761; x_wconf 82' lang='grc' dir='ltr'>τούτους</span> <span class='ocrx_word' id='word_1_385' title='bbox 3238 2696 3558 2773; x_wconf 75' lang='grc' dir='ltr'>ἡγούμενος.</span> 
     </span>
    </p>
   </div>
   <div class='ocr_carea' id='block_1_73' title="bbox 2264 2782 3827 2865">
    <p class='ocr_par' dir='ltr' id='par_1_73' title="bbox 2264 2782 3827 2865">
     <span class='ocr_line' id='line_1_73' title="bbox 2264 2782 3827 2865; baseline 0.002 -26"><span class='ocrx_word' id='word_1_386' title='bbox 2264 2784 2374 2857; x_wconf 88' lang='grc' dir='ltr'>με’,</span> <span class='ocrx_word' id='word_1_387' title='bbox 2458 2785 2744 2860; x_wconf 74' lang='grc' dir='ltr'>Κάπτισμα</span> <span class='ocrx_word' id='word_1_388' title='bbox 2816 2786 2903 2842; x_wconf 84' lang='grc' dir='ltr'><strong>καὶ</strong></span> <span class='ocrx_word' id='word_1_389' title='bbox 2962 2788 3139 2843; x_wconf 82' lang='grc' dir='ltr'>θυσίαν</span> <span class='ocrx_word' id='word_1_390' title='bbox 3201 2788 3477 2865; x_wconf 75' lang='grc' dir='ltr'>αἱρετικῶν</span> <span class='ocrx_word' id='word_1_391' title='bbox 3549 2782 3827 2861; x_wconf 78' lang='grc' dir='ltr'>δεξάμενος</span> 
     </span>
    </p>
   </div>
   <div class='ocr_carea' id='block_1_74' title="bbox 2181 2872 2602 2951">
    <p class='ocr_par' dir='ltr' id='par_1_74' title="bbox 2181 2872 2602 2951">
     <span class='ocr_line' id='line_1_74' title="bbox 2181 2872 2602 2951; baseline 0.007 -24"><span class='ocrx_word' id='word_1_392' title='bbox 2181 2872 2347 2950; x_wconf 77' lang='grc' dir='ltr'>ἱερεὺς</span> <span class='ocrx_word' id='word_1_393' title='bbox 2378 2872 2577 2951; x_wconf 77' lang='grc' dir='ltr'>ἀνίερος</span> <span class='ocrx_word' id='word_1_394' title='bbox 2588 2921 2602 2936; x_wconf 90' lang='grc'><strong>.</strong></span> 
     </span>
    </p>
   </div>
   <div class='ocr_carea' id='block_1_75' title="bbox 2264 2961 3823 3043">
    <p class='ocr_par' dir='ltr' id='par_1_75' title="bbox 2264 2961 3823 3043">
     <span class='ocr_line' id='line_1_75' title="bbox 2264 2961 3823 3043; baseline 0.001 -25"><span class='ocrx_word' id='word_1_395' title='bbox 2264 2961 2408 3037; x_wconf 67' lang='lat' dir='ltr'><strong>pg’.</strong></span> <span class='ocrx_word' id='word_1_396' title='bbox 2469 2963 2529 3020; x_wconf 86' lang='grc' dir='ltr'>Ὀ</span> <span class='ocrx_word' id='word_1_397' title='bbox 2588 2961 2955 3035; x_wconf 80' lang='grc' dir='ltr'>ἀναϐαπτίζων</span> <span class='ocrx_word' id='word_1_398' title='bbox 3012 2966 3103 3020; x_wconf 81' lang='grc' dir='ltr'><strong>τὸν</strong></span> <span class='ocrx_word' id='word_1_399' title='bbox 3159 2962 3326 3028; x_wconf 82' lang='grc' dir='ltr'>ὅντως</span> <span class='ocrx_word' id='word_1_400' title='bbox 3379 2961 3823 3043; x_wconf 70' lang='grc' dir='ltr'>βεϐαπτίσμένον,</span> 
     </span>
    </p>
   </div>
   <div class='ocr_carea' id='block_1_76' title="bbox 2182 3050 3822 3130">
    <p class='ocr_par' dir='ltr' id='par_1_76' title="bbox 2182 3050 3822 3130">
     <span class='ocr_line' id='line_1_76' title="bbox 2182 3050 3822 3130; baseline 0 -23"><span class='ocrx_word' id='word_1_401' title='bbox 2182 3052 2270 3107; x_wconf 84' lang='grc' dir='ltr'><strong>καὶ</strong></span> <span class='ocrx_word' id='word_1_402' title='bbox 2337 3051 2416 3125; x_wconf 76' lang='grc' dir='ltr'>μή</span> <span class='ocrx_word' id='word_1_403' title='bbox 2497 3050 2862 3124; x_wconf 84' lang='grc' dir='ltr'>ἀναϐαπτίζων</span> <span class='ocrx_word' id='word_1_404' title='bbox 2932 3053 3024 3110; x_wconf 81' lang='grc' dir='ltr'><strong>τὸν</strong></span> <span class='ocrx_word' id='word_1_405' title='bbox 3091 3052 3492 3130; x_wconf 76' lang='grc' dir='ltr'>μεμολυσμένον</span> <span class='ocrx_word' id='word_1_406' title='bbox 3548 3050 3822 3127; x_wconf 80' lang='grc' dir='ltr'>ἀσεϐόθεν,</span> 
     </span>
    </p>
   </div>
   <div class='ocr_carea' id='block_1_77' title="bbox 2114 3139 2404 3218">
    <p class='ocr_par' dir='ltr' id='par_1_77' title="bbox 2114 3139 2404 3218">
     <span class='ocr_line' id='line_1_77' title="bbox 2114 3139 2404 3218; baseline 0.007 -23"><span class='ocrx_word' id='word_1_407' title='bbox 2114 3152 2158 3202; x_wconf 88' lang='lat' dir='ltr'>C</span> <span class='ocrx_word' id='word_1_408' title='bbox 2180 3139 2404 3218; x_wconf 83' lang='grc' dir='ltr'>ἆνίερος.</span> 
     </span>
    </p>
   </div>
   <div class='ocr_carea' id='block_1_78' title="bbox 2264 3228 3823 3311">
    <p class='ocr_par' dir='ltr' id='par_1_78' title="bbox 2264 3228 3823 3311">
     <span class='ocr_line' id='line_1_78' title="bbox 2264 3228 3823 3311; baseline -0.001 -22"><span class='ocrx_word' id='word_1_409' title='bbox 2264 3228 2379 3304; x_wconf 82' lang='grc' dir='ltr'><strong>μζ¹.</strong></span> <span class='ocrx_word' id='word_1_410' title='bbox 2428 3232 2538 3297; x_wconf 82' lang='grc' dir='ltr'><strong>Τὴν</strong></span> <span class='ocrx_word' id='word_1_411' title='bbox 2582 3232 2776 3289; x_wconf 86' lang='grc' dir='ltr'>οίκείαν</span> <span class='ocrx_word' id='word_1_412' title='bbox 2833 3228 3105 3289; x_wconf 81' lang='grc' dir='ltr'>ἐκϐάλλων</span> <span class='ocrx_word' id='word_1_413' title='bbox 3164 3234 3192 3289; x_wconf 86' lang='grc' dir='ltr'><strong>ὁ</strong></span> <span class='ocrx_word' id='word_1_414' title='bbox 3234 3234 3517 3309; x_wconf 80' lang='grc' dir='ltr'>κοσμικὸς,</span> <span class='ocrx_word' id='word_1_415' title='bbox 3549 3234 3636 3290; x_wconf 78' lang='grc' dir='ltr'><strong>καὶ</strong></span> <span class='ocrx_word' id='word_1_416' title='bbox 3679 3229 3823 3311; x_wconf 70' lang='grc' dir='ltr'>ἄγων</span> 
     </span>
    </p>
   </div>
   <div class='ocr_carea' id='block_1_79' title="bbox 2183 3318 3270 3401">
    <p class='ocr_par' dir='ltr' id='par_1_79' title="bbox 2183 3318 3270 3401">
     <span class='ocr_line' id='line_1_79' title="bbox 2183 3318 3270 3401; baseline 0.006 -26"><span class='ocrx_word' id='word_1_417' title='bbox 2183 3318 2387 3394; x_wconf 76' lang='grc' dir='ltr'>ἑτέραν,</span> <span class='ocrx_word' id='word_1_418' title='bbox 2420 3320 2455 3388; x_wconf 74' lang='grc' dir='ltr'>ἢ</span> <span class='ocrx_word' id='word_1_419' title='bbox 2478 3319 2905 3401; x_wconf 82' lang='grc' dir='ltr'>ἆποϐελυμένην,</span> <span class='ocrx_word' id='word_1_420' title='bbox 2939 3321 3270 3400; x_wconf 75' lang='grc' dir='ltr'>ἀφοριστὲος.</span> 
     </span>
    </p>
   </div>
   <div class='ocr_carea' id='block_1_80' title="bbox 2266 3408 3827 3488">
    <p class='ocr_par' dir='ltr' id='par_1_80' title="bbox 2266 3408 3827 3488">
     <span class='ocr_line' id='line_1_80' title="bbox 2266 3408 3827 3488; baseline -0.002 -19"><span class='ocrx_word' id='word_1_421' title='bbox 2266 3408 2387 3485; x_wconf 58' lang='grc' dir='ltr'><strong>μηδ’.</strong></span> <span class='ocrx_word' id='word_1_422' title='bbox 2449 3408 2507 3467; x_wconf 81' lang='grc' dir='ltr'><strong>Ὀ</strong></span> <span class='ocrx_word' id='word_1_423' title='bbox 2567 3410 2645 3485; x_wconf 64' lang='grc' dir='ltr'>μή</span> <span class='ocrx_word' id='word_1_424' title='bbox 2700 3411 2964 3488; x_wconf 84' lang='grc' dir='ltr'>βαπτίζων</span> <span class='ocrx_word' id='word_1_425' title='bbox 3014 3413 3086 3474; x_wconf 83' lang='grc' dir='ltr'>εἱς</span> <span class='ocrx_word' id='word_1_426' title='bbox 3139 3412 3367 3488; x_wconf 81' lang='grc' dir='ltr'>Πατέρα,</span> <span class='ocrx_word' id='word_1_427' title='bbox 3413 3412 3500 3469; x_wconf 83' lang='grc' dir='ltr'><strong>καὶ</strong></span> <span class='ocrx_word' id='word_1_428' title='bbox 3563 3411 3709 3484; x_wconf 75' lang='grc' dir='ltr'>Υἱὸν,</span> <span class='ocrx_word' id='word_1_429' title='bbox 3737 3411 3827 3468; x_wconf 86' lang='grc' dir='ltr'><strong>καὶ</strong></span> 
     </span>
    </p>
   </div>
   <div class='ocr_carea' id='block_1_81' title="bbox 2182 3499 3445 3579">
    <p class='ocr_par' dir='ltr' id='par_1_81' title="bbox 2182 3499 3445 3579">
     <span class='ocr_line' id='line_1_81' title="bbox 2182 3499 3445 3579; baseline 0.002 -24"><span class='ocrx_word' id='word_1_430' title='bbox 2182 3506 2334 3579; x_wconf 73' lang='grc' dir='ltr'>ἅγιον</span> <span class='ocrx_word' id='word_1_431' title='bbox 2366 3504 2599 3575; x_wconf 73' lang='grc' dir='ltr'>Πιευμα,</span> <span class='ocrx_word' id='word_1_432' title='bbox 2634 3499 2770 3557; x_wconf 78' lang='grc' dir='ltr'>ἀλλὰ</span> <span class='ocrx_word' id='word_1_433' title='bbox 2799 3499 3183 3577; x_wconf 84' lang='grc' dir='ltr'>παρεκϐαίνων,</span> <span class='ocrx_word' id='word_1_434' title='bbox 3216 3500 3445 3579; x_wconf 81' lang='grc' dir='ltr'>ἀνίερος.</span> 
     </span>
    </p>
   </div>
   <div class='ocr_carea' id='block_1_82' title="bbox 2266 3678 3828 3768">
    <p class='ocr_par' dir='ltr' id='par_1_82' title="bbox 2266 3678 3828 3768">
     <span class='ocr_line' id='line_1_82' title="bbox 2266 3678 3828 3768; baseline 0.001 -25"><span class='ocrx_word' id='word_1_435' title='bbox 2266 3687 2375 3763; x_wconf 83' lang='grc' dir='ltr'>μθ’.</span> <span class='ocrx_word' id='word_1_436' title='bbox 2452 3678 2509 3745; x_wconf 75' lang='grc' dir='ltr'><strong>Ὀ</strong></span> <span class='ocrx_word' id='word_1_437' title='bbox 2569 3688 2648 3765; x_wconf 79' lang='grc' dir='ltr'>μὴ</span> <span class='ocrx_word' id='word_1_438' title='bbox 2706 3689 2840 3766; x_wconf 81' lang='grc' dir='ltr'>τρισὶ</span> <span class='ocrx_word' id='word_1_439' title='bbox 2898 3695 3044 3755; x_wconf 85' lang='grc' dir='ltr'>μυῶν</span> <span class='ocrx_word' id='word_1_440' title='bbox 3113 3686 3483 3768; x_wconf 85' lang='grc' dir='ltr'>καταδύσεσιν,</span> <span class='ocrx_word' id='word_1_441' title='bbox 3530 3687 3669 3744; x_wconf 74' lang='grc' dir='ltr'>ἀλλὰ</span> <span class='ocrx_word' id='word_1_442' title='bbox 3730 3689 3828 3761; x_wconf 80' lang='grc' dir='ltr'><strong>μιᾷ</strong></span> 
     </span>
    </p>
   </div>
   <div class='ocr_carea' id='block_1_83' title="bbox 2186 3778 3827 3857">
    <p class='ocr_par' dir='ltr' id='par_1_83' title="bbox 2186 3778 3827 3857">
     <span class='ocr_line' id='line_1_83' title="bbox 2186 3778 3827 3857; baseline 0 -24"><span class='ocrx_word' id='word_1_443' title='bbox 2186 3778 2256 3839; x_wconf 75' lang='grc' dir='ltr'>εἷς</span> <span class='ocrx_word' id='word_1_444' title='bbox 2313 3779 2406 3834; x_wconf 84' lang='grc' dir='ltr'>τὸν</span> <span class='ocrx_word' id='word_1_445' title='bbox 2449 3784 2539 3834; x_wconf 84' lang='grc' dir='ltr'><strong>τοῦ</strong></span> <span class='ocrx_word' id='word_1_446' title='bbox 2599 3780 2783 3857; x_wconf 82' lang='grc' dir='ltr'>Κυρίου</span> <span class='ocrx_word' id='word_1_447' title='bbox 2837 3778 3143 3854; x_wconf 84' lang='grc' dir='ltr'>θάνατον,ὃ</span> <span class='ocrx_word' id='word_1_448' title='bbox 3202 3779 3280 3854; x_wconf 82' lang='grc' dir='ltr'>μὴ</span> <span class='ocrx_word' id='word_1_449' title='bbox 3314 3781 3342 3835; x_wconf 81' lang='grc' dir='ltr'>ὁ</span> <span class='ocrx_word' id='word_1_450' title='bbox 3404 3779 3588 3857; x_wconf 79' lang='grc' dir='ltr'>Κύριος</span> <span class='ocrx_word' id='word_1_451' title='bbox 3648 3781 3827 3853; x_wconf 80' lang='grc' dir='ltr'>εἶπεν,</span> 
     </span>
    </p>
   </div>
   <div class='ocr_carea' id='block_1_84' title="bbox 2188 3866 2409 3945">
    <p class='ocr_par' dir='ltr' id='par_1_84' title="bbox 2188 3866 2409 3945">
     <span class='ocr_line' id='line_1_84' title="bbox 2188 3866 2409 3945; baseline 0.009 -24"><span class='ocrx_word' id='word_1_452' title='bbox 2188 3866 2409 3945; x_wconf 83' lang='grc' dir='ltr'>ἆνίερος,</span> 
     </span>
    </p>
   </div>
   <div class='ocr_carea' id='block_1_85' title="bbox 2269 3954 3834 4038">
    <p class='ocr_par' dir='ltr' id='par_1_85' title="bbox 2269 3954 3834 4038">
     <span class='ocr_line' id='line_1_85' title="bbox 2269 3954 3834 4038; baseline 0.001 -28"><span class='ocrx_word' id='word_1_453' title='bbox 2269 3957 2339 4030; x_wconf 88' lang='grc' dir='ltr'>ν’,</span> <span class='ocrx_word' id='word_1_454' title='bbox 2396 3954 2661 4029; x_wconf 70' lang='grc' dir='ltr'>Κληριιιὸς</span> <span class='ocrx_word' id='word_1_455' title='bbox 2720 3956 2859 4021; x_wconf 79' lang='grc' dir='ltr'>ἅπας</span> <span class='ocrx_word' id='word_1_456' title='bbox 2911 3958 3108 4038; x_wconf 84' lang='grc' dir='ltr'>γάμον,</span> <span class='ocrx_word' id='word_1_457' title='bbox 3179 3959 3273 4013; x_wconf 83' lang='grc' dir='ltr'><strong>καί</strong></span> <span class='ocrx_word' id='word_1_458' title='bbox 3329 3956 3479 4034; x_wconf 86' lang='grc' dir='ltr'>κρέα,</span> <span class='ocrx_word' id='word_1_459' title='bbox 3534 3957 3623 4014; x_wconf 78' lang='grc' dir='ltr'><strong>καὶ</strong></span> <span class='ocrx_word' id='word_1_460' title='bbox 3683 3957 3834 4014; x_wconf 78' lang='grc' dir='ltr'>οἶνον</span> 
     </span>
    </p>
   </div>
   <div class='ocr_carea' id='block_1_86' title="bbox 2188 4043 3525 4126">
    <p class='ocr_par' dir='ltr' id='par_1_86' title="bbox 2188 4043 3525 4126">
     <span class='ocr_line' id='line_1_86' title="bbox 2188 4043 3525 4126; baseline 0.001 -25"><span class='ocrx_word' id='word_1_461' title='bbox 2188 4043 2627 4121; x_wconf 82' lang='grc' dir='ltr'>βδελυσσόμενος,</span> <span class='ocrx_word' id='word_1_462' title='bbox 2660 4048 2705 4103; x_wconf 82' lang='grc' dir='ltr'>εὶ</span> <span class='ocrx_word' id='word_1_463' title='bbox 2737 4047 2815 4121; x_wconf 73' lang='grc' dir='ltr'>μὴ</span> <span class='ocrx_word' id='word_1_464' title='bbox 2844 4044 3129 4125; x_wconf 81' lang='grc' dir='ltr'>διορθοῐτο,</span> <span class='ocrx_word' id='word_1_465' title='bbox 3175 4045 3525 4126; x_wconf 70' lang='grc' dir='ltr'>ἰκκήρυκτος.</span> 
     </span>
    </p>
   </div>
   <div class='ocr_carea' id='block_1_87' title="bbox 2270 4134 3833 4216">
    <p class='ocr_par' dir='ltr' id='par_1_87' title="bbox 2270 4134 3833 4216">
     <span class='ocr_line' id='line_1_87' title="bbox 2270 4134 3833 4216; baseline 0.002 -26"><span class='ocrx_word' id='word_1_466' title='bbox 2270 4135 2365 4192; x_wconf 85' lang='grc' dir='ltr'>να⁹.</span> <span class='ocrx_word' id='word_1_467' title='bbox 2434 4134 2492 4193; x_wconf 85' lang='grc' dir='ltr'>Ὀ</span> <span class='ocrx_word' id='word_1_468' title='bbox 2550 4149 2670 4202; x_wconf 79' lang='grc' dir='ltr'>τοῖς</span> <span class='ocrx_word' id='word_1_469' title='bbox 2714 4142 3030 4212; x_wconf 72' lang='grc' dir='ltr'>μετανοοῦσι</span> <span class='ocrx_word' id='word_1_470' title='bbox 3087 4136 3166 4211; x_wconf 83' lang='grc' dir='ltr'>μὴ</span> <span class='ocrx_word' id='word_1_471' title='bbox 3226 4136 3631 4216; x_wconf 82' lang='grc' dir='ltr'>συγγινώσκων,</span> <span class='ocrx_word' id='word_1_472' title='bbox 3662 4135 3833 4214; x_wconf 80' lang='grc' dir='ltr'>ἀσυγ-</span> 
     </span>
    </p>
   </div>
   <div class='ocr_carea' id='block_1_88' title="bbox 2186 4227 2570 4305">
    <p class='ocr_par' dir='ltr' id='par_1_88' title="bbox 2186 4227 2570 4305">
     <span class='ocr_line' id='line_1_88' title="bbox 2186 4227 2570 4305; baseline 0 -23"><span class='ocrx_word' id='word_1_473' title='bbox 2186 4227 2570 4305; x_wconf 83' lang='grc' dir='ltr'>γνωστότερος.</span> 
     </span>
    </p>
   </div>
   <div class='ocr_carea' id='block_1_89' title="bbox 2268 4314 3830 4397">
    <p class='ocr_par' dir='ltr' id='par_1_89' title="bbox 2268 4314 3830 4397">
     <span class='ocr_line' id='line_1_89' title="bbox 2268 4314 3830 4397; baseline 0 -26"><span class='ocrx_word' id='word_1_474' title='bbox 2268 4314 2345 4371; x_wconf 84' lang='grc' dir='ltr'><strong>νϐ’</strong></span> <span class='ocrx_word' id='word_1_475' title='bbox 2358 4360 2370 4374; x_wconf 93' lang='grc'><strong>.</strong></span> <span class='ocrx_word' id='word_1_476' title='bbox 2434 4316 2522 4384; x_wconf 78' lang='grc' dir='ltr'><strong>Μὴ</strong></span> <span class='ocrx_word' id='word_1_477' title='bbox 2593 4314 3017 4391; x_wconf 77' lang='grc' dir='ltr'>μεταλαμϐάνων</span> <span class='ocrx_word' id='word_1_478' title='bbox 3073 4316 3240 4397; x_wconf 76' lang='grc' dir='ltr'>ἱερεὺς</span> <span class='ocrx_word' id='word_1_479' title='bbox 3282 4316 3431 4377; x_wconf 82' lang='grc' dir='ltr'>οἴνου</span> <span class='ocrx_word' id='word_1_480' title='bbox 3498 4317 3586 4373; x_wconf 86' lang='grc' dir='ltr'><strong>καὶ</strong></span> <span class='ocrx_word' id='word_1_481' title='bbox 3644 4318 3830 4395; x_wconf 79' lang='grc' dir='ltr'>κριῶν,</span> 
     </span>
    </p>
   </div>
   <div class='ocr_carea' id='block_1_90' title="bbox 2187 4401 3083 4483">
    <p class='ocr_par' dir='ltr' id='par_1_90' title="bbox 2187 4401 3083 4483">
     <span class='ocr_line' id='line_1_90' title="bbox 2187 4401 3083 4483; baseline 0.001 -22"><span class='ocrx_word' id='word_1_482' title='bbox 2187 4405 2233 4461; x_wconf 82' lang='grc' dir='ltr'><strong>εί</strong></span> <span class='ocrx_word' id='word_1_483' title='bbox 2266 4404 2344 4480; x_wconf 76' lang='grc' dir='ltr'>μὴ</span> <span class='ocrx_word' id='word_1_484' title='bbox 2375 4401 2442 4460; x_wconf 84' lang='grc' dir='ltr'>δι’</span> <span class='ocrx_word' id='word_1_485' title='bbox 2476 4402 2725 4481; x_wconf 72' lang='grc' dir='ltr'>ἄσκησιν,</span> <span class='ocrx_word' id='word_1_486' title='bbox 2758 4406 3083 4483; x_wconf 81' lang='grc' dir='ltr'>καθῄρηται,</span> 
     </span>
    </p>
   </div>
   <div class='ocr_carea' id='block_1_91' title="bbox 537 4488 2095 4573">
    <p class='ocr_par' dir='ltr' id='par_1_91' title="bbox 537 4488 2095 4555">
     <span class='ocr_line' id='line_1_91' title="bbox 537 4488 2095 4555; baseline -0.003 -4"><span class='ocrx_word' id='word_1_487' title='bbox 537 4489 639 4553; x_wconf 88' lang='lat'><strong>53.</strong></span> <span class='ocrx_word' id='word_1_488' title='bbox 688 4488 952 4551; x_wconf 88' lang='lat' dir='ltr'><strong>Clericus</strong></span> <span class='ocrx_word' id='word_1_489' title='bbox 981 4488 1133 4551; x_wconf 87' lang='lat' dir='ltr'><strong>citra</strong></span> <span class='ocrx_word' id='word_1_490' title='bbox 1163 4488 1394 4552; x_wconf 90' lang='lat' dir='ltr'><strong>itineris</strong></span> <span class='ocrx_word' id='word_1_491' title='bbox 1425 4490 1839 4554; x_wconf 88' lang='lat' dir='ltr'><strong>necessitatem</strong></span> <span class='ocrx_word' id='word_1_492' title='bbox 1874 4492 1933 4552; x_wconf 91' lang='lat' dir='ltr'><strong>in</strong></span> <span class='ocrx_word' id='word_1_493' title='bbox 1969 4508 2095 4555; x_wconf 88' lang='lat' dir='ltr'><strong>cau.</strong></span> 
     </span>
    </p>
   </div>
   <div class='ocr_carea' id='block_1_92' title="bbox 2240 4488 3829 4573">
    <p class='ocr_par' dir='ltr' id='par_1_92' title="bbox 2266 4490 3829 4573">
     <span class='ocr_line' id='line_1_92' title="bbox 2266 4490 3829 4573; baseline 0.001 -23"><span class='ocrx_word' id='word_1_494' title='bbox 2266 4492 2372 4571; x_wconf 87' lang='grc' dir='ltr'>νγ’.</span> <span class='ocrx_word' id='word_1_495' title='bbox 2432 4490 2490 4551; x_wconf 85' lang='grc' dir='ltr'>Ὀ</span> <span class='ocrx_word' id='word_1_496' title='bbox 2523 4491 2648 4573; x_wconf 82' lang='grc' dir='ltr'>δίχα</span> <span class='ocrx_word' id='word_1_497' title='bbox 2705 4493 2805 4563; x_wconf 72' lang='grc' dir='ltr'>τῆς</span> <span class='ocrx_word' id='word_1_498' title='bbox 2852 4495 2987 4551; x_wconf 80' lang='grc' dir='ltr'>κατὰ</span> <span class='ocrx_word' id='word_1_499' title='bbox 3045 4492 3219 4573; x_wconf 87' lang='grc' dir='ltr'>τρίϐον</span> <span class='ocrx_word' id='word_1_500' title='bbox 3276 4494 3517 4573; x_wconf 67' lang='grc' dir='ltr'>ἀνάγκης</span> <span class='ocrx_word' id='word_1_501' title='bbox 3575 4491 3829 4571; x_wconf 73' lang='grc' dir='ltr'>κληρικὲος</span> 
     </span>
    </p>
   </div>
   <div class='ocr_carea' id='block_1_93' title="bbox 456 4577 1618 4658">
    <p class='ocr_par' dir='ltr' id='par_1_93' title="bbox 456 4577 1618 4658">
     <span class='ocr_line' id='line_1_93' title="bbox 456 4577 1618 4658; baseline 0.003 -20"><span class='ocrx_word' id='word_1_502' title='bbox 456 4595 611 4658; x_wconf 91' lang='lat' dir='ltr'><strong>pona</strong></span> <span class='ocrx_word' id='word_1_503' title='bbox 644 4577 1030 4652; x_wconf 88' lang='lat' dir='ltr'><strong>manducans,</strong></span> <span class='ocrx_word' id='word_1_504' title='bbox 1066 4578 1471 4658; x_wconf 86' lang='lat' dir='ltr'><strong>segregandus</strong></span> <span class='ocrx_word' id='word_1_505' title='bbox 1502 4588 1618 4642; x_wconf 89' lang='lat' dir='ltr'><strong>est.</strong></span> 
     </span>
    </p>
   </div>
   <div class='ocr_carea' id='block_1_94' title="bbox 535 4666 2104 4751">
    <p class='ocr_par' dir='ltr' id='par_1_94' title="bbox 535 4666 2104 4751">
     <span class='ocr_line' id='line_1_94' title="bbox 535 4666 2104 4751; baseline 0.003 -22"><span class='ocrx_word' id='word_1_506' title='bbox 535 4666 899 4729; x_wconf 78' lang='lat' dir='ltr'><strong>54.Clericus</strong></span> <span class='ocrx_word' id='word_1_507' title='bbox 914 4668 1128 4748; x_wconf 86' lang='lat' dir='ltr'><strong>injuria</strong></span> <span class='ocrx_word' id='word_1_508' title='bbox 1151 4669 1419 4732; x_wconf 83' lang='lat' dir='ltr'><strong>afﬁciens</strong></span> <span class='ocrx_word' id='word_1_509' title='bbox 1433 4670 1780 4751; x_wconf 82' lang='lat' dir='ltr'><strong>episcopum</strong></span> <span class='ocrx_word' id='word_1_510' title='bbox 1799 4668 2104 4749; x_wconf 90' lang='lat' dir='ltr'><strong>dejicitur.</strong></span> 
     </span>
    </p>
   </div>
   <div class='ocr_carea' id='block_1_95' title="bbox 546 4754 2100 4839">
    <p class='ocr_par' dir='ltr' id='par_1_95' title="bbox 546 4754 2100 4839">
     <span class='ocr_line' id='line_1_95' title="bbox 546 4754 2100 4839; baseline 0.003 -22"><span class='ocrx_word' id='word_1_511' title='bbox 546 4754 944 4839; x_wconf 78' lang='lat' dir='ltr'><strong>55Presbyter</strong></span> <span class='ocrx_word' id='word_1_512' title='bbox 969 4776 1111 4820; x_wconf 80' lang='lat' dir='ltr'><strong>vero</strong></span> <span class='ocrx_word' id='word_1_513' title='bbox 1138 4768 1196 4821; x_wconf 93' lang='lat' dir='ltr'><strong>et</strong></span> <span class='ocrx_word' id='word_1_514' title='bbox 1215 4759 1499 4820; x_wconf 89' lang='lat' dir='ltr'><strong>diaconus</strong></span> <span class='ocrx_word' id='word_1_515' title='bbox 1523 4761 2100 4824; x_wconf 85' lang='lat' dir='ltr'><strong>excommunicatur.</strong></span> 
     </span>
    </p>
   </div>
   <div class='ocr_carea' id='block_1_96' title="bbox 536 4844 2105 4927">
    <p class='ocr_par' dir='ltr' id='par_1_96' title="bbox 536 4844 2105 4927">
     <span class='ocr_line' id='line_1_96' title="bbox 536 4844 2105 4927; baseline 0.001 -18"><span class='ocrx_word' id='word_1_516' title='bbox 536 4848 639 4909; x_wconf 87' lang='lat'><strong>56.</strong></span> <span class='ocrx_word' id='word_1_517' title='bbox 687 4844 976 4909; x_wconf 89' lang='lat' dir='ltr'><strong>Similiter</strong></span> <span class='ocrx_word' id='word_1_518' title='bbox 1007 4856 1205 4909; x_wconf 90' lang='lat' dir='ltr'><strong>autem</strong></span> <span class='ocrx_word' id='word_1_519' title='bbox 1238 4846 1337 4927; x_wconf 92' lang='lat' dir='ltr'><strong>qui</strong></span> <span class='ocrx_word' id='word_1_520' title='bbox 1368 4848 1639 4923; x_wconf 83' lang='lat' dir='ltr'><strong>surdum,</strong></span> <span class='ocrx_word' id='word_1_521' title='bbox 1692 4848 1995 4924; x_wconf 89' lang='lat' dir='ltr'><strong>claudum,</strong></span> <span class='ocrx_word' id='word_1_522' title='bbox 2047 4856 2105 4910; x_wconf 89' lang='lat' dir='ltr'><strong>et</strong></span> 
     </span>
    </p>
   </div>
   <div class='ocr_carea' id='block_1_97' title="bbox 456 4935 1315 4999">
    <p class='ocr_par' dir='ltr' id='par_1_97' title="bbox 456 4935 1315 4999">
     <span class='ocr_line' id='line_1_97' title="bbox 456 4935 1315 4999; baseline 0 -1"><span class='ocrx_word' id='word_1_523' title='bbox 456 4954 679 4998; x_wconf 68' lang='lat' dir='ltr'><strong>caecum</strong></span> <span class='ocrx_word' id='word_1_524' title='bbox 714 4935 938 4996; x_wconf 84' lang='lat' dir='ltr'><strong>cavillis</strong></span> <span class='ocrx_word' id='word_1_525' title='bbox 970 4937 1315 4999; x_wconf 89' lang='lat' dir='ltr'><strong>insectatur.</strong></span> 
     </span>
    </p>
   </div>
   <div class='ocr_carea' id='block_1_98' title="bbox 536 5022 2102 5106">
    <p class='ocr_par' dir='ltr' id='par_1_98' title="bbox 536 5022 2102 5106">
     <span class='ocr_line' id='line_1_98' title="bbox 536 5022 2102 5106; baseline 0.002 -19"><span class='ocrx_word' id='word_1_526' title='bbox 536 5025 639 5087; x_wconf 85' lang='lat'><strong>5‘7.</strong></span> <span class='ocrx_word' id='word_1_527' title='bbox 686 5022 1017 5106; x_wconf 82' lang='lat' dir='ltr'><strong>Episcopus</strong></span> <span class='ocrx_word' id='word_1_528' title='bbox 1047 5025 1324 5106; x_wconf 91' lang='lat' dir='ltr'><strong>pietatem</strong></span> <span class='ocrx_word' id='word_1_529' title='bbox 1358 5044 1478 5088; x_wconf 91' lang='lat' dir='ltr'><strong>non</strong></span> <span class='ocrx_word' id='word_1_530' title='bbox 1507 5026 1731 5090; x_wconf 88' lang='lat' dir='ltr'><strong>docens</strong></span> <span class='ocrx_word' id='word_1_531' title='bbox 1760 5045 2102 5090; x_wconf 84' lang='lat' dir='ltr'><strong>excommu-</strong></span> 
     </span>
    </p>
   </div>
   <div class='ocr_carea' id='block_1_99' title="bbox 460 5114 2098 5197">
    <p class='ocr_par' dir='ltr' id='par_1_99' title="bbox 460 5114 2098 5197">
     <span class='ocr_line' id='line_1_99' title="bbox 460 5114 2098 5197; baseline 0.002 -20"><span class='ocrx_word' id='word_1_532' title='bbox 460 5114 697 5177; x_wconf 90' lang='lat' dir='ltr'><strong>nicatur</strong></span> <span class='ocrx_word' id='word_1_533' title='bbox 721 5130 734 5176; x_wconf 90' lang='lat'>:</span> <span class='ocrx_word' id='word_1_534' title='bbox 762 5114 1083 5194; x_wconf 90' lang='lat' dir='ltr'><strong>deponitur</strong></span> <span class='ocrx_word' id='word_1_535' title='bbox 1108 5134 1246 5178; x_wconf 90' lang='lat' dir='ltr'><strong>vero</strong></span> <span class='ocrx_word' id='word_1_536' title='bbox 1270 5116 1320 5178; x_wconf 91' lang='lat' dir='ltr'><strong>si</strong></span> <span class='ocrx_word' id='word_1_537' title='bbox 1349 5128 1691 5197; x_wconf 85' lang='lat' dir='ltr'><strong>perseveret</strong></span> <span class='ocrx_word' id='word_1_538' title='bbox 1713 5136 1833 5178; x_wconf 90' lang='lat' dir='ltr'><strong>non</strong></span> <span class='ocrx_word' id='word_1_539' title='bbox 1859 5117 2098 5181; x_wconf 89' lang='lat' dir='ltr'><strong>docere.</strong></span> 
     </span>
    </p>
   </div>
   <div class='ocr_carea' id='block_1_100' title="bbox 534 5204 2102 5286">
    <p class='ocr_par' dir='ltr' id='par_1_100' title="bbox 534 5204 2102 5286">
     <span class='ocr_line' id='line_1_100' title="bbox 534 5204 2102 5286; baseline 0.001 -18"><span class='ocrx_word' id='word_1_540' title='bbox 534 5206 635 5268; x_wconf 89' lang='lat'><strong>58.</strong></span> <span class='ocrx_word' id='word_1_541' title='bbox 684 5206 749 5267; x_wconf 85' lang='lat' dir='ltr'><strong>In</strong></span> <span class='ocrx_word' id='word_1_542' title='bbox 782 5204 1065 5266; x_wconf 90' lang='lat' dir='ltr'><strong>clericum</strong></span> <span class='ocrx_word' id='word_1_543' title='bbox 1098 5205 1297 5286; x_wconf 85' lang='lat' dir='ltr'><strong>inopia</strong></span> <span class='ocrx_word' id='word_1_544' title='bbox 1328 5206 1717 5279; x_wconf 83' lang='lat' dir='ltr'><strong>laborantem,</strong></span> <span class='ocrx_word' id='word_1_545' title='bbox 1739 5206 1788 5269; x_wconf 91' lang='lat' dir='ltr'><strong>si</strong></span> <span class='ocrx_word' id='word_1_546' title='bbox 1819 5225 1884 5269; x_wconf 89' lang='lat' dir='ltr'><strong>se</strong></span> <span class='ocrx_word' id='word_1_547' title='bbox 1915 5206 2102 5270; x_wconf 86' lang='lat' dir='ltr'><strong>bene-</strong></span> 
     </span>
    </p>
   </div>
   <div class='ocr_carea' id='block_1_101' title="bbox 456 5293 2096 5375">
    <p class='ocr_par' dir='ltr' id='par_1_101' title="bbox 456 5293 2096 5375">
     <span class='ocr_line' id='line_1_101' title="bbox 456 5293 2096 5375; baseline 0.001 -18"><span class='ocrx_word' id='word_1_548' title='bbox 456 5293 635 5357; x_wconf 82' lang='lat' dir='ltr'><strong>ﬁcum</strong></span> <span class='ocrx_word' id='word_1_549' title='bbox 688 5312 804 5355; x_wconf 93' lang='lat' dir='ltr'><strong>non</strong></span> <span class='ocrx_word' id='word_1_550' title='bbox 857 5301 1095 5375; x_wconf 65' lang='lat' dir='ltr'><strong>praestet</strong></span> <span class='ocrx_word' id='word_1_551' title='bbox 1142 5295 1447 5370; x_wconf 90' lang='lat' dir='ltr'><strong>sacerdos,</strong></span> <span class='ocrx_word' id='word_1_552' title='bbox 1500 5297 2096 5365; x_wconf 82' lang='lat' dir='ltr'><strong>excommunicatur:</strong></span> 
     </span>
    </p>
   </div>
   <div class='ocr_carea' id='block_1_102' title="bbox 457 5382 1858 5466">
    <p class='ocr_par' dir='ltr' id='par_1_102' title="bbox 457 5382 1858 5466">
     <span class='ocr_line' id='line_1_102' title="bbox 457 5382 1858 5466; baseline 0.002 -20"><span class='ocrx_word' id='word_1_553' title='bbox 457 5382 780 5465; x_wconf 89' lang='lat' dir='ltr'><strong>deponitur</strong></span> <span class='ocrx_word' id='word_1_554' title='bbox 807 5400 944 5445; x_wconf 84' lang='lat' dir='ltr'><strong>vero</strong></span> <span class='ocrx_word' id='word_1_555' title='bbox 973 5384 1023 5445; x_wconf 91' lang='lat' dir='ltr'><strong>si</strong></span> <span class='ocrx_word' id='word_1_556' title='bbox 1058 5382 1492 5446; x_wconf 90' lang='lat' dir='ltr'><strong>immisericors</strong></span> <span class='ocrx_word' id='word_1_557' title='bbox 1524 5392 1858 5466; x_wconf 85' lang='lat' dir='ltr'><strong>permanet.</strong></span> 
     </span>
    </p>
   </div>
   <div class='ocr_carea' id='block_1_103' title="bbox 459 5470 2099 5621">
    <p class='ocr_par' dir='ltr' id='par_1_103' title="bbox 459 5470 2099 5621">
     <span class='ocr_line' id='line_1_103' title="bbox 459 5470 2099 5621; baseline 0.002 -88"><span class='ocrx_word' id='word_1_558' title='bbox 459 5558 498 5621; x_wconf 55' lang='grc' dir='ltr'><strong><em>ὁ</em></strong></span> <span class='ocrx_word' id='word_1_559' title='bbox 537 5473 638 5535; x_wconf 82' lang='grc'><strong>59.</strong></span> <span class='ocrx_word' id='word_1_560' title='bbox 663 5470 776 5572; x_wconf 83' lang='lat' dir='ltr'><strong>Qui</strong></span> <span class='ocrx_word' id='word_1_561' title='bbox 803 5471 972 5553; x_wconf 89' lang='lat' dir='ltr'><strong>impii</strong></span> <span class='ocrx_word' id='word_1_562' title='bbox 987 5472 1123 5537; x_wconf 90' lang='lat' dir='ltr'><strong>libri</strong></span> <span class='ocrx_word' id='word_1_563' title='bbox 1147 5474 1512 5537; x_wconf 89' lang='lat' dir='ltr'><strong>mentionem</strong></span> <span class='ocrx_word' id='word_1_564' title='bbox 1534 5474 1672 5537; x_wconf 87' lang='lat' dir='ltr'><strong>facit</strong></span> <span class='ocrx_word' id='word_1_565' title='bbox 1696 5475 1757 5536; x_wconf 91' lang='lat' dir='ltr'><strong>in</strong></span> <span class='ocrx_word' id='word_1_566' title='bbox 1782 5474 2099 5551; x_wconf 88' lang='lat' dir='ltr'><strong>concione,</strong></span> 
     </span>
     <span class='ocr_line' id='line_1_104' title="bbox 502 5572 798 5621; baseline 0 0"><span class='ocrx_word' id='word_1_567' title='bbox 502 5572 798 5621; x_wconf 85' lang='lat' dir='ltr'><strong>enomtur.</strong></span> 
     </span>
    </p>
   </div>
   <div class='ocr_carea' id='block_1_104' title="bbox 502 5572 798 5642">
    <p class='ocr_par' dir='ltr' id='par_1_104' title="bbox 502 5572 798 5642">
     <span class='ocr_line' id='line_1_105' title="bbox 502 5572 798 5642; baseline 0.007 -20"><span class='ocrx_word' id='word_1_568' title='bbox 502 5572 798 5642; x_wconf 80' lang='lat' dir='ltr'><strong>eponltur.</strong></span> 
     </span>
    </p>
   </div>
   <div class='ocr_carea' id='block_1_105' title="bbox 2189 4581 3189 4663">
    <p class='ocr_par' dir='ltr' id='par_1_105' title="bbox 2189 4581 3189 4663">
     <span class='ocr_line' id='line_1_106' title="bbox 2189 4581 3189 4663; baseline 0.003 -25"><span class='ocrx_word' id='word_1_569' title='bbox 2189 4583 2263 4647; x_wconf 81' lang='grc' dir='ltr'><strong>είς</strong></span> <span class='ocrx_word' id='word_1_570' title='bbox 2291 4581 2594 4649; x_wconf 81' lang='grc' dir='ltr'>καπηλεῖον</span> <span class='ocrx_word' id='word_1_571' title='bbox 2626 4582 2831 4643; x_wconf 73' lang='grc' dir='ltr'>ἐσθίων.</span> <span class='ocrx_word' id='word_1_572' title='bbox 2857 4583 3189 4663; x_wconf 74' lang='grc' dir='ltr'>ἀφοριστέος,</span> 
     </span>
    </p>
   </div>
   <div class='ocr_carea' id='block_1_106' title="bbox 2269 4669 3661 4753">
    <p class='ocr_par' dir='ltr' id='par_1_106' title="bbox 2269 4669 3661 4753">
     <span class='ocr_line' id='line_1_107' title="bbox 2269 4669 3661 4753; baseline 0.005 -27"><span class='ocrx_word' id='word_1_573' title='bbox 2269 4669 2369 4731; x_wconf 60' lang='lat' dir='ltr'><strong>vs’.</strong></span> <span class='ocrx_word' id='word_1_574' title='bbox 2402 4669 2653 4750; x_wconf 81' lang='grc' dir='ltr'>’Υϐρίζων</span> <span class='ocrx_word' id='word_1_575' title='bbox 2702 4671 2990 4730; x_wconf 78' lang='grc' dir='ltr'>ἐπίσκοπον</span> <span class='ocrx_word' id='word_1_576' title='bbox 3020 4672 3274 4752; x_wconf 80' lang='grc' dir='ltr'>κληρικὸς</span> <span class='ocrx_word' id='word_1_577' title='bbox 3304 4676 3661 4753; x_wconf 80' lang='grc' dir='ltr'>καθαιρεϊται.</span> 
     </span>
    </p>
   </div>
   <div class='ocr_carea' id='block_1_107' title="bbox 2265 4759 3584 4843">
    <p class='ocr_par' dir='ltr' id='par_1_107' title="bbox 2265 4759 3584 4843">
     <span class='ocr_line' id='line_1_108' title="bbox 2265 4759 3584 4843; baseline 0.003 -24"><span class='ocrx_word' id='word_1_578' title='bbox 2265 4760 2366 4823; x_wconf 74' lang='lat' dir='ltr'><strong>ve’.</strong></span> <span class='ocrx_word' id='word_1_579' title='bbox 2401 4759 2757 4839; x_wconf 87' lang='grc' dir='ltr'>Πρεσϐύτερος</span> <span class='ocrx_word' id='word_1_580' title='bbox 2781 4759 2835 4818; x_wconf 80' lang='grc' dir='ltr'>δὲ</span> <span class='ocrx_word' id='word_1_581' title='bbox 2864 4765 2957 4819; x_wconf 86' lang='grc' dir='ltr'><strong>καί</strong></span> <span class='ocrx_word' id='word_1_582' title='bbox 2990 4761 3230 4828; x_wconf 74' lang='grc' dir='ltr'>διάκονος</span> <span class='ocrx_word' id='word_1_583' title='bbox 3261 4762 3584 4843; x_wconf 79' lang='grc' dir='ltr'>ἀφορίξεται.</span> 
     </span>
    </p>
   </div>
   <div class='ocr_carea' id='block_1_108' title="bbox 2265 4849 3829 4934">
    <p class='ocr_par' dir='ltr' id='par_1_108' title="bbox 2265 4849 3829 4934">
     <span class='ocr_line' id='line_1_109' title="bbox 2265 4849 3829 4934; baseline 0.003 -30"><span class='ocrx_word' id='word_1_584' title='bbox 2265 4852 2395 4927; x_wconf 61' lang='grc' dir='ltr'>νς.</span> <span class='ocrx_word' id='word_1_585' title='bbox 2444 4850 2507 4908; x_wconf 88' lang='grc' dir='ltr'>Ὀ</span> <span class='ocrx_word' id='word_1_586' title='bbox 2566 4849 2619 4906; x_wconf 83' lang='grc' dir='ltr'>δὲ</span> <span class='ocrx_word' id='word_1_587' title='bbox 2675 4853 2879 4933; x_wconf 77' lang='grc' dir='ltr'>κωφὸν,</span> <span class='ocrx_word' id='word_1_588' title='bbox 2924 4854 3011 4910; x_wconf 85' lang='grc' dir='ltr'><strong>καὶ</strong></span> <span class='ocrx_word' id='word_1_589' title='bbox 3062 4850 3269 4933; x_wconf 76' lang='grc' dir='ltr'>χωλὸν,</span> <span class='ocrx_word' id='word_1_590' title='bbox 3314 4853 3407 4910; x_wconf 75' lang='grc' dir='ltr'>καῖ</span> <span class='ocrx_word' id='word_1_591' title='bbox 3460 4852 3653 4934; x_wconf 73' lang='grc' dir='ltr'>τυφλὸν</span> <span class='ocrx_word' id='word_1_592' title='bbox 3708 4851 3829 4909; x_wconf 80' lang='grc' dir='ltr'>δια-</span> 
     </span>
    </p>
   </div>
   <div class='ocr_carea' id='block_1_109' title="bbox 2186 4939 2715 5021">
    <p class='ocr_par' dir='ltr' id='par_1_109' title="bbox 2186 4939 2715 5021">
     <span class='ocr_line' id='line_1_110' title="bbox 2186 4939 2715 5021; baseline 0 -25"><span class='ocrx_word' id='word_1_593' title='bbox 2186 4939 2462 5021; x_wconf 83' lang='grc' dir='ltr'>χλευάζων</span> <span class='ocrx_word' id='word_1_594' title='bbox 2492 4941 2687 5017; x_wconf 85' lang='grc' dir='ltr'>ὁμοίως</span> <span class='ocrx_word' id='word_1_595' title='bbox 2698 4982 2715 5000; x_wconf 92' lang='grc'>.</span> 
     </span>
    </p>
   </div>
   <div class='ocr_carea' id='block_1_110' title="bbox 2267 5027 3828 5112">
    <p class='ocr_par' dir='ltr' id='par_1_110' title="bbox 2267 5027 3828 5112">
     <span class='ocr_line' id='line_1_111' title="bbox 2267 5027 3828 5112; baseline 0.002 -27"><span class='ocrx_word' id='word_1_596' title='bbox 2267 5027 2362 5101; x_wconf 84' lang='grc' dir='ltr'><strong>νζ’.</strong></span> <span class='ocrx_word' id='word_1_597' title='bbox 2444 5030 2550 5097; x_wconf 80' lang='grc' dir='ltr'>Τὴν</span> <span class='ocrx_word' id='word_1_598' title='bbox 2618 5028 2887 5091; x_wconf 78' lang='grc' dir='ltr'>εὐσέϐειαν</span> <span class='ocrx_word' id='word_1_599' title='bbox 2934 5030 2993 5088; x_wconf 72' lang='grc' dir='ltr'>οὗ</span> <span class='ocrx_word' id='word_1_600' title='bbox 3050 5029 3308 5090; x_wconf 77' lang='grc' dir='ltr'>διδάσκων</span> <span class='ocrx_word' id='word_1_601' title='bbox 3364 5032 3652 5097; x_wconf 72' lang='grc' dir='ltr'>ὶπίσκοπος</span> <span class='ocrx_word' id='word_1_602' title='bbox 3724 5032 3828 5112; x_wconf 78' lang='grc' dir='ltr'><strong>ἀφ-</strong></span> 
     </span>
    </p>
   </div>
   <div class='ocr_carea' id='block_1_111' title="bbox 2184 5118 3469 5201">
    <p class='ocr_par' dir='ltr' id='par_1_111' title="bbox 2184 5118 3469 5201">
     <span class='ocr_line' id='line_1_112' title="bbox 2184 5118 3469 5201; baseline 0.002 -24"><span class='ocrx_word' id='word_1_603' title='bbox 2184 5120 2437 5201; x_wconf 78' lang='grc' dir='ltr'>ορίζεται,</span> <span class='ocrx_word' id='word_1_604' title='bbox 2488 5125 2822 5201; x_wconf 84' lang='grc' dir='ltr'>καθαιρεϊται</span> <span class='ocrx_word' id='word_1_605' title='bbox 2854 5118 2909 5177; x_wconf 79' lang='grc' dir='ltr'>δὲ</span> <span class='ocrx_word' id='word_1_606' title='bbox 2954 5121 3127 5197; x_wconf 84' lang='grc' dir='ltr'>μένων</span> <span class='ocrx_word' id='word_1_607' title='bbox 3171 5121 3469 5188; x_wconf 79' lang='grc' dir='ltr'>ἀδίδακτος.</span> 
     </span>
    </p>
   </div>
   <div class='ocr_carea' id='block_1_112' title="bbox 2268 5209 3837 5290">
    <p class='ocr_par' dir='ltr' id='par_1_112' title="bbox 2268 5209 3837 5290">
     <span class='ocr_line' id='line_1_113' title="bbox 2268 5209 3837 5290; baseline 0.001 -24"><span class='ocrx_word' id='word_1_608' title='bbox 2268 5209 2378 5277; x_wconf 86' lang='grc' dir='ltr'>νη’.</span> <span class='ocrx_word' id='word_1_609' title='bbox 2474 5209 2690 5268; x_wconf 87' lang='grc' dir='ltr'>Ἐπιδεᾶ</span> <span class='ocrx_word' id='word_1_610' title='bbox 2784 5209 3048 5290; x_wconf 78' lang='grc' dir='ltr'>κληφικὸν</span> <span class='ocrx_word' id='word_1_611' title='bbox 3117 5212 3282 5290; x_wconf 73' lang='grc' dir='ltr'>ἱερεὺς</span> <span class='ocrx_word' id='word_1_612' title='bbox 3383 5214 3477 5270; x_wconf 63' lang='grc' dir='ltr'>οὒκ</span> <span class='ocrx_word' id='word_1_613' title='bbox 3547 5212 3837 5289; x_wconf 70' lang='grc' dir='ltr'>εὐεργετῶν</span> 
     </span>
    </p>
   </div>
   <div class='ocr_carea' id='block_1_113' title="bbox 2189 5298 3441 5381">
    <p class='ocr_par' dir='ltr' id='par_1_113' title="bbox 2189 5298 3441 5381">
     <span class='ocr_line' id='line_1_114' title="bbox 2189 5298 3441 5381; baseline 0.005 -25"><span class='ocrx_word' id='word_1_614' title='bbox 2189 5300 2513 5380; x_wconf 74' lang='grc' dir='ltr'>ἀφορίζεται,</span> <span class='ocrx_word' id='word_1_615' title='bbox 2545 5304 2877 5381; x_wconf 79' lang='grc' dir='ltr'>καθαιρεϊται</span> <span class='ocrx_word' id='word_1_616' title='bbox 2910 5298 2963 5357; x_wconf 79' lang='grc' dir='ltr'>δὲ</span> <span class='ocrx_word' id='word_1_617' title='bbox 2994 5300 3170 5376; x_wconf 81' lang='grc' dir='ltr'>μένων</span> <span class='ocrx_word' id='word_1_618' title='bbox 3199 5300 3441 5368; x_wconf 80' lang='grc' dir='ltr'>ἀνέλεος.</span> 
     </span>
    </p>
   </div>
   <div class='ocr_carea' id='block_1_114' title="bbox 2270 5477 3642 5561">
    <p class='ocr_par' dir='ltr' id='par_1_114' title="bbox 2270 5477 3642 5561">
     <span class='ocr_line' id='line_1_115' title="bbox 2270 5477 3642 5561; baseline 0.004 -24"><span class='ocrx_word' id='word_1_619' title='bbox 2270 5478 2367 5539; x_wconf 79' lang='grc' dir='ltr'><strong>νο’.</strong></span> <span class='ocrx_word' id='word_1_620' title='bbox 2403 5477 2654 5544; x_wconf 81' lang='grc' dir='ltr'>Ἀσεϐοῦς</span> <span class='ocrx_word' id='word_1_621' title='bbox 2682 5478 2864 5559; x_wconf 83' lang='grc' dir='ltr'>βίϐλον</span> <span class='ocrx_word' id='word_1_622' title='bbox 2894 5478 3259 5553; x_wconf 74' lang='grc' dir='ltr'>ἐκκλησιάζων</span> <span class='ocrx_word' id='word_1_623' title='bbox 3289 5484 3642 5561; x_wconf 81' lang='grc' dir='ltr'>καθαιρεϊται.</span> 
     </span>
    </p>
   </div>
  </div>
