4080 6204
273 411 381 475 241

352 547 423 616 Ε”
464 549 657 612 Πιστὸς
680 547 956 629 ὲλεγχθεὶς
987 547 1073 606 ἐπ’
1111 547 1436 628 ἐγκλήματι,
1470 545 1727 625 ἄκληρος,

353 726 460 793 ξα’,
520 726 582 784 ’0
641 725 1055 808 ἆρνησίχριστος
1112 728 1200 782 καὶ
1256 721 1594 792 ἀπόϐλητος³
1655 725 1684 780 ὁ
1727 721 1780 779 δὲ
1832 724 1922 780 τὸν

271 816 473 894 κλῆρον
563 815 788 896 ἀθετῶν,
859 817 950 872 καὶ
1033 813 1431 895 πεταστρέφων,
1523 814 1658 871 κατὰ
1731 811 1922 869 λα’ίκὸν

270 906 551 984 προσιτός.

354 992 457 1060 ξδ’.
519 993 810 1069 Γενόμενος
856 995 1016 1062 θύτης
1070 1003 1310 1068 πνικτοῦ,
1375 993 1411 1061 ἢ
1468 991 1822 1070 θηριαλώτου,
1883 990 1920 1058 ἢ

267 1088 606 1161 θνησικαίοῦ,
638 1086 999 1165 καθαιρετέοςο
1031 1088 1058 1143 δ
1088 1083 1144 1142 δὲ
1176 1085 1366 1150 λαϊκὸς
1397 1084 1716 1165 ἀφορίξεται,

356 1264 466 1341 ξγ’.
498 1265 556 1322 Ὀ
590 1263 858 1330 Ἰουδαίοις
890 1264 1279 1346 συνευχόμενος
1309 1264 1633 1344 ἀφορίζεται.

359 1352 458 1420 ξδ’.
549 1356 746 1418 Φονεὺς
829 1353 1086 1434 κληρικὸς
1171 1358 1525 1433 καθαιρεϊται·
1599 1350 1789 1413 λα’ἰκὸς
1867 1350 1919 1406 δὲ

271 1446 575 1521 ἀφορίζεται
586 1490 600 1505 .

360 1533 456 1598 ξε’.
521 1534 786 1610 Κυριακθμ
845 1537 934 1590 καί
979 1531 1254 1590 Σάϐϐατον
1326 1534 1354 1588 ὁ
1425 1532 1716 1608 νηστεύων,
1777 1529 1919 1599 πλὴν

273 1623 420 1700 ὲνὸς,
450 1623 844 1699 ἆποκήρυκτος.

365 1711 497 1786 EQ".
552 1712 615 1770 Ὀ
670 1711 992 1787 βιασάμενος
1065 1709 1249 1789 κόρην.
1323 1711 1724 1790 ἀφοριζόμενος,
1787 1730 1919 1765 κατ-

275 1802 459 1881 εχέτω
485 1802 573 1856 καὶ
602 1797 802 1878 ἄπορον
844 1798 1009 1866 αὐτὴν
1035 1800 1402 1879 ὑπάρχουσαν,

1555 411 1891 474 EPITOME
1947 407 2347 472 CANONUM.

1937 548 1978 597 Α
2080 541 2180 606 60.
2217 540 2439 605 Fidelis
2459 541 2783 604 criminum
2815 539 3143 617 convictus,
3179 543 3237 605 in
3269 542 3496 608 clerum
3518 565 3638 612 non

3520 411 3639 480 242

2003 630 2358 694 admittitur.

2084 719 2183 784 61.
2223 720 2332 794 Qui
2362 719 2662 808 Christum
2697 729 2895 808 negat,
2949 719 3337 808 expellendus
3365 733 3456 788 est
3488 747 3502 790 :
3536 727 3640 808 qui

2005 826 2142 871 vero
2172 809 2398 871 clerum
2430 807 2660 889 spernit
2688 816 2747 870 et
2767 807 3083 886 subvertit,
3107 828 3214 891 pro
3237 810 3386 876 laico
3418 807 3640 880 haben-

2003 897 2117 960 dus
2147 907 2264 962 est.

2082 990 2186 1051 ϐᾶ.
2220 986 2513 1076 Sacerdos
2543 987 2594 1049 si
2625 987 3000 1065 suﬂ‘ocatum,
3025 995 3128 1051 aut
3149 1007 3183 1051 a
3213 989 3339 1052 fera
3369 1000 3636 1076 captum,

2002 1085 2101 1138 aut
2161 1075 2553 1140 morticinum
2609 1077 2969 1155 gustaverit,
3028 1077 3420 1161 deponendus
3481 1093 3570 1145 est
3617 1075 3631 1148 ἐ

2002 1166 2190 1230 laicus
2219 1184 2358 1229 vero
2388 1165 3017 1228 excommunicandus.

2086 1255 2187 1319 63.
2221 1255 2331 1328 Qui
2363 1273 2497 1316 cum
2525 1252 2745 1316 Judaeis
2773 1262 2921 1331 orat,
2948 1259 3512 1322 excommunicatur.

2085 1345 2186 1406 64.
2221 1344 2487 1418 Clericus
2517 1341 2819 1406 homicida
2871 1344 3217 1426 deponitur,
3265 1348 3452 1412 laicus
3499 1368 3637 1414 vero

2005 1442 2371 1514 segregatur.

2085 1524 2184 1586 65.
2219 1523 2330 1596 Qui
2361 1522 2671 1585 Dominica
2692 1530 2790 1584 aut
2822 1523 3066 1586 sabbato
3091 1524 3351 1608 jejunat,
3381 1545 3498 1591 uno
3529 1545 3638 1590 ex-

2007 1621 2202 1694 cepto,
2238 1611 2569 1691 ejiciendus
2601 1621 2712 1673 est.

2085 1701 2185 1765 66.
2220 1700 2330 1773 Qui
2355 1699 2566 1782 puellae
2589 1700 2703 1760 vim
2736 1700 3024 1777 attulerit,
3060 1705 3639 1788 excommunicatur,

2006 1791 2196 1872 ipsum
2230 1790 2469 1870 inopem
2501 1788 2641 1851 licet
2671 1788 2784 1850 sibi
2816 1790 3058 1854 habeat.

361 1890 459 1961 ξζ’.
519 1883 576 1948 Ὀ
606 1888 681 1952 δίς
738 1887 1139 1968 χειροτόνητος,
1173 1889 1308 1963 μετά
1355 1889 1446 1946 τοῦ
1493 1891 1923 1969 χειροτονοῦντος

2089 1881 2188 1942 67.
2225 1879 2323 1941 Bis
2349 1879 2658 1940 ordinatus
2705 1896 2839 1969 cum
2898 1880 3242 1942 ordinatore
3291 1881 3636 1963 deponitur,

276 1983 637 2058 καθαιρεῐται,
670 1979 714 2033 εἰ
747 1979 824 2052 μὴ
854 1977 1087 2054 αἱρετικη
1110 1980 1232 2056 χεὶρ
1259 1981 1293 2047 ἡ
1329 1979 1602 2056 πρότερον,

363 2068 470 2135 En’.
541 2069 644 2126 Τὸν
702 2067 798 2124 οὒκ
871 2066 1151 2125 ἆσιτοῦντα
1206 2068 1305 2135 τὴν
1375 2066 1825 2147 τεσσαρακοστὴν,
1889 2065 1925 2134 ἢ

277 2156 529 2237 τετράδα,
615 2157 705 2213 καὶ
783 2155 1146 2232 παρασκευὴν,
1223 2156 1480 2231 κληρικὸν
1559 2157 1920 2233 καθαιρήσεις.

277 2251 372 2304 τὸν
428 2244 483 2302 δὲ
537 2245 729 2302 mm
771 2243 1064 2325 ἀφορίσειςο
1104 2246 1150 2302 εἰ
1201 2247 1280 2322 μὴ
1338 2245 1408 2302 δι’
1433 2245 1704 2303 ἀσθένειαν
1747 2244 1924 2321 ἔμπο-

277 2336 545 2409 δίζωνται.

363 2426 464 2492 ἔθ’.
511 2422 842 2504 ’Λφορίζεται
887 2427 916 2482 ὁ
968 2427 1135 2503 κηρὸν
1195 2426 1229 2495 ἢ
1282 2425 1460 2484 ἔλαιον
1507 2431 1607 2493 τῆς
1638 2423 1926 2491 ἐκκλησίας

280 2512 479 2573 συλῶν
565 2513 700 2587 μετὰ
752 2517 909 2570 τούτο
971 2515 1059 2569 καὶ
1129 2511 1462 2572 πενταπλοῦν
1519 2519 1674 2570 τοῦτο
1756 2531 1925 2568 κατα-

279 2605 477 2660 τίθεται
488 2651 504 2665 .

362 2692 434 2751 o’.
489 2691 552 2750 Ὀ
597 2693 710 2771 ἱερᾶ
753 2692 918 2760 σκεύη
970 2694 1044 2758 εἰς
1088 2698 1282 2772 γρῆσιι
1332 2691 1767 2774 σφετεριζόμενος
1820 2690 1927 2769 ἁφ-

278 2785 529 2861 ορίζεται,

361 2870 469 2934 οα’.
537 2873 1010 2949 Κατηγοροόμενος
1071 2871 1383 2946 ἐπίσκοπος,
1435 2872 1521 2928 καὶ
1579 2869 1927 2948 καὶούμενος,

280 2962 370 3017 καὶ
440 2964 536 3020 οὐκ
582 2961 814 3035 ἇκοόων,
871 2962 961 3018 καὶ
1013 2959 1088 3024 δὶς
1143 2960 1428 3036 καλείσθω,
1489 2961 1574 3018 καὶ
1633 2961 1766 3038 τρίς⁶
1835 2964 1927 3014 τοῦ

278 3049 332 3106 δὲ
363 3049 731 3129 ἐπιμένοντος,
759 3049 824 3106 τὸ
852 3048 1005 3116 δόξαν
1036 3051 1072 3118 ἡ
1105 3049 1316 3116 σύνοδος
1345 3049 1722 3115 ἀποφαίνοιτο.

361 3137 468 3202 οϐ’.
559 3139 828 3218 Αίρετικὸς
915 3143 976 3198 οὐ
1043 3153 1339 3220 κατηγορεῖ
1416 3137 1734 3218 ἐπισκόπου,
1808 3135 1925 3196 οὐδὲ

279 3231 470 3291 πιστὸς
501 3229 612 3293 εἷς.

363 3317 472 3396 (ιγ’.
534 3318 856 3380 Ἐπίσκοπος
915 3316 1028 3374 ἄντ’
1104 3319 1262 3378 αὐτοῦ
1314 3316 1602 3375 ἐπίσκοπον

281 3409 344 3464 οὗ
373 3407 707 3474 καθίστησιν.

364 3493 465 3554 οδ⁹.
526 3497 731 3553 Γίνεται
784 3493 966 3574 χωλὸς
1024 3495 1118 3553 καΐ
1174 3494 1584 3577 ἑτερόφθαλμος,
1637 3492 1781 3560 ἄξιος
1821 3495 1928 3551 ὑπ-

279 3585 494 3664 ἆρχων,
533 3586 846 3648 ἐπίσκοπος.

365 3673 468 3733 οε’.
501 3674 562 3731 Ὀ
593 3672 774 3748 μέντοι
803 3672 996 3753 τυφλὸς
1027 3674 1115 3730 καὶ
1145 3674 1322 3754 κωφὸς
1351 3673 1412 3731 οὔ
1433 3673 1736 3752 γενήσεται.

366 3762 471 3828 (ις’.
516 3763 579 3820 ’0
637 3759 907 3838 δαιμονῶν
961 3763 1021 3819 οὗ
1065 3761 1381 3842 κληροῠται,
1412 3760 1528 3822 οὐδὲ
1584 3762 1919 3841 συνεύχεται·

280 3855 421 3930 μετὰ
452 3850 505 3908 δὲ
536 3854 628 3908 τὸν
655 3854 951 3930 καθαρμὸν,
985 3853 1026 3908 εί
1056 3851 1198 3918 ἄξιός
1229 3853 1362 3932 ἔστι,
1399 3852 1619 3931 γίνεται,

1673 3311 1924 3379 ἅποϐιοὺς

361 4030 464 4102 οζ’.
537 4034 645 4091 Οὔκ
723 4033 1012 4088 ἒπισκοπετ
1068 4032 1418 4111 νεοφώτιστος
1451 4078 1467 4104 ,
1527 4029 1640 4088 οῦδὲ
1708 4031 1924 4111 ταχέων

279 4121 393 4200 [ἴς.
428 4119 649 4199 ταχέος]
681 4119 742 4176 ἐκ
769 4118 972 4199 φαύλης
1003 4118 1272 4199 διαγωγῆς
1303 4121 1532 4199 προϊών,

364 4206 479 4276 on’.
530 4209 854 4272 Ἐπίσκοπος
886 4208 1237 4274 ἁνεπίσκοπος
1290 4211 1318 4266 ὃ
1344 4209 1575 4285 δημόσια
1605 4232 1924 4290 μεταχειρι-

277 4300 530 4373 ξάμενος,

363 4385 468 4450 ου’.
533 4386 754 4453 Οἰκέτης
805 4387 1142 4466 ἀκλήρωτος⁶
1191 4389 1219 4445 ὃ
1275 4386 1330 4445 δὲ
1374 4388 1447 4447 ὢν
1505 4387 1668 4468 ἄξιος,
1716 4389 1925 4447 ἐλευθε-

283 4480 416 4556 ρωθε
429 4479 475 4538 ίς
522 4473 892 4555 προϐιϐἆζεται
903 4520 914 4533 .

364 4564 448 4624 π’.
483 4564 672 4643 Ἰερεὺς
704 4565 888 4646 ἄρχων
915 4566 1141 4644 ἆνίερος.

369 4743 493 4802 πα’.
581 4733 638 4800 Ὀ
696 4742 928 4823 ἄρχοντα
1005 4745 1090 4800 καὶ
1157 4743 1374 4820 βυσιλὲα
1431 4745 1572 4824 παρᾶ
1632 4748 1694 4803 τὸ
1779 4749 1926 4825 οέμις

287 4829 532 4911 ὑϐρίζων,
563 4832 918 4908 τιμωρητέος.

368 4919 486 4981 1:5’.
533 4919 832 4997 Σεϐάσμιος
861 4925 896 4991 ἡ
923 4920 1361 4990 ἑξηκοντάϐιϐλος
1394 4925 1578 4999 μόνον.

286 5117 558 5192 Ἐπιτομὴ
623 5118 854 5174 κανόνων
925 5119 1031 5174 τῶν
1105 5118 1160 5174 ὲν
1228 5120 1419 5192 Νικαίᾳ
1486 5122 1800 5198 τριακοσίων
1868 5126 1925 5190 ἰη

877 5199 1042 5274 ἁγίων
1068 5198 1336 5278 Πατὲρων.

366 5304 442 5365 α’.
494 5305 556 5362 Οἱ
586 5305 830 5384 εὐνουχοι
880 5307 954 5370 εἷς
993 5304 1194 5382 κλῆρον
1248 5303 1608 5385 δεχέσθωσαν·
1669 5311 1717 5366 οἱ
1747 5307 1800 5367 δὲ
1831 5310 1926 5368 τὲ-

285 5414 505 5469 μνοντες
532 5394 744 5457 ἑαυτοὺς
775 5394 852 5468 μὴ
882 5393 1240 5474 δεχέσθωσαν,

364 5482 439 5558 β’,
475 5484 536 5541 oi
581 5481 632 5547 εξ
663 5481 868 5538 ὲθνικοῦ
925 5484 1038 5558 βίου
1087 5484 1166 5558 μὴ
1200 5483 1412 5564 ταχέως
1438 5485 1511 5548 εἰς
1558 5484 1926 5566 πρεσϐυτέριον

289 5572 615 5649 ἆγέσθωσαν·
678 5569 806 5649 δίχα
863 5573 962 5649 γὰρ
1023 5577 1120 5639 τῆς
1193 5571 1277 5628 διὰ
1345 5573 1540 5652 χρόνον
1593 5573 1924 5654 δοκιμασίας,

294 5663 451 5721 κακὸς
500 5662 529 5716 ὁ
579 5659 851 5742 νεόφυτος.
909 5660 973 5717 Εἴ
1016 5683 1094 5725 τις
1140 5659 1195 5718 δὲ
1238 5664 1326 5718 καὶ
1369 5663 1506 5739 μετὰ
1546 5665 1643 5732 τηθ
1674 5686 1927 5747 χειροτο-

2011 1970 2122 2030 nisi
2156 1969 2419 2030 haeretici
2449 1985 2625 2029 manu
2651 1968 2910 2049 primum
2938 1970 3248 2033 ordinatus
3276 1973 3373 2032 sit.

2091 2059 2192 2121 68.
2225 2057 2521 2120 Clericum
2550 2057 3026 2137 quadragesima,
3061 2069 3163 2121 aut
3190 2068 3448 2138 quatuor
3482 2070 3640 2124 tem-

2011 2147 2281 2228 poribus,
2328 2154 2386 2207 et
2417 2163 2734 2226 parasceve
2773 2165 2892 2207 non
2915 2147 3289 2228 jejunantem
3321 2150 3588 2230 depones
3623 2169 3637 2213 :

2009 2236 2228 2298 laicum
2285 2253 2424 2297 vero
2481 2235 3032 2298 excommunicabis
3084 2259 3097 2302 :
3159 2239 3270 2300 nisi
3326 2239 3643 2303 infirmitas

2009 2326 2152 2407 ipsis
2181 2323 2608 2406 impedimento
2639 2323 2739 2387 sit.

2091 2417 2192 2479 69.
2245 2414 2359 2488 Qui
2411 2430 2608 2475 ceram
2650 2422 2752 2476 aut
2807 2414 3002 2477 oleum
3065 2415 3338 2481 ecclesiae
3384 2420 3638 2497 furatur,

2011 2505 2565 2568 excommunicatur
2601 2519 2616 2565 :
2669 2520 2737 2565 ac
2771 2511 3062 2584 praeterea
3091 2505 3467 2590 quintnplum
3501 2527 3640 2590 per-

2010 2593 2206 2657 solvit.

2090 2685 2190 2746 70.
2238 2683 2350 2756 Qui
2380 2697 2550 2744 sacra
2595 2699 2734 2744 vasa
2763 2682 2820 2746 in
2862 2684 3135 2766 proprios
3164 2701 3306 2748 usus
3335 2683 3638 2766 transfert,

2006 2780 2374 2853 segregatur.
3567 2844 3576 2850 ,

2092 2862 2192 2924 7t.
2229 2862 2563 2944 Episcopus
2609 2878 2749 2923 reus
2799 2861 3010 2937 factus,
3043 2863 3094 2924 sl
3123 2865 3365 2926 vocatus
3393 2882 3513 2927 non
3538 2883 3644 2946 pa-

2006 2960 2159 3032 reat,
2195 2951 2287 3013 bis
2314 2958 2373 3013 et
2401 2959 2494 3013 ter
2525 2957 2762 3012 vocetur
2795 2967 2810 3013 :
2844 2951 2893 3012 si
2923 2968 3065 3014 vero
3096 2960 3460 3034 perseveret,
3494 2970 3641 3016 sen-

2009 3043 2253 3103 tentiam
2287 3040 2545 3122 synodus
2572 3038 2861 3120 proferat.

2087 3129 2185 3192 7?.
2235 3127 2564 3194 Haireticus
2593 3147 2712 3190 non
2753 3137 2992 3191 accusat
3041 3130 3410 3212 episcopum,
3444 3149 3645 3212 neque

1943 3264 1984 3316 α
2009 3219 2202 3316 fidelis
2230 3237 2410 3316 unus.

2094 3307 2188 3371 73.
2252 3309 2584 3390 Episcopus
2635 3306 2752 3369 vita
2809 3305 3128 3383 excedens,
3182 3307 3529 3392 episcopum
3580 3309 3642 3372 in

2011 3416 2183 3461 suum
2216 3398 2412 3461 locum
2445 3417 2564 3461 non
2597 3396 2900 3476 subrogat.

2095 3486 2192 3552 '14.
2225 3488 2486 3551 Claudus
2516 3495 2574 3550 et
2601 3487 2791 3551 altero
2834 3486 3006 3549 oculo
3037 3485 3320 3566 privatus,
3353 3487 3404 3549 si
3429 3486 3645 3570 dignus

2011 3579 2109 3652 sit,
2143 3578 2206 3639 fit
2235 3578 2574 3659 episcopus.

2092 3668 2188 3731 '75.
2237 3669 2444 3730 Caecus
2477 3674 2673 3729 tamen
2707 3673 2766 3726 et
2795 3663 3013 3726 surdus
3045 3683 3163 3727 non
3193 3665 3320 3728 fiet.

2086 3756 2190 3820 76.
2223 3757 2634 3819 Dmmoniacus
2663 3771 2782 3814 non
2815 3759 3121 3833 coaptatur
3153 3753 3213 3814 in
3243 3754 3492 3830 clerum,
3528 3774 3641 3820 ne-

2010 3864 2124 3928 que
2177 3864 2311 3906 cum
2361 3844 2495 3906 aliis
2541 3850 2710 3918 orat;
2765 3848 2896 3921 post
2946 3843 3357 3922 purgationem
3389 3861 3554 3922 vero,
3589 3846 3642 3906 si

2008 3935 2227 4014 dignus
2258 3935 2357 4014 sit,
2393 3934 2458 3994 fit
2487 3931 2765 3994 clericus.

2085 4026 2186 4085 '77.
2221 4023 2454 4084 Recens
2481 4021 2847 4082 illuminatus
2885 4038 3002 4081 non
3035 4026 3271 4081 creatur
3299 4020 3639 4104 episcopus,

2010 4132 2204 4194 neque
2236 4113 2336 4193 qui
2366 4129 2556 4192 nuper
2586 4130 2619 4171 a
2653 4111 2806 4171 malo
2839 4109 2972 4170 vitae
3009 4127 3230 4188 genere
3260 4111 3533 4176 recessit.

2087 4203 2186 4263 78.
2223 4202 2554 4280 Episcopus
2586 4199 2820 4279 negotia
2842 4197 3081 4280 publica
3110 4206 3388 4276 tractans,
3419 4201 3648 4282 episco-

2010 4300 2148 4373 patu
2183 4291 2462 4371 indignus
2493 4298 2604 4352 est.

2087 4381 2190 4442 79.
2226 4381 2447 4443 Servus
2475 4380 2535 4441 in
2568 4377 2796 4442 clerum
2846 4396 2964 4439 non
3013 4377 3320 4458 recipitur,
3354 4379 3456 4460 qui
3503 4397 3645 4443 vero

2011 4471 2225 4550 dignus
2257 4479 2370 4542 est,
2403 4469 2679 4532 libertate
2719 4467 2969 4529 donatus
3002 4476 3402 4547 promovetur.

2093 4561 2193 4621 80.
2232 4559 2524 4623 Sacerdos
2548 4557 2948 4638 magistratum
2981 4555 3214 4633 obiens,
3249 4557 3530 4640 profanus
3547 4557 3649 4621 ha-

1945 4635 2238 4714 I’heatur.
2651 4635 2669 4638 ἡ
2835 4683 2839 4688 τ

2089 4738 2191 4798 8t.
2223 4735 2333 4808 Qui
2360 4741 2762 4816 magistratum
2790 4732 3292 4814 etimperatorem
3325 4739 3533 4797 contra
3545 4736 3647 4816 jus

2011 4827 2218 4906 fasque
2249 4824 2611 4888 contumelia
2639 4823 2843 4904 afficit,
2879 4822 3222 4904 puniendus
3251 4830 3369 4884 est.

2090 4915 2192 4976 82.
2239 4913 2558 4992 Sexaginta
2589 4912 2878 4975 librorum
2910 4929 3100 4974 canon
3132 4918 3356 4973 tantum
3391 4929 3646 4975 venera-

2011 5005 2174 5067 tione
2203 5003 2418 5084 dignus
2449 5011 2560 5066 est.

2048 5111 2335 5192 Epitome
2390 5127 2696 5173 canonum
2750 5125 2998 5173 cccxvm
3066 5111 3323 5172 Patrum
3381 5106 3604 5170 Nicaeae

2583 5207 3068 5262 convocalorum.

2097 5308 2145 5368 1.
2199 5304 2473 5366 Eunuchi
2503 5308 2563 5365 in
2612 5304 2843 5366 clerum
2886 5304 3294 5386 recipiantur;
3352 5299 3454 5380 qui
3504 5316 3644 5361 vero

2010 5394 2242 5475 seipsos
2272 5401 2582 5470 exsecant,
2627 5411 2744 5454 non
2775 5393 3164 5474 recipiantur.

2091 5487 2152 5547 2.
2201 5484 2314 5558 Qui
2345 5503 2414 5545 ex
2447 5483 2652 5563 gentili
2683 5482 2798 5544 vita
2841 5483 3156 5562 prodeunt,
3211 5497 3286 5540 ne
3337 5475 3534 5539 statim
3567 5478 3642 5541 ad

2013 5575 2482 5656 presbyteratum
2508 5579 2993 5654 promoveantur,
3021 5587 3155 5630 nam
3185 5567 3408 5648 absque
3434 5567 3646 5648 proba-

2015 5666 2175 5727 tione
2222 5681 2355 5748 quae
2385 5681 2700 5744 progressu
2733 5660 3017 5744 temporis
3062 5659 3125 5722 fit
3155 5657 3524 5745 rejiciendus
3555 5669 3644 5728 est
