4128 6198
473 377 590 448 243
687 406 697 418 ι

1629 382 2015 444 SYMEONIS
2057 383 2111 442 Μ
2123 381 2682 446 ETAPHRAST/E.

3727 381 3842 445 244

472 521 831 602 neophytus.
867 519 928 583 Si
961 522 1094 600 quis
1127 528 1257 600 post
1307 518 1750 580 ordinationem
1795 516 2118 600 deliquisse

2236 515 2313 572 ίαν
2372 515 2684 593 ἁμαρτήσας
2732 513 3076 594 ἀποδειχθείη
3128 515 3158 583 ἢ
3216 515 3492 592 πρότερον,
3524 515 3559 582 ἢ
3603 514 3844 592 ὕστερον,

474 621 820 690 compertus
850 610 1027 672 fuerit
1056 610 1216 690 prius
1263 615 1364 670 aut
1395 616 1622 686 postea,
1672 607 1770 668 hic
1799 607 1960 670 clero
2007 627 2114 670 ex-

475 697 750 778 pellatur.

555 787 618 848 3.
652 787 1179 849 Subintroductam
1214 804 1292 850 ne
1320 786 1453 867 quis
1493 786 1729 864 habeat,
1755 797 1968 869 praeter
2000 808 2114 850 ma-

474 886 626 938 trem
658 884 758 938 aut
786 894 1085 952 sororem,
1119 894 1341 956 easque
1372 893 1679 956 personas,
1705 897 1836 958 quas
1875 897 2112 940 omnem

475 965 878 1047 suspicionem
913 965 1226 1042 effugiunt.

556 1056 618 1118 4.
651 1054 982 1134 Episcopus
1000 1060 1072 1117 ab
1096 1056 1378 1118 omnibus
1410 1056 1870 1136 provincialibus
1891 1059 2116 1119 constio

479 1144 704 1207 tuitur:
740 1145 832 1206 sin
872 1163 1036 1217 vero,
1091 1145 1301 1206 saltem
1349 1164 1383 1207 a
1439 1146 1653 1218 tribus,
1712 1147 1961 1227 reliquis
2012 1166 2120 1228 per

481 1233 714 1296 litteras
744 1235 1292 1297 consentientibus:
1331 1237 1688 1316 praecipuam
1735 1246 1930 1298 tamen
1975 1255 2118 1299 auc-

479 1323 776 1388 toritatem
809 1324 1315 1404 metropolitanus
1345 1323 1580 1386 habeat.

559 1414 618 1477 5.
655 1413 770 1486 Qui
801 1413 874 1474 ab
905 1413 1038 1474 aliis
1061 1414 1564 1476 excommunicati
1594 1425 1752 1495 sunt,
1790 1416 1863 1477 ab
1895 1416 2027 1477 aliis
2048 1434 2122 1477 ne

476 1502 912 1582 suscipiantur,
946 1510 1339 1583 prmterquam
1374 1504 1423 1564 si
1461 1513 1703 1582 prapter
1731 1505 2122 1584 pusillanimi-

479 1600 682 1672 tatem,
713 1600 813 1653 aut
843 1595 1313 1664 contentionem,
1362 1602 1462 1654 aut
1505 1593 1644 1673 quid
1675 1595 1970 1674 ejusmodi
2014 1613 2123 1656 ex-

479 1680 942 1742 communicatio
976 1681 1124 1742 facta
1153 1681 1355 1745 fuerit.

561 1769 621 1832 6.
669 1769 1110 1832 Alexandrinus
1173 1772 1490 1849 episcopus
1546 1790 1728 1850 super
1784 1773 2120 1852 Egyptum,

2200 604 2349 671 οὗτος
2393 606 2679 662 πεπαύσθω
2710 612 2803 662 τοῦ
2835 603 3056 684 κλήρου,

2281 785 2356 860 γ’.
2435 785 2785 842 Ἐπείσακτον
2844 785 3013 858 μήτις
3072 783 3270 863 ἇχέτω,
3333 785 3532 858 μητρὸς
3592 780 3740 862 δίχα,
3808 782 3843 850 ἢ

2199 872 2454 951 ἀδελφῆς,
2487 876 2574 930 καὶ
2629 874 2735 929 τῶν
2791 873 3088 952 φροσώπων
3135 874 3167 928 ἃ
3200 879 3373 930 πᾶσαν
3416 872 3644 948 ὑποψίαν
3701 873 3840 928 ἀπο-

2199 961 2486 1041 διδράσκει.

2283 1050 2350 1110 δ’.
2397 1053 2724 1116 Ἐπίσκοπος
2769 1053 2870 1109 ὑπὸ
2923 1054 3131 1111 πάντων
3181 1054 3284 1106 τῶν
3325 1054 3680 1131 ἐπαρχιωτῶν
3710 1053 3842 1106 καθ-

2205 1142 2433 1201 ίσταται.
2497 1144 2554 1199 Εἰ
2603 1140 2658 1197 δὲ
2697 1144 2797 1219 μὴ,
2844 1142 2974 1207 τέως
3015 1145 3198 1219 τριὼν,
3241 1146 3344 1196 τῶν
3401 1139 3703 1198 ὑπολοίπων
3761 1136 3845 1193 8ιά

2206 1232 2533 1309 γραμμάτων
2605 1232 2900 1306 γινομένων
2943 1231 3267 1309 συμψήφων·
3340 1231 3400 1286 τὸ
3457 1231 3639 1304 μέντοι
3710 1227 3842 1295 κρά-

2205 1343 2293 1382 τος
2327 1323 2354 1376 6
2398 1319 2802 1399 μητροπολίτης
2831 1321 3028 1401 ἐχέτω.

2287 1409 2352 1468 ε’.
2416 1412 2475 1468 0i
2519 1409 2586 1466 δι’
2648 1411 2840 1487 ἑτέρων
2899 1410 3292 1490 ἀφοριζόμενοι,
3354 1405 3438 1486 ὑφ’
3513 1407 3704 1485 ἑτέρων
3772 1407 3850 1482 μὴ

2206 1497 2707 1579 προσδεχζσθωσαν,
2775 1499 2916 1565 πλην
2976 1501 3018 1555 εἱ
3083 1500 3161 1572 μὴ
3226 1497 3310 1555 διὰ
3367 1498 3752 1576 μικροψυχίαν,
3817 1497 3851 1564 ἢ

2207 1589 2554 1667 φιλονεικίαν,
2588 1588 2622 1655 ἤ
2653 1611 2702 1644 τι
2735 1599 2977 1648 τοιοῦτον
3009 1591 3035 1643 6
3066 1589 3351 1666 ἀγορισμὸς
3383 1587 3620 1663 γέγονεν.

2285 1678 2390 1752 ς’.
2459 1679 2740 1755 Αἰγύπτου,
2802 1679 2893 1734 καί
2956 1676 3174 1756 Λιϐύης,
3227 1679 3312 1732 καὶ
3371 1676 3777 1749 Πενταπόλεως,
3825 1677 3853 1729 6

2209 1766 2576 1844 Ἀλεξανδρεὺς
2651 1767 2829 1847 ἐχετω
2895 1768 2989 1834 την
3061 1767 3315 1832 ἐξουσίαν·
3395 1767 3478 1823 καὶ
3548 1767 3574 1821 6
3638 1765 3852 1838 Ῥώμης

476 1857 742 1938 Libyam,
796 1867 855 1919 et
900 1858 1271 1938 Pentapolim
1331 1869 1685 1939 potestatem
1743 1860 2009 1923 habeat:
2067 1869 2119 1922 et

2237 1863 2311 1912 ὡν
2355 1859 2454 1913 ὑπὸ
2504 1856 2746 1936 Ῥώμην,
2799 1858 2889 1914 καὶ
2929 1859 2977 1913 oi
3017 1856 3070 1912 ἐν
3129 1855 3452 1934 Ἀντιοχείᾳ,
3489 1855 3574 1910 καὶ
3630 1857 3675 1910 oi
3732 1854 3850 1910 λοι-

478 1950 786 2009 Bomanus
820 1965 1003 2027 super
1032 1965 1136 2009 eos
1168 1948 1268 2027 qui
1302 1951 1506 2010 Romae
1531 1949 1751 2011 subditi
1783 1959 1939 2011 sunt.
1976 1953 2120 2012 Item

478 2036 914 2110 Antiochenus,
943 2036 1161 2116 aliique
1192 2055 1374 2118 super
1404 2037 1519 2098 sibi
1560 2037 1889 2118 subjectos.

481 2133 488 2139 '
564 2127 616 2185 '7.
665 2124 890 2205 Siquis
941 2126 1259 2206 episcopus
1315 2126 1465 2187 citra
1527 2126 1699 2206 primi
1760 2130 2118 2189 sententiam

476 2223 710 2279 creatus
739 2215 947 2295 fuerit,
970 2233 1046 2276 ne
1078 2214 1155 2275 sit
1188 2215 1528 2294 episcopus.
1568 2215 1880 2278 Multorum
1918 2219 2123 2279 suﬂ‘ra-

479 2305 576 2385 gio
607 2303 940 2366 secundum
971 2323 1264 2364 canonem
1300 2304 1415 2365 lato
1438 2305 1488 2365 si
1520 2314 1640 2366 tres
1661 2305 1846 2386 aliqui
1879 2315 2121 2368 contra-

479 2394 711 2467 dicunt,
743 2411 950 2455 eorum
984 2393 1282 2454 sententia
1312 2393 1482 2454 irrita
1513 2393 1610 2456 sit.

557 2483 620 2546 8.
663 2483 996 2562 Episcopus
1026 2481 1195 2544 Elia:
1227 2482 1575 2562 honoretur,
1613 2491 1844 2546 servata
1892 2493 2119 2546 metro-

479 2570 601 2652 poli
631 2571 922 2650 dignitate
952 2590 1082 2635 sua.

559 2661 619 2722 9.
666 2658 944 2723 Haeretici
967 2660 1227 2735 Cathsri,
1261 2660 1321 2722 id
1351 2669 1441 2722 est
1474 2663 1608 2741 puni
1642 2663 1781 2724 dicti
1821 2663 2122 2725 acceden-

480 2757 570 2812 tes
594 2753 854 2830 primum
889 2751 1281 2831 proﬁteantur
1311 2769 1378 2812 se
1399 2750 1682 2814 Ecclesia:
1715 2752 2124 2814 {unctionibus

478 2856 862 2912 assensuros,
919 2859 988 2902 ac
1045 2859 1178 2902 cum
1239 2839 1490 2916 bigamis
1555 2842 2120 2915 communicaturos,

479 2926 789 3006 lapsisque
820 2928 1052 2990 veniam
1089 2928 1522 3008 impertituros.
1556 2933 1640 2990 Ac
1665 2930 1714 2990 si
1738 2931 1839 3007 qui
1867 2931 2120 2992 ordinati

477 3016 882 3097 reperiantur,
907 3019 1027 3080 sint
1049 3017 1110 3078 in
1133 3016 1346 3078 eodem
1364 3017 1600 3097 ordine,
1627 3018 1886 3098 exempli
1912 3019 2120 3099 gratia,

481 3104 584 3186 qui
617 3123 756 3167 vere
789 3116 879 3166 est
908 3105 1245 3186 episcopus,
1280 3104 1357 3166 sit
1405 3104 1724 3185 episcopus
1759 3127 1771 3163 :
1827 3108 1931 3182 qui
1983 3125 2122 3169 vero

478 3191 634 3272 apud
667 3193 953 3256 Catharos
981 3203 1071 3257 est
1115 3195 1451 3273 episcopus,
1503 3193 1578 3254 sit
1630 3194 2119 3276 cborepiscopus,

480 3282 574 3345 vel
605 3283 934 3364 presbyteri
964 3291 1064 3345 aut
1087 3283 1356 3363 episcopi
1385 3281 1618 3344 honore
1671 3283 1948 3362 gaudeat.
1999 3284 2120 3348 Ne-
2141 3276 2150 3293 “
2169 3276 2184 3297 ⁸

479 3390 595 3452 que
625 3374 783 3434 enim
815 3372 932 3435 duo
964 3379 1140 3434 erunt
1173 3371 1233 3432 in
1265 3387 1384 3432 una
1414 3371 1564 3433 urbe
1595 3374 1888 3453 episcopi.

559 3461 658 3522 Η).
699 3461 812 3535 Qui
837 3462 968 3523 sine
987 3459 1426 3523 examinatione
1456 3459 1830 3539 ordinantur,
1869 3463 1920 3523 si
1951 3462 2124 3525 dein-

477 3568 618 3630 ceps
648 3550 846 3612 delicti
874 3556 1221 3629 arguantur,
1256 3566 1291 3610 e
1320 3547 1506 3628 gradu
1539 3547 1958 3612 deturbentur.

559 3639 659 3703 11.
693 3638 1045 3719 Quicunque
1099 3656 1171 3698 ex
1229 3638 1411 3717 lapsis
1470 3636 1735 3701 ordinati
1793 3649 1951 3714 sunt,
2016 3658 2121 3720 per

478 3729 880 3809 ignorantiam
913 3737 1015 3790 aut
1044 3725 1580 3789 dissimulationem
1613 3745 1822 3790 eorum
1871 3730 1973 3808 qui
2018 3749 2121 3791 eos

478 3818 852 3894 ordinarunt,
885 3818 1283 3898 deponantur.

558 3907 658 3970 12.
702 3908 818 3983 Qui
847 3908 980 3970 sine
1017 3907 1380 3969 necessitate
1411 3906 1762 3985 transgressi
1811 3915 1971 3980 sunt,
2007 3907 2117 3968 etsi

475 3998 649 4059 venia
677 3998 798 4058 sint
823 3997 1074 4075 indigni,
1111 3997 1340 4059 veniam
1373 4005 1572 4058 tamen
1609 3997 1863 4076 aliquam
1899 4014 2114 4059 conse-

477 4086 599 4147 cuti
629 4085 941 4146 duodecim
974 4103 1162 4146 annos
1193 4103 1326 4147 sese
1356 4084 1730 4147 submittant.

558 4175 656 4237 13.
693 4173 804 4244 Qui
827 4173 941 4234 vim
968 4173 1124 4252 passi
1145 4192 1214 4234 ac
1246 4175 1536 4236 restitisse
1562 4174 1670 4234 visi
1692 4181 1866 4234 sunt:
1899 4173 2114 4234 deinde

2208 1949 2295 2003 ποὶ
2325 1947 2432 2003 τῶν
2461 1947 2666 2003 οἰκείων
2677 1994 2689 2007 .

2285 2123 2356 2194 ζ’.
2413 2124 2479 2182 Εἴ
2506 2145 2588 2188 τις
2631 2123 2684 2180 δὲ
2717 2123 3002 2188 ἐπίσκοπος
3055 2129 3153 2188 τῆς
3187 2132 3277 2180 του
3335 2123 3540 2200 πρώτου
3569 2119 3694 2201 δίχα
3751 2123 3852 2198 γέ-

2207 2236 2362 2280 νηται
2419 2214 2666 2293 γνώμης,
2699 2215 2776 2288 μὴ
2836 2213 2974 2270 ἔστω
3007 2213 3318 2278 ἐπίσκοπος’
3383 2213 3468 2268 ἐπὶ
3508 2210 3560 2267 δὲ
3592 2212 3687 2279 την
3745 2218 3854 2267 τῶν

2206 2303 2422 2360 πολλῶν
2494 2305 2674 2382 ψῆφον
2709 2304 2995 2380 γινομένην
3049 2303 3184 2359 κατὰ
3228 2302 3446 2376 κανόνα,
3479 2303 3522 2357 εἰ
3558 2314 3704 2376 τρεῖς
3755 2323 3853 2356 τι-

2206 2414 2289 2456 νες
2320 2391 2674 2468 ἀντιλέγοιεν,
2707 2392 2821 2448 εἷεν
2852 2389 3114 2454 ἀϐέϐαιοι,

2284 2479 2366 2546 η’.
2432 2480 2492 2538 Ὀ
2541 2479 2829 2544 ἐπίσκοπος
2903 2479 3081 2545 Αἱλίας
3124 2480 3390 2556 τιμάσθω,
3449 2478 3750 2554 σωζομένου
3788 2483 3858 2554 τῇ

2206 2568 2535 2646 μητροπόλει
2565 2577 2659 2626 τοὺ
2689 2569 3200 2642 οὸτῆς’ἀξιώματος.

2282 2658 2350 2717 θ’.
2416 2661 2474 2716 Oi
2508 2657 2729 2737 καθαροῖ
2788 2659 3238 2738 προσερχόμενοι,
3285 2663 3492 2736 πρῶτον
3563 2655 3852 2732 ὁμολογεί-

2207 2771 2402 2820 νωσαν,
2466 2746 2544 2805 ὅτι
2615 2750 2960 2818 συνθήσονται
3029 2761 3144 2810 τοῖς
3206 2747 3302 2814 τῆς
3375 2745 3697 2813 Ἐκκλησίας
3767 2750 3857 2801 θε-

2208 2850 2389 2906 σμοῐς⁹
2470 2839 2563 2894 καί
2623 2838 3002 2906 κοινωνήσωσι
3059 2834 3342 2915 διγάμοις,
3405 2838 3490 2892 καὶ
3558 2837 3854 2914 συγχωρή-

2206 2949 2356 2985 σουσι
2411 2931 2529 2988 τοῖς
2585 2928 2914 2984 πεπτωκόσι⁶
2994 2927 3086 2982 καί
3158 2927 3319 2990 οὕτως
3383 2927 3431 2982 oi
3488 2925 3853 3002 εὑρισκόμενοι

2206 3016 2709 3095 κεχειροτονημένοι
2769 3017 2822 3072 ἐν
2862 3023 2936 3090 τῷ
2981 3019 3119 3089 οὒτῷ
3170 3017 3420 3093 τάγματι.
3471 3015 3628 3085 Οἶον,
3663 3016 3690 3070 6
3750 3013 3852 3088 μὲν

2209 3107 2394 3182 κυρίως
2438 3105 2745 3183 ἐπίσκοπος,
2805 3106 2897 3172 ε’ίη
2958 3105 3268 3168 ἐπίσκοπος⁸
3338 3106 3365 3160 ὁ
3425 3101 3478 3158 δὲ
3533 3103 3671 3173 παρά
3730 3116 3852 3167 τοῖς

2207 3199 2460 3269 καθαροῖς
2501 3195 2814 3269 ἐπίσκοπος,
2875 3196 2908 3264 ἢ
2952 3195 3360 3274 χωρεπίσγοπος
3415 3194 3585 3265 ἔσται,
3617 3193 3653 3261 ἢ
3715 3214 3854 3269 πρε-

2207 3281 2456 3362 σϐυτέρου
2523 3285 2711 3358 τιμὴν,
2783 3285 2818 3352 ἢ
2897 3284 3184 3342 ἐπίσκόπου
3237 3283 3534 3353 κεκτήσθω.
3595 3285 3668 3340 O6
3751 3283 3856 3359 γὰρ

2208 3373 2413 3430 ἔσονται
2444 3370 2531 3429 δύο
2562 3375 2634 3436 είς
2666 3374 2790 3447 μίαν
2817 3373 2972 3431 πόλιν
3017 3373 3318 3430 ἐπίσκοποι.

2289 3461 2346 3524 ι’.
2381 3466 2442 3520 Oi
2487 3460 2842 3528 ἀνεξετάστως
2900 3463 3387 3543 χειροτονούμενοι,
3423 3464 3466 3518 εἰ
3517 3461 3634 3529 ἐξῆς
3693 3460 3854 3539 ἐλέγ-

2205 3573 2397 3631 χοιντο
2427 3550 2506 3606 ὅτι
2539 3550 2798 3628 ἥμαρτον,
2836 3550 2973 3608 οὕτω
3016 3551 3423 3612 πεπαύσθωσαν,

2282 3641 2376 3698 ια’.
2441 3641 2500 3697 Oi
2538 3643 3019 3718 παραπεπτωκότες
3073 3639 3108 3706 ἢ
3164 3640 3371 3718 ἀγνοίᾳ,
3405 3640 3438 3707 ἢ
3494 3639 3685 3716 γνώσει
3744 3644 3853 3694 τῶν

2201 3730 2722 3807 χειροτονησάντων,
2755 3728 3140 3807 προαχθέντες,
3175 3729 3642 3806 καθαιρείσθωσαν.

2283 3905 2377 3982 ιβ’.
2439 3906 2594 3964 Ὅσοι
2629 3907 2794 3985 χωρὶς
2851 3908 3088 3985 ἀνάγκης
3120 3904 3454 3983 παρέϐησαν,
3489 3907 3531 3962 εἱ
3582 3907 3677 3962 καί
3709 3929 3849 3984 συγ-

2199 3996 2420 4072 γνώμης
2470 3999 2603 4064 ἦσαν
2647 3994 2899 4068 ἀνάξοιοι,
2935 3997 3256 4074 συγγνώμης
3313 3998 3455 4059 τινὸς
3513 3995 3834 4070 ἀξιούμενοι,

2197 4083 2397 4140 δώδεκα
2428 4084 2522 4152 ἔτη
2566 4085 3025 4142 ὓποπιπτέτωσαν.

2278 4171 2374 4249 ιγ’.
2439 4177 2496 4231 Oi
2553 4175 2856 4249 βιαζόμενοι
2918 4177 3003 4230 καὶ
3063 4173 3302 4240 δόξαντες
3341 4175 3671 4247 ἀντιστῆναι,
3719 4189 3844 4231 εῖτα

478 4261 770 4343 impietati
827 4271 1264 4323 consenserunt
1315 4279 1384 4322 ac
1446 4262 1848 4340 resipuerunt,
1901 4261 2111 4323 decem

2238 4263 2544 4336 αταθέμενοι
2630 4270 2696 4338 τῇ
2768 4261 2978 4336 ἀσεϐείᾳ
3013 4311 3028 4337 ,
3104 4265 3190 4319 καὶ
3271 4264 3840 4341 ἀναστρατευσάμενοι,

479 4369 667 4414 anuos
699 4347 1321 4412 excommunicantur.
1356 4349 1870 4411 Considerandum
1920 4359 2008 4410 est
2055 4351 2116 4410 in

2236 4352 2467 4407 εκαετίαν
2526 4351 2970 4429 ἀφοριζέσθωσαν.
3043 4353 3358 4419 Σποπητέον
3409 4352 3463 4408 δὲ
3535 4353 3614 4432 ἐφ’
3675 4355 3844 4410 ἅπασι

477 4441 761 4503 omnibus
791 4440 1150 4521 poenitentiae
1181 4455 1395 4518 genus.
1428 4439 1516 4500 Ac
1570 4437 1621 4498 si
1673 4439 1721 4498 is
1751 4439 1850 4517 qui
1887 4455 2115 4516 pugnam

2236 4438 2438 4505 ὸεῖδος
2495 4446 2590 4509 τῆς
2645 4443 2948 4516 μετανοίας⁶
2993 4443 3087 4498 καῖ
3143 4443 3468 4521 θερμοτὲρως
3527 4445 3623 4517 μὲν
3669 4465 3845 4518 μετα·-

475 4530 748 4610 suscipit,
804 4529 1222 4591 ferventiorem
1255 4546 1320 4590 se
1350 4527 1410 4588 in
1445 4524 1787 4607 pmnitendo
1817 4527 2115 4607 ostendat,

475 4620 802 4682 humanius
833 4637 968 4680 cum
1005 4637 1078 4680 eo
1107 4629 1239 4698 agat
1291 4616 1609 4698 episcopus
1651 4635 1664 4678 :
1699 4616 1746 4676 si
1777 4634 1912 4679 vero
1945 4616 2114 4696 frigi-

476 4707 736 4788 diorem,
770 4708 1061 4770 severius.
1147 4787 1150 4790 ἢ

556 4798 658 4858 44.
694 4797 807 4870 Qui
835 4796 951 4858 vita
980 4796 1296 4875 excedunt,
1346 4795 1808 4858 communicent.
1862 4797 1922 4857 Si
1975 4815 2113 4858 vero

475 4888 612 4964 quis
637 4885 902 4967 ipsorum
936 4885 1332 4960 convalescat,
1367 4885 1442 4947 sit
1471 4904 1603 4946 cum
1637 4884 1712 4948 iis
1743 4892 1965 4946 tantum
2010 4887 2111 4962 qui

476 4974 766 5038 orationis
793 4983 931 5036 sunt
962 4975 1307 5056 participes.

554 5066 656 5128 15.
703 5065 764 5127 Si
818 5065 949 5144 quis
999 5066 1470 5128 catechumenus
1515 5063 1712 5143 lapsus
1761 5063 1963 5134 fuerit,
2016 5065 2112 5126 hic

475 5165 599 5217 tres
629 5171 818 5216 annos
861 5152 1065 5216 audiat
1104 5153 1287 5234 idque
1314 5153 1506 5216 solum
1546 5175 1560 5214 :
1597 5151 1815 5214 deinde
1847 5171 1978 5213 cum
2011 5173 2108 5215 ca-

476 5241 856 5318 techumepis
885 5252 1036 5304 oret.

554 5334 659 5399 16.
691 5334 780 5396 Ex
811 5331 959 5395 urbe
1001 5332 1061 5394 in
1093 5333 1301 5396 urbem
1335 5352 1530 5414 neque
1552 5332 1889 5413 episcopus,
1922 5351 2116 5410 neque

475 5423 806 5504 presbyter,
837 5440 1036 5503 neque
1064 5421 1357 5486 diaconus
1379 5425 1612 5501 migret.
1651 5421 1958 5501 Siquidem
1987 5439 2114 5481 rur-

475 5527 578 5570 sus
604 5512 994 5574 restituentur
1021 5513 1294 5576 ecclesiis
1318 5513 1376 5574 in
1409 5510 1628 5592 quibus
1670 5510 1929 5572 ordinati
1953 5518 2109 5569 sunt.

555 5685 652 5749 17.
685 5685 982 5768 Quotquot
1014 5689 1344 5771 presbyteri
1377 5699 1434 5753 et
1465 5687 1702 5751 diaconi
1734 5685 1805 5748 ab
1855 5685 2113 5748 ecclesia

2143 4605 2421 4696 ι)πότερον
2494 4622 2521 4676 6
2579 4619 2865 4685 ἐπίσκοπος
2925 4619 3250 4678 διατιθέσθω·

2203 4527 2526 4604 μελουμένου
2599 4538 2693 4588 τοῦ
2755 4529 3034 4604 δεξαμένου
3079 4533 3138 4588 τὺ
3193 4533 3478 4607 ἐπιτίμιον,
3540 4533 3842 4610 φιλανθρω-

3336 4622 3702 4700 ψυχροτέρως,
3765 4619 3838 4694 δὲ,

2200 4705 2634 4786 δραστικώτερον.

2280 4797 2372 4858 ιδ’.
2420 4801 2478 4856 Oi
2527 4796 2884 4873 ἒξοδευόμενοι
2931 4799 3370 4858 κοινωνείτωσαν’
3407 4801 3451 4855 εἶ
3506 4798 3560 4855 δέ
3611 4822 3689 4863 τις
3749 4802 3838 4857 αὖε

2195 4891 2300 4943 τών
2357 4889 2582 4965 ὑγιάνοι,
2615 4887 2752 4945 ἔστω
2811 4891 2945 4963 μετά
3003 4896 3108 4945 τῶν
3163 4894 3258 4954 τῆς
3307 4888 3474 4968 six/ﬁ;
3506 4891 3837 4946 κοινωνούν-

2193 4999 2320 5049 των,
2355 4979 2440 5033 καὶ
2471 4977 2656 5049 μόνον.

2277 5066 2363 5124 ιε’.
2438 5065 2504 5123 Εἴ
2561 5089 2641 5132 τις
2712 5068 3074 5144 παραπέσοιτο
3148 5069 3576 5146 κατηχούμενος,
3650 5071 3837 5124 οὑτωσὶ

2195 5157 2358 5228 τρισὶν
2415 5155 2586 5211 ἔτεσιν
2629 5157 2926 5236 ἀκροάσθω,
2987 5160 3072 5215 καὶ
3128 5157 3312 5234 μόνον’
3375 5162 3493 5214 εἶτα
3541 5160 3676 5234 μετά
3733 5162 3834 5216 τῶν

2195 5245 2619 5324 κατηχουμένων
2649 5247 2908 5326 εὖχέσθω,

2363 5334 2376 5355 9
2464 5333 2478 5357 ’
2647 5336 2657 5356 Ι
2858 5337 2871 5356 9
3009 5339 3017 5355 Ι
3327 5337 3336 5346 ⁸
3397 5338 3408 5358 Ι

2278 5335 2402 5407 ις’.
2486 5343 2558 5392 Εκ
2589 5336 2796 5401 πολέως
2831 5357 2904 5400 εις
2951 5336 3105 5393 πολιν
3153 5339 3290 5410 μήτε
3321 5359 3631 5411 επισκοπος,

2197 5424 2567 5501 πρεσϐύτερος,
2657 5427 2793 5500 μήτε
2873 5423 3112 5484 διάκονος
3226 5425 3588 5500 μεταϐαινέτω
3626 5444 3638 5457 ·
3728 5427 3839 5483 ἔπεὶ

2197 5511 2357 5567 πάλιν
2401 5511 2819 5583 ἀποδοθήσονται
2878 5529 2996 5578 ταῖς
3041 5514 3350 5582 ἐκκλησίαις
3411 5517 3464 5570 ἐν
3498 5516 3588 5581 αἶς
3646 5538 3835 5596 κεχει-

2197 5602 2530 5679 ροτόνηνται,

2278 5690 2366 5761 ιζ’.
2425 5690 2580 5748 Ὅσοι
2640 5691 2976 5768 πρεσϐύτεροι
3049 5694 3134 5747 καὶ
3181 5689 3411 5750 διάκονοι
3466 5695 3561 5760 της
3629 5693 3832 5761 ἐκκληφ

3696 5340 3836 5412 μήτε

3728 5427 3750 5444 ν
3821 5430 3833 5444 ς
