4128 6198
292 392 432 459 245
1607 404 1940 468 ΕΡΙΤΟΜΕ

2054 406 2395 471 ANONUM.
3573 411 3692 479 246

292 527 444 593 σίας
498 531 973 614 ἀναχωρήσουσιν,
1020 532 1230 591 ἅδεκτοι
1298 536 1371 600 εἰς
1442 535 1622 612 ἑτέρας
1682 537 1950 606 ἐκκλησίαι

2054 541 2435 618 recesserint,
2491 541 2552 602 in
2601 542 2751 604 alias
2798 542 3087 607 ecclesias
3129 563 3248 608 non
3277 543 3691 629 recepiuntur,

292 621 656 697 γενήσονται,
692 620 791 685 ἔως
853 622 1244 702 ἐπιστρέψωσιν
1291 626 1365 689 είς
1420 626 1515 690 τὰς
1565 627 1766 682 ἑαυτῶν
1823 650 1950 706 παρ-

2054 644 2251 689 verum
2284 629 2358 690 ad
2389 648 2526 691 suas
2552 630 2841 710 parcecias
2870 642 3272 697 revertantur.
3307 633 3370 699 Si
3392 620 3525 718 q'uis
3551 620 3691 700 vero

295 710 509 801 οικίας·
565 712 609 767 εί
653 710 708 767 δέ
750 734 830 773 τις
878 713 969 769 τὸν
1016 713 1177 791 ἑτέρῳ
1237 712 1548 793 διαφέροντα
1590 719 1946 795 χειροτονήσο

2054 733 2186 778 eum
2238 718 2379 794 quid
2434 718 2507 780 ad
2566 718 2747 783 alium
2808 720 3088 801 pertinet,
3141 710 3500 788 ordinaverit
3544 726 3696 789 citra

294 795 441 877 δίχα
485 802 708 877 γνώμης
757 801 848 858 to;
906 803 1099 863 οἰκείου
1137 802 1451 879 ἐπισκόπου,
1516 802 1703 883 ἄκυρος
1745 808 1779 875 ἡ
1838 828 1950 887 χει-

294 889 552 945 οοθεσίαι

2054 806 2407 868 sententiam
2442 806 2669 888 proprii
2699 795 2992 891 episcOpi,
3023 795 3190 874 irrita
3222 813 3337 877 erit
3367 812 3689 881 ordinatio.

292 908 523 964 ρουεσια
537 914 552 945 ι

393 978 507 1045 ιη’.
556 981 625 1038 Εἴ
667 1004 742 1042 τις
797 982 989 1045 τόκους
1020 980 1056 1049 ἢ
1101 979 1342 1057 ὀμιολίας
1375 979 1657 1056 λαμϐάνει,
1691 983 1950 1063 ἀλλότριοι

2054 1070 2097 1073 _
2137 984 2230 1045 18.
2280 983 2339 1046 Si
2371 983 2506 1073 quis
2541 1002 2754 1048 usuras
2787 994 2888 1048 aut
2917 988 3258 1070 sescuplum
3290 989 3545 1071 accipiat
3562 1000 3693 1073 post

292 1067 459 1125 ἔσται
523 1071 659 1144 μετὰ
718 1072 815 1127 τὸν
872 1070 989 1151 ὅρον
1039 1078 1227 1129 τοῦτον
1285 1071 1380 1139 τῆς
1437 1069 1789 1155 Ἐκκλησίας,
1833 1078 1950 1132 καθ·

2054 1070 2337 1135 Ecclesiae
2366 1072 2956 1152 determinatiouem,
2990 1067 3275 1159 tanquam
3299 1067 3532 1143 alienus
3562 1067 3691 1143 ’ἀο-

296 1158 657 1235 αιρούμενος,

385 1246 483 1308 ιθ’.
532 1250 591 1305 Οἱ
663 1245 896 1305 διάκονοι
970 1261 1090 1311 τοῖς
1150 1246 1294 1313 ἰδίοις
1341 1248 1555 1327 μέτροις
1627 1250 1955 1331 μενέτωσαν,

301 1334 454 1409 μηδὲ
526 1337 686 1410 μέσον
744 1337 1107 1416 πρεσῖυτέρων
1164 1340 1584 1409 καθεζέσθωσαν·
1647 1340 1788 1418 παρὰ
1853 1363 1960 1397 κα-

299 1428 441 1482 νόνα
499 1428 600 1503 γὰρ
658 1427 752 1483 καί
813 1426 1025 1492 ἀταξίαν
1085 1425 1190 1505 [ἶ’ς,
1266 1425 1530 1505 εὐταξίαν]
1586 1426 1748 1504 ἐστὶν,
1798 1426 1853 1484 εἷ’
1908 1451 1959 1484 τι

292 1521 547 1571 τοιοῦτον
578 1518 667 1572 καὶ
693 1516 921 1592 γένοιτο,

385 1603 474 1666 κ’,
523 1607 581 1662 Οἱ
646 1603 984 1661 Παυλικιανοὶ
1044 1604 1504 1677 ἆναϐαπτίζονται⁶
1567 1608 1653 1662 καὶ
1709 1606 1762 1662 εἴ
1822 1627 1960 1667 τινες

295 1691 556 1766 κληρικοὶ
632 1693 901 1768 ἄμεμπτοι
945 1692 1232 1750 δείκνυνται
1296 1692 1769 1760 ἆναϐαπτισθέντες
1829 1716 1958 1773 χει-

296 1783 747 1855 ροτονείσθωσαν⁶
844 1783 887 1837 εἰ
970 1780 1023 1837 δὲ
1121 1783 1200 1855 μὴ
1286 1782 1556 1857 ἄμεμπτοι
1641 1784 1955 1858 δεικνυνται,

2092 1174 2325 1224 onatur.

2092 1180 2325 1224 onatur.

2055 1180 2088 1242 ρ
2126 1252 2223 1314 19.
2275 1252 2521 1314 Diaconi
2562 1253 2621 1313 in
2671 1253 2795 1315 suis
2827 1255 3103 1318 terminis
3135 1265 3438 1334 maneant,
3492 1275 3691 1337 neque

2044 1339 2202 1402 inter
2233 1340 2609 1421 presbyteros
2640 1341 2925 1418 sedeant;
2980 1362 3114 1406 nam
3148 1355 3355 1409 contra
3398 1365 3687 1410 canonem

2044 1435 2103 1489 et
2133 1429 2447 1491 decentem
2485 1429 2759 1493 ordinem
2794 1441 2904 1507 est,
2938 1432 2989 1495 si
3020 1433 3161 1515 quid
3194 1435 3310 1498 tale
3361 1435 3688 1516 contingat.

2128 1606 2227 1668 20.
2278 1608 2655 1670 Paulianistaa
2705 1609 2902 1672 denuo
2949 1608 3322 1691 baptizantur
3354 1634 3369 1672 :
3404 1630 3474 1675 ac
3502 1613 3689 1694 siqui

2042 1695 2246 1757 clerici
2269 1696 2834 1777 irreprehensibiles
2852 1699 3318 1779 comperiantur,
3340 1700 3688 1782 rebaptizati

2043 1783 2423 1859 ordinentur,
2451 1785 2565 1847 nisi
2595 1803 2735 1848 vero
2764 1785 3329 1866 irreprebensibiles
3353 1788 3686 1864 videantur,

297 1872 777 1946 καθαιρεὶιθωσαν.
868 1872 927 1925 Δί
998 1867 1051 1924 δὲ
1123 1868 1451 1927 διακόνισσαι
1520 1869 1950 1949 ἐξαπατηθεῖσαι,

2054 1870 2439 1950 deponantur.
2478 1872 2843 1936 Diaconissae
2875 1873 3168 1956 deceptae.
3202 1877 3688 1958 quandoquidem

295 1957 421 2014 ἐπεὶ
466 1962 543 2032 μὴ
589 1962 917 2039 χειροτονίας
953 1959 1300 2039 μετέχουσιν,
1343 1963 1397 2016 ἓν
1443 1974 1559 2027 τοῖς
1590 1960 1809 2026 λα“ικοϊς
1866 1960 1955 2027 ἐξ·

292 2049 691 2119 ετιζέσθωσον,

378 2135 498 2198 ια’.
549 2137 639 2193 Ἐν
694 2148 817 2198 ταῖς
854 2147 1142 2215 Κυριακαϊς
1204 2136 1264 2192 οὔ
1294 2136 1409 2195 δέον
1470 2138 1652 2195 κλῖναι
1684 2140 1743 2196 τὸ
1801 2140 1950 2218 γόνυ,

292 2223 423 2281 ἀλλ’
449 2225 637 2301 ὀρθοὺς
673 2226 913 2303 ίόρθίους]
946 2226 1197 2306 εὔχεσθαι
1241 2227 1362 2293 τοὺς
1396 2228 1721 2306 ἀνθρώπους.

290 2330 604 2407 Ἐπιστομὴ
667 2331 907 2388 κανόνων
969 2338 1076 2388 τῶν
1139 2332 1192 2388 ἐν
1259 2334 1815 2393 Κωνσταντινουπόλιι
1874 2336 1950 2412 ρν’

869 2413 902 2467 ἆ
913 2412 1033 2490 τίων
1094 2418 1205 2468 Πατ
1214 2411 1364 2490 ἕρων,

375 2516 453 2577 α’.
518 2505 582 2573 Ἠ
613 2516 752 2574 κατὰ
811 2516 1033 2574 Νίκαιαν
1081 2518 1289 2580 πίστοις
1315 2518 1594 2594 κρατείτω
1641 2518 1708 2575 τὰ
1750 2517 1804 2575 δὲ
1847 2526 1953 2576 τῶν

290 2604 549 2682 αἱρέσεων
581 2607 642 2662 τό
674 2605 934 2680 ἀνάθεμα.

373 2693 455 2772 β’.
514 2686 824 2773 ’Υπερόριος
880 2695 952 2756 εἷς
1028 2692 1365 2757 Ἐκκλησιῶν
1436 2697 1717 2776 σύγχυσιν,
1765 2695 1947 2774 μηθεὶς

288 2782 460 2862 ἔστω,
509 2787 648 2858 μήτε
710 2788 1059 2864 χειροτονῶν,
1112 2781 1244 2857 μήτ’
1288 2783 1613 2861 ἐνθρονίζων,
1649 2787 1771 2844 Ἐπὶ
1812 2785 1947 2862 μέν-

288 2894 376 2930 τοι
435 2881 541 2930 τῶν
575 2873 629 2929 ἐν
689 2888 806 2936 τοῖς
840 2872 1038 2929 ἔθνεσιν
1092 2870 1453 2949 Ἐκκλησιῶν,
1486 2877 1520 2944 ἡ
1564 2881 1669 2931 τῶν
1702 2879 1947 2954 Πατέρων

289 2965 557 3042 κρατείτω
599 2986 690 3020 συν
701 2966 872 3031 ἠθεια.

375 3052 454 3130 γ’.
505 3044 563 3111 Ὀ
613 3052 1228 3117 Κωνσταντινουπόλεως
1272 3055 1417 3120 εὐθὺς
1475 3055 1612 3130 μετὰ
1666 3057 1757 3112 τὸν
1806 3055 1947 3113 Ῥών-

297 3164 408 3216 μης
450 3143 757 3216 τετίμηται.

2040 1961 2432 2023 ordinationis
2463 1972 2739 2044 expertes
2768 1971 2932 2039 sunt,
2969 1964 3127 2027 inter
3147 1966 3330 2029 laicos
3350 1975 3686 2031 versentur.

2115 2142 2213 2201 2t.
2241 2138 2575 2205 Dominicis
2600 2139 2811 2203 diebus
2834 2159 2954 2204 non
2979 2149 3216 2223 oportet
3234 2161 3391 2224 genu
3414 2145 3683 2220 ﬂectere,

2036 2228 2140 2290 sed
2175 2237 2370 2289 rectos
2402 2228 2681 2291 homines
2711 2246 2907 2292 orare.

2036 2334 2323 2414 Epitome
2370 2354 2668 2400 canonum
2711 2354 2786 2400 CL
2839 2341 3099 2402 Patrum
3155 2338 3687 2419 Constantinopoli

2595 2433 3119 2507 congregatarum.

2114 2524 2170 2581 1.
2219 2520 2460 2585 Nicaeus
2481 2520 2633 2583 ﬁdes
2662 2519 2929 2583 obtineat
2954 2528 3387 2603 serieturque:
3416 2520 3685 2584 haereses

2030 2627 2176 2672 vero
2209 2610 2553 2673 anathema.

2111 2699 2169 2760 2.
2206 2698 2414 2761 Nullus
2437 2706 2720 2762 externus
2739 2697 2816 2761 ad
2837 2696 3241 2762 Ecclesiarum
3266 2697 3679 2763 confusionem

2033 2805 2230 2864 neque
2247 2788 2784 2869 ordinetmequein
2806 2787 2951 2851 sede
2970 2786 3679 2851 coilocet.Verumtamen

2032 2882 2092 2938 in
2124 2877 2412 2940 Ecclesiis
2443 2894 2577 2958 quae
2606 2886 2744 2939 sunt
2766 2875 2924 2955 apud
2955 2875 3236 2956 gentiles,
3272 2884 3503 2957 patrum
3533 2894 3681 2940 con-

2031 2964 2289 3028 suetudo
2321 2975 2613 3028 servetur.

2109 3058 2172 3119 3.
2207 3052 2906 3136 Constantinopolitauus
2926 3053 3242 3134 episcopus
3262 3057 3520 3134 primum
3544 3060 3679 3136 post

2033 3146 2242 3209 Romae
2269 3144 2617 3226 episcopum
2653 3142 2945 3204 honorem
2975 3139 3266 3204 obtineat.

375 3228 448 3294 δ’,
508 3230 744 3297 Μάξιμος
806 3234 834 3288 6
882 3233 1057 3302 Κόων,
1101 3240 1206 3289 τῶν
1275 3231 1581 3290 ἐπισκόπων
1639 3233 1943 3302 ἀλλότριος·

2112 3239 2170 3297 4.
2218 3234 2510 3297 Maximus
2539 3230 2798 3313 Cynicus
2836 3229 2910 3291 ab
2945 3229 3246 3311 episcopis
3293 3230 3526 3295 alienus
3556 3251 3574 3294 :
3603 3248 3674 3295 ac

297 3321 386 3377 καὶ
415 3321 557 3383 ἅπας
602 3320 807 3399 ἆνίερος
836 3322 895 3386 ὃς
925 3318 1110 3396 ἐκείνῳ
1139 3320 1500 3400 κεκλήρωται.

378 3496 446 3560 ε’.
509 3488 571 3556 Ὀ
634 3497 867 3574 Πατέρα,
918 3500 1007 3555 καὶ
1052 3501 1194 3572 Υἱὸν,
1243 3500 1328 3555 καὶ
1384 3498 1535 3576 ἇίγιον
1588 3506 1802 3575 Πνεῦμα
1844 3506 1949 3558 τῶν

299 3582 523 3644 δυτικῶν
552 3588 719 3662 τόμος
752 3589 1006 3663 ὁμοούσια
1037 3592 1375 3666 παρεγγυῶν,
1410 3586 1783 3652 εὐαπόδεκτος.

549 3768 645 3825 Καὶ
690 3768 718 3823 6
763 3764 1045 3831 κακόδοξος
1104 3765 1610 3846 πλεονεκτούμενος,
1656 3768 1947 3846 ἓγκαλείτω

301 3854 418 3911 κατ’
486 3856 803 3912 ἕπισκόπου’
871 3858 916 3912 εί
980 3853 1035 3911 δὲ
1080 3862 1186 3911 τῶν
1245 3857 1520 3933 ἱερωτέρον
1577 3856 1669 3924 εἴη
1727 3860 1787 3914 τὸ
1847 3859 1943 3936 ἔγ-

300 3956 503 4019 κλημα,
566 3944 643 4016 μή
686 3943 913 4023 λεγέτω
975 3946 1053 4019 μὴ
1109 3944 1312 4022 λεγέτω
1382 3943 1436 4001 δὲ
1480 3945 1609 4019 μηδ’
1652 3945 1852 4023 ἄλλως,
1901 3954 1947 4008 εἰ

298 4034 754 4111 προκατέγωσται·
857 4035 937 4110 μὴ
1010 4033 1215 4111 λεγέτω
1285 4036 1373 4089 καὶ
1444 4037 1471 4091 6
1556 4035 1942 4104 ἀκοινώνητος”

301 4129 375 4193 μὴ
443 4121 646 4198 λεγέτω
688 4125 774 4179 καὶ
815 4126 843 4179 6
906 4121 1233 4195 ἆπόϐληνος,
1271 4126 1355 4179 καὶ
1402 4126 1428 4180 ὁ
1486 4127 1947 4203 κατηγορούμενος

300 4211 351 4267 ἔν
406 4234 565 4285 τισιν,
610 4212 712 4277 ἕως
783 4211 1153 4270 ἀποδύσωνται
1210 4214 1274 4267 τὰ
1332 4214 1526 4272 οἰκεῖα.
1578 4216 1950 4296 Κατηγορείτω

303 4300 354 4356 δὲ
412 4304 439 4357 6
501 4300 798 4377 ὀρθόδοξος,
858 4304 886 4357 6
946 4301 1282 4373 κοινωνικὸς,
1344 4303 1372 4357 6
1442 4302 1875 4379 ἀκατάγνωστος,
1923 4306 1950 4360 6

306 4390 725 4468 ἁκατηγόρητος³
805 4395 891 4447 καὶ
961 4392 1318 4447 κοινωνείσθω
1390 4403 1508 4457 τοῖς
1585 4390 1948 4471 ἔπαρχιώταις

310 4482 364 4536 τὸ
412 4478 686 4559 ἔγκλημα.
749 4483 804 4539 Εἰ
845 4479 890 4536 δ’
948 4478 1281 4553 ἀδυνατοϊεν,
1316 4481 1447 4557 πρὸς
1490 4484 1702 4555 μείζονα
1744 4484 1948 4559 τραπέ-

309 4573 504 4626 σθωσαν
557 4568 795 4627 σύνοδον
865 4571 951 4627 καὶ
1009 4568 1132 4649 δίχα
1177 4569 1449 4649 ἐγγραφῆς
1512 4575 1608 4636 τῆς
1671 4592 1943 4628 ταυτοπα-
1971 4609 2013 4659 ο

308 4660 469 4723 θείσας
502 4660 579 4733 μὴ
638 4658 1027 4719 ἂκουέσθωσαν·
1065 4660 1091 4713 6
1144 4655 1197 4713 δὲ
1229 4659 1371 4735 παρὰ
1401 4657 1567 4715 ταῦτα
1610 4666 1686 4731 τῷ
1728 4659 1945 4734 βασιλεῖ

310 4750 553 4826 προσιὼν,
588 4749 674 4804 καὶ
702 4745 971 4827 ἒνοχλῶν,
1019 4746 1416 4822 ἀποκήρυκτος,

378 4943 677 5016 Ἐπιστομή
712 4943 951 4999 κανόνων
997 4943 1101 4999 τῶν
1132 4942 1186 4999 ἒν
1233 4942 1440 5022 Ἐφέσῳ
1469 4944 1634 5022 ἁγίων
1681 4942 1857 4999 Πατέ-

1050 5045 1178 5101 ρων,

373 5132 442 5194 α’,
504 5129 632 5189 Ἐὰν
662 5127 989 5208 ἀποληφθεὶς
1023 5133 1051 5186 6
1109 5130 1512 5207 μητροπολίτης
1547 5136 1653 5185 τῶν
1688 5127 1938 5186 Κελεστί-

312 5244 383 5278 νου
421 5222 736 5300 ἀντέχεται,
784 5219 820 5287 ἢ
862 5217 1163 5296 ἀνθέξηται,
1210 5217 1539 5291 ἀπόϐλητος,
1575 5218 1661 5274 καὶ
1702 5239 1765 5276 το
1821 5219 1940 5287 ἑξῆς

312 5310 588 5376 ἆόιοίκητος
599 5356 613 5370 .

377 5399 444 5476 β’.
506 5400 693 5459 Ὅστις
757 5397 1024 5475 Νεστορίῷ
1086 5399 1335 5477 σύμφρων
1407 5397 1660 5476 ὁμόφρων
1717 5398 1935 5455 ἐπίσκο-

317 5510 416 5559 πος,
448 5488 817 5564 ἂποκήρυκτος
829 5532 842 5545 .

381 5576 449 5654 γ’,
502 5576 600 5640 νΟς
658 5578 758 5631 ὕπὸ
788 5572 1068 5641 Νεστορίου
1124 5575 1221 5639 τῆς
1268 5574 1558 5649 ἱερωσύνης
1613 5573 1933 5650 κεκώλυται,

322 5660 573 5746 ἱερώτατος
626 5666 655 5720 ὃ
685 5662 740 5721 δὲ
779 5661 1006 5727 δεκτέοκ
1042 5661 1250 5735 ἐκείνῳ,
1284 5664 1492 5741 ἀνερος,

2002 3325 2306 3407 quisquis
2355 3322 2428 3384 ab
2459 3340 2531 3384 eo
2563 3322 2624 3383 in
2654 3320 2882 3384 clerum
2913 3318 3211 3401 ascriptus
3238 3327 3354 3398 est,
3388 3320 3675 3402 profanus

2030 3413 2343 3476 habeatur.

2109 3504 2169 3566 5.
2214 3501 2691 3566 Occidentalium
2749 3509 2810 3565 to
2824 3517 2958 3562 mus
2987 3498 3251 3572 Patrem.
3282 3506 3344 3562 et
3371 3497 3584 3563 Filium
3615 3509 3676 3563 et

2032 3591 2320 3672 Spiritum
2340 3602 2608 3653 sanctum
2628 3587 3177 3652 consubstantiales
3192 3605 3492 3665 asserens,
3502 3587 3675 3652 facile

2030 3681 2385 3743 admittitur.

2109 3774 2169 3833 6.
2217 3771 2326 3843 Qui
2362 3770 2515 3831 mala
2546 3770 2828 3850 opinione
2869 3768 3133 3830 imbutus
3161 3776 3273 3831 est.
3308 3766 3361 3830 si
3392 3768 3671 3848 injuriam

2034 3860 2305 3939 patiatur,
2333 3869 2571 3922 accuset
2593 3876 2789 3920 coram
2817 3856 3124 3937 episcopo.
3147 3855 3210 3919 Si
3230 3865 3432 3918 autem
3462 3874 3669 3919 sacer-

2031 3950 2231 4012 dotum
2266 3954 2493 4011 crimen
2540 3948 2639 4021 sit,
2692 3965 2767 4009 ne
2815 3946 2994 4017 dicat,
3049 3962 3246 4022 neque
3294 3946 3472 4006 etiam
3522 3945 3675 4008 alius

2030 4049 2204 4101 antea
2223 4038 2658 4100 condemnatus
2673 4035 2852 4111 dicat,
2874 4052 3070 4114 neque
3094 4033 3669 4107 excommunicatus,

2033 4147 2230 4207 neque
2274 4128 2563 4208 dejectus,
2617 4133 2675 4186 et
2724 4124 2826 4204 qui
2876 4122 3300 4184 nonnullorum
3353 4121 3672 4184 criminum

2032 4228 2346 4279 accusatur
2374 4216 2553 4288 dicat,
2604 4214 2795 4275 donec
2825 4213 3114 4274 intentata
3142 4208 3259 4273 sibi
3290 4209 3546 4272 crimina
3574 4211 3672 4271 di-

2032 4305 2286 4368 luerint:
2326 4313 2568 4366 accuset
2589 4310 2789 4365 autem
2813 4299 3204 4374 orthodoxus,
3229 4299 3674 4361 communionis

2033 4398 2349 4476 particeps,
2405 4412 2523 4455 non
2571 4391 3023 4462 condemnatus,
3072 4408 3190 4451 non
3222 4395 3554 4476 accusatus,
3602 4407 3673 4452 ac

2032 4482 2498 4566 provincialibus
2519 4482 2748 4544 crimen
2770 4480 3270 4542 communicatur.
3297 4475 3359 4541 Si
3385 4495 3526 4540 vero
3550 4495 3668 4542 non

2033 4573 2281 4653 possint,
2336 4573 2406 4633 ad
2442 4572 2734 4651 majorem
2768 4587 2835 4631 se
2863 4575 3215 4631 convertant
3243 4566 3566 4644 synodum,
3600 4585 3670 4630 ac

2028 4663 2180 4724 citra
2200 4661 2633 4744 professionem
2658 4657 2929 4739 ejusdem
2954 4656 3200 4718 aﬂ'ectus
3222 4673 3298 4717 ne
3322 4655 3665 4744 audiantur.

2025 4752 2135 4825 Qui
2188 4743 2386 4813 autem
2445 4758 2652 4812 contra
2682 4750 2808 4810 haec
2838 4748 3266 4826 imperatorem
3312 4743 3457 4820 adit,
3493 4744 3670 4828 eique

2027 4841 2359 4903 molestiam
2392 4839 2611 4915 exibet,
2643 4832 3000 4900 abdicetur.

2028 4951 2297 5031 Epitome
2342 4965 2646 5010 canonum
2700 4953 3054 5009 sanctorum
3110 4942 3377 5006 Patrum
3435 4942 3667 5025 Ephesi

2618 5042 3075 5116 congregatum.

2108 5134 2166 5194 l.
2218 5129 2710 5211 Metropolitanus
2737 5127 2838 5209 qui
2883 5125 3202 5189 Caelestino
3246 5123 3531 5211 adhaeret
3560 5132 3664 5211 aut

2022 5220 2368 5282 adhaesurus
2399 5208 2509 5290 est,
2545 5217 2933 5297 rejiciendus,‘
2956 5234 3026 5279 ac
3054 5215 3344 5295 deinceps
3363 5211 3435 5275 ab
3465 5208 3660 5275 admi-

2022 5309 2375 5371 nistratione
2406 5308 2688 5371 Ecclesiae
2718 5305 3115 5369 removendus
3145 5313 3256 5367 est.

2101 5400 2161 5464 2.
2210 5398 2486 5479 Quisquis
2516 5398 2832 5479 episcopus
2860 5394 3138 5459 Nestorio
3168 5394 3509 5464 assentttur,
3543 5386 3657 5450 ab-

2021 5480 2315 5552 dicandus
2348 5498 2438 5549 est

2103 5579 2159 5639 3.
2207 5578 2561 5657 Quicunque
2601 5598 2635 5638 a
2678 5573 2951 5637 Nestorio
3002 5568 3332 5633 sacerdotio
3390 5567 3660 5649 dejectus

2021 5677 2131 5744 est,
2166 5666 2500 5730 sacerdotio
2532 5663 2921 5743 dignissimus
2952 5672 3045 5724 est
3077 5677 3091 5723 :
3129 5657 3229 5742 qui
3261 5674 3400 5721 vero
3445 5657 3519 5722 ab
3551 5657 3658 5721 illo

2022 5765 2333 5839 susceptus
2364 5764 2478 5835 est,
2514 5752 2818 5836 profanus.
