4080 6204
342 230 456 296 247
1509 227 1814 290 SYMEON
1821 227 1890 287 IS
1932 226 2544 290 METAPHRASTAE.

423 369 486 430 4.
532 365 642 440 Qui
691 363 765 428 ab
816 363 1097 444 episcopo
1149 362 1604 438 condemnatus,
1655 358 2051 422 aNestorioA
2155 362 2223 425 δ’.

351 461 670 538 susceptus
701 462 812 531 est,
845 453 908 515 id
941 453 1090 516 nihil
1122 453 1178 515 ei
1211 450 1421 532 prosit.

431 549 496 611 5.
513 546 724 611 Laicus
747 543 852 625 qui
877 543 1098 622 synodo
1117 541 1367 615 resistit,
1395 539 1982 604 excommunicatur:

352 639 607 702 clericus
635 652 774 697 vero
804 635 1050 712 insuper
1077 629 1409 693 abdicetur.

431 731 494 789 6.
541 725 867 806 Episcopus
898 720 1072 781 aliam
1105 737 1140 781 a
1168 718 1410 781 Nicaena
1440 719 1619 780 ﬁdem
1654 718 1986 800 proferens,

358 817 590 879 alienus
641 811 712 874 ab
762 808 1033 873 Ecclesia
1060 806 1313 872 habetur
1347 829 1360 869 :
1397 807 1582 870 laicus
1612 826 1750 869 vero
1782 809 1989 890 expel-

355 907 522 1055 Ιηιίῖιί.
549 989 875 1053 Serventur
905 1004 1011 1049 sua
1039 987 1260 1068 quique
1290 986 1611 1066 provinciae
1661 987 1797 1066 jura
1847 1007 1992 1068 pura

3597 226 3714 290 248

2289 356 2346 421 Ὀ
2403 366 2734 444 κατακριθεῖς
2779 364 2830 431 ἐξ
2885 365 3198 444 ἐπισκόπου,
3233 365 3318 420 καὶ
3349 365 3453 420 ὑπὸ
3512 373 3717 420 Νεστο-

2071 452 2180 532 ρίου
2213 450 2442 532 δεχθεὶς,
2478 453 2842 533 ἀνωφέλητος.

2152 542 2224 601 ε’.
2272 539 2660 610 Ἀκοινώνητος
2719 548 2746 600 6
2776 543 2967 605 λα’ίκὸς
3016 545 3044 599 6
3074 541 3454 622 ἀντοφθαλμῶν
3493 546 3562 617 τῇ
3592 561 3724 596 συν-

2073 627 2196 703 όδῳ⁴
2231 633 2258 686 6
2290 628 2343 686 δὲ
2378 630 2655 713 κληρικὸς,
2689 631 2764 689 ἔτι
2798 634 2883 689 καὶ
2913 633 3307 710 ἂποκήρυκτος.

2154 720 2264 794 ς’.
2334 719 2394 779 Ὀ
2454 723 2630 778 πίστιν
2689 722 2870 800 ἑτέραν
2928 728 3028 790 τῆς
3079 724 3132 779 ἒν
3191 724 3381 793 Νικαίᾳ
3437 720 3719 800 προσάγων

2074 808 2389 884 ἐπίσκοπος,
2424 808 2802 887 ἠλλοτρίωται·
2832 809 3023 877 λα’ίκὸς
3053 808 3106 866 δὲ
3137 809 3573 888 ἐξωστράκισται.

2154 984 2220 1054 ξ’.
2267 991 2536 1065 Τηρείσθω
2577 990 2643 1047 τά
2676 989 2876 1064 ἑκάστῃ
2933 988 3166 1070 ἐπαρχίᾳ
3217 988 3480 1068 προσόντα
3523 986 3718 1064 δίκαια,

351 1089 527 1162 atque
555 1077 835 1140 inviolata
861 1093 874 1138 :
911 1075 1014 1156 qui
1033 1081 1230 1136 autem
1249 1076 1602 1136 contrariam
1627 1074 1720 1135 his
1745 1075 1994 1136 formam

2131 1077 2278 1155 ιθαρά
2348 1078 2442 1135 καί
2524 1077 2767 1135 ἀϐίαστα·
2851 1072 2907 1137 Ὀ
2996 1077 3048 1134 δὲ
3114 1079 3279 1135 τύπσν
3363 1077 3720 1152 ἀντικείμενον

356 1169 611 1241 inducit,
645 1166 829 1230 futilis
858 1177 974 1227 est.

2131 1167 2283 1232 ιύτοις
2317 1168 2570 1246 εἰσάγων,
2603 1169 2914 1234 ἀνιὶννητος,

437 1259 497 1325 8.
525 1255 904 1319 Eusthatbius
930 1270 1062 1315 cum
1080 1252 1362 1314 resistere
1386 1260 1730 1315 constanter
1750 1251 1998 1316 deberet

2159 1255 2240 1322 η’.
2299 1255 2576 1336 Ἀντέχειν
2607 1258 2830 1337 ὀφείλων
2893 1258 3178 1321 Εὖστάθιος
3222 1264 3513 1336 καρτερῶς·
3566 1265 3721 1314 τοῦτο

360 1351 492 1429 (hoc
542 1346 704 1410 enim
755 1343 950 1407 omnis
977 1341 1156 1403 debet
1185 1341 1549 1422 episcopus),
1611 1351 1775 1420 terga
1823 1341 1998 1404 facile

2131 1354 2178 1424 ιρ
2222 1345 2384 1409 ἅπας·
2445 1353 2586 1403 νῶτα
2643 1345 2759 1412 δοὺς
2809 1346 3017 1426 ἀφελῶς
3076 1350 3446 1424 παρῃτήσατο.
3511 1345 3722 1404 Θεόδω-

362 1439 510 1500 dans
541 1433 914 1497 detrectavit.
961 1431 1314 1492 Theodorus
1345 1430 1406 1491 in
1439 1431 1569 1510 ejus
1599 1430 1794 1492 locum
1828 1430 1995 1492 ordi-

2131 1457 2170 1497 lC
2228 1434 2342 1491 ἀντὶ
2415 1436 2603 1492 τούτου
2647 1437 3107 1516 κεχειροτόνηται·
3172 1439 3199 1491 6
3255 1433 3308 1490 δὲ
3376 1436 3574 1492 κλαίων
3635 1437 3724 1492 καὶ

360 1532 534 1587 natus
564 1531 676 1586 est.
713 1522 817 1584 llle
847 1537 987 1582 vero
1020 1519 1349 1598 lacrymans
1377 1526 1552 1599 atque
1584 1536 1836 1580 exorans
1891 1520 1998 1580 bo-

2131 1529 2337 1580 ισωπῶν
2396 1527 2494 1590 την
2547 1527 2710 1600 τιμην
2758 1527 2919 1582 αίτεῐ’
2984 1529 3010 1582 ὁ
3069 1525 3182 1582 ἀντ’
3240 1526 3436 1581 Ιικείνου
3471 1546 3724 1605 χειροτο-

364 1630 572 1676 norem
633 1610 872 1690 repetit.
935 1607 1051 1681 Qui
1107 1607 1268 1668 illius
1319 1607 1450 1669 loco
1495 1607 1672 1668 alium
1707 1606 2002 1668 ordinavit

2131 1615 2250 1682 ίισας
2295 1613 2594 1688 ἀνεύθυνος,
2629 1614 2774 1692 ἔχων
2814 1614 3016 1682 δηλαδὴ
3073 1617 3168 1682 τὴν
3201 1615 3399 1670 ἐκείνου
3457 1616 3726 1690 παραίτη-

360 1704 570 1765 insons
599 1708 712 1776 est,
747 1716 880 1761 cum
911 1697 1073 1760 illius
1102 1696 1541 1758 recusationem
1593 1715 1697 1777 pro
1752 1696 2004 1756 crimine

2131 1725 2168 1758 LV
2225 1701 2337 1758 ἀντ’
2384 1701 2750 1780 ἐγκλήματος.
2798 1707 2824 1758 6
2868 1701 2922 1757 δὲ
2968 1701 3293 1759 δεδικαίωται
3348 1705 3508 1778 μόνον
3551 1709 3726 1774 τοῦτο,

363 1791 602 1854 habeat.
636 1789 762 1852 Hoc
793 1795 990 1849 autem
1017 1787 1246 1866 justum
1280 1803 1411 1848 esse
1444 1787 1629 1846 visum
1683 1793 1793 1860 est,
1842 1784 2003 1865 epis-

360 1890 608 1960 copatus
636 1895 858 1940 nomen
886 1875 1053 1936 illum
1087 1873 1332 1946 habere,
1368 1875 1678 1955 ipsamque
1730 1892 2003 1936 commu-

365 1969 634 2045 nionem,
668 1965 948 2049 quodque
979 1965 1090 2026 hoc
1123 1962 1438 2041 benignius
1470 1964 1655 2025 visum
1687 1963 1786 2026 sit.

369 2075 661 2156 Epitomc
692 2090 994 2137 canonum
1022 2079 1372 2134 sanctorum
1403 2070 1595 2133 Patre
1626 2068 2002 2132 Chalcedone

915 2168 1449 2241 congregatorum.

445 2258 506 2321 2.
558 2259 669 2331 Qui
703 2257 848 2319 emit
879 2263 937 2316 et
965 2252 1067 2333 qui
1098 2252 1301 2314 vendit
1345 2252 1807 2326 ordinationem,
1845 2252 2004 2315 circa

366 2347 585 2430 gradus
644 2345 1034 2428 periclitatur.
1086 2344 1205 2404 Lex
1235 2350 1431 2404 autem
1464 2342 1643 2405 etiam
1699 2360 1886 2423 usque
1930 2341 2000 2403 ad

368 2435 871 2519 paramonarium.

448 2526 510 2586 3.
557 2524 665 2598 Qui
685 2524 998 2586 domorum
1025 2522 1395 2585 saecularium
1421 2539 1622 2584 curam
1650 2522 2006 2600 suscipiunt,

371 2612 756 2696 corripiendi,
773 2612 889 2675 nisi
904 2612 1056 2676 forte
1073 2610 1145 2673 ad
1168 2610 1413 2672 minoris
1432 2610 2006 2673 administrationem

371 2701 845 2766 mexcusabilem
878 2702 970 2762 lex
999 2700 1317 2776 vocaverit,
1342 2708 1440 2762 aut
1467 2700 1782 2782 episcopus
1813 2700 1885 2762 ad
1911 2719 2013 2780 pu-

372 2794 656 2874 pillorum
693 2799 751 2853 et
779 2789 1088 2852 viduarum
1120 2807 1323 2850 curam
1357 2788 1712 2850 incitaverit.

453 2883 517 2944 4.
563 2880 791 2942 Domus
843 2877 1098 2941 orationi
1155 2876 1370 2953 dicata,
1433 2884 1532 2938 aut
1581 2876 2007 2938 monasterium

374 2968 523 3031 citra
576 2967 845 3049 episcopi
897 2968 1253 3029 sententiam
1287 2984 1407 3028 non
1437 2973 1575 3028 sunt
1625 2965 2005 3027 exstruenda.

377 3057 588 3121 Omnis
645 3065 841 3118 autem
904 3055 1232 3117 monachus
1296 3056 1580 3136 episcopo
1639 3053 2010 3133 subjiciatur,

376 3164 573 3228 neque
622 3163 656 3206 a
701 3161 808 3207 sua
839 3143 1148 3207 mansione
1179 3141 1466 3218 discedat,
1500 3143 1614 3204 nisi
1647 3144 1720 3205 ab
1751 3162 1821 3205 eo
1854 3143 2010 3207 invi-

374 3244 553 3298 tetur.
610 3237 830 3298 Servus
877 3232 1102 3314 absque
1133 3231 1362 3295 domini
1395 3251 1692 3296 consensu
1727 3233 2012 3295 monasti-

374 3341 503 3387 cam
535 3325 714 3386 vitam
746 3341 821 3386 ne
852 3322 1266 3405 amplectatur.

454 3414 513 3477 5.
559 3412 671 3486 Qui
701 3432 735 3476 ε
764 3411 998 3475 civitate
1024 3411 1084 3474 in
1120 3411 1415 3475 civitatem
1447 3419 1777 3487 transeunt,
1826 3430 2010 3474 cano-

383 3502 562 3565 nibus
593 3502 668 3565 de
697 3503 808 3565 hac
836 3519 903 3564 re
931 3501 1175 3564 sancitis
1203 3500 1622 3582 subjiciantur.

455 3592 513 3654 6.
563 3593 628 3655 In
661 3589 955 3672 martyriis
984 3599 1087 3653 aut
1115 3591 1413 3664 oratoriis,
1448 3591 1552 3652 sed
1595 3609 1712 3652 non
1745 3591 2015 3653 absolute

375 3680 704 3744 ordinabis.
776 3681 880 3743 Sin
941 3697 1082 3742 vero
1140 3679 1242 3761 qui
1297 3679 1602 3742 ordinatus
1662 3688 1770 3756 est,
1829 3679 2016 3760 gradu

377 3769 623 3834 excidit.

461 3862 516 3922 7.
565 3859 678 3934 Qui
709 3860 866 3922 inter
892 3860 1151 3922 clericos
1171 3869 1270 3920 aut
1293 3859 1616 3932 monachos
1637 3859 1884 3921 allectus
1904 3869 2016 3934 est,

377 3950 427 4011 si
488 3949 762 4011 militiam
821 3955 922 4010 aut
979 3948 1324 4028 dignitatem
1356 3956 1708 4029 arroganter
1756 3950 2014 4026 aﬂ‘ectet,

377 4037 752 4101 maledictus.

459 4127 519 4187 8.
570 4127 838 4189 Clericus
868 4128 928 4190 in
959 4126 1328 4190 medicorum
1363 4127 1567 4204 domo,
1601 4135 1703 4190 aut
1727 4127 1788 4190 in
1819 4147 2018 4191 mona-

379 4215 562 4277 sterio
593 4216 816 4295 degens
847 4216 1117 4298 episcopi
1165 4215 1329 4278 urbis
1375 4220 1644 4297 potestati
1694 4218 2018 4298 subjaceat.

378 4302 493 4377 Qui
522 4323 659 4367 vero
688 4305 764 4367 ab
795 4324 866 4368 eo
898 4305 1108 4382 resilit,
1146 4324 1378 4388 poenam
1412 4305 1643 4370 subeat.

2087 1793 2148 1848 τὸ
2206 1796 2304 1858 τῆς
2367 1791 2666 1858 ἐπισκοπῆς
2725 1791 2872 1871 ἔχειν
2925 1790 3112 1865 ὄνομα,
3161 1794 3247 1847 καὶ
3309 1794 3405 1861 τὴν
3455 1794 3729 1849 κοινωνίαν

2087 1882 2272 1950 αὐτήν·
2305 1882 2392 1937 καὶ
2425 1880 2505 1937 ὅτι
2535 1882 2894 1961 χρηστόνερον
2939 1879 3201 1940 δέδοκται.

2086 2077 2352 2153 Ἐπιτομὴ
2383 2078 2619 2135 καδόνων
2650 2085 2754 2135 τῶν
2800 2079 2853 2133 ἐν
2891 2076 3196 2156 Καλχηδόνι
3229 2078 3384 2134 at.th
3430 2080 3513 2134 καὶ
3546 2100 3727 2153 μακαυ

2687 2160 2811 2236 ρίων
2853 2157 3124 2236 Πατέρων.

2164 2249 2246 2326 β’.
2303 2241 2364 2309 Ὀ
2407 2249 2761 2326 ἑξωνούμενος
2821 2252 2904 2307 καὶ
2949 2254 2976 2307 ὁ
3009 2252 3318 2328 πιπράσκων
3371 2248 3722 2330 χειροτονίαν,

2086 2342 2204 2420 περὶ
2234 2341 2354 2404 τοὺς
2409 2341 2640 2417 βαθμοὺς
2710 2338 3052 2398 ἒπικινδύνοι⁶
3102 2343 3129 2397 ὁ
3183 2338 3236 2396 δὲ
3281 2341 3442 2414 νόμος
3484 2338 3584 2401 ἕως
3643 2349 3729 2403 καὶ

2088 2430 2504 2508 παραμοναρίου.

2172 2517 2247 2596 γ’.
2309 2521 2671 2594 Οἶ³κοσμικῶν
2732 2519 2900 2578 οἴκων
2961 2517 3267 2595 ἐπιμέλειαν
3320 2515 3732 2597 ἀναδεχόμεναι,

2091 2607 2448 2684 επιτιμητέον
2485 2607 2627 2675 πλὴν
2679 2611 2726 2666 εἰ
2776 2611 2853 2685 μὴ
2895 2607 3109 2666 καλέσει
3169 2609 3328 2682 νόμος
3374 2609 3444 2669 εἰς
3479 2605 3736 2683 ἀφήλικος

2092 2698 2351 2766 διοίκησιν
2408 2701 2790 2770 ἀπαραίτητος·
2840 2700 2874 2768 ἢ
2932 2703 2960 2756 6
3023 2700 3318 2767 ἡπίσκοπος
3363 2700 3603 2776 ὀρφανῶν
3648 2699 3736 2753 καὶ

2093 2793 2283 2868 χηρῶν
2315 2788 2621 2863 ἐπιμέλειαν
2653 2789 3008 2866 ἐπιτρέψειεν,

2171 2875 2218 2931 δ’
2224 2924 2238 2938 ,
2307 2877 2593 2956 Εὖκτήριος
2625 2879 2805 2952 οἶκος,
2842 2879 2878 2945 ἦ
2923 2880 3298 2953 μοναςτήριον,
3332 2878 3552 2955 γνώμης
3610 2876 3736 2956 δίχα

2091 2977 2183 3025 τοῦ
2264 2966 2556 3024 ἐπισκόπου
2636 2967 2857 3027 ἀσυστα’
2932 2967 3072 3031 ἅπας
3138 2966 3191 3024 δὲ
3264 2969 3532 3042 μοναστὴς
3599 2969 3733 3024 ὑπο-

2029 3055 2341 3135 Οτετάχθω
2383 3061 2459 3130 τῷ
2517 3055 2813 3132 ἐπισκόπῳ,
2846 3057 2932 3113 καὶ
2988 3057 3088 3126 τῆς
3147 3058 3336 3136 μονῆς,
3385 3061 3429 3112 εί
3475 3058 3552 3131 μὴ
3610 3053 3734 3133 παρ’

2097 3149 2254 3204 αὐτοῦ
2310 3145 2683 3225 προτρέποιτο,
2717 3147 2795 3223 μὴ
2853 3147 3158 3226 ἀφίσταται.
3216 3145 3408 3209 Δοῦλος
3465 3143 3538 3222 δὲ,
3575 3147 3618 3202 εἰ
3656 3145 3734 3220 μὴ

2096 3235 2286 3313 γνώμη
2316 3246 2407 3295 τοῦ
2436 3234 2715 3317 δεσπότου,
2748 3237 2826 3313 μὴ
2857 3237 3151 3311 μοναζέτω.

2177 3404 2245 3476 ε’.
2307 3415 2366 3472 Oi
2424 3411 2828 3490 μεταϐαίνοντες
2889 3415 2952 3472 ἐκ
3005 3415 3213 3479 πόλεως
3274 3417 3346 3479 εἰς
3404 3413 3583 3494 πόλιν,
3617 3414 3736 3478 τοὺς

2096 3504 2214 3581 περὶ
2255 3504 2438 3560 τούτου
2469 3504 2693 3568 κανόνας
2723 3503 3192 3567 ὑποϐλεπέτωσιν,

2177 3591 2280 3667 ς“’.
2342 3592 2460 3650 Ἐπὶ
2521 3595 2824 3672 μαρτυρίοις
2868 3595 2903 3663 ἢ
2950 3597 3266 3673 εὒκτηρίοις,
3315 3593 3411 3650 οὒκ
3460 3591 3737 3668 ἆμολότως

2098 3682 2523 3762 χειροτονήσεις·
2603 3685 2647 3739 εἴ
2705 3682 2757 3739 δὲ
2832 3684 2934 3760 μή,
2994 3683 3412 3764 ἀχειροτόνῆτος
3485 3686 3513 3739 6
3585 3680 3738 3749 δῆθεν

2102 3773 2596 3852 χειροτονούμενος.

2179 3863 2255 3930 ζ’.
2320 3852 2376 3917 Ὀ
2436 3859 2736 3939 κληρωθείς
2780 3861 2814 3929 ἢ
2885 3881 3144 3936 μονασας,
3179 3860 3214 3928 ἢ
3261 3859 3377 3940 [γρ.
3439 3860 3511 3940 εί]
3575 3881 3743 3940 στρα-

2101 3948 2265 4022 τείαν,
2302 3949 2338 4016 ἣ
2362 3947 2529 4014 ἀξίαν.
2564 3948 2969 4030 ἀπαυθαδιάσει,
3000 3951 3284 4028 ἒπάρατος.

2181 4126 2266 4194 η’.
2323 4119 2380 4186 (Ο
2411 4131 2466 4184 ἒν
2497 4128 2751 4208 πτωχείῳ
2781 4129 2816 4197 ἢ
2874 4131 3098 4205 σεμνείῳ
3158 4128 3472 4207 κληρωθεῖς,
3505 4125 3746 4204 βλεπέτω

2101 4218 2200 4284 τὴν
2251 4216 2487 4284 ἑξουσίαν
2519 4220 2611 4276 τοῦ
2669 4217 2959 4276 ἐπισκόπου
3001 4225 3100 4287 τῆς
3133 4218 3367 4280 πόλεως.
3417 4209 3473 4275 Ὀ
3504 4216 3559 4272 δὲ
3614 4217 3742 4272 τού-

2102 4328 2195 4363 του
2225 4307 2554 4387 ἆςρηνιάζων,
2588 4308 2892 4386 γίνωσκέτω
2923 4311 2982 4365 τὸ
3017 4309 3298 4382 ἐπίτίμιον,

460 4395 526 4458 9.
573 4396 792 4458 Clerici
819 4395 1145 4476 litigantes,
1172 4395 1222 4458 si
1251 4395 1458 4462 relicto
1489 4397 1769 4478 episcopo
1801 4397 1870 4459 ad
1905 4416 2010 4460 διε·

2184 4395 2253 4458 θ’.
2312 4396 2575 4475 Κληρικοί
2635 4395 2991 4472 δικαζόμενοι,
3053 4399 3097 4453 εί
3155 4397 3402 4477 ἀφέμενοι
3476 4397 3566 4450 τὸν
3623 4393 3740 4450 επί-

385 4484 608 4546 cularia
631 4485 860 4565 judicia
894 4503 959 4548 se
981 4487 1324 4562 conferant,
1349 4487 1637 4548 canonice
1663 4487 2016 4567 puniantur:

380 4590 452 4635 ac
503 4573 759 4637 clericus
789 4594 925 4638 cum
983 4581 1261 4657 episcopo
1319 4575 1689 4638 contendens
1733 4575 2020 4658 synodum

381 4672 687 4743 exspectet
747 4684 760 4725 :
831 4667 1320 4748 metropolitanus
1377 4682 1516 4726 vero
1573 4665 1889 4746 episcopus
1945 4666 2020 4727 ad

385 4749 1110 4834 Constantinopolitauum
1143 4762 1445 4835 provocet.

462 4841 562 4904 10.
609 4839 870 4905 Duarum
905 4842 1142 4906 urbium
1175 4843 1444 4906 ecclesiis
1479 4843 1736 4906 clericus
1767 4861 1886 4905 non
1915 4845 2024 4906 ad-

385 4928 604 4992 dicitur
639 4951 654 4992 :
687 4932 739 4994 si
772 4950 907 4994 vero
937 4933 1212 4995 addictus
1243 4932 1440 5010 fuerit,
1496 4934 1571 4994 ad
1622 4933 1872 5014 primam
1925 4951 2026 4995 re-

383 5027 667 5082 vertetur.
731 5020 795 5084 Si
850 5023 985 5102 quis
1043 5029 1245 5085 autem
1292 5023 1416 5102 jam
1449 5023 1767 5084 translatus
1823 5021 2022 5097 fuerit,

386 5108 600 5189 prioris
661 5111 934 5175 ecclesias
960 5128 1161 5173 rerum
1195 5111 1357 5174 nullo
1388 5111 1565 5174 modo
1601 5111 1894 5192 particeps
1923 5111 2022 5174 sit.

467 5199 564 5262 11.
615 5201 918 5281 Pauperes
948 5199 1219 5280 epistolis
1259 5199 1558 5274 instructi,
1615 5213 1675 5261 at
1707 5218 1824 5260 non
1855 5217 2024 5261 com-

311 5315 318 5318 ·
387 5288 707 5352 mendatiis
769 5289 983 5352 litteris
1038 5289 1154 5352 iter
1211 5288 1478 5352 faciant:
1527 5287 2027 5352 commendatitiza

386 5377 544 5440 enim
575 5378 1016 5442 existimatione
1050 5378 1316 5458 prmditis
1345 5377 1584 5442 dantur.

466 5467 565 5530 12.
590 5467 657 5529 In
681 5467 826 5531 duas
848 5468 1184 5548 provincias
1206 5487 1324 5530 una
1345 5467 1647 5550 provincia
1667 5485 1782 5528 non
1806 5467 2019 5529 scindi-

385 5561 498 5632 tur,
535 5559 634 5638 qui
665 5575 802 5620 vero
848 5557 1094 5620 sciderit
1143 5559 1487 5642 episcopatu
1524 5556 1820 5642 dejicitur.
1877 5558 2023 5632 Qum

2105 4507 2327 4565 σκοπον,
2385 4498 2670 4562 κοσμικοτς
2726 4487 3014 4562 κριτηρίοις
3086 4488 3390 4564 ὁρμήσωσι,
3452 4489 3742 4544 κανονικῶς

2104 4575 2510 4632 εὖθυνέσθωσαν·
2588 4576 2672 4631 καὶ
2744 4573 2997 4652 κληρικὸς
3077 4575 3352 4646 ἐπ;σκόπῳ
3421 4572 3742 4652 διαφερόμε-

2104 4685 2191 4727 νος
2248 4665 2451 4740 μενέτω
2486 4664 2582 4730 τὴν
2629 4660 2861 4720 σύνοδον·
2925 4665 3011 4721 καὶ
3068 4663 3464 4742 μηνροπολίτης
3522 4661 3740 4718 ἐπίσκο-

2104 4776 2201 4818 πος
2239 4755 2325 4810 τὸν
2360 4751 2964 4816 Κωνσταντινουπόλεως
2994 4753 3346 4823 ἐξαιτήσοιτο.

2191 4843 2229 4898 ι’
2244 4892 2257 4904 ,
2323 4843 2423 4900 Δύο
2481 4841 2688 4898 πόλεων
2752 4854 2902 4906 ναοῖς
2961 4841 3210 4920 κληρικὸς
3269 4843 3329 4898 οὗ
3371 4839 3740 4918 καταλέγεται·

2109 4935 2153 4988 εἰ
2209 4930 2262 4988 δὲ
2320 4930 2702 5012 καταλεχθείη,
2740 4938 2815 5006 τῷ
2873 4931 3113 5010 προτέρῳ
3156 4931 3628 5010 ἐπιστραφήσεται.
3691 4930 3748 4986 Εἰ

2109 5021 2162 5078 δὲ
2208 5021 2463 5096 μετετέθη
2521 5043 2598 5086 τις
2655 5019 2780 5095 ἤδη,
2827 5043 2904 5095 μτ,
2961 5021 3366 5079 ἐπικοινωνείτω
3425 5019 3560 5075 κατά
3630 5040 3746 5074 τινα

2108 5110 2300 5187 τρόπον
2333 5124 2452 5173 τοῖς
2483 5115 2579 5176 τῆς
2615 5109 2861 5188 προτέρας
2904 5110 3206 5188 πράγμασιν
3236 5109 3547 5175 ἐκκλησίας.

2191 5189 2287 5261 ια’.
2349 5203 2408 5259 Οἱ
2441 5201 2664 5266 πένητες
2723 5196 3057 5279 ἐπιστολαῖς,
3103 5200 3240 5256 ἀλλά
3273 5200 3350 5275 μὴ
3403 5208 3746 5258 συστατικαϊς

2109 5287 2450 5347 ὁδευέτωσαν·
2513 5291 2563 5345 αἱ
2621 5289 2720 5367 γάρ
2789 5291 3095 5345 συστατικαὶ
3139 5296 3207 5366 τῇ
3275 5287 3543 5362 ὑπολήψει
3606 5306 3748 5363 παρ-

2109 5379 2327 5459 έχονται
2338 5427 2350 5441 ,

2189 5458 2283 5546 ιβ’.
2320 5471 2404 5534 Εἷς
2460 5467 2720 5547 ἐπαρχίας
2752 5466 2840 5523 δύο
2897 5469 2931 5534 ἡ
2962 5466 3195 5546 ἐπαρχία
3249 5467 3341 5538 μία
3373 5468 3432 5522 οὒ
3476 5465 3744 5538 τέμνεται·

2105 5561 2129 5614 ὃ
2186 5556 2239 5614 δέ
2269 5559 2468 5636 τεμὼν,
2503 5557 2880 5622 ἀνεπίσκοπος.
2930 5558 2990 5613 Αἱ
3038 5554 3092 5612 δὲ
3124 5558 3399 5633 γράμμασι
3443 5552 3748 5633 βασιλικοις
