4128 6198
335 343 448 410 249

1616 345 1959 410 ΕΡΙΤΟΜΕ
2022 344 2418 411 CANONUM.

3593 340 3712 411 950

336 484 647 551 τιμηθεϊσαι
711 479 918 554 πόλεις,
965 486 1063 547 τῆς
1126 482 1292 556 τιμῆς
1342 480 1755 541 ἀπολαυέτωσαν
1798 482 1984 557 μόνον,

2112 486 2277 543 utem
2310 479 2690 560 imperatoris
2709 481 3000 563 rescripto
3030 479 3233 544 scissae
3259 485 3395 544 sunt
3420 479 3708 553 civitates,

337 572 427 626 καῖ
475 572 502 626 ὁ
546 571 764 629 αὐτόθεν
821 570 1133 633 ἐπίσκοπος*
1180 575 1248 648 τῇ
1302 570 1357 628 δὲ
1400 570 1613 640 ἀληθῶς
1656 571 1986 651 μητροπόλει

338 660 400 717 τὰ
442 662 615 718 οἰκεῖα
644 659 991 733 σωζέσθωσαν
1021 659 1218 724 δίκαια.

416 837 510 916 ιγ’.
580 838 850 918 Κληρικὸς
915 838 1042 919 δίχα
1103 845 1431 897 συστατικῶν
1493 841 1852 909 ἀκοινώνητος
1914 842 1989 905 εἷς

338 927 489 985 πόλιν
520 928 731 1005 ἱτέραν,

418 1017 483 1073 ιδ’
497 1064 510 1078 .
563 1016 922 1100 Ἐτερόδοξος,
970 1019 1056 1076 καὶ
1119 1018 1357 1100 ψάλτης,
1403 1023 1487 1078 καὶ
1530 1022 1901 1102 ἀναγνώστης,
1946 1022 1991 1079 εἰ

338 1110 515 1185 γήμας
589 1108 875 1187 ἐτέκνωσε,
934 1108 1171 1187 προσὰγε
1229 1116 1297 1186 τῇ
1367 1116 1611 1185 κοινωνίᾳ
1673 1113 1739 1169 τὰ
1806 1112 1987 1181 τέκνα,

336 1197 489 1275 εἴπερ
542 1198 727 1255 ἐκεῖσε
757 1196 1132 1275 βεϐάπτισταιθ
1182 1201 1226 1256 εἰ
1256 1198 1302 1255 δ’
1355 1199 1429 1258 ἔτι
1460 1203 1608 1278 μένει
1664 1200 1984 1278 ἀϐάπτιστα,

338 1289 507 1345 οὐκετι
551 1288 863 1364 βαπτίζεται
894 1301 1010 1353 τοϊς
1054 1291 1367 1367 αἱρετικοῐς.

417 1465 502 1525 ιε’.
556 1465 876 1524 Διακόδισσα
922 1468 965 1523 εὶ
1022 1468 1101 1543 μὴ
1157 1468 1549 1546 τεσσαράκοντα
1603 1470 1697 1537 ἔτη
1756 1470 1814 1527 οὗ
1856 1471 1989 1548 γίνε-

336 1575 443 1614 ται·
518 1561 591 1632 τῇ
639 1555 694 1612 δὲ
742 1554 827 1613 διὰ
888 1557 1060 1634 γάμου
1119 1558 1218 1625 τὴν
1262 1556 1601 1637 λειτουργίαν
1650 1558 1983 1638 ἐξυϐρισάσῃ,

335 1647 596 1718 ἀνάθεμα.

420 1724 542 1809 ις’,
602 1735 928 1806 Μονάζοντες
999 1736 1035 1803 ἢ
1103 1737 1421 1812 μονάζουσαι
1479 1739 1557 1814 μὴ
1624 1740 1984 1818 γαμείτωσανο

337 1825 447 1881 ἐπεὶ
481 1825 722 1881 ἔστωσαν
766 1825 1141 1893 ἄκοινώνητοι.

426 1917 514 1988 ιζ’.
574 1915 871 1997 ’ῌρχώριος
901 1916 997 1973 καί
1027 1917 1253 1995 ἂγροικὴ
1318 1921 1589 1997 παροικία,
1661 1921 1705 1975 εἰ
1735 1940 1985 1997 τριακον-

336 1998 545 2060 ταετίας
605 1995 929 2076 ἐσχέθησαν,
960 1995 1407 2073 κατεψίσθωσανί
1450 2000 1495 2055 εί
1552 1997 1606 2055 δὲ
1662 1995 1860 2066 ταότης
1905 1998 1983 2055 ἐν·

336 2088 424 2151 τὸς
620 2085 902 2163 γεγένηταί
970 2108 1049 2152 τις
1113 2090 1232 2165 περί
1288 2092 1461 2146 αὐτῶν
1536 2086 1982 2170 impure-rimam],

338 2181 450 2233 εἷεν
504 2172 769 2232 ὒπόδινιοι⁸
804 2177 848 2232 εἰ
891 2173 945 2230 δὲ
1005 2177 1094 2234 καὶ
1148 2177 1461 2234 κανόνισται
1506 2178 1607 2255 [im
1643 2177 1985 2255 κεκαίνισται]

336 2264 622 2343 βασιλικῆς
692 2262 1023 2331 ἐκκαλέσεως
1065 2262 1243 2339 πόλις,
1303 2267 1338 2333 ἡ
1398 2264 1544 2331 τάξις
1593 2266 1679 2323 καὶ
1737 2268 1765 2322 ὃ
1822 2266 1987 2327 τύπος

337 2354 688 2414 ἀκολουθείτω
758 2368 875 2419 τοῖς
944 2353 1245 2418 πολιτικοῖς
1306 2353 1587 2432 δημοσίος,
1645 2357 1733 2413 καὶ
1782 2353 1985 2423 ἐκκλη-

338 2459 635 2509 σιαστικοῖς
669 2439 935 2523 [εστικῆς]
965 2444 1267 2522 παροικίας.

420 2531 523 2599 ιη’,
588 2531 843 2611 Κληρικοὶ
873 2534 958 2588 καὶ
1016 2535 1331 2608 μονάζοντες
1377 2533 1422 2588 εἰ
1478 2536 1771 2612 φωραθεῖεν
1814 2534 1849 2603 ἢ
1880 2556 1987 2614 φα-

340 2623 665 2700 τριάζοντες,
738 2621 775 2689 ἢ
844 2622 1226 2697 συνομνύμενοι
1299 2622 1415 2677 κατ’
1482 2622 1810 2696 ἐπισκόπων,
1882 2630 1988 2680 τῶν

336 2712 555 2787 βαθμῶν
601 2713 769 2769 αὐτῶν
797 2708 1019 2767 ἔκτωτοι
1047 2709 1158 2789 [ἵσ.
1192 2710 1507 2792 ἔκπτωτοι],

420 2800 515 2862 ιθ’.
561 2789 622 2857 Ὀ
673 2799 774 2866 τὴν
805 2800 995 2855 οἰκείαν
1038 2798 1307 2865 ἀπολέσας
1338 2789 1581 2881 πατρίδα,
1615 2804 1657 2857 εἷ
1690 2801 1774 2859 ἐπ’
1820 2800 1988 2869 ἄλλην

339 2887 667 2956 Ἐκκλησίαν
696 2886 971 2960 ἐλήλυθεν,
1005 2887 1407 2963 ὰνεπιτίμητος.

416 2977 497 3037 κ’.
573 2977 900 3039 Ἐπίσκοπος
956 2976 1011 3033 δὲ
1068 2976 1212 3043 ξένον
1289 2978 1545 3057 κληρικὸν
1603 2979 1986 3058 εἷσδεξάμενος,

337 3068 476 3141 μετᾶ
520 3066 612 3123 τοῦ
640 3064 917 3145 δεχθὲντος
952 3063 1050 3131 ἔξει
1079 3068 1140 3121 τὸ
1185 3064 1569 3133 ἂκοινώνητσν.

2073 569 2303 633 honore
2352 570 2623 632 fruantur
2671 578 2920 643 tantum,
2972 577 3033 632 et
3062 572 3160 650 qui
3191 570 3413 633 ibidem
3447 576 3712 633 versatur

2074 661 2393 739 episcopus
2431 677 2443 721 :
2477 658 2532 721 ei
2566 676 2702 721 vero
2751 660 2852 740 qui
2882 677 3021 721 vere
3054 661 3545 741 metropolitauus
3594 667 3705 737 est,

2073 746 2309 828 propria
2340 757 2763 810 conserventur
2784 749 2943 829 jura.

2154 838 2252 899 13.
2302 836 2566 900 Clericus
2597 838 2822 919 absque
2867 837 3376 900 commendatitiis
3407 838 3618 901 litteris
3647 841 3708 901 in

2074 925 2227 988 alius
2257 925 2423 987 urbis
2454 927 2941 989 communionem
2977 946 3094 989 non
3127 926 3439 1007 recipitur.

2153 1016 2251 1077 14.
2277 1014 2497 1078 Cantor
2520 1025 2575 1077 et
2596 1015 2783 1079 lector
2803 1035 2837 1078 a
2854 1024 3020 1078 recta
3040 1016 3158 1078 fide
3180 1016 3437 1091 alienus,
3462 1017 3510 1077 si
3532 1015 3712 1079 ducta

2074 1122 2259 1167 uxore
2307 1103 2531 1166 liberos
2571 1104 2901 1180 sustulerit,
2958 1122 3061 1167 eos
3111 1104 3183 1166 ad
3222 1104 3707 1168 communionem

2072 1193 2337 1269 adducit,
2393 1192 2689 1274 siquidem
2743 1193 2969 1255 ibidem
3023 1194 3305 1274 baptizati
3357 1194 3596 1256 fuerint.
3646 1192 3710 1255 Si

2070 1302 2209 1347 vero
2243 1283 2506 1344 nondum
2539 1282 2659 1345 sint
2706 1283 3007 1362 baptizati,
3057 1302 3175 1345 non
3206 1282 3462 1365 amplius
3511 1282 3708 1362 bapti-

2071 1382 2277 1436 zantur
2302 1372 2460 1452 apud
2497 1372 2831 1435 liareticos.

2155 1463 2254 1525 15.
2303 1461 2650 1523 Diaconissa
2679 1460 2793 1523 nisi
2816 1461 3205 1543 quadraginta
3225 1480 3413 1525 annos
3434 1470 3568 1523 nata
3592 1479 3709 1523 non

2074 1550 2421 1614 ordinatur:
2456 1551 2508 1613 ei
2543 1560 2740 1615 autem
2773 1569 2903 1631 qua
2934 1550 3080 1612 inito
3110 1551 3517 1626 matrimonio,
3543 1568 3709 1612 sacro

2074 1640 2312 1704 muneri
2343 1640 2607 1704 dedecus
2641 1640 2929 1714 attulerit,
2964 1641 3304 1703 anathema.

2156 1731 2254 1792 16.
2284 1730 2560 1794 Monachi
2584 1737 2687 1790 aut
2708 1729 2995 1790 moniaies
3020 1731 3459 1792 matrimonium
3480 1749 3552 1791 ne
3569 1746 3703 1791 con-

2011 1838 2047 1888 B
2073 1822 2328 1885 trahant:
2352 1820 2646 1900 siquidem
2675 1819 2787 1881 hoc
2812 1819 3704 1893 fecerint,excommunicentur.

2154 1914 2253 1976 17.
2301 1910 2626 1974 Rusticana
2658 1909 2939 1990 paracia,
2971 1927 3078 1971 seu
3113 1910 3245 1990 pagi
3276 1911 3462 1985 curia,
3519 1908 3570 1973 si
3600 1907 3710 1969 tri-

2070 2002 2237 2081 ginta
2279 2018 2468 2063 annos
2523 2017 2816 2080 possessa
2844 1998 3093 2075 fuerint,
3151 1998 3613 2076 possideantur:
3661 1995 3713 2058 si

2072 2098 2271 2154 autem
2298 2090 2454 2152 intra
2476 2088 2623 2151 illud
2643 2096 2877 2169 tempus
2906 2087 3083 2150 fuerit
3114 2086 3315 2166 aliqua
3343 2089 3418 2151 de
3446 2087 3543 2150 his
3563 2104 3713 2149 con-

2075 2182 2379 2254 troversia,
2415 2179 2532 2240 sint
2558 2177 2781 2255 judicio
2815 2176 3056 2240 obnoxii
3083 2195 3284 2239 earum
3312 2193 3711 2258 possessores.

2071 2268 2134 2332 Si
2186 2286 2326 2331 vero
2370 2266 2749 2349 imperatoris
2790 2265 2965 2347 jussu
3013 2264 3155 2327 urbs
3186 2273 3467 2328 renovata
3516 2264 3712 2341 fuerit,

2071 2359 2220 2420 ordo
2251 2376 2321 2420 ac
2352 2356 2545 2419 forma
2580 2356 2853 2419 ecclesia
2902 2354 3234 2436 paracialis
3267 2354 3470 2417 civiles
3498 2374 3567 2417 ac
3598 2372 3713 2436 pu-

2072 2447 2257 2510 blicas
2287 2445 2699 2508 ordinationes
2728 2453 3030 2526 sequatur.

2155 2538 2255 2600 18.
2296 2534 2516 2597 Clerici
2544 2553 2614 2596 sc
2648 2533 2921 2595 monachi
2944 2532 2994 2593 si
3019 2534 3307 2613 comperti
3332 2532 3551 2595 fuerint
3575 2548 3715 2592 con-

2072 2624 2368 2687 venticula
2398 2623 2622 2686 habere
2658 2640 2725 2683 ac
2756 2623 3073 2700 conjurare
3104 2629 3312 2683 contra
3345 2620 3712 2702 episcopum,

2071 2714 2354 2795 gradibus
2385 2712 2509 2775 suis
2542 2711 2843 2774 excidant.

2154 2804 2253 2866 49.
2300 2803 2409 2876 Qui
2443 2801 2662 2863 amissa
2693 2799 2888 2881 patria
2917 2798 2987 2860 ad
3023 2798 3196 2861 aliam
3229 2795 3553 2862 Ecclesium
3606 2815 3713 2860 ve-

2073 2897 2250 2970 nerit,
2284 2891 2857 2974 irreprehensibilis.

2153 2987 2255 3049 ΩΟ.
2302 2983 2637 3065 EpiscOpus
2667 2981 2767 3063 qui
2801 2988 3149 3042 extraneum
3187 2980 3473 3042 clericum
3506 2996 3719 3042 susce-

2078 3075 2257 3156 perit,
2292 3092 2425 3135 cum
2460 3081 2737 3153 suscepto
2770 3067 3407 3133 excommunicabitur.

416 3154 533 3216 κα’.
596 3152 977 3229 Ἀδοκίμαστος
1034 3152 1314 3231 κληρικὸς,
1374 3154 1409 3222 ἢ
1456 3154 1644 3217 λα’ίκὸς
1702 3159 1991 3217 ἐπισκόπου

2156 3165 2257 3227 91.
2303 3162 2572 3235 Clericus
2601 3152 2705 3223 aut
2744 3159 2936 3222 laicus
2966 3177 3085 3220 non
3118 3158 3400 3241 probatus
3431 3175 3719 3221 accusans

338 3248 685 3323 κατηγορῶν,
718 3242 1081 3306 ἀνεπίδεκτος.

417 3334 533 3412 κβ’.
595 3336 655 3391 Ὀ
723 3332 776 3398 ἐξ
835 3334 1125 3411 ἀνθρώπων
1189 3342 1281 3393 τοῦ
1346 3332 1636 3392 ἐπισκόπου
1693 3337 1994 3415 γεγενημέ-

337 3446 452 3505 νου,
500 3424 568 3480 τὰ
628 3422 828 3482 ἐκείνου
871 3422 1141 3501 ἁρπάζων,
1201 3425 1295 3480 τοῦ
1348 3422 1552 3500 βαθμοῦ
1607 3424 1993 3504 ἁμαρτήσεται,

418 3513 539 3592 κγ’.
603 3516 662 3572 Οἱ
696 3512 988 3570 ἐπισκόπου
1046 3510 1172 3592 δίχα
1218 3513 1285 3581 τῆ
1345 3514 1738 3573 Κωνσταδτίνου
1795 3513 1995 3588 διατρί-

338 3603 525 3666 ϐοντες
587 3601 762 3680 πελει,
824 3602 912 3657 καὶ
968 3603 1208 3680 ταραχὰς
1278 3601 1633 3681 ἆνεγείροντες
1703 3601 1804 3681 [ἴσ.
1863 3604 1998 3660 ἀνα-

339 3692 653 3772 γείροντες1,
686 3695 784 3759 τῆς
808 3688 1000 3756 πόλεος
1028 3688 1451 3752 ἐλαυνὲσθωσαν,

419 3780 533 3845 κδ’.
594 3782 963 3858 Μοναστήριον
1022 3779 1315 3836 ἐπισκόπου
1381 3780 1571 3857 γνώμῃ
1643 3781 1833 3860 παγὲν,
1897 3805 1998 3858 με.

336 3871 473 3927 νέτω
536 3869 956 3946 ἂμεταποίητονο
1006 3870 1094 3926 καὶ
1153 3868 1234 3925 ὅτι
1308 3876 1461 3926 τοῦτο
1494 3868 1594 3947 [im
1630 3869 1658 3926 ὅ
1701 3893 1750 3928 τι
1807 3866 1997 3948 τούτῳ]

335 3962 596 4032 ἀνήκοιτο
657 3957 1030 4026 ἂνεκποίητον,
1090 3959 1151 4017 Ὀ
1209 3956 1256 4014 δ’
1303 3956 1480 4024 ἄλλως
1540 3959 1851 4041 ἐπιχειρῶν,
1901 3964 1996 4020 οὒκ

336 4051 642 4112 ἀνεύθυνος.

416 4140 529 4202 κε’,
594 4137 742 4197 Bion)
797 4139 982 4213 μηνῶν
1053 4144 1208 4217 τριῶν
1267 4140 1318 4193 αἱ
1378 4144 1484 4194 τῶν
1542 4137 1844 4198 ἐπισκόπων
1902 4162 1993 4197 τε·

337 4230 557 4287 λοῦνται
614 4227 960 4306 χειροτονίαν
1031 4226 1332 4305 παρατείνει
1382 4226 1438 4282 δὲ
1507 4228 1598 4283 τὸν
1675 4229 1870 4308 χρόνον
1926 4232 1994 4287 ἂ-

341 4320 517 4397 νάγκη
567 4339 649 4382 τις
695 4317 1081 4395 ἀπαραίτητος.
1132 4318 1188 4374 Εἰ
1235 4315 1289 4372 δὲ
1347 4318 1446 4392 μὴ,
1482 4318 1509 4373 ὁ
1551 4325 1876 4397 χειροτονῶν
1934 4321 1996 4377 τὸ

340 4408 612 4483 ἐπινίμιον
683 4405 908 4463 eiuscui“
963 4407 997 4473 ἡ
1068 4404 1252 4482 μέντοι
1326 4404 1587 4485 πρόσοδος
1646 4407 1851 4483 μενέτω
1919 4417 1996 4484 τῷ

343 4498 516 4553 οίκονό
522 4517 611 4570 μφ
620 4544 634 4557 .

2078 3253 2450 3335 episcopum,
2483 3250 2872 3332 rejiciendus.

2157 3344 2260 3407 22.
2306 3341 2420 3415 Qui
2452 3340 2735 3422 episcopo
2764 3339 2879 3401 vita
2906 3337 3133 3413 functo,
3162 3337 3325 3401 illius
3353 3335 3508 3399 bona
3538 3336 3717 3418 rapit,

2079 3430 2270 3511 gradu
2296 3430 2640 3510 dejicietur.

2161 3520 2260 3581 23.
2306 3518 2417 3592 Qui
2450 3519 2662 3599 injussi
2692 3518 2954 3599 episcopi
2988 3515 3495 3597 ConstantinOpoli
3544 3532 3716 3577 com-

2083 3615 2387 3670 morantur
2415 3626 2483 3669 sc
2514 3607 2720 3671 turbas
2752 3608 3032 3682 excitant,
3067 3606 3215 3669 urbe
3247 3604 3644 3685 expellantur.

2162 3782 2264 3846 Ἡ.
2308 3782 2728 3847 Monasterium
2761 3784 2837 3846 de
2864 3784 3159 3848 sententia
3187 3783 3448 3865 episcopi
3480 3789 3721 3843 exstru-

2085 3878 2267 3947 ctum,
2310 3880 2543 3934 maneat
2586 3873 2979 3949 immutabile,
3012 3882 3068 3935 et
3098 3872 3386 3954 quidquid
3420 3869 3491 3932 ad
3524 3869 3718 3951 ipsum

2079 3968 2338 4043 pertinet
2366 3979 2443 4024 ne
2472 3960 2789 4025 alienetur.
2825 3962 2936 4035 Qui
2972 3980 3109 4025 vero
3140 3980 3315 4031 secus
3343 3960 3577 4037 fecerit,
3602 3978 3721 4023 non

2078 4050 2192 4113 erit
2223 4050 2521 4113 innoxius.

2156 4137 2256 4201 25.
2290 4136 2451 4201 Intra
2474 4148 2597 4202 tres
2614 4157 2851 4202 menses
2874 4139 3292 4222 episcoporum
3314 4140 3724 4203 ordinationes

2080 4228 2500 4310 perﬁciantur;
2562 4237 2802 4309 tempus
2859 4247 2997 4291 vero
3058 4239 3334 4309 prorogat
3403 4228 3723 4291 necessitas

2076 4318 2277 4399 aliqua
2306 4317 2688 4381 inevitabilis.
2713 4318 2774 4381 Si
2821 4335 2995 4381 secus
3024 4318 3142 4393 fiat,
3195 4319 3481 4381 ordinans
3538 4334 3724 4399 pana

2078 4408 2193 4471 erit
2223 4406 2542 4485 obnoxius,
2568 4407 2799 4469 reditus
2822 4414 3023 4471 tamen
3048 4426 3231 4488 penes
3255 4409 3726 4490 dispensatorem

2080 4516 2214 4560 man
2224 4506 2376 4560 eant.

421 4574 565 4661 κζ’.
621 4584 913 4659 Οίκονόμος
966 4583 1063 4640 ἆνα
1110 4585 1284 4650 πάσας
1339 4584 1432 4650 τὰς
1480 4584 1806 4654 Ἐκκλησίας
1862 4586 1991 4645 ἔστω

2160 4586 2262 4651 26.
2310 4587 2694 4669 Dispensator
2725 4585 2782 4647 in
2816 4585 3101 4648 omnibus
3145 4584 3426 4647 Ecclesiis
3455 4584 3530 4646 de
3560 4583 3724 4647 clero

343 4677 448 4732 ἀπὸ
503 4682 600 4732 τοῦ
631 4673 855 4752 κλήροω
915 4676 942 4729 ὁ
990 4672 1043 4729 δὲ
1103 4683 1257 4733 τοῦτο
1312 4679 1654 4754 καταφρονῶν
1714 4675 1999 4744 ἐπίσκοπος

344 4764 438 4821 diu
460 4762 820 4843 ἀνέγκλητος.

423 4852 534 4925 κζ’,
598 4852 862 4931 Κληρικὸς
924 4852 1170 4930 ἁρπάζων
1213 4864 1465 4928 γυναῖκα,
1523 4852 1996 4924 ἆνεκκλησίαστος,

346 4944 373 4998 ὂ
428 4940 483 4998 δὲ
531 4941 725 5006 λα’ἰκδς
783 4942 921 4998 ἔστω
965 4940 1387 5020 ἇνάθεμα,κατάὶ
1440 4950 1594 5001 τοῦτο
1653 4946 1739 5002 καί
1798 4945 1825 5001 ὃ
1870 4968 1997 5004 συδ-

348 5038 512 5109 αιρῶν
548 5030 651 5109 lia.
686 5032 994 5108 συναινῶνΙ.

425 5106 643 5188 κη’.ν’0
704 5126 800 5187 τῆς
843 5106 963 5183 νέας
1022 5119 1313 5183 ἐπίσκοπος
1359 5106 1569 5195 Ῥώμης
1607 5127 1682 5195 τῷ
1740 5129 1838 5192 τῆς
1889 5148 1998 5182 πα.

354 5208 632 5288 λαιοτᾶρας
693 5210 980 5285 ὁμότιμος,
1029 5208 1112 5265 δια
1167 5208 1262 5276 τὴν
1325 5214 1431 5265 τῶν
1488 5212 1771 5291 σκήπτρων
1827 5216 1998 5291 μετά..

356 5321 555 5363 στασιν,

431 5388 538 5451 κθ’,
600 5379 680 5445 Ἀἱ
709 5387 821 5467 [ἴσ.
858 5385 945 5467 Οἱ]
978 5388 1201 5463 Πόντου,
1237 5387 1322 5443 καὶ
1383 5384 1587 5469 Ἀσίας,
1618 5390 1705 5445 καὶ
1761 5392 1993 5467 Θρᾴκης,

359 5481 451 5534 καὶ
507 5480 554 5532 οἱ
610 5475 863 5556 βάρϐαροι
922 5479 999 5549 τῷ
1055 5480 1154 5542 τῆς
1222 5476 1617 5534 Κωνσταντίνου
1686 5483 1996 5559 κεχειροτό-

366 5586 561 5630 νηνται.

438 5652 511 5716 λ’.
572 5645 629 5713 ’0
693 5650 1066 5726 καταϐιϐάζων
1136 5652 1422 5713 ἐπίσκοπον
1481 5656 1553 5719 εἷς
1623 5657 1997 5744 πρεσϐύτερον,

2083 4680 2484 4742 constituatur
2516 4700 2528 4737 :
2566 4676 2669 4758 qui
2700 4694 2838 4737 vero
2872 4677 2983 4738 hoc
3015 4675 3345 4738 contemnit
3376 4676 3719 4757 episcopus,

2084 4767 2337 4829 crimine
2370 4785 2490 4829 non
2524 4775 2709 4828 caret.

2164 4857 2264 4920 27.
2314 4855 2582 4919 Clericus
2629 4854 2949 4917 mulierum
3001 4855 3271 4935 rapiens,
3314 4852 3585 4917 Ecclesia
3611 4855 3725 4935 eji—

2083 4945 2296 5022 ciatur,
2348 4945 2534 5007 laicus
2565 4963 2701 5007 vero
2734 4944 2810 5006 sit
2839 4944 3178 5020 anathema,
3227 4952 3284 5007 et
3319 4942 3419 5026 qui
3451 4945 3545 5006 his
3575 4963 3725 5007 con-

2081 5037 2261 5098 sentit
2295 5035 2492 5098 eidem
2528 5053 2716 5115 pana
2748 5033 3124 5114 subjiciatur.

2159 5125 2259 5187 98.
2309 5127 2486 5186 Nova
2515 5123 2724 5185 Roma
2754 5124 3071 5204 episcopus
3097 5122 3304 5185 eodem
3339 5141 3476 5184 cum
3511 5119 3727 5182 veteris

2080 5214 2287 5277 Roma
2317 5213 2603 5294 episcopo
2638 5212 2866 5273 honore
2918 5211 3144 5273 fruatur
3196 5219 3436 5291 propter
3482 5206 3727 5289 Imperii

2082 5303 2562 5367 translationem.

2162 5393 2264 5456 29.
2313 5390 2510 5465 Ponti,
2546 5389 2731 5465 Asia,
2765 5389 3153 5469 Thraciaque
3190 5387 3455 5467 episcopi
3488 5403 3555 5447 ac
3584 5382 3725 5446 bar-

2084 5482 2210 5545 bari
2242 5500 2275 5543 a
2306 5479 2964 5561 Constantinopolitano
2997 5477 3369 5539 ordinentur.

2159 5659 2261 5725 30.
2311 5658 2427 5736 Qui
2476 5660 2826 5743 episcopum
2861 5653 2934 5717 ad
2966 5651 3299 5739 presbyteri
3329 5652 3577 5737 gradum
3608 5651 3721 5727 de-
