4080 6204
359 331 471 403 251

1508 331 1814 398 SYMEON
1823 332 1890 395 IS
1955 332 2544 402 METAPHRASTA‘}
2557 379 2572 396 .

3614 341 3729 408 252

358 470 560 536 mittit.
597 471 922 550 sacrilegus
955 492 967 535 :
1002 470 1132 551 ipse
1161 468 1316 530 enim
1349 466 1539 547 culpas
1589 467 1884 530 obnoxius
1932 475 1981 530 et

2102 472 2366 550 ερόσυλος⁶
2414 477 2442 531 ὁ
2472 476 2572 554 γὰρ
2630 475 2892 548 ὑπαίτιος,
2926 476 3013 533 καὶ
3070 475 3296 555 ἀνίερος.
3356 468 3411 536 ⁸0
3443 476 3493 534 δὲ
3553 501 3726 536 κατα-

357 561 693 624 sacerdotio
724 558 1146 640 indignus.Qui
1177 575 1313 620 vero
1345 557 1551 619 insons
1581 557 1852 638 dejectus
1883 569 1992 634 est,

358 649 436 714 sit
465 651 805 732 episcopus.

438 740 539 804 31.
588 741 706 801 Mos
737 749 828 800 est
857 737 1166 818 Egyptiis,
1200 737 1314 798 nisi
1345 736 1835 818 archiepiscOpus
1868 757 1997 819 per-

357 830 587 892 miserit
619 847 734 890 non
764 827 1054 901 scribere,
1091 845 1207 907 quo
1244 826 1306 888 tit
1335 834 1398 888 ut
1430 827 1674 888 minime
1718 828 1993 909 culpandi

355 919 498 989 sint,
533 937 667 981 cum
698 918 887 979 sancti
916 916 1135 979 Leonis
1165 915 1433 996 epistola;
1462 935 1578 977 non
1615 916 1993 999 subscripse-

354 1006 497 1078 rint.
534 1007 721 1069 donec
755 1004 1243 1085 archiepiscopus
1270 1014 1506 1067 creatus
1537 1004 1733 1067 fuerit.

439 1096 687 1160 Scholia
717 1097 797 1159 ad
814 1115 872 1159 Ix
896 1096 1206 1160 Canoaem
1228 1097 1608 1159 wcumenicw
1627 1105 1862 1178 quartae
1880 1115 1993 1176 sy-

356 1188 522 1252 nodi.
559 1221 625 1232 -
659 1185 995 1250 Exarchum
1028 1186 1324 1259 riiaacesis,
1380 1195 1546 1247 vocat
1594 1188 1990 1265 patriarcham

355 1276 831 1357 uniuscujusque
857 1275 1157 1349 dioecesis,
1180 1273 1290 1335 sub
1313 1292 1429 1355 quo
1455 1283 1780 1337 censentur
1809 1293 1996 1337 annu-

356 1378 762 1440 mereaturque
792 1369 1224 1440 provinciarum
1254 1366 1416 1423 illius
1438 1367 1997 1437 metropolitae.Dicit

2080 559 2346 628 ϐιϐασθεῖς
2377 563 2663 628 ἐπίσκοπος
2697 565 2948 629 ἀναίτιος.

2158 730 2267 802 λα’.
2334 741 2571 799 Εἷθισται
2620 757 2735 809 τοῖς
2794 746 3121 822 Αἰγυπτίοις,
3170 747 3214 802 εἷ
3258 746 3335 819 μὴ
3377 748 3404 802 ὁ
3469 746 3726 825 ἀρχιεπί-

2079 852 2277 896 σκοπος
2348 831 2653 912 ἒπιτρὲπῃ,
2721 834 2797 908 μὴ
2874 835 3114 915 γράφειν·
3188 832 3423 891 ἐντεῦθεν
3492 834 3724 908 ἅμεπτοι

2079 919 2155 987 μὴ
2213 919 2592 1000 ἐπιγράφοντες
2620 928 2689 999 τῇ
2718 923 2974 1000 ἐπιστοΑῂ
3034 931 3127 981 τοῦ
3159 925 3303 981 ὁσίου
3338 924 3584 999 Λέοντος,
3622 925 3724 989 ἕως

2076 1008 2493 1088 ἆρχιεπίσκοπος
2523 1012 2767 1088 γένηται,

2157 1098 2367 1177 Τγόλια
2448 1102 2521 1163 εἱς
2578 1099 2625 1157 θ’
2688 1101 2980 1183 κεφάλαιον
3047 1107 3149 1171 τῆς
3220 1101 3278 1182 ὃς
3353 1104 3726 1178 οἱκουμενιιῆς

2076 1186 2316 1251 συνόδου,
2364 1221 2441 1233 -
2496 1188 2767 1270 ’Ἐξαρχον
2798 1192 3111 1260 διοικήσεως
3164 1191 3347 1253 καλεῖ.
3379 1193 3471 1248 τὸν
3525 1214 3726 1269 πατρια-

2076 1277 2254 1357 άρχην
2312 1279 2544 1346 ἑκάστης
2602 1278 2940 1354 διοικήσεως,
2983 1280 3070 1359 by’
3129 1281 3187 1337 ὃν
3242 1284 3289 1337 οἱ
3339 1288 3446 1337 τῶν
3518 1281 3724 1349 ἐκείνης

2075 1368 2352 1446 ἔπαρχιῶν
2381 1366 2590 1425 τελοῦσι
2635 1369 3055 1446 μητροπολϊται.
3113 1370 3296 1438 Φησίν
3327 1373 3415 1427 οὖν
3468 1373 3496 1427 ὁ
3555 1372 3726 1427 κανὼν

354 1450 535 1532 igitur
553 1472 765 1526 canon,
795 1452 1032 1533 quando
1057 1450 1375 1532 episcopus
1398 1462 1499 1513 aut
1519 1451 1772 1514 clericus
1789 1454 1981 1529 cujus-

2102 1453 2260 1533 ἶτιπερ
2303 1459 2331 1512 ὁ
2392 1455 2744 1537 ἀμφισϐητῶν
2787 1461 2921 1537 πρὸς
2979 1460 3071 1515 τὸν
3129 1457 3268 1517 ἴδιον
3319 1459 3726 1535 μητροπολίτην

357 1561 591 1622 cunque
614 1540 1386 1618 dimcesis,controversiam
1413 1539 1740 1602 habetcum
1757 1542 1981 1622 propric

2108 1545 2387 1608 πίσκοποςι
2430 1546 2465 1614 ἢ
2496 1545 2751 1625 κληρικός
2807 1545 3126 1617 οἱασδήποτε
3167 1546 3508 1617 διοικήσεως.
3543 1548 3579 1616 ἢ
3636 1551 3727 1606 τὸν

358 1631 836 1711 metropolitano,
898 1630 987 1691 vel
1048 1630 1228 1708 hujus
1272 1629 1550 1690 dimcesis
1605 1630 1981 1709 patriarcham

2102 1633 2239 1701 ιῦτῆς
2297 1632 2753 1709 καταλαμϐανέτω
2822 1637 3187 1716 πατριάρχην,
3233 1637 3269 1705 ἢ
3342 1639 3387 1693 εἰ
3455 1639 3532 1712 μὴ
3582 1639 3725 1715 ’βού-

358 1719 552 1793 adeat,
587 1720 675 1783 vel
707 1721 757 1781 si
790 1718 959 1793 nolit,
996 1717 1332 1780 libertatem
1364 1717 1543 1780 habet
1564 1721 1635 1780 ad
1662 1718 1981 1781 Constanti-

2102 1744 2224 1780 ιοιτο
2261 1771 2276 1795 ,
2332 1721 2512 1781 ἄδειαν
2574 1723 2692 1805 ἔχει
2745 1727 2876 1803 πρὸς
2932 1727 3023 1781 τὸν
3081 1727 3460 1783 Κονσταντίνου
3516 1726 3724 1790 πόλεως

357 1809 761 1888 nopolitanum
814 1809 1095 1870 thronum
1128 1807 1501 1871 recurrendi.
1553 1807 1720 1880 Quod
1752 1808 1981 1889 quidem

2102 1813 2390 1891 ινατρέχειν
2439 1814 2621 1890 θρόνον
2705 1814 2835 1893 ὅπερ
2890 1818 3178 1891 προνόμιον
3236 1813 3399 1871 οὐδενὶ
3454 1822 3560 1871 τῶν
3621 1815 3725 1872 ἄλο

354 1898 725 1977 privilegium
760 1897 909 1959 nulli
938 1896 1193 1959 aliorum
1231 1897 1696 1979 patriarcharum
1743 1917 1981 1961 conces-

2102 1923 2188 1957 ,ων
2249 1908 2592 1982 πατριαρχῶν
2623 1902 2800 1978 ἐδόθη,
2838 1902 2943 1960 οὖν’
3003 1904 3063 1960 ἐκ
3093 1909 3197 1960 τῶν
3241 1905 3407 1982 ἁγίων
3461 1904 3721 1977 κανόνων,

353 2003 483 2049 sum
510 1995 621 2062 est,
640 1986 732 2050 vel
755 2005 790 2049 a
808 1986 1029 2049 sanctis
1055 1985 1388 2049 canonibus
1410 2005 1560 2067 quos
1590 2002 1981 2069 exposuerunt

2102 1992 2167 2055 ὣς
2211 1988 2443 2057 ἕξὲθεντο
2489 1993 2539 2048 αἱ
2595 1992 2950 2067 οἷκουμὲνικαὶ
3016 1992 3266 2071 τέσσαρες
3309 1992 3540 2054 σύνοδοι.
3606 1993 3723 2051 οὔτε

347 2077 734 2141 meumenicai
756 2085 975 2159 quatur
1002 2075 1233 2157 synodi,
1256 2075 1348 2139 vel
1370 2094 1403 2138 a
1425 2076 1720 2156 religiosis
1741 2076 1992 2158 legibus-

342 2232 626 2315 Ept'tamc
689 2249 986 2297 canonum
1051 2233 1359 2295 beatorum
1421 2235 1668 2297 Patrum
1727 2237 1987 2316 Ancyra:

901 2330 1432 2405 congregatarum.

421 2481 483 2546 2.
530 2480 870 2563 Presbyteri
902 2489 963 2543 et
989 2480 1223 2543 diaconi
1247 2479 1347 2562 qui
1375 2480 1539 2559 prius
1556 2480 1982 2558 sacrificarunt,

340 2570 562 2634 deinde
591 2589 732 2634 vere
757 2569 1162 2651 resipuerunt,
1184 2569 1369 2631 solius
1400 2569 1701 2631 cathedrae
1722 2579 1780 2632 et
1802 2570 1985 2633 honu-

338 2659 423 2722 ris
471 2659 793 2740 participes
847 2660 987 2734 sint,
1045 2658 1189 2720 nihil
1243 2665 1582 2720 sanctorum
1638 2659 1983 2740 mysterium

341 2757 716 2831 peragentes.

418 2839 479 2901 3.
526 2838 638 2911 Qui
674 2845 969 2899 tormenta
999 2855 1066 2899 ac
1102 2837 1212 2897 vim
1243 2854 1380 2899 vere
1404 2838 1560 2918 passi
1582 2845 1742 2913 sunt,
1768 2846 1979 2900 etcum

344 2926 656 3005 tyrannide
686 2925 855 2987 cibos
885 2924 1059 2986 idolis
1089 2924 1320 2986 oblatos
1354 2934 1759 3006 sumpserunt,
1812 2945 1983 2987 com-

340 3013 626 3075 munione
656 3032 731 3075 ne
763 3013 1230 3092 prohibeantur:
1266 3013 1400 3075 laici
1432 3032 1593 3089 vero,
1621 3016 1668 3077 si
1701 3016 1812 3076 hoc
1839 3014 1984 3096 ipsis

338 3101 650 3177 acciderit,
670 3121 738 3165 ac
760 3102 811 3163 si
837 3101 991 3164 nihil
1016 3102 1433 3183 deliquissent,
1461 3103 1510 3163 si
1534 3103 1716 3165 velint
1741 3105 1985 3166 ordines

2078 2079 2138 2136 ὲκ
2171 2086 2276 2137 τῶν
2305 2079 2534 2140 εὐσεϐῶν
2565 2083 2767 2157 νόμων.

2069 2238 2337 2315 Ἐπιτομὴ
2429 2240 2667 2298 κανόνων
2767 2247 2873 2296 τῶν
2969 2243 3024 2296 ἓν
3119 2240 3356 2320 Ἀγκύρᾳ
3449 2243 3721 2321 μακαρίων

2749 2328 3021 2408 Πατὲρων.

2147 2488 2224 2565 β’,
2262 2487 2628 2568 Πρεσϐύτεροι,
2671 2490 2757 2546 καὶ
2800 2487 3030 2543 διάκονοι
3060 2489 3121 2543 τὸ
3173 2487 3233 2544 τὸ
3262 2488 3381 2564 πρὶν
3436 2488 3720 2545 ἐπιθύσαν-

2072 2600 2180 2652 τες,
2232 2582 2356 2635 εἶτα
2412 2575 2479 2635 δι’
2534 2577 2780 2644 ἀληθείας
2853 2574 3332 2646 ἀναπαλαίσαντες,
3394 2580 3564 2652 μόνης
3619 2582 3719 2644 τῆς

2069 2666 2324 2745 καθέδρας
2403 2669 2489 2722 καὶ
2544 2669 2644 2733 τῆς
2698 2669 2862 2743 τιμῆς
2920 2664 3321 2746 μετεχέτωσαν,
3382 2664 3550 2741 μηδὲν
3610 2672 3718 2722 τῶν

2068 2756 2235 2836 ἁγίων
2266 2755 2631 2820 ἐπιτελοῦντες
2643 2799 2654 2813 .

2147 2844 2226 2923 γ’.
2285 2848 2347 2902 Oi
2402 2842 2807 2921 βασανισθέντες
2867 2844 2952 2897 καὶ
3009 2842 3308 2917 βιασθέντες
3367 2842 3599 2920 ἀληθῶς,
3633 2848 3718 2901 καὶ

2066 2934 2201 3010 μετὰ
2271 2930 2566 3011 τυραννίδος
2638 2930 2897 3008 βρώματα
2964 2928 3217 2992 λαϐόντες
3290 2930 3551 3006 εἰδώλου,
3617 2936 3715 2999 τῆς

2066 3022 2348 3083 κοινωνίας
2408 3022 2486 3095 μὴ
2552 3019 2948 3079 κολυέσθωσαν.
3032 3022 3127 3077 Καὶ
3185 3019 3367 3078 λαϊκοῖ
3438 3018 3493 3076 δὲ
3565 3028 3717 3078 τοῦτο

2068 3115 2348 3185 παθόντες,
2406 3112 2479 3174 ὡς
2554 3107 3108 3183 ούδὲνίμαρτηκότες,
3160 3111 3203 3165 εί
3257 3108 3534 3187 βούλοιντο
3584 3132 3716 3189 χει-

336 3195 651 3274 consequi,
707 3181 1175 3275 consequantur,
1232 3190 1406 3253 modo
1439 3191 1499 3253 in
1529 3192 1664 3255 aliis
1716 3193 1980 3273 irrepre-

2102 3200 2302 3263 οτονίας
2334 3181 2580 3277 ’τυχεῐν,
2643 3181 3081 3276 τυθχανὲτωσαν,
3141 3181 3308 3263 ἔλλως
3365 3181 3716 3267 ἀνεπίληπτοι

338 3282 673 3346 hensibiles
704 3283 846 3345 sint.
1400 3362 1405 3367 ι

414 3374 480 3436 4.
526 3373 830 3454 Quotquot
882 3371 1120 3433 abducti
1173 3391 1308 3434 cum
1357 3370 1540 3434 animi
1590 3371 1985 3434 delectatione

335 3462 734 3526 ascenderunt
764 3474 827 3524 et
849 3461 1261 3537 comederunt,
1277 3480 1381 3524 sex
1402 3479 1595 3524 annos
1621 3460 1984 3543 paenitentiae

337 3570 474 3615 sese
506 3551 882 3614 submittant.

415 3641 478 3706 5.
527 3640 638 3714 Qui
666 3659 801 3703 cum
835 3638 1075 3721 lugubri
1099 3648 1257 3703 veste
1278 3642 1682 3704 ascenderunt
1705 3647 1766 3701 et
1784 3656 1981 3701 come-

2065 3289 2236 3352 ὅντες.

2144 3368 2234 3443 δ”,
2279 3379 2436 3434 "eam
2483 3373 2816 3451 ἀπαγόμενοι
2876 3373 2994 3451 μετ’
3042 3379 3263 3451 ἅθυμιας
3322 3376 3573 3452 ἀνῆλθον,
3621 3379 3715 3435 γαί

2066 3471 2283 3551 ἔφαγον,
2313 3468 2399 3524 ἐπὶ
2429 3465 2665 3532 ἑξαετίαν
2696 3466 3163 3530 ὑποπιπτέτωσαν,

2141 3636 2208 3710 ε’,
2270 3647 2331 3703 Oi
2391 3645 2528 3720 μετὰ
2590 3646 2845 3709 πενθικῆς
2907 3643 3099 3710 στολῆς
3160 3642 3578 3718 ἂνεληλοθότης,
3628 3645 3715 3701 καὶ

338 3731 580 3803 derunt,
619 3750 755 3793 cum
788 3730 1065 3810 lacrymis
1099 3729 1356 3793 triennio
1387 3728 1671 3790 submissi
1694 3728 1981 3808 pceniten-

2103 3736 2347 3815 αγόντες,
2424 3734 2561 3810 μετὰ
2632 3730 2867 3808 δακρύων
2950 3731 3175 3810 τριετίαν
3244 3734 3709 3790 ὑποπιπτέτωσαν·

334 3823 477 3884 tiam
528 3829 753 3901 agant:
790 3819 842 3881 si
886 3838 1024 3881 vero
1072 3839 1192 3881 non
1243 3817 1654 3892 comederunt,
1706 3816 1977 3880 biennio.

2102 3830 2108 3881 ἱ
2154 3812 2218 3882 δὲ
2249 3825 2327 3900 μη
2370 3823 2599 3902 ἒφάγον,
2636 3820 2860 3884 διετίαν,
2926 3812 2983 3879 Ὀ
3025 3821 3125 3900 γὰρ
3180 3823 3430 3900 προάγων
3458 3823 3572 3898 βίος
3624 3828 3712 3883 καὶ

333 3909 685 3973 Praecedens
714 3910 830 3972 vita
862 3918 919 3972 et
949 3925 1349 3989 consequens,
1388 3908 1684 3987 lapsorum
1715 3906 1973 3982 scilicet,

2147 3913 2428 3987 ἑπόμενος,
2461 3908 2751 3974 σπουδαῖος
2806 3908 2903 3985 ὢν,
2937 3910 2973 3979 ἢ
3003 3913 3064 3969 οὒ
3115 3909 3430 3989 σπουδαῖος,
3462 3913 3553 3967 τὸν
3586 3910 3708 3967 ἐπί-

334 3998 489 4061 bona
517 4008 617 4062 aut
650 4000 824 4071 mala,
859 3999 1205 4079 episcopum
1238 3996 1654 4058 humaniorem
1686 4006 1786 4057 aut
1814 4013 1978 4058 seve-

332 4087 552 4151 riorem
584 4088 803 4151 reddit.

413 4179 473 4240 6.
502 4176 606 4240 Vir
624 4176 725 4257 qui
743 4176 922 4238 minis
941 4185 1160 4237 tantum
1181 4174 1430 4237 cesserit
1447 4183 1504 4236 et
1526 4174 1973 4250 sacriﬁcaverit,

334 4265 553 4367 deinde
585 4266 953 4347 paenituerit,
985 4265 1397 4347 quinquennio
1430 4265 1797 4345 paenitentia)
1829 4265 1977 4327 sub-

325 4362 740 4527 chyf'usriquis
764 4444 1038 4527 proprios
1058 4443 1226 4505 cibos
1250 4442 1478 4505 habens
1499 4443 1808 4520 gentilium
1839 4463 1977 4506 con-

2062 4025 2259 4061 σκοπον
2331 4000 2820 4080 φιλανθρωπότερον
2891 3999 2936 4056 ὢ
3006 3997 3539 4080 ἀφιλανθρωπότερον
3607 3997 3709 4056 δείο

2061 4115 2262 4153 κνυσιν.

2138 4173 2242 4259 ς’.
2317 4180 2483 4260 Ἀνὴρ
2552 4180 2749 4258 ἀπειλῇ
2798 4183 2962 4256 μόνον
3018 4179 3164 4245 εἴξας
3223 4179 3310 4236 καὶ
3363 4179 3546 4253 θύσας,
3582 4179 3707 4236 εἶτα

2060 4274 2422 4347 μετανοήσας,
2459 4270 2765 4327 πενταετίαν
2794 4269 3155 4331 ὑποπίπτέτω,

2139 4448 2215 4522 ζ’.
2265 4449 2390 4506 Ἐάν
2418 4470 2497 4514 τις
2552 4447 2667 4505 ’ίδια
2709 4447 2964 4527 βρώματα
3017 4447 3163 4526 ἔχων
3194 4446 3530 4513 συνειστιάθη
3589 4458 3704 4512 τοῖς

333 4533 500 4598 viviis
547 4534 883 4596 interfuerit
910 4533 971 4595 in
1004 4550 1211 4596 eorum
1248 4532 1437 4608 festis,
1475 4532 1719 4595 biennio
1772 4534 1969 4615 pretii-

2102 4546 2258 4597 Ινεσιν
2288 4538 2342 4595 ἐν
2372 4551 2494 4601 ταῖς
2538 4540 2751 4615 ἑορταῖς
2785 4538 2983 4611 αὐτῶν,
3017 4534 3212 4593 διετίαν
3237 4536 3605 4598 ὑποπιπτέτω.

333 4626 533 4685 tentias
562 4621 888 4703 subjaceat.

413 4711 473 4775 8.
522 4711 634 4784 Qui
682 4712 948 4774 secundo
980 4721 1040 4775 et
1080 4711 1254 4774 tertio
1287 4711 1729 4786 sacrificaverit,
1783 4712 1885 4775 sed
1919 4720 1972 4774 vi

333 4800 600 4877 adactus,
632 4801 945 4882 septennia
979 4798 1341 4880 paenitentiae
1368 4800 1737 4881 subjiciatur.

414 4891 474 4954 9.
523 4889 636 4962 Qui
666 4909 783 4952 non
814 4890 1006 4952 solum
1041 4890 1368 4952 voluntarie
1400 4891 1846 4967 sacriﬁcaverit,
1870 4911 1969 4957 ve-

334 4997 466 5042 rum
515 4978 693 5041 etiam
725 4979 906 5042 alium
959 4979 1247 5058 coegerit,
1282 4978 1490 5041 decem
1523 4998 1735 5055 annos,
1772 4984 1965 5063 paeni-

331 5073 532 5131 tentia)
560 5068 964 5131 submittatur.

408 5159 505 5221 10.
554 5158 667 5232 Qui
699 5158 984 5219 diaconus
1002 5157 1367 5220 ordinandus
1398 5167 1509 5232 est,
1534 5159 1582 5221 si
1608 5170 1969 5240 protestatus

327 5246 504 5311 fuerit
524 5249 802 5327 episcopo
828 5265 891 5309 se
914 5266 1031 5307 non
1057 5266 1231 5327 posse
1257 5247 1525 5310 caelibem
1561 5267 1961 5328 perseverare,

329 5355 514 5398 uxore
554 5338 736 5399 ducta
784 5336 860 5398 sit
911 5336 1223 5400 diaconus.
1258 5339 1318 5399 SI
1353 5355 1489 5399 vero
1521 5355 1656 5400 cum
1691 5340 1959 5416 tacuerit,

330 5435 538 5502 postea
568 5444 809 5487 uxorem
845 5425 1103 5500 duxerit,
1140 5425 1435 5506 ejiciatur.

412 5513 508 5574 H.
554 5514 615 5575 Si
666 5514 1027 5593 desponsata
1062 5515 1257 5594 puella
1311 5513 1382 5575 ab
1415 5514 1528 5577 alio
1563 5525 1728 5597 rapta
1757 5519 1959 5594 fuerit,

330 5598 512 5683 priori
543 5602 890 5666 restituitur.

2137 4717 2195 4783 η’
2211 4766 2225 4780 ,
2265 4710 2321 4776 Ὀ
2373 4715 2635 4791 δεύτερον,
2667 4717 2753 4772 καὶ
2782 4716 2955 4793 τρίτον
3013 4713 3196 4787 θύσας,
3228 4712 3365 4770 ἀλλὰ
3395 4714 3532 4790 μετᾶ
3559 4714 3699 4792 βίας,

2059 4808 2334 4864 ἑπταετίαν
2365 4805 2730 4867 ὑποπιπτέτω,

2135 4895 2207 4957 θ’.
2271 4886 2328 4954 Ὀ
2382 4895 2459 4969 μὴ
2517 4895 2678 4961 μόνον
2740 4891 3049 4956 ἐθελουσίως
3107 4892 3357 4969 τεθυκὼς,
3422 4892 3562 4951 ἀλλὰ
3615 4894 3703 4950 καὶ

2049 4986 2228 5065 ἓτερον
2260 4984 2564 5061 ἀναγκάσας
2594 4981 2860 5039 δεκαετίαν
2889 4981 3260 5044 ὑποπιπτέτω.

2129 5161 2198 5224 ι’.
2262 5152 2320 5219 Ὀ
2381 5160 2595 5237 μέλλων
2653 5159 2894 5226 διάκονος
2952 5164 3399 5242 χειροτονεῖσθαι,
3467 5161 3506 5216 εἰ
3562 5181 3695 5235 προ·

2049 5253 2370 5329 εμαρτύρετο
2434 5258 2512 5325 τῷ
2597 5250 2873 5325 ἐπισκόπῲ
2972 5252 3049 5324 μὴ
3127 5248 3369 5305 δύνασθαι
3455 5261 3702 5325 καρτερεῖ

2050 5342 2280 5421 ἄγαμος,
2327 5342 2576 5420 γαμήσας
2623 5339 2761 5397 ἔστω
2832 5338 3098 5402 διάκονοςσ
3175 5340 3220 5394 εἰ
3290 5335 3346 5394 δὲ
3417 5339 3698 5407 σιωπήσας

2047 5431 2246 5509 ἔγημεν
2273 5430 2510 5508 ὕστερον,
2543 5426 2954 5485 ἀποϐαλλέσθω.

2129 5519 2222 5577 ια’.
2272 5522 2327 5576 Ei
2383 5519 2714 5592 ἔμνηστεύθη
2763 5519 2926 5593 κόρη,
2969 5512 3189 5592 ἡρπάγη
3236 5512 3290 5570 δὲ
3329 5512 3449 5593 παρ’
3497 5513 3686 5593 ἄλλον,

2047 5616 2125 5685 τῷ
2158 5608 2393 5689 προτέρῳ
2425 5608 2842 5665 ἀποκαθίσταται
2856 5649 2873 5667 .
