4080 6204
1607 385 1941 449 EPITOME
2004 383 2374 448 GANONUM
2387 428 2398 440 .
3574 383 3688 448 254

2129 517 2226 580 12.
2261 515 2372 589 Qui
2403 525 2540 578 ante
2573 516 2866 596 baptisma
2907 519 3280 593 sacrificavit,
3317 525 3449 598 post
3479 517 3694 599 baptis-

2053 625 2148 668 ma
2178 607 2380 669 insons
2409 605 2718 669 habeatur.

401 705 500 784 ιγ’,
558 705 970 783 Χώρεπίσκοπος
1029 703 1090 760 οὗ
1143 722 1440 781 χειροτονει
1501 699 1621 756 ἄνευ
1678 697 1969 776 ἐπιτροπῆς

2137 697 2236 759 13.
2287 695 2761 777 Chorepiscopus
2819 716 2936 758 non
2996 697 3232 759 ordinat
3284 699 3412 760 sine
3457 698 3694 760 licentia

322 795 635 854 ἕπισκόπου.

2105 785 2344 867 piscopi.

401 882 469 940 ιδ’
483 931 499 947 .
592 875 880 960 ’ἱερατικὸς
980 887 1150 959 κρεῶν
1224 880 1586 958 ἀπεχόμενος,
1648 878 1973 954 γευσάμενος

2141 874 2238 938 14.
2271 874 2564 936 Sacerdos
2599 892 2630 935 ει
2663 873 2944 936 carnibus
2974 874 3301 950 abstinens,
3338 877 3438 938 ubi
3467 884 3690 938 tantum

321 975 506 1051 μόνον,
537 972 702 1034 οὕτως
749 969 1058 1050 ἀπεχέσθω·
1098 972 1142 1026 εί
1191 967 1246 1024 δὲ
1280 967 1415 1044 μηδὲ
1458 973 1564 1025 τῶν
1613 967 1747 1045 d.
1809 966 1974 1046 μετὰ]

2105 963 2397 1042 nstaverit,
2447 963 2534 1024 sic
2589 963 2886 1026 abstineat
2932 982 2945 1026 :
3005 966 3051 1026 si
3113 983 3249 1026 vero
3304 985 3501 1042 neque
3532 967 3697 1026 olera

322 1065 538 1144 κρέατος
572 1062 781 1141 γεύοιτο
811 1060 1089 1140 λαχάνων,
1125 1060 1437 1116 πεπαύσθω.

2105 1072 2186 1116 uae
2207 1072 2340 1116 cum
2368 1053 2649 1114 carnibus
2675 1062 2811 1114 sunt
2833 1063 3046 1132 gustet,
3072 1073 3105 1116 a
3123 1055 3423 1134 fungendo
3449 1074 3697 1118 munere

2056 1143 2326 1205 desistat.

400 1263 469 1303 ιε.
534 1239 663 1298 Ἐάν
716 1262 765 1296 τι
808 1239 904 1306 τῆς
981 1236 1283 1304 Εκκλησίας
1340 1237 1684 1312 πρεσκάτεροι
1745 1231 1970 1311 διαρπά-

2137 1233 2233 1297 15.
2271 1232 2330 1294 Si
2373 1231 2516 1312 quid
2550 1231 2619 1292 ad
2656 1231 2978 1294 Ecclesiam
3015 1233 3318 1312 pertinens
3369 1231 3696 1314 presbyteri

321 1352 490 1404 σειαν,
554 1329 692 1387 ἔστω
769 1325 1015 1401 ἀϐέϐαία,
1076 1328 1160 1384 καὶ
1229 1325 1431 1402 μενέτω
1503 1331 1570 1400 τῇ
1643 1323 1809 1394 κρίσει
1882 1327 1972 1378 τοῦ

2105 1323 2464 1395 istraxerint,
2518 1320 2576 1382 id
2626 1320 2948 1383 invalidum
2984 1323 3080 1398 sit,
3115 1342 3181 1384 ac
3219 1341 3402 1403 penes
3433 1322 3697 1404 episcopi

323 1420 387 1477 ὶπ
397 1421 622 1476 ισκόπου
632 1467 645 1481 ,

2105 1412 2350 1474 ndicium
2390 1421 2650 1473 maneat.

402 1499 524 1583 ις’.
593 1499 650 1567 ’0
710 1507 1132 1584 ἀλογευσάμενος
1198 1506 1299 1582 πρὸ
1356 1510 1459 1560 τῶν
1517 1504 1692 1560 εἴκοσι
1736 1502 1969 1582 χρόνων,

2141 1502 2234 1563 16.
2275 1500 2384 1572 Qui
2429 1510 2637 1562 contra
2689 1500 2980 1562 rationem
3019 1520 3233 1564 venere
3270 1501 3491 1564 abusus
3523 1501 3702 1562 fuerit

323 1595 712 1655 πεντεκαίδεκα
783 1597 955 1653 ἔτεσιν
1022 1591 1391 1650 ὑποπιπτέτω
1473 1595 1516 1648 εἶ
1583 1591 1636 1647 δὲ
1721 1593 1807 1647 καὶ
1877 1591 1975 1658 τὴν

2105 1599 2196 1653 nte
2237 1589 2440 1670 viginti
2483 1609 2698 1660 annos,
2748 1590 3094 1667 quindecim
3132 1590 3305 1653 annis
3337 1591 3701 1670 pmnitentize

325 1687 533 1756 ἠλικίαν
585 1687 786 1753 ταύτην
841 1683 1092 1761 ὑπερϐὰς,
1142 1685 1230 1740 καὶ
1272 1696 1500 1760 γυναῖκα
1546 1681 1689 1760 ἔχων
1750 1680 1973 1757 περιπέ-

2105 1679 2464 1760 nbjiciatur:
2522 1680 2571 1740 si
2627 1697 2762 1740 vero
2808 1679 2961 1741 hanc
3013 1689 3242 1743 aetatem
3298 1690 3702 1758 transgressus

325 1799 530 1850 πτωκε,
579 1776 735 1832 πέντε
792 1776 883 1832 καὶ
947 1773 1120 1831 εἴκοσι
1182 1771 1350 1829 ἔτεσιν
1406 1771 1774 1838 ὑποπιπτέέιω⁹
1836 1772 1863 1825 6
1921 1766 1976 1824 δὲ

2105 1786 2427 1846 xoremque
2475 1769 2702 1830 habens
2764 1771 2822 1830 in
2874 1770 2984 1830 hoc
3036 1778 3343 1850 peccatum
3397 1768 3700 1841 inciderit,

325 1867 410 1922 καὶ
452 1879 684 1942 γυναῖκα
742 1863 909 1942 ἔχων,
965 1864 1051 1918 καὶ
1106 1861 1234 1938 ὑπὲρ
1286 1862 1353 1918 τὰ
1409 1860 1740 1930 πεντήκοντά
1809 1857 1976 1914 τελῶν

2105 1859 2266 1938 iginti
2290 1858 2548 1939 quinque
2581 1860 2753 1920 annis
2786 1859 3199 1936 pmnitentiam
3233 1867 3365 1934 agat
3400 1875 3412 1918 ε
3457 1876 3699 1919 uxorem

320 389 440 458 253

459 528 478 556 ι
562 527 578 550 9
756 526 770 544 κ
903 535 921 544 υ
1344 543 1364 558 ,

403 529 455 604 ιβ
493 575 506 590 ,
584 536 624 584 Ο
682 547 782 597 προ
836 547 927 584 του
999 523 1364 600 βαπτίσματο,

323 617 458 674 ἔστω
486 617 621 692 μετά
666 616 725 671 τὸ
756 615 1060 691 βάπτισμα,

1447 523 1628 594 θύσας,
1686 518 1960 582 ἀνευθύνος
1984 524 2021 572 Α

327 1954 444 2035 ἔτη,
493 1955 625 2035 ἄχρι
654 1959 752 2020 τῆς
785 1951 961 2018 ἐξόδου
988 1952 1354 2010 ὑποπιπτέτω.

407 2131 498 2204 ιζ’.
559 2122 620 2190 Ὀ
678 2130 872 2208 λεπρὸς
928 2129 1380 2208 ἀλογευσάμενος,
1414 2130 1449 2197 ἢ
1507 2129 1596 2184 γαὶ
1655 2126 1972 2206 λεπρωθείς,

329 2235 444 2286 τοῖς
477 2221 893 2302 χειμαζομένοις
926 2221 1258 2300 συνεύχοιτο.

405 2399 506 2466 ιη’.
567 2390 627 2458 Ὀ
685 2399 972 2464 ἐπίσκοπος
1016 2399 1306 2471 καταστὰς,
1355 2398 1398 2452 εἰ
1457 2398 1516 2453 οὔ
1559 2395 1773 2476 δέχεται
1839 2395 1980 2472 παρά

327 2491 422 2556 τὴν
449 2488 733 2568 παροικίαν
779 2489 851 2552 εἷς
911 2488 978 2555 ἢν
1035 2486 1267 2556 ὶκλήθης
1319 2483 1436 2542 ἀλλ’
1497 2486 1694 2564 ἑτέροις
1753 2484 1978 2542 ἐπισκόο

330 2600 449 2643 ποις
508 2576 759 2657 ἐνοχλεῖ,
817 2575 1160 2656 ἀφοριζέσθω·
1226 2578 1269 2630 εἰ
1326 2573 1380 2630 δὲ
1433 2589 1548 2640 τοῖς
1609 2573 1978 2652 πρεσϐυτέριις

329 2666 495 2725 ἰτέλοι
593 2667 1072 2744 [συναριθμεῖσθαι,
1128 2665 1504 2739 συναριθμοῖτο
1563 2662 1672 2742 [ῗσ.
1764 2684 1979 2740 συναρι-

328 2755 605 2836 θμείσθω],
665 2757 722 2813 El
752 2752 806 2810 δὲ
851 2755 937 2810 καὶ
969 2768 1086 2818 τοῖς
1146 2755 1264 2809 εκεῖ
1300 2752 1612 2816 ἐπισκόποις
1671 2751 1981 2809 διαστασιά-

327 2854 424 2922 ζει,
472 2847 790 2903 ἀπωθείσθω
821 2845 906 2899 καὶ
935 2845 1034 2910 τῆς
1065 2849 1156 2898 τοῦ
1187 2841 1537 2920 πρεσϐυτέρου
1566 2842 1752 2916 τιμῆς.

413 2934 502 2994 ιθ’.
581 2937 646 2992 Ὀ
719 2931 1172 3010 ἐπαγγειλάμενος
1244 2931 1544 3010 παρθενίαν,
1605 2929 1698 2986 καῖ
1761 2931 1982 3010 ἀθετῶν,

331 3025 637 3103 τετραετίαν
680 3021 1027 3102 ἀφοριζὲσθω·
1088 3024 1137 3077 αἱ
1197 3019 1250 3076 δὲ
1311 3019 1551 3098 παρθένοι
1600 3019 1670 3081 ὼς
1731 3016 1980 3098 ἀδελφοῖς

329 3135 432 3171 τισι
467 3114 548 3191 μὴ
581 3113 942 3192 προσίτωσαν.

406 3203 479 3266 κ’.
546 3194 610 3260 ’Β
666 3200 921 3282 μοιχαλὶς
969 3201 1057 3256 καὶ
1113 3201 1139 3256 6
1193 3199 1390 3278 μοιχὸς
1449 3196 1694 3254 ἔπαετίαν
1746 3197 1983 3278 ἀφοριζὲ-

327 3299 532 3352 σθωσαν
545 3335 562 3353 .

478 3381 494 3404 9
791 3381 804 3399 θ
1170 3378 1183 3398 Ι
1531 3375 1541 3394 ο
1914 3376 1925 3396 ε

405 3404 473 3438 κα
504 3431 517 3444 ,
582 3383 648 3438 Αἱ
734 3402 928 3458 παρναι
1009 3376 1369 3454 λαμϐανουσαι
1447 3379 1654 3455 φθορια,
1719 3373 1989 3432 δεκαετιαν

328 3472 468 3529 ὕποπ
480 3470 782 3528 ιπτὲτωσαν
794 3515 806 3528 .

409 3559 516 3638 ιβ’.
596 3563 657 3617 Ὀ
703 3558 1020 3637 αὖθαιρέτως
1082 3556 1420 3637 ἀνδροφόνος,
1472 3555 1524 3612 ἐν
1585 3556 1662 3629 τῷ
1717 3553 1855 3611 τὲλει
1898 3560 1991 3612 τοῦ

329 3652 440 3727 βίου
472 3646 818 3730 τυγχανέτω.

407 3739 518 3818 κγ’.
584 3729 686 3796 νὈ
758 3735 1004 3801 ἀκούσιος
1073 3735 1327 3816 φονευτὴς
1399 3735 1708 3791 πενταετίαν
1791 3734 1990 3790 ὑποπι-

331 3830 532 3887 πτὲτω.

409 3917 513 3980 κδ’.
560 3908 621 3976 Ὀ
651 3914 1206 3994 καταμαντευόμενος,
1240 3917 1325 3970 καὶ
1383 3915 1410 3969 ὁ
1446 3913 1670 3990 εἰσάγων
1725 3912 1843 3968 τινΞι
1871 3925 1988 3976 τοῖς

333 4007 505 4070 οἴκοις
576 4007 665 4063 ἀπὶ
722 4002 987 4081 ἀνευρέσει
1044 4003 1397 4083 φαρμακείας,
1446 4002 1480 4069 ἢ
1537 4001 1810 4080 καθάρσει,
1854 4021 1987 4056 πεν-

332 4099 540 4155 ταετίαν
572 4093 924 4154 ὑποπιπτέτω
935 4142 946 4155 ,

410 4186 514 4251 κε’,
581 4185 755 4265 Κόρην
817 4205 897 4246 τις
954 4183 1446 4258 μνηστευσάμενος,
1516 4180 1852 4260 προσεφθάρη
1922 4185 1990 4255 τῇ

334 4275 536 4358 ἀδελφῆ
611 4277 800 4348 αὒτῆς,
863 4274 988 4328 εἶτα
1063 4274 1162 4338 τὴν
1225 4272 1466 4346 μνηστὴν
1537 4266 1744 4346 ἔλαϐεν,
1804 4268 1990 4347 πρώτη

337 4365 632 4444 ἀπήγξατο·
727 4364 812 4421 καὶ
872 4363 919 4418 οἱ
1006 4358 1297 4424 συνειδότες
1363 4358 1631 4416 δεκαετίαν
1690 4358 1992 4415 ὑποπιπτέ-

337 4477 532 4516 τωσαν.

698 4560 806 4624 Τῆς
853 4558 907 4614 ἂν
962 4555 1341 4631 Νεοκαισαρείᾳ
1383 4553 1618 4614 συνόδου.

419 4667 494 4730 α’.
557 4665 741 4740 Γήμας
804 4661 1178 4740 πρεσϐύτερος,
1227 4663 1606 4736 μετατιθεσθω.
1668 4658 1991 4726 Ἐξωθείσθω

341 4753 392 4812 δὲ
421 4757 736 4834 πορνεύσας,
772 4753 865 4810 καὶ
900 4753 1221 4831 μοιχεύσας.

419 4933 493 5010 β’,
527 4933 593 4989 Ἠ
624 4930 877 5011 ἀδελφοῖς
935 4953 1121 5008 γημαρ
1136 4931 1228 4997 ἐνη
1259 4927 1486 5006 δισσοῖς,
1533 4927 1617 4984 διὰ
1647 4928 1760 5004 βίου
1789 4930 1987 4992 παντὸς

344 5023 643 5089 ἐξωθείσθω·
681 5023 725 5077 εἰ
781 5019 836 5076 δὲ
911 5022 1045 5077 κατὰ
1101 5023 1190 5076 τὸν
1249 5019 1469 5075 θάνατον
1515 5017 1732 5096 ἀρνοῖτο
1764 5019 1853 5072 τὸν
1884 5018 1988 5093 γά-

346 5135 462 5185 μον,
523 5110 623 5176 ἕξει
672 5124 981 5186 μετανοιαν²
1033 5112 1076 5164 εἱ
1118 5107 1171 5164 δὲ
1244 5106 1573 5186 τελευτήσει,
1620 5112 1696 5179 τῷ
1754 5107 1988 5180 μείναντι

347 5201 590 5258 κάκιστον
599 5249 612 5262 ,

422 5289 495 5366 γ’.
543 5290 656 5348 Τῶν
717 5286 1044 5364 πολυγτέμων
1104 5290 1132 5344 6
1191 5286 1380 5366 χρόνος
1426 5283 1623 5365 σαφὴς,
1659 5285 1720 5340 τὸ
1777 5283 1831 5340 δέ
1887 5293 1985 5352 τῆς

354 5380 624 5450 μετανοίας
658 5375 954 5434 σπουδαῖον
984 5378 1138 5434 αὐτὸν
1169 5375 1542 5450 ὑποτέμνεται,

427 5555 493 5618 δ’.
528 5560 587 5614 Δί
628 5559 728 5635 πρὸ
786 5559 890 5613 τῶν
943 5559 1204 5632 πορνικῶν
1262 5555 1430 5633 ἔργων
1468 5552 1735 5627 ἐπιθυμίαι
1793 5554 1837 5609 εἰ
1882 5553 1987 5628 ὲμο

364 5643 666 5728 ποδίζοντσι,
697 5647 794 5704 οὐκ
822 5645 942 5702 ἀθεῖ
972 5643 1363 5730 ἐμποδίζονται.

2009 4534 2058 4588 D

2060 1961 2261 2011 autem
2294 1946 2619 2023 habens,ac
2640 1967 2820 2028 supra
2843 1948 3272 2030 quinquaginta
3293 1964 3482 2008 annos
3504 1954 3702 2019 natus,

2060 2055 2252 2116 usque
2281 2037 2354 2099 ad
2391 2039 2616 2100 exitum
2650 2038 2802 2102 vitae.

2143 2126 2239 2190 ΓΙ.
2276 2128 2576 2208 Leprosus
2601 2129 2704 2206 qui
2733 2137 2938 2190 contra
2967 2127 3258 2190 rationem
3291 2135 3579 2201 versatus,
3606 2133 3708 2190 aut

2063 2218 2239 2280 etiam
2272 2215 2438 2297 lepra
2468 2218 2720 2280 infectus
2751 2217 2950 2293 fuerit,
2985 2235 3120 2281 cum
3148 2217 3222 2278 iis
3242 2217 3340 2298 qui
3371 2235 3405 2280 a
3435 2215 3706 2280 daamone

2063 2306 2420 2368 infestantur
2453 2315 2608 2371 oret.

2145 2396 2238 2459 l8.
2276 2394 2606 2477 Episcopus
2649 2397 3023 2470 constitutus,
3085 2395 3136 2458 si
3193 2396 3265 2459 ab
3319 2395 3585 2459 Ecclesia
3632 2393 3705 2456 ad

2063 2502 2241 2566 quam
2275 2495 2518 2547 vocatus
2547 2495 2637 2546 est
2667 2504 2785 2546 non
2807 2485 3154 2567 recipiatur,
3186 2485 3290 2547 sed
3313 2484 3448 2546 aliis
3470 2483 3707 2564 episco-

2068 2575 2157 2654 pis
2178 2573 2480 2653 negotium
2509 2574 2782 2648 facessat,
2815 2575 3385 2636 excommunicatur.
3416 2573 3479 2637 Si
3505 2580 3704 2635 autem

2068 2661 2430 2743 presbyteris
2490 2668 2868 2725 annumerari
2923 2663 3084 2739 velit,
3140 2671 3588 2725 annumeretur.
3643 2660 3707 2726 Si

2067 2770 2206 2813 vero
2238 2751 2310 2813 ab
2337 2752 2636 2833 episcopis
2671 2752 2766 2833 qui
2801 2751 2884 2814 ibi
2914 2753 3145 2832 degunt
3185 2751 3492 2826 dissideat,
3527 2750 3704 2812 etiam

2068 2839 2507 2921 presbyteratus
2541 2841 2767 2904 honore
2797 2842 3152 2922 expellatur.

2150 2931 2246 2993 19.
2277 2929 2388 3004 Qui
2435 2930 2827 3010 virginitatem
2866 2931 3168 3012 professus
3218 2938 3330 3009 est,
3384 2948 3452 2991 ac
3509 2939 3704 2990 votum

2070 3019 2302 3080 irritum
2336 3021 2490 3095 facit,
2531 3020 2927 3102 quadriennio
2961 3019 3535 3084 excommunicetur.
3585 3016 3714 3081 Vir-

2067 3108 2236 3187 gines
2259 3129 2394 3172 vero
2420 3129 2494 3172 ne
2519 3111 2592 3172 ad
2615 3110 2845 3192 aliquos
2865 3120 3145 3188 tanquam
3168 3111 3381 3172 fratres
3398 3107 3707 3172 accedant.

2147 3199 2246 3261 20.
2299 3201 2590 3263 Adultera
2621 3208 2680 3263 et
2719 3200 2952 3263 adulter
2984 3209 3212 3283 septem
3247 3217 3436 3261 annos
3467 3217 3703 3260 excom-

2072 3289 2474 3353 municentur.

2151 3379 2252 3441 21.
2285 3379 2632 3442 Meretrices
2665 3380 3101 3442 medicamenta
3131 3377 3454 3441 enecandis
3493 3375 3710 3438 fetibus

2072 3465 2454 3546 adhibentes,
2475 3469 2680 3533 decem
2703 3489 2892 3532 annos
2915 3468 3277 3550 pcenitentim
3293 3466 3707 3546 subjiciantur.

2154 3555 2255 3620 22.
2290 3555 2670 3621 Voluntarius
2701 3560 3000 3622 homicida
3033 3559 3093 3622 in
3127 3559 3242 3621 fine
3273 3558 3406 3619 vitae
3436 3574 3708 3619 commu-

2073 3645 2314 3726 nionem
2346 3658 2760 3730 consequatur.

2151 3735 2254 3797 23.
2291 3734 2730 3798 Involuntarius
2761 3737 3057 3806 homicida
3085 3736 3499 3820 quinquennio
3531 3736 3713 3817 poeni-

2075 3825 2271 3887 tentia:
2301 3824 2675 3906 subjiciatur.

2148 3913 2248 3977 24.
2287 3913 2396 3985 Qui
2422 3914 2714 3976 vaticiniis
2761 3917 2964 3996 utitur,
3012 3923 3192 3990 atque
3237 3913 3561 3974 introducit
3594 3912 3706 3973 ali-

2071 4020 2249 4083 quem
2281 4003 2341 4065 in
2366 4004 2574 4066 domos
2597 4004 2951 4084 exquirendi
2984 4002 3256 4065 veneficii
3285 4010 3385 4063 aut
3419 4001 3712 4064 lustratio-

2073 4091 2167 4154 nis
2195 4093 2408 4172 gratia,
2433 4092 2842 4173 quinquennio
2867 4091 3233 4174 paenitentiae
3255 4089 3591 4171 subjaceat.

2154 4182 2254 4244 25.
2291 4181 2539 4255 Quidam
2577 4181 2777 4264 puella
2809 4181 3188 4262 desponsata,
3237 4180 3430 4242 sorori
3463 4180 3592 4259 ejus
3628 4179 3712 4240 vi-

2077 4271 2220 4334 tium
2258 4271 2479 4347 attulit,
2515 4271 2735 4334 deinde
2764 4289 3042 4352 sponsam
3073 4269 3326 4350 accepit,
3355 4270 3543 4349 prima
3571 4287 3710 4330 sus-

2078 4361 2294 4443 pendio
2344 4362 2522 4423 vitam
2573 4361 2772 4423 (iniit:
2826 4360 2867 4422 ii
2917 4362 3094 4422 etiam
3145 4359 3246 4438 qui
3303 4359 3438 4420 facti
3488 4356 3714 4420 conscii

2079 4458 2238 4529 sunt,
2273 4449 2566 4513 decennio
2599 4449 2962 4532 poenitentiae
2993 4447 3407 4527 subjiciantnr.

2491 4559 2728 4640 Synodf
2758 4557 3293 4621 Neocwsartensis.

2157 4667 2215 4728 1.
2250 4663 2564 4746 Presbyter
2607 4668 2703 4744 qui
2753 4681 3000 4726 uxorem
3046 4662 3304 4736 duxerit,
3337 4661 3710 4738 deponatur:

2072 4753 2124 4814 si
2153 4771 2290 4815 vero
2322 4761 2614 4815 scortatus
2650 4753 2826 4814 fuerit
2855 4761 2955 4814 aut
2993 4751 3325 4812 moechatus
3358 4749 3556 4821 fuerit,
3605 4769 3712 4811 ex-

2074 4843 2348 4923 pellatur.

2152 4931 2209 4992 2.
2250 4931 2457 4994 Mulier
2488 4952 2620 5013 qua;
2643 4933 2877 4994 duobus
2931 4935 3216 4997 fratribus
3267 4930 3560 5011 nupserit,
3610 4947 3714 5006 per

2075 5030 2253 5084 totam
2289 5021 2460 5082 vitam
2493 5021 2873 5100 expellatur:
2923 5026 2969 5086 si
3022 5043 3159 5087 vero
3212 5024 3388 5085 morti
3445 5017 3708 5097 proxima

2072 5110 2312 5191 nuptias
2357 5111 2656 5191 repudiet,
2705 5111 3111 5190 paenitentiam
3167 5123 3567 5192 consequetur
3609 5106 3710 5167 tsi

2072 5219 2211 5262 vero
2243 5200 2482 5274 obierit,
2515 5201 2818 5278 superstiti
2850 5202 2976 5262 viro
3012 5203 3358 5282 pessimum.

2153 5288 2210 5349 3.
2264 5289 2484 5352 Eorum
2536 5287 2636 5368 qui
2685 5289 2872 5350 multa
2924 5290 3298 5352 matrimonia
3354 5288 3712 5350 contrahunt

2069 5385 2306 5458 tempus
2355 5386 2584 5440 certum
2635 5387 2724 5439 est
2768 5395 2780 5439 :
2841 5379 3200 5458 paenitentia:
3254 5395 3389 5437 vero
3446 5375 3707 5437 studium

2070 5466 2216 5528 illud
2255 5466 2547 5546 praecidit.

2148 5559 2208 5618 4.
2254 5555 2764 5634 Concupiscentize
2800 5551 3216 5616 fornicationis
3258 5570 3438 5632 opera
3492 5571 3710 5634 praace-

2068 5645 2282 5706 dentes
2314 5646 2360 5705 si
2411 5642 2840 5724 impediantur,
2895 5661 3013 5703 non
3063 5641 3195 5703 sine
3235 5642 3433 5705 divino
3486 5642 3707 5706 auxilio

2067 5733 2499 5820 impediuntur.
