4080 6204
290 265 409 334 255

1448 278 1829 346 SYMEONIS
1880 281 2496 348 METAPHRAST/E.

3549 281 3669 349 256

484 403 595 479 Qui
627 402 769 470 dum
823 407 961 473 ﬁdei
998 413 1294 493 mysteriis
1352 414 1684 478 instituitur
1711 422 1936 498 peccat,

2103 415 2174 480 ε’.
2229 416 2293 475 ’0
2351 415 2403 473 ἐν
2459 423 2535 492 τῷ
2590 419 2952 490 κατηγεῖσθαι
3011 415 3351 494 ἁμαρτάνων,
3398 413 3678 493 ἀκροάσθω

286 494 485 587 audiat
518 515 633 559 non
669 517 920 580 peccans
957 519 971 565 :
1032 502 1084 565 si
1115 515 1316 567 autem
1349 504 1543 569 adhuc
1577 494 1939 587 perseveret,

290 585 530 667 penitus
561 588 862 668 ejiciatur.

368 677 427 767 θ.
491 679 812 758 Praegnans
875 683 1359 767 quandocunque
1414 685 1532 748 vult
1561 684 1936 767 baptizatur:

286 765 766 852 uniuscujusque
795 775 954 834 enim
987 765 1273 837 voluntas
1283 775 1610 855 judicatur.

371 857 429 920 '7.
478 858 790 941 Presbyter
819 881 936 925 non
983 863 1164 926 debet
1192 865 1486 928 interesse
1516 862 1782 926 convivio
1813 863 1942 942 ejus

289 947 395 1028 qui
443 949 741 1013 secundas
801 953 1034 1034 nuptias
1087 954 1397 1036 celebrat;
1439 954 1738 1036 quomodo
1777 955 1939 1016 enim

288 1037 486 1119 ipsum
513 1038 684 1103 venia
714 1040 954 1122 dignum
980 1043 1280 1123 judicabit
1307 1043 1339 1099 9

371 1127 431 1190 8.
468 1128 679 1192 Laicus
713 1132 886 1212 cujus
920 1151 1069 1195 uxor
1095 1133 1453 1197 adulterium
1490 1132 1942 1208 commisit,non

293 1217 608 1281 ascribitur
665 1219 944 1295 clerum;
1007 1229 1066 1282 et
1095 1221 1197 1302 qui
1259 1222 1320 1283 in
1351 1223 1513 1284 clero
1573 1233 1860 1299 versatur,
1893 1221 1946 1283 si

295 1316 428 1390 post
456 1307 812 1370 adulterium
845 1309 1072 1372 detinet
1105 1311 1319 1390 ipsam,
1355 1311 1697 1393 expellitur.

374 1399 433 1458 9.
469 1396 530 1460 Si
562 1398 869 1460 confessus
900 1399 1075 1462 fuerit
1104 1401 1410 1482 presbyter
1440 1421 1504 1463 se
1536 1418 1839 1482 peccasse,
1869 1399 1947 1462 ab

296 1486 597 1548 oblatione
629 1496 852 1550 tantum
878 1488 1193 1553 abstineat:
1219 1489 1489 1572 quaedam
1522 1492 1681 1552 enim
1709 1499 1950 1570 peccata

298 1575 704 1638 ordinationes
751 1578 1083 1643 remittunt.
1119 1579 1182 1642 Si
1225 1599 1363 1642 vero
1398 1599 1516 1642 non
1540 1600 1544 1603 '
1569 1581 1945 1652 conﬁteatur,

297 1683 496 1742 neque
527 1666 931 1746 convincatur,
962 1669 1088 1749 ipse
1113 1669 1204 1730 sui
1238 1677 1586 1751 potestatem
1623 1668 1825 1732 habet.

2025 507 2102 581 μὴ
2159 505 2496 584 ἁμαρτάνων
2551 507 2595 562 εί
2663 504 2707 562 δ’
2769 504 2843 562 ἔτι
2888 504 3150 584 ἐπιμένει,
3216 503 3396 562 τέλεον
3440 505 3679 562 ἀπωθεί-

2025 600 2155 656 σθω.

2106 685 2208 759 ς.
2244 686 2308 744 Ἠ
2371 689 2698 766 κυοφοροῦσα
2750 683 2839 741 ὅτε
2896 683 3035 740 θέλει
3067 683 3396 760 βαπτίζεται·
3451 685 3676 741 ἑκάστου

2026 774 2126 852 γὰρ
2169 776 2205 844 ἦ
2235 777 2534 853 προαίρεσις
2579 776 2832 854 κρίνεται.

2105 863 2176 935 ζ’.
2227 866 2344 945 Οὑχ
2402 865 2640 922 ἐστιᾶται
2673 861 2970 943 πρεσϐύτης
3023 863 3108 920 ἐπὶ
3151 861 3380 942 διγάμῳ·
3416 865 3526 928 πῶς
3577 863 3678 941 γάρ

2025 954 2184 1010 αὑτὸν
2213 953 2426 1019 ἀξιώσει
2453 952 2776 1032 συγγνώμης
2813 969 2829 1028 ;

2106 1132 2187 1200 η’.
2245 1134 2446 1198 Λαϊκὺς
2479 1134 2540 1191 οὗ
2593 1133 2628 1201 ἡ
2660 1132 2792 1210 γυνὴ
2833 1133 3215 1212 μεμοίχευται,
3247 1136 3308 1192 οὑ
3360 1131 3670 1211 κληρῶται·

2025 1223 2114 1279 καὶ
2161 1224 2188 1278 ὁ
2233 1220 2286 1279 ἐν
2338 1220 2544 1301 κλήρῳ,
2579 1223 2623 1278 εἰ
2666 1223 2802 1298 μετὰ
2858 1223 2954 1290 τὴν
3002 1230 3259 1302 μοιχείαν
3302 1221 3526 1302 κατέχει
3577 1219 3677 1277 αὑ-

2027 1311 2149 1389 τὴν,
2179 1309 2513 1373 ὲκδιώκεται,

2108 1400 2181 1462 θ’.
2241 1398 2366 1458 Ἐὰν
2421 1400 2736 1478 ὁμολογήσῃ
2791 1397 3144 1479 πρεσϐύτερος
3201 1398 3282 1457 ὅτι
3341 1402 3676 1480 προήμαρτε,

2029 1492 2109 1566 μὴ
2166 1489 2504 1569 προσφερέτω
2560 1491 2648 1546 καὶ
2703 1488 2885 1562 μόνον·
2949 1489 3065 1544 τινὰ
3107 1490 3209 1568 γὰρ
3268 1492 3374 1547 τῶν
3430 1490 3680 1568 ἁμαρτη-

2031 1579 2214 1652 ματῶν
2272 1581 2323 1635 αἱ
2353 1583 2677 1658 χειροτονίαι
2721 1578 2967 1656 ἀφιᾶσιν.
3030 1579 3086 1635 Εἰ
3129 1576 3183 1633 δὲ
3229 1579 3306 1653 μὴ
3363 1577 3679 1657 ὁμολογοίη,

2032 1667 2162 1744 μήτ’
2197 1666 2503 1748 ἐλέγχοιτο,
2537 1669 2691 1732 αὑτὸς
2720 1665 2895 1747 ἐχέτω
2937 1669 3036 1734 τὴν
3069 1666 3321 1732 ἐξουσίαν.

377 1754 475 1820 10.
510 1754 806 1818 Diaconus
846 1757 1024 1820 etiam
1075 1759 1285 1820 eodem
1318 1759 1570 1820 crimine
1600 1758 1946 1833 obstrictus,

2115 1757 2176 1820 ι’.
2245 1760 2342 1817 Καὶ
2423 1757 2664 1821 διάκονος
2722 1758 2800 1832 τῷ
2862 1760 3004 1832 αὑτῷ
3063 1760 3360 1836 συσχεθεὶς,
3416 1756 3682 1834 ὑπηρέτης

296 1844 570 1907 minister
600 1854 855 1908 maneat.

378 1937 472 1996 ll.
527 1933 613 1997 Ne
654 1935 754 1998 ﬁat
786 1936 1094 2018 presbyter
1143 1937 1257 1999 nisi
1289 1937 1660 1999 tricesimum
1719 1955 1945 2000 annum

289 2041 494 2101 agens,
557 2025 790 2087 etiamsi
857 2027 1075 2106 dignns
1134 2026 1236 2102 sit,
1300 2026 1642 2108 exemplum
1719 2025 1948 2089 habens

293 2112 623 2178 Servatoris
654 2113 966 2196 baptisma.

375 2204 474 2266 12.
508 2202 756 2286 Propter
785 2204 1058 2267 morbum
1100 2205 1429 2286 baptizatus
1459 2223 1536 2268 ne
1569 2205 1667 2268 tiat
1697 2205 1949 2286 presby-

299 2304 389 2356 ter
418 2315 431 2353 :
465 2294 580 2357 nisi
611 2293 686 2355 ob
716 2302 1017 2357 certamen
1048 2296 1202 2377 quod
1237 2303 1440 2377 postea
1471 2294 1747 2375 subierit,
1770 2303 1948 2377 atque

297 2381 604 2445 hominum
635 2384 966 2448 raritatem.

382 2471 478 2535 l3.
513 2469 828 2553 Presbyter
855 2472 981 2534 ruri
1011 2472 1232 2552 degens
1263 2472 1324 2535 in
1355 2473 1520 2536 urbis
1573 2473 1793 2554 templo
1826 2492 1948 2535 non

297 2560 530 2640 offerat,
564 2560 678 2622 nisi
713 2559 870 2623 absit
899 2563 1215 2644 episcopus
1245 2570 1525 2644 totusque
1573 2562 1954 2644 presbytero-

297 2666 430 2710 rum
463 2657 650 2712 coetus
685 2671 698 2711 :
737 2651 786 2712 si
831 2650 1254 2732 autemabsint,
1288 2662 1345 2714 et
1373 2661 1637 2730 vocetur,
1673 2651 1867 2715 offert:
1902 2659 1961 2717 et

296 2739 719 2820 chorepiscopi
752 2748 814 2801 ut
847 2740 1242 2802 comministri
1273 2741 1553 2804 olferunt.

381 2915 724 2998 l4.Septem
749 2917 986 2980 diaconi
1016 2918 1348 2980 secundum
1375 2924 1520 2982 Acta
1543 2917 1950 2999 apostolorum

297 3004 559 3066 etiamin
586 3022 797 3085 magna
817 3006 1392 3086 urbe,:septuaginta
1421 3007 1619 3070 locum
1655 3013 1950 3070 tenentes.

2033 1867 2236 1923 μενετω
2247 1892 2261 1906 .

2110 1936 2210 1996 ια’.
2277 1937 2333 1994 El
2391 1936 2470 2012 μὴ
2514 1935 2928 2015 τριακονταὲτης
2977 1936 3054 2010 μὴ
3111 1934 3336 2012 γινέσθω
3391 1930 3685 2012 πρεσϐύτε-

2028 2047 2142 2105 ρος,
2188 2025 2285 2081 κᾶν
2316 2029 2352 2103 ᾗ
2408 2023 2706 2103 ἀξιόλογος,
2741 2024 2887 2105 ἔχων
2931 2021 3229 2102 ὑπόδειγμα
3255 2025 3316 2081 τὸ
3369 2029 3464 2080 τοῦ
3498 2026 3688 2090 Σωτῆ-

2033 2137 2122 2194 ρος
2153 2117 2433 2196 φώτισμα.

2117 2206 2212 2282 ιβ’.
2261 2204 2321 2263 Ὀ
2352 2203 2437 2263 διὰ
2493 2204 2648 2262 νόσον
2689 2203 3014 2282 βαπτισθεὶς,
3049 2201 3127 2278 μὴ
3185 2201 3411 2280 γινέσθω
3453 2198 3686 2279 πρεσϐύ-

2033 2316 2208 2372 τερος,
2242 2295 2286 2350 εί
2315 2294 2392 2368 μὴ
2423 2292 2505 2350 διὰ
2551 2294 2640 2349 τὸν
2670 2292 2792 2359 ἑξῆς
2837 2291 3040 2371 ἂγῶνα,
3074 2291 3162 2349 καὶ
3193 2290 3402 2358 σπάνην
3544 2311 3688 2346 σπα-

2033 2384 2167 2460 νίαν[
2197 2383 2454 2461 ἀνθρώπω
2465 2407 2506 2442 ν.

2118 2473 2214 2550 ιγ’.
2280 2471 2609 2553 Ἐπιχώριος
2667 2467 3013 2549 πρεσϐύτερος
3062 2469 3134 2532 εἰς
3192 2469 3316 2526 ναὸν
3371 2466 3571 2531 πόλεως
3629 2468 3692 2525 οὑ

2038 2563 2314 2641 προσάγει,
2351 2563 2395 2618 εί
2438 2562 2515 2636 μὴ
2571 2559 2791 2617 ἄπεστιν
2849 2561 2876 2614 ὁ
2932 2559 3240 2637 ἐπίσκοπος,
3288 2559 3377 2615 καὶ
3435 2559 3497 2614 τὸ
3553 2577 3688 2634 πρε-

2039 2651 2310 2730 σϐυτέριον
2366 2649 2514 2707 ὅλον*
2575 2649 2666 2705 ἐὰν
2719 2647 2776 2704 δὲ
2832 2648 3034 2722 ἆπῶσι,
3084 2648 3170 2703 καὶ
3225 2647 3470 2721 καλοῖτο,
3517 2667 3688 2722 προσ-

2041 2741 2180 2818 άγει⁶
2243 2741 2329 2797 καὶ
2375 2742 2421 2797 οἶ
2481 2738 2883 2818 χωρεπίσκοποι
2941 2739 3014 2802 ὡς
3069 2734 3460 2816 σολλειτουργοὶ
3516 2757 3687 2808 προσ-

2037 2829 2272 2908 φέρουσι.

2125 2916 2214 2980 ἰδ’.
2267 2922 2382 2975 Τῶν
2411 2915 2772 2993 ἑϐδομήκοντα
2819 2915 2911 2970 τὸν
2955 2915 3117 2972 τύπον
3295 2913 3488 2995 τόπον]
3549 2915 3687 2974 ἔπτὰ

2037 3003 2267 3062 διάγονοι
2324 3006 2458 3064 κατὰ
2511 3007 2605 3068 τὰς
2667 3001 2884 3082 Πράξεις
2941 3003 3037 3061 καῖ
3096 3005 3170 3070 εἰς
3227 3003 3468 3082 μεγάλην
3530 3002 3687 3062 πόλιν

2039 3094 2274 3153 ἔστωσαν
2301 3095 2592 3175 ὑπέχοντες
2606 3136 2620 3153 .

298 3199 595 3284 Ερίιογηθ
643 3219 985 3284 canonum
1038 3209 1426 3264 sanctorum
1457 3201 1737 3266 Patrum
1782 3201 1949 3266 Sar-

2064 3201 2310 3277 Επιτομὴ
2376 3201 2614 3259 κανόνων
2679 3201 2784 3257 τῶν
2814 3199 2923 3284 μὲν,
2961 3197 3196 3278 Σαρδικῆ
3253 3201 3526 3280 μακαρίων
3575 3206 3688 3256 Ila-

724 3283 886 3344 dicae
921 3288 1492 3362 congregatarum.

381 3389 439 3449 1.
494 3387 827 3471 Episcopus
856 3407 926 3451 ex
987 3388 1215 3470 majore
1263 3389 1498 3452 civitate
1542 3389 1604 3451 in
1655 3388 1949 3450 minorem

301 3477 557 3542 transire
590 3497 708 3540 non
737 3484 1128 3560 comperitur.

379 3566 441 3631 2.
473 3566 584 3640 Qui
615 3568 792 3648 igitur
821 3585 892 3630 ex
922 3567 1133 3631 humili
1173 3569 1317 3634 sede
1345 3568 1758 3634 sublimiorem
1789 3575 1949 3629 tran-

2768 3280 2934 3360 τὲρων
2944 3327 2959 3343 .

2113 3387 2190 3447 α’.
2264 3387 2699 3467 Ἀνεξερεύνητος
2793 3387 3082 3454 ἐπίσκοπος
3153 3387 3214 3444 ἐκ
3283 3388 3521 3463 μείζονος
3605 3388 3690 3445 ἐπὶ

2031 3475 2233 3543 ἥττονα
2261 3475 2439 3540 πόλιν,

2109 3569 2181 3644 β’.
2248 3568 2308 3627 Ὀ
2337 3569 2508 3626 τοίνυν
2537 3568 2597 3624 ὲκ
2642 3576 2895 3640 ταπεινῆς
2927 3569 3009 3652 ἐφ’
3040 3569 3381 3649 ὑψηλοτέραν
3424 3591 3680 3646 μεταπη-

297 3656 440 3730 silit,
476 3664 757 3740 tanquam
788 3675 1073 3739 arrogans
1111 3667 1170 3723 et
1197 3678 1408 3722 avarus
1439 3668 1802 3740 compertus,
1843 3671 1949 3736 per

2064 3663 2161 3733 ὦν,
2219 3659 2291 3722 ὡς
2336 3656 2543 3730 ἀλαζὼν
2587 3658 2674 3716 καὶ
2734 3657 3058 3729 πλεονέκτης
3105 3657 3561 3736 ὑποϐλεπόμενος,
3607 3656 3690 3715 διὰ

298 3754 479 3810 totam
511 3747 687 3810 vitam
709 3748 1286 3814 excommunicatur.

2069 3746 2146 3803 ίου
2178 3748 2376 3810 παντὸς
2407 3746 2794 3814 ἀκοινώνητος.

379 3838 780 3920 3.Episcopos
805 3839 864 3900 in
886 3837 1135 3901 alterius
1154 3838 1419 3922 episcOpi
1445 3836 1656 3900 urbem
1683 3853 1760 3897 ne
1780 3846 1947 3896 tran-

2115 3835 2190 3913 γ’.
2255 3834 2582 3894 Ἐπισκόπου
2631 3837 2703 3900 εἷς
2763 3836 2944 3918 πόλιν,
3001 3839 3235 3909 ἄκλητος
3281 3839 3359 3914 μὴ
3409 3835 3687 3922 διαϐαίνων

299 3937 427 3991 seat
451 3947 570 3990 non
594 3928 896 3990 invitatus:
922 3945 991 3991 ac
1023 3921 1404 4009 provincialis
1428 3930 1478 3990 si
1497 3927 1758 4007 aliquam
1789 3922 1949 3985 litem

2066 3922 2144 3984 ἴσ.
2206 3923 2538 4002 διαϐαινέτωΙ
2611 3925 2920 3994 ἐπίσκοπος
2984 3931 3069 3987 καὶ
3139 3932 3168 3987 δ
3220 3926 3589 4009 ἰπαρχιώτης,
3646 3921 3691 3982 εἰ

301 4015 535 4093 habeat,
567 4015 795 4078 alienos
825 4017 1138 4098 episcopos
1169 4036 1245 4080 ne
1285 4025 1519 4090 evocet,
1556 4021 1949 4096 praeterquam

2065 4014 2089 4069 ὲ
2147 4011 2432 4089 δικάζοιτο,
2492 4013 2795 4094 ἀλλοτρίους
2861 4017 3181 4084 ἐπισκόπους
3252 4018 3348 4076 οὑκ
3401 4014 3692 4074 ἐκκαλέσε-

311 4124 345 4167 a
367 4103 631 4167 Romano
653 4104 952 4185 pontiﬁce,
983 4105 1034 4167 si
1066 4105 1347 4185 expedire
1372 4102 1750 4185 judicaverit.

2064 4125 2150 4174 ἀι,
2179 4102 2216 4171 ἢ
2249 4105 2368 4180 περὶ
2396 4110 2490 4160 τοῦ
2533 4103 2772 4178 Ῥώμης,
2811 4107 2856 4164 εί
2887 4106 3166 4185 ἐπικρίνοι.

393 4194 453 4255 4.
479 4193 771 4275 Episcopo
803 4193 1146 4274 deposito,si
1177 4193 1433 4256 afﬁrmet
1463 4209 1527 4254 se
1545 4189 1949 4254 defensionem

2122 4190 2192 4255 δ’,
2254 4191 2584 4251 Ἐπισκόπου
2659 4199 3078 4276 καθαιρεθέντος,
3141 4203 3227 4258 καὶ
3284 4199 3690 4276 διαϐεϐαιουμέ-

309 4284 651 4357 allaturum,
684 4301 802 4344 non
857 4281 1238 4369 constituitur
1270 4280 1449 4355 alius,
1483 4281 1598 4369 nisi
1649 4279 1949 4369 ep_isc0pus

2064 4303 2135 4338 mu
2176 4282 2351 4361 φέρειν
2409 4282 2723 4360 ἀπολογίαν,
2785 4289 2830 4342 εἰ
2888 4289 2967 4362 μὴ
3037 4291 3065 4346 ὁ
3107 4289 3327 4366 Ῥώμης
3389 4291 3571 4369 ὑρίζοι,
3629 4293 3691 4348 οὐ

313 4375 519 4437 Romae
578 4370 928 4444 deﬁnierit;
977 4368 1254 4450 dispiciet
1307 4369 1466 4430 enim
1525 4366 1949 4448 depositionem

2064 4370 2371 4449 ta6t8postat
2428 4371 2629 4450 ἕτερος.
2697 4379 3059 4449 Διασκοπήσει
3130 4380 3231 4458 γὰρ
3273 4380 3371 4447 τὴν
3423 4366 3687 4457 ⁷καθαίρεσ-

308 4471 410 4526 aut
439 4479 547 4561 per
577 4461 838 4561 nuntios,
868 4469 1103 4561 aut-per
1131 4458 1380 4558 litteras.
1585 4544 1597 4557 .
1758 4545 1768 4557 '

2064 4483 2128 4517 rw
2240 4461 2567 4561 ἀποστόλρις
2593 4463 2628 4532 ἢ
2657 4465 2990 4542 γράμμασιν,

393 4552 452 4614 5.
490 4549 724 4616 Silaicis
754 4546 1094 4627 petentibus
1123 4544 1771 4626 episcopum,epiaropi
1805 4561 1949 4625 pria-

2127 4549 2193 4610 ε⁹.
2257 4552 2315 4608 Et
2388 4558 2493 4608 τῶν
2549 4551 2755 4610 λαῐκὼν
2826 4555 3213 4629 ἐπιζητούντων
3272 4559 3587 4632 ἐπίσκοπον,
3642 4559 3688 4616 οἱ

312 4651 512 4704 sentes
540 4639 844 4712 sint,unus
869 4654 1011 4698 vero
1041 4633 1281 4716 quidam
1314 4635 1493 4716 absit,
1522 4642 1762 4696 vocetur
1781 4633 1960 4695 etiam

311 4731 436 4795 ille.
473 4732 534 4794 Si
571 4745 705 4790 vero
733 4732 976 4787 vocatus
1007 4741 1202 4803 neque
1231 4721 1524 4800 scribere,
1560 4741 1752 4804 neque
1781 4740 1958 4786 acce-

316 4822 460 4884 dere
488 4815 764 4890 voluerit,
798 4815 847 4876 is
876 4812 978 4894 qui
1010 4811 1234 4892 peritur
1261 4811 1595 4875 ordinetur.

392 4998 609 5065 6.Cum
644 4988 1134 5070 metropolitanns
1155 4988 1552 5062 constituitur,
1577 4990 1752 5053 vicini
1779 4990 1957 5054 etiam

318 5086 586 5172 episcopi
606 5079 957 5172 accersendi
981 5079 1211 5172 suntin
1234 5095 1409 5158 parva
1431 5082 1578 5141 urbe
1606 5089 1664 5142 et
1685 5081 1959 5172 μεθίησιιί

317 5167 470 5244 unus
495 5167 710 5240 sufﬁcit
729 5167 1393 5252 presbyter,episcopus
1415 5187 1532 5230 non
1557 5170 1955 5236 consumitur;

315 5272 367 5332 si
400 5286 540 5332 vero
571 5261 790 5348 popqu
851 5255 1333 5339 frequentissima
1380 5258 1456 5320 sit
1497 5259 1661 5338 urbs,
1697 5279 1817 5323 non
1866 5263 1954 5324 in-

317 5359 494 5440 digna
523 5362 612 5419 est
641 5351 946 5434 episcopo.

397 5435 457 5508 8.
494 5445 556 5508 Si
579 5441 841 5524 pupillus
861 5445 920 5499 et
943 5435 1207 5527 vidua,et
1227 5439 1328 5521 qui
1365 5448 1562 5504 tutore
1591 5450 1753 5505 caret
1775 5444 1826 5506 vi
1849 5463 1950 5527 op-

318 5535 626 5615 primatur,
661 5531 733 5591 iis
755 5527 1052 5608 suppetias
1084 5525 1234 5591 feret
1262 5535 1598 5613 episcopus.
1651 5525 1958 5599 Verumta-

321 5638 460 5690 men
483 5635 558 5680 ne
581 5616 874 5705 ejusmodi
895 5623 1178 5698 prastextu
1200 5617 1261 5682 in
1279 5621 1804 5708 aulaimperatoris
1820 5643 1956 5690 ver-

2043 4641 2323 4698 ἐπίσκοποι
2359 4642 2820 4718 παρουσιάσουσιν,
2871 4652 2954 4713 εἷς
3013 4647 3066 4705 δὲ
3109 4670 3191 4712 τις
3241 4647 3501 4728 ἐλλείποι,
3533 4669 3690 4725 προσ-

2042 4728 2306 4788 καλείσθω
2387 4731 2636 4797 κάκεῖνος
2674 4751 2687 4765 ·
2777 4736 2821 4792 εἰ
2889 4735 2945 4794 δὲ
3040 4737 3503 4818 προσκαλούμενος
3573 4735 3689 4794 οὔτε

2042 4821 2285 4901 γράφειν,
2345 4817 2452 4878 οὔτ’
2509 4819 2764 4894 ἐνδημεῖν
2822 4817 3090 4904 βούλοιτο,
3119 4831 3147 4886 ὁ
3201 4829 3519 4902 ζητούμενος
3560 4847 3688 4908 χει-

2041 4911 2371 4988 ροτονείσθω.

2121 4999 2222 5075 ς’.
2281 5001 2687 5080 Μητροπολίτου
2715 5003 3120 5080 καθισταμένου,
3151 5009 3245 5066 καί
3296 5010 3345 5064 οἱ
3373 5005 3690 5086 πλησιόχω-

2042 5111 2121 5168 ροι
2155 5091 2528 5167 μετάπεμπτοι
2574 5091 2802 5156 ἔσονται,
2841 5096 2938 5152 Καὶ
2968 5097 3042 5160 εἶς
3072 5098 3099 5153 ὁ
3131 5096 3307 5177 λέγειν
3342 5095 3448 5175 [ἴσ.
3481 5094 3685 5173 ὀλίγην]

2043 5179 2198 5237 πόλιν
2278 5183 2364 5238 καὶ
2433 5183 2644 5258 κώμαν,
2719 5187 2756 5261 ᾗ
2826 5185 2914 5240 καὶ
2969 5185 3056 5250 εἷς
3113 5185 3380 5262 αὐτάρκης
3458 5181 3688 5264 πρεσϐύ-

2042 5290 2218 5349 τερος,
2266 5271 2552 5335 ἐπίσκοπος
2616 5273 2676 5328 οὑ
2731 5273 3062 5334 καθίσταται.
3130 5277 3188 5334 El
3233 5275 3287 5334 δὲ
3360 5275 3693 5350 πολυανθρω·

2042 5361 2251 5428 ποτάτη
2278 5360 2484 5438 γένοιτο
2515 5359 2694 5434 πόλις,
2727 5365 2824 5420 οὑκ
2864 5361 3101 5433 ἀνάξιον.

2121 5449 2191 5522 ζ’.
2257 5450 2541 5531 Ὀρφανοῦ,
2575 5451 2662 5506 καὶ
2706 5450 2908 5529 χήρας,
2967 5453 3057 5510 καὶ
3115 5453 3467 5531 ἆπεριστάτου
3517 5455 3693 5532 βιαζο-

2040 5539 2237 5616 μένων,
2291 5541 2363 5604 είς
2416 5540 2687 5614 βοήθειαν,
2731 5538 3129 5615 κατανολμάσει
3189 5543 3496 5610 ἐπίσκοπος
3559 5540 3695 5598 ἀλλὰ

2039 5588 2244 5708 ἕξιτῶ
2273 5588 3692 5714 satis“'J...;...1'3.;.;zé;'.12"‘;;";:;,..;;;;:
