4128 6198
350 322 469 390 257

1650 320 1989 387 EPITOME
2049 317 2444 386 CANONUM.

3618 320 3736 393 258

352 463 462 521 δον·
514 462 653 521 ἀλλά
712 461 913 539 μαλλον
960 460 1201 522 διάκονος
1261 457 1559 521 στέλλοιτο,
1615 469 1742 524 Τοῖς
1786 462 1859 524 εἷς
1904 457 2002 524 τὴν

2135 453 2422 535 3tur,quin
2448 454 2643 533 potius
2662 453 2948 518 diaconus
2973 456 3351 522 mittatur.Iis
3373 478 3511 524 vero
3536 460 3640 543 qui
3662 460 3737 523 ad

352 554 636 620 ixxknahv
668 552 1053 632 προσφεύγοδσι
1088 551 1240 606 παντὶ
1272 548 1437 605 σθένει
1468 550 1788 625 βοηθητέον,

431 643 512 708 η’,
574 641 831 720 Ἀδελφοῦ
883 643 1015 719 πρὸς
1060 637 1284 718 ἀδελφὸν
1332 638 1779 715 ἀποστέλλοντος,
1812 641 1839 694 ὁ
1892 661 2006 713 μη-

357 730 675 809 τροπο)ίτης
720 732 812 788 τὸν
864 728 1164 787 ἀπόστολον
1213 730 1470 808 ίσχυετω*
1518 729 1606 784 καὶ
1637 729 1825 808 γράφει
1878 729 2007 803 πρὸς

357 821 475 885 τοὺς
506 821 562 877 ἐν
607 822 695 883 οἷς
731 822 761 888 ἦ
822 819 1033 886 ἀξίωσις
1077 818 1392 893 ἐπισκόπου,
1424 823 1516 874 τοῦ
1562 816 1861 874 ἀποστόλου
1910 817 2005 871 ἀνο

357 908 798 985 τιλαμϐάνεσθαι,

435 1004 506 1065 θ,,
563 999 852 1081 Ἀγοραῖος
884 997 1268 1078 σχολαστικὸς,
1301 998 1337 1064 ἢ
1382 995 1656 1068 πλούσιος,
1693 998 1736 1054 εἰ
1767 997 1844 1073 μὴ
1891 996 2011 1059 τοὺς

357 1091 522 1169 ἱεροὺς
580 1087 758 1166 διέλθῃ
821 1088 1054 1165 βαθμοὺς
1112 1087 1400 1153 ἐπίσκοπος
1456 1088 1515 1143 οὒ
1570 1089 1901 1144 καθίσταταν
1952 1088 2014 1142 τὸ

360 1177 415 1235 δὲ
464 1186 572 1237 τῶν
628 1179 846 1255 βαθμῶν
904 1176 1172 1253 διάστημα
1219 1180 1277 1235 οὒ
1328 1174 1445 1233 λίαν
1504 1176 1806 1255 όλιγοστον·
1842 1175 1907 1233 δι’
1955 1177 2014 1233 οὗ

359 1270 418 1325 τὸ
482 1267 704 1344 δόκιμον
757 1272 855 1335 τῆς
925 1268 1186 1332 πύστεως·
1260 1266 1351 1323 καὶ
1404 1265 1795 1344 καλοκάγαθίας
1856 1265 2015 1322 αἰ)τοῦ

358 1355 714 1432 δοκιμάζοιτο.
754 1356 813 1415 ’0
845 1357 944 1435 γαρ
975 1356 1192 1435 ὶτερως,
1229 1355 1502 1434 νεόφυτος.

439 1535 501 1599 ι’,
577 1534 635 1593 Ὀ
693 1534 1162 1614 προσκαλούμενος
1237 1533 1527 1593 ἐπίσκοπον
1581 1531 1636 1600 ἒξ
1700 1533 2013 1609 ὶπισκόπον,

359 1632 450 1683 τοῦ
475 1624 950 1703 προσκαλουμένου
1000 1622 1208 1682 ἰδιώτου
1250 1623 1634 1704 τυγχάνοντος,
1681 1624 1759 1700 μὴ
1789 1624 2016 1703 συνεχέ-

2089 544 2399 606 ecclesiam
2433 543 2783 623 confugiunt
2832 546 2968 609 totis
2998 548 3221 609 viribus
3273 551 3735 612 succurendum.

2169 636 2229 696 8.
2265 631 2325 696 Si
2377 634 2561 695 frater
2591 634 2662 695 ad
2696 634 2937 697 fratrem
3001 637 3209 714 mittat,
3234 638 3741 719 'metropolitanus

2090 727 2362 785 nuntium
2412 722 2627 785 litteris
2656 724 2781 785 suis
2830 724 3077 799 muniat,
3111 726 3450 810 scribatque
3506 729 3580 791 ad
3611 748 3739 807 eos,

2094 831 2245 894 quos
2276 811 2594 893 episcopus
2622 824 2790 891 rogat
2817 823 2879 876 ut
2910 814 3183 876 nuntium
3217 817 3567 899 suscipiant.

2178 991 2235 1054 9.
2272 989 2554 1053 Forensis
2586 992 2985 1055 scholasticus
3014 1000 3116 1055 ant
3144 991 3332 1069 dives,
3368 995 3481 1058 nisi
3519 1013 3625 1078 per
3647 1015 3746 1059 sa-

2097 1099 2233 1143 cros
2290 1079 2533 1142 orbines
2586 1083 2904 1157 transierit,
2941 1101 3057 1145 non
3112 1091 3350 1146 creatur
3405 1084 3742 1166 episcopus.

2097 1170 2400 1236 Graduum
2452 1177 2647 1232 autem
2679 1169 3064 1235 interstitium
3097 1191 3174 1234 ne
3221 1172 3400 1236 nimis
3431 1173 3608 1239 breve
3646 1175 3744 1253 sit,

2097 1279 2214 1342 quo
2275 1259 2466 1339 major
2498 1259 2637 1321 ﬁdei
2668 1279 3022 1343 morumque
3064 1259 3382 1344 probitatis
3411 1262 3542 1344 ejus
3602 1282 3745 1347 pro-

2098 1348 2257 1413 batio
2291 1347 2499 1411 haberi
2531 1350 2740 1431 possit.
2774 1349 2885 1423 Qui
2917 1351 3077 1413 enim
3134 1350 3308 1414 aliter
3336 1354 3741 1432 constituitur,

2100 1438 2431 1520 neophytus
2459 1449 2574 1499 est.

2187 1528 2280 1590 16.
2325 1526 2654 1611 Episcopus
2685 1527 2758 1589 ab
2791 1527 3072 1610 episcopo
3102 1531 3454 1607 accersitus,
3488 1532 3537 1594 si
3567 1532 3619 1594 is
3646 1532 3749 1611 qui

2098 1618 2352 1681 accersit
2412 1616 2723 1699 imperitus
2754 1617 2852 1690 sit,
2887 1636 2963 1680 ne
3011 1618 3189 1681 nimis
3218 1620 3457 1685 assidue
3504 1622 3747 1686 concio-

361 1736 547 1791 στερον
621 1712 983 1793 δημηγοροίη⁸
1051 1720 1243 1790 μῶμος
1313 1715 1414 1793 γὰρ
1483 1721 1578 1771 τοῦ
1645 1711 1877 1786 ἰδιώτου,
1931 1714 2020 1770 καὶ

2135 1722 2282 1771 ιθιυιο
2316 1729 2328 1769 :
2365 1707 2476 1770 hoc
2527 1708 2685 1770 enim
2716 1706 2996 1789 imperito
3029 1708 3144 1773 erit
3185 1709 3491 1788 dedecori,
3527 1712 3749 1795 illeque

362 1804 621 1880 μνηστεία
680 1803 776 1870 τῆς
832 1805 1136 1870 Ιιπισκοπῆς
1188 1802 1395 1878 ἐκείνῳ,
1446 1804 1535 1859 καὶ
1592 1801 1865 1884 ἀμφότερα
1924 1801 2020 1858 οὐκ

360 1894 660 1971 ἀμώμητα,
719 1894 989 1972 Ἀνάγκης
1020 1890 1147 1973 δίχα
1202 1893 1438 1971 βαρείας,
1472 1890 1725 1972 δυσχερὲς
1774 1893 1834 1948 τὸ
1892 1890 2018 1948 ὶπι-

362 1982 617 2041 πλεῖστον
675 1984 767 2040 τὸν
799 1982 1091 2041 ἐπίσκοπον
1149 1984 1248 2049 τῆς
1294 1984 1491 2046 οίιείας
1542 1980 1831 2050 ἐκκλησίας
1872 1980 2016 2039 ἀπο-

360 2071 738 2148 λιμπάνισθαι.

442 2160 542 2221 ια’.
606 2159 930 2226 Ἐπίσκοπος
1001 2160 1218 2232 κτήσεις
1296 2160 1626 2237 κεκτημένος
1682 2161 2011 2240 ὑπερορίους,

364 2254 408 2308 sl
460 2249 645 2327 μέλλει
675 2252 890 2315 ταύταις
948 2250 1105 2324 ἰέναι,
1140 2251 1433 2331 χρονιζέτώ
1491 2250 1568 2327 μή
1628 2249 1785 2308 πλέον
1820 2262 2016 2330 Κυρια-

366 2342 473 2398 κῶν
532 2341 692 2420 τριῶν
736 2339 1122 2417 διαστήματος.
1166 2340 1318 2399 Οὕτω
1369 2342 1471 2420 γὰρ
1522 2342 1558 2409 ἡ
1616 2342 1784 2418 οίκρία
1844 2351 2017 2399 τοῦτον

365 2431 565 2505 ποίμνη
637 2428 1066 2500 καταπλουτήσει
1092 2477 1108 2510 ,
1168 2432 1255 2487 καὶ
1325 2431 1482 2493 αὐτὸς
1562 2428 1758 2508 ἄτυφος
1829 2427 2017 2506 διαμέη

369 2541 533 2580 νοιτο.

450 2608 545 2685 ιβ’.
604 2608 669 2667 Ὀ
710 2610 803 2665 τὸν
866 2609 1223 2675 ἀκοινώνητον
1278 2608 1463 2667 ἅλοθεν
1521 2611 1796 2673 κοινωνίας
1833 2609 2015 2685 ἀξιῶν,

373 2700 506 2773 μετὰ
551 2704 749 2775 γνῶσιν
781 2700 876 2755 οὐκ
905 2698 1198 2765 ἀνεύθυνος.

450 2786 547 2865 ιγ’,
579 2787 640 2846 Ὀ
689 2787 813 2865 παρ’
859 2786 1117 2868 ὀξυχόλο)
1170 2790 1485 2865 κατάκριτος
1533 2790 1836 2870 ἐπικουρίας
1896 2788 2015 2846 δεό-

370 2898 549 2955 μενος,
611 2876 710 2934 οὐκ
782 2877 1125 2941 ἀνάκουστος.
1191 2877 1360 2959 ’Ἄχρι
1448 2877 1503 2935 δὲ
1561 2885 1657 2946 τῆς
1718 2880 2018 2957 ἐπικουρίας

368 2964 572 3035 δηλαδὴ
603 2967 990 3035 ἀκοινώνητος.

451 3055 540 3119 ιδ’,
603 3057 704 3115 Τὸν
732 3054 1010 3136 ἀλλότριον
1070 3058 1365 3138 ὑπηρέτην,
1398 3056 1674 3136 ἀλλότριος
1734 3057 1860 3140 δίχα
1918 3064 2018 3124 τῆς

2102 1798 2510 1878 episcopatum
2542 1796 2773 1859 ambire
2801 1796 3117 1875 videbitur,
3150 1817 3220 1863 ac
3261 1809 3513 1883 utraque
3538 1820 3747 1883 repre-

2101 1887 2445 1951 hendenda.
2480 1885 2625 1951 Sine
2654 1886 2815 1967 gravi
2850 1888 3206 1951 necessitate
3253 1889 3587 1954 diutissime
3615 1891 3746 1973 epi-

2099 1995 2345 2058 scOpum
2399 1995 2432 2038 a
2465 1994 2572 2038 sua
2604 1975 2818 2039 abesse
2861 1976 3142 2055 ecclesia,
3177 1979 3483 2058 indignum
3513 1990 3628 2046 est.

2185 2157 2279 2216 11.
2337 2154 2666 2237 Episcopus
2693 2155 2794 2237 qui
2828 2155 3238 2237 possessiones
3282 2165 3448 2221 extra
3474 2158 3747 2223 dimcesis

2102 2262 2222 2307 sure
2282 2244 2506 2308 limites
2539 2244 2742 2324 habet,
2775 2246 2822 2306 si
2874 2263 2978 2308 eas
3027 2246 3101 2307 sit
3132 2245 3454 2324 invisurus,
3489 2266 3562 2310 ne
3613 2267 3747 2311 am-

2106 2335 2259 2412 plius
2311 2353 2487 2415 quam
2540 2343 2659 2396 tres
2705 2333 3047 2397 Dominicas
3096 2346 3381 2401 moretur.
3436 2337 3536 2399 Sic
3581 2337 3740 2401 enim

2102 2422 2293 2504 ipsius
2338 2440 2477 2503 grex
2510 2440 2581 2485 eo
2613 2424 2859 2502 fruetur,
2893 2425 3140 2506 ipseque
3172 2426 3358 2487 fastus
3406 2427 3748 2507 suSpicione

2103 2511 2351 2574 carebit.

2182 2602 2281 2664 12.
2318 2601 2427 2675 Qui
2456 2602 3031 2666 excommunicatum
3063 2605 3137 2666 ab
3168 2603 3284 2667 alio
3328 2607 3748 2670 communione

2102 2691 2402 2771 dignatur,
2435 2710 2502 2753 re
2529 2692 2768 2770 cognita
2795 2711 2914 2754 non
2946 2701 3035 2755 est
3065 2695 3291 2757 insons.

2188 2782 2284 2843 13.
2318 2780 2410 2844 Ab
2442 2781 2730 2843 iracundo
2762 2781 3194 2847 condemnotus
3251 2783 3301 2845 si
3333 2786 3551 2849 auxilio
3587 2787 3750 2850 indi-

2101 2879 2257 2951 geat,
2314 2870 2650 2933 audiendus
2706 2879 2819 2933 est.
2881 2871 3201 2954 Quousque
3276 2892 3412 2938 vero
3468 2875 3748 2939 auxilium

2101 2960 2535 3041 impetraverit,
2570 2964 3125 3025 escommunicatus
3168 2973 3428 3029 maneat.

2183 3050 2281 3114 14.
2316 3050 2592 3112 Alienum
2627 3049 2962 3113 ministrum
2995 3051 3045 3113 si
3074 3052 3208 3134 quis
3250 3053 3400 3117 citra
3430 3054 3584 3117 illius
3614 3054 3749 3137 epi-

368 3144 568 3202 ὶκείνοὺ
614 3146 834 3224 γνώμης
893 3145 1161 3225 ’έμϐαθμον
1215 3148 1491 3223 καθιστὰς,
1534 3149 1871 3224 καθίστησιν,
1903 3141 2021 3205 ἀλλ’

2140 3140 2273 3220 copi
2305 3144 2665 3203 consensum
2697 3140 2757 3202 in
2781 3140 2980 3221 aliquo
3011 3141 3202 3221 gradu
3234 3143 3573 3220 constituat,
3604 3163 3751 3207 con-

369 3232 640 3297 ἀϐέϐαιον,

450 3323 541 3384 ιε’.
577 3325 637 3382 Οἱ
659 3324 743 3382 ἰπὶ
765 3329 863 3393 τῆς
894 3332 1000 3383 τῶν
1043 3326 1351 3385 ἐπισκόπων
1381 3325 1727 3406 βραδύτητος,
1757 3325 1892 3407 ὅροι,
1928 3331 2021 3384 καὶ

372 3413 455 3470 ἰπὶ
501 3411 863 3491 πρεσϐυτερων
901 3417 989 3472 καὶ
1020 3414 1275 3476 διακόνων
1302 3416 1487 3496 ἔχουσι
1516 3415 1757 3493 δύναμιν.

449 3500 573 3576 ις’.
632 3500 852 3567 Ἀδίκως
907 3504 1195 3567 ἐπίσκοπος
1251 3505 1625 3581 ἐλαυνόμενος,
1679 3507 1723 3562 εἰ
1793 3506 1877 3563 ἐπὶ
1927 3506 2025 3571 τήν

370 3592 650 3669 ἀλλοτρίαν
709 3593 901 3674 διάγοι,
955 3592 1187 3673 δεκτέος,
1233 3594 1332 3661 ἕως
1392 3596 1489 3663 τὴν
1541 3593 1687 3674 ὕϐριν
1745 3594 2025 3653 δπανασώ-

372 3704 543 3744 σοιτο.

454 3770 544 3842 ιζ’,
605 3770 863 3836 ’Ἅδεκτος
894 3774 922 3828 ὁ
978 3772 1235 3853 κληρικὸς
1266 3776 1294 3830 ὁ
1352 3774 1431 3850 μὴ
1463 3773 1631 3833 τελῶν
1684 3778 1758 3839 εἷς
1802 3776 1900 3845 τὴν
1930 3774 2025 3832 ἐκ·

371 3861 598 3928 κλησίαν
666 3860 721 3916 ἐν
791 3862 827 3937 ᾗ
884 3861 1243 3943 κεκλήρωται.
1315 3866 1639 3944 Εὐτυχιανὸς
1698 3865 1882 3941 μέντοι
1942 3865 2029 3921 καὶ

376 3958 648 4011 Μουσαῖος
708 3949 1000 4010 ἐπισκόπου
1058 3952 1250 4021 κλῆσιν
1291 3956 1385 4011 οὒκ
1434 3953 1825 4025 ὶκδικήσουσιν.
1891 3965 2028 4013 Κοι-

374 4040 597 4105 νωνικὰς
652 4040 747 4117 [ἴς.
801 4043 1097 4118 κοινωνίας]
1172 4041 1353 4119 μέντοι
1412 4043 1548 4101 κατά
1606 4045 1723 4109 τοὺς
1779 4043 2026 4122 λαϊιιοὺς,

373 4129 463 4184 ξαν
494 4126 767 4204 ἐθέλωσιν,
801 4129 1182 4196 ἐπιτεύξονται.
1540 4150 1545 4155 '

458 4217 561 4287 ιη’.
596 4214 677 4306 7’0
706 4219 772 4277 τὰ
814 4218 990 4285 καλῶς
1038 4222 1124 4277 καὶ
1154 4223 1445 4301 θεαρέστως
1503 4223 1832 4303 ἒνηνεγμένα
1886 4227 2031 4306 τύφῳ

377 4305 776 4385 παραπλεῦσαι
865 4309 1222 4389 πειρώμενος,
1284 4310 1379 4369 οὒκ
1449 4310 1764 4377 ἕπίσκοπος·
1842 4305 2030 4372 τεθεα-

379 4395 539 4473 μένος
592 4395 648 4453 δὲ
701 4397 987 4463 ἰπίσκοπος
1021 4399 1307 4458 ἐπίσκοπον
1366 4401 1662 4481 ἐρχόμενον
1694 4404 1749 4460 ἐν
1805 4426 2029 4483 στρατο-

2107 3230 2296 3293 stituit
2327 3230 2592 3311 quidem,
2630 3230 2733 3293 sed
2765 3230 3063 3293 ordinatio
3094 3231 3353 3295 invalida
3383 3242 3490 3296 est.

2188 3321 2286 3384 15.
2322 3319 2404 3382 Ea
2434 3340 2565 3402 quae
2595 3321 2670 3382 de
2724 3320 2976 3401 longiori
3011 3322 3427 3404 episcoporum
3463 3342 3623 3387 mora
3655 3324 3755 3387 de-

2108 3410 2269 3472 ﬁnita
2299 3419 2458 3487 sunt,
2492 3411 2552 3471 in
2584 3410 2952 3493 presbyteris
2983 3423 3041 3473 et
3072 3411 3338 3475 diaconis
3368 3413 3483 3476 vim
3510 3415 3748 3478 habent.

2186 3500 2285 3563 16.
2320 3500 2651 3582 Episcopus
2682 3501 2904 3581 injuste
2936 3503 3237 3582 expulsus,
3274 3504 3321 3564 si
3352 3503 3411 3565 in
3433 3504 3628 3567 aliena
3648 3523 3752 3568 ec-

2107 3588 2294 3653 clesia
2350 3589 2546 3669 degat,
2579 3589 2999 3671 suscipiendus
3028 3600 3138 3666 est,
3172 3593 3365 3656 donec
3420 3595 3756 3677 propulsata

2107 3679 2329 3760 injuria
2363 3680 2607 3760 pristino
2640 3680 2814 3741 statui
2849 3681 3165 3743 restitutus
3194 3683 3289 3746 sit.

2191 3770 2289 3831 17.
2326 3768 2592 3832 Clericus
2625 3787 2744 3831 non
2776 3769 2999 3849 degens
3049 3771 3109 3831 in
3142 3772 3391 3834 ecclesia
3421 3774 3480 3835 in
3511 3792 3626 3856 qua
3655 3790 3759 3836 ore

2114 3858 2349 3921 dinatus
2398 3867 2512 3931 est,
2572 3877 2689 3920 non
2754 3868 2845 3921 est
2899 3859 3303 3941 recipiendus.
3366 3860 3758 3943 Entychianus

2116 3958 2317 4012 tamen
2374 3956 2432 4011 et
2486 3950 2742 4012 Musaeus
2799 3948 3067 4030 episcopi
3116 3950 3577 4032 appellationem
3640 3970 3758 4013 non

2112 4037 2632 4101 sibivindicabunt
2664 4056 2679 4102 :
2713 4038 3202 4102 communionem
3233 4058 3371 4104 vero
3398 4059 3531 4104 cum
3565 4039 3756 4117 laicis,

2111 4128 2162 4191 si
2192 4127 2491 4191 voluerint
2519 4136 2984 4211 consequentur.

2194 4221 2217 4280 1
2237 4219 2583 4300 8.Quisquis
2599 4237 2668 4282 ea
2689 4238 2818 4301 quae
2833 4227 2998 4283 recte
3022 4228 3079 4284 et
3100 4239 3170 4285 ex
3189 4220 3389 4283 divino
3414 4221 3758 4304 praescripto

2112 4308 2274 4372 edita
2321 4317 2482 4387 sunt,
2518 4326 2625 4391 per
2653 4309 3051 4387 arrogantiam
3101 4309 3459 4373 labefactare
3488 4318 3758 4391 conatur,

2112 4419 2231 4462 non
2264 4408 2353 4463 est
2382 4398 3068 4481 episcopus.Episcopus
3098 4402 3146 4462 si
3180 4399 3392 4464 viderit
3415 4401 3761 4482 episcopum

378 4484 547 4560 πέδῳ,
593 4484 838 4555 ἐμποδὼν
894 4489 972 4564 μὴ
1029 4488 1278 4570 γινέσθω,
1310 4492 1356 4547 εἰ
1412 4492 1565 4571 γνοίη
1624 4494 1762 4551 κατά
1818 4516 1867 4551 τι
1924 4500 2021 4551 τῶν

2135 4490 2185 4551 td
2208 4489 2399 4551 aulam
2426 4488 2717 4571 principis
2744 4499 3095 4566 euntem,ne
3115 4495 3193 4552 sit
3215 4488 3272 4553 ei
3301 4490 3757 4572 impedimento.

378 4575 783 4654 προειρημένων
838 4577 1157 4658 ἀρχόμενον
1207 4581 1252 4637 εἶ
1282 4577 1328 4636 δ’
1384 4579 1588 4656 ἄλλως,
1622 4582 2035 4664 προαγγελλέτω

378 4666 442 4720 τὸ
472 4664 861 4734 ἀκοινώνητον.

375 4857 648 4938 Ἐπιτομὴ
707 4864 946 4920 κανόνων
1014 4864 1120 4923 τῶν
1149 4866 1243 5028 ,ἐν
1304 4869 1517 4948 Γάγγρᾳ
1571 4870 1844 4949 μακαρίων
1917 4877 2032 4929 Πα-

1117 4968 1145 5003 τ
1207 4971 1304 5011 ων,

1117 4968 1304 5011 τερων,

461 5046 537 5112 α’.
600 5050 688 5126 Τῷ
743 5050 1010 5110 ἀθετοῦντι
1067 5054 1158 5111 τὸν
1201 5056 1428 5132 νόμιμον
1469 5058 1664 5138 γάμον,
1695 5060 1782 5117 καὶ
1809 5066 1886 5133 τῷ
1930 5083 2036 5117 κα-

378 5140 685 5228 ⁴τακρίνοντι
743 5141 836 5197 τὸν
878 5151 1296 5224 κρεοφαγοὼτα,
1352 5144 1478 5228 δίχα
1542 5156 1760 5207 πνικτοῦ
1815 5150 1903 5207 καὶ
1957 5151 2037 5206 εί-

390 5226 703 5310 δωλοθύτου,
738 5230 995 5308 ἀνάθεμα.

463 5318 569 5407 βή
601 5326 689 5394 Τῷ
740 5323 973 5378 πείθοντι
1032 5322 1218 5382 δοῦλον
1274 5324 1581 5407 ἀναχωρεῖν
1622 5329 1715 5386 τοῦ
1756 5328 2035 5406 δεσπότου,

383 5405 683 5497 θεοσεϐείας
753 5409 1061 5492 προφάσει,
1136 5416 1224 5471 καὶ
1296 5405 1415 5490 τῷνή
1441 5405 1823 5496 διακρινομένῳ
1884 5405 2042 5497 μεταέ

382 5492 665 5572 λαμέάνειν
694 5498 803 5557 ἀπὸ
829 5498 1220 5582 πρεσϐυτέρων,
1253 5492 1584 5585 ὗπογυναίων
1614 5492 1872 5587 ἀνάθεμα,

463 5676 535 5756 γ⁹ο
597 5675 659 5745 ὀ
710 5679 799 5736 τὸν
828 5682 973 5739 θετον
1032 5683 1189 5743 οἶκον
1222 5686 1678 5768 εὐκαταφρόνητον
1739 5691 2034 5771 ὁνομάξων,

2116 4580 2412 4660 siquidem
2471 4580 2816 4660 cognoverit
2846 4597 2981 4641 eum
3015 4580 3091 4642 ob
3138 4580 3361 4661 aliquid
3394 4599 3604 4644 eorum
3635 4597 3766 4663 qua:

2118 4669 2400 4752 praedicta
2453 4678 2617 4751 sunt,
2654 4669 2971 4751 proﬁcisci.
3008 4668 3070 4733 Si
3122 4688 3320 4746 secus,
3354 4669 3764 4735 excommuni-

2117 4764 2410 4828 cationem
2444 4762 2500 4825 ei
2528 4762 2864 4826 denuntiet.

2119 4869 2415 4951 Epitome
2483 4887 2821 4933 canonum
2889 4876 3274 4935 sanctorum
3346 4873 3425 4935 in
3489 4873 3762 4954 Gangra

2651 4960 3229 5032 congregatarum.

2204 5065 2259 5119 1.
2289 5056 2653 5139 Improbanti
2685 5058 3014 5137 legitimum
3047 5062 3514 5140 matrimonium,
3550 5069 3608 5125 et
3631 5078 3770 5122 con-

2120 5146 2429 5211 demnanti
2459 5165 2670 5211 carnes
2724 5149 3204 5230 manducantem,
3237 5153 3460 5235 absque
3487 5151 3769 5215 suﬂ‘ocato

2120 5245 2181 5301 et
2212 5238 2560 5320 idolothyto,
2593 5239 2933 5302 anathema.

2199 5327 2259 5392 2.
2287 5326 2356 5390 Ei
2387 5327 2489 5411 qui
2516 5346 2691 5391 servo
2725 5329 3045 5411 persuadet
3076 5339 3138 5394 ut
3166 5349 3200 5394 a
3231 5330 3472 5392 domino
3504 5327 3768 5410 recedat,

2123 5418 2358 5501 pietatis
2382 5427 2691 5501 praetextu,
2721 5428 2896 5499 atque
2926 5419 2983 5482 ei
3012 5421 3113 5502 qui
3143 5420 3373 5481 dubitat
3402 5417 3775 5481 communio-

2121 5527 2257 5573 nem
2291 5527 2325 5571 a
2374 5509 2736 5592 presbyteris
2791 5509 3165 5572 matrimonio
3189 5507 3418 5588 junctis
3468 5509 3770 5592 accipere,

2119 5599 2458 5663 anathema.

2200 5689 2259 5756 3.
2293 5688 2403 5763 Qui
2422 5688 2532 5754 Dei
2552 5689 2796 5753 domum
2818 5684 3333 5770 contemptibilem
3367 5708 3500 5757 esse
3529 5689 3697 5772 dicit,
3719 5697 3777 5754 et
