  <div class='ocr_page' id='page_1' title='image "/cluster/home/n/w/nwhite01/storage/ocr_20150623/114/hvd.32044073502254/135.png"; bbox 0 0 4128 6198; ppageno 0'>
   <div class='ocr_carea' id='block_1_1' title="bbox 375 298 3757 373">
    <p class='ocr_par' dir='ltr' id='par_1_1' title="bbox 375 298 3757 373">
     <span class='ocr_line' id='line_1_1' title="bbox 375 298 3757 373; baseline 0.002 -7"><span class='ocrx_word' id='word_1_1' title='bbox 375 298 494 368; x_wconf 79' lang='lat'><strong>259</strong></span> <span class='ocrx_word' id='word_1_2' title='bbox 1423 298 1440 306; x_wconf 83' lang='grc'><em>’</em></span> <span class='ocrx_word' id='word_1_3' title='bbox 1547 299 1695 366; x_wconf 80' lang='lat' dir='ltr'><strong>SYM</strong></span> <span class='ocrx_word' id='word_1_4' title='bbox 1707 299 1930 364; x_wconf 83' lang='lat' dir='ltr'><strong>EONIS</strong></span> <span class='ocrx_word' id='word_1_5' title='bbox 1981 299 2576 368; x_wconf 83' lang='lat' dir='ltr'><strong>METAPHRASTE.</strong></span> <span class='ocrx_word' id='word_1_6' title='bbox 3638 307 3757 373; x_wconf 74' lang='grc'><strong>260</strong></span> 
     </span>
    </p>
   </div>
   <div class='ocr_carea' id='block_1_2' title="bbox 385 427 2025 522">
    <p class='ocr_par' dir='ltr' id='par_1_2' title="bbox 385 427 2025 522">
     <span class='ocr_line' id='line_1_2' title="bbox 385 427 2025 522; baseline -0.003 -26"><span class='ocrx_word' id='word_1_7' title='bbox 385 435 484 517; x_wconf 89' lang='lat' dir='ltr'><strong>qui</strong></span> <span class='ocrx_word' id='word_1_8' title='bbox 536 433 806 514; x_wconf 76' lang='lat' dir='ltr'><strong>privatim</strong></span> <span class='ocrx_word' id='word_1_9' title='bbox 859 434 1297 498; x_wconf 88' lang='lat' dir='ltr'><strong>ecclesiasticos</strong></span> <span class='ocrx_word' id='word_1_10' title='bbox 1342 438 1677 522; x_wconf 75' lang='lat' dir='ltr'><strong>conventus</strong></span> <span class='ocrx_word' id='word_1_11' title='bbox 1725 427 2025 522; x_wconf 23' lang='lat' dir='ltr'><strong>hab‘et,,ac</strong></span> 
     </span>
    </p>
   </div>
   <div class='ocr_carea' id='block_1_3' title="bbox 2139 427 3756 522">
    <p class='ocr_par' dir='ltr' id='par_1_3' title="bbox 2139 435 3756 522">
     <span class='ocr_line' id='line_1_3' title="bbox 2139 435 3756 522; baseline 0.005 -34"><span class='ocrx_word' id='word_1_12' title='bbox 2139 435 2198 490; x_wconf 82' lang='grc' dir='ltr'><strong>,αἶ</strong></span> <span class='ocrx_word' id='word_1_13' title='bbox 2256 438 2283 492; x_wconf 83' lang='grc' dir='ltr'>ὁ</span> <span class='ocrx_word' id='word_1_14' title='bbox 2339 436 2702 511; x_wconf 76' lang='grc' dir='ltr'><strong>ἐκκλησιάζων</strong></span> <span class='ocrx_word' id='word_1_15' title='bbox 2745 439 2868 522; x_wconf 76' lang='grc' dir='ltr'>ἰδίᾳ,</span> <span class='ocrx_word' id='word_1_16' title='bbox 2928 439 3014 498; x_wconf 84' lang='grc' dir='ltr'>καὶ</span> <span class='ocrx_word' id='word_1_17' title='bbox 3061 439 3200 519; x_wconf 84' lang='grc' dir='ltr'><strong>παρά</strong></span> <span class='ocrx_word' id='word_1_18' title='bbox 3258 440 3480 517; x_wconf 80' lang='grc' dir='ltr'><strong>γνώμην</strong></span> <span class='ocrx_word' id='word_1_19' title='bbox 3536 440 3756 497; x_wconf 77' lang='grc' dir='ltr'>ἐπισκόο</span> 
     </span>
    </p>
   </div>
   <div class='ocr_carea' id='block_1_4' title="bbox 381 519 2025 607">
    <p class='ocr_par' dir='ltr' id='par_1_4' title="bbox 381 519 2025 606">
     <span class='ocr_line' id='line_1_4' title="bbox 381 519 2025 606; baseline -0.003 -20"><span class='ocrx_word' id='word_1_20' title='bbox 381 532 594 606; x_wconf 64' lang='lat' dir='ltr'><strong>praeter</strong></span> <span class='ocrx_word' id='word_1_21' title='bbox 624 523 892 605; x_wconf 84' lang='lat' dir='ltr'><strong>episcopi</strong></span> <span class='ocrx_word' id='word_1_22' title='bbox 920 533 1020 586; x_wconf 88' lang='lat' dir='ltr'><strong>aut</strong></span> <span class='ocrx_word' id='word_1_23' title='bbox 1065 522 1386 603; x_wconf 79' lang='lat' dir='ltr'><strong>presbyteri</strong></span> <span class='ocrx_word' id='word_1_24' title='bbox 1421 520 1778 582; x_wconf 86' lang='lat' dir='ltr'><strong>sententiam</strong></span> <span class='ocrx_word' id='word_1_25' title='bbox 1816 519 2025 582; x_wconf 79' lang='lat' dir='ltr'><strong>Eccle-</strong></span> 
     </span>
    </p>
   </div>
   <div class='ocr_carea' id='block_1_5' title="bbox 2139 519 3754 607">
    <p class='ocr_par' dir='ltr' id='par_1_5' title="bbox 2139 519 3754 607">
     <span class='ocr_line' id='line_1_5' title="bbox 2139 519 3754 607; baseline 0.018 -29"><span class='ocrx_word' id='word_1_26' title='bbox 2139 545 2210 579; x_wconf 75' lang='grc' dir='ltr'>του</span> <span class='ocrx_word' id='word_1_27' title='bbox 2268 525 2303 602; x_wconf 67' lang='grc' dir='ltr'>ᾗ</span> <span class='ocrx_word' id='word_1_28' title='bbox 2357 525 2705 607; x_wconf 82' lang='grc' dir='ltr'>πρεσϐυτέρου</span> <span class='ocrx_word' id='word_1_29' title='bbox 2748 531 2812 587; x_wconf 80' lang='grc' dir='ltr'><strong>τά</strong></span> <span class='ocrx_word' id='word_1_30' title='bbox 2855 519 2964 598; x_wconf 68' lang='grc' dir='ltr'>τῆς</span> <span class='ocrx_word' id='word_1_31' title='bbox 3022 529 3348 596; x_wconf 76' lang='grc' dir='ltr'>Ἐκκλησίας</span> <span class='ocrx_word' id='word_1_32' title='bbox 3409 530 3600 604; x_wconf 62' lang='grc' dir='ltr'>τελῶν,</span> <span class='ocrx_word' id='word_1_33' title='bbox 3661 529 3754 597; x_wconf 67' lang='grc' dir='ltr'><strong>εἴη</strong></span> 
     </span>
    </p>
   </div>
   <div class='ocr_carea' id='block_1_6' title="bbox 382 611 2025 690">
    <p class='ocr_par' dir='ltr' id='par_1_6' title="bbox 382 611 1362 687">
     <span class='ocr_line' id='line_1_6' title="bbox 382 611 1362 687; baseline -0.005 -12"><span class='ocrx_word' id='word_1_34' title='bbox 382 615 486 676; x_wconf 69' lang='lat' dir='ltr'><strong>sim</strong></span> <span class='ocrx_word' id='word_1_35' title='bbox 517 613 718 674; x_wconf 87' lang='lat' dir='ltr'><strong>munia</strong></span> <span class='ocrx_word' id='word_1_36' title='bbox 749 614 895 687; x_wconf 87' lang='lat' dir='ltr'><strong>obit,</strong></span> <span class='ocrx_word' id='word_1_37' title='bbox 922 613 996 674; x_wconf 87' lang='lat' dir='ltr'><strong>sit</strong></span> <span class='ocrx_word' id='word_1_38' title='bbox 1029 611 1362 673; x_wconf 87' lang='lat' dir='ltr'><strong>anathema.</strong></span> 
     </span>
    </p>
   </div>
   <div class='ocr_carea' id='block_1_7' title="bbox 2139 611 2365 690">
    <p class='ocr_par' dir='ltr' id='par_1_7' title="bbox 2139 614 2365 690">
     <span class='ocr_line' id='line_1_7' title="bbox 2139 614 2365 690; baseline 0.027 -24"><span class='ocrx_word' id='word_1_39' title='bbox 2139 614 2365 690; x_wconf 73' lang='grc' dir='ltr'>ςνάθεμα.</span> 
     </span>
    </p>
   </div>
   <div class='ocr_carea' id='block_1_8' title="bbox 464 697 2029 780">
    <p class='ocr_par' dir='ltr' id='par_1_8' title="bbox 464 697 2029 780">
     <span class='ocr_line' id='line_1_8' title="bbox 464 697 2029 780; baseline -0.003 -18"><span class='ocrx_word' id='word_1_40' title='bbox 464 703 522 762; x_wconf 78' lang='grc'><strong>4.</strong></span> <span class='ocrx_word' id='word_1_41' title='bbox 579 699 862 778; x_wconf 83' lang='lat' dir='ltr'><strong>Quisquis</strong></span> <span class='ocrx_word' id='word_1_42' title='bbox 888 702 984 762; x_wconf 85' lang='lat' dir='ltr'><strong>dat</strong></span> <span class='ocrx_word' id='word_1_43' title='bbox 1029 709 1127 761; x_wconf 89' lang='lat' dir='ltr'><strong>aut</strong></span> <span class='ocrx_word' id='word_1_44' title='bbox 1155 699 1368 780; x_wconf 77' lang='lat' dir='ltr'><strong>accipit</strong></span> <span class='ocrx_word' id='word_1_45' title='bbox 1399 698 1648 760; x_wconf 77' lang='lat' dir='ltr'><strong>fractum</strong></span> <span class='ocrx_word' id='word_1_46' title='bbox 1699 697 2029 759; x_wconf 86' lang='lat' dir='ltr'><strong>oblationes</strong></span> 
     </span>
    </p>
   </div>
   <div class='ocr_carea' id='block_1_9' title="bbox 385 786 2029 869">
    <p class='ocr_par' dir='ltr' id='par_1_9' title="bbox 385 786 2029 869">
     <span class='ocr_line' id='line_1_9' title="bbox 385 786 2029 869; baseline -0.005 -13"><span class='ocrx_word' id='word_1_47' title='bbox 385 801 551 856; x_wconf 83' lang='lat' dir='ltr'><strong>extra</strong></span> <span class='ocrx_word' id='word_1_48' title='bbox 602 791 942 869; x_wconf 75' lang='lat' dir='ltr'><strong>ecclesiam,</strong></span> <span class='ocrx_word' id='word_1_49' title='bbox 977 807 1044 849; x_wconf 89' lang='lat' dir='ltr'><strong>ac</strong></span> <span class='ocrx_word' id='word_1_50' title='bbox 1103 797 1319 868; x_wconf 75' lang='lat' dir='ltr'><strong>praeter</strong></span> <span class='ocrx_word' id='word_1_51' title='bbox 1355 790 1707 850; x_wconf 90' lang='lat' dir='ltr'><strong>sententiam</strong></span> <span class='ocrx_word' id='word_1_52' title='bbox 1763 786 2029 867; x_wconf 82' lang='lat' dir='ltr'><strong>episcopi</strong></span> 
     </span>
    </p>
   </div>
   <div class='ocr_carea' id='block_1_10' title="bbox 384 877 1233 963">
    <p class='ocr_par' dir='ltr' id='par_1_10' title="bbox 384 877 1233 963">
     <span class='ocr_line' id='line_1_10' title="bbox 384 877 1233 963; baseline -0.002 -20"><span class='ocrx_word' id='word_1_53' title='bbox 384 890 481 943; x_wconf 89' lang='lat' dir='ltr'><strong>aut</strong></span> <span class='ocrx_word' id='word_1_54' title='bbox 513 879 860 963; x_wconf 77' lang='lat' dir='ltr'><strong>presbyteri,</strong></span> <span class='ocrx_word' id='word_1_55' title='bbox 894 877 1233 941; x_wconf 80' lang='lat' dir='ltr'><strong>anathema.</strong></span> 
     </span>
    </p>
   </div>
   <div class='ocr_carea' id='block_1_11' title="bbox 461 966 2024 1046">
    <p class='ocr_par' dir='ltr' id='par_1_11' title="bbox 461 966 2024 1046">
     <span class='ocr_line' id='line_1_11' title="bbox 461 966 2024 1046; baseline -0.003 -16"><span class='ocrx_word' id='word_1_56' title='bbox 461 973 518 1032; x_wconf 82' lang='lat'><strong>5.</strong></span> <span class='ocrx_word' id='word_1_57' title='bbox 556 971 667 1045; x_wconf 88' lang='lat' dir='ltr'><strong>Qui</strong></span> <span class='ocrx_word' id='word_1_58' title='bbox 699 988 815 1030; x_wconf 94' lang='lat' dir='ltr'><strong>non</strong></span> <span class='ocrx_word' id='word_1_59' title='bbox 871 967 1194 1029; x_wconf 80' lang='lat' dir='ltr'><strong>honestatis</strong></span> <span class='ocrx_word' id='word_1_60' title='bbox 1226 985 1404 1028; x_wconf 86' lang='lat' dir='ltr'><strong>causa</strong></span> <span class='ocrx_word' id='word_1_61' title='bbox 1436 966 1829 1046; x_wconf 83' lang='lat' dir='ltr'><strong>virginitatem</strong></span> <span class='ocrx_word' id='word_1_62' title='bbox 1863 966 2024 1041; x_wconf 91' lang='lat' dir='ltr'><strong>colit,</strong></span> 
     </span>
    </p>
   </div>
   <div class='ocr_carea' id='block_1_12' title="bbox 381 1055 2029 1141">
    <p class='ocr_par' dir='ltr' id='par_1_12' title="bbox 381 1055 2029 1141">
     <span class='ocr_line' id='line_1_12' title="bbox 381 1055 2029 1141; baseline -0.004 -18"><span class='ocrx_word' id='word_1_63' title='bbox 381 1061 482 1122; x_wconf 91' lang='lat' dir='ltr'><strong>sed</strong></span> <span class='ocrx_word' id='word_1_64' title='bbox 515 1079 586 1122; x_wconf 91' lang='lat' dir='ltr'><strong>eo</strong></span> <span class='ocrx_word' id='word_1_65' title='bbox 619 1059 774 1141; x_wconf 91' lang='lat' dir='ltr'><strong>quod</strong></span> <span class='ocrx_word' id='word_1_66' title='bbox 809 1055 1040 1137; x_wconf 86' lang='lat' dir='ltr'><strong>nuptias</strong></span> <span class='ocrx_word' id='word_1_67' title='bbox 1071 1056 1473 1131; x_wconf 88' lang='lat' dir='ltr'><strong>abominetur,</strong></span> <span class='ocrx_word' id='word_1_68' title='bbox 1503 1065 1603 1117; x_wconf 89' lang='lat' dir='ltr'><strong>aut</strong></span> <span class='ocrx_word' id='word_1_69' title='bbox 1633 1057 1806 1116; x_wconf 88' lang='lat' dir='ltr'><strong>etiam</strong></span> <span class='ocrx_word' id='word_1_70' title='bbox 1842 1055 1902 1116; x_wconf 90' lang='lat' dir='ltr'><strong>in</strong></span> <span class='ocrx_word' id='word_1_71' title='bbox 1924 1073 2029 1117; x_wconf 90' lang='lat' dir='ltr'><strong>eos</strong></span> 
     </span>
    </p>
   </div>
   <div class='ocr_carea' id='block_1_13' title="bbox 381 1144 2026 1229">
    <p class='ocr_par' dir='ltr' id='par_1_13' title="bbox 381 1144 2026 1229">
     <span class='ocr_line' id='line_1_13' title="bbox 381 1144 2026 1229; baseline -0.002 -21"><span class='ocrx_word' id='word_1_72' title='bbox 381 1150 480 1229; x_wconf 87' lang='lat' dir='ltr'><strong>qui</strong></span> <span class='ocrx_word' id='word_1_73' title='bbox 513 1145 889 1211; x_wconf 88' lang='lat' dir='ltr'><strong>matrimonio</strong></span> <span class='ocrx_word' id='word_1_74' title='bbox 915 1145 1110 1224; x_wconf 80' lang='lat' dir='ltr'><strong>juncti</strong></span> <span class='ocrx_word' id='word_1_75' title='bbox 1141 1150 1280 1209; x_wconf 90' lang='lat' dir='ltr'><strong>sunt</strong></span> <span class='ocrx_word' id='word_1_76' title='bbox 1315 1164 1448 1207; x_wconf 91' lang='lat' dir='ltr'><strong>sese</strong></span> <span class='ocrx_word' id='word_1_77' title='bbox 1479 1144 1741 1221; x_wconf 83' lang='lat' dir='ltr'><strong>extollat,</strong></span> <span class='ocrx_word' id='word_1_78' title='bbox 1776 1145 1853 1207; x_wconf 89' lang='lat' dir='ltr'><strong>sit</strong></span> <span class='ocrx_word' id='word_1_79' title='bbox 1880 1163 2026 1207; x_wconf 58' lang='lat' dir='ltr'><strong>ana.</strong></span> 
     </span>
    </p>
   </div>
   <div class='ocr_carea' id='block_1_14' title="bbox 380 1238 600 1304">
    <p class='ocr_par' dir='ltr' id='par_1_14' title="bbox 380 1238 600 1304">
     <span class='ocr_line' id='line_1_14' title="bbox 380 1238 600 1304; baseline 0.018 -5"><span class='ocrx_word' id='word_1_80' title='bbox 380 1238 600 1304; x_wconf 85' lang='lat' dir='ltr'><strong>thema.</strong></span> 
     </span>
    </p>
   </div>
   <div class='ocr_carea' id='block_1_15' title="bbox 460 1323 2025 1408">
    <p class='ocr_par' dir='ltr' id='par_1_15' title="bbox 460 1323 2025 1408">
     <span class='ocr_line' id='line_1_15' title="bbox 460 1323 2025 1408; baseline -0.004 -18"><span class='ocrx_word' id='word_1_81' title='bbox 460 1327 518 1390; x_wconf 89' lang='lat'><strong>6.</strong></span> <span class='ocrx_word' id='word_1_82' title='bbox 553 1327 661 1401; x_wconf 87' lang='lat' dir='ltr'><strong>Qui</strong></span> <span class='ocrx_word' id='word_1_83' title='bbox 694 1325 923 1408; x_wconf 88' lang='lat' dir='ltr'><strong>spernit</strong></span> <span class='ocrx_word' id='word_1_84' title='bbox 959 1343 1060 1388; x_wconf 91' lang='lat' dir='ltr'><strong>eos</strong></span> <span class='ocrx_word' id='word_1_85' title='bbox 1090 1327 1190 1406; x_wconf 87' lang='lat' dir='ltr'><strong>qui</strong></span> <span class='ocrx_word' id='word_1_86' title='bbox 1220 1325 1292 1388; x_wconf 90' lang='lat' dir='ltr'><strong>ad</strong></span> <span class='ocrx_word' id='word_1_87' title='bbox 1323 1343 1536 1407; x_wconf 80' lang='lat' dir='ltr'><strong>agapas</strong></span> <span class='ocrx_word' id='word_1_88' title='bbox 1564 1332 1802 1399; x_wconf 83' lang='lat' dir='ltr'><strong>vocant,</strong></span> <span class='ocrx_word' id='word_1_89' title='bbox 1837 1332 1896 1387; x_wconf 93' lang='lat' dir='ltr'><strong>et</strong></span> <span class='ocrx_word' id='word_1_90' title='bbox 1924 1323 2025 1405; x_wconf 89' lang='lat' dir='ltr'><strong>qui</strong></span> 
     </span>
    </p>
   </div>
   <div class='ocr_carea' id='block_1_16' title="bbox 378 1415 2022 1497">
    <p class='ocr_par' dir='ltr' id='par_1_16' title="bbox 378 1415 2022 1497">
     <span class='ocr_line' id='line_1_16' title="bbox 378 1415 2022 1497; baseline -0.001 -19"><span class='ocrx_word' id='word_1_91' title='bbox 378 1428 624 1479; x_wconf 78' lang='lat' dir='ltr'><strong>Vocatus</strong></span> <span class='ocrx_word' id='word_1_92' title='bbox 655 1434 788 1478; x_wconf 90' lang='lat' dir='ltr'><strong>cum</strong></span> <span class='ocrx_word' id='word_1_93' title='bbox 822 1415 914 1476; x_wconf 89' lang='lat' dir='ltr'><strong>his</strong></span> <span class='ocrx_word' id='word_1_94' title='bbox 945 1433 1062 1476; x_wconf 90' lang='lat' dir='ltr'><strong>non</strong></span> <span class='ocrx_word' id='word_1_95' title='bbox 1097 1415 1531 1477; x_wconf 75' lang='lat' dir='ltr'><strong>communicat:</strong></span> <span class='ocrx_word' id='word_1_96' title='bbox 1569 1415 1710 1476; x_wconf 91' lang='lat' dir='ltr'><strong>item</strong></span> <span class='ocrx_word' id='word_1_97' title='bbox 1743 1419 1843 1497; x_wconf 90' lang='lat' dir='ltr'><strong>qui</strong></span> <span class='ocrx_word' id='word_1_98' title='bbox 1873 1434 2022 1476; x_wconf 92' lang='lat' dir='ltr'><strong>con-</strong></span> 
     </span>
    </p>
   </div>
   <div class='ocr_carea' id='block_1_17' title="bbox 383 1503 2026 1588">
    <p class='ocr_par' dir='ltr' id='par_1_17' title="bbox 383 1503 2026 1588">
     <span class='ocr_line' id='line_1_17' title="bbox 383 1503 2026 1588; baseline 0 -20"><span class='ocrx_word' id='word_1_99' title='bbox 383 1507 628 1588; x_wconf 91' lang='lat' dir='ltr'><strong>temptui</strong></span> <span class='ocrx_word' id='word_1_100' title='bbox 651 1505 832 1569; x_wconf 88' lang='lat' dir='ltr'><strong>habet</strong></span> <span class='ocrx_word' id='word_1_101' title='bbox 853 1523 957 1567; x_wconf 91' lang='lat' dir='ltr'><strong>eos</strong></span> <span class='ocrx_word' id='word_1_102' title='bbox 983 1505 1082 1586; x_wconf 90' lang='lat' dir='ltr'><strong>qui</strong></span> <span class='ocrx_word' id='word_1_103' title='bbox 1103 1503 1528 1584; x_wconf 82' lang='lat' dir='ltr'><strong>birosgestant:</strong></span> <span class='ocrx_word' id='word_1_104' title='bbox 1564 1525 1629 1567; x_wconf 91' lang='lat' dir='ltr'><strong>ac</strong></span> <span class='ocrx_word' id='word_1_105' title='bbox 1652 1522 2026 1586; x_wconf 75' lang='lat' dir='ltr'><strong>quascunque</strong></span> 
     </span>
    </p>
   </div>
   <div class='ocr_carea' id='block_1_18' title="bbox 382 1593 2027 1675">
    <p class='ocr_par' dir='ltr' id='par_1_18' title="bbox 382 1593 2027 1675">
     <span class='ocr_line' id='line_1_18' title="bbox 382 1593 2027 1675; baseline -0.001 -18"><span class='ocrx_word' id='word_1_106' title='bbox 382 1596 664 1659; x_wconf 82' lang='lat' dir='ltr'><strong>mulieres</strong></span> <span class='ocrx_word' id='word_1_107' title='bbox 685 1595 941 1656; x_wconf 91' lang='lat' dir='ltr'><strong>virorum</strong></span> <span class='ocrx_word' id='word_1_108' title='bbox 965 1593 1284 1655; x_wconf 87' lang='lat' dir='ltr'><strong>abutuntur</strong></span> <span class='ocrx_word' id='word_1_109' title='bbox 1303 1594 1690 1666; x_wconf 83' lang='lat' dir='ltr'><strong>vestimentis,</strong></span> <span class='ocrx_word' id='word_1_110' title='bbox 1717 1613 1964 1675; x_wconf 64' lang='lat' dir='ltr'><strong>quaeque</strong></span> <span class='ocrx_word' id='word_1_111' title='bbox 1993 1612 2027 1656; x_wconf 90' lang='lat' dir='ltr'><strong>a</strong></span> 
     </span>
    </p>
   </div>
   <div class='ocr_carea' id='block_1_19' title="bbox 382 1684 2020 1767">
    <p class='ocr_par' dir='ltr' id='par_1_19' title="bbox 382 1684 2020 1767">
     <span class='ocr_line' id='line_1_19' title="bbox 382 1684 2020 1767; baseline 0 -21"><span class='ocrx_word' id='word_1_112' title='bbox 382 1686 516 1748; x_wconf 86' lang='lat' dir='ltr'><strong>viris</strong></span> <span class='ocrx_word' id='word_1_113' title='bbox 548 1694 900 1767; x_wconf 87' lang='lat' dir='ltr'><strong>separantur</strong></span> <span class='ocrx_word' id='word_1_114' title='bbox 943 1702 1013 1746; x_wconf 91' lang='lat' dir='ltr'><strong>eo</strong></span> <span class='ocrx_word' id='word_1_115' title='bbox 1053 1684 1213 1761; x_wconf 90' lang='lat' dir='ltr'><strong>quod</strong></span> <span class='ocrx_word' id='word_1_116' title='bbox 1239 1684 1679 1746; x_wconf 90' lang='lat' dir='ltr'><strong>matrimonium</strong></span> <span class='ocrx_word' id='word_1_117' title='bbox 1704 1685 2020 1747; x_wconf 82' lang='lat' dir='ltr'><strong>fastidiant:</strong></span> 
     </span>
    </p>
   </div>
   <div class='ocr_carea' id='block_1_20' title="bbox 2191 701 3755 789">
    <p class='ocr_par' dir='ltr' id='par_1_20' title="bbox 2191 701 3755 789">
     <span class='ocr_line' id='line_1_20' title="bbox 2191 701 3755 789; baseline 0.009 -31"><span class='ocrx_word' id='word_1_118' title='bbox 2191 701 2261 765; x_wconf 86' lang='grc' dir='ltr'><strong>δ’.</strong></span> <span class='ocrx_word' id='word_1_119' title='bbox 2321 702 2381 764; x_wconf 81' lang='grc' dir='ltr'>Ὀ</span> <span class='ocrx_word' id='word_1_120' title='bbox 2427 706 2595 773; x_wconf 83' lang='grc' dir='ltr'>διδοὺς</span> <span class='ocrx_word' id='word_1_121' title='bbox 2664 708 2698 776; x_wconf 79' lang='grc' dir='ltr'>ἣ</span> <span class='ocrx_word' id='word_1_122' title='bbox 2754 707 3036 784; x_wconf 77' lang='grc' dir='ltr'>λαμϐάνων</span> <span class='ocrx_word' id='word_1_123' title='bbox 3095 709 3450 789; x_wconf 72' lang='grc' dir='ltr'>καρποφορίας</span> <span class='ocrx_word' id='word_1_124' title='bbox 3502 708 3600 774; x_wconf 75' lang='grc' dir='ltr'><strong>ἔξω</strong></span> <span class='ocrx_word' id='word_1_125' title='bbox 3657 713 3755 776; x_wconf 78' lang='grc' dir='ltr'>τῆς</span> 
     </span>
    </p>
   </div>
   <div class='ocr_carea' id='block_1_21' title="bbox 2112 793 3756 877">
    <p class='ocr_par' dir='ltr' id='par_1_21' title="bbox 2112 793 3756 877">
     <span class='ocr_line' id='line_1_21' title="bbox 2112 793 3756 877; baseline 0.004 -29"><span class='ocrx_word' id='word_1_126' title='bbox 2112 793 2418 868; x_wconf 83' lang='grc' dir='ltr'>ἐκκλησίας,</span> <span class='ocrx_word' id='word_1_127' title='bbox 2455 799 2546 853; x_wconf 81' lang='grc' dir='ltr'><strong>καί</strong></span> <span class='ocrx_word' id='word_1_128' title='bbox 2607 799 2748 876; x_wconf 88' lang='grc' dir='ltr'><strong>παρά</strong></span> <span class='ocrx_word' id='word_1_129' title='bbox 2806 799 3026 876; x_wconf 75' lang='grc' dir='ltr'>γνώμην</span> <span class='ocrx_word' id='word_1_130' title='bbox 3071 798 3364 855; x_wconf 70' lang='grc' dir='ltr'>ἐπισκόπου</span> <span class='ocrx_word' id='word_1_131' title='bbox 3412 799 3450 866; x_wconf 74' lang='grc' dir='ltr'>ἢ</span> <span class='ocrx_word' id='word_1_132' title='bbox 3523 796 3756 877; x_wconf 80' lang='grc' dir='ltr'>πρεσόυ-</span> 
     </span>
    </p>
   </div>
   <div class='ocr_carea' id='block_1_22' title="bbox 2111 883 2590 962">
    <p class='ocr_par' dir='ltr' id='par_1_22' title="bbox 2111 883 2590 962">
     <span class='ocr_line' id='line_1_22' title="bbox 2111 883 2590 962; baseline 0.019 -24"><span class='ocrx_word' id='word_1_133' title='bbox 2111 883 2284 962; x_wconf 86' lang='grc' dir='ltr'>τέρου,</span> <span class='ocrx_word' id='word_1_134' title='bbox 2331 886 2566 962; x_wconf 74' lang='grc' dir='ltr'>ἀνάθεμα</span> <span class='ocrx_word' id='word_1_135' title='bbox 2577 934 2590 948; x_wconf 92' lang='grc'><strong>.</strong></span> 
     </span>
    </p>
   </div>
   <div class='ocr_carea' id='block_1_23' title="bbox 2192 973 3759 1058">
    <p class='ocr_par' dir='ltr' id='par_1_23' title="bbox 2192 973 3759 1058">
     <span class='ocr_line' id='line_1_23' title="bbox 2192 973 3759 1058; baseline -0.003 -22"><span class='ocrx_word' id='word_1_136' title='bbox 2192 973 2257 1036; x_wconf 87' lang='grc' dir='ltr'><strong>ε’.</strong></span> <span class='ocrx_word' id='word_1_137' title='bbox 2308 973 2366 1033; x_wconf 79' lang='grc' dir='ltr'>Ὀ</span> <span class='ocrx_word' id='word_1_138' title='bbox 2399 977 2477 1051; x_wconf 76' lang='grc' dir='ltr'><strong>μὴ</strong></span> <span class='ocrx_word' id='word_1_139' title='bbox 2507 974 2590 1034; x_wconf 87' lang='grc' dir='ltr'><strong>διά</strong></span> <span class='ocrx_word' id='word_1_140' title='bbox 2621 980 2680 1032; x_wconf 86' lang='grc' dir='ltr'>τὸ</span> <span class='ocrx_word' id='word_1_141' title='bbox 2722 976 2886 1034; x_wconf 83' lang='grc' dir='ltr'>καλὸν</span> <span class='ocrx_word' id='word_1_142' title='bbox 2916 978 3269 1058; x_wconf 84' lang='grc' dir='ltr'>παρθενεύων,</span> <span class='ocrx_word' id='word_1_143' title='bbox 3297 977 3435 1034; x_wconf 85' lang='grc' dir='ltr'><strong>ἀλλά</strong></span> <span class='ocrx_word' id='word_1_144' title='bbox 3463 975 3546 1034; x_wconf 86' lang='grc' dir='ltr'><strong>διά</strong></span> <span class='ocrx_word' id='word_1_145' title='bbox 3577 978 3636 1034; x_wconf 76' lang='grc' dir='ltr'>τὸ</span> <span class='ocrx_word' id='word_1_146' title='bbox 3667 978 3759 1033; x_wconf 79' lang='grc' dir='ltr'><strong>τὸν</strong></span> 
     </span>
    </p>
   </div>
   <div class='ocr_carea' id='block_1_24' title="bbox 2110 1063 3760 1144">
    <p class='ocr_par' dir='ltr' id='par_1_24' title="bbox 2110 1063 3760 1144">
     <span class='ocr_line' id='line_1_24' title="bbox 2110 1063 3760 1144; baseline 0.002 -25"><span class='ocrx_word' id='word_1_147' title='bbox 2110 1064 2283 1142; x_wconf 79' lang='grc' dir='ltr'>γάμον</span> <span class='ocrx_word' id='word_1_148' title='bbox 2337 1063 2727 1141; x_wconf 68' lang='grc' dir='ltr'>βδελύσσεσθαι,</span> <span class='ocrx_word' id='word_1_149' title='bbox 2790 1068 2824 1134; x_wconf 75' lang='grc' dir='ltr'><strong>ἢ</strong></span> <span class='ocrx_word' id='word_1_150' title='bbox 2881 1067 3286 1144; x_wconf 81' lang='grc' dir='ltr'>κατεπαίρεσθαι</span> <span class='ocrx_word' id='word_1_151' title='bbox 3337 1072 3441 1124; x_wconf 82' lang='grc' dir='ltr'><strong>τῶν</strong></span> <span class='ocrx_word' id='word_1_152' title='bbox 3519 1065 3760 1144; x_wconf 85' lang='grc' dir='ltr'>γαμούν-</span> 
     </span>
    </p>
   </div>
   <div class='ocr_carea' id='block_1_25' title="bbox 2113 1155 2655 1233">
    <p class='ocr_par' dir='ltr' id='par_1_25' title="bbox 2113 1155 2655 1233">
     <span class='ocr_line' id='line_1_25' title="bbox 2113 1155 2655 1233; baseline 0.011 -26"><span class='ocrx_word' id='word_1_153' title='bbox 2113 1175 2242 1233; x_wconf 86' lang='grc' dir='ltr'>των,</span> <span class='ocrx_word' id='word_1_154' title='bbox 2276 1155 2368 1222; x_wconf 72' lang='grc' dir='ltr'><strong>εἴη</strong></span> <span class='ocrx_word' id='word_1_155' title='bbox 2398 1155 2655 1231; x_wconf 86' lang='grc' dir='ltr'>ἀνάθεμα.</span> 
     </span>
    </p>
   </div>
   <div class='ocr_carea' id='block_1_26' title="bbox 2188 1333 3758 1414">
    <p class='ocr_par' dir='ltr' id='par_1_26' title="bbox 2188 1333 3758 1414">
     <span class='ocr_line' id='line_1_26' title="bbox 2188 1333 3758 1414; baseline -0.003 -22"><span class='ocrx_word' id='word_1_156' title='bbox 2188 1333 2289 1406; x_wconf 74' lang='grc' dir='ltr'><strong>ς’.</strong></span> <span class='ocrx_word' id='word_1_157' title='bbox 2350 1333 2412 1392; x_wconf 86' lang='grc' dir='ltr'>Ὀ</span> <span class='ocrx_word' id='word_1_158' title='bbox 2468 1335 2586 1400; x_wconf 78' lang='grc' dir='ltr'>τοὺς</span> <span class='ocrx_word' id='word_1_159' title='bbox 2639 1334 2930 1397; x_wconf 77' lang='grc' dir='ltr'>καλοῦντας</span> <span class='ocrx_word' id='word_1_160' title='bbox 3001 1337 3072 1402; x_wconf 76' lang='grc' dir='ltr'><strong>εἰς</strong></span> <span class='ocrx_word' id='word_1_161' title='bbox 3127 1336 3340 1414; x_wconf 83' lang='grc' dir='ltr'>ῦγάπην</span> <span class='ocrx_word' id='word_1_162' title='bbox 3392 1334 3615 1408; x_wconf 77' lang='grc' dir='ltr'>ἀθετῶν,</span> <span class='ocrx_word' id='word_1_163' title='bbox 3669 1333 3758 1388; x_wconf 81' lang='grc' dir='ltr'><strong>καὶ</strong></span> 
     </span>
    </p>
   </div>
   <div class='ocr_carea' id='block_1_27' title="bbox 2108 1421 3756 1504">
    <p class='ocr_par' dir='ltr' id='par_1_27' title="bbox 2108 1421 3756 1504">
     <span class='ocr_line' id='line_1_27' title="bbox 2108 1421 3756 1504; baseline -0.001 -26"><span class='ocrx_word' id='word_1_164' title='bbox 2108 1423 2302 1479; x_wconf 86' lang='grc' dir='ltr'>τούτων</span> <span class='ocrx_word' id='word_1_165' title='bbox 2362 1427 2420 1482; x_wconf 78' lang='grc' dir='ltr'>οὐ</span> <span class='ocrx_word' id='word_1_166' title='bbox 2489 1431 2756 1481; x_wconf 80' lang='grc' dir='ltr'>κοινωνῶν</span> <span class='ocrx_word' id='word_1_167' title='bbox 2811 1424 3164 1500; x_wconf 79' lang='grc' dir='ltr'>κεκλημένος’</span> <span class='ocrx_word' id='word_1_168' title='bbox 3241 1426 3326 1480; x_wconf 80' lang='grc' dir='ltr'><strong>καὶ</strong></span> <span class='ocrx_word' id='word_1_169' title='bbox 3397 1427 3425 1480; x_wconf 85' lang='grc' dir='ltr'><strong>ὁ</strong></span> <span class='ocrx_word' id='word_1_170' title='bbox 3495 1421 3756 1504; x_wconf 77' lang='grc' dir='ltr'>φαυλίζων</span> 
     </span>
    </p>
   </div>
   <div class='ocr_carea' id='block_1_28' title="bbox 2106 1511 3759 1594">
    <p class='ocr_par' dir='ltr' id='par_1_28' title="bbox 2106 1511 3759 1594">
     <span class='ocr_line' id='line_1_28' title="bbox 2106 1511 3759 1594; baseline -0.003 -24"><span class='ocrx_word' id='word_1_171' title='bbox 2106 1515 2226 1578; x_wconf 79' lang='grc' dir='ltr'>τοὺς</span> <span class='ocrx_word' id='word_1_172' title='bbox 2287 1524 2569 1592; x_wconf 71' lang='grc' dir='ltr'>φοροῦντας</span> <span class='ocrx_word' id='word_1_173' title='bbox 2601 1516 2720 1579; x_wconf 80' lang='grc' dir='ltr'>τοὺς</span> <span class='ocrx_word' id='word_1_174' title='bbox 2775 1515 2988 1594; x_wconf 60' lang='grc' dir='ltr'>βζρςυς</span> <span class='ocrx_word' id='word_1_175' title='bbox 3025 1514 3118 1571; x_wconf 71' lang='grc' dir='ltr'><strong>καῖ</strong></span> <span class='ocrx_word' id='word_1_176' title='bbox 3181 1513 3296 1570; x_wconf 80' lang='grc' dir='ltr'>δ’σαι</span> <span class='ocrx_word' id='word_1_177' title='bbox 3329 1518 3593 1591; x_wconf 80' lang='grc' dir='ltr'>γυναικῶν</span> <span class='ocrx_word' id='word_1_178' title='bbox 3651 1511 3759 1588; x_wconf 81' lang='grc' dir='ltr'>[γυ-</span> 
     </span>
    </p>
   </div>
   <div class='ocr_carea' id='block_1_29' title="bbox 2108 1598 3757 1684">
    <p class='ocr_par' dir='ltr' id='par_1_29' title="bbox 2108 1598 3757 1684">
     <span class='ocr_line' id='line_1_29' title="bbox 2108 1598 3757 1684; baseline 0 -28"><span class='ocrx_word' id='word_1_179' title='bbox 2108 1603 2320 1684; x_wconf 72' lang='grc' dir='ltr'>ναῖκες]</span> <span class='ocrx_word' id='word_1_180' title='bbox 2388 1602 2587 1682; x_wconf 84' lang='grc' dir='ltr'>ἀνδρῶν</span> <span class='ocrx_word' id='word_1_181' title='bbox 2631 1604 2989 1679; x_wconf 69' lang='grc' dir='ltr'>ὅποκρίνονται</span> <span class='ocrx_word' id='word_1_182' title='bbox 3033 1603 3282 1682; x_wconf 76' lang='grc' dir='ltr'><strong>ἱματίοις,</strong></span> <span class='ocrx_word' id='word_1_183' title='bbox 3336 1604 3422 1659; x_wconf 82' lang='grc' dir='ltr'><strong>καὶ</strong></span> <span class='ocrx_word' id='word_1_184' title='bbox 3479 1601 3596 1658; x_wconf 85' lang='grc' dir='ltr'>ὅσαι</span> <span class='ocrx_word' id='word_1_185' title='bbox 3649 1598 3757 1657; x_wconf 80' lang='grc' dir='ltr'><strong>τῶν</strong></span> 
     </span>
    </p>
   </div>
   <div class='ocr_carea' id='block_1_30' title="bbox 2109 1691 3756 1770">
    <p class='ocr_par' dir='ltr' id='par_1_30' title="bbox 2109 1691 3756 1770">
     <span class='ocr_line' id='line_1_30' title="bbox 2109 1691 3756 1770; baseline -0.001 -23"><span class='ocrx_word' id='word_1_186' title='bbox 2109 1691 2306 1770; x_wconf 83' lang='grc' dir='ltr'>ἀνδρῶν</span> <span class='ocrx_word' id='word_1_187' title='bbox 2364 1691 2744 1770; x_wconf 81' lang='grc' dir='ltr'>διαζεύγυνται,</span> <span class='ocrx_word' id='word_1_188' title='bbox 2805 1691 3217 1769; x_wconf 80' lang='grc' dir='ltr'>βδελυσσόμεναι</span> <span class='ocrx_word' id='word_1_189' title='bbox 3275 1694 3368 1748; x_wconf 81' lang='grc' dir='ltr'>τὸν</span> <span class='ocrx_word' id='word_1_190' title='bbox 3417 1691 3616 1769; x_wconf 69' lang='grc' dir='ltr'>γάμον,</span> <span class='ocrx_word' id='word_1_191' title='bbox 3667 1691 3756 1745; x_wconf 82' lang='grc' dir='ltr'><strong>καὶ</strong></span> 
     </span>
    </p>
   </div>
   <div class='ocr_carea' id='block_1_31' title="bbox 382 1773 2025 1860">
    <p class='ocr_par' dir='ltr' id='par_1_31' title="bbox 382 1773 2022 1857">
     <span class='ocr_line' id='line_1_31' title="bbox 382 1773 2022 1857; baseline -0.002 -18"><span class='ocrx_word' id='word_1_192' title='bbox 382 1777 520 1839; x_wconf 87' lang='lat' dir='ltr'><strong>item</strong></span> <span class='ocrx_word' id='word_1_193' title='bbox 553 1776 656 1857; x_wconf 86' lang='lat' dir='ltr'><strong>qui</strong></span> <span class='ocrx_word' id='word_1_194' title='bbox 687 1774 912 1838; x_wconf 85' lang='lat' dir='ltr'><strong>liberos</strong></span> <span class='ocrx_word' id='word_1_195' title='bbox 956 1773 1324 1855; x_wconf 88' lang='lat' dir='ltr'><strong>relinquunt,</strong></span> <span class='ocrx_word' id='word_1_196' title='bbox 1361 1792 1432 1837; x_wconf 89' lang='lat' dir='ltr'><strong>ac</strong></span> <span class='ocrx_word' id='word_1_197' title='bbox 1464 1793 1581 1836; x_wconf 91' lang='lat' dir='ltr'><strong>non</strong></span> <span class='ocrx_word' id='word_1_198' title='bbox 1613 1774 1684 1836; x_wconf 90' lang='lat' dir='ltr'><strong>ad</strong></span> <span class='ocrx_word' id='word_1_199' title='bbox 1745 1773 2022 1854; x_wconf 87' lang='lat' dir='ltr'><strong>pietatem</strong></span> 
     </span>
    </p>
   </div>
   <div class='ocr_carea' id='block_1_32' title="bbox 2139 1773 3756 1860">
    <p class='ocr_par' dir='ltr' id='par_1_32' title="bbox 2139 1777 3756 1860">
     <span class='ocr_line' id='line_1_32' title="bbox 2139 1777 3756 1860; baseline -0.001 -24"><span class='ocrx_word' id='word_1_200' title='bbox 2139 1783 2154 1836; x_wconf 90' lang='grc' dir='ltr'><strong>ἱ</strong></span> <span class='ocrx_word' id='word_1_201' title='bbox 2204 1783 2268 1837; x_wconf 86' lang='grc' dir='ltr'><strong>τά</strong></span> <span class='ocrx_word' id='word_1_202' title='bbox 2325 1782 2484 1838; x_wconf 83' lang='grc' dir='ltr'>τέκνα</span> <span class='ocrx_word' id='word_1_203' title='bbox 2538 1780 3052 1858; x_wconf 81' lang='grc' dir='ltr'>καναλιμπάνοντες,</span> <span class='ocrx_word' id='word_1_204' title='bbox 3087 1782 3172 1837; x_wconf 83' lang='grc' dir='ltr'><strong>καὶ</strong></span> <span class='ocrx_word' id='word_1_205' title='bbox 3231 1781 3353 1860; x_wconf 72' lang='grc' dir='ltr'>οὒχὶ</span> <span class='ocrx_word' id='word_1_206' title='bbox 3383 1782 3512 1858; x_wconf 82' lang='grc' dir='ltr'>πρὸς</span> <span class='ocrx_word' id='word_1_207' title='bbox 3569 1777 3756 1836; x_wconf 82' lang='grc' dir='ltr'>θεοσέ-</span> 
     </span>
    </p>
   </div>
   <div class='ocr_carea' id='block_1_33' title="bbox 384 1863 2026 1944">
    <p class='ocr_par' dir='ltr' id='par_1_33' title="bbox 384 1863 2026 1944">
     <span class='ocr_line' id='line_1_33' title="bbox 384 1863 2026 1944; baseline -0.002 -16"><span class='ocrx_word' id='word_1_208' title='bbox 384 1884 483 1928; x_wconf 90' lang='lat' dir='ltr'><strong>eos</strong></span> <span class='ocrx_word' id='word_1_209' title='bbox 535 1865 856 1939; x_wconf 89' lang='lat' dir='ltr'><strong>instruunt,</strong></span> <span class='ocrx_word' id='word_1_210' title='bbox 895 1882 1004 1926; x_wconf 92' lang='lat' dir='ltr'><strong>nec</strong></span> <span class='ocrx_word' id='word_1_211' title='bbox 1037 1881 1156 1924; x_wconf 92' lang='lat' dir='ltr'><strong>non</strong></span> <span class='ocrx_word' id='word_1_212' title='bbox 1215 1863 1389 1926; x_wconf 90' lang='lat' dir='ltr'><strong>liberi</strong></span> <span class='ocrx_word' id='word_1_213' title='bbox 1446 1865 1544 1944; x_wconf 90' lang='lat' dir='ltr'><strong>qui</strong></span> <span class='ocrx_word' id='word_1_214' title='bbox 1594 1883 1626 1924; x_wconf 92' lang='lat' dir='ltr'><strong>a</strong></span> <span class='ocrx_word' id='word_1_215' title='bbox 1687 1865 2026 1944; x_wconf 85' lang='lat' dir='ltr'><strong>parentibus</strong></span> 
     </span>
    </p>
   </div>
   <div class='ocr_carea' id='block_1_34' title="bbox 382 1953 1458 2030">
    <p class='ocr_par' dir='ltr' id='par_1_34' title="bbox 382 1953 1458 2030">
     <span class='ocr_line' id='line_1_34' title="bbox 382 1953 1458 2030; baseline -0.006 -13"><span class='ocrx_word' id='word_1_216' title='bbox 382 1954 724 2017; x_wconf 80' lang='lat' dir='ltr'><strong>inﬁdelibus</strong></span> <span class='ocrx_word' id='word_1_217' title='bbox 746 1953 1084 2030; x_wconf 84' lang='lat' dir='ltr'><strong>discedunt,</strong></span> <span class='ocrx_word' id='word_1_218' title='bbox 1121 1953 1458 2016; x_wconf 82' lang='lat' dir='ltr'><strong>anathema.</strong></span> 
     </span>
    </p>
   </div>
   <div class='ocr_carea' id='block_1_35' title="bbox 461 2042 2024 2123">
    <p class='ocr_par' dir='ltr' id='par_1_35' title="bbox 461 2042 2024 2123">
     <span class='ocr_line' id='line_1_35' title="bbox 461 2042 2024 2123; baseline 0 -19"><span class='ocrx_word' id='word_1_219' title='bbox 461 2049 519 2104; x_wconf 93' lang='lat'><strong>7.</strong></span> <span class='ocrx_word' id='word_1_220' title='bbox 547 2043 922 2123; x_wconf 67' lang='lat' dir='ltr'><strong>Quaecunque</strong></span> <span class='ocrx_word' id='word_1_221' title='bbox 947 2043 1228 2104; x_wconf 88' lang='lat' dir='ltr'><strong>mulieres</strong></span> <span class='ocrx_word' id='word_1_222' title='bbox 1249 2061 1452 2103; x_wconf 90' lang='lat' dir='ltr'><strong>comas</strong></span> <span class='ocrx_word' id='word_1_223' title='bbox 1478 2043 1723 2104; x_wconf 87' lang='lat' dir='ltr'><strong>tondent</strong></span> <span class='ocrx_word' id='word_1_224' title='bbox 1744 2042 2024 2123; x_wconf 87' lang='lat' dir='ltr'><strong>pietatem</strong></span> 
     </span>
    </p>
   </div>
   <div class='ocr_carea' id='block_1_36' title="bbox 383 2131 2024 2214">
    <p class='ocr_par' dir='ltr' id='par_1_36' title="bbox 383 2131 2024 2214">
     <span class='ocr_line' id='line_1_36' title="bbox 383 2131 2024 2214; baseline -0.002 -17"><span class='ocrx_word' id='word_1_225' title='bbox 383 2133 727 2197; x_wconf 88' lang='lat' dir='ltr'><strong>simulantes</strong></span> <span class='ocrx_word' id='word_1_226' title='bbox 755 2152 769 2193; x_wconf 89' lang='lat'>:</span> <span class='ocrx_word' id='word_1_227' title='bbox 801 2143 862 2194; x_wconf 91' lang='lat' dir='ltr'><strong>et</strong></span> <span class='ocrx_word' id='word_1_228' title='bbox 892 2131 993 2214; x_wconf 91' lang='lat' dir='ltr'><strong>qui</strong></span> <span class='ocrx_word' id='word_1_229' title='bbox 1027 2131 1334 2195; x_wconf 88' lang='lat' dir='ltr'><strong>Dominica</strong></span> <span class='ocrx_word' id='word_1_230' title='bbox 1355 2133 1490 2194; x_wconf 92' lang='lat' dir='ltr'><strong>cibo</strong></span> <span class='ocrx_word' id='word_1_231' title='bbox 1519 2132 1805 2208; x_wconf 81' lang='lat' dir='ltr'><strong>abstinet,</strong></span> <span class='ocrx_word' id='word_1_232' title='bbox 1839 2150 1908 2194; x_wconf 91' lang='lat' dir='ltr'><strong>ac</strong></span> <span class='ocrx_word' id='word_1_233' title='bbox 1922 2132 2024 2212; x_wconf 91' lang='lat' dir='ltr'><strong>je-</strong></span> 
     </span>
    </p>
   </div>
   <div class='ocr_carea' id='block_1_37' title="bbox 378 2221 2030 2304">
    <p class='ocr_par' dir='ltr' id='par_1_37' title="bbox 378 2221 2030 2304">
     <span class='ocr_line' id='line_1_37' title="bbox 378 2221 2030 2304; baseline -0.001 -19"><span class='ocrx_word' id='word_1_234' title='bbox 378 2223 546 2304; x_wconf 91' lang='lat' dir='ltr'><strong>junia</strong></span> <span class='ocrx_word' id='word_1_235' title='bbox 575 2221 855 2284; x_wconf 74' lang='lat' dir='ltr'><strong>Ecclesiae</strong></span> <span class='ocrx_word' id='word_1_236' title='bbox 887 2221 1119 2284; x_wconf 83' lang='lat' dir='ltr'><strong>evertit:</strong></span> <span class='ocrx_word' id='word_1_237' title='bbox 1148 2240 1375 2283; x_wconf 85' lang='lat' dir='ltr'><strong>necnon</strong></span> <span class='ocrx_word' id='word_1_238' title='bbox 1403 2221 1677 2302; x_wconf 78' lang='lat' dir='ltr'><strong>quisquis</strong></span> <span class='ocrx_word' id='word_1_239' title='bbox 1707 2231 2030 2283; x_wconf 88' lang='lat' dir='ltr'><strong>conventus</strong></span> 
     </span>
    </p>
   </div>
   <div class='ocr_carea' id='block_1_38' title="bbox 386 2309 2025 2396">
    <p class='ocr_par' dir='ltr' id='par_1_38' title="bbox 386 2309 2025 2396">
     <span class='ocr_line' id='line_1_38' title="bbox 386 2309 2025 2396; baseline -0.001 -21"><span class='ocrx_word' id='word_1_240' title='bbox 386 2313 482 2396; x_wconf 90' lang='lat' dir='ltr'><strong>qui</strong></span> <span class='ocrx_word' id='word_1_241' title='bbox 516 2312 585 2374; x_wconf 89' lang='lat' dir='ltr'><strong>ad</strong></span> <span class='ocrx_word' id='word_1_242' title='bbox 619 2320 937 2393; x_wconf 80' lang='lat' dir='ltr'><strong>martyrum</strong></span> <span class='ocrx_word' id='word_1_243' title='bbox 990 2309 1151 2374; x_wconf 65' lang='lat' dir='ltr'><strong>aedes</strong></span> <span class='ocrx_word' id='word_1_244' title='bbox 1180 2311 1330 2373; x_wconf 82' lang='lat' dir='ltr'><strong>ﬁunt</strong></span> <span class='ocrx_word' id='word_1_245' title='bbox 1379 2309 1653 2393; x_wconf 76' lang='lat' dir='ltr'><strong>despicit,</strong></span> <span class='ocrx_word' id='word_1_246' title='bbox 1688 2311 2025 2374; x_wconf 84' lang='lat' dir='ltr'><strong>anathema.</strong></span> 
     </span>
    </p>
   </div>
   <div class='ocr_carea' id='block_1_39' title="bbox 502 2419 1893 2501">
    <p class='ocr_par' dir='ltr' id='par_1_39' title="bbox 502 2419 1893 2501">
     <span class='ocr_line' id='line_1_39' title="bbox 502 2419 1893 2501; baseline -0.002 -18"><span class='ocrx_word' id='word_1_247' title='bbox 502 2421 793 2501; x_wconf 76' lang='lat' dir='ltr'><strong>Epitome</strong></span> <span class='ocrx_word' id='word_1_248' title='bbox 820 2437 1162 2484; x_wconf 80' lang='lat' dir='ltr'><strong>canonum</strong></span> <span class='ocrx_word' id='word_1_249' title='bbox 1198 2419 1425 2498; x_wconf 77' lang='lat' dir='ltr'><strong>synodi</strong></span> <span class='ocrx_word' id='word_1_250' title='bbox 1455 2419 1893 2482; x_wconf 41' lang='lat' dir='ltr'><strong>A&#39;ntz&#39;ochence.</strong></span> 
     </span>
    </p>
   </div>
   <div class='ocr_carea' id='block_1_40' title="bbox 468 2603 2020 2685">
    <p class='ocr_par' dir='ltr' id='par_1_40' title="bbox 468 2603 2020 2685">
     <span class='ocr_line' id='line_1_40' title="bbox 468 2603 2020 2685; baseline -0.004 -12"><span class='ocrx_word' id='word_1_251' title='bbox 468 2620 519 2676; x_wconf 83' lang='lat'><strong>1.</strong></span> <span class='ocrx_word' id='word_1_252' title='bbox 573 2608 682 2683; x_wconf 89' lang='lat' dir='ltr'><strong>Qui</strong></span> <span class='ocrx_word' id='word_1_253' title='bbox 737 2605 966 2685; x_wconf 81' lang='lat' dir='ltr'><strong>legibus</strong></span> <span class='ocrx_word' id='word_1_254' title='bbox 1007 2605 1292 2668; x_wconf 86' lang='lat' dir='ltr'><strong>sancitam</strong></span> <span class='ocrx_word' id='word_1_255' title='bbox 1348 2604 1595 2667; x_wconf 86' lang='lat' dir='ltr'><strong>Paschee</strong></span> <span class='ocrx_word' id='word_1_256' title='bbox 1645 2603 2020 2668; x_wconf 86' lang='lat' dir='ltr'><strong>traditionem</strong></span> 
     </span>
    </p>
   </div>
   <div class='ocr_carea' id='block_1_41' title="bbox 376 2694 2017 2775">
    <p class='ocr_par' dir='ltr' id='par_1_41' title="bbox 376 2694 2017 2775">
     <span class='ocr_line' id='line_1_41' title="bbox 376 2694 2017 2775; baseline -0.004 -10"><span class='ocrx_word' id='word_1_257' title='bbox 376 2710 602 2765; x_wconf 86' lang='lat' dir='ltr'><strong>mutare</strong></span> <span class='ocrx_word' id='word_1_258' title='bbox 658 2706 926 2770; x_wconf 88' lang='lat' dir='ltr'><strong>conatur,</strong></span> <span class='ocrx_word' id='word_1_259' title='bbox 972 2696 1272 2774; x_wconf 85' lang='lat' dir='ltr'><strong>siquidem</strong></span> <span class='ocrx_word' id='word_1_260' title='bbox 1313 2694 1501 2758; x_wconf 80' lang='lat' dir='ltr'><strong>laicus</strong></span> <span class='ocrx_word' id='word_1_261' title='bbox 1563 2701 1639 2756; x_wconf 90' lang='lat' dir='ltr'><strong>sit</strong></span> <span class='ocrx_word' id='word_1_262' title='bbox 1697 2694 2017 2775; x_wconf 85' lang='lat' dir='ltr'><strong>ejiciatur:</strong></span> 
     </span>
    </p>
   </div>
   <div class='ocr_carea' id='block_1_42' title="bbox 373 2785 1529 2855">
    <p class='ocr_par' dir='ltr' id='par_1_42' title="bbox 373 2785 1529 2855">
     <span class='ocr_line' id='line_1_42' title="bbox 373 2785 1529 2855; baseline -0.008 0"><span class='ocrx_word' id='word_1_263' title='bbox 373 2791 628 2855; x_wconf 85' lang='lat' dir='ltr'><strong>clericus</strong></span> <span class='ocrx_word' id='word_1_264' title='bbox 655 2805 796 2851; x_wconf 86' lang='lat' dir='ltr'><strong>vero</strong></span> <span class='ocrx_word' id='word_1_265' title='bbox 831 2785 906 2848; x_wconf 85' lang='lat' dir='ltr'><strong>ab</strong></span> <span class='ocrx_word' id='word_1_266' title='bbox 940 2786 1210 2848; x_wconf 85' lang='lat' dir='ltr'><strong>Ecclesia</strong></span> <span class='ocrx_word' id='word_1_267' title='bbox 1237 2794 1529 2847; x_wconf 89' lang='lat' dir='ltr'><strong>arceatur.</strong></span> 
     </span>
    </p>
   </div>
   <div class='ocr_carea' id='block_1_43' title="bbox 453 2875 2022 2957">
    <p class='ocr_par' dir='ltr' id='par_1_43' title="bbox 453 2875 2022 2957">
     <span class='ocr_line' id='line_1_43' title="bbox 453 2875 2022 2957; baseline -0.003 -16"><span class='ocrx_word' id='word_1_268' title='bbox 453 2881 508 2941; x_wconf 69' lang='grc'><strong>2.</strong></span> <span class='ocrx_word' id='word_1_269' title='bbox 546 2877 654 2952; x_wconf 88' lang='lat' dir='ltr'><strong>Qui</strong></span> <span class='ocrx_word' id='word_1_270' title='bbox 683 2875 999 2938; x_wconf 85' lang='lat' dir='ltr'><strong>ecclesiam</strong></span> <span class='ocrx_word' id='word_1_271' title='bbox 1032 2875 1340 2952; x_wconf 69' lang='lat' dir='ltr'><strong>ingressus</strong></span> <span class='ocrx_word' id='word_1_272' title='bbox 1393 2892 1622 2936; x_wconf 87' lang='lat' dir='ltr'><strong>sacram</strong></span> <span class='ocrx_word' id='word_1_273' title='bbox 1653 2878 2022 2957; x_wconf 83' lang='lat' dir='ltr'><strong>Scripturam</strong></span> 
     </span>
    </p>
   </div>
   <div class='ocr_carea' id='block_1_44' title="bbox 376 2961 2025 3044">
    <p class='ocr_par' dir='ltr' id='par_1_44' title="bbox 376 2961 2025 3044">
     <span class='ocr_line' id='line_1_44' title="bbox 376 2961 2025 3044; baseline -0.002 -14"><span class='ocrx_word' id='word_1_274' title='bbox 376 2977 594 3030; x_wconf 83' lang='lat' dir='ltr'><strong>attente</strong></span> <span class='ocrx_word' id='word_1_275' title='bbox 624 2964 810 3044; x_wconf 88' lang='lat' dir='ltr'><strong>audit,</strong></span> <span class='ocrx_word' id='word_1_276' title='bbox 845 2961 1067 3025; x_wconf 87' lang='lat' dir='ltr'><strong>deinde</strong></span> <span class='ocrx_word' id='word_1_277' title='bbox 1098 2979 1375 3040; x_wconf 76' lang='lat' dir='ltr'><strong>egressus</strong></span> <span class='ocrx_word' id='word_1_278' title='bbox 1405 2962 1660 3042; x_wconf 89' lang='lat' dir='ltr'><strong>despicit</strong></span> <span class='ocrx_word' id='word_1_279' title='bbox 1697 2975 2025 3027; x_wconf 83' lang='lat' dir='ltr'><strong>aversatur-</strong></span> 
     </span>
    </p>
   </div>
   <div class='ocr_carea' id='block_1_45' title="bbox 377 3049 1537 3139">
    <p class='ocr_par' dir='ltr' id='par_1_45' title="bbox 377 3049 1537 3139">
     <span class='ocr_line' id='line_1_45' title="bbox 377 3049 1537 3139; baseline -0.004 -23"><span class='ocrx_word' id='word_1_280' title='bbox 377 3075 490 3139; x_wconf 87' lang='lat' dir='ltr'><strong>que</strong></span> <span class='ocrx_word' id='word_1_281' title='bbox 521 3052 1028 3129; x_wconf 88' lang='lat' dir='ltr'><strong>communionem,</strong></span> <span class='ocrx_word' id='word_1_282' title='bbox 1063 3049 1398 3131; x_wconf 84' lang='lat' dir='ltr'><strong>ejiciendus</strong></span> <span class='ocrx_word' id='word_1_283' title='bbox 1427 3063 1537 3114; x_wconf 90' lang='lat' dir='ltr'><strong>est.</strong></span> 
     </span>
    </p>
   </div>
   <div class='ocr_carea' id='block_1_46' title="bbox 458 3141 2084 3220">
    <p class='ocr_par' dir='ltr' id='par_1_46' title="bbox 458 3141 2084 3220">
     <span class='ocr_line' id='line_1_46' title="bbox 458 3141 2084 3220; baseline -0.005 -11"><span class='ocrx_word' id='word_1_284' title='bbox 458 3145 516 3209; x_wconf 89' lang='lat'><strong>3.</strong></span> <span class='ocrx_word' id='word_1_285' title='bbox 552 3141 660 3216; x_wconf 88' lang='lat' dir='ltr'><strong>Qui</strong></span> <span class='ocrx_word' id='word_1_286' title='bbox 709 3159 846 3202; x_wconf 82' lang='lat' dir='ltr'><strong>cum</strong></span> <span class='ocrx_word' id='word_1_287' title='bbox 897 3141 1414 3203; x_wconf 80' lang='lat' dir='ltr'><strong>excommunicato</strong></span> <span class='ocrx_word' id='word_1_288' title='bbox 1464 3141 1888 3218; x_wconf 85' lang='lat' dir='ltr'><strong>communicat,</strong></span> <span class='ocrx_word' id='word_1_289' title='bbox 1917 3159 2084 3220; x_wconf 65' lang='grc' dir='ltr'>στος</span> 
     </span>
    </p>
   </div>
   <div class='ocr_carea' id='block_1_47' title="bbox 377 3230 2026 3314">
    <p class='ocr_par' dir='ltr' id='par_1_47' title="bbox 377 3230 2026 3314">
     <span class='ocr_line' id='line_1_47' title="bbox 377 3230 2026 3314; baseline -0.003 -17"><span class='ocrx_word' id='word_1_290' title='bbox 377 3233 844 3297; x_wconf 86' lang='lat' dir='ltr'><strong>communicatus</strong></span> <span class='ocrx_word' id='word_1_291' title='bbox 874 3237 1198 3292; x_wconf 87' lang='lat' dir='ltr'><strong>censetur:</strong></span> <span class='ocrx_word' id='word_1_292' title='bbox 1255 3237 1314 3292; x_wconf 89' lang='lat' dir='ltr'><strong>et</strong></span> <span class='ocrx_word' id='word_1_293' title='bbox 1342 3231 1442 3310; x_wconf 90' lang='lat' dir='ltr'><strong>qui</strong></span> <span class='ocrx_word' id='word_1_294' title='bbox 1471 3238 1603 3294; x_wconf 87' lang='lat' dir='ltr'><strong>orat</strong></span> <span class='ocrx_word' id='word_1_295' title='bbox 1629 3249 1766 3294; x_wconf 91' lang='lat' dir='ltr'><strong>cum</strong></span> <span class='ocrx_word' id='word_1_296' title='bbox 1819 3231 1894 3293; x_wconf 93' lang='lat' dir='ltr'><strong>iis</strong></span> <span class='ocrx_word' id='word_1_297' title='bbox 1925 3230 2026 3314; x_wconf 91' lang='lat' dir='ltr'><strong>qui</strong></span> 
     </span>
    </p>
   </div>
   <div class='ocr_carea' id='block_1_48' title="bbox 376 3319 2027 3402">
    <p class='ocr_par' dir='ltr' id='par_1_48' title="bbox 376 3319 2027 3402">
     <span class='ocr_line' id='line_1_48' title="bbox 376 3319 2027 3402; baseline -0.004 -14"><span class='ocrx_word' id='word_1_298' title='bbox 376 3342 511 3388; x_wconf 90' lang='lat' dir='ltr'><strong>cum</strong></span> <span class='ocrx_word' id='word_1_299' title='bbox 558 3319 825 3386; x_wconf 83' lang='lat' dir='ltr'><strong>Ecclesia</strong></span> <span class='ocrx_word' id='word_1_300' title='bbox 853 3337 973 3382; x_wconf 91' lang='lat' dir='ltr'><strong>non</strong></span> <span class='ocrx_word' id='word_1_301' title='bbox 1026 3327 1219 3392; x_wconf 90' lang='lat' dir='ltr'><strong>orant,</strong></span> <span class='ocrx_word' id='word_1_302' title='bbox 1251 3337 1390 3382; x_wconf 87' lang='lat' dir='ltr'><strong>reus</strong></span> <span class='ocrx_word' id='word_1_303' title='bbox 1416 3329 1532 3382; x_wconf 87' lang='lat' dir='ltr'><strong>est.</strong></span> <span class='ocrx_word' id='word_1_304' title='bbox 1579 3321 1724 3384; x_wconf 81' lang='lat' dir='ltr'><strong>item</strong></span> <span class='ocrx_word' id='word_1_305' title='bbox 1759 3319 1858 3402; x_wconf 86' lang='lat' dir='ltr'><strong>qui</strong></span> <span class='ocrx_word' id='word_1_306' title='bbox 1887 3339 2027 3384; x_wconf 84' lang='lat' dir='ltr'><strong>sus-</strong></span> 
     </span>
    </p>
   </div>
   <div class='ocr_carea' id='block_1_49' title="bbox 376 3407 2022 3494">
    <p class='ocr_par' dir='ltr' id='par_1_49' title="bbox 376 3407 2022 3494">
     <span class='ocr_line' id='line_1_49' title="bbox 376 3407 2022 3494; baseline -0.001 -19"><span class='ocrx_word' id='word_1_307' title='bbox 376 3413 518 3494; x_wconf 88' lang='lat' dir='ltr'><strong>cipit</strong></span> <span class='ocrx_word' id='word_1_308' title='bbox 547 3430 679 3475; x_wconf 91' lang='lat' dir='ltr'><strong>eum</strong></span> <span class='ocrx_word' id='word_1_309' title='bbox 711 3410 813 3492; x_wconf 91' lang='lat' dir='ltr'><strong>qui</strong></span> <span class='ocrx_word' id='word_1_310' title='bbox 845 3407 1126 3472; x_wconf 62' lang='lat' dir='ltr'><strong>Ecclesia</strong></span> <span class='ocrx_word' id='word_1_311' title='bbox 1156 3410 1548 3473; x_wconf 79' lang='lat' dir='ltr'><strong>conventibus</strong></span> <span class='ocrx_word' id='word_1_312' title='bbox 1579 3427 1696 3474; x_wconf 74' lang='lat' dir='ltr'><strong>non</strong></span> <span class='ocrx_word' id='word_1_313' title='bbox 1751 3410 2022 3488; x_wconf 87' lang='lat' dir='ltr'><strong>interest,</strong></span> 
     </span>
    </p>
   </div>
   <div class='ocr_carea' id='block_1_50' title="bbox 377 3504 907 3584">
    <p class='ocr_par' dir='ltr' id='par_1_50' title="bbox 377 3504 907 3584">
     <span class='ocr_line' id='line_1_50' title="bbox 377 3504 907 3584; baseline -0.006 -19"><span class='ocrx_word' id='word_1_314' title='bbox 377 3504 548 3584; x_wconf 84' lang='lat' dir='ltr'><strong>culpa</strong></span> <span class='ocrx_word' id='word_1_315' title='bbox 576 3521 693 3564; x_wconf 90' lang='lat' dir='ltr'><strong>non</strong></span> <span class='ocrx_word' id='word_1_316' title='bbox 727 3509 907 3562; x_wconf 86' lang='lat' dir='ltr'><strong>caret.</strong></span> 
     </span>
    </p>
   </div>
   <div class='ocr_carea' id='block_1_51' title="bbox 454 3587 2026 3672">
    <p class='ocr_par' dir='ltr' id='par_1_51' title="bbox 454 3587 2026 3672">
     <span class='ocr_line' id='line_1_51' title="bbox 454 3587 2026 3672; baseline -0.001 -20"><span class='ocrx_word' id='word_1_317' title='bbox 454 3591 850 3672; x_wconf 77' lang='lat' dir='ltr'><strong>4.Episcopus</strong></span> <span class='ocrx_word' id='word_1_318' title='bbox 869 3607 903 3652; x_wconf 91' lang='lat' dir='ltr'><strong>a</strong></span> <span class='ocrx_word' id='word_1_319' title='bbox 925 3588 1148 3669; x_wconf 79' lang='lat' dir='ltr'><strong>synodo</strong></span> <span class='ocrx_word' id='word_1_320' title='bbox 1170 3587 1503 3671; x_wconf 85' lang='lat' dir='ltr'><strong>depositus,</strong></span> <span class='ocrx_word' id='word_1_321' title='bbox 1536 3608 1604 3652; x_wconf 90' lang='lat' dir='ltr'><strong>ac</strong></span> <span class='ocrx_word' id='word_1_322' title='bbox 1630 3589 1936 3672; x_wconf 79' lang='lat' dir='ltr'><strong>presbyter</strong></span> <span class='ocrx_word' id='word_1_323' title='bbox 1967 3597 2026 3652; x_wconf 89' lang='lat' dir='ltr'><strong>et</strong></span> 
     </span>
    </p>
   </div>
   <div class='ocr_carea' id='block_1_52' title="bbox 373 3678 2025 3762">
    <p class='ocr_par' dir='ltr' id='par_1_52' title="bbox 373 3678 2025 3762">
     <span class='ocr_line' id='line_1_52' title="bbox 373 3678 2025 3762; baseline -0.002 -16"><span class='ocrx_word' id='word_1_324' title='bbox 373 3683 658 3746; x_wconf 86' lang='lat' dir='ltr'><strong>diaconus</strong></span> <span class='ocrx_word' id='word_1_325' title='bbox 681 3679 754 3742; x_wconf 90' lang='lat' dir='ltr'><strong>ab</strong></span> <span class='ocrx_word' id='word_1_326' title='bbox 779 3680 1057 3762; x_wconf 91' lang='lat' dir='ltr'><strong>episcopo</strong></span> <span class='ocrx_word' id='word_1_327' title='bbox 1078 3678 1265 3759; x_wconf 76' lang='lat' dir='ltr'><strong>gradu</strong></span> <span class='ocrx_word' id='word_1_328' title='bbox 1288 3680 1564 3757; x_wconf 90' lang='lat' dir='ltr'><strong>motus,si</strong></span> <span class='ocrx_word' id='word_1_329' title='bbox 1592 3699 1699 3762; x_wconf 88' lang='lat' dir='ltr'><strong>per</strong></span> <span class='ocrx_word' id='word_1_330' title='bbox 1719 3689 2025 3744; x_wconf 84' lang='lat' dir='ltr'><strong>contuma-</strong></span> 
     </span>
    </p>
   </div>
   <div class='ocr_carea' id='block_1_53' title="bbox 371 3769 1652 3851">
    <p class='ocr_par' dir='ltr' id='par_1_53' title="bbox 371 3769 1652 3851">
     <span class='ocr_line' id='line_1_53' title="bbox 371 3769 1652 3851; baseline -0.004 -15"><span class='ocrx_word' id='word_1_331' title='bbox 371 3775 523 3837; x_wconf 83' lang='lat' dir='ltr'><strong>ciam</strong></span> <span class='ocrx_word' id='word_1_332' title='bbox 556 3787 771 3834; x_wconf 90' lang='lat' dir='ltr'><strong>munus</strong></span> <span class='ocrx_word' id='word_1_333' title='bbox 801 3769 999 3845; x_wconf 90' lang='lat' dir='ltr'><strong>obeat,</strong></span> <span class='ocrx_word' id='word_1_334' title='bbox 1033 3769 1360 3849; x_wconf 70' lang='lat' dir='ltr'><strong>deploratae</strong></span> <span class='ocrx_word' id='word_1_335' title='bbox 1389 3770 1516 3851; x_wconf 86' lang='lat' dir='ltr'><strong>spei</strong></span> <span class='ocrx_word' id='word_1_336' title='bbox 1541 3779 1652 3832; x_wconf 86' lang='lat' dir='ltr'><strong>est.</strong></span> 
     </span>
    </p>
   </div>
   <div class='ocr_carea' id='block_1_54' title="bbox 452 3858 2016 3942">
    <p class='ocr_par' dir='ltr' id='par_1_54' title="bbox 452 3858 2016 3942">
     <span class='ocr_line' id='line_1_54' title="bbox 452 3858 2016 3942; baseline -0.003 -17"><span class='ocrx_word' id='word_1_337' title='bbox 452 3863 509 3924; x_wconf 84' lang='lat'><strong>5.</strong></span> <span class='ocrx_word' id='word_1_338' title='bbox 569 3859 779 3924; x_wconf 90' lang='lat' dir='ltr'><strong>Omnis</strong></span> <span class='ocrx_word' id='word_1_339' title='bbox 840 3858 1148 3940; x_wconf 82' lang='lat' dir='ltr'><strong>presbyter</strong></span> <span class='ocrx_word' id='word_1_340' title='bbox 1202 3867 1302 3920; x_wconf 89' lang='lat' dir='ltr'><strong>aut</strong></span> <span class='ocrx_word' id='word_1_341' title='bbox 1357 3859 1645 3922; x_wconf 87' lang='lat' dir='ltr'><strong>diaconus</strong></span> <span class='ocrx_word' id='word_1_342' title='bbox 1673 3863 2016 3942; x_wconf 88' lang='lat' dir='ltr'><strong>episcopum</strong></span> 
     </span>
    </p>
   </div>
   <div class='ocr_carea' id='block_1_55' title="bbox 371 3946 2020 4031">
    <p class='ocr_par' dir='ltr' id='par_1_55' title="bbox 371 3946 2020 4031">
     <span class='ocr_line' id='line_1_55' title="bbox 371 3946 2020 4031; baseline -0.003 -13"><span class='ocrx_word' id='word_1_343' title='bbox 371 3965 789 4024; x_wconf 87' lang='lat' dir='ltr'><strong>contemnens,</strong></span> <span class='ocrx_word' id='word_1_344' title='bbox 825 3957 884 4010; x_wconf 92' lang='lat' dir='ltr'><strong>et</strong></span> <span class='ocrx_word' id='word_1_345' title='bbox 935 3946 1008 4010; x_wconf 90' lang='lat' dir='ltr'><strong>ab</strong></span> <span class='ocrx_word' id='word_1_346' title='bbox 1040 3965 1110 4010; x_wconf 91' lang='lat' dir='ltr'><strong>eo</strong></span> <span class='ocrx_word' id='word_1_347' title='bbox 1154 3947 1470 4027; x_wconf 87' lang='lat' dir='ltr'><strong>recedens,</strong></span> <span class='ocrx_word' id='word_1_348' title='bbox 1506 3949 1783 4031; x_wconf 88' lang='lat' dir='ltr'><strong>aliudque</strong></span> <span class='ocrx_word' id='word_1_349' title='bbox 1831 3951 2020 4014; x_wconf 87' lang='lat' dir='ltr'><strong>altare</strong></span> 
     </span>
    </p>
   </div>
   <div class='ocr_carea' id='block_1_56' title="bbox 373 4036 2019 4118">
    <p class='ocr_par' dir='ltr' id='par_1_56' title="bbox 373 4036 2019 4118">
     <span class='ocr_line' id='line_1_56' title="bbox 373 4036 2019 4118; baseline -0.002 -12"><span class='ocrx_word' id='word_1_350' title='bbox 373 4053 675 4113; x_wconf 82' lang='lat' dir='ltr'><strong>extruens,</strong></span> <span class='ocrx_word' id='word_1_351' title='bbox 709 4038 760 4099; x_wconf 92' lang='lat' dir='ltr'><strong>si</strong></span> <span class='ocrx_word' id='word_1_352' title='bbox 789 4036 862 4098; x_wconf 90' lang='lat' dir='ltr'><strong>ab</strong></span> <span class='ocrx_word' id='word_1_353' title='bbox 908 4040 1188 4118; x_wconf 85' lang='lat' dir='ltr'><strong>episcopo</strong></span> <span class='ocrx_word' id='word_1_354' title='bbox 1223 4037 1313 4100; x_wconf 91' lang='lat' dir='ltr'><strong>bis</strong></span> <span class='ocrx_word' id='word_1_355' title='bbox 1363 4047 1578 4116; x_wconf 86' lang='lat' dir='ltr'><strong>terque</strong></span> <span class='ocrx_word' id='word_1_356' title='bbox 1605 4039 1930 4106; x_wconf 90' lang='lat' dir='ltr'><strong>accersitus</strong></span> <span class='ocrx_word' id='word_1_357' title='bbox 1959 4039 2019 4102; x_wconf 92' lang='lat' dir='ltr'><strong>in</strong></span> 
     </span>
    </p>
   </div>
   <div class='ocr_carea' id='block_1_57' title="bbox 371 4127 2023 4212">
    <p class='ocr_par' dir='ltr' id='par_1_57' title="bbox 371 4127 2023 4212">
     <span class='ocr_line' id='line_1_57' title="bbox 371 4127 2023 4212; baseline 0 -19"><span class='ocrx_word' id='word_1_358' title='bbox 371 4128 706 4209; x_wconf 74' lang='lat' dir='ltr'><strong>arrogantia</strong></span> <span class='ocrx_word' id='word_1_359' title='bbox 762 4127 1060 4206; x_wconf 87' lang='lat' dir='ltr'><strong>persistat,</strong></span> <span class='ocrx_word' id='word_1_360' title='bbox 1121 4127 1476 4207; x_wconf 85' lang='lat' dir='ltr'><strong>deponatur,</strong></span> <span class='ocrx_word' id='word_1_361' title='bbox 1537 4130 1861 4192; x_wconf 89' lang='lat' dir='ltr'><strong>curationis</strong></span> <span class='ocrx_word' id='word_1_362' title='bbox 1915 4148 2023 4212; x_wconf 87' lang='lat' dir='ltr'><strong>spe</strong></span> 
     </span>
    </p>
   </div>
   <div class='ocr_carea' id='block_1_58' title="bbox 373 4219 716 4282">
    <p class='ocr_par' dir='ltr' id='par_1_58' title="bbox 373 4219 716 4282">
     <span class='ocr_line' id='line_1_58' title="bbox 373 4219 716 4282; baseline -0.015 0"><span class='ocrx_word' id='word_1_363' title='bbox 373 4219 716 4282; x_wconf 87' lang='lat' dir='ltr'><strong>destitutus.</strong></span> 
     </span>
    </p>
   </div>
   <div class='ocr_carea' id='block_1_59' title="bbox 455 4304 2026 4388">
    <p class='ocr_par' dir='ltr' id='par_1_59' title="bbox 455 4304 2026 4388">
     <span class='ocr_line' id='line_1_59' title="bbox 455 4304 2026 4388; baseline -0.001 -16"><span class='ocrx_word' id='word_1_364' title='bbox 455 4308 512 4372; x_wconf 86' lang='lat'><strong>6.</strong></span> <span class='ocrx_word' id='word_1_365' title='bbox 548 4305 1142 4368; x_wconf 83' lang='lat' dir='ltr'><strong>Excommunicatum</strong></span> <span class='ocrx_word' id='word_1_366' title='bbox 1175 4304 1250 4367; x_wconf 90' lang='lat' dir='ltr'><strong>ab</strong></span> <span class='ocrx_word' id='word_1_367' title='bbox 1281 4307 1561 4388; x_wconf 88' lang='lat' dir='ltr'><strong>episcopo</strong></span> <span class='ocrx_word' id='word_1_368' title='bbox 1597 4308 1883 4371; x_wconf 90' lang='lat' dir='ltr'><strong>clericum</strong></span> <span class='ocrx_word' id='word_1_369' title='bbox 1925 4317 2026 4370; x_wconf 85' lang='lat' dir='ltr'><strong>aut</strong></span> 
     </span>
    </p>
   </div>
   <div class='ocr_carea' id='block_1_60' title="bbox 373 4393 2024 4476">
    <p class='ocr_par' dir='ltr' id='par_1_60' title="bbox 373 4393 2024 4476">
     <span class='ocr_line' id='line_1_60' title="bbox 373 4393 2024 4476; baseline 0 -16"><span class='ocrx_word' id='word_1_370' title='bbox 373 4397 616 4470; x_wconf 87' lang='lat' dir='ltr'><strong>laicum,</strong></span> <span class='ocrx_word' id='word_1_371' title='bbox 649 4393 700 4456; x_wconf 93' lang='lat' dir='ltr'><strong>si</strong></span> <span class='ocrx_word' id='word_1_372' title='bbox 731 4394 921 4474; x_wconf 86' lang='lat' dir='ltr'><strong>major</strong></span> <span class='ocrx_word' id='word_1_373' title='bbox 951 4393 1210 4475; x_wconf 87' lang='lat' dir='ltr'><strong>synodus</strong></span> <span class='ocrx_word' id='word_1_374' title='bbox 1239 4395 1700 4476; x_wconf 88' lang='lat' dir='ltr'><strong>susceperit,aut</strong></span> <span class='ocrx_word' id='word_1_375' title='bbox 1729 4397 2024 4461; x_wconf 80' lang='lat' dir='ltr'><strong>condem-</strong></span> 
     </span>
    </p>
   </div>
   <div class='ocr_carea' id='block_1_61' title="bbox 373 4485 1674 4566">
    <p class='ocr_par' dir='ltr' id='par_1_61' title="bbox 373 4485 1674 4566">
     <span class='ocr_line' id='line_1_61' title="bbox 373 4485 1674 4566; baseline 0 -16"><span class='ocrx_word' id='word_1_376' title='bbox 373 4485 621 4556; x_wconf 88' lang='lat' dir='ltr'><strong>naverit,</strong></span> <span class='ocrx_word' id='word_1_377' title='bbox 656 4486 1046 4566; x_wconf 88' lang='lat' dir='ltr'><strong>acquiescere</strong></span> <span class='ocrx_word' id='word_1_378' title='bbox 1079 4493 1312 4566; x_wconf 89' lang='lat' dir='ltr'><strong>oportet</strong></span> <span class='ocrx_word' id='word_1_379' title='bbox 1340 4489 1674 4550; x_wconf 64' lang='lat' dir='ltr'><strong>sententias.</strong></span> 
     </span>
    </p>
   </div>
   <div class='ocr_carea' id='block_1_62' title="bbox 454 4573 2024 4659">
    <p class='ocr_par' dir='ltr' id='par_1_62' title="bbox 454 4573 2024 4659">
     <span class='ocr_line' id='line_1_62' title="bbox 454 4573 2024 4659; baseline 0.001 -22"><span class='ocrx_word' id='word_1_380' title='bbox 454 4580 513 4637; x_wconf 91' lang='lat'><strong>7.</strong></span> <span class='ocrx_word' id='word_1_381' title='bbox 576 4575 929 4654; x_wconf 76' lang='lat' dir='ltr'><strong>Peregrinus</strong></span> <span class='ocrx_word' id='word_1_382' title='bbox 988 4573 1265 4656; x_wconf 81' lang='lat' dir='ltr'><strong>paciﬁcas</strong></span> <span class='ocrx_word' id='word_1_383' title='bbox 1325 4593 1443 4638; x_wconf 89' lang='lat' dir='ltr'><strong>non</strong></span> <span class='ocrx_word' id='word_1_384' title='bbox 1491 4575 1746 4639; x_wconf 61' lang='lat' dir='ltr'><strong>atterens</strong></span> <span class='ocrx_word' id='word_1_385' title='bbox 1795 4577 2024 4659; x_wconf 86' lang='lat' dir='ltr'><strong>episto-</strong></span> 
     </span>
    </p>
   </div>
   <div class='ocr_carea' id='block_1_63' title="bbox 371 4663 1226 4746">
    <p class='ocr_par' dir='ltr' id='par_1_63' title="bbox 371 4663 1226 4746">
     <span class='ocr_line' id='line_1_63' title="bbox 371 4663 1226 4746; baseline -0.002 -18"><span class='ocrx_word' id='word_1_386' title='bbox 371 4665 482 4740; x_wconf 88' lang='lat' dir='ltr'><strong>las,</strong></span> <span class='ocrx_word' id='word_1_387' title='bbox 514 4682 633 4728; x_wconf 89' lang='lat' dir='ltr'><strong>non</strong></span> <span class='ocrx_word' id='word_1_388' title='bbox 665 4673 755 4726; x_wconf 90' lang='lat' dir='ltr'><strong>est</strong></span> <span class='ocrx_word' id='word_1_389' title='bbox 785 4663 1226 4746; x_wconf 86' lang='lat' dir='ltr'><strong>suscipiendus.</strong></span> 
     </span>
    </p>
   </div>
   <div class='ocr_carea' id='block_1_64' title="bbox 451 4752 2022 4841">
    <p class='ocr_par' dir='ltr' id='par_1_64' title="bbox 451 4752 2022 4841">
     <span class='ocr_line' id='line_1_64' title="bbox 451 4752 2022 4841; baseline 0.002 -22"><span class='ocrx_word' id='word_1_390' title='bbox 451 4755 512 4819; x_wconf 93' lang='lat'><strong>8.</strong></span> <span class='ocrx_word' id='word_1_391' title='bbox 552 4752 862 4834; x_wconf 80' lang='lat' dir='ltr'><strong>Presbyter</strong></span> <span class='ocrx_word' id='word_1_392' title='bbox 889 4752 1013 4814; x_wconf 89' lang='lat' dir='ltr'><strong>ruri</strong></span> <span class='ocrx_word' id='word_1_393' title='bbox 1045 4752 1270 4830; x_wconf 81' lang='lat' dir='ltr'><strong>degens</strong></span> <span class='ocrx_word' id='word_1_394' title='bbox 1302 4772 1378 4817; x_wconf 91' lang='lat' dir='ltr'><strong>ne</strong></span> <span class='ocrx_word' id='word_1_395' title='bbox 1409 4755 1730 4819; x_wconf 88' lang='lat' dir='ltr'><strong>canonicas</strong></span> <span class='ocrx_word' id='word_1_396' title='bbox 1759 4756 1860 4820; x_wconf 89' lang='lat' dir='ltr'><strong>det</strong></span> <span class='ocrx_word' id='word_1_397' title='bbox 1889 4759 2022 4841; x_wconf 86' lang='lat' dir='ltr'><strong>epi-</strong></span> 
     </span>
    </p>
   </div>
   <div class='ocr_carea' id='block_1_65' title="bbox 369 4841 1735 4927">
    <p class='ocr_par' dir='ltr' id='par_1_65' title="bbox 369 4841 1735 4927">
     <span class='ocr_line' id='line_1_65' title="bbox 369 4841 1735 4927; baseline 0.001 -21"><span class='ocrx_word' id='word_1_398' title='bbox 369 4844 574 4921; x_wconf 85' lang='lat' dir='ltr'><strong>stolas,</strong></span> <span class='ocrx_word' id='word_1_399' title='bbox 604 4842 728 4924; x_wconf 24' lang='lat' dir='ltr'><strong>nisi.</strong></span> <span class='ocrx_word' id='word_1_400' title='bbox 747 4843 818 4904; x_wconf 90' lang='lat' dir='ltr'><strong>ad</strong></span> <span class='ocrx_word' id='word_1_401' title='bbox 850 4841 1043 4906; x_wconf 92' lang='lat' dir='ltr'><strong>solum</strong></span> <span class='ocrx_word' id='word_1_402' title='bbox 1072 4843 1331 4905; x_wconf 89' lang='lat' dir='ltr'><strong>vicinum</strong></span> <span class='ocrx_word' id='word_1_403' title='bbox 1367 4843 1735 4927; x_wconf 87' lang='lat' dir='ltr'><strong>episcopum.</strong></span> 
     </span>
    </p>
   </div>
   <div class='ocr_carea' id='block_1_66' title="bbox 452 4932 2030 5019">
    <p class='ocr_par' dir='ltr' id='par_1_66' title="bbox 452 4932 2030 5019">
     <span class='ocr_line' id='line_1_66' title="bbox 452 4932 2030 5019; baseline 0.003 -23"><span class='ocrx_word' id='word_1_404' title='bbox 452 4933 512 4998; x_wconf 84' lang='lat'><strong>9.</strong></span> <span class='ocrx_word' id='word_1_405' title='bbox 570 4932 618 4995; x_wconf 84' lang='lat' dir='ltr'><strong>A</strong></span> <span class='ocrx_word' id='word_1_406' title='bbox 651 4932 1088 5014; x_wconf 87' lang='lat' dir='ltr'><strong>metropolitani</strong></span> <span class='ocrx_word' id='word_1_407' title='bbox 1141 4934 1435 4996; x_wconf 88' lang='lat' dir='ltr'><strong>sententia</strong></span> <span class='ocrx_word' id='word_1_408' title='bbox 1483 4935 1744 5015; x_wconf 85' lang='lat' dir='ltr'><strong>pendere</strong></span> <span class='ocrx_word' id='word_1_409' title='bbox 1789 4947 2030 5019; x_wconf 83' lang='lat' dir='ltr'><strong>Oportet</strong></span> 
     </span>
    </p>
   </div>
   <div class='ocr_carea' id='block_1_67' title="bbox 371 5022 2025 5104">
    <p class='ocr_par' dir='ltr' id='par_1_67' title="bbox 371 5022 2025 5104">
     <span class='ocr_line' id='line_1_67' title="bbox 371 5022 2025 5104; baseline 0.004 -18"><span class='ocrx_word' id='word_1_410' title='bbox 371 5025 706 5104; x_wconf 85' lang='lat' dir='ltr'><strong>episcopos,</strong></span> <span class='ocrx_word' id='word_1_411' title='bbox 758 5022 1023 5103; x_wconf 89' lang='lat' dir='ltr'><strong>nihilque</strong></span> <span class='ocrx_word' id='word_1_412' title='bbox 1079 5027 1227 5084; x_wconf 90' lang='lat' dir='ltr'><strong>citra</strong></span> <span class='ocrx_word' id='word_1_413' title='bbox 1284 5025 1442 5086; x_wconf 89' lang='lat' dir='ltr'><strong>illius</strong></span> <span class='ocrx_word' id='word_1_414' title='bbox 1482 5027 1795 5090; x_wconf 89' lang='lat' dir='ltr'><strong>consilium</strong></span> <span class='ocrx_word' id='word_1_415' title='bbox 1849 5030 2025 5092; x_wconf 87' lang='lat' dir='ltr'><strong>insti-</strong></span> 
     </span>
    </p>
   </div>
   <div class='ocr_carea' id='block_1_68' title="bbox 373 5111 2027 5198">
    <p class='ocr_par' dir='ltr' id='par_1_68' title="bbox 373 5111 2027 5198">
     <span class='ocr_line' id='line_1_68' title="bbox 373 5111 2027 5198; baseline 0.004 -24"><span class='ocrx_word' id='word_1_416' title='bbox 373 5127 542 5177; x_wconf 86' lang='lat' dir='ltr'><strong>tuere</strong></span> <span class='ocrx_word' id='word_1_417' title='bbox 575 5111 688 5175; x_wconf 93' lang='lat' dir='ltr'><strong>nisi</strong></span> <span class='ocrx_word' id='word_1_418' title='bbox 745 5129 812 5174; x_wconf 90' lang='lat' dir='ltr'><strong>ea</strong></span> <span class='ocrx_word' id='word_1_419' title='bbox 848 5112 972 5173; x_wconf 93' lang='lat' dir='ltr'><strong>sola</strong></span> <span class='ocrx_word' id='word_1_420' title='bbox 1002 5130 1131 5193; x_wconf 69' lang='lat' dir='ltr'><strong>qua:</strong></span> <span class='ocrx_word' id='word_1_421' title='bbox 1161 5114 1233 5174; x_wconf 92' lang='lat' dir='ltr'><strong>ad</strong></span> <span class='ocrx_word' id='word_1_422' title='bbox 1286 5133 1451 5176; x_wconf 90' lang='lat' dir='ltr'><strong>suam</strong></span> <span class='ocrx_word' id='word_1_423' title='bbox 1484 5116 1769 5198; x_wconf 86' lang='lat' dir='ltr'><strong>cujusque</strong></span> <span class='ocrx_word' id='word_1_424' title='bbox 1803 5117 2027 5181; x_wconf 72' lang='lat' dir='ltr'><strong>dioece-</strong></span> 
     </span>
    </p>
   </div>
   <div class='ocr_carea' id='block_1_69' title="bbox 373 5201 2020 5284">
    <p class='ocr_par' dir='ltr' id='par_1_69' title="bbox 373 5201 2020 5284">
     <span class='ocr_line' id='line_1_69' title="bbox 373 5201 2020 5284; baseline 0.003 -19"><span class='ocrx_word' id='word_1_425' title='bbox 373 5202 484 5266; x_wconf 87' lang='lat' dir='ltr'><strong>sim</strong></span> <span class='ocrx_word' id='word_1_426' title='bbox 520 5201 843 5284; x_wconf 82' lang='lat' dir='ltr'><strong>pertinent,</strong></span> <span class='ocrx_word' id='word_1_427' title='bbox 877 5219 945 5262; x_wconf 90' lang='lat' dir='ltr'><strong>ac</strong></span> <span class='ocrx_word' id='word_1_428' title='bbox 994 5201 1134 5262; x_wconf 89' lang='lat' dir='ltr'><strong>viris</strong></span> <span class='ocrx_word' id='word_1_429' title='bbox 1161 5204 1621 5284; x_wconf 87' lang='lat' dir='ltr'><strong>reprehensioni</strong></span> <span class='ocrx_word' id='word_1_430' title='bbox 1674 5225 1792 5268; x_wconf 90' lang='lat' dir='ltr'><strong>non</strong></span> <span class='ocrx_word' id='word_1_431' title='bbox 1823 5207 2020 5270; x_wconf 93' lang='lat' dir='ltr'><strong>obno-</strong></span> 
     </span>
    </p>
   </div>
   <div class='ocr_carea' id='block_1_70' title="bbox 372 5292 1091 5372">
    <p class='ocr_par' dir='ltr' id='par_1_70' title="bbox 372 5292 1091 5372">
     <span class='ocr_line' id='line_1_70' title="bbox 372 5292 1091 5372; baseline -0.006 -19"><span class='ocrx_word' id='word_1_432' title='bbox 372 5292 482 5353; x_wconf 83' lang='lat' dir='ltr'><strong>xiis</strong></span> <span class='ocrx_word' id='word_1_433' title='bbox 519 5310 728 5353; x_wconf 84' lang='lat' dir='ltr'><strong>manus</strong></span> <span class='ocrx_word' id='word_1_434' title='bbox 757 5294 1091 5372; x_wconf 83' lang='lat' dir='ltr'><strong>imponere.</strong></span> 
     </span>
    </p>
   </div>
   <div class='ocr_carea' id='block_1_71' title="bbox 454 5379 2020 5464">
    <p class='ocr_par' dir='ltr' id='par_1_71' title="bbox 454 5379 2020 5464">
     <span class='ocr_line' id='line_1_71' title="bbox 454 5379 2020 5464; baseline 0.006 -23"><span class='ocrx_word' id='word_1_435' title='bbox 454 5379 1207 5456; x_wconf 76' lang='lat' dir='ltr'><strong>10.Exorcistas,lectores,</strong></span> <span class='ocrx_word' id='word_1_436' title='bbox 1226 5379 1715 5464; x_wconf 79' lang='lat' dir='ltr'><strong>subdiaconus,et</strong></span> <span class='ocrx_word' id='word_1_437' title='bbox 1745 5396 2020 5450; x_wconf 91' lang='lat' dir='ltr'><strong>cantores</strong></span> 
     </span>
    </p>
   </div>
   <div class='ocr_carea' id='block_1_72' title="bbox 374 5469 2019 5556">
    <p class='ocr_par' dir='ltr' id='par_1_72' title="bbox 374 5469 2019 5556">
     <span class='ocr_line' id='line_1_72' title="bbox 374 5469 2019 5556; baseline 0.005 -26"><span class='ocrx_word' id='word_1_438' title='bbox 374 5469 676 5556; x_wconf 78' lang='lat' dir='ltr'><strong>constituit</strong></span> <span class='ocrx_word' id='word_1_439' title='bbox 707 5472 1194 5553; x_wconf 85' lang='lat' dir='ltr'><strong>chorepiscopus:</strong></span> <span class='ocrx_word' id='word_1_440' title='bbox 1231 5490 1348 5533; x_wconf 92' lang='lat' dir='ltr'><strong>non</strong></span> <span class='ocrx_word' id='word_1_441' title='bbox 1381 5482 1576 5535; x_wconf 90' lang='lat' dir='ltr'><strong>tamen</strong></span> <span class='ocrx_word' id='word_1_442' title='bbox 1611 5477 2019 5556; x_wconf 90' lang='lat' dir='ltr'><strong>presbyterum</strong></span> 
     </span>
    </p>
   </div>
   <div class='ocr_carea' id='block_1_73' title="bbox 375 5553 2019 5645">
    <p class='ocr_par' dir='ltr' id='par_1_73' title="bbox 375 5553 2019 5645">
     <span class='ocr_line' id='line_1_73' title="bbox 375 5553 2019 5645; baseline 0.008 -31"><span class='ocrx_word' id='word_1_443' title='bbox 375 5562 474 5623; x_wconf 79' lang='lat' dir='ltr'><strong>aut</strong></span> <span class='ocrx_word' id='word_1_444' title='bbox 495 5553 808 5620; x_wconf 85' lang='lat' dir='ltr'><strong>diaconum</strong></span> <span class='ocrx_word' id='word_1_445' title='bbox 831 5559 1055 5641; x_wconf 87' lang='lat' dir='ltr'><strong>absque</strong></span> <span class='ocrx_word' id='word_1_446' title='bbox 1085 5559 1335 5622; x_wconf 86' lang='lat' dir='ltr'><strong>civitatis</strong></span> <span class='ocrx_word' id='word_1_447' title='bbox 1366 5562 1670 5643; x_wconf 86' lang='lat' dir='ltr'><strong>episcopo:</strong></span> <span class='ocrx_word' id='word_1_448' title='bbox 1699 5553 2019 5645; x_wconf 72' lang='lat' dir='ltr'><strong>quiautem</strong></span> 
     </span>
    </p>
   </div>
   <div class='ocr_carea' id='block_1_74' title="bbox 2108 1869 3758 1952">
    <p class='ocr_par' dir='ltr' id='par_1_74' title="bbox 2108 1869 3758 1952">
     <span class='ocr_line' id='line_1_74' title="bbox 2108 1869 3758 1952; baseline -0.002 -25"><span class='ocrx_word' id='word_1_449' title='bbox 2108 1869 2254 1928; x_wconf 77' lang='grc' dir='ltr'>ϐειαν</span> <span class='ocrx_word' id='word_1_450' title='bbox 2309 1870 2707 1952; x_wconf 75' lang='grc' dir='ltr'>ὑπαλείφοντες,</span> <span class='ocrx_word' id='word_1_451' title='bbox 2743 1871 2836 1928; x_wconf 77' lang='grc' dir='ltr'><strong>κᾶἰ</strong></span> <span class='ocrx_word' id='word_1_452' title='bbox 2881 1873 3037 1928; x_wconf 88' lang='grc' dir='ltr'>τέκνα</span> <span class='ocrx_word' id='word_1_453' title='bbox 3069 1873 3142 1934; x_wconf 86' lang='grc' dir='ltr'><strong>ὡς</strong></span> <span class='ocrx_word' id='word_1_454' title='bbox 3206 1873 3312 1950; x_wconf 64' lang='lat' dir='ltr'><strong>lyp.</strong></span> <span class='ocrx_word' id='word_1_455' title='bbox 3348 1870 3466 1946; x_wconf 63' lang='grc' dir='ltr'>ὃσα,</span> <span class='ocrx_word' id='word_1_456' title='bbox 3521 1869 3758 1926; x_wconf 81' lang='grc' dir='ltr'>ἀπίστων</span> 
     </span>
    </p>
   </div>
   <div class='ocr_carea' id='block_1_75' title="bbox 2109 1961 3038 2040">
    <p class='ocr_par' dir='ltr' id='par_1_75' title="bbox 2109 1961 3038 2040">
     <span class='ocr_line' id='line_1_75' title="bbox 2109 1961 3038 2040; baseline 0.003 -23"><span class='ocrx_word' id='word_1_457' title='bbox 2109 1963 2468 2040; x_wconf 82' lang='grc' dir='ltr'>ἀποσκιρτῶσι</span> <span class='ocrx_word' id='word_1_458' title='bbox 2497 1961 2718 2039; x_wconf 83' lang='grc' dir='ltr'>γονέων,</span> <span class='ocrx_word' id='word_1_459' title='bbox 2753 1961 3038 2038; x_wconf 60' lang='lat' dir='ltr'><strong>civilium]</strong></span> 
     </span>
    </p>
   </div>
   <div class='ocr_carea' id='block_1_76' title="bbox 2186 2045 3756 2129">
    <p class='ocr_par' dir='ltr' id='par_1_76' title="bbox 2186 2045 3756 2129">
     <span class='ocr_line' id='line_1_76' title="bbox 2186 2045 3756 2129; baseline -0.006 -18"><span class='ocrx_word' id='word_1_460' title='bbox 2186 2050 2255 2122; x_wconf 83' lang='grc' dir='ltr'><strong>ζ’.</strong></span> <span class='ocrx_word' id='word_1_461' title='bbox 2322 2052 2479 2110; x_wconf 80' lang='grc' dir='ltr'>Ὅσαι</span> <span class='ocrx_word' id='word_1_462' title='bbox 2509 2065 2760 2129; x_wconf 77' lang='grc' dir='ltr'>γυναῖκες</span> <span class='ocrx_word' id='word_1_463' title='bbox 2817 2053 2906 2116; x_wconf 86' lang='grc' dir='ltr'><strong>τάς</strong></span> <span class='ocrx_word' id='word_1_464' title='bbox 2938 2051 3110 2127; x_wconf 88' lang='grc' dir='ltr'>κόμας</span> <span class='ocrx_word' id='word_1_465' title='bbox 3163 2049 3424 2129; x_wconf 85' lang='grc' dir='ltr'>τίλλουσι,</span> <span class='ocrx_word' id='word_1_466' title='bbox 3453 2045 3756 2106; x_wconf 73' lang='grc' dir='ltr'>θεοσέϐειαν</span> 
     </span>
    </p>
   </div>
   <div class='ocr_carea' id='block_1_77' title="bbox 2113 2137 3760 2219">
    <p class='ocr_par' dir='ltr' id='par_1_77' title="bbox 2113 2137 3760 2219">
     <span class='ocr_line' id='line_1_77' title="bbox 2113 2137 3760 2219; baseline -0.003 -22"><span class='ocrx_word' id='word_1_467' title='bbox 2113 2142 2538 2219; x_wconf 74' lang='grc' dir='ltr'>ὑποκρινόμεναι·</span> <span class='ocrx_word' id='word_1_468' title='bbox 2599 2142 2686 2198; x_wconf 86' lang='grc' dir='ltr'><strong>καὶ</strong></span> <span class='ocrx_word' id='word_1_469' title='bbox 2728 2143 2756 2197; x_wconf 76' lang='grc' dir='ltr'><strong>ὁ</strong></span> <span class='ocrx_word' id='word_1_470' title='bbox 2787 2142 2885 2207; x_wconf 78' lang='grc' dir='ltr'><strong>τὴν</strong></span> <span class='ocrx_word' id='word_1_471' title='bbox 2946 2140 3214 2218; x_wconf 77' lang='grc' dir='ltr'>Κυριακὴν</span> <span class='ocrx_word' id='word_1_472' title='bbox 3268 2140 3488 2213; x_wconf 83' lang='grc' dir='ltr'>ἀσιτῶν,</span> <span class='ocrx_word' id='word_1_473' title='bbox 3523 2139 3609 2194; x_wconf 84' lang='grc' dir='ltr'><strong>καὶ</strong></span> <span class='ocrx_word' id='word_1_474' title='bbox 3667 2137 3760 2202; x_wconf 87' lang='grc' dir='ltr'><strong>τάς</strong></span> 
     </span>
    </p>
   </div>
   <div class='ocr_carea' id='block_1_78' title="bbox 2114 2227 3763 2307">
    <p class='ocr_par' dir='ltr' id='par_1_78' title="bbox 2114 2227 3763 2307">
     <span class='ocr_line' id='line_1_78' title="bbox 2114 2227 3763 2307; baseline -0.003 -20"><span class='ocrx_word' id='word_1_475' title='bbox 2114 2230 2556 2296; x_wconf 75' lang='grc' dir='ltr'>ἐκκλησιαστικάς</span> <span class='ocrx_word' id='word_1_476' title='bbox 2615 2232 2860 2297; x_wconf 83' lang='grc' dir='ltr'>νηστείας</span> <span class='ocrx_word' id='word_1_477' title='bbox 2917 2229 3210 2307; x_wconf 77' lang='grc' dir='ltr'>ἐκτρέπων·</span> <span class='ocrx_word' id='word_1_478' title='bbox 3271 2228 3358 2284; x_wconf 74' lang='grc' dir='ltr'>καὶ</span> <span class='ocrx_word' id='word_1_479' title='bbox 3417 2230 3445 2284; x_wconf 80' lang='grc' dir='ltr'><strong>ὁ</strong></span> <span class='ocrx_word' id='word_1_480' title='bbox 3474 2227 3570 2290; x_wconf 86' lang='grc' dir='ltr'><strong>τάς</strong></span> <span class='ocrx_word' id='word_1_481' title='bbox 3627 2247 3763 2305; x_wconf 80' lang='grc' dir='ltr'>μαρο</span> 
     </span>
    </p>
   </div>
   <div class='ocr_carea' id='block_1_79' title="bbox 2111 2319 3230 2400">
    <p class='ocr_par' dir='ltr' id='par_1_79' title="bbox 2111 2319 3230 2400">
     <span class='ocr_line' id='line_1_79' title="bbox 2111 2319 3230 2400; baseline 0 -24"><span class='ocrx_word' id='word_1_482' title='bbox 2111 2321 2277 2399; x_wconf 90' lang='grc' dir='ltr'>τύρων</span> <span class='ocrx_word' id='word_1_483' title='bbox 2321 2319 2553 2386; x_wconf 79' lang='grc' dir='ltr'>συνάξεις</span> <span class='ocrx_word' id='word_1_484' title='bbox 2585 2319 2939 2400; x_wconf 67' lang='grc' dir='ltr'>περιφρονῶν,</span> <span class='ocrx_word' id='word_1_485' title='bbox 2973 2319 3230 2392; x_wconf 83' lang='grc' dir='ltr'>ἀνάθεμα.</span> 
     </span>
    </p>
   </div>
   <div class='ocr_carea' id='block_1_80' title="bbox 2111 2420 3757 2506">
    <p class='ocr_par' dir='ltr' id='par_1_80' title="bbox 2111 2420 3757 2506">
     <span class='ocr_line' id='line_1_80' title="bbox 2111 2420 3757 2506; baseline -0.004 -21"><span class='ocrx_word' id='word_1_486' title='bbox 2111 2427 2216 2495; x_wconf 76' lang='grc' dir='ltr'><strong>Τῆς</strong></span> <span class='ocrx_word' id='word_1_487' title='bbox 2288 2427 2341 2484; x_wconf 70' lang='grc' dir='ltr'><strong>ἐν</strong></span> <span class='ocrx_word' id='word_1_488' title='bbox 2423 2426 2729 2506; x_wconf 73' lang='grc' dir='ltr'>Ἀντιοχείᾳ</span> <span class='ocrx_word' id='word_1_489' title='bbox 2819 2423 3030 2484; x_wconf 77' lang='grc' dir='ltr'>συνόδου</span> <span class='ocrx_word' id='word_1_490' title='bbox 3111 2430 3215 2480; x_wconf 83' lang='grc' dir='ltr'><strong>τῶν</strong></span> <span class='ocrx_word' id='word_1_491' title='bbox 3313 2421 3547 2482; x_wconf 80' lang='grc' dir='ltr'>κανόνων</span> <span class='ocrx_word' id='word_1_492' title='bbox 3631 2420 3757 2479; x_wconf 85' lang='grc' dir='ltr'>ἐπι-</span> 
     </span>
    </p>
   </div>
   <div class='ocr_carea' id='block_1_81' title="bbox 2853 2506 3014 2580">
    <p class='ocr_par' dir='ltr' id='par_1_81' title="bbox 2853 2506 3014 2580">
     <span class='ocr_line' id='line_1_81' title="bbox 2853 2506 3014 2580; baseline 0 -18"><span class='ocrx_word' id='word_1_493' title='bbox 2853 2506 3014 2580; x_wconf 78' lang='grc' dir='ltr'>τομὴ.</span> 
     </span>
    </p>
   </div>
   <div class='ocr_carea' id='block_1_82' title="bbox 2186 2602 3750 2687">
    <p class='ocr_par' dir='ltr' id='par_1_82' title="bbox 2186 2602 3750 2687">
     <span class='ocr_line' id='line_1_82' title="bbox 2186 2602 3750 2687; baseline -0.004 -19"><span class='ocrx_word' id='word_1_494' title='bbox 2186 2611 2263 2672; x_wconf 85' lang='grc' dir='ltr'><strong>α’.</strong></span> <span class='ocrx_word' id='word_1_495' title='bbox 2322 2616 2382 2670; x_wconf 82' lang='lat'><strong>&#39;0</strong></span> <span class='ocrx_word' id='word_1_496' title='bbox 2415 2611 2512 2679; x_wconf 74' lang='grc' dir='ltr'>τὴν</span> <span class='ocrx_word' id='word_1_497' title='bbox 2556 2609 2803 2684; x_wconf 80' lang='grc' dir='ltr'>ἔνθεσμον</span> <span class='ocrx_word' id='word_1_498' title='bbox 2835 2616 2927 2666; x_wconf 81' lang='grc' dir='ltr'>τοῦ</span> <span class='ocrx_word' id='word_1_499' title='bbox 2972 2609 3166 2687; x_wconf 59' lang='grc' dir='ltr'>Πάσχα</span> <span class='ocrx_word' id='word_1_500' title='bbox 3198 2603 3482 2686; x_wconf 82' lang='grc' dir='ltr'>παράδοσιν</span> <span class='ocrx_word' id='word_1_501' title='bbox 3530 2602 3750 2681; x_wconf 75' lang='grc' dir='ltr'>διαμετ-</span> 
     </span>
    </p>
   </div>
   <div class='ocr_carea' id='block_1_83' title="bbox 2109 2694 3750 2780">
    <p class='ocr_par' dir='ltr' id='par_1_83' title="bbox 2109 2694 3750 2780">
     <span class='ocr_line' id='line_1_83' title="bbox 2109 2694 3750 2780; baseline -0.005 -22"><span class='ocrx_word' id='word_1_502' title='bbox 2109 2706 2204 2778; x_wconf 75' lang='grc' dir='ltr'><strong>ψαι</strong></span> <span class='ocrx_word' id='word_1_503' title='bbox 2276 2705 2630 2780; x_wconf 77' lang='grc' dir='ltr'>πειρώμενος,</span> <span class='ocrx_word' id='word_1_504' title='bbox 2692 2699 2883 2762; x_wconf 80' lang='grc' dir='ltr'>λα’ίκδς</span> <span class='ocrx_word' id='word_1_505' title='bbox 2957 2697 3054 2772; x_wconf 76' lang='grc' dir='ltr'>μὲν</span> <span class='ocrx_word' id='word_1_506' title='bbox 3135 2695 3326 2775; x_wconf 80' lang='grc' dir='ltr'>τελῶν,</span> <span class='ocrx_word' id='word_1_507' title='bbox 3389 2695 3525 2754; x_wconf 77' lang='grc' dir='ltr'>ἔστω</span> <span class='ocrx_word' id='word_1_508' title='bbox 3607 2694 3750 2751; x_wconf 81' lang='grc' dir='ltr'>ἀπό-</span> 
     </span>
    </p>
   </div>
   <div class='ocr_carea' id='block_1_84' title="bbox 2104 2784 3242 2867">
    <p class='ocr_par' dir='ltr' id='par_1_84' title="bbox 2104 2784 3242 2867">
     <span class='ocr_line' id='line_1_84' title="bbox 2104 2784 3242 2867; baseline -0.002 -21"><span class='ocrx_word' id='word_1_509' title='bbox 2104 2788 2326 2857; x_wconf 81' lang='grc' dir='ltr'>ϐλητος’</span> <span class='ocrx_word' id='word_1_510' title='bbox 2364 2789 2620 2867; x_wconf 82' lang='grc' dir='ltr'>κληριγὸς</span> <span class='ocrx_word' id='word_1_511' title='bbox 2651 2787 2732 2861; x_wconf 82' lang='grc' dir='ltr'><strong>δέ,</strong></span> <span class='ocrx_word' id='word_1_512' title='bbox 2766 2784 3242 2853; x_wconf 86' lang='grc' dir='ltr'>ἀνεκκλησίαστος.</span> 
     </span>
    </p>
   </div>
   <div class='ocr_carea' id='block_1_85' title="bbox 2186 2873 3754 2955">
    <p class='ocr_par' dir='ltr' id='par_1_85' title="bbox 2186 2873 3754 2955">
     <span class='ocr_line' id='line_1_85' title="bbox 2186 2873 3754 2955; baseline -0.004 -19"><span class='ocrx_word' id='word_1_513' title='bbox 2186 2879 2262 2955; x_wconf 84' lang='grc' dir='ltr'><strong>β’.</strong></span> <span class='ocrx_word' id='word_1_514' title='bbox 2321 2882 2382 2937; x_wconf 86' lang='grc' dir='ltr'>Ὃ</span> <span class='ocrx_word' id='word_1_515' title='bbox 2440 2880 2513 2941; x_wconf 86' lang='grc' dir='ltr'><strong>εἰς</strong></span> <span class='ocrx_word' id='word_1_516' title='bbox 2573 2875 2861 2944; x_wconf 76' lang='grc' dir='ltr'>ἐκκλησίαν</span> <span class='ocrx_word' id='word_1_517' title='bbox 2930 2875 3130 2949; x_wconf 79' lang='grc' dir='ltr'>εἰσιὼν,</span> <span class='ocrx_word' id='word_1_518' title='bbox 3190 2874 3278 2932; x_wconf 80' lang='grc' dir='ltr'><strong>καὶ</strong></span> <span class='ocrx_word' id='word_1_519' title='bbox 3348 2873 3629 2954; x_wconf 70' lang='grc' dir='ltr'>προσέχων</span> <span class='ocrx_word' id='word_1_520' title='bbox 3684 2877 3754 2949; x_wconf 73' lang='grc' dir='ltr'><strong>τῇ</strong></span> 
     </span>
    </p>
   </div>
   <div class='ocr_carea' id='block_1_86' title="bbox 2105 2961 3750 3048">
    <p class='ocr_par' dir='ltr' id='par_1_86' title="bbox 2105 2961 3750 3048">
     <span class='ocr_line' id='line_1_86' title="bbox 2105 2961 3750 3048; baseline -0.007 -21"><span class='ocrx_word' id='word_1_521' title='bbox 2105 2973 2217 3048; x_wconf 76' lang='grc' dir='ltr'>ἱερᾷ</span> <span class='ocrx_word' id='word_1_522' title='bbox 2272 2975 2475 3048; x_wconf 74' lang='grc' dir='ltr'>Γραφῇ,</span> <span class='ocrx_word' id='word_1_523' title='bbox 2506 2969 2986 3048; x_wconf 68' lang='grc' dir='ltr'>εἷτα-περιφρονῶν</span> <span class='ocrx_word' id='word_1_524' title='bbox 3043 2965 3130 3020; x_wconf 82' lang='grc' dir='ltr'><strong>καὶ</strong></span> <span class='ocrx_word' id='word_1_525' title='bbox 3160 2963 3318 3029; x_wconf 76' lang='grc' dir='ltr'>ἀξιῶν</span> <span class='ocrx_word' id='word_1_526' title='bbox 3380 2965 3492 3042; x_wconf 74' lang='grc' dir='ltr'>Ιγρ,</span> <span class='ocrx_word' id='word_1_527' title='bbox 3540 2961 3750 3041; x_wconf 70' lang='grc' dir='ltr'>ἐξιὼν],</span> 
     </span>
    </p>
   </div>
   <div class='ocr_carea' id='block_1_87' title="bbox 2106 3046 3527 3137">
    <p class='ocr_par' dir='ltr' id='par_1_87' title="bbox 2106 3046 3527 3137">
     <span class='ocr_line' id='line_1_87' title="bbox 2106 3046 3527 3137; baseline -0.005 -20"><span class='ocrx_word' id='word_1_528' title='bbox 2106 3046 2194 3117; x_wconf 82' lang='grc' dir='ltr'>καὶ</span> <span class='ocrx_word' id='word_1_529' title='bbox 2224 3046 2689 3137; x_wconf 75' lang='grc' dir='ltr'>ἀποστρεφόμενος</span> <span class='ocrx_word' id='word_1_530' title='bbox 2719 3057 2816 3124; x_wconf 75' lang='grc' dir='ltr'>τὴν</span> <span class='ocrx_word' id='word_1_531' title='bbox 2839 3053 3165 3133; x_wconf 79' lang='grc' dir='ltr'>μετάληψιν,</span> <span class='ocrx_word' id='word_1_532' title='bbox 3199 3050 3527 3120; x_wconf 76' lang='grc' dir='ltr'>ἀπόϐλητος.</span> 
     </span>
    </p>
   </div>
   <div class='ocr_carea' id='block_1_88' title="bbox 2192 3143 3755 3227">
    <p class='ocr_par' dir='ltr' id='par_1_88' title="bbox 2192 3143 3755 3227">
     <span class='ocr_line' id='line_1_88' title="bbox 2192 3143 3755 3227; baseline -0.004 -21"><span class='ocrx_word' id='word_1_533' title='bbox 2192 3148 2266 3227; x_wconf 78' lang='grc' dir='ltr'><strong>γ’.</strong></span> <span class='ocrx_word' id='word_1_534' title='bbox 2321 3149 2380 3206; x_wconf 86' lang='grc'><strong>’0</strong></span> <span class='ocrx_word' id='word_1_535' title='bbox 2424 3145 2478 3203; x_wconf 87' lang='grc' dir='ltr'><strong>δέ</strong></span> <span class='ocrx_word' id='word_1_536' title='bbox 2522 3146 2870 3220; x_wconf 72' lang='grc' dir='ltr'>ἀκοινωνήτῳ</span> <span class='ocrx_word' id='word_1_537' title='bbox 2916 3149 3208 3224; x_wconf 82' lang='grc' dir='ltr'>κοινωνῶν,</span> <span class='ocrx_word' id='word_1_538' title='bbox 3239 3143 3617 3210; x_wconf 83' lang='grc' dir='ltr'>ἀκοινώνητος⁹</span> <span class='ocrx_word' id='word_1_539' title='bbox 3665 3143 3755 3200; x_wconf 79' lang='grc' dir='ltr'>καὶ</span> 
     </span>
    </p>
   </div>
   <div class='ocr_carea' id='block_1_89' title="bbox 2109 3231 3754 3316">
    <p class='ocr_par' dir='ltr' id='par_1_89' title="bbox 2109 3231 3754 3316">
     <span class='ocr_line' id='line_1_89' title="bbox 2109 3231 3754 3316; baseline -0.005 -20"><span class='ocrx_word' id='word_1_540' title='bbox 2109 3243 2136 3296; x_wconf 83' lang='grc' dir='ltr'>ὁ</span> <span class='ocrx_word' id='word_1_541' title='bbox 2207 3237 2597 3316; x_wconf 82' lang='grc' dir='ltr'>συνευχόμενος</span> <span class='ocrx_word' id='word_1_542' title='bbox 2679 3249 2795 3301; x_wconf 76' lang='grc' dir='ltr'>τοῖς</span> <span class='ocrx_word' id='word_1_543' title='bbox 2854 3235 2933 3311; x_wconf 79' lang='grc' dir='ltr'>μὴ</span> <span class='ocrx_word' id='word_1_544' title='bbox 2999 3239 3066 3310; x_wconf 76' lang='grc' dir='ltr'><strong>τῇ</strong></span> <span class='ocrx_word' id='word_1_545' title='bbox 3120 3231 3376 3300; x_wconf 85' lang='grc' dir='ltr'>ἐκκλησία</span> <span class='ocrx_word' id='word_1_546' title='bbox 3446 3252 3754 3312; x_wconf 82' lang='grc' dir='ltr'>προσευχο-</span> 
     </span>
    </p>
   </div>
   <div class='ocr_carea' id='block_1_90' title="bbox 2108 3321 3754 3406">
    <p class='ocr_par' dir='ltr' id='par_1_90' title="bbox 2108 3321 3754 3406">
     <span class='ocr_line' id='line_1_90' title="bbox 2108 3321 3754 3406; baseline -0.008 -19"><span class='ocrx_word' id='word_1_547' title='bbox 2108 3330 2286 3406; x_wconf 86' lang='grc' dir='ltr'>μένοις</span> <span class='ocrx_word' id='word_1_548' title='bbox 2362 3328 2467 3406; x_wconf 80' lang='grc' dir='ltr'>Ιγρ,</span> <span class='ocrx_word' id='word_1_549' title='bbox 2523 3321 3000 3405; x_wconf 83' lang='grc' dir='ltr'>συνευχομένοις],</span> <span class='ocrx_word' id='word_1_550' title='bbox 3060 3322 3366 3386; x_wconf 77' lang='grc' dir='ltr'>ὑπεύθυνος·</span> <span class='ocrx_word' id='word_1_551' title='bbox 3436 3322 3522 3378; x_wconf 82' lang='grc' dir='ltr'>καὶ</span> <span class='ocrx_word' id='word_1_552' title='bbox 3579 3323 3607 3376; x_wconf 80' lang='grc' dir='ltr'><strong>ὁ</strong></span> <span class='ocrx_word' id='word_1_553' title='bbox 3663 3321 3754 3374; x_wconf 80' lang='grc' dir='ltr'><strong>τὸν</strong></span> 
     </span>
    </p>
   </div>
   <div class='ocr_carea' id='block_1_91' title="bbox 2108 3409 3756 3491">
    <p class='ocr_par' dir='ltr' id='par_1_91' title="bbox 2108 3409 3756 3491">
     <span class='ocr_line' id='line_1_91' title="bbox 2108 3409 3756 3491; baseline -0.006 -15"><span class='ocrx_word' id='word_1_554' title='bbox 2108 3421 2180 3482; x_wconf 84' lang='grc' dir='ltr'><strong>εἰς</strong></span> <span class='ocrx_word' id='word_1_555' title='bbox 2239 3416 2526 3484; x_wconf 76' lang='grc' dir='ltr'>ἐκκλησίαν</span> <span class='ocrx_word' id='word_1_556' title='bbox 2611 3415 2689 3490; x_wconf 78' lang='grc' dir='ltr'>μὴ</span> <span class='ocrx_word' id='word_1_557' title='bbox 2765 3416 3120 3491; x_wconf 77' lang='grc' dir='ltr'>συναγόμενον</span> <span class='ocrx_word' id='word_1_558' title='bbox 3177 3409 3599 3490; x_wconf 79' lang='grc' dir='ltr'>ὑποδεχόμενος,</span> <span class='ocrx_word' id='word_1_559' title='bbox 3661 3412 3756 3467; x_wconf 61' lang='grc' dir='ltr'>οὒκ</span> 
     </span>
    </p>
   </div>
   <div class='ocr_carea' id='block_1_92' title="bbox 2107 3509 2362 3572">
    <p class='ocr_par' dir='ltr' id='par_1_92' title="bbox 2107 3509 2362 3572">
     <span class='ocr_line' id='line_1_92' title="bbox 2107 3509 2362 3572; baseline 0.008 -6"><span class='ocrx_word' id='word_1_560' title='bbox 2107 3509 2362 3572; x_wconf 85' lang='grc' dir='ltr'>ἀναίτιος.</span> 
     </span>
    </p>
   </div>
   <div class='ocr_carea' id='block_1_93' title="bbox 2190 3589 3750 3671">
    <p class='ocr_par' dir='ltr' id='par_1_93' title="bbox 2190 3589 3750 3671">
     <span class='ocr_line' id='line_1_93' title="bbox 2190 3589 3750 3671; baseline -0.006 -17"><span class='ocrx_word' id='word_1_561' title='bbox 2190 3597 2258 3660; x_wconf 81' lang='grc' dir='ltr'>δ’,</span> <span class='ocrx_word' id='word_1_562' title='bbox 2320 3595 2380 3654; x_wconf 84' lang='lat'><strong>’0</strong></span> <span class='ocrx_word' id='word_1_563' title='bbox 2412 3596 2514 3652; x_wconf 77' lang='grc' dir='ltr'><strong>ὑπὸ</strong></span> <span class='ocrx_word' id='word_1_564' title='bbox 2571 3592 2785 3651; x_wconf 80' lang='grc' dir='ltr'>συνόδου</span> <span class='ocrx_word' id='word_1_565' title='bbox 2843 3589 3215 3671; x_wconf 72' lang='grc' dir='ltr'>καθῃρημένος</span> <span class='ocrx_word' id='word_1_566' title='bbox 3247 3589 3558 3663; x_wconf 78' lang='grc' dir='ltr'>ἐπίσκοπος,</span> <span class='ocrx_word' id='word_1_567' title='bbox 3592 3591 3680 3646; x_wconf 86' lang='grc' dir='ltr'><strong>καὶ</strong></span> <span class='ocrx_word' id='word_1_568' title='bbox 3722 3589 3750 3644; x_wconf 81' lang='grc' dir='ltr'><em>ὃ</em></span> 
     </span>
    </p>
   </div>
   <div class='ocr_carea' id='block_1_94' title="bbox 2107 3677 3750 3764">
    <p class='ocr_par' dir='ltr' id='par_1_94' title="bbox 2107 3677 3750 3764">
     <span class='ocr_line' id='line_1_94' title="bbox 2107 3677 3750 3764; baseline -0.007 -18"><span class='ocrx_word' id='word_1_569' title='bbox 2107 3690 2204 3746; x_wconf 70' lang='grc' dir='ltr'><strong>ὕπὸ</strong></span> <span class='ocrx_word' id='word_1_570' title='bbox 2265 3685 2556 3744; x_wconf 75' lang='grc' dir='ltr'>ἐπισκόπου</span> <span class='ocrx_word' id='word_1_571' title='bbox 2611 3681 2956 3764; x_wconf 81' lang='grc' dir='ltr'>πρεσϐύτερος</span> <span class='ocrx_word' id='word_1_572' title='bbox 3013 3683 3099 3738; x_wconf 78' lang='grc' dir='ltr'><strong>καὶ</strong></span> <span class='ocrx_word' id='word_1_573' title='bbox 3156 3677 3421 3758; x_wconf 82' lang='grc' dir='ltr'>διάκονος,</span> <span class='ocrx_word' id='word_1_574' title='bbox 3483 3681 3526 3736; x_wconf 77' lang='grc' dir='ltr'><strong>εἰ</strong></span> <span class='ocrx_word' id='word_1_575' title='bbox 3584 3679 3750 3736; x_wconf 71' lang='grc' dir='ltr'>αὔθα-</span> 
     </span>
    </p>
   </div>
   <div class='ocr_carea' id='block_1_95' title="bbox 2103 3769 3203 3855">
    <p class='ocr_par' dir='ltr' id='par_1_95' title="bbox 2103 3769 3203 3855">
     <span class='ocr_line' id='line_1_95' title="bbox 2103 3769 3203 3855; baseline -0.005 -20"><span class='ocrx_word' id='word_1_576' title='bbox 2103 3777 2412 3855; x_wconf 71' lang='grc' dir='ltr'>διαζόμενος</span> <span class='ocrx_word' id='word_1_577' title='bbox 2437 3773 2833 3854; x_wconf 80' lang='grc' dir='ltr'>λειτουργήσοι,</span> <span class='ocrx_word' id='word_1_578' title='bbox 2868 3769 3203 3833; x_wconf 78' lang='grc' dir='ltr'>ἀνέλπιστος.</span> 
     </span>
    </p>
   </div>
   <div class='ocr_carea' id='block_1_96' title="bbox 2182 3857 3752 3941">
    <p class='ocr_par' dir='ltr' id='par_1_96' title="bbox 2182 3857 3752 3941">
     <span class='ocr_line' id='line_1_96' title="bbox 2182 3857 3752 3941; baseline -0.006 -18"><span class='ocrx_word' id='word_1_579' title='bbox 2182 3867 2249 3928; x_wconf 84' lang='grc' dir='ltr'><strong>ε’.</strong></span> <span class='ocrx_word' id='word_1_580' title='bbox 2312 3872 2418 3928; x_wconf 83' lang='grc' dir='ltr'>Πᾶς</span> <span class='ocrx_word' id='word_1_581' title='bbox 2451 3867 2476 3922; x_wconf 64' lang='grc' dir='ltr'><strong>δ</strong></span> <span class='ocrx_word' id='word_1_582' title='bbox 2508 3864 2802 3920; x_wconf 74' lang='grc' dir='ltr'>ἐπισκόπου</span> <span class='ocrx_word' id='word_1_583' title='bbox 2858 3862 3221 3941; x_wconf 72' lang='grc' dir='ltr'>καταφρονῶν,</span> <span class='ocrx_word' id='word_1_584' title='bbox 3256 3859 3342 3915; x_wconf 75' lang='grc' dir='ltr'>καὶ</span> <span class='ocrx_word' id='word_1_585' title='bbox 3393 3857 3752 3939; x_wconf 75' lang='grc' dir='ltr'>ἀφιστάμενος</span> 
     </span>
    </p>
   </div>
   <div class='ocr_carea' id='block_1_97' title="bbox 2103 3946 3754 4036">
    <p class='ocr_par' dir='ltr' id='par_1_97' title="bbox 2103 3946 3754 4036">
     <span class='ocr_line' id='line_1_97' title="bbox 2103 3946 3754 4036; baseline -0.007 -20"><span class='ocrx_word' id='word_1_586' title='bbox 2103 3955 2450 4036; x_wconf 81' lang='grc' dir='ltr'>πρεσϐύτερος</span> <span class='ocrx_word' id='word_1_587' title='bbox 2502 3953 2539 4022; x_wconf 71' lang='grc' dir='ltr'>ἢ</span> <span class='ocrx_word' id='word_1_588' title='bbox 2595 3952 2860 4026; x_wconf 84' lang='grc' dir='ltr'>διάκονος,</span> <span class='ocrx_word' id='word_1_589' title='bbox 2908 3952 2992 4007; x_wconf 83' lang='grc' dir='ltr'><strong>καὶ</strong></span> <span class='ocrx_word' id='word_1_590' title='bbox 3049 3947 3341 4025; x_wconf 78' lang='grc' dir='ltr'>οἰκοδομῶν</span> <span class='ocrx_word' id='word_1_591' title='bbox 3399 3946 3532 4005; x_wconf 74' lang='grc' dir='ltr'>ἄλλο</span> <span class='ocrx_word' id='word_1_592' title='bbox 3573 3951 3754 4005; x_wconf 84' lang='grc' dir='ltr'>θῦσια-</span> 
     </span>
    </p>
   </div>
   <div class='ocr_carea' id='block_1_98' title="bbox 2103 4035 3752 4124">
    <p class='ocr_par' dir='ltr' id='par_1_98' title="bbox 2103 4035 3752 4124">
     <span class='ocr_line' id='line_1_98' title="bbox 2103 4035 3752 4124; baseline -0.008 -19"><span class='ocrx_word' id='word_1_593' title='bbox 2103 4035 2344 4124; x_wconf 73' lang='grc' dir='ltr'>στήριον,</span> <span class='ocrx_word' id='word_1_594' title='bbox 2381 4045 2424 4100; x_wconf 79' lang='grc' dir='ltr'>εἱ</span> <span class='ocrx_word' id='word_1_595' title='bbox 2459 4040 2920 4123; x_wconf 84' lang='grc' dir='ltr'>προσκαλουμένου</span> <span class='ocrx_word' id='word_1_596' title='bbox 2962 4039 3034 4102; x_wconf 85' lang='grc' dir='ltr'>δὶς</span> <span class='ocrx_word' id='word_1_597' title='bbox 3068 4040 3156 4096; x_wconf 84' lang='grc' dir='ltr'><strong>καί</strong></span> <span class='ocrx_word' id='word_1_598' title='bbox 3201 4038 3310 4116; x_wconf 83' lang='grc' dir='ltr'>τρὶς</span> <span class='ocrx_word' id='word_1_599' title='bbox 3353 4043 3476 4100; x_wconf 79' lang='grc' dir='ltr'>τοῦς</span> <span class='ocrx_word' id='word_1_600' title='bbox 3528 4035 3752 4093; x_wconf 84' lang='grc' dir='ltr'>ἐπισκό-</span> 
     </span>
    </p>
   </div>
   <div class='ocr_carea' id='block_1_99' title="bbox 2103 4126 3755 4211">
    <p class='ocr_par' dir='ltr' id='par_1_99' title="bbox 2103 4126 3755 4211">
     <span class='ocr_line' id='line_1_99' title="bbox 2103 4126 3755 4211; baseline -0.007 -16"><span class='ocrx_word' id='word_1_601' title='bbox 2103 4159 2206 4195; x_wconf 82' lang='grc' dir='ltr'><strong>που</strong></span> <span class='ocrx_word' id='word_1_602' title='bbox 2263 4134 2504 4211; x_wconf 73' lang='grc' dir='ltr'>ἐπιμένοι</span> <span class='ocrx_word' id='word_1_603' title='bbox 2575 4139 2642 4209; x_wconf 76' lang='grc' dir='ltr'><strong>τῇ</strong></span> <span class='ocrx_word' id='word_1_604' title='bbox 2716 4130 2956 4208; x_wconf 82' lang='grc' dir='ltr'>ἀπονοίᾳ,</span> <span class='ocrx_word' id='word_1_605' title='bbox 3002 4129 3412 4207; x_wconf 63' lang='grc' dir='ltr'>καθαιρούμεθος</span> <span class='ocrx_word' id='word_1_606' title='bbox 3485 4126 3624 4185; x_wconf 75' lang='grc' dir='ltr'>ἔστω</span> <span class='ocrx_word' id='word_1_607' title='bbox 3666 4127 3755 4183; x_wconf 76' lang='grc' dir='ltr'><strong>καὶ</strong></span> 
     </span>
    </p>
   </div>
   <div class='ocr_carea' id='block_1_100' title="bbox 2105 4227 2480 4306">
    <p class='ocr_par' dir='ltr' id='par_1_100' title="bbox 2105 4227 2480 4306">
     <span class='ocr_line' id='line_1_100' title="bbox 2105 4227 2480 4306; baseline 0 -22"><span class='ocrx_word' id='word_1_608' title='bbox 2105 4227 2480 4306; x_wconf 76' lang='grc' dir='ltr'>ἀθεράπευτος.</span> 
     </span>
    </p>
   </div>
   <div class='ocr_carea' id='block_1_101' title="bbox 2184 4303 3758 4392">
    <p class='ocr_par' dir='ltr' id='par_1_101' title="bbox 2184 4303 3758 4392">
     <span class='ocr_line' id='line_1_101' title="bbox 2184 4303 3758 4392; baseline -0.01 -16"><span class='ocrx_word' id='word_1_609' title='bbox 2184 4303 2265 4390; x_wconf 72' lang='grc' dir='ltr'><strong>ς’.</strong></span> <span class='ocrx_word' id='word_1_610' title='bbox 2317 4317 2420 4373; x_wconf 82' lang='grc' dir='ltr'><strong>Τὸν</strong></span> <span class='ocrx_word' id='word_1_611' title='bbox 2490 4312 2834 4392; x_wconf 75' lang='grc' dir='ltr'>ἀφορισθέντα</span> <span class='ocrx_word' id='word_1_612' title='bbox 2894 4308 3021 4386; x_wconf 78' lang='grc' dir='ltr'>παρ’</span> <span class='ocrx_word' id='word_1_613' title='bbox 3074 4308 3368 4366; x_wconf 83' lang='grc' dir='ltr'>ἐπισκόπου</span> <span class='ocrx_word' id='word_1_614' title='bbox 3425 4305 3680 4386; x_wconf 71' lang='grc' dir='ltr'>κληρικὸν</span> <span class='ocrx_word' id='word_1_615' title='bbox 3721 4303 3758 4372; x_wconf 66' lang='grc' dir='ltr'>ἢ</span> 
     </span>
    </p>
   </div>
   <div class='ocr_carea' id='block_1_102' title="bbox 2108 4393 3754 4480">
    <p class='ocr_par' dir='ltr' id='par_1_102' title="bbox 2108 4393 3754 4480">
     <span class='ocr_line' id='line_1_102' title="bbox 2108 4393 3754 4480; baseline -0.008 -18"><span class='ocrx_word' id='word_1_616' title='bbox 2108 4407 2322 4480; x_wconf 81' lang='grc' dir='ltr'>λα’ίκὸν,</span> <span class='ocrx_word' id='word_1_617' title='bbox 2373 4403 2462 4462; x_wconf 85' lang='grc' dir='ltr'><strong>ἐάν</strong></span> <span class='ocrx_word' id='word_1_618' title='bbox 2523 4403 2713 4479; x_wconf 80' lang='grc' dir='ltr'>μείζων</span> <span class='ocrx_word' id='word_1_619' title='bbox 2759 4397 2970 4464; x_wconf 86' lang='grc' dir='ltr'>σύνοδος</span> <span class='ocrx_word' id='word_1_620' title='bbox 3030 4395 3352 4476; x_wconf 77' lang='grc' dir='ltr'>προδέξοιτο,</span> <span class='ocrx_word' id='word_1_621' title='bbox 3404 4395 3440 4461; x_wconf 74' lang='grc' dir='ltr'><strong>ἣ</strong></span> <span class='ocrx_word' id='word_1_622' title='bbox 3498 4393 3754 4469; x_wconf 74' lang='grc' dir='ltr'>κατακρί-</span> 
     </span>
    </p>
   </div>
   <div class='ocr_carea' id='block_1_103' title="bbox 2109 4488 3205 4577">
    <p class='ocr_par' dir='ltr' id='par_1_103' title="bbox 2109 4488 3205 4577">
     <span class='ocr_line' id='line_1_103' title="bbox 2109 4488 3205 4577; baseline -0.007 -25"><span class='ocrx_word' id='word_1_623' title='bbox 2109 4517 2280 4577; x_wconf 88' lang='grc' dir='ltr'>νοιτο,</span> <span class='ocrx_word' id='word_1_624' title='bbox 2311 4494 2548 4574; x_wconf 85' lang='grc' dir='ltr'>στέργειν</span> <span class='ocrx_word' id='word_1_625' title='bbox 2578 4491 2756 4572; x_wconf 73' lang='grc' dir='ltr'>χρεὼν</span> <span class='ocrx_word' id='word_1_626' title='bbox 2786 4489 2876 4557; x_wconf 65' lang='grc' dir='ltr'><strong>τὴν</strong></span> <span class='ocrx_word' id='word_1_627' title='bbox 2916 4488 3205 4567; x_wconf 73' lang='grc' dir='ltr'>ἀπόφασιν.</span> 
     </span>
    </p>
   </div>
   <div class='ocr_carea' id='block_1_104' title="bbox 2188 4569 3756 4657">
    <p class='ocr_par' dir='ltr' id='par_1_104' title="bbox 2188 4569 3756 4657">
     <span class='ocr_line' id='line_1_104' title="bbox 2188 4569 3756 4657; baseline -0.01 -15"><span class='ocrx_word' id='word_1_628' title='bbox 2188 4569 2278 4657; x_wconf 67' lang='grc' dir='ltr'><strong>ζ’.⁷</strong></span> <span class='ocrx_word' id='word_1_629' title='bbox 2336 4569 2416 4640; x_wconf 44' lang='grc' dir='ltr'><strong>Ὀ’</strong></span> <span class='ocrx_word' id='word_1_630' title='bbox 2452 4569 2631 4647; x_wconf 13' lang='grc' dir='ltr'>ξενος-ν</span> <span class='ocrx_word' id='word_1_631' title='bbox 2662 4581 2932 4656; x_wconf 79' lang='grc' dir='ltr'>εἷρηνικας</span> <span class='ocrx_word' id='word_1_632' title='bbox 2995 4580 3056 4636; x_wconf 72' lang='grc' dir='ltr'>οὗ</span> <span class='ocrx_word' id='word_1_633' title='bbox 3109 4575 3413 4653; x_wconf 87' lang='grc' dir='ltr'>προσύγων,</span> <span class='ocrx_word' id='word_1_634' title='bbox 3486 4569 3756 4648; x_wconf 80' lang='grc' dir='ltr'>ἀπροσδε-</span> 
     </span>
    </p>
   </div>
   <div class='ocr_carea' id='block_1_105' title="bbox 2108 4698 2258 4753">
    <p class='ocr_par' dir='ltr' id='par_1_105' title="bbox 2108 4698 2258 4753">
     <span class='ocr_line' id='line_1_105' title="bbox 2108 4698 2258 4753; baseline 0 -19"><span class='ocrx_word' id='word_1_635' title='bbox 2108 4698 2258 4753; x_wconf 79' lang='grc' dir='ltr'>κτος,</span> 
     </span>
    </p>
   </div>
   <div class='ocr_carea' id='block_1_106' title="bbox 2188 4751 3757 4840">
    <p class='ocr_par' dir='ltr' id='par_1_106' title="bbox 2188 4751 3757 4840">
     <span class='ocr_line' id='line_1_106' title="bbox 2188 4751 3757 4840; baseline -0.008 -16"><span class='ocrx_word' id='word_1_636' title='bbox 2188 4751 2269 4832; x_wconf 49' lang='grc' dir='ltr'>ηδ.</span> <span class='ocrx_word' id='word_1_637' title='bbox 2313 4754 2369 4822; x_wconf 75' lang='grc' dir='ltr'><strong>Ὀ</strong></span> <span class='ocrx_word' id='word_1_638' title='bbox 2402 4762 2488 4820; x_wconf 82' lang='grc' dir='ltr'><strong>ἐπὶ</strong></span> <span class='ocrx_word' id='word_1_639' title='bbox 2518 4759 2701 4840; x_wconf 86' lang='grc' dir='ltr'>χώρας</span> <span class='ocrx_word' id='word_1_640' title='bbox 2737 4757 3084 4837; x_wconf 75' lang='grc' dir='ltr'>πρεσϐύτερος</span> <span class='ocrx_word' id='word_1_641' title='bbox 3142 4754 3218 4829; x_wconf 76' lang='grc' dir='ltr'>μὴ</span> <span class='ocrx_word' id='word_1_642' title='bbox 3247 4751 3437 4811; x_wconf 80' lang='grc' dir='ltr'>διδότω</span> <span class='ocrx_word' id='word_1_643' title='bbox 3477 4751 3757 4815; x_wconf 74' lang='grc' dir='ltr'>κανονικᾶς</span> 
     </span>
    </p>
   </div>
   <div class='ocr_carea' id='block_1_107' title="bbox 2107 4844 3451 4928">
    <p class='ocr_par' dir='ltr' id='par_1_107' title="bbox 2107 4844 3451 4928">
     <span class='ocr_line' id='line_1_107' title="bbox 2107 4844 3451 4928; baseline -0.011 -15"><span class='ocrx_word' id='word_1_644' title='bbox 2107 4852 2415 4928; x_wconf 72' lang='grc' dir='ltr'>ἐπιστολὰς,</span> <span class='ocrx_word' id='word_1_645' title='bbox 2449 4851 2486 4919; x_wconf 74' lang='grc' dir='ltr'><strong>ἢ</strong></span> <span class='ocrx_word' id='word_1_646' title='bbox 2516 4851 2646 4926; x_wconf 79' lang='grc' dir='ltr'>πρὸς</span> <span class='ocrx_word' id='word_1_647' title='bbox 2691 4849 2855 4922; x_wconf 85' lang='grc' dir='ltr'>μόνον</span> <span class='ocrx_word' id='word_1_648' title='bbox 2899 4847 3185 4903; x_wconf 75' lang='grc' dir='ltr'>ἐπίσκοπον</span> <span class='ocrx_word' id='word_1_649' title='bbox 3217 4844 3451 4920; x_wconf 82' lang='grc' dir='ltr'>γείτονα.</span> 
     </span>
    </p>
   </div>
   <div class='ocr_carea' id='block_1_108' title="bbox 2191 4930 3762 5016">
    <p class='ocr_par' dir='ltr' id='par_1_108' title="bbox 2191 4930 3762 5016">
     <span class='ocr_line' id='line_1_108' title="bbox 2191 4930 3762 5016; baseline -0.01 -14"><span class='ocrx_word' id='word_1_650' title='bbox 2191 4942 2260 5006; x_wconf 86' lang='grc' dir='ltr'><strong>θ’.</strong></span> <span class='ocrx_word' id='word_1_651' title='bbox 2322 4949 2423 5002; x_wconf 79' lang='grc' dir='ltr'><strong>Τοῦ</strong></span> <span class='ocrx_word' id='word_1_652' title='bbox 2454 4937 2846 5016; x_wconf 85' lang='grc' dir='ltr'>μητροπολίτου</span> <span class='ocrx_word' id='word_1_653' title='bbox 2903 4941 3001 5004; x_wconf 81' lang='grc' dir='ltr'>τῆς</span> <span class='ocrx_word' id='word_1_654' title='bbox 3032 4934 3252 5013; x_wconf 77' lang='grc' dir='ltr'>γνώμης</span> <span class='ocrx_word' id='word_1_655' title='bbox 3285 4933 3602 5012; x_wconf 84' lang='grc' dir='ltr'>ἀναρτᾶσθαι</span> <span class='ocrx_word' id='word_1_656' title='bbox 3641 4930 3762 4996; x_wconf 79' lang='grc' dir='ltr'>τοὺς</span> 
     </span>
    </p>
   </div>
   <div class='ocr_carea' id='block_1_109' title="bbox 2191 5023 3762 5104">
    <p class='ocr_par' dir='ltr' id='par_1_109' title="bbox 2191 5023 3762 5104">
     <span class='ocr_line' id='line_1_109' title="bbox 2191 5023 3762 5104; baseline -0.01 -13"><span class='ocrx_word' id='word_1_657' title='bbox 2191 5032 2537 5104; x_wconf 76' lang='grc' dir='ltr'>ἐπισκόπους,</span> <span class='ocrx_word' id='word_1_658' title='bbox 2573 5030 2657 5084; x_wconf 82' lang='grc' dir='ltr'>καὶ</span> <span class='ocrx_word' id='word_1_659' title='bbox 2688 5029 2764 5102; x_wconf 75' lang='grc' dir='ltr'><strong>μή</strong></span> <span class='ocrx_word' id='word_1_660' title='bbox 2797 5049 2845 5082; x_wconf 84' lang='grc' dir='ltr'><strong>τι</strong></span> <span class='ocrx_word' id='word_1_661' title='bbox 2867 5026 2963 5094; x_wconf 75' lang='grc' dir='ltr'>τῆς</span> <span class='ocrx_word' id='word_1_662' title='bbox 2995 5028 3155 5083; x_wconf 66' lang='grc' dir='ltr'>αὐτοῦ</span> <span class='ocrx_word' id='word_1_663' title='bbox 3179 5024 3426 5103; x_wconf 88' lang='grc' dir='ltr'>προνοίας</span> <span class='ocrx_word' id='word_1_664' title='bbox 3457 5023 3762 5097; x_wconf 71' lang='grc' dir='ltr'>οἰκονομεῖν</span> 
     </span>
    </p>
   </div>
   <div class='ocr_carea' id='block_1_110' title="bbox 2113 5110 3759 5205">
    <p class='ocr_par' dir='ltr' id='par_1_110' title="bbox 2113 5110 3759 5205">
     <span class='ocr_line' id='line_1_110' title="bbox 2113 5110 3759 5205; baseline -0.01 -24"><span class='ocrx_word' id='word_1_665' title='bbox 2113 5124 2261 5205; x_wconf 83' lang='grc' dir='ltr'>δίχα,</span> <span class='ocrx_word' id='word_1_666' title='bbox 2296 5122 2330 5190; x_wconf 73' lang='grc' dir='ltr'>ἢ</span> <span class='ocrx_word' id='word_1_667' title='bbox 2383 5121 2519 5196; x_wconf 75' lang='grc' dir='ltr'>μόνα</span> <span class='ocrx_word' id='word_1_668' title='bbox 2579 5119 2642 5174; x_wconf 87' lang='grc' dir='ltr'><strong>τά</strong></span> <span class='ocrx_word' id='word_1_669' title='bbox 2699 5123 2767 5191; x_wconf 74' lang='grc' dir='ltr'>τῇ</span> <span class='ocrx_word' id='word_1_670' title='bbox 2825 5114 2926 5187; x_wconf 78' lang='grc' dir='ltr'>ἷδίᾳ</span> <span class='ocrx_word' id='word_1_671' title='bbox 2957 5113 3129 5205; x_wconf 77' lang='grc' dir='ltr'>ἐνορίᾳ</span> <span class='ocrx_word' id='word_1_672' title='bbox 3177 5113 3599 5205; x_wconf 74' lang='grc' dir='ltr'>προσπίπτοντα.</span> <span class='ocrx_word' id='word_1_673' title='bbox 3664 5110 3759 5166; x_wconf 79' lang='grc' dir='ltr'><strong>Καὶ</strong></span> 
     </span>
    </p>
   </div>
   <div class='ocr_carea' id='block_1_111' title="bbox 2103 5201 3495 5296">
    <p class='ocr_par' dir='ltr' id='par_1_111' title="bbox 2103 5201 3495 5296">
     <span class='ocr_line' id='line_1_111' title="bbox 2103 5201 3495 5296; baseline -0.009 -24"><span class='ocrx_word' id='word_1_674' title='bbox 2103 5201 2435 5296; x_wconf 28' lang='grc' dir='ltr'>χεινροθεσίας</span> <span class='ocrx_word' id='word_1_675' title='bbox 2470 5205 2892 5276; x_wconf 75' lang='grc' dir='ltr'>ἀνεπιπλήπτοις</span> <span class='ocrx_word' id='word_1_676' title='bbox 2926 5202 3173 5282; x_wconf 71' lang='grc' dir='ltr'>ἀνδρὴσιν</span> <span class='ocrx_word' id='word_1_677' title='bbox 3203 5201 3495 5260; x_wconf 80' lang='grc' dir='ltr'>ἐπιτελεῖν.</span> 
     </span>
    </p>
   </div>
   <div class='ocr_carea' id='block_1_112' title="bbox 2185 5375 3753 5469">
    <p class='ocr_par' dir='ltr' id='par_1_112' title="bbox 2185 5375 3753 5469">
     <span class='ocr_line' id='line_1_112' title="bbox 2185 5375 3753 5469; baseline -0.01 -21"><span class='ocrx_word' id='word_1_678' title='bbox 2185 5390 2247 5452; x_wconf 89' lang='grc' dir='ltr'><strong>ι’.</strong></span> <span class='ocrx_word' id='word_1_679' title='bbox 2317 5388 2694 5469; x_wconf 83' lang='grc' dir='ltr'>Ἐπορκιστάς,</span> <span class='ocrx_word' id='word_1_680' title='bbox 2751 5387 2840 5442; x_wconf 79' lang='grc' dir='ltr'><strong>καὶ</strong></span> <span class='ocrx_word' id='word_1_681' title='bbox 2897 5383 3261 5461; x_wconf 73' lang='grc' dir='ltr'>ἀναγνώστας,</span> <span class='ocrx_word' id='word_1_682' title='bbox 3317 5381 3406 5436; x_wconf 80' lang='grc' dir='ltr'><strong>καὶ</strong></span> <span class='ocrx_word' id='word_1_683' title='bbox 3465 5375 3753 5437; x_wconf 74' lang='grc' dir='ltr'>ὑποδιακό-</span> 
     </span>
    </p>
   </div>
   <div class='ocr_carea' id='block_1_113' title="bbox 2104 5469 3754 5557">
    <p class='ocr_par' dir='ltr' id='par_1_113' title="bbox 2104 5469 3754 5557">
     <span class='ocr_line' id='line_1_113' title="bbox 2104 5469 3754 5557; baseline -0.01 -17"><span class='ocrx_word' id='word_1_684' title='bbox 2104 5507 2247 5557; x_wconf 88' lang='grc' dir='ltr'>νους,</span> <span class='ocrx_word' id='word_1_685' title='bbox 2320 5480 2412 5538; x_wconf 69' lang='grc' dir='ltr'><strong>καῖ</strong></span> <span class='ocrx_word' id='word_1_686' title='bbox 2495 5477 2704 5553; x_wconf 77' lang='grc' dir='ltr'>ψάλτας</span> <span class='ocrx_word' id='word_1_687' title='bbox 2781 5475 3057 5541; x_wconf 73' lang='grc' dir='ltr'>καθίστησι</span> <span class='ocrx_word' id='word_1_688' title='bbox 3159 5469 3570 5551; x_wconf 77' lang='grc' dir='ltr'>χωρεπίσκοπος</span> <span class='ocrx_word' id='word_1_689' title='bbox 3602 5513 3620 5545; x_wconf 84' lang='grc'><strong>,</strong></span> 
     </span>
    </p>
   </div>
   <div class='ocr_carea' id='block_1_114' title="bbox 2107 5555 3753 5651">
    <p class='ocr_par' dir='ltr' id='par_1_114' title="bbox 2107 5555 3753 5651">
     <span class='ocr_line' id='line_1_114' title="bbox 2107 5555 3753 5651; baseline -0.011 -22"><span class='ocrx_word' id='word_1_690' title='bbox 2107 5555 2286 5651; x_wconf 82' lang='grc' dir='ltr'>μέντοι</span> <span class='ocrx_word' id='word_1_691' title='bbox 2346 5568 2696 5651; x_wconf 78' lang='grc' dir='ltr'>πρεσϐύτερον</span> <span class='ocrx_word' id='word_1_692' title='bbox 2755 5565 2791 5633; x_wconf 71' lang='grc' dir='ltr'><strong>ἢ</strong></span> <span class='ocrx_word' id='word_1_693' title='bbox 2853 5562 3117 5638; x_wconf 62' lang='grc' dir='ltr'>διάκονον,</span> <span class='ocrx_word' id='word_1_694' title='bbox 3165 5560 3286 5616; x_wconf 74' lang='grc' dir='ltr'>ἄνε)</span> <span class='ocrx_word' id='word_1_695' title='bbox 3336 5565 3428 5617; x_wconf 79' lang='grc' dir='ltr'>τοῦ</span> <span class='ocrx_word' id='word_1_696' title='bbox 3478 5558 3610 5618; x_wconf 71' lang='grc' dir='ltr'>κατὰ</span> <span class='ocrx_word' id='word_1_697' title='bbox 3653 5555 3753 5625; x_wconf 78' lang='grc' dir='ltr'><strong>τὴν</strong></span> 
     </span>
    </p>
   </div>
  </div>
