4128 6198
367 326 466 390 261

360 463 514 522 πόλιν
571 464 863 520 ἐπισκόπου
898 480 914 498 ⁶

362 555 452 620 εἴη
488 553 855 628 καθῃρημένος
893 571 906 586 ’
963 555 1052 606 καὶ
1083 553 1110 608 ὃ
1153 553 1249 619 τῆς
1297 552 1505 614 πόλεως
1540 552 1826 618 ἐπίσκοπος
1857 566 2006 610 ποιεῖ

365 644 802 722 χωρεπίσκοπον,

441 731 536 792 ια’,
585 723 642 787 Ὀ
698 733 932 808 προσιὼν
964 733 1280 804 αὒτομάτως
1312 739 1386 805 τῷ
1428 733 1646 807 βασιλεῖ
1687 732 1998 804 ἐπίσκοπος,

362 821 393 888 ἢ
447 817 820 898 πρεσϐύτερος,
887 821 972 876 καὶ
1032 822 1154 899 οόχὶ
1211 820 1493 884 κελευστος
1567 823 1698 897 πρὸς
1744 829 1836 878 τοῦ
1905 822 2000 888 τῆς

366 911 546 989 χώρας
577 909 998 990 μητροπολίτου,
1033 912 1168 984 μετὰ
1217 910 1312 978 τῆς
1364 911 1641 974 κοινωνίας
1703 911 2004 967 ἐκπιπτέτω

367 1001 448 1055 καὶ
480 1004 578 1066 τῆς
610 997 780 1064 ἀξίας,

443 1090 537 1164 ιβ’,
588 1080 645 1147 Ὀ
707 1089 1078 1165 καθῃρημένος
1129 1092 1172 1144 εἱ
1229 1089 1488 1169 ἐνοχλοίη
1541 1095 1618 1162 τῷ
1653 1089 1889 1169 βασιλεῖ,
1927 1091 2003 1145 al-

365 1179 516 1233 τείτω
574 1176 790 1234 σύνοδον
833 1182 1071 1257 μείζονα,
1115 1179 1213 1234 καῖ
1267 1182 1326 1235 τὸ
1385 1179 1588 1237 ἐκεῖθεν
1641 1177 1791 1244 δόξαν
1849 1202 2000 1236 στοι-

365 1269 547 1346 χείτω.
609 1270 664 1324 Εἰ
699 1266 753 1323 δὲ
801 1270 886 1324 καὶ
929 1269 1072 1332 αὖθις
1129 1267 1544 1344 ἆποδυσπετοίη,
1595 1267 1730 1326 ἔστω
1779 1269 1998 1326 ἀνέλπι-

364 1377 506 1418 στος.

443 1445 539 1523 ιγ’.
593 1449 648 1503 El.
703 1445 930 1521 μηδενὸς
991 1447 1283 1515 ἀξιοῦντος,
1351 1447 1640 1514 ἐπίσκοπος
1699 1451 1772 1514 εἰς
1834 1449 2001 1516 ἄλλην

363 1537 620 1616 ἐπαρχίαν
665 1538 822 1616 ἀπίῃ,
856 1539 944 1594 καὶ
987 1539 1353 1618 χειροτονοίη,
1411 1541 1498 1595 καὶ
1537 1537 1766 1606 διοικοίη
1829 1539 2002 1616 πράγ-

364 1647 502 1697 ματα
533 1641 546 1654 ⁸
588 1627 718 1683 αὒτά
779 1647 833 1681 τε
895 1625 1061 1703 ἄκυρα
1120 1627 1292 1701 μένει,
1357 1630 1446 1684 καὶ
1497 1627 1703 1691 ἐκεῖνος
1753 1632 2003 1706 καθαιρε-

363 1717 604 1783 θήσεται,

445 1801 534 1866 ιδ’,
587 1807 641 1861 Εἰ
701 1805 996 1862 ἐπισκόπου
1052 1805 1390 1884 κρινομένου,
1453 1809 1500 1863 οἱ
1584 1809 1680 1872 τῆς
1742 1807 2069 1888 ἐπαρχίαςΒ

365 1893 640 1950 ἐπίσκοποι
701 1893 1055 1974 διαφέροιντο,
1113 1896 1477 1969 μετακλητέον
1526 1897 1632 1953 ἀπὸ
1685 1903 1791 1954 τῶν
1840 1898 2005 1961 πέλας

363 1983 593 2061 ἑτέρους,
627 1985 699 2047 εἷς
729 1983 1090 2063 ἀναμφίϐολον
1122 1982 1544 2063 ἀμφισϐήτησιν.

443 2070 531 2133 ιε’.
597 2071 928 2131 Ἐπισκόπου
1015 2072 1381 2150 δικαζομένου,
1441 2077 1485 2131 εἰ
1556 2082 1661 2141 πᾶς
1718 2075 2002 2156 ἐπαρχιώο

358 2183 456 2228 της
514 2161 801 2224 ἐπίσκοπος
866 2163 1160 2244 ἀδιάφωνος
1247 2166 1476 2242 κρίνοιτο
1514 2208 1531 2239 ,
1591 2163 1892 2222 παλινδικία
1950 2169 2009 2224 οὗ

361 2253 587 2328 γίνεται.

441 2340 567 2414 ις’.
600 2343 659 2399 Ὀ
704 2339 830 2422 δίχα
876 2341 1092 2400 συνόδου
1134 2343 1363 2413 τελείας,
1424 2345 1511 2400 καὶ
1570 2346 1728 2402 αυτοῦ
1757 2353 1848 2402 τοῦ
1893 2369 2007 2419 μη-

360 2430 673 2507 τροπολίτου
753 2433 840 2488 ἐπὶ
928 2432 1297 2512 σχολάζουσιν
1358 2433 1647 2500 ἐκκλησίαν
1702 2433 2003 2508 ἒπιπηδῶν,

362 2519 456 2576 κᾶν
567 2520 853 2599 σχολάζων
890 2520 1225 2588 ἀπόϐλητος.

440 2609 529 2680 ιζ’.
579 2609 968 2677 Ἀκοινώνητος
1029 2614 1054 2667 δ
1127 2611 1406 2687 δεξάμενος
1491 2617 1846 2693 χειροτονίκνν
1923 2619 2008 2673 κλὶ

362 2701 554 2764 ταύτης
592 2699 949 2780 ἀποσκιρτῶν,
984 2699 1084 2764 ἕως
1117 2703 1412 2780 μεταγνοὺς
1445 2701 1809 2770 καταδέξοιτο.

447 2877 547 2944 ιη’.
585 2879 874 2955 Mars-[eteo
915 2879 1012 2947 τῆς
1064 2885 1227 2954 τιμῆς
1273 2879 1561 2944 ἐπίσκοπος
1609 2885 1636 2938 ὁ
1679 2905 2004 2962 χειροτονη-

362 2971 490 3040 Οεὶς,
527 2970 612 3023 γαὶ
676 2969 752 3042 μὴ
797 2967 1090 3049 δεχόμενος
1123 2972 1252 3049 πρὸς
1321 2976 1412 3038 τῆς
1461 2971 1665 3037 πόλεως
1703 2990 1717 3002 ⁹
1755 2976 1842 3030 καὶ
1899 2973 2006 3030 λει-

366 3057 651 3135 τουργείτω
694 3058 878 3132 μόνον,
927 3058 1203 3134 ἀναμένων
1233 3058 1260 3114 ὅ
1291 3081 1338 3115 τι
1402 3059 1463 3115 ἂν
1506 3063 1538 3128 ἡ
1584 3067 1684 3128 τῆς
1743 3063 2005 3144 ἐπαρχίας

364 3147 713 3202 ἀποπαίνοιτο
744 3145 958 3211 σύνοδος
969 3195 982 3210 ,

448 3237 539 3298 ιθ’,
591 3238 645 3292 Εἰ
706 3237 780 3312 μὴ
837 3235 1052 3298 σύνοδος
1098 3237 1216 3314 εἴη,
1279 3240 1366 3296 καὶ
1416 3242 1444 3296 ὁ
1497 3241 1896 3317 μητροπολίτης
1928 3244 2005 3318 μή

1659 326 1992 392 EPITOME
2032 325 2426 392 CANONUM.

3615 315 3731 386 262

975 465 1001 518 ὁ
1056 461 1109 518 δὲ
1165 469 1321 520 τοῦτο
1378 463 1591 534 τολμῶν
1645 465 1994 542 ὑπερϐαίνειν,

2129 480 2196 523 oc
2259 464 2492 536 audeat,
2551 464 2912 544 deponatur.
2961 461 3140 525 Urbis
3215 460 3540 542 episcOpus
3595 459 3735 522 facit

2088 554 2586 634 chorepiscopum
2604 598 2617 612 .

2173 731 2265 794 ll.
2297 729 2354 793 Si
2379 734 2715 812 episcopus,
2749 741 2849 793 aut
2878 731 3186 813 presbyter
3237 738 3450 810 sponte
3500 747 3568 789 ac
3604 726 3736 790 sine

2090 821 2406 896 provincia
2440 821 2877 902 metropolitani
2906 823 3074 900 jussu
3112 822 3533 900 imperatorem
3558 817 3732 880 adie-

2085 907 2182 986 rit,
2220 910 2644 972 communione
2667 929 2736 973 ac
2759 911 3052 989 dignitate
3079 908 3336 971 excidat.

2168 1087 2264 1149 12.
2304 1087 2613 1168 Depositus
2645 1088 2693 1150 si
2727 1088 3056 1150 molestiam
3090 1086 3466 1165 imperatoris
3482 1085 3733 1153 auribus

2087 1176 2383 1250 exhibeat,
2413 1176 2701 1256 synodum
2736 1177 3022 1255 majorem
3065 1185 3246 1255 petat,
3299 1177 3586 1262 illiusque
3615 1177 3730 1239 de—

2086 1273 2248 1327 creto
2270 1273 2406 1326 stet.
2442 1263 2610 1337 Quod
2643 1266 2691 1326 si
2731 1281 2940 1326 rursus
2967 1263 3331 1343 indignetur,
3363 1270 3627 1348 pristina
3648 1264 3737 1326 di-

2087 1354 2328 1434 gnitatis
2358 1353 2781 1434 recuperanda
2813 1353 2974 1414 nulla
3005 1353 3058 1414 ei
3091 1371 3228 1435 spes
3255 1373 3390 1420 esse
3417 1365 3637 1439 potest.

2172 1443 2264 1504 l3.
2301 1440 2359 1506 Si
2395 1444 2638 1505 nemine
2657 1450 2900 1521 rogante
2931 1442 3250 1523 episcOpus
3281 1443 3342 1506 in
3373 1447 3547 1508 aliam
3581 1463 3729 1526 pro-

2089 1533 2340 1595 vinciam
2366 1550 2430 1593 se
2462 1532 2749 1605 conferat,
2786 1531 3140 1613 ordinetque
3171 1549 3238 1593 ac
3290 1551 3389 1596 res
3439 1535 3736 1596 adminis-

2093 1631 2205 1684 tret
2239 1640 2252 1684 :
2291 1621 2418 1702 ipsa
2440 1623 2610 1683 irrita
2645 1629 2906 1697 manent,
2942 1630 3121 1701 atque
3143 1621 3246 1684 ille
3269 1621 3633 1706 deponatur.

2173 1803 2271 1864 14.
2307 1799 2368 1864 Si
2401 1811 2675 1864 accusato
2708 1800 2989 1882 episcOpo
3014 1800 3334 1880 provincia
3359 1807 3623 1885 episcopi
3647 1809 3736 1866 in-

2093 1898 2186 1952 ter
2214 1909 2280 1952 se
2310 1890 2675 1973 discrepent,
2711 1889 2814 1952 alii
2863 1898 3000 1952 sunt
3031 1909 3064 1952 e
3114 1888 3324 1952 vicinis
3360 1891 3508 1955 locis
3543 1891 3732 1955 advo-

2091 1981 2266 2042 candi
2297 1979 2367 2042 ad
2395 1980 2864 2043 controversiam
2901 1991 3066 2042 certo
3099 1979 3522 2042 dirimendam.

2176 2071 2270 2134 15.
2317 2070 2612 2133 Accusato
2667 2075 2977 2150 episcOpo,
3031 2069 3081 2130 si
3113 2068 3380 2130 omnium
3415 2070 3740 2150 provincia

2091 2161 2510 2241 episc0p0rum
2543 2159 2858 2221 sententia
2884 2158 3218 2220 concordes
3269 2159 3408 2234 sint,
3463 2159 3740 2223 redinte-

2091 2249 2285 2329 gratio
2314 2249 2566 2312 actionis
2597 2267 2717 2311 non
2748 2248 2952 2310 datur.

2178 2340 2275 2401 16.
2300 2339 2410 2413 Qui
2438 2340 2586 2401 citra
2615 2340 2906 2417 integram
2948 2337 3268 2418 synodum,
3321 2346 3498 2419 atque
3545 2339 3739 2419 ipsum

2095 2429 2614 2510 metropolitanum
2649 2428 2710 2489 in
2761 2435 3063 2489 vacantem
3123 2427 3438 2488 ecclesiam
3490 2427 3738 2506 invadit,

2094 2519 2360 2600 quamvis
2388 2518 2517 2597 ipse
2551 2534 2799 2579 munere
2830 2524 3023 2595 vacet,
3058 2515 3390 2594 ejiciendus
3420 2526 3531 2579 est.

2178 2611 2271 2670 17.
2309 2606 2420 2680 Qui
2446 2615 2721 2686 suscepto
2749 2604 2960 2666 ordine
2981 2611 3053 2665 ab
3079 2623 3147 2665 eo
3170 2603 3738 2676 resilit,excommu-

2098 2704 2347 2772 nicatur,
2383 2713 2697 2776 quousque
2721 2693 3067 2774 poenitentia
3099 2693 3313 2755 ductus
3353 2711 3570 2756 munus
3595 2712 3736 2756 sus-

2095 2789 2296 2850 cipiat.

2157 2808 2643 2956 FllS‘filjiiscopus
2666 2872 2972 2937 ordinatus
2998 2873 3226 2933 honore
3250 2872 3504 2943 fruatur,
3533 2873 3674 2936 licet
3699 2892 3736 2937 ι

2092 2967 2325 3029 civitate
2373 2986 2488 3029 non
2518 2964 2867 3045 recipiatur,
2897 2971 3243 3042 tantumque
3297 2980 3511 3024 munus
3563 2962 3738 3026 obeat

2089 3064 2442 3138 exspectans
2472 3053 2758 3136 quidquid
2795 3050 3112 3133 provincia
3149 3050 3415 3130 synodus
3460 3069 3734 3131 pronun-

2048 3180 2058 3208 ς
2093 3147 2355 3208 tiaverit.

2173 3236 2270 3298 19.
2299 3235 2540 3316 Absque
2566 3231 2794 3312 synodo
2820 3239 2876 3291 et
2903 3229 3360 3310 metropolitano
3390 3249 3464 3292 ne
3489 3231 3592 3294 ﬁat
3615 3237 3738 3313 epi-

364 3326 593 3402 γινέσθω
640 3326 952 3390 ἐπίσκοπος.
1011 3328 1067 3385 El
1125 3325 1180 3382 δὲ
1237 3325 1322 3384 διά
1364 3351 1414 3386 τι
1461 3327 1718 3411 δυσχερὲς
1761 3333 1838 3406 μὴ
1879 3354 2006 3392 συν-

2123 3342 2328 3406 copus.
2363 3324 2426 3386 Si
2457 3334 2656 3385 autem
2711 3327 2958 3401 propter
3013 3319 3272 3411 aliquam
3323 3319 3734 3411 difficultatem

366 3416 583 3489 ἀγοιντο
616 3415 870 3489 ἅπαντες,
904 3418 1039 3479 τέως
1071 3417 1118 3471 οἱ
1151 3417 1359 3480 πλείους
1391 3419 1426 3488 ἢ
1457 3409 1764 3497 γράμμασιν
1797 3421 2007 3479 ἕποιντο

2122 3435 2209 3476 ton
2243 3413 2631 3476 convenerint
2655 3427 2890 3482 omnes,
2927 3409 3166 3470 interim
3211 3409 3411 3490 plures
3442 3409 3532 3471 vel
3567 3411 3733 3472 litte-

363 3505 669 3582 σύμψηφοι.
731 3507 787 3561 Εἰ
841 3502 886 3559 δ’
947 3505 1086 3562 οὕτω
1163 3515 1256 3563 τοῦ
1317 3509 1628 3585 πράγματος
1687 3508 2007 3585 τελουμένου

2124 3504 2174 3566 is
2202 3504 2693 3565 assentiantur.Si
2728 3517 2864 3560 vero
2897 3517 2962 3559 re
2994 3498 3070 3558 ita
3101 3507 3338 3578 peracta
3364 3500 3734 3564 contendant

363 3591 718 3670 φιλονεικοϊέν
749 3615 909 3661 τινες,
953 3597 981 3662 ἦ
1013 3597 1118 3649 τῶν
1168 3595 1409 3653 πλεόνων
1464 3598 1638 3672 ψῆοοος
1694 3599 2006 3678 ἐνισχυέτω.

2122 3595 2300 3671 liqui,
2339 3592 2595 3673 plurium
2622 3589 2960 3668 sulfragium
2989 3589 3204 3650 valeat.

443 3682 518 3740 κ’·
569 3681 890 3746 Ἐπίσκοπος
922 3686 1009 3740 καὶ
1037 3683 1318 3742 ὑπολαϐὼν
1357 3689 1462 3764 Ιῖσ.
1511 3691 1611 3744 ὑπὸ
1663 3677 1843 3770 λαῶν]
1883 3692 2006 3766 βια-

2173 3685 2272 3746 90.
2306 3683 2658 3764 Episcopus,
2686 3681 2805 3770 nisti
2823 3680 2876 3738 vi
2898 3697 2931 3738 a
2955 3679 3190 3770 populis
3220 3677 3382 3739 illata
3413 3688 3472 3741 et
3499 3679 3574 3742 ab
3602 3681 3734 3760 epi-

362 3770 611 3846 ζόμενος,
643 3775 730 3827 καὶ
758 3774 859 3828 ὑπὸ
891 3771 1194 3831 ἐπισκόπων
1247 3775 1677 3855 ἀναγκαζόμενος
1731 3767 1834 3854 μὰψ
1874 3784 2007 3855 μεθ-

2125 3774 2292 3854 c0pis
2323 3780 2586 3852 cogatur,
2623 3772 2682 3830 in
2734 3769 2907 3830 aliam
2953 3767 3276 3846 paraciam
3321 3786 3396 3830 ne
3445 3777 3732 3833 transeat.

365 3862 596 3921 ιστάσθω
627 3862 698 3923 εἰς
733 3863 1014 3940 παροικίαν
1049 3863 1254 3943 ἑτέραν,

445 3950 558 4012 ια’.
594 3951 1054 4030 Ἐπιχειροτονεϊν
1111 3975 1258 4015 τινας
1337 3956 1624 4022 ἐπίσκοπος
1680 3961 1741 4014 ἐκ
1798 3959 2007 4024 πόλεως

2173 3954 2269 4015 21.
2306 3951 2632 4033 Episcopus
2657 3967 2724 4012 ex
2759 3946 2908 4009 urbe
2939 3948 2998 4008 in
3029 3945 3236 4010 urbem
3267 3946 3339 4008 ad
3364 3945 3728 4010 ordinandos

362 4042 436 4102 εἷς
497 4038 653 4095 πόλιν
697 4042 774 4114 μὴ
832 4040 1048 4116 ἐπιέτώ,
1110 4042 1228 4099 ἀλλ’
1261 4047 1296 4114 ἡ
1343 4046 1534 4123 γνώμῃ
1575 4055 1666 4104 τοῦ
1711 4049 2007 4108 ἐπισκόπου

2122 4043 2322 4125 liquos
2346 4059 2418 4102 ne
2450 4040 2647 4111 abeat,
2683 4046 3076 4120 praterquam
3135 4035 3212 4097 de
3255 4035 3422 4125 urbis
3457 4039 3736 4125 episcopi

359 4131 460 4195 τῆς
503 4129 735 4193 πόλεως.
804 4132 858 4187 Εἰ
901 4129 945 4186 δ’
991 4132 1104 4206 οὖν,
1153 4131 1397 4196 ἀϐέϐαιος
1456 4137 1489 4203 ἡ
1548 4141 1878 4220 χειροτονία,
1917 4142 2006 4197 καὶ

2124 4124 2409 4194 θηίιθιιιίσ.
2463 4127 2566 4192 Sin
2598 4147 2764 4201 vero,
2798 4126 3056 4189 invalida
3092 4134 3182 4189 est
3211 4124 3530 4203 ordinatio,
3564 4125 3736 4208 ipse-

359 4219 568 4281 ἐκεῐνος
599 4218 876 4282 ὑπόδικος.
1863 4217 1873 4220 ⁷

2122 4240 2209 4299 [ue
2233 4221 2464 4301 judicio
2497 4217 2814 4280 obnoxius.

443 4306 552 4382 κβ’,
603 4309 690 4374 Μὴ
735 4311 984 4384 μεθιστᾷν
1041 4309 1220 4388 ἕτερον
1264 4310 1355 4366 ἐπὶ
1388 4318 1455 4389 τῇ
1506 4312 1667 4390 ἐξόδῳ
1719 4316 2007 4376 ἐπίσκοπον

2173 4315 2268 4372 ‘29..
2305 4311 2637 4392 Episcopus
2694 4311 2752 4368 in
2801 4305 2960 4368 exitu
3010 4307 3140 4368 vita
3169 4307 3527 4370 constitutus
3555 4308 3734 4370 alium

362 4401 391 4451 ὁ
452 4395 740 4459 ἐπίσκοπος
777 4417 792 4432 ⁸
851 4398 1054 4455 ’ἐκείνου
1083 4397 1135 4454 δὲ
1187 4400 1560 4482 κοιμηθέντος,
1613 4408 1747 4479 μετὰ
1794 4407 2007 4467 συνόδου

2122 4421 2198 4463 iro
2226 4420 2289 4464 se
2322 4401 2668 4482 episcopum
2704 4415 2780 4460 ne
2803 4395 3118 4459 constituat
3147 4414 3160 4460 :
3196 4406 3507 4478 postquam
3530 4407 3734 4460 autem

363 4491 472 4542 τῶν
502 4484 740 4565 ἐχόντων
768 4488 867 4554 τὴν
898 4486 1156 4563 ἐξουσίαν,
1190 4491 1217 4545 ὁ
1247 4489 1388 4556 ἄξιος
1421 4491 1825 4572 προϐεϐλήσθω,

2122 4493 2194 4554 lle
2226 4489 2804 4592 obdormieritncum
2849 4504 3056 4547 eorum
3089 4485 3190 4566 qui
3235 4494 3586 4567 potestatem
3622 4486 3732 4548 ha-

2093 4581 2235 4643 bent
2274 4587 2590 4649 conventu,
2627 4577 2839 4654 dignus
2869 4583 3131 4636 creetur.

449 4663 560 4742 κγ’.
597 4667 757 4722 Παντὶ
786 4673 863 4740 τῷ
893 4665 1076 4744 κλήρῳ
1104 4669 1169 4724 τὰ
1211 4675 1310 4737 τῆς
1368 4671 1653 4739 ἐκκλησίας
1695 4677 1842 4750 Θέμις
1884 4674 2005 4734 δια-

365 4754 740 4832 γινώσκεσθαι,
794 4756 887 4811 ’ίνα
961 4767 1053 4816 τοῦ
1133 4761 1428 4822 ἐπισκόπου
1489 4763 1867 4839 τελευτῶντος,
1941 4769 2007 4824 τὰ

367 4846 545 4901 οἰκεῖα
573 4846 670 4910 τῆς
715 4845 996 4912 ἐκκλησίας
1055 4845 1471 4929 διαφυλάττηται
1509 4871 1521 4884 ⁸
1583 4855 1647 4909 τὰ
1678 4852 1732 4910 δὲ
1763 4865 1855 4915 τοῦ
1883 4856 2004 4914 ἐπι-

367 4934 572 4990 σκόπου
603 4935 738 4990 κατὰ
757 4937 863 5002 ’τὴν
905 4938 1107 4992 ἐκείνου
1137 4937 1401 5016 διοικῇται
1432 4941 1691 5007 διάταξιν,

447 5020 552 5083 κδ’.
602 5031 785 5098 Κύριος
831 5027 858 5080 ὃ
910 5025 1197 5092 ἐπίσκοπος
1233 5036 1340 5085 τῶν
1394 5033 1491 5097 της
1545 5031 1833 5109 ἐκκλησίας
1878 5035 2014 5094 ἔστω

365 5113 697 5188 πραγμάτων
732 5130 747 5146 ⁸
809 5115 851 5168 εἷ
895 5113 948 5169 δὲ
1012 5118 1088 5190 μὴ
1146 5121 1408 5194 ἱκανοϊτο,
1455 5135 1572 5184 τοῖς
1616 5125 1883 5182 ἱκανοῦσιν
1911 5131 2010 5186 αὐ-

368 5207 498 5276 τῶν,
549 5201 616 5256 τὰ
673 5199 728 5256 δὲ
780 5203 1071 5280 πράγματα
1127 5208 1214 5263 καὶ
1271 5210 1394 5274 τοὺς
1433 5211 1624 5280 πόρους
1685 5213 2008 5286 μεταϐάλλοι

371 5292 466 5357 τῆς
520 5288 834 5378 ἐκκλησίας,
871 5293 950 5366 μὴ
1008 5297 1143 5368 μετὰ
1186 5299 1409 5374 γνώμης
1466 5307 1560 5356 τοῦ
1616 5300 1839 5378 κλήρου,
1895 5308 2009 5362 εἰσι

371 5380 678 5455 πραττέσθω
734 5377 882 5444 δίκας
940 5386 1070 5460 πρὸς
1128 5389 1226 5450 τῆς
1299 5386 1538 5450 συνόδου.
1594 5391 1648 5448 El
1810 5397 1896 5450 καὶ
1947 5398 2010 5452 τὰ

373 5471 592 5536 πένησιν
636 5467 955 5546 ὀφειλόμενα
999 5474 1071 5528 εἷς
1128 5475 1313 5535 ἑαυτὸν
1344 5483 1722 5558 σφετερίζεται,
1759 5485 1844 5540 καὶ
1875 5485 2010 5544 οῧτω

377 5563 439 5634 τῇ
478 5556 680 5632 συνόδῳ
710 5557 869 5636 λόγον
898 5559 1218 5630 ἀποδιδότω,

2170 4671 2272 4733 23.
2305 4669 2435 4732 Toti
2469 4669 2630 4730 clero
2654 4685 2751 4729 res
2781 4664 3054 4728 ecclesia
3083 4682 3445 4744 cognoscere
3477 4664 3638 4741 licet,
3671 4672 3736 4727 ut

2091 4759 2420 4821 decedente
2451 4757 2760 4839 episcopo,
2794 4755 3066 4818 ecclesia
3095 4773 3230 4838 qua
3267 4773 3374 4817 sua
3403 4764 3545 4818 sunt
3596 4774 3736 4817 con-

2090 4857 2404 4911 serventur
2439 4869 2454 4922 ;
2487 4865 2617 4927 qua
2673 4862 2815 4907 vero
2867 4853 3008 4907 sunt
3057 4845 3346 4926 episcopi,
3377 4845 3546 4924 juxta
3576 4843 3736 4907 illius

2094 4939 2545 5018 dispositionem
2579 4934 3092 4998 administrentur.

2173 5029 2274 5089 24.
2320 5029 2648 5108 Episcopus
2705 5044 2906 5086 rerum
2957 5027 3028 5086 ad
3065 5025 3384 5090 ecclesiam
3421 5024 3734 5105 pertinen-

2095 5117 2240 5180 tium
2277 5128 2632 5198 potestatem
2667 5115 2919 5177 habeat:
2955 5115 3006 5175 si
3067 5125 3262 5178 autem
3322 5134 3441 5177 non
3472 5114 3549 5174 sit
3583 5131 3735 5174 con-

2096 5216 2295 5270 tentus
2326 5208 2398 5269 iis
2428 5226 2558 5288 qua
2587 5205 2911 5277 sufﬁciunt,
2946 5224 3046 5267 res
3092 5225 3226 5266 vero
3257 5224 3326 5266 ac
3370 5204 3598 5265 reditus
3629 5220 3734 5264 ec-

2097 5299 2295 5360 clesia
2351 5298 2412 5357 in
2457 5297 2684 5359 alienos
2741 5314 2882 5358 usus
2932 5295 3267 5367 transferat,
3334 5293 3558 5371 absque
3588 5290 3737 5353 cleri

2095 5386 2593 5467 consilio,synodi
2620 5385 2917 5464 judicium
2951 5381 3248 5446 subeat.Si
3283 5399 3423 5443 vero
3454 5399 3524 5441 ea
3554 5381 3733 5444 etiam

2094 5500 2223 5564 qua
2256 5476 2622 5562 pauperibus
2666 5475 2982 5564 debentur,
3013 5473 3144 5564 sibi
3193 5470 3306 5549 ipsi
3339 5469 3620 5546 vindicet,
3654 5473 3736 5540 ita

2094 5561 2273 5636 etiam
2305 5568 2532 5650 synodo
2560 5571 2848 5629 rationem
2879 5561 3111 5622 reddat.
