4080 6204
453 357 569 423 267

1600 361 1905 426 SYMEON
1912 361 1980 424 IS
2029 360 2640 430 METAPHRAST/E.

3695 365 3815 437 268

452 493 796 572 continens,
819 502 880 558 et
907 495 981 558 ab
1011 499 1196 558 uxore
1221 493 1536 571 abstineat,
1566 503 1628 557 ut
1661 495 1956 577 postulata
1986 495 2064 556 im

2186 497 2338 575 ἂγνὸς
2368 498 2508 557 ἔστω
2555 501 2642 556 καὶ
2686 499 2972 579 ἐγκρατὴς,
3027 501 3112 556 καὶ
3154 501 3400 578 γυναικὸς
3441 499 3811 581 ἀπεχόμενος,

449 591 936 757 ρθξῖῗθῗιξοιιυίὺιιε
965 675 1157 736 laicus
1183 673 1711 756 corrigitur,in;his
1739 676 1926 738 multo
1961 692 2089 736 ma-

449 764 538 843 gis
565 761 824 827 clericus
851 763 1313 845 praedamnatur.

527 853 588 916 8.
623 849 940 933 Presbyter
968 870 1002 913 a
1033 851 1274 934 proprio
1307 853 1591 935 episcopo
1623 853 2082 925 condemnatus,

446 940 781 1005 facultatem
797 940 1040 1004 habebit
1054 941 1129 1004 ad
1151 941 1375 1004 vicinos
1392 944 1710 1026 episcopos
1720 941 2085 1025 appellandi;

445 1032 540 1093 sin
597 1038 793 1094 autem
853 1031 1264 1112 appellaverit,
1299 1032 1596 1096 sacriﬁcia
1647 1039 1847 1095 tamen
1879 1032 2088 1095 offerat

443 1118 568 1182 Deo
602 1119 863 1183 schisma
891 1120 1116 1184 faciens
1147 1129 1204 1184 et
1232 1122 1490 1199 inﬂatus,
1515 1124 1832 1186 anathema
1861 1122 1959 1184 sit.

523 1209 586 1273 9.
621 1205 983 1291 Episcopum
1016 1228 1050 1272 e
1079 1209 1269 1289 gradu
1295 1229 1404 1273 suo
1435 1212 1761 1292 dejectum,
1788 1212 1840 1273 si
1871 1231 1988 1275 non
2011 1212 2090 1275 sit

442 1297 704 1380 perfecta
735 1298 1256 1381 synodus,interea
1273 1300 1592 1364 duodecim
1619 1300 1936 1364 observant
1963 1301 2089 1382 epi-

442 1387 632 1471 scopi,
668 1398 728 1451 et
760 1389 1173 1472 presbyterum
1205 1407 1332 1465 sex,
1368 1399 1427 1453 et
1457 1390 1773 1453 diaconum
1814 1402 1962 1453 tres.

521 1478 892 1543 10.Primate
906 1479 1256 1560 jubente,et
1277 1489 1398 1542 tres
1421 1479 1688 1561 episcOpi
1717 1482 2085 1544 constituant

439 1569 788 1652 episcopum
822 1590 836 1630 :
899 1571 998 1651 qui
1057 1577 1258 1632 autem
1292 1568 1550 1650 propria;
1579 1568 1943 1632 confessioni
1983 1576 2084 1631 aut

437 1658 868 1740 subscriptioni
896 1660 1266 1732 adversatur,
1302 1665 1534 1720 suomet
1557 1658 1787 1738 judicio
1817 1657 2079 1738 ignomi-

439 1748 539 1812 nia
568 1749 897 1812 notabitﬁr.

2174 587 2266 643 ’ίνα
2310 594 2415 644 τῶν
2458 589 2783 665 αἰτουμένων
2826 588 3264 668 ἐπιτυγχάνοιεν.

2253 677 2326 748 ζ’.
2365 677 2453 735 Ἐν
2497 678 2588 741 οἷς
2633 680 2661 734 6
2703 680 2893 742 λα’ίκδς
2934 679 3222 754 εὐθύνεται,
3257 677 3464 743 τούτοις
3496 680 3523 736 6
3553 677 3810 760 κληρικὸς

2171 767 2566 844 περισσότερον,

2248 857 2329 925 η’.
2382 856 2733 938 Πρεσϐύτερος
2788 859 2914 938 παρ’
2981 863 3273 916 ἐπισκόπου
3331 859 3810 939 καταγινωσκόμε-

2170 967 2283 1029 νος,
2340 961 2460 1012 τοῖς
2505 946 2736 1015 πλησίον
2789 949 3107 1012 ἐπισκόποις
3165 947 3420 1026 ἐγκαλεῖν
3469 947 3584 1028 [γρ.
3638 951 3807 1007 ἐκκα-

2169 1035 2318 1116 λεῖν]
2347 1034 2629 1108 ἐαθήσεται
2678 1055 2691 1068 ⁸
2733 1037 2866 1095 εἰδὲ
2915 1039 3018 1112 μὴ,
3069 1037 3306 1116 ἂγίασμα
3343 1043 3422 1111 τῷ
3466 1044 3583 1113 Θεῷ
3633 1061 3806 1120 προσ-

2169 1127 2384 1203 αγάγοι,
2419 1129 2621 1207 σχίζων
2653 1128 2746 1184 καῖ
2776 1127 3204 1208 πεφυσιωμένος,
3238 1125 3376 1184 ἔστω
3403 1127 3665 1204 ἀνάθεμα.

2249 1214 2327 1278 θ’,
2375 1213 2701 1274 Ἐπίσκοπον
2761 1216 3108 1292 ἐκϐληθέντα,
3171 1215 3262 1273 ἐὰν
3322 1217 3401 1292 μὴ
3448 1215 3623 1276 τελεία
3679 1219 3804 1276 σόν-

2168 1305 2314 1379 οδος,
2356 1305 2485 1372 τέως
2548 1307 2639 1363 καί
2698 1304 2901 1364 δώδεκα
2961 1306 3300 1385 ἐπιτηροῦσιν
3361 1305 3665 1382 ἐπίσκοποι,
3719 1308 3806 1365 καὶ

2167 1392 2516 1471 πρεσϐύτερον
2547 1394 2624 1469 ἓξ,
2655 1397 2740 1453 καὶ
2763 1395 3004 1453 διάκονον
3036 1408 3209 1473 τρεῖς.

2247 1483 2306 1547 ι’,
2341 1491 2444 1542 Τοῦ
2484 1487 2847 1563 πρωτεύοντος
2905 1486 3302 1563 ἐπιτάττοντος,
3335 1487 3426 1544 καὶ
3473 1499 3624 1559 τρεῖς
3680 1486 3803 1544 ἐπί·-

2163 1594 2354 1632 σκοποι
2385 1577 2704 1632 καθιστῶσιν
2735 1574 3026 1632 ἐπίσκοπον
3059 1591 3074 1606 ’
3109 1576 3137 1632 6
3167 1573 3223 1631 δὲ
3252 1579 3351 1642 τῆς
3408 1576 3604 1640 οίκείας
3659 1577 3799 1652 ὁμο-

2164 1661 2346 1742 λογίας
2405 1663 2440 1732 ἢ
2495 1663 2801 1744 ὑπογραφῆς
2861 1663 3120 1743 ἐναντίος,
3154 1663 3365 1722 οἴκοθεν
3397 1663 3502 1731 ἕξοι
3558 1667 3621 1722 τὸ
3676 1663 3801 1724 ἄτι-

2165 1775 2290 1828 μον.

517 1841 616 1902 11.
649 1837 901 1921 Propter
929 1838 1188 1920 inopiam
1221 1858 1356 1921 quaa
1385 1848 1476 1902 est
1530 1839 1590 1900 in
1645 1837 1895 1920 Tripoli,
1928 1856 2064 1902 unus

2247 1833 2343 1905 ια’.
2382 1844 2480 1900 Διᾶ
2507 1843 2604 1910 τὴν
2650 1844 2722 1908 εἰς
2779 1841 3029 1919 Τρίπολιν
3076 1841 3301 1923 ἔνδειαν,
3332 1844 3422 1900 καὶ
3462 1844 3548 1910 εἷς
3575 1844 3798 1902 ἐπίσκο-

436 1931 754 2010 episcopus
779 1928 852 1992 ad
885 1928 1249 2008 legationem
1279 1929 1516 1992 suﬂicit.

516 2017 616 2082 12.
649 2017 978 2100 Episcopus
1026 2028 1127 2081 aut
1185 2018 1442 2081 clericus
1491 2021 1670 2082 causa
1697 2018 1995 2081 criminali
2025 2019 2078 2081 ei

435 2109 722 2186 instituta,
785 2107 837 2170 si
891 2108 1102 2171 relicta
1157 2107 1428 2172 Ecclesia
1461 2108 1534 2170 ad
1581 2107 1810 2188 judicia
1843 2108 2081 2189 publica

429 2206 704 2262 recurrat
735 2205 794 2260 et
815 2196 1175 2275 absolvatur,
1205 2198 1511 2279 proprium
1543 2199 1758 2260 amittit
1779 2199 2028 2278 gradum
2058 2215 2071 2259 :

432 2287 484 2349 si
512 2305 650 2351 vero
677 2295 737 2352 et
765 2287 827 2350 in
851 2287 1011 2351 civili
1038 2289 1282 2368 negotio
1308 2287 1512 2361 vincit,
1541 2288 1590 2349 si
1622 2287 1737 2350 hoc
1767 2295 2072 2366 sequatur,

435 2376 742 2459 proprium
777 2377 954 2440 etiam
987 2379 1217 2441 amittet
1244 2377 1518 2458 gradum.

511 2556 609 2622 13.
643 2557 707 2622 Si
728 2557 920 2638 gratia
944 2567 1045 2622 aut
1074 2559 1211 2622 odio
1237 2557 1474 2639 jndices
1503 2555 1892 2620 ecclesiastici
1917 2553 2075 2635 judi-

425 2665 593 2711 casse
621 2647 898 2711 convinci
926 2655 1248 2729 nequeant,
1285 2648 1386 2729 qui
1435 2645 1754 2729 appellavit
1809 2663 1926 2708 non
1960 2644 2072 2706 de-

423 2737 711 2891 {amasti
736 2835 934 2908 partes
972 2827 1263 2907 elegerint
1281 2825 1624 2907 judices,ab
1655 2823 1748 2887 his
1778 2843 1898 2886 non
1925 2821 2068 2884 abs-

425 2914 660 2980 cedant.

502 3005 604 3070 15.
638 3004 932 3071 Sacerdos
962 3025 1082 3070 non
1113 3008 1178 3070 lit
1207 3013 1468 3069 curator.

501 3098 600 3159 16.
638 3094 857 3160 Lector
880 3096 1070 3180 pubes
1100 3096 1316 3171 factus,
1348 3104 1448 3158 aut
1477 3091 1933 3168 continentiam,
1968 3099 2068 3155 aut

421 3185 762 3266 conjuglum
794 3186 1167 3269 proﬁteatur.

500 3275 600 3338 17.
631 3273 742 3348 Qui
775 3276 848 3339 ad
879 3275 1196 3338 diaconum
1229 3281 1368 3337 ante
1393 3290 1508 3338 xxv
1525 3290 1716 3338 annos
1746 3281 2066 3353 provectus

417 3370 528 3441 est,
565 3383 685 3427 non
717 3375 810 3428 est
839 3364 1153 3428 diaconus.

501 3454 599 3517 18.
631 3453 846 3517 Lector
872 3472 992 3518 non
1023 3453 1304 3518 salutabit
1336 3456 1645 3536 populum.

496 3543 598 3606 19.
634 3543 858 3608 Placita
889 3543 1282 3608 conciliorum
1315 3544 1561 3608 auribus
1594 3545 1726 3626 ejﬁs
1776 3544 1879 3626 qui
1903 3543 2063 3608 ordi-

413 3633 645 3696 nandus
677 3641 786 3710 est,
821 3633 1310 3698 inculcabuntur.

493 3720 596 3787 20.
628 3723 903 3787 Defuncti
959 3724 1194 3805 corpori
1247 3722 1620 3787 Eucharistia
1681 3742 1799 3786 non
1831 3725 2059 3790 datur:

411 3829 534 3874 non
569 3811 736 3874 enim
767 3811 1026 3874 comedit
1060 3819 1160 3874 aut
1194 3811 1368 3875 bibit.

489 3901 591 3964 21.
646 3903 763 3965 Per
819 3900 1218 3982 ignorantiam
1280 3903 1593 3984 presbyter
1650 3921 1772 3966 non
1803 3903 2060 3986 baptisat

411 4000 708 4054 mortuum
721 4041 734 4056 .

491 4079 591 4144 22.
623 4078 954 4162 Episcopus
975 4080 1077 4162 qui
1119 4090 1435 4146 accusatur
1455 4090 1513 4145 et
1541 4081 1602 4144 in
1630 4082 1928 4162 judicium
1953 4084 2054 4146 ad-

406 4167 669 4244 ducitur,
701 4169 918 4232 habeat
951 4170 1206 4233 duorum
1237 4171 1532 4234 mensium
1567 4173 2052 4254 spatium,siqui-

406 4257 544 4321 dem
576 4257 766 4322 altera
823 4277 960 4340 pars
1008 4260 1265 4342 alicujus
1297 4280 1481 4324 morae
1515 4262 1736 4325 auxilio
1766 4262 2050 4342 indigeat.

404 4349 615 4410 Postea
643 4356 843 4412 autem
905 4352 956 4413 si
1017 4369 1139 4413 non
1200 4352 2051 4415 occurreritacommunione

405 4436 714 4517 privatur;
765 4437 818 4501 si
847 4458 985 4502 vero
1019 4450 1312 4521 prasente
1337 4448 1704 4517 accusatore,
1738 4452 2051 4506 accusatus

401 4527 686 4610 aufugiat,
713 4531 748 4591 ὲ
775 4531 1204 4594 communione
1235 4531 1583 4613 privabitur.

481 4617 906 4682 23.Accusator
919 4621 1020 4702 qui
1039 4619 1915 4697 calumniatur,accusatornon
1934 4630 2044 4686 est.

480 4706 580 4772 ‘24.
617 4707 988 4773 Clericorum
1020 4711 1130 4773 ﬁlii
1162 4728 1297 4773 cum
1330 4711 1632 4773 haereticis
1666 4711 2047 4774 matrimonio

397 4815 516 4861 non
546 4797 906 4878 junguntur.

477 4887 579 4950 25.
614 4886 728 4960 Qui
755 4906 855 4951 res
885 4907 1089 4952 sacras
1121 4891 1485 4967 tractant,ab
1518 4891 1804 4956 uxoribus
1833 4911 2046 4957 secun-

397 4977 539 5041 dum
574 4979 816 5060 pr0pria
845 4987 1062 5042 statuta
1091 4977 1452 5046 abstineant.

479 5065 579 5132 26.
614 5067 737 5130 Res
758 5065 1044 5130 Ecclesiae
1066 5069 1241 5131 vendi
1265 5088 1383 5133 non
1409 5071 1658 5151 debent;
1681 5072 1730 5135 si
1750 5092 1886 5136 vero
1909 5074 2040 5136 red-

315 5172 320 5174 '
395 5155 555 5220 ditus
587 5175 705 5219 non
737 5156 972 5233 habeat,
1010 5159 1304 5221 sententia
1328 5160 1744 5242 episcoporum
1779 5163 2039 5226 vendun-

394 5251 511 5310 tur.
546 5243 610 5309 Si
630 5255 828 5310 autem
883 5248 1211 5311 necessitas
1253 5268 1373 5311 non
1405 5251 1558 5314 ferat
1579 5261 1642 5313 ut
1664 5254 2035 5328 consulatur,

391 5334 657 5398 vendens
686 5336 915 5399 vicinos
947 5337 1261 5419 episcopos
1286 5339 1620 5405 vocabit.Si
1641 5361 1783 5405 vero
1815 5344 1928 5405 hoc
1961 5342 2041 5404 ita

391 5441 511 5487 non
542 5425 737 5502 faciat,
774 5429 898 5491 Deo
931 5437 989 5490 et
1018 5429 1274 5491 concilio
1305 5448 1446 5492 reus
1477 5439 1773 5498 teneatur.

471 5514 570 5606 2?.
603 5515 930 5606 Presbyter
960 5517 1266 5581 convictus
1297 5529 1354 5582 et
1379 5521 1676 5603 paenitens
1707 5531 1772 5585 ut
1801 5542 2037 5606 promo-

388 5601 619 5753 vegdns
648 5623 768 5668 non
821 5605 1246 5690 rebaptizatur,
1284 5601 1479 5693 neque
1509 5619 1572 5674 ut
1602 5601 2035 5679 laicus—iterum

393 5707 462 5753 or
508 5699 723 5753 matur.

393 5699 723 5759 ordinatur.

2161 1954 2258 1998 πος
2284 1934 2356 1998 είς
2387 1933 2786 2010 τοποτηρησίαν
2827 1929 3103 2010 ἐπάρκιος.

2245 2020 2338 2100 ιβ’.
2383 2021 2727 2100 Ἐπίσκοπος,
2789 2020 2823 2089 ἢ
2879 2020 3138 2099 κληρικὸς
3193 2020 3599 2099 ἐγκληματικοῦ
3656 2044 3800 2081 κεκι-

2163 2113 2394 2188 νημένου
2451 2113 2790 2190 πρὰγματος,
2853 2111 2897 2165 εἰ
2953 2110 3052 2176 τὴν
3114 2109 3402 2178 ἐκκλησίαν
3449 2110 3620 2191 ἀφεὶς,
3679 2125 3798 2175 τοῖς

2161 2200 2442 2275 δημοσίοις
2495 2198 2844 2280 προσδράμοι,
2913 2201 3001 2256 καὶ
3062 2198 3451 2275 δικαιούμενος,
3510 2203 3603 2257 τὸν
3663 2200 3800 2259 ἴδιον

2158 2289 2403 2365 ἀπολέσῃ
2460 2290 2664 2365 βαθμόν
2699 2307 2714 2324 ο
2760 2290 2804 2344 εἰ
2846 2288 3082 2367 ὑπερέξει
3154 2287 3206 2344 δὲ
3251 2291 3338 2347 καὶ
3384 2291 3470 2346 ἐπὶ
3513 2288 3800 2350 πολιτικοῦ

2157 2378 2468 2458 κεφαλαίου,
2502 2380 2546 2434 εἱ
2594 2379 2763 2450 τούτῳ
2816 2390 3056 2457 στοιχετ,
3094 2378 3183 2434 τὸν
3228 2378 3366 2434 ἴδιον
3397 2377 3649 2436 ἀπολέσει
3691 2380 3796 2456 βα-

2155 2470 2288 2544 θμόν
2299 2517 2314 2532 ,

2239 2547 2334 2636 ιγ’.
2384 2558 2646 2620 Δικαστᾶς
2704 2555 3206 2631 ἐκκλησιαστικοὺς,
3257 2558 3301 2613 εί
3344 2557 3422 2632 μὴ
3479 2554 3798 2639 ἐλέγχοιντο

2158 2651 2292 2706 κατὰ
2349 2649 2708 2726 προσπάθειαν
2786 2647 2816 2716 ἢ
2878 2647 3217 2703 ἀντιπάθειαν
3275 2645 3790 2730 προδεδιῳκηκότες,

2156 2738 2417 2818 ἕγκλητος
2447 2735 2510 2816 [Γ.
2564 2737 2824 2804 ἕκκλητος
2856 2737 2872 2813 Ι
2918 2740 3225 2814 γινόμενος,
3262 2739 3353 2795 οὖν
3386 2737 3665 2814 ἀμύνεται.

2241 2826 2309 2884 ιδ’
2324 2874 2338 2889 .
2375 2827 2499 2885 Ἐὰν
2529 2829 2597 2883 τὰ
2626 2826 2762 2906 μέρη
2802 2823 3145 2890 ἐπιλέξωνται
3176 2822 3451 2906 δικαστὰς,
3481 2828 3684 2885 τούτων
3710 2829 3789 2905 μὴ

2153 2916 2582 2996 άφιστάσθωσαν.

2233 3005 2300 3062 ιε’
2312 3052 2329 3069 .
2365 2994 2422 3065 Ὀ
2463 3005 2630 3082 ἱερεὺς
2658 3003 2930 3084 κοδράτωρ
2962 3003 3022 3061 οὒ
3051 3003 3276 3082 γίνεται.

2231 3096 2312 3170 ις’
2314 3095 2352 3159 ’.
2402 3095 2461 3154 Ὀ
2491 3091 2683 3162 ἔνηϐος
2713 3095 3058 3174 ἀναγνώστης
3090 3093 3126 3162 ἢ
3173 3095 3510 3176 ἐγκράτειαν,
3541 3097 3577 3166 ἢ
3626 3104 3788 3170 συζυ-

2083 3211 2123 3263 c
2147 3187 2265 3265 γίαν
2293 3183 2649 3265 νὸμολογείτω.

2230 3264 2320 3347 ιζ’.
2351 3273 2415 3334 '0
2449 3276 2551 3354 πρὸ
2600 3274 2708 3332 τῶν
2753 3273 2836 3332 κε’
2895 3276 3108 3355 χρόνων
3137 3272 3406 3356 διάκονος,
3435 3275 3495 3332 οὗ
3523 3273 3788 3342 διάκονος.

2227 3455 2334 3525 ιη’.
2367 3455 2744 3535 Ἀναγνώστης
2775 3454 2836 3512 οὐ
2865 3453 3222 3534 προσκυνήσει
3251 3453 3345 3510 τὸν
3383 3450 3582 3530 δῆμον.

2224 3545 2313 3608 ιθ’.
2347 3547 2424 3606 Τὰ
2453 3558 2576 3609 ταῖς
2620 3543 2856 3609 συνόδοις
2883 3541 3107 3612 δόξαντα
3139 3546 3167 3600 6
3199 3545 3794 3624 χειροτονηθησόμενος

2140 3637 2446 3695 ἐνωτίσεται
2457 3685 2469 3698 .

2221 3727 2295 3793 κ’.
2333 3735 2418 3804 Τῷ
2444 3726 2858 3800 τελευτήσαντος
2913 3726 3120 3803 σώματι
3173 3727 3487 3806 εὖχαριστία
3543 3728 3602 3782 οδ
3633 3724 3786 3784 δίδο-

2139 3842 2226 3877 ται
2263 3837 2278 3851 ⁶
2311 3822 2371 3878 οὗ
2400 3819 2501 3896 γὰρ
2531 3818 2689 3875 ἐσθίει
2718 3817 2754 3886 ἢ
2787 3817 2950 3881 πίνει.

2218 3908 2330 3973 κα’,
2362 3907 2581 3987 Ἀγνοίᾳ
2622 3905 2972 3986 πρεσϐύτερος
3031 3906 3092 3962 οὒ
3144 3907 3384 3982 βαπτίζει
3437 3908 3528 3964 τὸν
3589 3903 3781 3964 τελξυο

2139 4001 2398 4069 τήσαντα.

2217 4088 2330 4167 κβ’.
2395 4086 2866 4165 Κατηγορούμενος
2945 4085 3256 4158 ἐπίσκοπος,
3345 4085 3433 4141 καὶ
3490 4084 3777 4163 ἀγόμενος,

2135 4178 2313 4258 ἐχέτω
2343 4182 2527 4253 μηνῶν
2585 4174 2672 4233 δύο
2723 4174 2924 4232 ἔνδοσιν
2953 4192 2966 4206 ⁸
3024 4174 3176 4253 εἴπερ
3227 4173 3476 4253 ἐτέρωθέν
3521 4174 3635 4232 ἐστι
3678 4180 3780 4242 τῆς

2133 4265 2455 4345 βραδυτῆτος
2504 4265 2746 4341 βοήθεια.
2801 4263 2958 4331 Ἐξῆς
3015 4264 3068 4320 δὲ
3126 4265 3188 4320 τὸ
3234 4263 3597 4331 ἀκοινώνητον
3657 4264 3778 4344 ἔχει

2133 4357 2210 4432 μὴ
2255 4357 2559 4424 ὑπαντήσας
2589 4369 2602 4385 ⁶
2641 4354 2729 4411 ἐὰν
2788 4352 2840 4409 δὲ
2891 4353 3339 4430 παρουσιάζοντος
3395 4355 3486 4409 τοῦ
3528 4375 3774 4431 κατηγο-

2132 4444 2386 4522 ρουμένου
2444 4447 2470 4501 6
2515 4445 2981 4523 κατηγορούμενος
3032 4442 3332 4523 ἀποφεύγῃ,
3393 4441 3494 4508 ἔξει
3525 4445 3586 4500 τό
3618 4443 3774 4500 ἀκοι-

2133 4535 2393 4602 νώνητον.

2210 4623 2320 4701 κγ’.
2358 4620 2789 4698 Διαϐαλλόμενος
2823 4623 3142 4700 κατήγορος,
3177 4626 3238 4681 οὒ
3269 4623 3594 4701 κατήγορος.

2210 4713 2315 4774 κδ’.
2353 4715 2649 4792 Αἱρετικοῐς
2679 4711 2840 4768 τέκνα
2873 4710 3140 4790 κληρικῶν
3172 4715 3231 4770 οὐ
3261 4709 3607 4771 συνάπτεται.

2209 4891 2310 4953 κε’.
2344 4894 2403 4952 Οἱ
2435 4893 2499 4949 τὰ
2527 4893 2641 4972 ἱερὰ
2699 4890 3084 4972 χειριζόμενοι,
3139 4893 3226 4946 καὶ
3257 4889 3361 4947 ἀπὸ
3391 4894 3498 4945 τῶν
3530 4885 3769 4966 συμϐίων

2127 4983 2263 5041 κατᾶ
2292 4983 2412 5046 τοὺς
2447 4980 2601 5044 ἰδίους
2636 4980 2789 5057 ὅρους
2819 4979 3335 5058 ἐγκρατευέσθωσαν.

2203 5070 2342 5146 κζ’,
2377 5070 2623 5150 ’Ἃπρατα
2651 5071 2719 5126 τὰ
2767 5069 3190 5136 ἐκκλησιαστικᾶ
3236 5067 3548 5147 πράγματα.
3597 5070 3655 5126 Εἰ
3710 5067 3764 5125 δὲ

2124 5164 2202 5239 μὴ
2249 5161 2504 5242 πρόσοδον
2539 5160 2672 5241 ἔχῃ,
2704 5160 2895 5237 γνώμῃ
2954 5166 3059 5217 τῶν
3109 5159 3415 5216 ἐπισκόπων
3455 5158 3763 5235 πιπράσκε-

2127 5276 2233 5314 ται.
2284 5254 2341 5310 Εἱ
2384 5249 2438 5307 δὲ
2500 5251 2708 5329 ἀνάγκη
2771 5254 2877 5330 οὐχ
2943 5249 3186 5325 ὑπομένῃ
3237 5247 3298 5306 τὸ
3355 5246 3758 5323 βουλεύσασθαι,

2122 5345 2241 5404 τοὺς
2277 5343 2515 5422 γείτονας
2546 5343 2571 5396 6
2607 5340 2921 5418 πιπράσκων
2953 5339 3260 5398 καλέσεται.
3296 5337 3353 5394 Ei
3384 5335 3430 5393 δ’
3461 5341 3565 5417 οὐχ
3595 5335 3758 5414 οὕτω,

2122 5439 2238 5505 Θεῷ
2267 5434 2354 5489 καὶ
2383 5437 2452 5508 τῇ
2481 5429 2682 5504 συνόδῳ
2711 5431 3021 5492 ὑπεύθυνος.

2199 5519 2303 5594 κζ’,
2365 5518 2718 5598 Πρεσϐύτερος
2755 5517 3138 5599 ἐλεγχόμενος,
3186 5521 3282 5575 καὶ
3342 5515 3758 5596 μεταγινώσκων

2118 5612 2191 5677 ὡς
2223 5611 2538 5690 προκόψων,
2563 5613 2658 5670 οὒκ
2684 5605 3126 5691 ἆναϐαπτίζεται,
3150 5605 3264 5668 οὐδὲ
3291 5607 3363 5674 ὡς
3395 5606 3586 5672 λα’(κὸς
3611 5607 3754 5675 αὖθις

2121 5701 2586 5786 κεχειροτόνηται.
