4080 6204
247 383 361 451 269

1543 381 1874 448 EPITOME
1914 384 2311 451 CANONUM.

3504 387 3622 451 270

326 517 451 586 κη’.
509 522 570 576 '0
619 514 984 582 ἀκοινώνητος
1028 512 1385 587 κοινωνήσας,
1417 518 1743 590 συμπαθείας
1788 520 1886 574 αὖ-

2051 517 2152 580 28.
2185 518 2747 580 Excommunicatus
2777 520 2875 598 qui
2907 519 3468 597 communicaverit,
3495 521 3624 599 ipse

248 607 650 685 τοκατᾶκριτος.

325 695 409 754 κθ¹
421 744 436 758 .
499 696 807 773 Κατήγορος
849 693 938 750 ὲοὶν
996 690 1120 749 ὀδοῦ
1164 698 1342 768 μῆκος
1373 692 1771 773 προϐάλληται,
1803 699 1891 754 καί

248 787 464 866 ἔγγιστα
496 785 843 863 προσκομίσει
889 784 1011 844 τοὺς
1041 783 1335 861 μάρτυρας.

324 874 397 937 λ’.
449 866 509 932 ’0
564 875 696 950 πρὸς
727 876 942 946 μείζονα
994 873 1161 947 τιμὴν
1214 871 1606 950 ἐγκαλούμενος
1641 875 1746 953 Ιγρ,
1797 876 1893 934 ἐκ.

247 964 391 1042 καλ]
448 965 546 1020 καῖ
610 963 864 1036 ἀπειθῶν,
912 963 1000 1019 καὶ
1057 963 1156 1028 τὴν
1228 961 1294 1030 ἢν
1364 961 1482 1042 ἔχει
1554 965 1897 1042 προσαπολέο

248 1078 415 1118 σεται,

319 1134 430 1207 λα’.
497 1133 559 1200 Ὀ
630 1143 766 1207 μετᾶ
835 1142 898 1199 τὸ
959 1142 1221 1218 προκόψαι
1283 1141 1444 1220 ἀγρὸν
1516 1143 1895 1222 ὶξωνούμενος,

240 1234 392 1292 οωξ.
446 1232 620 1313 ἔχων,
661 1230 800 1289 ἴστω
852 1237 922 1309 τῇ
950 1229 1244 1303 Ἐκκλησία
1299 1238 1486 1290 τοῦτον
1516 1235 1820 1313 προσάγων,
1855 1240 1898 1295 εἰ

245 1323 318 1397 μὴ
375 1321 436 1378 ἐκ
503 1318 765 1399 διαδοχῆς
831 1319 1172 1398 συγγενείας,
1231 1321 1268 1384 ἢ
1325 1323 1548 1399 κοθαρᾶς
1592 1321 1898 1401 φιλοτιμίας

243 1421 393 1471 τοῦτο
450 1408 830 1487 περιελήλυθε.
863 1405 1226 1486 Πρεσϐύτερος
1277 1407 1724 1476 ἐκκλησιαστικὸν
1754 1418 1896 1486 πρᾶ-

247 1524 375 1580 γμα,
412 1502 510 1556 τοῦ
557 1498 852 1557 ἐπισκόπου
880 1499 1074 1577 χωρὶς,
1108 1501 1170 1556 οὗ
1207 1497 1516 1576 πιπράσκει·
1551 1499 1669 1556 οὒδέ
1698 1503 1898 1580 γωρίον

246 1590 558 1668 ἆπίσκοπος,
605 1585 824 1647 συνόδου
853 1588 934 1661 μὴ
977 1585 1460 1665 ιπιγινωσκούσης.

321 1671 430 1756 λβ’,
479 1680 560 1737 Οὔ
613 1689 1010 1758 χειροτονεῖται
1068 1678 1097 1732 ὃ
1167 1677 1246 1752 μὴ
1302 1679 1424 1740 τοὺς
1483 1681 1557 1743 εἰς
1606 1681 1698 1736 τὸν
1741 1682 1896 1740 οἶκον

249 1768 479 1832 ἅπαντας
510 1764 818 1844 ὀρθοδόξους
849 1765 1112 1832 ποιήσας.

1973 604 2035 666 in
2065 623 2130 668 se
2159 605 2673 669 condemnationis
2701 608 3058 669 sententiam
3093 608 3248 670 tulit.

2053 694 2154 756 29.
2189 693 2249 757 Si
2279 705 2591 757 accusator
2622 696 2854 758 itineris
2882 695 3317 777 longitudinem
3351 697 3620 778 objiciet,

1975 791 2035 845 et
2065 784 2332 863 proximo
2366 783 2497 845 loco
2533 793 2711 846 testes
2743 785 3054 864 producet.

2058 872 2157 936 30.
2193 871 2304 944 Qui
2335 871 2410 934 ad
2445 874 2730 952 majorem
2755 873 3043 936 honorem
3077 882 3377 951 evocatur,
3413 883 3472 937 et
3505 896 3625 939 non

1982 960 2374 1041 obtemperat,
2413 962 2590 1024 etiam
2645 963 2773 1042 ipso
2805 983 2980 1044 quem
3013 962 3193 1026 habet
3236 965 3466 1028 honore
3498 967 3622 1047 pri-

1984 1049 2232 1112 vabitur.

2065 1138 2164 1201 31.
2201 1140 2316 1213 Qui
2345 1155 2480 1220 post
2511 1141 2944 1222 promotionem
2980 1142 3127 1204 nihil
3159 1142 3384 1205 habens
3413 1163 3624 1224 agrum

1982 1229 2216 1304 emerit,
2251 1228 2536 1292 Ecclesiae
2565 1231 2836 1293 conferat
2866 1232 2970 1307 qui
3007 1231 3173 1291 illum
3198 1233 3474 1314 acquirit,
3513 1235 3628 1295 nisi

1981 1320 2360 1381 successione
2417 1319 2810 1400 cognationis,
2844 1319 2934 1380 vel
2981 1339 3126 1399 pura
3156 1321 3509 1384 liberalitate
3568 1324 3623 1384 ei

1981 1409 2311 1472 obvenerit.
2343 1409 2656 1490 Presbyter
2683 1427 2809 1470 rem
2837 1427 2972 1484 quaa
2999 1410 3072 1470 ad
3102 1410 3426 1472 Ecclesiam
3449 1414 3629 1492 perti-

1981 1506 2081 1559 net
2131 1498 2264 1560 sine
2317 1500 2601 1580 episcopo
2647 1517 2767 1559 non
2827 1497 3046 1575 vendit,
3085 1518 3281 1580 neque
3337 1501 3624 1581 praedium

1979 1587 2317 1667 episcopus,
2353 1586 2468 1648 nisi
2498 1587 2759 1668 synodus
2813 1586 2872 1648 id
2905 1588 3272 1666 exploratum
3325 1589 3622 1656 habuerit.

2061 1675 2160 1737 32.
2195 1679 2329 1740 Non
2373 1676 2682 1740 ordinatur
2712 1677 2827 1738 nisi
2876 1679 2977 1757 qui
3008 1696 3220 1740 omnes
3268 1681 3628 1743 domesticos

1980 1765 2344 1828 orthodoxos
2375 1765 2606 1828 fecerit.

323 1848 433 1937 λγ’.
497 1855 720 1930 ”Αρτος
777 1859 867 1914 καὶ
923 1859 1069 1920 οἶνος
1141 1855 1290 1915 ὕδατι
1345 1858 1667 1934 κεκραμένος
1724 1881 1884 1933 προσ-

2060 1855 2160 1917 33.
2209 1853 2386 1916 Panis
2444 1863 2502 1918 et
2558 1855 2758 1917 vinum
2819 1873 2970 1936 aqua
3026 1856 3263 1919 mistum
3318 1860 3628 1940 offeratur,

250 1948 472 2024 αγέσθω,
508 1945 609 2003 καί
655 1946 844 2020 μόνον.

324 2034 427 2097 λδ’.
507 2034 792 2111 Κληρικοί,
869 2037 962 2091 γὰἰ
1051 2035 1517 2112 ὶγκρατευόμενοι,
1585 2034 1780 2114 χήραις
1863 2038 1900 2105 ἢ

254 2128 523 2195 παρθένοις
587 2131 667 2198 μή
725 2123 1115 2203 προαιὲτωσαν,
1189 2127 1232 2180 εἱ
1299 2125 1377 2196 μὴ
1445 2125 1752 2182 επισκόπων
1813 2127 1900 2182 καὶ

254 2212 625 2292 πρεσϐυτέρων
685 2213 938 2290 ἑπιταγῇο
1001 2215 1089 2270 καὶ
1145 2213 1284 2270 οὕτω
1337 2217 1418 2287 μὴ
1462 2215 1641 2287 μόνοι,
1687 2214 1811 2271 ἀλλ’
1863 2214 1900 2284 ἢ

255 2303 362 2379 μεθ’
412 2305 488 2358 ὧν
565 2303 594 2357 ὁ
667 2300 955 2364 ἐπίσκοπος
1015 2302 1104 2358 καὶ
1175 2304 1221 2358 οἰ
1281 2298 1621 2381 πρεσϐύτεροι
1687 2304 1898 2380 βαίνω.

338 2435 354 2452 ο

329 2481 437 2546 λε’.
471 2484 528 2540 Εἰ
564 2481 646 2557 μῆ
673 2481 779 2537 ἀπὸ
810 2484 1079 2546 νηστικῶν
1103 2480 1229 2558 ἅγια
1261 2483 1319 2537 οὗ
1347 2482 1697 2558 προσάγεται.

329 2571 421 2645 λς’
430 2562 461 2635 ’,
500 2570 767 2649 Κλῃρικός
810 2567 899 2625 ἔπ’
928 2568 1216 2635 ἐκκλησίας
1246 2571 1698 2644 ὰσυμποσίαστος.

327 2649 428 2732 λζ’.
505 2651 571 2716 ’Β
632 2659 720 2716 διὰ
785 2662 1067 2720 παρθενίαν
1125 2665 1218 2714 τοῦ
1259 2661 1484 2735 πατρὸς“
1531 2661 1898 2741 ἀφισταμένη,

255 2763 368 2814 ταῖς
398 2752 757 2825 τιμιωτάταις
789 2755 897 2804 τῶν
925 2751 1190 2826 γυναικών
1217 2752 1578 2824 παρατίθεται.

335 2829 449 2906 λη’.
510 2839 784 2905 Σκηνικὸς
841 2839 1172 2918 ἐπιστρεφων
1217 2835 1398 2902 δεκτός
1447 2841 1589 2895 ἔστιν
1617 2843 1690 2904 εἰς
1735 2842 1900 2907 μετά-

254 2951 388 2984 νοιαν
395 2969 413 2987 ο

326 3015 427 3079 λθ’,
516 3013 930 3076 Ἀναϐαπτίσεις
1016 3015 1103 3072 καί
1187 3015 1692 3096 ἀναχειροτονήσεις
1725 3067 1740 3093 ,
1814 3021 1901 3076 καὶ

257 3106 628 3182 μετακινήσεις
659 3103 969 3162 ἐπισκόπων
1002 3108 1062 3164 οὐ
1090 3104 1348 3183 γίνονται.

1983 1945 2164 2026 idque
2191 1944 2409 2006 solum.

2063 2035 2163 2096 34.
2212 2034 2427 2096 Clerici
2460 2042 2518 2095 et
2546 2035 2930 2096 continentes
2990 2034 3061 2095 ad
3097 2037 3298 2098 viduas
3332 2039 3422 2100 vel
3461 2038 3632 2118 virgi-

1986 2141 2091 2184 nes
2128 2141 2247 2184 non
2278 2123 2585 2199 accedant,
2620 2124 2732 2184 nisi
2763 2143 2835 2186 ex
2886 2125 3061 2205 jussu
3091 2127 3517 2205 episcoporum
3574 2135 3633 2189 et

1985 2212 2488 2293 presbyterorum.
2524 2220 2582 2275 et
2639 2217 2724 2274 sic
2757 2233 2875 2275 non
2925 2216 3060 2290 soli,
3095 2215 3198 2276 sed
3244 2217 3330 2276 vel
3371 2235 3504 2278 cum
3561 2217 3632 2277 iis

1982 2319 2134 2382 quos
2163 2302 2480 2383 episcopus
2504 2302 2597 2364 vel
2631 2302 2963 2384 presbyteri
2990 2323 3193 2366 secum
3228 2306 3475 2368 ducunt.

2068 2479 2172 2544 35.
2207 2483 2421 2543 Sancta
2453 2479 2569 2541 nisi
2598 2481 2883 2560 ajejunis
2924 2501 3040 2544 non
3073 2484 3424 2546 offeruntur.

2063 2571 2164 2632 36.
2198 2569 2464 2632 Clericus
2487 2571 2547 2631 in
2579 2571 2834 2632 ecclesia
2872 2591 2989 2632 non
3021 2572 3385 2636 convivetur.

2065 2660 2166 2720 3‘7.
2221 2658 2362 2730 Quae
2396 2676 2430 2719 ε
2463 2668 2628 2739 patre
2688 2669 2932 2739 pr0pter
2978 2661 3378 2738 virginitatem
3426 2680 3627 2724 seces-

1981 2748 2142 2822 serit,
2170 2746 2543 2826 gravioribus
2570 2747 2810 2809 feminis
2833 2749 3312 2812 commendetur.

2061 2836 2159 2898 38.
2222 2834 2510 2898 Scenicus
2541 2855 2672 2899 sese
2703 2847 3056 2899 convertens
3107 2839 3179 2900 ad
3215 2839 3622 2918 pmnitentiam

1981 2925 2363 3004 recipiendus
2395 2932 2506 2986 est.

2065 3014 2161 3076 39.
2202 3015 2740 3094 Rebaptizationes,
2766 3023 2827 3077 et
2857 3016 3363 3098 reordinationes,
3392 3027 3452 3082 et
3473 3025 3630 3082 tran-

1984 3102 2276 3166 slationes
2309 3104 2727 3183 episcOporum
2763 3125 2883 3166 non
2916 3106 3085 3168 ﬁunt.

332 3197 412 3272 μ’.
475 3195 814 3267 Κρεσκώνιος
843 3202 937 3252 τοῦ
989 3193 1118 3251 ἰδίου
1166 3193 1297 3252 λαοῦ
1349 3195 1612 3270 ἀποστὰς,
1643 3203 1711 3272 τῇ
1762 3207 1899 3256 Του-

2065 3193 2145 3254 40
2201 3191 2557 3255 Cresconius
2589 3192 2762 3274 plebe
2792 3213 2897 3255 sua
2949 3195 3235 3258 derelicta
3263 3196 3628 3260 Tubiensem

256 3282 447 3362 ϐηκένῃ
506 3283 772 3356 ἐκκλησίᾳ
825 3281 1014 3350 ἐπέϐη.
1096 3288 1195 3342 Καὶ
1261 3283 1374 3341 ἐπεὶ
1444 3284 1902 3353 ἐκκλησιαστικῶς

258 3375 760 3454 καταγγελλόμενος
821 3377 882 3433 οὗ
943 3375 1275 3450 μεθίσταται,
1333 3373 1667 3454 ἀρχοντικῶς
1725 3397 1902 3434 κεκω-

257 3463 441 3525 λόσθω.

331 3543 442 3629 μα’.
503 3545 566 3613 Ὀ
609 3566 730 3617 τοῖς
785 3549 932 3614 ἰδίοις
990 3551 1182 3632 ὄχλοις
1236 3551 1514 3631 ἀρκεῖσθαι
1573 3551 1766 3628 δοκῶν,
1815 3557 1900 3613 καί

255 3649 346 3710 τῆς
404 3641 702 3722 ἀδελφικῆς
760 3642 975 3720 ἀγάπης
1035 3649 1404 3722 κατατρονῶν,
1450 3645 1538 3701 καὶ
1596 3651 1704 3701 τῶν
1758 3643 1898 3703 ἰδίω)

257 3732 587 3814 ἂρχοντικῶς
620 3733 1031 3812 στερηθήσεται.

333 3815 446 3899 μβ’.
496 3826 603 3881 Τὸν
658 3822 1013 3900 Ἐπιγονάτου
1067 3821 1169 3898 ria.
1217 3821 1523 3906 Ἐπιγόνου]
1554 3825 1904 3901 ἀναγνώστην

257 3909 532 3979 Ἰουλιανὸς
613 3912 1003 3992 χειροτονήσας
1070 3909 1308 3977 διάκονος
1355 3911 1468 3992 [γρ.
1515 3911 1802 3995 διάκονον],
1859 3921 1903 3975 εἰ

258 4003 328 4076 μὴ
382 4002 446 4078 τῇ
503 4003 626 4080 πρὶν
683 4001 840 4058 αὐτὸν
896 4000 1134 4073 αὐθεντίᾳ
1195 4004 1544 4080 παραστήσῃ⁹
1602 4005 1662 4062 τὸ
1729 4005 1900 4060 κατά-

259 4112 410 4168 κριμα
444 4096 540 4169 τῆς
579 4111 892 4166 μενοτονιας
923 4087 1380 4160 καταπλουτήσει.

335 4171 452 4258 μγ’.
509 4183 798 4254 Διάκονος,
851 4177 968 4236 οὐδὲ
1013 4179 1326 4257 γράμματος
1383 4177 1782 4262 [γραμματεὺς]
1846 4183 1899 4238 ἐν

265 4275 326 4345 τῇ
351 4271 501 4348 χώρᾴ
544 4271 654 4326 τῶν
697 4268 926 4349 ’Ἄφρων
984 4265 1071 4324 διὰ
1111 4269 1304 4326 σπάνιν
1359 4269 1675 4349 εὒρίσκεταν
1735 4272 1900 4328 πόσον

266 4361 307 4413 οἱ
332 4358 584 4436 ἀνώτεροι
623 4373 640 4431 ;

341 4437 448 4521 μαῖ’.
485 4449 584 4503 Διᾶ
637 4448 738 4514 τὴν
788 4446 1018 4524 ἔνκειαν,
1064 4450 1112 4504 οἱ
1146 4459 1265 4508 τοῖς
1314 4451 1667 4513 Δονατισταίς
1711 4451 1899 4521 νήπιοι

268 4537 653 4612 βαπτισθέντες,
721 4537 766 4592 εἰ
837 4535 1274 4613 μεταμελημένοι
1486 4537 1899 4616 μεταμελούμε-

1983 3282 2196 3345 invasit
2255 3281 2624 3359 Ecclesiam;
2661 3295 2718 3344 et
2750 3284 2887 3365 quia
2939 3285 3341 3348 ecclesiastice
3372 3289 3631 3349 monitus

1985 3392 2104 3434 non
2137 3381 2393 3434 mutatus
2428 3381 2538 3447 est,
2572 3373 2927 3437 auctoritate
2951 3375 3272 3454 judiciaria
3297 3375 3371 3438 ab
3403 3396 3471 3440 ea
3493 3395 3630 3457 pro-

1984 3461 2276 3524 hibeatur.

2065 3553 2160 3615 41.
2225 3551 2332 3623 Qui
2365 3551 2608 3615 sibimet
2668 3561 2835 3634 putat
2893 3553 3096 3634 plebes
3139 3572 3276 3616 suas
3332 3556 3628 3638 sufﬁcere,

1981 3640 2247 3704 fraterna
2280 3642 2600 3703 dilectione
2631 3651 2994 3724 contempta,
3030 3644 3203 3705 etiam
3237 3647 3494 3727 propriis
3523 3666 3632 3727 pu-

1987 3730 2142 3793 blica
2175 3731 2401 3792 carebit
2427 3733 2806 3796 auctoritate.

2065 3821 2161 3882 4‘2.
2202 3821 2508 3898 Epigonati
2534 3821 2816 3883 lectorem
2851 3844 2982 3886 cum
3009 3824 3276 3886 Julianus
3309 3824 3626 3885 diaconum

1986 3910 2364 3975 ordinaverit.
2403 3909 2520 3970 nisi
2580 3929 2739 3992 eum,
2769 3914 3108 3993 priusquam
3165 3914 3235 3975 ad
3269 3914 3323 3972 id
3367 3914 3628 3972 auctori-

1987 4007 2101 4059 tate
2146 3999 2458 4077 ju-Jiciaria
2506 4009 2768 4077 cogatur,
2805 4012 3212 4084 reprzesentet,
3250 4021 3453 4084 pcenas
3502 4020 3626 4065 sua)

1984 4089 2372 4149 contumacia:
2400 4088 2659 4166 augebit.

2061 4177 2163 4238 43.
2208 4175 2524 4253 Diaconus,
2555 4177 2730 4239 etiam
2765 4198 2882 4241 non
2914 4181 3205 4244 litteratus
3233 4181 3294 4242 in
3325 4181 3523 4244 Africa
3555 4180 3629 4242 ob

1985 4267 2289 4328 raritatem
2322 4286 2441 4328 non
2476 4268 2788 4346 invenitur,
2824 4280 3044 4351 quanto
3078 4271 3275 4334 minus
3303 4273 3632 4353 superioris

1984 4356 2203 4434 gradus
2244 4355 2525 4421 ministri.

2070 4447 2165 4509 44.
2221 4445 2474 4525 PrOpter
2529 4446 2972 4524 necessitatem,
3034 4449 3263 4530 parvuli
3312 4449 3412 4529 qui
3471 4450 3630 4529 apud

1984 4532 2316 4598 Donatistas
2347 4535 2616 4615 baptizati
2649 4545 2810 4608 sunt,
2846 4538 2894 4598 si
2929 4539 3339 4618 penitentiam
3366 4539 3622 4618 egerint,

272 4628 393 4703 νοιΙ,
443 4629 531 4684 καὶ
574 4625 862 4688 ἀναθὲματι
919 4627 1019 4694 τὴν
1076 4625 1284 4704 αἵρεσιν
1339 4627 1813 4710 παραπέμποντες,
1859 4632 1899 4688 εἰ

2025 4635 2042 4685 ι
2100 4623 2259 4686 Illam
2313 4626 2587 4686 haeresim
2646 4627 3301 4703 anathematisaverint,
3364 4636 3422 4688 et
3479 4629 3626 4691 alias

273 4714 435 4780 ἄλλως
467 4714 673 4782 ὶπάξιοι
708 4714 846 4785 εἷεν,
882 4717 1416 4796 χειροτονεεσθωσαν.

347 4803 455 4880 με’.
535 4806 613 4864 Τὰ
681 4803 1154 4883 ἰγκαταλείμματα
1227 4806 1330 4862 τῶν
1401 4803 1654 4884 εἰδώλων,
1721 4807 1903 4868 τέλεον

274 4891 706 4973 ἆφανιζέσθωσιν,

345 4974 484 5060 pg".
561 4985 763 5063 Θέατρα
836 4993 1128 5064 Κυριακατς
1197 4986 1286 5042 καὶ
1357 4986 1571 5066 ἑορταῖς
1643 4990 1704 5045 οὗ
1773 5010 1902 5046 συν-

276 5072 452 5151 άγηται
462 5121 478 5138 ,

348 5161 461 5237 μζ’.
517 5164 592 5221 Τὰ
620 5161 681 5220 ix
711 5166 808 5233 τῆς
855 5162 1062 5237 ἑθνικῆς
1092 5161 1270 5228 ἑθάδος
1310 5163 1603 5240 τελούμενα
1631 5166 1708 5223 ἔτι
1759 5188 1901 5244 συμ-

279 5249 447 5326 πόσια,
479 5255 959 5332 παραιρείσθωσαν.

353 5333 464 5416 μη’.
524 5345 583 5402 Οἱ
638 5345 741 5400 ὑπὸ
795 5350 901 5401 τῶν
961 5351 1297 5403 Δοδατιστῶν
1364 5346 1898 5425 κεχειροτονημένοι,

287 5429 324 5484 εἰ
371 5434 452 5490 καὶ
490 5433 560 5503 τῆ
611 5435 832 5510 πέραθεν
903 5431 1102 5507 συνόδῳ
1166 5433 1628 5511 τμεταμελούμενοι
1698 5434 1904 5492 ἀποκέ-

292 5520 513 5588 ιληνταυ
551 5521 670 5580 ἀλλ’
720 5521 846 5580 ius".
902 5525 966 5580 τὸ
1013 5523 1246 5592 σωθῆναι
1301 5540 1502 5589 παντας
1532 5521 1723 5603 καλὸν,
1755 5521 1903 5606 διορ-

293 5609 509 5683 θούμενοι
538 5610 1035 5694 πρωδεχέσθωσαν.

364 5700 463 5776 μθ.
524 5703 578 5758 Εἰ
629 5703 882 5782 μάρτυρες
916 5701 1069 5780 [ἐπεὶ]
1110 5701 1239 5782 ὑπὲρ
1297 5708 1404 5760 τῶν
1453 5700 1767 5762 ἀλλοδαπῶν
1801 5705 1904 5785 οὐχ

1984 4713 2149 4792 digni
2180 4714 2576 4789 inveniantur,
2608 4714 2984 4779 ordinentur.

2066 4805 2164 4866 45.
2205 4802 2506 4866 Idolorum
2530 4803 2798 4885 reliquiae
2827 4804 3064 4885 penitus
3092 4804 3464 4871 aboleantur.

2066 4982 2165 5046 46.
2225 4984 2484 5045 Theatra
2515 4982 2840 5047 Dominicis
2897 4993 2997 5047 aut
3057 4984 3223 5048 festis
3254 4984 3466 5048 diebus
3510 5005 3627 5049 non

1981 5071 2459 5153 frequententur.

2063 5163 2165 5225 4'7.
2229 5160 2372 5234 Quae
2402 5181 2468 5225 ex
2525 5162 2729 5242 gentili
2766 5164 3201 5228 consuetudine
3236 5165 3429 5229 adhuc
3462 5165 3626 5228 cele-

1985 5250 2232 5313 brantur
2263 5251 2553 5333 convivia,
2583 5252 2886 5318 tollantur.

2066 5341 2166 5405 48.
2202 5341 2316 5415 Qui
2345 5360 2379 5404 a
2407 5341 2727 5404 Donatistis
2758 5343 3018 5405 ordinati
3050 5351 3208 5417 sunt,
3245 5343 3479 5405 etiamsi
3507 5361 3627 5423 pce-

1986 5429 2245 5493 nitentes
2275 5449 2309 5494 a
2337 5433 2592 5495 concilio
2626 5432 3020 5494 transmarino
3055 5431 3279 5494 exclusi
3310 5437 3448 5507 sint,
3475 5434 3622 5495 reci-

1989 5521 2246 5601 piantur,
2281 5521 2332 5584 si
2380 5540 2447 5584 se
2477 5527 2774 5601 corrigam
2802 5543 2816 5580 :
2874 5539 3007 5584 cum
3039 5520 3261 5584 bonum
3295 5521 3371 5584 sit
3418 5541 3630 5587 omnes

1987 5609 2222 5672 salvari.

2067 5699 2168 5763 49.
2227 5701 2290 5764 Si
2314 5709 2497 5765 testes
2527 5718 2644 5764 non
2693 5699 3069 5766 inveniantur
3098 5699 3199 5783 qui
3235 5717 3450 5785 parvus
3480 5702 3631 5766 alie-
