  <div class='ocr_page' id='page_1' title='image "/cluster/home/n/w/nwhite01/storage/ocr_20150623/114/hvd.32044073502254/141.png"; bbox 0 0 4128 6198; ppageno 0'>
   <div class='ocr_carea' id='block_1_1' title="bbox 443 371 551 436">
    <p class='ocr_par' dir='ltr' id='par_1_1' title="bbox 443 371 551 436">
     <span class='ocr_line' id='line_1_1' title="bbox 443 371 551 436; baseline 0 0"><span class='ocrx_word' id='word_1_1' title='bbox 443 371 551 436; x_wconf 81' lang='grc'><strong>271</strong></span> 
     </span>
    </p>
   </div>
   <div class='ocr_carea' id='block_1_2' title="bbox 1589 353 2646 435">
    <p class='ocr_par' dir='ltr' id='par_1_2' title="bbox 1589 353 2646 435">
     <span class='ocr_line' id='line_1_2' title="bbox 1589 353 2646 435; baseline 0.002 -5"><span class='ocrx_word' id='word_1_2' title='bbox 1589 366 1973 430; x_wconf 88' lang='lat' dir='ltr'><strong>SYMEONIS</strong></span> <span class='ocrx_word' id='word_1_3' title='bbox 2035 353 2646 435; x_wconf 64' lang='lat' dir='ltr'><strong>METAPHRASTE.</strong></span> 
     </span>
    </p>
   </div>
   <div class='ocr_carea' id='block_1_3' title="bbox 3684 371 3801 440">
    <p class='ocr_par' dir='ltr' id='par_1_3' title="bbox 3684 371 3801 440">
     <span class='ocr_line' id='line_1_3' title="bbox 3684 371 3801 440; baseline 0 0"><span class='ocrx_word' id='word_1_4' title='bbox 3684 371 3801 440; x_wconf 79' lang='lat'><strong>272</strong></span> 
     </span>
    </p>
   </div>
   <div class='ocr_carea' id='block_1_4' title="bbox 437 500 2045 585">
    <p class='ocr_par' dir='ltr' id='par_1_4' title="bbox 437 500 2043 585">
     <span class='ocr_line' id='line_1_4' title="bbox 437 500 2043 585; baseline -0.002 -19"><span class='ocrx_word' id='word_1_5' title='bbox 437 506 684 583; x_wconf 83' lang='lat' dir='ltr'><strong>nigenas</strong></span> <span class='ocrx_word' id='word_1_6' title='bbox 733 503 1060 585; x_wconf 80' lang='lat' dir='ltr'><strong>baptizatos</strong></span> <span class='ocrx_word' id='word_1_7' title='bbox 1108 517 1244 563; x_wconf 88' lang='lat' dir='ltr'><strong>esse</strong></span> <span class='ocrx_word' id='word_1_8' title='bbox 1294 500 1611 574; x_wconf 77' lang='lat' dir='ltr'><strong>testentur,</strong></span> <span class='ocrx_word' id='word_1_9' title='bbox 1675 517 1786 562; x_wconf 90' lang='lat' dir='ltr'><strong>nec</strong></span> <span class='ocrx_word' id='word_1_10' title='bbox 1842 501 1954 582; x_wconf 90' lang='lat' dir='ltr'><strong>ipsi</strong></span> <span class='ocrx_word' id='word_1_11' title='bbox 2018 521 2043 564; x_wconf 90' lang='lat' dir='ltr'><strong>s</strong></span> 
     </span>
    </p>
   </div>
   <div class='ocr_carea' id='block_1_5' title="bbox 2176 500 3797 585">
    <p class='ocr_par' dir='ltr' id='par_1_5' title="bbox 2176 504 3797 584">
     <span class='ocr_line' id='line_1_5' title="bbox 2176 504 3797 584; baseline 0.006 -26"><span class='ocrx_word' id='word_1_12' title='bbox 2176 504 2492 581; x_wconf 76' lang='grc' dir='ltr'>εὑρίσκονται</span> <span class='ocrx_word' id='word_1_13' title='bbox 2550 511 2753 574; x_wconf 89' lang='grc' dir='ltr'>νηπίων</span> <span class='ocrx_word' id='word_1_14' title='bbox 2795 508 2873 563; x_wconf 76' lang='grc' dir='ltr'><strong>ὅτι</strong></span> <span class='ocrx_word' id='word_1_15' title='bbox 2928 507 3302 584; x_wconf 81' lang='grc' dir='ltr'>βεϐάπττσται,</span> <span class='ocrx_word' id='word_1_16' title='bbox 3340 510 3452 566; x_wconf 67' lang='grc' dir='ltr'>οὐδὲ</span> <span class='ocrx_word' id='word_1_17' title='bbox 3487 513 3618 570; x_wconf 78' lang='grc' dir='ltr'>αὐτὰ</span> <span class='ocrx_word' id='word_1_18' title='bbox 3657 515 3797 568; x_wconf 57' lang='grc' dir='ltr'>ἔπι-</span> 
     </span>
    </p>
   </div>
   <div class='ocr_carea' id='block_1_6' title="bbox 437 587 1925 674">
    <p class='ocr_par' dir='ltr' id='par_1_6' title="bbox 437 587 1925 674">
     <span class='ocr_line' id='line_1_6' title="bbox 437 587 1925 674; baseline -0.002 -19"><span class='ocrx_word' id='word_1_19' title='bbox 437 592 732 674; x_wconf 85' lang='lat' dir='ltr'><strong>baptisma</strong></span> <span class='ocrx_word' id='word_1_20' title='bbox 761 597 1068 672; x_wconf 86' lang='lat' dir='ltr'><strong>accepisse</strong></span> <span class='ocrx_word' id='word_1_21' title='bbox 1099 588 1504 665; x_wconf 76' lang='lat' dir='ltr'><strong>meminerint,</strong></span> <span class='ocrx_word' id='word_1_22' title='bbox 1528 587 1925 666; x_wconf 87' lang='lat' dir='ltr'><strong>baptizentur.</strong></span> 
     </span>
    </p>
   </div>
   <div class='ocr_carea' id='block_1_7' title="bbox 513 677 2075 762">
    <p class='ocr_par' dir='ltr' id='par_1_7' title="bbox 513 677 2075 762">
     <span class='ocr_line' id='line_1_7' title="bbox 513 677 2075 762; baseline -0.002 -18"><span class='ocrx_word' id='word_1_23' title='bbox 513 684 612 745; x_wconf 82' lang='lat'><strong>58.</strong></span> <span class='ocrx_word' id='word_1_24' title='bbox 667 681 742 748; x_wconf 92' lang='lat' dir='ltr'><strong>Ut</strong></span> <span class='ocrx_word' id='word_1_25' title='bbox 771 683 1090 762; x_wconf 86' lang='lat' dir='ltr'><strong>episcopus</strong></span> <span class='ocrx_word' id='word_1_26' title='bbox 1119 697 1237 741; x_wconf 88' lang='lat' dir='ltr'><strong>non</strong></span> <span class='ocrx_word' id='word_1_27' title='bbox 1297 677 1592 760; x_wconf 80' lang='lat' dir='ltr'><strong>turbetur,</strong></span> <span class='ocrx_word' id='word_1_28' title='bbox 1625 679 1821 742; x_wconf 89' lang='lat' dir='ltr'><strong>adsint</strong></span> <span class='ocrx_word' id='word_1_29' title='bbox 1863 679 2075 743; x_wconf 91' lang='lat' dir='ltr'><strong>defen-</strong></span> 
     </span>
    </p>
   </div>
   <div class='ocr_carea' id='block_1_8' title="bbox 434 792 621 837">
    <p class='ocr_par' dir='ltr' id='par_1_8' title="bbox 434 792 621 837">
     <span class='ocr_line' id='line_1_8' title="bbox 434 792 621 837; baseline -0.011 -1"><span class='ocrx_word' id='word_1_30' title='bbox 434 792 621 837; x_wconf 69' lang='lat' dir='ltr'><strong>SOPBS.</strong></span> 
     </span>
    </p>
   </div>
   <div class='ocr_carea' id='block_1_9' title="bbox 514 857 2074 925">
    <p class='ocr_par' dir='ltr' id='par_1_9' title="bbox 514 857 2074 925">
     <span class='ocr_line' id='line_1_9' title="bbox 514 857 2074 925; baseline -0.003 0"><span class='ocrx_word' id='word_1_31' title='bbox 514 864 612 925; x_wconf 83' lang='grc'><strong>51.</strong></span> <span class='ocrx_word' id='word_1_32' title='bbox 676 861 942 924; x_wconf 83' lang='lat' dir='ltr'><strong>Clericus</strong></span> <span class='ocrx_word' id='word_1_33' title='bbox 975 857 1228 921; x_wconf 86' lang='lat' dir='ltr'><strong>crimine</strong></span> <span class='ocrx_word' id='word_1_34' title='bbox 1273 862 1578 922; x_wconf 87' lang='lat' dir='ltr'><strong>convictus</strong></span> <span class='ocrx_word' id='word_1_35' title='bbox 1606 859 1656 920; x_wconf 90' lang='lat' dir='ltr'><strong>si</strong></span> <span class='ocrx_word' id='word_1_36' title='bbox 1705 859 1918 922; x_wconf 84' lang='lat' dir='ltr'><strong>adesse</strong></span> <span class='ocrx_word' id='word_1_37' title='bbox 1948 877 2074 921; x_wconf 69' lang='lat' dir='ltr'><strong>suae</strong></span> 
     </span>
    </p>
   </div>
   <div class='ocr_carea' id='block_1_10' title="bbox 434 948 2065 1022">
    <p class='ocr_par' dir='ltr' id='par_1_10' title="bbox 434 948 2065 1022">
     <span class='ocr_line' id='line_1_10' title="bbox 434 948 2065 1022; baseline -0.004 -6"><span class='ocrx_word' id='word_1_38' title='bbox 434 971 632 1016; x_wconf 81' lang='lat' dir='ltr'><strong>causae</strong></span> <span class='ocrx_word' id='word_1_39' title='bbox 652 951 807 1014; x_wconf 85' lang='lat' dir='ltr'><strong>velle</strong></span> <span class='ocrx_word' id='word_1_40' title='bbox 829 949 1006 1022; x_wconf 88' lang='lat' dir='ltr'><strong>dicat,</strong></span> <span class='ocrx_word' id='word_1_41' title='bbox 1029 952 1186 1009; x_wconf 86' lang='lat' dir='ltr'><strong>intra</strong></span> <span class='ocrx_word' id='word_1_42' title='bbox 1216 964 1442 1008; x_wconf 88' lang='lat' dir='ltr'><strong>annum</strong></span> <span class='ocrx_word' id='word_1_43' title='bbox 1475 964 1711 1010; x_wconf 86' lang='lat' dir='ltr'><strong>causam</strong></span> <span class='ocrx_word' id='word_1_44' title='bbox 1739 948 2020 1011; x_wconf 89' lang='lat' dir='ltr'><strong>defendat</strong></span> <span class='ocrx_word' id='word_1_45' title='bbox 2052 967 2065 1011; x_wconf 94' lang='lat'>:</span> 
     </span>
    </p>
   </div>
   <div class='ocr_carea' id='block_1_11' title="bbox 433 1036 1356 1124">
    <p class='ocr_par' dir='ltr' id='par_1_11' title="bbox 433 1036 1356 1124">
     <span class='ocr_line' id='line_1_11' title="bbox 433 1036 1356 1124; baseline -0.008 -19"><span class='ocrx_word' id='word_1_46' title='bbox 433 1052 636 1124; x_wconf 89' lang='lat' dir='ltr'><strong>postea</strong></span> <span class='ocrx_word' id='word_1_47' title='bbox 665 1059 804 1104; x_wconf 90' lang='lat' dir='ltr'><strong>vero</strong></span> <span class='ocrx_word' id='word_1_48' title='bbox 835 1057 953 1101; x_wconf 90' lang='lat' dir='ltr'><strong>non</strong></span> <span class='ocrx_word' id='word_1_49' title='bbox 985 1036 1356 1099; x_wconf 83' lang='lat' dir='ltr'><strong>admittatur.</strong></span> 
     </span>
    </p>
   </div>
   <div class='ocr_carea' id='block_1_12' title="bbox 509 1125 2063 1210">
    <p class='ocr_par' dir='ltr' id='par_1_12' title="bbox 509 1125 2063 1210">
     <span class='ocr_line' id='line_1_12' title="bbox 509 1125 2063 1210; baseline -0.006 -16"><span class='ocrx_word' id='word_1_50' title='bbox 509 1135 609 1196; x_wconf 71' lang='lat'><strong>52.</strong></span> <span class='ocrx_word' id='word_1_51' title='bbox 645 1131 756 1204; x_wconf 88' lang='lat' dir='ltr'><strong>Qui</strong></span> <span class='ocrx_word' id='word_1_52' title='bbox 776 1129 1034 1210; x_wconf 85' lang='lat' dir='ltr'><strong>aliquem</strong></span> <span class='ocrx_word' id='word_1_53' title='bbox 1065 1127 1142 1189; x_wconf 88' lang='lat' dir='ltr'><strong>de</strong></span> <span class='ocrx_word' id='word_1_54' title='bbox 1174 1127 1369 1189; x_wconf 87' lang='lat' dir='ltr'><strong>alieno</strong></span> <span class='ocrx_word' id='word_1_55' title='bbox 1400 1128 1761 1189; x_wconf 88' lang='lat' dir='ltr'><strong>monasterio</strong></span> <span class='ocrx_word' id='word_1_56' title='bbox 1793 1125 2063 1207; x_wconf 84' lang='lat' dir='ltr'><strong>suscipit,</strong></span> 
     </span>
    </p>
   </div>
   <div class='ocr_carea' id='block_1_13' title="bbox 429 1214 2062 1298">
    <p class='ocr_par' dir='ltr' id='par_1_13' title="bbox 429 1214 2062 1298">
     <span class='ocr_line' id='line_1_13' title="bbox 429 1214 2062 1298; baseline -0.005 -14"><span class='ocrx_word' id='word_1_57' title='bbox 429 1231 488 1285; x_wconf 90' lang='lat' dir='ltr'><strong>et</strong></span> <span class='ocrx_word' id='word_1_58' title='bbox 534 1222 608 1283; x_wconf 85' lang='lat' dir='ltr'><strong>ad</strong></span> <span class='ocrx_word' id='word_1_59' title='bbox 641 1221 985 1284; x_wconf 85' lang='lat' dir='ltr'><strong>clericatum</strong></span> <span class='ocrx_word' id='word_1_60' title='bbox 1045 1224 1372 1298; x_wconf 81' lang='lat' dir='ltr'><strong>promovet,</strong></span> <span class='ocrx_word' id='word_1_61' title='bbox 1406 1216 1498 1278; x_wconf 87' lang='lat' dir='ltr'><strong>vel</strong></span> <span class='ocrx_word' id='word_1_62' title='bbox 1551 1233 1658 1278; x_wconf 89' lang='lat' dir='ltr'><strong>suo</strong></span> <span class='ocrx_word' id='word_1_63' title='bbox 1701 1214 2062 1278; x_wconf 87' lang='lat' dir='ltr'><strong>monasterio</strong></span> 
     </span>
    </p>
   </div>
   <div class='ocr_carea' id='block_1_14' title="bbox 423 1304 1645 1391">
    <p class='ocr_par' dir='ltr' id='par_1_14' title="bbox 423 1304 1645 1391">
     <span class='ocr_line' id='line_1_14' title="bbox 423 1304 1645 1391; baseline -0.004 -19"><span class='ocrx_word' id='word_1_64' title='bbox 423 1311 696 1391; x_wconf 68' lang='lat' dir='ltr'><strong>praeﬁcit,</strong></span> <span class='ocrx_word' id='word_1_65' title='bbox 733 1310 847 1373; x_wconf 92' lang='lat' dir='ltr'><strong>erit</strong></span> <span class='ocrx_word' id='word_1_66' title='bbox 873 1326 906 1371; x_wconf 86' lang='lat' dir='ltr'><strong>a</strong></span> <span class='ocrx_word' id='word_1_67' title='bbox 936 1306 1360 1370; x_wconf 89' lang='lat' dir='ltr'><strong>communione</strong></span> <span class='ocrx_word' id='word_1_68' title='bbox 1389 1304 1645 1368; x_wconf 88' lang='lat' dir='ltr'><strong>alienus.</strong></span> 
     </span>
    </p>
   </div>
   <div class='ocr_carea' id='block_1_15' title="bbox 505 1392 2058 1480">
    <p class='ocr_par' dir='ltr' id='par_1_15' title="bbox 505 1392 2058 1480">
     <span class='ocr_line' id='line_1_15' title="bbox 505 1392 2058 1480; baseline -0.008 -16"><span class='ocrx_word' id='word_1_69' title='bbox 505 1401 601 1464; x_wconf 90' lang='lat'><strong>53.</strong></span> <span class='ocrx_word' id='word_1_70' title='bbox 639 1399 971 1480; x_wconf 78' lang='lat' dir='ltr'><strong>Episcopus</strong></span> <span class='ocrx_word' id='word_1_71' title='bbox 1000 1397 1100 1478; x_wconf 89' lang='lat' dir='ltr'><strong>qui</strong></span> <span class='ocrx_word' id='word_1_72' title='bbox 1129 1393 1441 1457; x_wconf 67' lang='lat' dir='ltr'><strong>haereticos</strong></span> <span class='ocrx_word' id='word_1_73' title='bbox 1471 1395 1561 1456; x_wconf 85' lang='lat' dir='ltr'><strong>vel</strong></span> <span class='ocrx_word' id='word_1_74' title='bbox 1584 1393 1855 1456; x_wconf 89' lang='lat' dir='ltr'><strong>ethnicos</strong></span> <span class='ocrx_word' id='word_1_75' title='bbox 1906 1392 2058 1454; x_wconf 90' lang='lat' dir='ltr'><strong>scri-</strong></span> 
     </span>
    </p>
   </div>
   <div class='ocr_carea' id='block_1_16' title="bbox 420 1485 1305 1566">
    <p class='ocr_par' dir='ltr' id='par_1_16' title="bbox 420 1485 1305 1566">
     <span class='ocr_line' id='line_1_16' title="bbox 420 1485 1305 1566; baseline -0.009 -14"><span class='ocrx_word' id='word_1_76' title='bbox 420 1488 507 1551; x_wconf 86' lang='lat' dir='ltr'><strong>bit</strong></span> <span class='ocrx_word' id='word_1_77' title='bbox 536 1490 828 1566; x_wconf 79' lang='lat' dir='ltr'><strong>haeredes,</strong></span> <span class='ocrx_word' id='word_1_78' title='bbox 861 1488 1173 1550; x_wconf 81' lang='lat' dir='ltr'><strong>anathema</strong></span> <span class='ocrx_word' id='word_1_79' title='bbox 1206 1485 1305 1547; x_wconf 88' lang='lat' dir='ltr'><strong>sit.</strong></span> 
     </span>
    </p>
   </div>
   <div class='ocr_carea' id='block_1_17' title="bbox 507 1571 2068 1659">
    <p class='ocr_par' dir='ltr' id='par_1_17' title="bbox 507 1571 2068 1659">
     <span class='ocr_line' id='line_1_17' title="bbox 507 1571 2068 1659; baseline -0.004 -19"><span class='ocrx_word' id='word_1_80' title='bbox 507 1579 606 1643; x_wconf 78' lang='grc'><strong>54.</strong></span> <span class='ocrx_word' id='word_1_81' title='bbox 661 1577 888 1642; x_wconf 84' lang='lat' dir='ltr'><strong>Altaria</strong></span> <span class='ocrx_word' id='word_1_82' title='bbox 917 1594 1051 1659; x_wconf 69' lang='lat' dir='ltr'><strong>quae</strong></span> <span class='ocrx_word' id='word_1_83' title='bbox 1099 1575 1161 1637; x_wconf 93' lang='lat' dir='ltr'><strong>in</strong></span> <span class='ocrx_word' id='word_1_84' title='bbox 1191 1574 1350 1654; x_wconf 83' lang='lat' dir='ltr'><strong>agris</strong></span> <span class='ocrx_word' id='word_1_85' title='bbox 1398 1580 1499 1634; x_wconf 88' lang='lat' dir='ltr'><strong>aut</strong></span> <span class='ocrx_word' id='word_1_86' title='bbox 1531 1571 1722 1634; x_wconf 91' lang='lat' dir='ltr'><strong>vineis</strong></span> <span class='ocrx_word' id='word_1_87' title='bbox 1770 1578 2068 1633; x_wconf 80' lang='lat' dir='ltr'><strong>exstructa</strong></span> 
     </span>
    </p>
   </div>
   <div class='ocr_carea' id='block_1_18' title="bbox 2161 591 2972 670">
    <p class='ocr_par' dir='ltr' id='par_1_18' title="bbox 2161 591 2972 670">
     <span class='ocr_line' id='line_1_18' title="bbox 2161 591 2972 670; baseline 0.005 -24"><span class='ocrx_word' id='word_1_88' title='bbox 2161 591 2482 667; x_wconf 74' lang='grc' dir='ltr'>μέμνηνται,</span> <span class='ocrx_word' id='word_1_89' title='bbox 2519 596 2972 670; x_wconf 82' lang='grc' dir='ltr'>βαπτιζέσθωσαν,</span> 
     </span>
    </p>
   </div>
   <div class='ocr_carea' id='block_1_19' title="bbox 2241 680 3799 768">
    <p class='ocr_par' dir='ltr' id='par_1_19' title="bbox 2241 680 3799 768">
     <span class='ocr_line' id='line_1_19' title="bbox 2241 680 3799 768; baseline 0.006 -33"><span class='ocrx_word' id='word_1_90' title='bbox 2241 680 2310 744; x_wconf 88' lang='grc' dir='ltr'>ν’,</span> <span class='ocrx_word' id='word_1_91' title='bbox 2373 683 2491 740; x_wconf 77' lang='grc' dir='ltr'>Ἵνα</span> <span class='ocrx_word' id='word_1_92' title='bbox 2541 685 2620 756; x_wconf 75' lang='grc' dir='ltr'>μὴ</span> <span class='ocrx_word' id='word_1_93' title='bbox 2679 688 2706 740; x_wconf 81' lang='grc' dir='ltr'><strong>ο</strong></span> <span class='ocrx_word' id='word_1_94' title='bbox 2760 685 3044 751; x_wconf 71' lang='grc' dir='ltr'>ἕπίσιιοπος</span> <span class='ocrx_word' id='word_1_95' title='bbox 3103 686 3530 768; x_wconf 78' lang='grc' dir='ltr'>παρενοχλῆται,</span> <span class='ocrx_word' id='word_1_96' title='bbox 3568 687 3799 747; x_wconf 78' lang='grc' dir='ltr'>ἔστωσαν</span> 
     </span>
    </p>
   </div>
   <div class='ocr_carea' id='block_1_20' title="bbox 2159 769 2378 831">
    <p class='ocr_par' dir='ltr' id='par_1_20' title="bbox 2159 769 2378 831">
     <span class='ocr_line' id='line_1_20' title="bbox 2159 769 2378 831; baseline 0.023 -5"><span class='ocrx_word' id='word_1_97' title='bbox 2159 769 2378 831; x_wconf 78' lang='grc' dir='ltr'><strong>ἔκδικοι.</strong></span> 
     </span>
    </p>
   </div>
   <div class='ocr_carea' id='block_1_21' title="bbox 2238 858 3800 944">
    <p class='ocr_par' dir='ltr' id='par_1_21' title="bbox 2238 858 3800 944">
     <span class='ocr_line' id='line_1_21' title="bbox 2238 858 3800 944; baseline 0.004 -28"><span class='ocrx_word' id='word_1_98' title='bbox 2238 859 2346 920; x_wconf 86' lang='grc' dir='ltr'>να’.</span> <span class='ocrx_word' id='word_1_99' title='bbox 2419 858 2813 940; x_wconf 71' lang='grc' dir='ltr'>Ἐλεγγόμενος</span> <span class='ocrx_word' id='word_1_100' title='bbox 2869 863 3124 944; x_wconf 81' lang='grc' dir='ltr'>κληρικὸς</span> <span class='ocrx_word' id='word_1_101' title='bbox 3184 865 3272 922; x_wconf 79' lang='grc' dir='ltr'><strong>ἐπ’</strong></span> <span class='ocrx_word' id='word_1_102' title='bbox 3328 865 3649 944; x_wconf 64' lang='grc' dir='ltr'>ἐγκλήματι,</span> <span class='ocrx_word' id='word_1_103' title='bbox 3709 867 3800 925; x_wconf 78' lang='grc' dir='ltr'>ἐὰν</span> 
     </span>
    </p>
   </div>
   <div class='ocr_carea' id='block_1_22' title="bbox 2155 948 3794 1034">
    <p class='ocr_par' dir='ltr' id='par_1_22' title="bbox 2155 948 3794 1034">
     <span class='ocr_line' id='line_1_22' title="bbox 2155 948 3794 1034; baseline 0.005 -29"><span class='ocrx_word' id='word_1_104' title='bbox 2155 948 2581 1028; x_wconf 72' lang='grc' dir='ltr'>ἑπαγωνίσασθαι</span> <span class='ocrx_word' id='word_1_105' title='bbox 2659 949 2831 1031; x_wconf 82' lang='grc' dir='ltr'><strong>λέγοι,</strong></span> <span class='ocrx_word' id='word_1_106' title='bbox 2905 955 3053 1018; x_wconf 74' lang='grc' dir='ltr'>ἐντὸς</span> <span class='ocrx_word' id='word_1_107' title='bbox 3142 955 3380 1013; x_wconf 74' lang='grc' dir='ltr'><strong>ἐνιαυτοῦ</strong></span> <span class='ocrx_word' id='word_1_108' title='bbox 3462 956 3794 1034; x_wconf 79' lang='grc' dir='ltr'>ἀγωνίζοιτο.</span> 
     </span>
    </p>
   </div>
   <div class='ocr_carea' id='block_1_23' title="bbox 2154 1039 3174 1120">
    <p class='ocr_par' dir='ltr' id='par_1_23' title="bbox 2154 1039 3174 1120">
     <span class='ocr_line' id='line_1_23' title="bbox 2154 1039 3174 1120; baseline 0.006 -26"><span class='ocrx_word' id='word_1_109' title='bbox 2154 1041 2301 1095; x_wconf 82' lang='grc' dir='ltr'><strong>Μετὰ</strong></span> <span class='ocrx_word' id='word_1_110' title='bbox 2333 1039 2385 1094; x_wconf 81' lang='grc' dir='ltr'><strong>δὲ</strong></span> <span class='ocrx_word' id='word_1_111' title='bbox 2417 1050 2592 1113; x_wconf 79' lang='grc' dir='ltr'>τοῦτο,</span> <span class='ocrx_word' id='word_1_112' title='bbox 2627 1041 2763 1096; x_wconf 79' lang='grc' dir='ltr'>ἔστω</span> <span class='ocrx_word' id='word_1_113' title='bbox 2794 1041 3174 1120; x_wconf 78' lang='grc' dir='ltr'>ἆπρόσδεκτος.</span> 
     </span>
    </p>
   </div>
   <div class='ocr_carea' id='block_1_24' title="bbox 2241 1119 3790 1213">
    <p class='ocr_par' dir='ltr' id='par_1_24' title="bbox 2241 1119 3790 1213">
     <span class='ocr_line' id='line_1_24' title="bbox 2241 1119 3790 1213; baseline 0.005 -31"><span class='ocrx_word' id='word_1_114' title='bbox 2241 1128 2345 1204; x_wconf 84' lang='grc' dir='ltr'>νβ’,</span> <span class='ocrx_word' id='word_1_115' title='bbox 2405 1119 2464 1186; x_wconf 77' lang='grc' dir='ltr'>Ὀ</span> <span class='ocrx_word' id='word_1_116' title='bbox 2521 1128 2572 1193; x_wconf 74' lang='grc' dir='ltr'>ἐξ</span> <span class='ocrx_word' id='word_1_117' title='bbox 2617 1119 2896 1207; x_wconf 80' lang='grc' dir='ltr'>ἀλλοτρίας</span> <span class='ocrx_word' id='word_1_118' title='bbox 2933 1132 3051 1188; x_wconf 65' lang='grc' dir='ltr'>τινὰ</span> <span class='ocrx_word' id='word_1_119' title='bbox 3111 1138 3283 1206; x_wconf 79' lang='grc' dir='ltr'>μονῆς</span> <span class='ocrx_word' id='word_1_120' title='bbox 3341 1132 3790 1213; x_wconf 74' lang='grc' dir='ltr'>προσδεχόμενος,</span> 
     </span>
    </p>
   </div>
   <div class='ocr_carea' id='block_1_25' title="bbox 2149 1217 3790 1299">
    <p class='ocr_par' dir='ltr' id='par_1_25' title="bbox 2149 1217 3790 1299">
     <span class='ocr_line' id='line_1_25' title="bbox 2149 1217 3790 1299; baseline 0.002 -25"><span class='ocrx_word' id='word_1_121' title='bbox 2149 1218 2232 1274; x_wconf 80' lang='grc' dir='ltr'><strong>καὶ</strong></span> <span class='ocrx_word' id='word_1_122' title='bbox 2289 1217 2492 1294; x_wconf 82' lang='grc' dir='ltr'>ένάγων</span> <span class='ocrx_word' id='word_1_123' title='bbox 2525 1219 2623 1286; x_wconf 77' lang='grc' dir='ltr'><strong>τὴν</strong></span> <span class='ocrx_word' id='word_1_124' title='bbox 2677 1220 3107 1299; x_wconf 70' lang='grc' dir='ltr'>προσκλήρωσιν,</span> <span class='ocrx_word' id='word_1_125' title='bbox 3140 1222 3177 1290; x_wconf 71' lang='grc' dir='ltr'>ἢ</span> <span class='ocrx_word' id='word_1_126' title='bbox 3237 1228 3336 1290; x_wconf 72' lang='grc' dir='ltr'>τῆς</span> <span class='ocrx_word' id='word_1_127' title='bbox 3368 1225 3562 1287; x_wconf 71' lang='grc' dir='ltr'>οἰκείας</span> <span class='ocrx_word' id='word_1_128' title='bbox 3621 1229 3790 1297; x_wconf 80' lang='grc' dir='ltr'>μονῆς</span> 
     </span>
    </p>
   </div>
   <div class='ocr_carea' id='block_1_26' title="bbox 2144 1307 3135 1386">
    <p class='ocr_par' dir='ltr' id='par_1_26' title="bbox 2144 1307 3135 1386">
     <span class='ocr_line' id='line_1_26' title="bbox 2144 1307 3135 1386; baseline 0.006 -26"><span class='ocrx_word' id='word_1_129' title='bbox 2144 1307 2458 1386; x_wconf 83' lang='grc' dir='ltr'>ἡγεμονίαν,</span> <span class='ocrx_word' id='word_1_130' title='bbox 2495 1307 2596 1373; x_wconf 76' lang='grc' dir='ltr'>ἔξει</span> <span class='ocrx_word' id='word_1_131' title='bbox 2639 1310 2702 1365; x_wconf 79' lang='grc' dir='ltr'>τὸ</span> <span class='ocrx_word' id='word_1_132' title='bbox 2733 1311 3135 1378; x_wconf 82' lang='grc' dir='ltr'>ἂκοινώνητων.</span> 
     </span>
    </p>
   </div>
   <div class='ocr_carea' id='block_1_27' title="bbox 2223 1384 3791 1481">
    <p class='ocr_par' dir='ltr' id='par_1_27' title="bbox 2223 1384 3791 1481">
     <span class='ocr_line' id='line_1_27' title="bbox 2223 1384 3791 1481; baseline 0.008 -31"><span class='ocrx_word' id='word_1_133' title='bbox 2223 1396 2328 1474; x_wconf 88' lang='grc' dir='ltr'>νγ’,</span> <span class='ocrx_word' id='word_1_134' title='bbox 2362 1384 2688 1464; x_wconf 80' lang='grc' dir='ltr'>Ἐπίσκοπος</span> <span class='ocrx_word' id='word_1_135' title='bbox 2718 1401 3010 1479; x_wconf 77' lang='grc' dir='ltr'>αἱρετικοὺς</span> <span class='ocrx_word' id='word_1_136' title='bbox 3060 1401 3095 1468; x_wconf 73' lang='grc' dir='ltr'>ἢ</span> <span class='ocrx_word' id='word_1_137' title='bbox 3127 1384 3394 1470; x_wconf 45' lang='grc' dir='ltr'>’.Ελληνας</span> <span class='ocrx_word' id='word_1_138' title='bbox 3425 1403 3791 1481; x_wconf 80' lang='grc' dir='ltr'>κληρονομους</span> 
     </span>
    </p>
   </div>
   <div class='ocr_carea' id='block_1_28' title="bbox 2145 1486 2856 1566">
    <p class='ocr_par' dir='ltr' id='par_1_28' title="bbox 2145 1486 2856 1566">
     <span class='ocr_line' id='line_1_28' title="bbox 2145 1486 2856 1566; baseline 0.007 -26"><span class='ocrx_word' id='word_1_139' title='bbox 2145 1486 2383 1566; x_wconf 78' lang='grc' dir='ltr'>γράφων,</span> <span class='ocrx_word' id='word_1_140' title='bbox 2417 1489 2471 1542; x_wconf 66' lang='lat' dir='ltr'><strong>ha</strong></span> <span class='ocrx_word' id='word_1_141' title='bbox 2480 1509 2554 1542; x_wconf 91' lang='grc' dir='ltr'><strong>τω</strong></span> <span class='ocrx_word' id='word_1_142' title='bbox 2597 1488 2856 1564; x_wconf 74' lang='grc' dir='ltr'>ἀνάθεμα.</span> 
     </span>
    </p>
   </div>
   <div class='ocr_carea' id='block_1_29' title="bbox 2227 1572 3789 1657">
    <p class='ocr_par' dir='ltr' id='par_1_29' title="bbox 2227 1572 3789 1657">
     <span class='ocr_line' id='line_1_29' title="bbox 2227 1572 3789 1657; baseline 0.006 -28"><span class='ocrx_word' id='word_1_143' title='bbox 2227 1572 2326 1638; x_wconf 90' lang='grc' dir='ltr'>νδ’,</span> <span class='ocrx_word' id='word_1_144' title='bbox 2390 1579 2745 1655; x_wconf 68' lang='grc' dir='ltr'>Θυσιαστῆρια</span> <span class='ocrx_word' id='word_1_145' title='bbox 2773 1579 2826 1634; x_wconf 71' lang='grc' dir='ltr'>ἓν</span> <span class='ocrx_word' id='word_1_146' title='bbox 2877 1579 3064 1656; x_wconf 74' lang='grc' dir='ltr'>ἀγροῖς</span> <span class='ocrx_word' id='word_1_147' title='bbox 3122 1581 3158 1647; x_wconf 73' lang='grc' dir='ltr'>ἦ</span> <span class='ocrx_word' id='word_1_148' title='bbox 3200 1580 3481 1657; x_wconf 79' lang='grc' dir='ltr'>ἀμπελῶσι</span> <span class='ocrx_word' id='word_1_149' title='bbox 3540 1582 3789 1638; x_wconf 79' lang='grc' dir='ltr'>συνιστάο</span> 
     </span>
    </p>
   </div>
   <div class='ocr_carea' id='block_1_30' title="bbox 418 1661 2045 1752">
    <p class='ocr_par' dir='ltr' id='par_1_30' title="bbox 418 1661 2041 1752">
     <span class='ocr_line' id='line_1_30' title="bbox 418 1661 2041 1752; baseline -0.006 -21"><span class='ocrx_word' id='word_1_150' title='bbox 418 1669 635 1731; x_wconf 89' lang='lat' dir='ltr'><strong>suntin</strong></span> <span class='ocrx_word' id='word_1_151' title='bbox 655 1667 870 1750; x_wconf 89' lang='lat' dir='ltr'><strong>quibus</strong></span> <span class='ocrx_word' id='word_1_152' title='bbox 910 1665 1185 1746; x_wconf 65' lang='lat' dir='ltr'><strong>reliquis;</strong></span> <span class='ocrx_word' id='word_1_153' title='bbox 1207 1661 1757 1752; x_wconf 79' lang='lat' dir='ltr'><strong>alicujusmartyris</strong></span> <span class='ocrx_word' id='word_1_154' title='bbox 1788 1680 1906 1722; x_wconf 92' lang='lat' dir='ltr'><strong>non</strong></span> <span class='ocrx_word' id='word_1_155' title='bbox 1929 1679 2041 1723; x_wconf 81' lang='lat' dir='ltr'><strong>sun</strong></span> 
     </span>
    </p>
   </div>
   <div class='ocr_carea' id='block_1_31' title="bbox 2176 1661 3788 1752">
    <p class='ocr_par' dir='ltr' id='par_1_31' title="bbox 2176 1665 3788 1752">
     <span class='ocr_line' id='line_1_31' title="bbox 2176 1665 3788 1752; baseline 0.004 -32"><span class='ocrx_word' id='word_1_156' title='bbox 2176 1684 2302 1738; x_wconf 86' lang='grc' dir='ltr'>ιενα,</span> <span class='ocrx_word' id='word_1_157' title='bbox 2355 1665 2411 1720; x_wconf 70' lang='grc' dir='ltr'>ἐν</span> <span class='ocrx_word' id='word_1_158' title='bbox 2467 1668 2550 1729; x_wconf 83' lang='grc' dir='ltr'>οἷς</span> <span class='ocrx_word' id='word_1_159' title='bbox 2610 1669 2669 1723; x_wconf 77' lang='grc' dir='ltr'>οὔ</span> <span class='ocrx_word' id='word_1_160' title='bbox 2725 1666 2974 1743; x_wconf 72' lang='grc' dir='ltr'>λείψανον</span> <span class='ocrx_word' id='word_1_161' title='bbox 3029 1684 3206 1727; x_wconf 77' lang='grc' dir='ltr'>κεῖται</span> <span class='ocrx_word' id='word_1_162' title='bbox 3263 1672 3549 1752; x_wconf 79' lang='grc' dir='ltr'>μάρτυρος,</span> <span class='ocrx_word' id='word_1_163' title='bbox 3609 1672 3653 1727; x_wconf 83' lang='grc' dir='ltr'><strong>εἰ</strong></span> <span class='ocrx_word' id='word_1_164' title='bbox 3711 1671 3788 1748; x_wconf 77' lang='grc' dir='ltr'>μὴ</span> 
     </span>
    </p>
   </div>
   <div class='ocr_carea' id='block_1_32' title="bbox 417 1751 1969 1841">
    <p class='ocr_par' dir='ltr' id='par_1_32' title="bbox 417 1751 1969 1841">
     <span class='ocr_line' id='line_1_32' title="bbox 417 1751 1969 1841; baseline -0.007 -20"><span class='ocrx_word' id='word_1_165' title='bbox 417 1760 717 1841; x_wconf 74' lang='lat' dir='ltr'><strong>repositm,</strong></span> <span class='ocrx_word' id='word_1_166' title='bbox 752 1757 867 1819; x_wconf 89' lang='lat' dir='ltr'><strong>nisi</strong></span> <span class='ocrx_word' id='word_1_167' title='bbox 901 1754 1100 1837; x_wconf 88' lang='lat' dir='ltr'><strong>populi</strong></span> <span class='ocrx_word' id='word_1_168' title='bbox 1134 1751 1418 1814; x_wconf 92' lang='lat' dir='ltr'><strong>tumultus</strong></span> <span class='ocrx_word' id='word_1_169' title='bbox 1447 1751 1570 1825; x_wconf 83' lang='lat' dir='ltr'><strong>fiat,</strong></span> <span class='ocrx_word' id='word_1_170' title='bbox 1603 1758 1969 1841; x_wconf 84' lang='lat' dir='ltr'><strong>evertuntur.</strong></span> 
     </span>
    </p>
   </div>
   <div class='ocr_carea' id='block_1_33' title="bbox 2147 1752 3396 1838">
    <p class='ocr_par' dir='ltr' id='par_1_33' title="bbox 2147 1752 3396 1838">
     <span class='ocr_line' id='line_1_33' title="bbox 2147 1752 3396 1838; baseline 0.009 -30"><span class='ocrx_word' id='word_1_171' title='bbox 2147 1752 2404 1828; x_wconf 79' lang='grc' dir='ltr'>δημόσιος</span> <span class='ocrx_word' id='word_1_172' title='bbox 2447 1753 2662 1833; x_wconf 80' lang='grc' dir='ltr'>Θόρυϐος</span> <span class='ocrx_word' id='word_1_173' title='bbox 2694 1758 2923 1834; x_wconf 84' lang='grc' dir='ltr'>γίνεται,</span> <span class='ocrx_word' id='word_1_174' title='bbox 2956 1759 3396 1838; x_wconf 70' lang='grc' dir='ltr'><strong>καταστρέφεται.</strong></span> 
     </span>
    </p>
   </div>
   <div class='ocr_carea' id='block_1_34' title="bbox 499 1839 2045 1925">
    <p class='ocr_par' dir='ltr' id='par_1_34' title="bbox 499 1839 2045 1924">
     <span class='ocr_line' id='line_1_34' title="bbox 499 1839 2045 1924; baseline -0.006 -14"><span class='ocrx_word' id='word_1_175' title='bbox 499 1839 599 1910; x_wconf 84' lang='grc'><strong>55.</strong></span> <span class='ocrx_word' id='word_1_176' title='bbox 634 1847 922 1911; x_wconf 91' lang='lat' dir='ltr'><strong>Similiter</strong></span> <span class='ocrx_word' id='word_1_177' title='bbox 977 1853 1036 1907; x_wconf 90' lang='lat' dir='ltr'><strong>et</strong></span> <span class='ocrx_word' id='word_1_178' title='bbox 1064 1858 1434 1924; x_wconf 76' lang='lat' dir='ltr'><strong>quaecunque</strong></span> <span class='ocrx_word' id='word_1_179' title='bbox 1465 1857 1576 1921; x_wconf 92' lang='lat' dir='ltr'><strong>per</strong></span> <span class='ocrx_word' id='word_1_180' title='bbox 1630 1839 1930 1901; x_wconf 89' lang='lat' dir='ltr'><strong>insomnia</strong></span> <span class='ocrx_word' id='word_1_181' title='bbox 1958 1858 2045 1901; x_wconf 88' lang='lat' dir='ltr'><strong>va-</strong></span> 
     </span>
    </p>
   </div>
   <div class='ocr_carea' id='block_1_35' title="bbox 2176 1839 3787 1925">
    <p class='ocr_par' dir='ltr' id='par_1_35' title="bbox 2225 1842 3787 1925">
     <span class='ocr_line' id='line_1_35' title="bbox 2225 1842 3787 1925; baseline 0.005 -27"><span class='ocrx_word' id='word_1_182' title='bbox 2225 1843 2325 1904; x_wconf 83' lang='grc' dir='ltr'>νε’.</span> <span class='ocrx_word' id='word_1_183' title='bbox 2383 1845 2481 1901; x_wconf 83' lang='grc' dir='ltr'>Καὶ</span> <span class='ocrx_word' id='word_1_184' title='bbox 2530 1842 2598 1900; x_wconf 87' lang='grc' dir='ltr'>δι’</span> <span class='ocrx_word' id='word_1_185' title='bbox 2643 1844 2896 1902; x_wconf 63' lang='grc' dir='ltr'>ἐνυπνίων</span> <span class='ocrx_word' id='word_1_186' title='bbox 2948 1850 3035 1904; x_wconf 83' lang='grc' dir='ltr'><strong>καὶ</strong></span> <span class='ocrx_word' id='word_1_187' title='bbox 3094 1848 3482 1925; x_wconf 74' lang='grc' dir='ltr'><strong>ἀποκαλύψεων</strong></span> <span class='ocrx_word' id='word_1_188' title='bbox 3539 1851 3787 1906; x_wconf 86' lang='grc' dir='ltr'>συνίστα-</span> 
     </span>
    </p>
   </div>
   <div class='ocr_carea' id='block_1_36' title="bbox 420 1929 2062 2018">
    <p class='ocr_par' dir='ltr' id='par_1_36' title="bbox 420 1929 2062 2018">
     <span class='ocr_line' id='line_1_36' title="bbox 420 1929 2062 2018; baseline -0.005 -19"><span class='ocrx_word' id='word_1_189' title='bbox 420 1955 648 2018; x_wconf 88' lang='lat' dir='ltr'><strong>nasque</strong></span> <span class='ocrx_word' id='word_1_190' title='bbox 695 1934 1092 1999; x_wconf 85' lang='lat' dir='ltr'><strong>revelationes</strong></span> <span class='ocrx_word' id='word_1_191' title='bbox 1149 1930 1459 2009; x_wconf 85' lang='lat' dir='ltr'><strong>eriguntur</strong></span> <span class='ocrx_word' id='word_1_192' title='bbox 1488 1929 1643 1992; x_wconf 88' lang='lat' dir='ltr'><strong>male</strong></span> <span class='ocrx_word' id='word_1_193' title='bbox 1693 1930 2062 1991; x_wconf 65' lang='lat' dir='ltr'><strong>cohaerentes</strong></span> 
     </span>
    </p>
   </div>
   <div class='ocr_carea' id='block_1_37' title="bbox 415 2019 1353 2101">
    <p class='ocr_par' dir='ltr' id='par_1_37' title="bbox 415 2019 1353 2101">
     <span class='ocr_line' id='line_1_37' title="bbox 415 2019 1353 2101; baseline -0.013 -10"><span class='ocrx_word' id='word_1_194' title='bbox 415 2036 651 2101; x_wconf 74' lang='lat' dir='ltr'><strong>Statum,</strong></span> <span class='ocrx_word' id='word_1_195' title='bbox 686 2034 745 2086; x_wconf 90' lang='lat' dir='ltr'><strong>et</strong></span> <span class='ocrx_word' id='word_1_196' title='bbox 776 2024 1099 2087; x_wconf 88' lang='lat' dir='ltr'><strong>simulacra</strong></span> <span class='ocrx_word' id='word_1_197' title='bbox 1132 2019 1353 2083; x_wconf 89' lang='lat' dir='ltr'><strong>omnia.</strong></span> 
     </span>
    </p>
   </div>
   <div class='ocr_carea' id='block_1_38' title="bbox 494 2107 2059 2193">
    <p class='ocr_par' dir='ltr' id='par_1_38' title="bbox 494 2107 2059 2193">
     <span class='ocr_line' id='line_1_38' title="bbox 494 2107 2059 2193; baseline -0.005 -16"><span class='ocrx_word' id='word_1_198' title='bbox 494 2117 594 2180; x_wconf 81' lang='lat'><strong>56.</strong></span> <span class='ocrx_word' id='word_1_199' title='bbox 651 2114 782 2179; x_wconf 85' lang='lat' dir='ltr'><strong>Non</strong></span> <span class='ocrx_word' id='word_1_200' title='bbox 811 2121 1141 2193; x_wconf 85' lang='lat' dir='ltr'><strong>antepones</strong></span> <span class='ocrx_word' id='word_1_201' title='bbox 1187 2109 1262 2172; x_wconf 91' lang='lat' dir='ltr'><strong>iis</strong></span> <span class='ocrx_word' id='word_1_202' title='bbox 1292 2108 1396 2190; x_wconf 93' lang='lat' dir='ltr'><strong>qui</strong></span> <span class='ocrx_word' id='word_1_203' title='bbox 1427 2116 1486 2172; x_wconf 91' lang='lat' dir='ltr'><strong>te</strong></span> <span class='ocrx_word' id='word_1_204' title='bbox 1526 2107 1870 2190; x_wconf 65' lang='lat' dir='ltr'><strong>praecedunt</strong></span> <span class='ocrx_word' id='word_1_205' title='bbox 1903 2110 2059 2189; x_wconf 87' lang='lat' dir='ltr'><strong>teip-</strong></span> 
     </span>
    </p>
   </div>
   <div class='ocr_carea' id='block_1_39' title="bbox 415 2199 2059 2282">
    <p class='ocr_par' dir='ltr' id='par_1_39' title="bbox 415 2199 2059 2282">
     <span class='ocr_line' id='line_1_39' title="bbox 415 2199 2059 2282; baseline -0.005 -15"><span class='ocrx_word' id='word_1_206' title='bbox 415 2224 544 2268; x_wconf 90' lang='lat' dir='ltr'><strong>sum</strong></span> <span class='ocrx_word' id='word_1_207' title='bbox 583 2227 596 2269; x_wconf 90' lang='lat'><strong>:</strong></span> <span class='ocrx_word' id='word_1_208' title='bbox 655 2205 764 2268; x_wconf 82' lang='lat' dir='ltr'><strong>sed</strong></span> <span class='ocrx_word' id='word_1_209' title='bbox 793 2202 1087 2282; x_wconf 86' lang='lat' dir='ltr'><strong>sequeris.</strong></span> <span class='ocrx_word' id='word_1_210' title='bbox 1119 2200 1234 2273; x_wconf 85' lang='lat' dir='ltr'><strong>Qui</strong></span> <span class='ocrx_word' id='word_1_211' title='bbox 1281 2207 1474 2262; x_wconf 87' lang='lat' dir='ltr'><strong>autem</strong></span> <span class='ocrx_word' id='word_1_212' title='bbox 1509 2199 1740 2278; x_wconf 87' lang='lat' dir='ltr'><strong>priores</strong></span> <span class='ocrx_word' id='word_1_213' title='bbox 1789 2206 2059 2260; x_wconf 90' lang='lat' dir='ltr'><strong>contem-</strong></span> 
     </span>
    </p>
   </div>
   <div class='ocr_carea' id='block_1_40' title="bbox 413 2293 1332 2373">
    <p class='ocr_par' dir='ltr' id='par_1_40' title="bbox 413 2293 1332 2373">
     <span class='ocr_line' id='line_1_40' title="bbox 413 2293 1332 2373; baseline -0.009 -17"><span class='ocrx_word' id='word_1_214' title='bbox 413 2295 521 2372; x_wconf 88' lang='lat' dir='ltr'><strong>nit,</strong></span> <span class='ocrx_word' id='word_1_215' title='bbox 558 2294 1034 2360; x_wconf 91' lang='lat' dir='ltr'><strong>contemnendus</strong></span> <span class='ocrx_word' id='word_1_216' title='bbox 1062 2293 1192 2373; x_wconf 88' lang='lat' dir='ltr'><strong>ipse</strong></span> <span class='ocrx_word' id='word_1_217' title='bbox 1221 2297 1332 2353; x_wconf 92' lang='lat' dir='ltr'><strong>est.</strong></span> 
     </span>
    </p>
   </div>
   <div class='ocr_carea' id='block_1_41' title="bbox 493 2377 2060 2459">
    <p class='ocr_par' dir='ltr' id='par_1_41' title="bbox 493 2377 2060 2459">
     <span class='ocr_line' id='line_1_41' title="bbox 493 2377 2060 2459; baseline -0.007 -10"><span class='ocrx_word' id='word_1_218' title='bbox 493 2387 592 2450; x_wconf 89' lang='lat'><strong>57.</strong></span> <span class='ocrx_word' id='word_1_219' title='bbox 652 2386 763 2459; x_wconf 87' lang='lat' dir='ltr'><strong>Qui</strong></span> <span class='ocrx_word' id='word_1_220' title='bbox 819 2387 973 2447; x_wconf 88' lang='lat' dir='ltr'><strong>intra</strong></span> <span class='ocrx_word' id='word_1_221' title='bbox 1024 2382 1279 2444; x_wconf 84' lang='lat' dir='ltr'><strong>Africam</strong></span> <span class='ocrx_word' id='word_1_222' title='bbox 1339 2378 1650 2442; x_wconf 89' lang='lat' dir='ltr'><strong>ordinatus</strong></span> <span class='ocrx_word' id='word_1_223' title='bbox 1709 2387 1820 2454; x_wconf 91' lang='lat' dir='ltr'><strong>est,</strong></span> <span class='ocrx_word' id='word_1_224' title='bbox 1853 2377 2060 2439; x_wconf 78' lang='lat' dir='ltr'><strong>aﬂ‘erat</strong></span> 
     </span>
    </p>
   </div>
   <div class='ocr_carea' id='block_1_42' title="bbox 413 2468 2054 2556">
    <p class='ocr_par' dir='ltr' id='par_1_42' title="bbox 413 2468 2054 2556">
     <span class='ocr_line' id='line_1_42' title="bbox 413 2468 2054 2556; baseline -0.005 -19"><span class='ocrx_word' id='word_1_225' title='bbox 413 2476 641 2538; x_wconf 83' lang='lat' dir='ltr'><strong>litteras</strong></span> <span class='ocrx_word' id='word_1_226' title='bbox 671 2494 854 2539; x_wconf 87' lang='lat' dir='ltr'><strong>manu</strong></span> <span class='ocrx_word' id='word_1_227' title='bbox 885 2474 1124 2556; x_wconf 90' lang='lat' dir='ltr'><strong>propria</strong></span> <span class='ocrx_word' id='word_1_228' title='bbox 1175 2469 1431 2550; x_wconf 87' lang='lat' dir='ltr'><strong>scriptas</strong></span> <span class='ocrx_word' id='word_1_229' title='bbox 1476 2468 1636 2530; x_wconf 90' lang='lat' dir='ltr'><strong>illius</strong></span> <span class='ocrx_word' id='word_1_230' title='bbox 1665 2468 1766 2549; x_wconf 92' lang='lat' dir='ltr'><strong>qui</strong></span> <span class='ocrx_word' id='word_1_231' title='bbox 1811 2485 2054 2530; x_wconf 86' lang='lat' dir='ltr'><strong>manum</strong></span> 
     </span>
    </p>
   </div>
   <div class='ocr_carea' id='block_1_43' title="bbox 407 2566 712 2646">
    <p class='ocr_par' dir='ltr' id='par_1_43' title="bbox 407 2566 712 2646">
     <span class='ocr_line' id='line_1_43' title="bbox 407 2566 712 2646; baseline -0.007 -18"><span class='ocrx_word' id='word_1_232' title='bbox 407 2566 712 2646; x_wconf 88' lang='lat' dir='ltr'><strong>imposuit.</strong></span> 
     </span>
    </p>
   </div>
   <div class='ocr_carea' id='block_1_44' title="bbox 489 2646 2056 2736">
    <p class='ocr_par' dir='ltr' id='par_1_44' title="bbox 489 2646 2056 2736">
     <span class='ocr_line' id='line_1_44' title="bbox 489 2646 2056 2736; baseline -0.006 -19"><span class='ocrx_word' id='word_1_233' title='bbox 489 2660 588 2718; x_wconf 88' lang='lat'><strong>58.</strong></span> <span class='ocrx_word' id='word_1_234' title='bbox 643 2657 1038 2736; x_wconf 89' lang='lat' dir='ltr'><strong>Imperatores</strong></span> <span class='ocrx_word' id='word_1_235' title='bbox 1067 2652 1166 2734; x_wconf 95' lang='lat' dir='ltr'><strong>qui</strong></span> <span class='ocrx_word' id='word_1_236' title='bbox 1197 2651 1260 2712; x_wconf 90' lang='lat' dir='ltr'><strong>in</strong></span> <span class='ocrx_word' id='word_1_237' title='bbox 1291 2652 1508 2732; x_wconf 87' lang='lat' dir='ltr'><strong>pietate</strong></span> <span class='ocrx_word' id='word_1_238' title='bbox 1538 2648 1660 2710; x_wconf 91' lang='lat' dir='ltr'><strong>nati</strong></span> <span class='ocrx_word' id='word_1_239' title='bbox 1712 2655 1872 2736; x_wconf 84' lang='lat' dir='ltr'><strong>sunt,</strong></span> <span class='ocrx_word' id='word_1_240' title='bbox 1909 2653 1966 2707; x_wconf 91' lang='lat' dir='ltr'><strong>et</strong></span> <span class='ocrx_word' id='word_1_241' title='bbox 1994 2646 2056 2708; x_wconf 92' lang='lat' dir='ltr'><strong>in</strong></span> 
     </span>
    </p>
   </div>
   <div class='ocr_carea' id='block_1_45' title="bbox 407 2734 2052 2820">
    <p class='ocr_par' dir='ltr' id='par_1_45' title="bbox 407 2734 2052 2820">
     <span class='ocr_line' id='line_1_45' title="bbox 407 2734 2052 2820; baseline -0.007 -14"><span class='ocrx_word' id='word_1_242' title='bbox 407 2745 528 2808; x_wconf 81' lang='lat' dir='ltr'><strong>fide</strong></span> <span class='ocrx_word' id='word_1_243' title='bbox 585 2734 859 2818; x_wconf 80' lang='lat' dir='ltr'><strong>enutriti,</strong></span> <span class='ocrx_word' id='word_1_244' title='bbox 893 2740 1182 2804; x_wconf 90' lang='lat' dir='ltr'><strong>Ecclesiis</strong></span> <span class='ocrx_word' id='word_1_245' title='bbox 1230 2758 1404 2820; x_wconf 87' lang='lat' dir='ltr'><strong>opem</strong></span> <span class='ocrx_word' id='word_1_246' title='bbox 1436 2738 1595 2800; x_wconf 89' lang='lat' dir='ltr'><strong>ferre</strong></span> <span class='ocrx_word' id='word_1_247' title='bbox 1641 2734 1886 2812; x_wconf 88' lang='lat' dir='ltr'><strong>debent,</strong></span> <span class='ocrx_word' id='word_1_248' title='bbox 1920 2753 2052 2795; x_wconf 89' lang='lat' dir='ltr'><strong>cum</strong></span> 
     </span>
    </p>
   </div>
   <div class='ocr_carea' id='block_1_46' title="bbox 409 2825 2050 2911">
    <p class='ocr_par' dir='ltr' id='par_1_46' title="bbox 409 2825 2050 2911">
     <span class='ocr_line' id='line_1_46' title="bbox 409 2825 2050 2911; baseline -0.007 -15"><span class='ocrx_word' id='word_1_249' title='bbox 409 2834 478 2896; x_wconf 93' lang='lat' dir='ltr'><strong>B.</strong></span> <span class='ocrx_word' id='word_1_250' title='bbox 538 2833 720 2897; x_wconf 90' lang='lat' dir='ltr'><strong>Paulo</strong></span> <span class='ocrx_word' id='word_1_251' title='bbox 765 2833 1070 2911; x_wconf 81' lang='lat' dir='ltr'><strong>indigente</strong></span> <span class='ocrx_word' id='word_1_252' title='bbox 1123 2829 1378 2891; x_wconf 89' lang='lat' dir='ltr'><strong>militum</strong></span> <span class='ocrx_word' id='word_1_253' title='bbox 1412 2846 1621 2890; x_wconf 89' lang='lat' dir='ltr'><strong>manus</strong></span> <span class='ocrx_word' id='word_1_254' title='bbox 1671 2825 2050 2888; x_wconf 84' lang='lat' dir='ltr'><strong>factiosorum</strong></span> 
     </span>
    </p>
   </div>
   <div class='ocr_carea' id='block_1_47' title="bbox 406 2919 1288 3004">
    <p class='ocr_par' dir='ltr' id='par_1_47' title="bbox 406 2919 1288 3004">
     <span class='ocr_line' id='line_1_47' title="bbox 406 2919 1288 3004; baseline -0.009 -18"><span class='ocrx_word' id='word_1_255' title='bbox 406 2925 914 3004; x_wconf 89' lang='lat' dir='ltr'><strong>conspirationem</strong></span> <span class='ocrx_word' id='word_1_256' title='bbox 951 2920 1219 2982; x_wconf 84' lang='lat' dir='ltr'><strong>dissolvit</strong></span> <span class='ocrx_word' id='word_1_257' title='bbox 1243 2919 1288 2978; x_wconf 75' lang='grc' dir='ltr'>ί.</span> 
     </span>
    </p>
   </div>
   <div class='ocr_carea' id='block_1_48' title="bbox 487 3003 2049 3088">
    <p class='ocr_par' dir='ltr' id='par_1_48' title="bbox 487 3003 2049 3088">
     <span class='ocr_line' id='line_1_48' title="bbox 487 3003 2049 3088; baseline -0.005 -14"><span class='ocrx_word' id='word_1_258' title='bbox 487 3003 588 3074; x_wconf 69' lang='grc'><strong>59.</strong></span> <span class='ocrx_word' id='word_1_259' title='bbox 644 3012 969 3075; x_wconf 70' lang='grc' dir='ltr'>Βεετθιίευε</span> <span class='ocrx_word' id='word_1_260' title='bbox 1025 3029 1136 3072; x_wconf 88' lang='lat' dir='ltr'><strong>nec</strong></span> <span class='ocrx_word' id='word_1_261' title='bbox 1167 3005 1403 3088; x_wconf 82' lang='lat' dir='ltr'><strong>legandi</strong></span> <span class='ocrx_word' id='word_1_262' title='bbox 1458 3011 1668 3085; x_wconf 89' lang='lat' dir='ltr'><strong>potens</strong></span> <span class='ocrx_word' id='word_1_263' title='bbox 1708 3022 1822 3065; x_wconf 89' lang='lat' dir='ltr'><strong>nec</strong></span> <span class='ocrx_word' id='word_1_264' title='bbox 1871 3003 2049 3080; x_wconf 76' lang='lat' dir='ltr'><strong>legati</strong></span> 
     </span>
    </p>
   </div>
   <div class='ocr_carea' id='block_1_49' title="bbox 405 3091 2049 3182">
    <p class='ocr_par' dir='ltr' id='par_1_49' title="bbox 405 3091 2049 3182">
     <span class='ocr_line' id='line_1_49' title="bbox 405 3091 2049 3182; baseline -0.008 -18"><span class='ocrx_word' id='word_1_265' title='bbox 405 3119 593 3182; x_wconf 85' lang='lat' dir='ltr'><strong>capax</strong></span> <span class='ocrx_word' id='word_1_266' title='bbox 625 3110 734 3177; x_wconf 90' lang='lat' dir='ltr'><strong>est,</strong></span> <span class='ocrx_word' id='word_1_267' title='bbox 770 3109 830 3163; x_wconf 91' lang='lat' dir='ltr'><strong>et</strong></span> <span class='ocrx_word' id='word_1_268' title='bbox 858 3100 1136 3178; x_wconf 83' lang='lat' dir='ltr'><strong>indignus</strong></span> <span class='ocrx_word' id='word_1_269' title='bbox 1161 3097 1261 3178; x_wconf 91' lang='lat' dir='ltr'><strong>qui</strong></span> <span class='ocrx_word' id='word_1_270' title='bbox 1291 3092 1631 3174; x_wconf 88' lang='lat' dir='ltr'><strong>reliquendi</strong></span> <span class='ocrx_word' id='word_1_271' title='bbox 1649 3093 1740 3154; x_wconf 88' lang='lat' dir='ltr'><strong>vel</strong></span> <span class='ocrx_word' id='word_1_272' title='bbox 1770 3091 2049 3182; x_wconf 88' lang='lat' dir='ltr'><strong>capiendi</strong></span> 
     </span>
    </p>
   </div>
   <div class='ocr_carea' id='block_1_50' title="bbox 2148 1933 3660 2017">
    <p class='ocr_par' dir='ltr' id='par_1_50' title="bbox 2148 1933 3660 2017">
     <span class='ocr_line' id='line_1_50' title="bbox 2148 1933 3660 2017; baseline 0.007 -29"><span class='ocrx_word' id='word_1_273' title='bbox 2148 1955 2230 1989; x_wconf 89' lang='grc' dir='ltr'><strong>ται</strong></span> <span class='ocrx_word' id='word_1_274' title='bbox 2258 1935 2518 2009; x_wconf 84' lang='grc' dir='ltr'>ματαίων,</span> <span class='ocrx_word' id='word_1_275' title='bbox 2551 1933 2846 2017; x_wconf 84' lang='grc' dir='ltr'>ἀσύστατα,</span> <span class='ocrx_word' id='word_1_276' title='bbox 2880 1936 3037 2003; x_wconf 82' lang='grc' dir='ltr'>ξόανα</span> <span class='ocrx_word' id='word_1_277' title='bbox 3065 1938 3290 2016; x_wconf 71' lang='grc' dir='ltr'>ὕπαντα,</span> <span class='ocrx_word' id='word_1_278' title='bbox 3325 1941 3410 1997; x_wconf 78' lang='grc' dir='ltr'>καὶ</span> <span class='ocrx_word' id='word_1_279' title='bbox 3439 1938 3660 1999; x_wconf 79' lang='grc' dir='ltr'>εἴδωλα.</span> 
     </span>
    </p>
   </div>
   <div class='ocr_carea' id='block_1_51' title="bbox 2223 2112 3784 2197">
    <p class='ocr_par' dir='ltr' id='par_1_51' title="bbox 2223 2112 3784 2197">
     <span class='ocr_line' id='line_1_51' title="bbox 2223 2112 3784 2197; baseline 0.006 -30"><span class='ocrx_word' id='word_1_280' title='bbox 2223 2112 2356 2185; x_wconf 50' lang='lat' dir='ltr'><strong>Vg&quot;.</strong></span> <span class='ocrx_word' id='word_1_281' title='bbox 2405 2117 2477 2171; x_wconf 78' lang='grc' dir='ltr'>Οὐ</span> <span class='ocrx_word' id='word_1_282' title='bbox 2532 2117 2886 2192; x_wconf 77' lang='grc' dir='ltr'>προτιμήσεις</span> <span class='ocrx_word' id='word_1_283' title='bbox 2946 2118 3034 2172; x_wconf 76' lang='grc' dir='ltr'><strong>τὸν</strong></span> <span class='ocrx_word' id='word_1_284' title='bbox 3082 2117 3211 2194; x_wconf 81' lang='grc' dir='ltr'>πρὸς</span> <span class='ocrx_word' id='word_1_285' title='bbox 3269 2120 3328 2176; x_wconf 78' lang='grc' dir='ltr'>οὖ</span> <span class='ocrx_word' id='word_1_286' title='bbox 3361 2115 3496 2195; x_wconf 84' lang='grc' dir='ltr'>[τῶν</span> <span class='ocrx_word' id='word_1_287' title='bbox 3539 2119 3641 2195; x_wconf 82' lang='grc' dir='ltr'>πρὸ</span> <span class='ocrx_word' id='word_1_288' title='bbox 3673 2121 3784 2197; x_wconf 80' lang='grc' dir='ltr'>σοῦ]</span> 
     </span>
    </p>
   </div>
   <div class='ocr_carea' id='block_1_52' title="bbox 2142 2197 3784 2288">
    <p class='ocr_par' dir='ltr' id='par_1_52' title="bbox 2142 2197 3784 2288">
     <span class='ocr_line' id='line_1_52' title="bbox 2142 2197 3784 2288; baseline 0.007 -34"><span class='ocrx_word' id='word_1_289' title='bbox 2142 2203 2387 2278; x_wconf 78' lang='grc' dir='ltr'>σεαυτὸν,</span> <span class='ocrx_word' id='word_1_290' title='bbox 2461 2201 2583 2257; x_wconf 84' lang='grc' dir='ltr'>ἀλλ’</span> <span class='ocrx_word' id='word_1_291' title='bbox 2655 2204 3124 2274; x_wconf 70' lang='grc' dir='ltr'>ἐπακολουθήσεις,</span> <span class='ocrx_word' id='word_1_292' title='bbox 3206 2197 3262 2263; x_wconf 74' lang='grc' dir='ltr'><strong>Ὀ</strong></span> <span class='ocrx_word' id='word_1_293' title='bbox 3333 2206 3386 2261; x_wconf 80' lang='grc' dir='ltr'><strong>δὲ</strong></span> <span class='ocrx_word' id='word_1_294' title='bbox 3455 2216 3784 2288; x_wconf 65' lang='grc' dir='ltr'>περιφρονῶν</span> 
     </span>
    </p>
   </div>
   <div class='ocr_carea' id='block_1_53' title="bbox 2141 2290 3121 2373">
    <p class='ocr_par' dir='ltr' id='par_1_53' title="bbox 2141 2290 3121 2373">
     <span class='ocr_line' id='line_1_53' title="bbox 2141 2290 3121 2373; baseline 0.007 -29"><span class='ocrx_word' id='word_1_295' title='bbox 2141 2290 2260 2350; x_wconf 81' lang='grc' dir='ltr'>τοὺς</span> <span class='ocrx_word' id='word_1_296' title='bbox 2295 2292 2603 2373; x_wconf 76' lang='grc' dir='ltr'>προτέρους,</span> <span class='ocrx_word' id='word_1_297' title='bbox 2639 2295 3121 2373; x_wconf 71' lang='grc' dir='ltr'>εὐκαταφρόνητος.</span> 
     </span>
    </p>
   </div>
   <div class='ocr_carea' id='block_1_54' title="bbox 2226 2371 3783 2465">
    <p class='ocr_par' dir='ltr' id='par_1_54' title="bbox 2226 2371 3783 2465">
     <span class='ocr_line' id='line_1_54' title="bbox 2226 2371 3783 2465; baseline 0.003 -26"><span class='ocrx_word' id='word_1_298' title='bbox 2226 2378 2323 2449; x_wconf 74' lang='grc' dir='ltr'>νίζ’.</span> <span class='ocrx_word' id='word_1_299' title='bbox 2385 2371 2451 2440; x_wconf 72' lang='grc' dir='ltr'><strong>Ὀ</strong></span> <span class='ocrx_word' id='word_1_300' title='bbox 2483 2383 2553 2442; x_wconf 84' lang='grc' dir='ltr'><strong>εὶς</strong></span> <span class='ocrx_word' id='word_1_301' title='bbox 2611 2383 2710 2448; x_wconf 79' lang='grc' dir='ltr'><strong>τὴν</strong></span> <span class='ocrx_word' id='word_1_302' title='bbox 2771 2371 3025 2462; x_wconf 60' lang='grc' dir='ltr'>Ἀφρικὴν</span> <span class='ocrx_word' id='word_1_303' title='bbox 3083 2385 3624 2465; x_wconf 72' lang='grc' dir='ltr'>κεχειροτονημένος,</span> <span class='ocrx_word' id='word_1_304' title='bbox 3657 2385 3783 2443; x_wconf 80' lang='grc' dir='ltr'>ἐπι--</span> 
     </span>
    </p>
   </div>
   <div class='ocr_carea' id='block_1_55' title="bbox 2139 2467 3778 2556">
    <p class='ocr_par' dir='ltr' id='par_1_55' title="bbox 2139 2467 3778 2556">
     <span class='ocr_line' id='line_1_55' title="bbox 2139 2467 3778 2556; baseline 0.006 -33"><span class='ocrx_word' id='word_1_305' title='bbox 2139 2467 2342 2546; x_wconf 80' lang='grc' dir='ltr'>φερέτω</span> <span class='ocrx_word' id='word_1_306' title='bbox 2422 2476 2516 2526; x_wconf 80' lang='grc' dir='ltr'>τοῦ</span> <span class='ocrx_word' id='word_1_307' title='bbox 2574 2469 2962 2536; x_wconf 71' lang='grc' dir='ltr'>ἰπιτεθεικότος</span> <span class='ocrx_word' id='word_1_308' title='bbox 3045 2477 3209 2552; x_wconf 49' lang='grc' dir='ltr'>χεῖρα</span> <span class='ocrx_word' id='word_1_309' title='bbox 3280 2476 3486 2554; x_wconf 76' lang='grc' dir='ltr'>γραφὴν</span> <span class='ocrx_word' id='word_1_310' title='bbox 3549 2473 3778 2556; x_wconf 76' lang='grc' dir='ltr'>ίδιόχει-</span> 
     </span>
    </p>
   </div>
   <div class='ocr_carea' id='block_1_56' title="bbox 2139 2577 2251 2634">
    <p class='ocr_par' dir='ltr' id='par_1_56' title="bbox 2139 2577 2251 2634">
     <span class='ocr_line' id='line_1_56' title="bbox 2139 2577 2251 2634; baseline 0.027 -23"><span class='ocrx_word' id='word_1_311' title='bbox 2139 2577 2251 2634; x_wconf 87' lang='grc' dir='ltr'>ρον.</span> 
     </span>
    </p>
   </div>
   <div class='ocr_carea' id='block_1_57' title="bbox 2218 2647 3780 2727">
    <p class='ocr_par' dir='ltr' id='par_1_57' title="bbox 2218 2647 3780 2727">
     <span class='ocr_line' id='line_1_57' title="bbox 2218 2647 3780 2727; baseline 0.008 -28"><span class='ocrx_word' id='word_1_312' title='bbox 2218 2647 2327 2713; x_wconf 83' lang='grc' dir='ltr'><strong>νη’.</strong></span> <span class='ocrx_word' id='word_1_313' title='bbox 2389 2650 2448 2706; x_wconf 74' lang='grc' dir='ltr'><strong>Οἱ</strong></span> <span class='ocrx_word' id='word_1_314' title='bbox 2508 2649 2844 2727; x_wconf 80' lang='grc' dir='ltr'>γεννηθέντες</span> <span class='ocrx_word' id='word_1_315' title='bbox 2891 2650 2945 2707; x_wconf 80' lang='grc' dir='ltr'><strong>δὲ</strong></span> <span class='ocrx_word' id='word_1_316' title='bbox 2997 2651 3253 2723; x_wconf 70' lang='grc' dir='ltr'>εὐσεϐείᾳ,</span> <span class='ocrx_word' id='word_1_317' title='bbox 3299 2654 3394 2707; x_wconf 87' lang='grc' dir='ltr'><strong>καί</strong></span> <span class='ocrx_word' id='word_1_318' title='bbox 3443 2657 3614 2710; x_wconf 78' lang='grc' dir='ltr'>πίστει</span> <span class='ocrx_word' id='word_1_319' title='bbox 3669 2652 3780 2712; x_wconf 81' lang='grc' dir='ltr'>δια-</span> 
     </span>
    </p>
   </div>
   <div class='ocr_carea' id='block_1_58' title="bbox 2135 2737 3778 2819">
    <p class='ocr_par' dir='ltr' id='par_1_58' title="bbox 2135 2737 3778 2819">
     <span class='ocr_line' id='line_1_58' title="bbox 2135 2737 3778 2819; baseline 0.006 -29"><span class='ocrx_word' id='word_1_320' title='bbox 2135 2738 2421 2814; x_wconf 79' lang='grc' dir='ltr'>τραφέντες</span> <span class='ocrx_word' id='word_1_321' title='bbox 2451 2737 2720 2819; x_wconf 75' lang='grc' dir='ltr'>βασιλεῖς,</span> <span class='ocrx_word' id='word_1_322' title='bbox 2755 2754 2924 2819; x_wconf 78' lang='grc' dir='ltr'>χεῖρα</span> <span class='ocrx_word' id='word_1_323' title='bbox 2979 2744 3238 2819; x_wconf 76' lang='grc' dir='ltr'>παρεγειν</span> <span class='ocrx_word' id='word_1_324' title='bbox 3269 2756 3390 2804; x_wconf 74' lang='grc' dir='ltr'>ταῖς</span> <span class='ocrx_word' id='word_1_325' title='bbox 3434 2739 3778 2809; x_wconf 85' lang='grc' dir='ltr'>Ἐκκλησίαις</span> 
     </span>
    </p>
   </div>
   <div class='ocr_carea' id='block_1_59' title="bbox 2135 2825 3778 2906">
    <p class='ocr_par' dir='ltr' id='par_1_59' title="bbox 2135 2825 3778 2906">
     <span class='ocr_line' id='line_1_59' title="bbox 2135 2825 3778 2906; baseline 0.006 -27"><span class='ocrx_word' id='word_1_326' title='bbox 2135 2825 2454 2904; x_wconf 79' lang='grc' dir='ltr'>ὀφείλουσιν·</span> <span class='ocrx_word' id='word_1_327' title='bbox 2516 2827 2604 2885; x_wconf 78' lang='grc' dir='ltr'><strong>ἐπὶ</strong></span> <span class='ocrx_word' id='word_1_328' title='bbox 2673 2832 2762 2886; x_wconf 73' lang='grc' dir='ltr'>καὶ</span> <span class='ocrx_word' id='word_1_329' title='bbox 2821 2829 3030 2886; x_wconf 72' lang='grc' dir='ltr'>Παύλου</span> <span class='ocrx_word' id='word_1_330' title='bbox 3085 2829 3362 2906; x_wconf 83' lang='grc' dir='ltr'>δεομένου,</span> <span class='ocrx_word' id='word_1_331' title='bbox 3423 2834 3778 2906; x_wconf 81' lang='grc' dir='ltr'>στρατιωτικὴ</span> 
     </span>
    </p>
   </div>
   <div class='ocr_carea' id='block_1_60' title="bbox 2136 2915 3370 2996">
    <p class='ocr_par' dir='ltr' id='par_1_60' title="bbox 2136 2915 3370 2996">
     <span class='ocr_line' id='line_1_60' title="bbox 2136 2915 3370 2996; baseline 0.009 -28"><span class='ocrx_word' id='word_1_332' title='bbox 2136 2915 2251 2993; x_wconf 81' lang='grc' dir='ltr'>χεὶρ</span> <span class='ocrx_word' id='word_1_333' title='bbox 2279 2915 2378 2983; x_wconf 77' lang='grc' dir='ltr'><strong>τὴν</strong></span> <span class='ocrx_word' id='word_1_334' title='bbox 2409 2923 2514 2972; x_wconf 81' lang='grc' dir='ltr'>τῶν</span> <span class='ocrx_word' id='word_1_335' title='bbox 2547 2918 2786 2976; x_wconf 70' lang='grc' dir='ltr'>ἀτάκτων</span> <span class='ocrx_word' id='word_1_336' title='bbox 2819 2917 3022 2975; x_wconf 70' lang='grc' dir='ltr'>διέλυσε</span> <span class='ocrx_word' id='word_1_337' title='bbox 3055 2921 3370 2996; x_wconf 82' lang='grc' dir='ltr'>σύμπνοιαν.</span> 
     </span>
    </p>
   </div>
   <div class='ocr_carea' id='block_1_61' title="bbox 2211 3093 3769 3177">
    <p class='ocr_par' dir='ltr' id='par_1_61' title="bbox 2211 3093 3769 3177">
     <span class='ocr_line' id='line_1_61' title="bbox 2211 3093 3769 3177; baseline 0.002 -27"><span class='ocrx_word' id='word_1_338' title='bbox 2211 3093 2314 3156; x_wconf 73' lang='grc' dir='ltr'><strong>νϐ’.</strong></span> <span class='ocrx_word' id='word_1_339' title='bbox 2396 3095 2666 3172; x_wconf 75' lang='grc' dir='ltr'>Αἶρετικὸς</span> <span class='ocrx_word' id='word_1_340' title='bbox 2737 3094 3112 3174; x_wconf 81' lang='grc' dir='ltr'>ἀλεγάτευτος,</span> <span class='ocrx_word' id='word_1_341' title='bbox 3172 3100 3258 3154; x_wconf 84' lang='grc' dir='ltr'><strong>καὶ</strong></span> <span class='ocrx_word' id='word_1_342' title='bbox 3327 3098 3769 3177; x_wconf 76' lang='grc' dir='ltr'>καταλιμπάνειν,</span> 
     </span>
    </p>
   </div>
   <div class='ocr_carea' id='block_1_62' title="bbox 403 3181 2045 3280">
    <p class='ocr_par' dir='ltr' id='par_1_62' title="bbox 403 3181 2042 3266">
     <span class='ocr_line' id='line_1_62' title="bbox 403 3181 2042 3266; baseline -0.007 -13"><span class='ocrx_word' id='word_1_343' title='bbox 403 3181 839 3255; x_wconf 87' lang='lat' dir='ltr'><strong>consuetudine</strong></span> <span class='ocrx_word' id='word_1_344' title='bbox 893 3190 1176 3252; x_wconf 80' lang='lat' dir='ltr'><strong>fruatur:</strong></span> <span class='ocrx_word' id='word_1_345' title='bbox 1235 3184 1336 3266; x_wconf 90' lang='lat' dir='ltr'><strong>qui</strong></span> <span class='ocrx_word' id='word_1_346' title='bbox 1386 3191 1583 3245; x_wconf 87' lang='lat' dir='ltr'><strong>autem</strong></span> <span class='ocrx_word' id='word_1_347' title='bbox 1614 3199 1681 3244; x_wconf 91' lang='lat' dir='ltr'><strong>se</strong></span> <span class='ocrx_word' id='word_1_348' title='bbox 1732 3181 2042 3256; x_wconf 82' lang='lat' dir='ltr'><strong>convertit,</strong></span> 
     </span>
    </p>
   </div>
   <div class='ocr_carea' id='block_1_63' title="bbox 2176 3181 3766 3280">
    <p class='ocr_par' dir='ltr' id='par_1_63' title="bbox 2176 3182 3766 3280">
     <span class='ocr_line' id='line_1_63' title="bbox 2176 3182 3766 3280; baseline 0.003 -41"><span class='ocrx_word' id='word_1_349' title='bbox 2176 3182 2568 3280; x_wconf 53' lang='lat' dir='ltr'><strong>z&#39;E-XapGa&#39;vstv</strong></span> <span class='ocrx_word' id='word_1_350' title='bbox 2598 3187 2874 3254; x_wconf 72' lang='grc' dir='ltr'>συνήθειαν</span> <span class='ocrx_word' id='word_1_351' title='bbox 2924 3186 3158 3253; x_wconf 75' lang='grc' dir='ltr'>ἀνάξιος·</span> <span class='ocrx_word' id='word_1_352' title='bbox 3195 3189 3221 3243; x_wconf 84' lang='grc' dir='ltr'>ὁ</span> <span class='ocrx_word' id='word_1_353' title='bbox 3261 3185 3314 3243; x_wconf 83' lang='grc' dir='ltr'><strong>δὲ</strong></span> <span class='ocrx_word' id='word_1_354' title='bbox 3368 3189 3766 3269; x_wconf 75' lang='grc' dir='ltr'>μεταστρέφων,</span> 
     </span>
    </p>
   </div>
   <div class='ocr_carea' id='block_1_64' title="bbox 400 3280 2047 3445">
    <p class='ocr_par' dir='ltr' id='par_1_64' title="bbox 400 3280 2047 3445">
     <span class='ocr_line' id='line_1_64' title="bbox 400 3280 2047 3445; baseline 0.05 -103"><span class='ocrx_word' id='word_1_355' title='bbox 400 3280 1018 3436; x_wconf 50' lang='grc' dir='ltr'><strong>ὰιῗόυεὲιεθωωΐθ,</strong></span> <span class='ocrx_word' id='word_1_356' title='bbox 1063 3366 1279 3430; x_wconf 71' lang='lat' dir='ltr'><strong>dantur</strong></span> <span class='ocrx_word' id='word_1_357' title='bbox 1323 3367 1566 3445; x_wconf 82' lang='lat' dir='ltr'><strong>propter</strong></span> <span class='ocrx_word' id='word_1_358' title='bbox 1613 3359 2047 3424; x_wconf 81' lang='lat' dir='ltr'><strong>ecclesiasticas</strong></span> 
     </span>
    </p>
   </div>
   <div class='ocr_carea' id='block_1_65' title="bbox 403 3461 801 3525">
    <p class='ocr_par' dir='ltr' id='par_1_65' title="bbox 403 3461 801 3525">
     <span class='ocr_line' id='line_1_65' title="bbox 403 3461 801 3525; baseline 0 -2"><span class='ocrx_word' id='word_1_359' title='bbox 403 3461 801 3525; x_wconf 78' lang='lat' dir='ltr'><strong>difﬁcultates.</strong></span> 
     </span>
    </p>
   </div>
   <div class='ocr_carea' id='block_1_66' title="bbox 479 3539 2048 3627">
    <p class='ocr_par' dir='ltr' id='par_1_66' title="bbox 479 3539 2048 3627">
     <span class='ocr_line' id='line_1_66' title="bbox 479 3539 2048 3627; baseline -0.007 -12"><span class='ocrx_word' id='word_1_360' title='bbox 479 3553 581 3615; x_wconf 83' lang='grc'><strong>61.</strong></span> <span class='ocrx_word' id='word_1_361' title='bbox 639 3554 708 3614; x_wconf 91' lang='lat' dir='ltr'><strong>Et</strong></span> <span class='ocrx_word' id='word_1_362' title='bbox 740 3551 1090 3614; x_wconf 88' lang='lat' dir='ltr'><strong>defensores</strong></span> <span class='ocrx_word' id='word_1_363' title='bbox 1143 3543 1245 3627; x_wconf 92' lang='lat' dir='ltr'><strong>qui</strong></span> <span class='ocrx_word' id='word_1_364' title='bbox 1279 3549 1630 3626; x_wconf 90' lang='lat' dir='ltr'><strong>potestatem</strong></span> <span class='ocrx_word' id='word_1_365' title='bbox 1683 3539 2048 3605; x_wconf 85' lang='lat' dir='ltr'><strong>defendendi</strong></span> 
     </span>
    </p>
   </div>
   <div class='ocr_carea' id='block_1_67' title="bbox 400 3639 2043 3804">
    <p class='ocr_par' dir='ltr' id='par_1_67' title="bbox 400 3639 2043 3804">
     <span class='ocr_line' id='line_1_67' title="bbox 400 3639 2043 3804; baseline -0.005 -13"><span class='ocrx_word' id='word_1_366' title='bbox 400 3639 752 3804; x_wconf 54' lang='grc' dir='ltr'><strong>Μὲῗυὸυί</strong></span> <span class='ocrx_word' id='word_1_367' title='bbox 782 3747 852 3793; x_wconf 84' lang='lat' dir='ltr'><strong>ex</strong></span> <span class='ocrx_word' id='word_1_368' title='bbox 915 3724 1241 3791; x_wconf 84' lang='lat' dir='ltr'><strong>Donatistis</strong></span> <span class='ocrx_word' id='word_1_369' title='bbox 1271 3728 1722 3798; x_wconf 88' lang='lat' dir='ltr'><strong>convertuntur,</strong></span> <span class='ocrx_word' id='word_1_370' title='bbox 1756 3727 1814 3784; x_wconf 90' lang='lat' dir='ltr'><strong>et</strong></span> <span class='ocrx_word' id='word_1_371' title='bbox 1845 3730 2043 3802; x_wconf 89' lang='lat' dir='ltr'><strong>postu-</strong></span> 
     </span>
    </p>
   </div>
   <div class='ocr_carea' id='block_1_68' title="bbox 399 3811 2042 3900">
    <p class='ocr_par' dir='ltr' id='par_1_68' title="bbox 399 3811 2042 3900">
     <span class='ocr_line' id='line_1_68' title="bbox 399 3811 2042 3900; baseline -0.005 -19"><span class='ocrx_word' id='word_1_372' title='bbox 399 3819 523 3882; x_wconf 89' lang='lat' dir='ltr'><strong>lant</strong></span> <span class='ocrx_word' id='word_1_373' title='bbox 579 3819 856 3900; x_wconf 90' lang='lat' dir='ltr'><strong>proprios</strong></span> <span class='ocrx_word' id='word_1_374' title='bbox 901 3819 1215 3899; x_wconf 85' lang='lat' dir='ltr'><strong>episcopos</strong></span> <span class='ocrx_word' id='word_1_375' title='bbox 1267 3815 1370 3897; x_wconf 90' lang='lat' dir='ltr'><strong>qui</strong></span> <span class='ocrx_word' id='word_1_376' title='bbox 1415 3811 1684 3877; x_wconf 88' lang='lat' dir='ltr'><strong>conversi</strong></span> <span class='ocrx_word' id='word_1_377' title='bbox 1730 3821 1888 3887; x_wconf 88' lang='lat' dir='ltr'><strong>sunt,</strong></span> <span class='ocrx_word' id='word_1_378' title='bbox 1923 3830 2042 3873; x_wconf 94' lang='lat' dir='ltr'><strong>non</strong></span> 
     </span>
    </p>
   </div>
   <div class='ocr_carea' id='block_1_69' title="bbox 399 3902 2040 3990">
    <p class='ocr_par' dir='ltr' id='par_1_69' title="bbox 399 3902 2040 3990">
     <span class='ocr_line' id='line_1_69' title="bbox 399 3902 2040 3990; baseline -0.006 -18"><span class='ocrx_word' id='word_1_379' title='bbox 399 3917 537 3972; x_wconf 91' lang='lat' dir='ltr'><strong>sunt</strong></span> <span class='ocrx_word' id='word_1_380' title='bbox 567 3908 938 3990; x_wconf 88' lang='lat' dir='ltr'><strong>repellendi:</strong></span> <span class='ocrx_word' id='word_1_381' title='bbox 977 3907 1087 3970; x_wconf 88' lang='lat' dir='ltr'><strong>hoc</strong></span> <span class='ocrx_word' id='word_1_382' title='bbox 1137 3923 1276 3968; x_wconf 86' lang='lat' dir='ltr'><strong>vero</strong></span> <span class='ocrx_word' id='word_1_383' title='bbox 1319 3904 1596 3966; x_wconf 88' lang='lat' dir='ltr'><strong>defuncto</strong></span> <span class='ocrx_word' id='word_1_384' title='bbox 1628 3918 1741 3964; x_wconf 89' lang='lat' dir='ltr'><strong>nec</strong></span> <span class='ocrx_word' id='word_1_385' title='bbox 1788 3902 2040 3963; x_wconf 91' lang='lat' dir='ltr'><strong>alterum</strong></span> 
     </span>
    </p>
   </div>
   <div class='ocr_carea' id='block_1_70' title="bbox 398 3993 1916 4079">
    <p class='ocr_par' dir='ltr' id='par_1_70' title="bbox 398 3993 1916 4079">
     <span class='ocr_line' id='line_1_70' title="bbox 398 3993 1916 4079; baseline -0.005 -22"><span class='ocrx_word' id='word_1_386' title='bbox 398 3998 797 4079; x_wconf 84' lang='lat' dir='ltr'><strong>susceperint,</strong></span> <span class='ocrx_word' id='word_1_387' title='bbox 831 3997 882 4061; x_wconf 90' lang='lat' dir='ltr'><strong>si</strong></span> <span class='ocrx_word' id='word_1_388' title='bbox 906 3997 978 4060; x_wconf 87' lang='lat' dir='ltr'><strong>ad</strong></span> <span class='ocrx_word' id='word_1_389' title='bbox 1010 3996 1185 4058; x_wconf 89' lang='lat' dir='ltr'><strong>aliam</strong></span> <span class='ocrx_word' id='word_1_390' title='bbox 1216 3993 1590 4074; x_wconf 77' lang='lat' dir='ltr'><strong>confugerint</strong></span> <span class='ocrx_word' id='word_1_391' title='bbox 1619 3999 1916 4055; x_wconf 85' lang='lat' dir='ltr'><strong>maneant.</strong></span> 
     </span>
    </p>
   </div>
   <div class='ocr_carea' id='block_1_71' title="bbox 477 4169 2039 4253">
    <p class='ocr_par' dir='ltr' id='par_1_71' title="bbox 477 4169 2039 4253">
     <span class='ocr_line' id='line_1_71' title="bbox 477 4169 2039 4253; baseline -0.004 -16"><span class='ocrx_word' id='word_1_392' title='bbox 477 4173 576 4238; x_wconf 88' lang='lat'><strong>63.</strong></span> <span class='ocrx_word' id='word_1_393' title='bbox 613 4175 755 4248; x_wconf 66' lang='lat' dir='ltr'><strong>Quae</strong></span> <span class='ocrx_word' id='word_1_394' title='bbox 785 4173 1060 4253; x_wconf 77' lang='lat' dir='ltr'><strong>conjugis</strong></span> <span class='ocrx_word' id='word_1_395' title='bbox 1108 4173 1461 4248; x_wconf 88' lang='lat' dir='ltr'><strong>dissolvunt,</strong></span> <span class='ocrx_word' id='word_1_396' title='bbox 1489 4170 1607 4233; x_wconf 88' lang='lat' dir='ltr'><strong>nisi</strong></span> <span class='ocrx_word' id='word_1_397' title='bbox 1634 4169 2039 4232; x_wconf 89' lang='lat' dir='ltr'><strong>reconcilien-</strong></span> 
     </span>
    </p>
   </div>
   <div class='ocr_carea' id='block_1_72' title="bbox 393 4257 2039 4346">
    <p class='ocr_par' dir='ltr' id='par_1_72' title="bbox 393 4257 2039 4346">
     <span class='ocr_line' id='line_1_72' title="bbox 393 4257 2039 4346; baseline -0.004 -20"><span class='ocrx_word' id='word_1_398' title='bbox 393 4272 511 4338; x_wconf 90' lang='lat' dir='ltr'><strong>tur,</strong></span> <span class='ocrx_word' id='word_1_399' title='bbox 538 4265 623 4326; x_wconf 91' lang='lat' dir='ltr'><strong>sic</strong></span> <span class='ocrx_word' id='word_1_400' title='bbox 658 4271 1048 4346; x_wconf 84' lang='lat' dir='ltr'><strong>permaneant</strong></span> <span class='ocrx_word' id='word_1_401' title='bbox 1075 4279 1088 4325; x_wconf 93' lang='lat'>:</span> <span class='ocrx_word' id='word_1_402' title='bbox 1124 4261 1282 4344; x_wconf 90' lang='lat' dir='ltr'><strong>quod</strong></span> <span class='ocrx_word' id='word_1_403' title='bbox 1309 4261 1360 4323; x_wconf 86' lang='lat' dir='ltr'><strong>si</strong></span> <span class='ocrx_word' id='word_1_404' title='bbox 1390 4260 1451 4322; x_wconf 93' lang='lat' dir='ltr'><strong>id</strong></span> <span class='ocrx_word' id='word_1_405' title='bbox 1473 4260 1940 4340; x_wconf 88' lang='lat' dir='ltr'><strong>contempserint</strong></span> <span class='ocrx_word' id='word_1_406' title='bbox 1964 4257 2039 4320; x_wconf 90' lang='lat' dir='ltr'><strong>ad</strong></span> 
     </span>
    </p>
   </div>
   <div class='ocr_carea' id='block_1_73' title="bbox 391 4352 1186 4435">
    <p class='ocr_par' dir='ltr' id='par_1_73' title="bbox 391 4352 1186 4435">
     <span class='ocr_line' id='line_1_73' title="bbox 391 4352 1186 4435; baseline -0.009 -18"><span class='ocrx_word' id='word_1_407' title='bbox 391 4353 806 4435; x_wconf 70' lang='lat' dir='ltr'><strong>paenitentiam</strong></span> <span class='ocrx_word' id='word_1_408' title='bbox 839 4352 1186 4432; x_wconf 74' lang='lat' dir='ltr'><strong>adigantur.</strong></span> 
     </span>
    </p>
   </div>
   <div class='ocr_carea' id='block_1_74' title="bbox 472 4437 2031 4524">
    <p class='ocr_par' dir='ltr' id='par_1_74' title="bbox 472 4437 2031 4524">
     <span class='ocr_line' id='line_1_74' title="bbox 472 4437 2031 4524; baseline -0.007 -15"><span class='ocrx_word' id='word_1_409' title='bbox 472 4444 574 4509; x_wconf 79' lang='lat'><strong>64.</strong></span> <span class='ocrx_word' id='word_1_410' title='bbox 609 4443 720 4507; x_wconf 88' lang='lat' dir='ltr'><strong>Cui</strong></span> <span class='ocrx_word' id='word_1_411' title='bbox 746 4441 1050 4524; x_wconf 88' lang='lat' dir='ltr'><strong>publicum</strong></span> <span class='ocrx_word' id='word_1_412' title='bbox 1071 4438 1146 4503; x_wconf 85' lang='lat' dir='ltr'><strong>ab</strong></span> <span class='ocrx_word' id='word_1_413' title='bbox 1174 4439 1534 4520; x_wconf 87' lang='lat' dir='ltr'><strong>imperatore</strong></span> <span class='ocrx_word' id='word_1_414' title='bbox 1549 4437 1844 4517; x_wconf 87' lang='lat' dir='ltr'><strong>judicium</strong></span> <span class='ocrx_word' id='word_1_415' title='bbox 1867 4437 2031 4518; x_wconf 91' lang='lat' dir='ltr'><strong>petit,</strong></span> 
     </span>
    </p>
   </div>
   <div class='ocr_carea' id='block_1_75' title="bbox 393 4531 1000 4612">
    <p class='ocr_par' dir='ltr' id='par_1_75' title="bbox 393 4531 1000 4612">
     <span class='ocr_line' id='line_1_75' title="bbox 393 4531 1000 4612; baseline 0.002 -19"><span class='ocrx_word' id='word_1_416' title='bbox 393 4549 515 4594; x_wconf 90' lang='lat' dir='ltr'><strong>non</strong></span> <span class='ocrx_word' id='word_1_417' title='bbox 544 4540 635 4594; x_wconf 91' lang='lat' dir='ltr'><strong>est</strong></span> <span class='ocrx_word' id='word_1_418' title='bbox 658 4531 1000 4612; x_wconf 88' lang='lat' dir='ltr'><strong>episcopus.</strong></span> 
     </span>
    </p>
   </div>
   <div class='ocr_carea' id='block_1_76' title="bbox 467 4615 2036 4702">
    <p class='ocr_par' dir='ltr' id='par_1_76' title="bbox 467 4615 2036 4702">
     <span class='ocr_line' id='line_1_76' title="bbox 467 4615 2036 4702; baseline -0.003 -19"><span class='ocrx_word' id='word_1_419' title='bbox 467 4623 569 4683; x_wconf 89' lang='lat'><strong>65.</strong></span> <span class='ocrx_word' id='word_1_420' title='bbox 629 4621 741 4694; x_wconf 88' lang='lat' dir='ltr'><strong>Qui</strong></span> <span class='ocrx_word' id='word_1_421' title='bbox 799 4620 1057 4702; x_wconf 90' lang='lat' dir='ltr'><strong>primum</strong></span> <span class='ocrx_word' id='word_1_422' title='bbox 1118 4618 1422 4681; x_wconf 89' lang='lat' dir='ltr'><strong>hominem</strong></span> <span class='ocrx_word' id='word_1_423' title='bbox 1469 4615 1637 4694; x_wconf 81' lang='lat' dir='ltr'><strong>dicit,</strong></span> <span class='ocrx_word' id='word_1_424' title='bbox 1667 4615 1844 4678; x_wconf 86' lang='lat' dir='ltr'><strong>etiam</strong></span> <span class='ocrx_word' id='word_1_425' title='bbox 1903 4615 2036 4678; x_wconf 91' lang='lat' dir='ltr'><strong>sine</strong></span> 
     </span>
    </p>
   </div>
   <div class='ocr_carea' id='block_1_77' title="bbox 387 4708 2032 4793">
    <p class='ocr_par' dir='ltr' id='par_1_77' title="bbox 387 4708 2032 4793">
     <span class='ocr_line' id='line_1_77' title="bbox 387 4708 2032 4793; baseline -0.003 -20"><span class='ocrx_word' id='word_1_426' title='bbox 387 4718 632 4793; x_wconf 88' lang='lat' dir='ltr'><strong>peccato</strong></span> <span class='ocrx_word' id='word_1_427' title='bbox 662 4709 848 4772; x_wconf 90' lang='lat' dir='ltr'><strong>fuisse</strong></span> <span class='ocrx_word' id='word_1_428' title='bbox 880 4708 1232 4772; x_wconf 90' lang='lat' dir='ltr'><strong>moriturum</strong></span> <span class='ocrx_word' id='word_1_429' title='bbox 1270 4716 1512 4789; x_wconf 87' lang='lat' dir='ltr'><strong>propter</strong></span> <span class='ocrx_word' id='word_1_430' title='bbox 1540 4715 1764 4770; x_wconf 81' lang='lat' dir='ltr'><strong>naturae</strong></span> <span class='ocrx_word' id='word_1_431' title='bbox 1815 4724 2032 4768; x_wconf 89' lang='lat' dir='ltr'><strong>neces-</strong></span> 
     </span>
    </p>
   </div>
   <div class='ocr_carea' id='block_1_78' title="bbox 387 4800 1122 4884">
    <p class='ocr_par' dir='ltr' id='par_1_78' title="bbox 387 4800 1122 4884">
     <span class='ocr_line' id='line_1_78' title="bbox 387 4800 1122 4884; baseline -0.001 -21"><span class='ocrx_word' id='word_1_432' title='bbox 387 4802 646 4884; x_wconf 85' lang='lat' dir='ltr'><strong>sitatem,</strong></span> <span class='ocrx_word' id='word_1_433' title='bbox 679 4802 994 4864; x_wconf 89' lang='lat' dir='ltr'><strong>anathema</strong></span> <span class='ocrx_word' id='word_1_434' title='bbox 1025 4800 1122 4863; x_wconf 90' lang='lat' dir='ltr'><strong>sit.</strong></span> 
     </span>
    </p>
   </div>
   <div class='ocr_carea' id='block_1_79' title="bbox 464 4887 2030 4971">
    <p class='ocr_par' dir='ltr' id='par_1_79' title="bbox 464 4887 2030 4971">
     <span class='ocr_line' id='line_1_79' title="bbox 464 4887 2030 4971; baseline -0.003 -16"><span class='ocrx_word' id='word_1_435' title='bbox 464 4891 566 4955; x_wconf 91' lang='lat'><strong>66.</strong></span> <span class='ocrx_word' id='word_1_436' title='bbox 597 4890 708 4963; x_wconf 89' lang='lat' dir='ltr'><strong>Qui</strong></span> <span class='ocrx_word' id='word_1_437' title='bbox 735 4890 880 4952; x_wconf 91' lang='lat' dir='ltr'><strong>dicit</strong></span> <span class='ocrx_word' id='word_1_438' title='bbox 909 4890 1166 4953; x_wconf 89' lang='lat' dir='ltr'><strong>infantes</strong></span> <span class='ocrx_word' id='word_1_439' title='bbox 1187 4889 1288 4971; x_wconf 92' lang='lat' dir='ltr'><strong>qui</strong></span> <span class='ocrx_word' id='word_1_440' title='bbox 1329 4906 1544 4951; x_wconf 83' lang='lat' dir='ltr'><strong>recens</strong></span> <span class='ocrx_word' id='word_1_441' title='bbox 1571 4887 1693 4949; x_wconf 91' lang='lat' dir='ltr'><strong>nati</strong></span> <span class='ocrx_word' id='word_1_442' title='bbox 1720 4887 2030 4968; x_wconf 88' lang='lat' dir='ltr'><strong>baptizan-</strong></span> 
     </span>
    </p>
   </div>
   <div class='ocr_carea' id='block_1_80' title="bbox 381 4976 2032 5060">
    <p class='ocr_par' dir='ltr' id='par_1_80' title="bbox 381 4976 2032 5060">
     <span class='ocr_line' id='line_1_80' title="bbox 381 4976 2032 5060; baseline -0.002 -17"><span class='ocrx_word' id='word_1_443' title='bbox 381 4990 500 5059; x_wconf 90' lang='lat' dir='ltr'><strong>tnr,</strong></span> <span class='ocrx_word' id='word_1_444' title='bbox 531 4980 676 5043; x_wconf 85' lang='lat' dir='ltr'><strong>nihil</strong></span> <span class='ocrx_word' id='word_1_445' title='bbox 701 4997 772 5043; x_wconf 83' lang='lat' dir='ltr'><strong>ex</strong></span> <span class='ocrx_word' id='word_1_446' title='bbox 791 4978 1008 5043; x_wconf 87' lang='lat' dir='ltr'><strong>Adami</strong></span> <span class='ocrx_word' id='word_1_447' title='bbox 1031 4987 1273 5060; x_wconf 90' lang='lat' dir='ltr'><strong>peccato</strong></span> <span class='ocrx_word' id='word_1_448' title='bbox 1300 4977 1536 5040; x_wconf 88' lang='lat' dir='ltr'><strong>trahere</strong></span> <span class='ocrx_word' id='word_1_449' title='bbox 1553 4976 1710 5058; x_wconf 88' lang='lat' dir='ltr'><strong>quod</strong></span> <span class='ocrx_word' id='word_1_450' title='bbox 1737 4978 2032 5057; x_wconf 81' lang='lat' dir='ltr'><strong>baptismo</strong></span> 
     </span>
    </p>
   </div>
   <div class='ocr_carea' id='block_1_81' title="bbox 384 5068 2032 5153">
    <p class='ocr_par' dir='ltr' id='par_1_81' title="bbox 384 5068 2032 5153">
     <span class='ocr_line' id='line_1_81' title="bbox 384 5068 2032 5153; baseline -0.004 -19"><span class='ocrx_word' id='word_1_451' title='bbox 384 5082 765 5153; x_wconf 79' lang='lat' dir='ltr'><strong>expurgetur,</strong></span> <span class='ocrx_word' id='word_1_452' title='bbox 801 5068 1212 5132; x_wconf 80' lang='lat' dir='ltr'><strong>exsecrandus</strong></span> <span class='ocrx_word' id='word_1_453' title='bbox 1244 5076 1354 5130; x_wconf 91' lang='lat' dir='ltr'><strong>est.</strong></span> <span class='ocrx_word' id='word_1_454' title='bbox 1411 5069 1527 5130; x_wconf 90' lang='lat' dir='ltr'><strong>Per</strong></span> <span class='ocrx_word' id='word_1_455' title='bbox 1557 5085 1741 5129; x_wconf 91' lang='lat' dir='ltr'><strong>unum</strong></span> <span class='ocrx_word' id='word_1_456' title='bbox 1786 5069 1942 5130; x_wconf 87' lang='lat' dir='ltr'><strong>enim</strong></span> <span class='ocrx_word' id='word_1_457' title='bbox 1973 5074 2032 5130; x_wconf 90' lang='lat' dir='ltr'><strong>et</strong></span> 
     </span>
    </p>
   </div>
   <div class='ocr_carea' id='block_1_82' title="bbox 386 5157 1705 5241">
    <p class='ocr_par' dir='ltr' id='par_1_82' title="bbox 386 5157 1705 5241">
     <span class='ocr_line' id='line_1_82' title="bbox 386 5157 1705 5241; baseline -0.004 -18"><span class='ocrx_word' id='word_1_458' title='bbox 386 5180 546 5224; x_wconf 90' lang='lat' dir='ltr'><strong>mors</strong></span> <span class='ocrx_word' id='word_1_459' title='bbox 576 5170 636 5224; x_wconf 90' lang='lat' dir='ltr'><strong>et</strong></span> <span class='ocrx_word' id='word_1_460' title='bbox 664 5168 970 5241; x_wconf 90' lang='lat' dir='ltr'><strong>peccatum</strong></span> <span class='ocrx_word' id='word_1_461' title='bbox 1003 5159 1063 5220; x_wconf 92' lang='lat' dir='ltr'><strong>in</strong></span> <span class='ocrx_word' id='word_1_462' title='bbox 1098 5160 1375 5220; x_wconf 90' lang='lat' dir='ltr'><strong>universo</strong></span> <span class='ocrx_word' id='word_1_463' title='bbox 1408 5158 1630 5219; x_wconf 87' lang='lat' dir='ltr'><strong>mundo</strong></span> <span class='ocrx_word' id='word_1_464' title='bbox 1659 5157 1705 5217; x_wconf 66' lang='lat'><strong>9.</strong></span> 
     </span>
    </p>
   </div>
   <div class='ocr_carea' id='block_1_83' title="bbox 465 5246 2023 5326">
    <p class='ocr_par' dir='ltr' id='par_1_83' title="bbox 465 5246 2023 5326">
     <span class='ocr_line' id='line_1_83' title="bbox 465 5246 2023 5326; baseline -0.001 -15"><span class='ocrx_word' id='word_1_465' title='bbox 465 5253 566 5313; x_wconf 89' lang='lat'><strong>67.</strong></span> <span class='ocrx_word' id='word_1_466' title='bbox 601 5250 712 5322; x_wconf 91' lang='lat' dir='ltr'><strong>Qui</strong></span> <span class='ocrx_word' id='word_1_467' title='bbox 744 5250 918 5312; x_wconf 91' lang='lat' dir='ltr'><strong>docet</strong></span> <span class='ocrx_word' id='word_1_468' title='bbox 949 5249 1057 5312; x_wconf 90' lang='lat' dir='ltr'><strong>Dei</strong></span> <span class='ocrx_word' id='word_1_469' title='bbox 1105 5249 1351 5326; x_wconf 84' lang='lat' dir='ltr'><strong>gratiam</strong></span> <span class='ocrx_word' id='word_1_470' title='bbox 1382 5246 1796 5310; x_wconf 88' lang='lat' dir='ltr'><strong>remissionem</strong></span> <span class='ocrx_word' id='word_1_471' title='bbox 1839 5247 2023 5310; x_wconf 86' lang='lat' dir='ltr'><strong>solam</strong></span> 
     </span>
    </p>
   </div>
   <div class='ocr_carea' id='block_1_84' title="bbox 381 5336 2024 5417">
    <p class='ocr_par' dir='ltr' id='par_1_84' title="bbox 381 5336 2024 5417">
     <span class='ocr_line' id='line_1_84' title="bbox 381 5336 2024 5417; baseline -0.002 -17"><span class='ocrx_word' id='word_1_472' title='bbox 381 5346 767 5417; x_wconf 87' lang='lat' dir='ltr'><strong>peccatorum</strong></span> <span class='ocrx_word' id='word_1_473' title='bbox 821 5337 946 5417; x_wconf 89' lang='lat' dir='ltr'><strong>jam</strong></span> <span class='ocrx_word' id='word_1_474' title='bbox 1007 5338 1463 5399; x_wconf 86' lang='lat' dir='ltr'><strong>commissorum</strong></span> <span class='ocrx_word' id='word_1_475' title='bbox 1510 5336 1866 5417; x_wconf 70' lang='lat' dir='ltr'><strong>continere,</strong></span> <span class='ocrx_word' id='word_1_476' title='bbox 1907 5355 2024 5397; x_wconf 92' lang='lat' dir='ltr'><strong>non</strong></span> 
     </span>
    </p>
   </div>
   <div class='ocr_carea' id='block_1_85' title="bbox 376 5416 2024 5493">
    <p class='ocr_par' dir='ltr' id='par_1_85' title="bbox 376 5416 2024 5493">
     <span class='ocr_line' id='line_1_85' title="bbox 376 5416 2024 5493; baseline 0.002 -18"><span class='ocrx_word' id='word_1_477' title='bbox 376 5416 518 5482; x_wconf 80' lang='lat' dir='ltr'><strong>vero</strong></span> <span class='ocrx_word' id='word_1_478' title='bbox 577 5420 758 5483; x_wconf 89' lang='lat' dir='ltr'><strong>etiam</strong></span> <span class='ocrx_word' id='word_1_479' title='bbox 789 5416 864 5480; x_wconf 83' lang='lat' dir='ltr'><strong>ad</strong></span> <span class='ocrx_word' id='word_1_480' title='bbox 910 5418 1200 5481; x_wconf 81' lang='lat' dir='ltr'><strong>auxilium</strong></span> <span class='ocrx_word' id='word_1_481' title='bbox 1233 5427 1441 5482; x_wconf 89' lang='lat' dir='ltr'><strong>contra</strong></span> <span class='ocrx_word' id='word_1_482' title='bbox 1497 5416 1695 5480; x_wconf 85' lang='lat' dir='ltr'><strong>futura</strong></span> <span class='ocrx_word' id='word_1_483' title='bbox 1744 5416 1895 5493; x_wconf 88' lang='lat' dir='ltr'><strong>dari,</strong></span> <span class='ocrx_word' id='word_1_484' title='bbox 1932 5417 2024 5479; x_wconf 88' lang='lat' dir='ltr'><strong>bis</strong></span> 
     </span>
    </p>
   </div>
   <div class='ocr_carea' id='block_1_86' title="bbox 381 5510 923 5574">
    <p class='ocr_par' dir='ltr' id='par_1_86' title="bbox 381 5510 923 5574">
     <span class='ocr_line' id='line_1_86' title="bbox 381 5510 923 5574; baseline 0.011 -6"><span class='ocrx_word' id='word_1_485' title='bbox 381 5510 782 5574; x_wconf 85' lang='lat' dir='ltr'><strong>exsecrandus</strong></span> <span class='ocrx_word' id='word_1_486' title='bbox 811 5517 923 5574; x_wconf 87' lang='lat' dir='ltr'><strong>est.</strong></span> 
     </span>
    </p>
   </div>
   <div class='ocr_carea' id='block_1_87' title="bbox 454 5702 1528 5783">
    <p class='ocr_par' dir='ltr' id='par_1_87' title="bbox 454 5702 1528 5783">
     <span class='ocr_line' id='line_1_87' title="bbox 454 5702 1528 5783; baseline -0.001 -17"><span class='ocrx_word' id='word_1_487' title='bbox 454 5705 472 5752; x_wconf 84' lang='grc'>¹</span> <span class='ocrx_word' id='word_1_488' title='bbox 512 5702 644 5769; x_wconf 80' lang='lat' dir='ltr'><strong>Act.</strong></span> <span class='ocrx_word' id='word_1_489' title='bbox 672 5719 840 5781; x_wconf 79' lang='lat' dir='ltr'><strong>nm,</strong></span> <span class='ocrx_word' id='word_1_490' title='bbox 883 5705 978 5768; x_wconf 77' lang='lat' dir='ltr'><strong>i2.</strong></span> <span class='ocrx_word' id='word_1_491' title='bbox 1066 5705 1099 5756; x_wconf 64' lang='lat'><strong>3</strong></span> <span class='ocrx_word' id='word_1_492' title='bbox 1127 5706 1300 5767; x_wconf 80' lang='lat' dir='ltr'><strong>Rom.</strong></span> <span class='ocrx_word' id='word_1_493' title='bbox 1333 5721 1393 5783; x_wconf 76' lang='grc' dir='ltr'><strong>ν,</strong></span> <span class='ocrx_word' id='word_1_494' title='bbox 1431 5704 1528 5765; x_wconf 72' lang='grc'><strong>12.</strong></span> 
     </span>
    </p>
   </div>
   <div class='ocr_carea' id='block_1_88' title="bbox 2130 3271 2364 3339">
    <p class='ocr_par' dir='ltr' id='par_1_88' title="bbox 2130 3271 2364 3339">
     <span class='ocr_line' id='line_1_88' title="bbox 2130 3271 2364 3339; baseline 0.021 -11"><span class='ocrx_word' id='word_1_495' title='bbox 2130 3271 2342 3339; x_wconf 67' lang='grc' dir='ltr'>ἐπόειος</span> <span class='ocrx_word' id='word_1_496' title='bbox 2352 3319 2364 3333; x_wconf 93' lang='grc'><strong>.</strong></span> 
     </span>
    </p>
   </div>
   <div class='ocr_carea' id='block_1_89' title="bbox 2210 3359 3768 3436">
    <p class='ocr_par' dir='ltr' id='par_1_89' title="bbox 2210 3359 3768 3436">
     <span class='ocr_line' id='line_1_89' title="bbox 2210 3359 3768 3436; baseline 0.003 -14"><span class='ocrx_word' id='word_1_497' title='bbox 2210 3360 2277 3427; x_wconf 82' lang='grc' dir='ltr'><strong>ξ’.</strong></span> <span class='ocrx_word' id='word_1_498' title='bbox 2340 3359 2680 3421; x_wconf 81' lang='grc' dir='ltr'>Ἐκϐιϐασταὶ</span> <span class='ocrx_word' id='word_1_499' title='bbox 2735 3362 2961 3423; x_wconf 81' lang='grc' dir='ltr'>δίδονται</span> <span class='ocrx_word' id='word_1_500' title='bbox 3017 3365 3104 3423; x_wconf 81' lang='grc' dir='ltr'><strong>δια</strong></span> <span class='ocrx_word' id='word_1_501' title='bbox 3169 3367 3266 3432; x_wconf 80' lang='grc' dir='ltr'><strong>τὰς</strong></span> <span class='ocrx_word' id='word_1_502' title='bbox 3321 3367 3768 3436; x_wconf 74' lang='grc' dir='ltr'>ἒκκλησιαστικας</span> 
     </span>
    </p>
   </div>
   <div class='ocr_carea' id='block_1_90' title="bbox 2128 3449 2463 3532">
    <p class='ocr_par' dir='ltr' id='par_1_90' title="bbox 2128 3449 2463 3532">
     <span class='ocr_line' id='line_1_90' title="bbox 2128 3449 2463 3532; baseline 0.003 -24"><span class='ocrx_word' id='word_1_503' title='bbox 2128 3449 2438 3532; x_wconf 78' lang='grc' dir='ltr'>δυσχερείας</span> <span class='ocrx_word' id='word_1_504' title='bbox 2450 3498 2463 3513; x_wconf 95' lang='grc'><strong>.</strong></span> 
     </span>
    </p>
   </div>
   <div class='ocr_carea' id='block_1_91' title="bbox 2211 3540 3762 3628">
    <p class='ocr_par' dir='ltr' id='par_1_91' title="bbox 2211 3540 3762 3628">
     <span class='ocr_line' id='line_1_91' title="bbox 2211 3540 3762 3628; baseline 0.005 -30"><span class='ocrx_word' id='word_1_505' title='bbox 2211 3542 2316 3606; x_wconf 67' lang='lat' dir='ltr'><strong>Eu’.</strong></span> <span class='ocrx_word' id='word_1_506' title='bbox 2356 3543 2450 3600; x_wconf 79' lang='grc' dir='ltr'><strong>Καὶ</strong></span> <span class='ocrx_word' id='word_1_507' title='bbox 2495 3540 2692 3602; x_wconf 73' lang='grc' dir='ltr'>ἔκδικοι</span> <span class='ocrx_word' id='word_1_508' title='bbox 2721 3545 2818 3613; x_wconf 77' lang='grc' dir='ltr'>τὴν</span> <span class='ocrx_word' id='word_1_509' title='bbox 2870 3548 3050 3625; x_wconf 86' lang='grc' dir='ltr'>κυρίαν</span> <span class='ocrx_word' id='word_1_510' title='bbox 3089 3547 3188 3614; x_wconf 76' lang='grc' dir='ltr'><strong>τῆς</strong></span> <span class='ocrx_word' id='word_1_511' title='bbox 3221 3544 3540 3618; x_wconf 76' lang='grc' dir='ltr'>ἒκδικήσεως</span> <span class='ocrx_word' id='word_1_512' title='bbox 3598 3546 3762 3628; x_wconf 76' lang='grc' dir='ltr'>ἔχον-</span> 
     </span>
    </p>
   </div>
   <div class='ocr_carea' id='block_1_92' title="bbox 2126 3651 2238 3697">
    <p class='ocr_par' dir='ltr' id='par_1_92' title="bbox 2126 3651 2238 3697">
     <span class='ocr_line' id='line_1_92' title="bbox 2126 3651 2238 3697; baseline -0.045 0"><span class='ocrx_word' id='word_1_513' title='bbox 2126 3651 2238 3697; x_wconf 81' lang='grc' dir='ltr'>τες.</span> 
     </span>
    </p>
   </div>
   <div class='ocr_carea' id='block_1_93' title="bbox 2206 3720 3766 3806">
    <p class='ocr_par' dir='ltr' id='par_1_93' title="bbox 2206 3720 3766 3806">
     <span class='ocr_line' id='line_1_93' title="bbox 2206 3720 3766 3806; baseline 0.004 -29"><span class='ocrx_word' id='word_1_514' title='bbox 2206 3720 2309 3798; x_wconf 70' lang='lat' dir='ltr'><strong>Ep’.</strong></span> <span class='ocrx_word' id='word_1_515' title='bbox 2357 3723 2417 3778; x_wconf 79' lang='grc' dir='ltr'><strong>Οἱ</strong></span> <span class='ocrx_word' id='word_1_516' title='bbox 2457 3721 2564 3778; x_wconf 77' lang='grc' dir='ltr'>ὰπὸ</span> <span class='ocrx_word' id='word_1_517' title='bbox 2618 3725 2724 3779; x_wconf 80' lang='grc' dir='ltr'>τῶν</span> <span class='ocrx_word' id='word_1_518' title='bbox 2788 3732 3121 3783; x_wconf 82' lang='grc' dir='ltr'>Δονατιστῶν</span> <span class='ocrx_word' id='word_1_519' title='bbox 3171 3723 3642 3806; x_wconf 70' lang='grc' dir='ltr'>μεταστρέφοντες,</span> <span class='ocrx_word' id='word_1_520' title='bbox 3674 3729 3766 3784; x_wconf 75' lang='grc' dir='ltr'>καὶ</span> 
     </span>
    </p>
   </div>
   <div class='ocr_carea' id='block_1_94' title="bbox 2125 3807 3764 3892">
    <p class='ocr_par' dir='ltr' id='par_1_94' title="bbox 2125 3807 3764 3892">
     <span class='ocr_line' id='line_1_94' title="bbox 2125 3807 3764 3892; baseline 0.003 -24"><span class='ocrx_word' id='word_1_521' title='bbox 2125 3812 2245 3874; x_wconf 85' lang='grc' dir='ltr'>τοὺς</span> <span class='ocrx_word' id='word_1_522' title='bbox 2303 3807 2457 3872; x_wconf 75' lang='grc' dir='ltr'>ἰδίους</span> <span class='ocrx_word' id='word_1_523' title='bbox 2519 3811 2818 3883; x_wconf 81' lang='grc' dir='ltr'>αἰτούμενοι</span> <span class='ocrx_word' id='word_1_524' title='bbox 2878 3813 3197 3877; x_wconf 72' lang='grc' dir='ltr'>ἐπισκόπους</span> <span class='ocrx_word' id='word_1_525' title='bbox 3275 3817 3764 3892; x_wconf 79' lang='grc' dir='ltr'>μεταστρέψαντας,</span> 
     </span>
    </p>
   </div>
   <div class='ocr_carea' id='block_1_95' title="bbox 2124 3899 3768 3984">
    <p class='ocr_par' dir='ltr' id='par_1_95' title="bbox 2124 3899 3768 3984">
     <span class='ocr_line' id='line_1_95' title="bbox 2124 3899 3768 3984; baseline 0.001 -25"><span class='ocrx_word' id='word_1_526' title='bbox 2124 3901 2503 3981; x_wconf 81' lang='grc' dir='ltr'>ἀπαραίτητοι·</span> <span class='ocrx_word' id='word_1_527' title='bbox 2564 3902 2748 3958; x_wconf 85' lang='grc' dir='ltr'>τούτου</span> <span class='ocrx_word' id='word_1_528' title='bbox 2804 3899 2859 3957; x_wconf 74' lang='grc' dir='ltr'>δὲ</span> <span class='ocrx_word' id='word_1_529' title='bbox 2915 3903 3357 3978; x_wconf 72' lang='grc' dir='ltr'>τελευτήσαντος,</span> <span class='ocrx_word' id='word_1_530' title='bbox 3391 3908 3437 3960; x_wconf 80' lang='grc' dir='ltr'>οἱ</span> <span class='ocrx_word' id='word_1_531' title='bbox 3483 3907 3559 3971; x_wconf 74' lang='grc' dir='ltr'>μὴ</span> <span class='ocrx_word' id='word_1_532' title='bbox 3613 3903 3768 3984; x_wconf 68' lang='grc' dir='ltr'>δεχό-</span> 
     </span>
    </p>
   </div>
   <div class='ocr_carea' id='block_1_96' title="bbox 2124 3989 3767 4073">
    <p class='ocr_par' dir='ltr' id='par_1_96' title="bbox 2124 3989 3767 4073">
     <span class='ocr_line' id='line_1_96' title="bbox 2124 3989 3767 4073; baseline 0.002 -25"><span class='ocrx_word' id='word_1_533' title='bbox 2124 4014 2276 4068; x_wconf 89' lang='grc' dir='ltr'>μενοι</span> <span class='ocrx_word' id='word_1_534' title='bbox 2335 3989 2534 4067; x_wconf 80' lang='grc' dir='ltr'>ἕτερον,</span> <span class='ocrx_word' id='word_1_535' title='bbox 2567 3993 2611 4047; x_wconf 82' lang='grc' dir='ltr'>εἰ</span> <span class='ocrx_word' id='word_1_536' title='bbox 2660 3991 2742 4048; x_wconf 79' lang='grc' dir='ltr'><strong>ἐπ’</strong></span> <span class='ocrx_word' id='word_1_537' title='bbox 2804 3991 2966 4050; x_wconf 75' lang='grc' dir='ltr'>ἄλλον</span> <span class='ocrx_word' id='word_1_538' title='bbox 3010 3995 3296 4052; x_wconf 71' lang='grc' dir='ltr'>ἐπίσκοπον</span> <span class='ocrx_word' id='word_1_539' title='bbox 3356 3995 3767 4073; x_wconf 76' lang='grc' dir='ltr'>καταφεύγουσι,</span> 
     </span>
    </p>
   </div>
   <div class='ocr_carea' id='block_1_97' title="bbox 2123 4082 2357 4157">
    <p class='ocr_par' dir='ltr' id='par_1_97' title="bbox 2123 4082 2357 4157">
     <span class='ocr_line' id='line_1_97' title="bbox 2123 4082 2357 4157; baseline 0.013 -20"><span class='ocrx_word' id='word_1_540' title='bbox 2123 4082 2357 4157; x_wconf 87' lang='grc' dir='ltr'>μένοιεν.</span> 
     </span>
    </p>
   </div>
   <div class='ocr_carea' id='block_1_98' title="bbox 2203 4166 3766 4251">
    <p class='ocr_par' dir='ltr' id='par_1_98' title="bbox 2203 4166 3766 4251">
     <span class='ocr_line' id='line_1_98' title="bbox 2203 4166 3766 4251; baseline 0.003 -24"><span class='ocrx_word' id='word_1_541' title='bbox 2203 4166 2309 4248; x_wconf 77' lang='grc' dir='ltr'><strong>ξγ’.</strong></span> <span class='ocrx_word' id='word_1_542' title='bbox 2353 4172 2414 4227; x_wconf 81' lang='grc' dir='ltr'><strong>Αἱ</strong></span> <span class='ocrx_word' id='word_1_543' title='bbox 2457 4171 2777 4246; x_wconf 80' lang='grc' dir='ltr'>τεμνόμεναι</span> <span class='ocrx_word' id='word_1_544' title='bbox 2822 4172 3061 4251; x_wconf 81' lang='grc' dir='ltr'>συζύγια,</span> <span class='ocrx_word' id='word_1_545' title='bbox 3098 4174 3142 4229; x_wconf 77' lang='grc' dir='ltr'>εἰ</span> <span class='ocrx_word' id='word_1_546' title='bbox 3173 4175 3250 4248; x_wconf 76' lang='grc' dir='ltr'>μὴ</span> <span class='ocrx_word' id='word_1_547' title='bbox 3294 4174 3766 4247; x_wconf 74' lang='grc' dir='ltr'>καταλλάττοιντο,</span> 
     </span>
    </p>
   </div>
   <div class='ocr_carea' id='block_1_99' title="bbox 2121 4255 3768 4343">
    <p class='ocr_par' dir='ltr' id='par_1_99' title="bbox 2121 4255 3768 4343">
     <span class='ocr_line' id='line_1_99' title="bbox 2121 4255 3768 4343; baseline 0.004 -29"><span class='ocrx_word' id='word_1_548' title='bbox 2121 4255 2512 4334; x_wconf 83' lang='grc' dir='ltr'>διαμενέτωσαν</span> <span class='ocrx_word' id='word_1_549' title='bbox 2597 4262 2783 4324; x_wconf 79' lang='grc' dir='ltr'>οὕτως·</span> <span class='ocrx_word' id='word_1_550' title='bbox 2873 4264 2917 4319; x_wconf 79' lang='grc' dir='ltr'><strong>εί</strong></span> <span class='ocrx_word' id='word_1_551' title='bbox 3001 4261 3055 4318; x_wconf 78' lang='grc' dir='ltr'><strong>δὲ</strong></span> <span class='ocrx_word' id='word_1_552' title='bbox 3105 4264 3229 4343; x_wconf 69' lang='grc' dir='ltr'><strong>μή,</strong></span> <span class='ocrx_word' id='word_1_553' title='bbox 3283 4267 3413 4340; x_wconf 83' lang='grc' dir='ltr'>πρὸς</span> <span class='ocrx_word' id='word_1_554' title='bbox 3485 4265 3768 4340; x_wconf 84' lang='grc' dir='ltr'>μετάνοιαν</span> 
     </span>
    </p>
   </div>
   <div class='ocr_carea' id='block_1_100' title="bbox 2120 4347 2529 4426">
    <p class='ocr_par' dir='ltr' id='par_1_100' title="bbox 2120 4347 2529 4426">
     <span class='ocr_line' id='line_1_100' title="bbox 2120 4347 2529 4426; baseline 0.01 -22"><span class='ocrx_word' id='word_1_555' title='bbox 2120 4347 2529 4426; x_wconf 81' lang='grc' dir='ltr'>ἀναγκάζονται.</span> 
     </span>
    </p>
   </div>
   <div class='ocr_carea' id='block_1_101' title="bbox 2199 4435 3766 4523">
    <p class='ocr_par' dir='ltr' id='par_1_101' title="bbox 2199 4435 3766 4523">
     <span class='ocr_line' id='line_1_101' title="bbox 2199 4435 3766 4523; baseline 0.003 -30"><span class='ocrx_word' id='word_1_556' title='bbox 2199 4435 2297 4503; x_wconf 77' lang='grc' dir='ltr'>ξδ’,</span> <span class='ocrx_word' id='word_1_557' title='bbox 2365 4439 2638 4516; x_wconf 85' lang='grc' dir='ltr'>Δημοσίαν</span> <span class='ocrx_word' id='word_1_558' title='bbox 2683 4441 2849 4519; x_wconf 85' lang='grc' dir='ltr'>κρίσιν</span> <span class='ocrx_word' id='word_1_559' title='bbox 2879 4441 2906 4496; x_wconf 84' lang='grc' dir='ltr'>ὁ</span> <span class='ocrx_word' id='word_1_560' title='bbox 2965 4441 3106 4516; x_wconf 82' lang='grc' dir='ltr'>παρὰ</span> <span class='ocrx_word' id='word_1_561' title='bbox 3135 4441 3398 4517; x_wconf 84' lang='grc' dir='ltr'>βασιλέως</span> <span class='ocrx_word' id='word_1_562' title='bbox 3455 4444 3639 4523; x_wconf 74' lang='grc' dir='ltr'>αἰτῶν,</span> <span class='ocrx_word' id='word_1_563' title='bbox 3671 4445 3766 4502; x_wconf 72' lang='grc' dir='ltr'><strong>οὐκ</strong></span> 
     </span>
    </p>
   </div>
   <div class='ocr_carea' id='block_1_102' title="bbox 2055 4526 2428 4608">
    <p class='ocr_par' dir='ltr' id='par_1_102' title="bbox 2055 4526 2428 4608">
     <span class='ocr_line' id='line_1_102' title="bbox 2055 4526 2428 4608; baseline 0.011 -25"><span class='ocrx_word' id='word_1_564' title='bbox 2055 4555 2101 4608; x_wconf 78' lang='lat' dir='ltr'><strong>D</strong></span> <span class='ocrx_word' id='word_1_565' title='bbox 2117 4526 2428 4592; x_wconf 79' lang='grc' dir='ltr'>ἐπίσκοπος.</span> 
     </span>
    </p>
   </div>
   <div class='ocr_carea' id='block_1_103' title="bbox 2196 4616 3759 4700">
    <p class='ocr_par' dir='ltr' id='par_1_103' title="bbox 2196 4616 3759 4700">
     <span class='ocr_line' id='line_1_103' title="bbox 2196 4616 3759 4700; baseline 0.003 -28"><span class='ocrx_word' id='word_1_566' title='bbox 2196 4616 2296 4682; x_wconf 80' lang='grc' dir='ltr'>Εε’,</span> <span class='ocrx_word' id='word_1_567' title='bbox 2357 4619 2458 4676; x_wconf 84' lang='grc' dir='ltr'><strong>Τὸν</strong></span> <span class='ocrx_word' id='word_1_568' title='bbox 2489 4616 2908 4695; x_wconf 82' lang='grc' dir='ltr'>πρωτόπλαστον</span> <span class='ocrx_word' id='word_1_569' title='bbox 2965 4619 2992 4674; x_wconf 83' lang='grc' dir='ltr'><strong>ὁ</strong></span> <span class='ocrx_word' id='word_1_570' title='bbox 3048 4617 3219 4697; x_wconf 82' lang='grc' dir='ltr'>λέγων</span> <span class='ocrx_word' id='word_1_571' title='bbox 3277 4621 3365 4676; x_wconf 82' lang='grc' dir='ltr'><strong>καὶ</strong></span> <span class='ocrx_word' id='word_1_572' title='bbox 3392 4620 3521 4700; x_wconf 82' lang='grc' dir='ltr'>δίχα</span> <span class='ocrx_word' id='word_1_573' title='bbox 3577 4620 3759 4695; x_wconf 84' lang='grc' dir='ltr'>ἆμαρ-</span> 
     </span>
    </p>
   </div>
   <div class='ocr_carea' id='block_1_104' title="bbox 2115 4705 3754 4789">
    <p class='ocr_par' dir='ltr' id='par_1_104' title="bbox 2115 4705 3754 4789">
     <span class='ocr_line' id='line_1_104' title="bbox 2115 4705 3754 4789; baseline 0.003 -28"><span class='ocrx_word' id='word_1_574' title='bbox 2115 4705 2229 4768; x_wconf 77' lang='grc' dir='ltr'>τίας</span> <span class='ocrx_word' id='word_1_575' title='bbox 2314 4706 2642 4774; x_wconf 68' lang='grc' dir='ltr'>τεθνήξεσθαι</span> <span class='ocrx_word' id='word_1_576' title='bbox 2703 4705 2771 4762; x_wconf 86' lang='grc' dir='ltr'><strong>δι’</strong></span> <span class='ocrx_word' id='word_1_577' title='bbox 2850 4707 3086 4785; x_wconf 76' lang='grc' dir='ltr'>ἀνάγκην</span> <span class='ocrx_word' id='word_1_578' title='bbox 3162 4714 3257 4776; x_wconf 77' lang='grc' dir='ltr'>τὴς</span> <span class='ocrx_word' id='word_1_579' title='bbox 3325 4712 3552 4789; x_wconf 74' lang='grc' dir='ltr'>φύσεως,</span> <span class='ocrx_word' id='word_1_580' title='bbox 3615 4708 3754 4768; x_wconf 78' lang='grc' dir='ltr'>ἔστω</span> 
     </span>
    </p>
   </div>
   <div class='ocr_carea' id='block_1_105' title="bbox 2115 4793 2376 4871">
    <p class='ocr_par' dir='ltr' id='par_1_105' title="bbox 2115 4793 2376 4871">
     <span class='ocr_line' id='line_1_105' title="bbox 2115 4793 2376 4871; baseline 0.011 -22"><span class='ocrx_word' id='word_1_581' title='bbox 2115 4793 2376 4871; x_wconf 78' lang='grc' dir='ltr'>ἀνάθεμα.</span> 
     </span>
    </p>
   </div>
   <div class='ocr_carea' id='block_1_106' title="bbox 2194 4877 3760 4966">
    <p class='ocr_par' dir='ltr' id='par_1_106' title="bbox 2194 4877 3760 4966">
     <span class='ocr_line' id='line_1_106' title="bbox 2194 4877 3760 4966; baseline -0.003 -16"><span class='ocrx_word' id='word_1_582' title='bbox 2194 4883 2322 4958; x_wconf 44' lang='lat' dir='ltr'><strong>EQ”.</strong></span> <span class='ocrx_word' id='word_1_583' title='bbox 2391 4877 2447 4944; x_wconf 62' lang='grc' dir='ltr'><strong>εΟ</strong></span> <span class='ocrx_word' id='word_1_584' title='bbox 2482 4885 2544 4943; x_wconf 78' lang='grc' dir='ltr'>τὰ</span> <span class='ocrx_word' id='word_1_585' title='bbox 2604 4887 2792 4964; x_wconf 75' lang='grc' dir='ltr'>νεογνὰ</span> <span class='ocrx_word' id='word_1_586' title='bbox 2831 4887 2917 4942; x_wconf 76' lang='grc' dir='ltr'>καὶ</span> <span class='ocrx_word' id='word_1_587' title='bbox 2973 4887 3336 4963; x_wconf 79' lang='grc' dir='ltr'>βαπτιζόμενα</span> <span class='ocrx_word' id='word_1_588' title='bbox 3366 4887 3537 4966; x_wconf 84' lang='grc' dir='ltr'>λέγων</span> <span class='ocrx_word' id='word_1_589' title='bbox 3589 4888 3760 4963; x_wconf 80' lang='grc' dir='ltr'>μηδὲν</span> 
     </span>
    </p>
   </div>
   <div class='ocr_carea' id='block_1_107' title="bbox 2113 4973 3756 5056">
    <p class='ocr_par' dir='ltr' id='par_1_107' title="bbox 2113 4973 3756 5056">
     <span class='ocr_line' id='line_1_107' title="bbox 2113 4973 3756 5056; baseline 0.004 -27"><span class='ocrx_word' id='word_1_590' title='bbox 2113 4973 2284 5030; x_wconf 79' lang='grc' dir='ltr'>ἕλκειν</span> <span class='ocrx_word' id='word_1_591' title='bbox 2334 4974 2394 5030; x_wconf 77' lang='grc' dir='ltr'>ἐκ</span> <span class='ocrx_word' id='word_1_592' title='bbox 2444 4974 2536 5041; x_wconf 83' lang='grc' dir='ltr'>τῆς</span> <span class='ocrx_word' id='word_1_593' title='bbox 2565 4985 2659 5034; x_wconf 81' lang='grc' dir='ltr'>τοῦ</span> <span class='ocrx_word' id='word_1_594' title='bbox 2715 4973 2884 5051; x_wconf 82' lang='grc' dir='ltr'>Ἀδαμ</span> <span class='ocrx_word' id='word_1_595' title='bbox 2941 4978 3201 5055; x_wconf 73' lang='grc' dir='ltr'>ἁμαρτίας</span> <span class='ocrx_word' id='word_1_596' title='bbox 3230 4980 3291 5034; x_wconf 81' lang='grc' dir='ltr'>τὸ</span> <span class='ocrx_word' id='word_1_597' title='bbox 3346 4979 3756 5056; x_wconf 80' lang='grc' dir='ltr'>καθαιρόμενον,</span> 
     </span>
    </p>
   </div>
   <div class='ocr_carea' id='block_1_108' title="bbox 2111 5061 3758 5148">
    <p class='ocr_par' dir='ltr' id='par_1_108' title="bbox 2111 5061 3758 5148">
     <span class='ocr_line' id='line_1_108' title="bbox 2111 5061 3758 5148; baseline 0.002 -29"><span class='ocrx_word' id='word_1_598' title='bbox 2111 5062 2398 5140; x_wconf 70' lang='grc' dir='ltr'>έπάρατος·</span> <span class='ocrx_word' id='word_1_599' title='bbox 2460 5061 2545 5122; x_wconf 75' lang='grc' dir='ltr'>διὰ</span> <span class='ocrx_word' id='word_1_600' title='bbox 2604 5066 2702 5142; x_wconf 82' lang='grc' dir='ltr'><strong>γὰρ</strong></span> <span class='ocrx_word' id='word_1_601' title='bbox 2758 5068 2850 5122; x_wconf 68' lang='grc' dir='ltr'>τοῦ</span> <span class='ocrx_word' id='word_1_602' title='bbox 2892 5066 3010 5129; x_wconf 79' lang='grc' dir='ltr'>ἑνὸς</span> <span class='ocrx_word' id='word_1_603' title='bbox 3069 5068 3156 5122; x_wconf 80' lang='grc' dir='ltr'><strong>καὶ</strong></span> <span class='ocrx_word' id='word_1_604' title='bbox 3213 5067 3240 5122; x_wconf 82' lang='grc' dir='ltr'><em>ὃ</em></span> <span class='ocrx_word' id='word_1_605' title='bbox 3298 5070 3547 5148; x_wconf 78' lang='grc' dir='ltr'>θάνατος,</span> <span class='ocrx_word' id='word_1_606' title='bbox 3576 5070 3664 5126; x_wconf 87' lang='grc' dir='ltr'><strong>καὶ</strong></span> <span class='ocrx_word' id='word_1_607' title='bbox 3722 5071 3758 5137; x_wconf 80' lang='grc' dir='ltr'>ἡ</span> 
     </span>
    </p>
   </div>
   <div class='ocr_carea' id='block_1_109' title="bbox 2112 5153 2736 5231">
    <p class='ocr_par' dir='ltr' id='par_1_109' title="bbox 2112 5153 2736 5231">
     <span class='ocr_line' id='line_1_109' title="bbox 2112 5153 2736 5231; baseline 0.006 -23"><span class='ocrx_word' id='word_1_608' title='bbox 2112 5153 2344 5231; x_wconf 83' lang='grc' dir='ltr'>ἆμαρσία</span> <span class='ocrx_word' id='word_1_609' title='bbox 2372 5154 2736 5231; x_wconf 76' lang='grc' dir='ltr'>παγκόσμιος.</span> 
     </span>
    </p>
   </div>
   <div class='ocr_carea' id='block_1_110' title="bbox 2193 5233 3758 5327">
    <p class='ocr_par' dir='ltr' id='par_1_110' title="bbox 2193 5233 3758 5327">
     <span class='ocr_line' id='line_1_110' title="bbox 2193 5233 3758 5327; baseline 0.002 -27"><span class='ocrx_word' id='word_1_610' title='bbox 2193 5241 2290 5312; x_wconf 70' lang='lat' dir='ltr'><strong>EC’.</strong></span> <span class='ocrx_word' id='word_1_611' title='bbox 2353 5233 2410 5299; x_wconf 62' lang='grc' dir='ltr'>Ὀ</span> <span class='ocrx_word' id='word_1_612' title='bbox 2462 5240 2691 5314; x_wconf 76' lang='grc' dir='ltr'>δοξάζων</span> <span class='ocrx_word' id='word_1_613' title='bbox 2742 5244 2840 5310; x_wconf 78' lang='grc' dir='ltr'><strong>τὴν</strong></span> <span class='ocrx_word' id='word_1_614' title='bbox 2883 5253 2976 5302; x_wconf 85' lang='grc' dir='ltr'>τόῦ</span> <span class='ocrx_word' id='word_1_615' title='bbox 3037 5252 3169 5302; x_wconf 82' lang='grc' dir='ltr'>Θεοῦ</span> <span class='ocrx_word' id='word_1_616' title='bbox 3227 5247 3386 5326; x_wconf 75' lang='grc' dir='ltr'>χαριν</span> <span class='ocrx_word' id='word_1_617' title='bbox 3444 5247 3613 5322; x_wconf 80' lang='grc' dir='ltr'>μόνην</span> <span class='ocrx_word' id='word_1_618' title='bbox 3643 5246 3758 5327; x_wconf 76' lang='grc' dir='ltr'><strong>ἄφ-</strong></span> 
     </span>
    </p>
   </div>
   <div class='ocr_carea' id='block_1_111' title="bbox 2108 5329 3761 5413">
    <p class='ocr_par' dir='ltr' id='par_1_111' title="bbox 2108 5329 3761 5413">
     <span class='ocr_line' id='line_1_111' title="bbox 2108 5329 3761 5413; baseline 0.004 -25"><span class='ocrx_word' id='word_1_619' title='bbox 2108 5353 2218 5389; x_wconf 85' lang='grc' dir='ltr'>εσιν</span> <span class='ocrx_word' id='word_1_620' title='bbox 2268 5332 2375 5388; x_wconf 79' lang='grc' dir='ltr'>τῶν</span> <span class='ocrx_word' id='word_1_621' title='bbox 2414 5329 2893 5409; x_wconf 82' lang='grc' dir='ltr'>πλημμεληκάτων</span> <span class='ocrx_word' id='word_1_622' title='bbox 2950 5335 3196 5413; x_wconf 79' lang='grc' dir='ltr'>ὑπέχειν,</span> <span class='ocrx_word' id='word_1_623' title='bbox 3231 5335 3367 5392; x_wconf 76' lang='grc' dir='ltr'>ἀλλὰ</span> <span class='ocrx_word' id='word_1_624' title='bbox 3397 5337 3474 5412; x_wconf 75' lang='grc' dir='ltr'>μὴ</span> <span class='ocrx_word' id='word_1_625' title='bbox 3528 5331 3616 5393; x_wconf 76' lang='grc' dir='ltr'><strong>καί</strong></span> <span class='ocrx_word' id='word_1_626' title='bbox 3651 5341 3761 5395; x_wconf 78' lang='grc' dir='ltr'>τῶν</span> 
     </span>
    </p>
   </div>
   <div class='ocr_carea' id='block_1_112' title="bbox 2107 5420 3157 5501">
    <p class='ocr_par' dir='ltr' id='par_1_112' title="bbox 2107 5420 3157 5501">
     <span class='ocr_line' id='line_1_112' title="bbox 2107 5420 3157 5501; baseline 0.003 -23"><span class='ocrx_word' id='word_1_627' title='bbox 2107 5420 2410 5500; x_wconf 72' lang='grc' dir='ltr'>μελλόντων</span> <span class='ocrx_word' id='word_1_628' title='bbox 2453 5423 2736 5499; x_wconf 75' lang='grc' dir='ltr'>βοήθειαν,</span> <span class='ocrx_word' id='word_1_629' title='bbox 2769 5421 2841 5485; x_wconf 81' lang='grc' dir='ltr'>δὶς</span> <span class='ocrx_word' id='word_1_630' title='bbox 2871 5423 3157 5501; x_wconf 79' lang='grc' dir='ltr'>ἐπάρατος.</span> 
     </span>
    </p>
   </div>
  </div>
