4080 6204
326 347 452 416 2'73

1617 340 1952 406 EPITOME
2011 331 2405 402 GANONUM.

3579 312 3695 380 274

411 485 518 554 ξη’.
553 487 613 546 Ὀ
658 486 940 562 κηρύσσων
999 484 1080 539 ὅτι
1138 481 1264 561 δίχα
1320 485 1418 547 τῆς
1468 479 1688 560 χάριτος
1718 476 1967 557 δυσχερε.

2129 473 2229 536 68.
2267 471 2378 544 Qui
2408 468 2970 562 prmdicat,_absque
3001 467 3188 546 gratia
3217 458 3514 562 ditﬁcilius
3550 455 3689 562 qui-

333 579 534 654 στέρως
593 579 692 651 μὲν
722 625 738 651 ,
801 573 919 630 ἀλλ’
989 573 1079 630 οὗν
1151 573 1516 646 ἐκπληροῠμεν
1575 571 1668 632 τὰς
1729 567 1966 636 ἐντολὰς,

330 668 595 740 ἐπάρατος
633 684 646 696 ⁸
710 667 876 724 Χωοὶς
936 665 1035 743 γὰρ
1088 662 1240 737 ἐμοῦ,
1293 663 1321 718 6
1357 662 1541 738 Κύριος
1572 659 1753 728 εἶπεν,
1790 660 1850 715 οὐ
1877 654 1972 711 δύ-

332 762 487 812 νασθε
533 769 710 812 ποιεῖν
754 753 899 811 οὐδέν
910 794 922 810 .

415 846 510 911 ξθ’,
563 847 644 917 ’0,
693 853 782 900 τοῦ
843 842 1108 920 Θεολόγου
1145 839 1543 917 θεολογοῦντος,
1603 839 1726 896 ’Ὁτι
1759 835 1848 893 ἐὰν
1878 834 1966 892 εἵ-

330 957 522 1008 πωμεν
579 933 659 989 ὅτι
737 933 964 1009 ἁμαρτία
1048 932 1102 987 ἐν
1184 934 1319 1003 ἡμῖν
1374 933 1468 986 οὒκ
1526 927 1691 995 ἔστιν,
1756 925 1969 990 ἑαυτοὺς

335 1025 649 1097 ἄπα-ὦμεν,
725 1022 1134 1098 παρεριιηνεύηιν
1221 1018 1302 1075 ὅτι
1373 1023 1472 1076 οὒκ
1541 1018 1777 1089 ἀληθῶς,
1836 1013 1974 1071 ἀλλὰ

335 1113 760 1191 ταπεινοφρὸνως
792 1113 977 1188 εἴρηκε
1009 1117 1186 1183 τοῦτο,
1221 1109 1476 1181 ἀνάθεμα.

420 1203 490 1263 θ’.
538 1203 598 1259 Ὀ
628 1204 977 1280 παραφράζων
1022 1202 1105 1272 τὸ,
1157 1201 1320 1277 ’Ἄφες
1353 1205 1489 1271 ἡμῖν
1530 1198 1596 1252 τὰ
1638 1193 1976 1275 ὀφειλήματα

333 1295 520 1369 ἡμῶν,
563 1293 628 1347 τὰ
671 1298 776 1346 τῶν
821 1289 1035 1346 πολλῶν
1093 1289 1265 1364 λέγειν
1319 1285 1430 1366 [ἵσ.
1477 1285 1698 1363 λέγωνΙ,
1743 1286 1830 1339 καὶ
1873 1284 1975 1361 οὐχ

333 1382 562 1439 ἕκαστον
621 1383 708 1436 καὶ
765 1381 828 1436 τὰ
890 1382 1090 1452 οἰκεῖα,
1139 1379 1374 1452 ἀνάθεμα
1409 1397 1422 1411 ⁸
1459 1376 1596 1451 μετὰ
1645 1372 1856 1430 πολλῶν
1889 1374 1974 1429 καὶ

333 1474 429 1528 τὸν
493 1470 692 1535 Δανιὴλ
749 1469 973 1546 λέγοντα
1050 1468 1286 1543 βλέπων,
1350 1465 1810 1542 Ἐξομολογοῧμεν
1878 1463 1976 1527 τὰς

335 1560 600 1638 ἁμαρτίας
641 1562 818 1632 ἡμῶν,
865 1561 952 1614 καὶ
983 1561 1076 1622 τὰς
1107 1556 1363 1630 ἁμαρτίας
1399 1565 1490 1614 τοῦ
1519 1553 1674 1616 λαοῦ.

419 1649 528 1712 οα⁹,
561 1653 621 1708 Οἱ
653 1648 1110 1727 μεταστρέψαντες
1141 1647 1248 1703 ἀπὸ
1305 1653 1400 1702 τοῦ
1462 1645 1699 1701 Δονάτου
1757 1642 1974 1700 διέλωσι

336 1741 433 1802 τὰς
492 1737 806 1818 διοικήσεις,
869 1740 956 1794 καὶ
1014 1740 1042 1793 6
1074 1737 1170 1810 μὲν
1216 1735 1568 1811 παλαιότερος
1598 1733 1915 1812 ἐπιμερίζοι,
1951 1733 1980 1789 6

334 1828 395 1886 δὲ
425 1829 540 1890 νέος
569 1827 865 1905 ἐπιλέγοιτο.

421 1916 526 1994 οβ’.
590 1919 764 1975 Τόπον
819 1917 1195 1995 μεταστρέφων
1238 1915 1323 1971 ἐπὶ
1382 1915 1480 1981 τὴν
1537 1911 1831 1989 ὀρθόδοξον,
1887 1913 1977 1968 καὶ

335 2015 526 2065 τοῦτον
569 2007 655 2063 ἐπὶ
713 2007 941 2081 τριετίαν
995 2006 1268 2085 κατέχων,
1301 2003 1440 2060 ἔστω
1481 2002 1807 2080 ἀνέγκλητος
1840 2019 1857 2039 ⁸
1894 2002 1979 2058 καὶ

339 2100 369 2152 6
427 2096 804 2176 μεταστρέφων
861 2096 1149 2157 ἐπίσκοπος
1224 2095 1330 2151 ἀπὸ
1393 2093 1664 2172 Δονάτου,
1739 2093 1782 2147 εί
1832 2091 1979 2155 ἐντὸς

344 2184 569 2260 τριετίας
599 2184 690 2263 ἀφ’
719 2185 779 2240 οὒ
809 2183 1131 2260 ἐπέστρεψεν
1165 2183 1433 2261 ἐνάγοιτο,
1472 2179 1727 2260 ἐναγέτω.

424 2362 529 2439 ογ’.
566 2362 760 2439 Κριτὴς
820 2361 1153 2432 ἐπιζητηθεὶς
1212 2359 1270 2415 ἐκ
1317 2365 1424 2416 τῶν
1455 2357 1541 2416 δύο
1575 2358 1774 2438 μερῶν,
1834 2357 1980 2414 ἀπα-

341 2451 508 2530 ράγρα
513 2473 643 2516 πτος
652 2495 666 2510 .

426 2539 525 2600 οδ’.
563 2540 899 2619 Περιφρονῶν
956 2539 1244 2604 ἐπίσκοπος
1291 2540 1386 2606 τὴν
1441 2538 1573 2615 ὑπὲρ
1634 2543 1740 2594 τῶν
1781 2540 1980 2614 αἱρετι-

342 2635 454 2687 κῶν
511 2630 821 2704 ἐπιμέλειαν
883 2632 967 2685 καὶ
1021 2629 1588 2704 ὑπομιμνησκόμενος,
1651 2630 1694 2684 εί
1745 2627 1830 2684 ἐπὶ
1886 2633 1983 2694 τῆς

341 2717 472 2780 ἰδίας
529 2717 698 2796 διάγοι
759 2718 844 2774 ἐπὶ
897 2717 950 2782 ἓξ
1023 2718 1216 2792 μῆνας,
1292 2719 1589 2782 ἀνεύθυνος,
1683 2716 1981 2792 Ἐπιμένων

341 2807 396 2865 δὲ
456 2812 542 2866 καὶ
599 2831 732 2884 μετα
812 2815 963 2866 τοῦτο
1042 2815 1108 2885 τῇ
1163 2808 1406 2887 ῥαθυμίᾳ,
1463 2806 1566 2873 ἕξοι
1626 2809 1686 2864 τὸ
1745 2806 1981 2865 ἀκοινώ-

343 2920 525 2965 νητον.

423 2987 522 3046 οε’.
585 2985 936 3065 Πρεσϐύτερος
981 2989 1068 3044 καὶ
1121 2987 1362 3047 διάκονος
1419 2987 1853 3066 ἐπιμεμφόμενος
1909 2990 1984 3060 τῷ

342 3077 622 3149 ἐπισκὸπῳ
677 3076 971 3154 ἐγκαλείτω
1045 3078 1152 3156 [γρ.
1199 3075 1512 3157 ἐκκαλείτω]
1569 3076 1801 3155 γείτοσιν
1857 3078 1983 3133 επι-

347 3167 596 3237 σκόποις,
627 3168 716 3223 καὶ
749 3167 827 3242 μὴ
857 3165 1160 3240 διαπεράτω
1187 3169 1250 3223 τὸ
1280 3166 1541 3244 πέλαγος.

433 3255 542 3330 ος-’
573 3255 694 3314 Ἐπὶ
737 3255 873 3312 πολὺ
933 3257 1010 3331 μὴ
1051 3255 1351 3330 δυναμένων
1393 3255 1700 3335 περιμένειν
1757 3260 1862 3312 τῶν
1915 3257 1986 3321 είς

346 3348 448 3413 τὴν
507 3345 718 3402 σύνοδον
802 3345 1109 3402 ἐπισκόπων
1168 3344 1525 3419 ἐληλυθότων,
1583 3344 1680 3401 ἀνὰ
1734 3357 1880 3422 τρεῖς
1934 3344 1987 3410 ἐξ

348 3437 584 3500 ἑκάστης
617 3434 878 3514 ἐπαρχίας
912 3433 1254 3512 ἐπιλεγῶσιν,

433 3523 533 3594 οζ’.
567 3525 640 3581 Οὔ
669 3537 924 3602 μαρτυρεῖ
955 3525 981 3580 6
1006 3522 1396 3603 ἀφωρισμένος.

430 3702 539 3768 οη⁹.
581 3703 678 3760 Καὶ
710 3702 738 3756 6
769 3697 980 3765 δοῦλος.

431 3790 532 3852 οϐ’.
586 3793 682 3850 Καὶ
741 3793 769 3845 6
842 3789 1209 3869 ἀπελεύθερος,
1283 3793 1369 3848 καὶ
1429 3794 1458 3847 6
1502 3794 1986 3871 προκατηγορηθεὶς

346 3881 437 3937 ἐπί
479 3903 528 3936 τι
583 3882 688 3937 τῶν
749 3885 809 3939 ού
864 3879 1310 3961 προσδεχομένων
1367 3887 1448 3954 τῷ
1488 3880 1752 3957 δημοσίῳ,
1810 3883 1897 3939 καὶ
1959 3885 1987 3939 6

347 3984 547 4046 μῖμος.

427 4061 509 4121 π’.
561 4061 657 4119 Καὶ
687 4063 714 4116 6
758 4058 1002 4131 ”Ελλην,
1063 4061 1153 4116 καί
1215 4063 1242 4116 6
1305 4063 1590 4140 αἱρετικὸς,
1653 4063 1740 4119 καὶ
1790 4065 1816 4118 6
1849 4061 1986 4120 Ἰουο

343 4148 500 4214 δαῖος
510 4196 524 4211 .

428 4239 547 4301 πα’.
596 4241 693 4298 Καὶ
737 4242 764 4294 6
807 4241 1182 4316 κατηγορήσας
1241 4239 1437 4318 πολλὰ,
1499 4243 1584 4299 καὶ
1629 4241 1846 4322 ἐλέγξας
1891 4244 1985 4302 οὖ-

347 4328 434 4384 δέν
470 4345 484 4360 ⁶
517 4331 604 4385 καὶ
635 4331 663 4384 ὂ
697 4331 772 4402 μη
821 4330 1070 4386 ἐνιαυτῶν
1105 4327 1196 4391 ιδ’,

2053 561 2189 624 dem
2223 581 2354 643 nos,
2386 545 2646 624 attamen
2675 545 3022 638 adimplere,
3062 553 3360 631 mandata,
3394 545 3687 643 maledic:

2053 661 2147 716 tus
2177 636 2498 717 est:'dixit
2543 653 2703 716 enim
2752 636 3092 715 Dominus:
3147 647 3290 712 Sino
3319 662 3422 724 me,
3460 636 3688 704 mihi”

2045 750 2295 826 potestis
2316 747 2536 821 facere.

2133 835 2233 899 69.
2264 819 2377 907 Qui
2399 832 2702 914 Theologo
2726 833 3010 896 divinitus
3029 829 3292 892 dicente:
3323 821 3498 899 Quod
3517 822 3572 882 si
3590 819 3691 881 di-

2052 941 2257 987 camus
2270 925 2430 1004 quod
2452 933 2764 1006 peccatum
2784 926 2851 986 in
2873 923 3035 985 nobis
3054 938 3172 984 non
3187 922 3409 1006 estmos
3427 919 3582 994 ipsos
3603 926 3694 970 se-

2057 1013 2337 1077 ducimur
2357 1005 2736 1094 4,perperam
2761 1015 3187 1093 interpretatur
3207 1005 3365 1088 quod
3387 1016 3690 1094 non‘vere,

2058 1104 2163 1166 sed
2198 1122 2320 1185 prae
2350 1089 2682 1166 humilitate
2709 1105 2825 1166 hoc
2859 1089 3096 1176 dixerit,
3132 1096 3453 1185 anathema
3481 1089 3578 1185 sit:

2143 1177 2239 1258 τό.
2270 1193 2381 1265 Qui
2410 1194 2654 1274 exponit
2702 1192 2874 1265 illud,
2933 1199 2991 1252 et
3022 1188 3254 1251 dimitte
3282 1181 3455 1244 nobis
3487 1177 3688 1274 debita

2057 1294 2283 1359 nostra,
2319 1300 2450 1365 quae
2482 1267 2800 1345 multorum
2829 1289 2968 1342 sunt
2996 1278 3220 1352 dicere,
3258 1291 3375 1336 non
3402 1287 3534 1365 quae
3562 1267 3692 1365 sin-

2056 1356 2423 1453 gulorum-et
2455 1372 2717 1454 propria,
2777 1370 3095 1431 anathema
3147 1366 3222 1428 sit
3253 1383 3267 1427 :
3301 1379 3436 1454 cum
3472 1356 3694 1454 panic-

2060 1449 2177 1525 lem
2210 1481 2344 1525 cum
2406 1449 2608 1524 multis
2667 1449 2962 1523 dicentem
3023 1457 3264 1518 videat:
3321 1449 3698 1529 Conﬁtemur

2054 1560 2300 1634 peccata
2329 1557 2568 1626 nostra,
2599 1558 2659 1614 et
2687 1556 2934 1631 peccata
2961 1546 3173 1629 populi
3203 1546 3260 1606 5.

2143 1643 2242 1704 71.
2280 1641 2392 1715 Qui
2424 1627 2698 1704 conversi
2727 1647 2865 1702 sunt
2887 1627 2975 1700 exi
2990 1627 3153 1718 parte
3183 1630 3396 1698 Donati
3426 1627 3692 1691 dividant

2061 1732 2375 1810 dioeceses,
2409 1731 2610 1795 senior
2634 1729 2880 1805 dividat,
2908 1727 3114 1810 junior
3143 1741 3286 1787 vero
3314 1720 3513 1800 eligat.

2143 1911 2240 1974 '72.
2257 1911 2322 1976 Si
2343 1911 2474 1992 quis
2495 1910 2693 1973 locum
2718 1909 2979 1990 aliquem
3001 1905 3074 1968 ad
3097 1903 3280 1967 ﬁdem
3304 1897 3699 1992 orthodoxam

2061 1987 2444 2076 converterit,
2479 2019 2738 2081 eumque
2769 1987 2876 2080 per
2909 1995 3234 2060 triennium
3265 1987 3603 2059 retinuerit,
3628 1989 3704 2047 sit

2064 2094 2195 2157 sine
2227 2091 2724 2173 culpa.Similiter
2747 2098 2803 2152 et
2825 2089 3144 2170 episcopus
3162 2098 3484 2147 conversus
3517 2096 3550 2139 a
3572 2095 3704 2156 par-

2064 2190 2123 2244 te
2154 2181 2388 2261 Donati,
2425 2181 2478 2244 si
2507 2180 2666 2242 intra
2697 2179 3017 2242 triennium
3079 2194 3148 2238 ex
3203 2191 3320 2254 quo
3379 2184 3702 2232 conversus

2065 2280 2156 2335 est
2181 2280 2435 2354 repetat,
2464 2272 2600 2352 jure
2630 2279 2785 2350 agat.

2149 2351 2308 2424 73.]
2317 2351 2477 2424 udexf
2492 2360 2564 2422 ab
2593 2359 2884 2422 ambabus
2902 2354 3171 2438 partibus
3205 2351 3707 2434 expetitus,recu-

2067 2451 2186 2515 sari
2217 2469 2336 2512 non
2372 2457 2586 2530 potest.

2152 2541 2248 2604 74.
2280 2528 2616 2622 Episcopus
2645 2556 2825 2620 quam
2857 2538 2931 2599 de
2962 2533 3261 2598 haereticis
3285 2548 3491 2622 curam
3509 2528 3706 2622 debet

2067 2618 2375 2710 suscipere
2422 2618 2754 2708 negligens,
2806 2634 2990 2707 atque
3032 2623 3392 2696 admonitus,
3426 2620 3475 2680 si
3507 2618 3566 2680 in
3595 2635 3703 2678 sua

2067 2720 2311 2783 dimcesi
2335 2719 2509 2798 degat
2534 2737 2724 2795 usque
2743 2717 2816 2780 ad
2840 2735 2948 2780 sex
2968 2733 3206 2778 menses
3225 2710 3477 2776 crimine
3510 2715 3699 2798 caret.

2065 2809 2234 2883 Quod
2268 2810 2317 2870 si
2350 2796 2557 2891 postea
2595 2810 2656 2870 in
2691 2807 2922 2870 desidia
2948 2806 3248 2887 persistat,
3283 2796 3701 2865 excommuni-

2066 2899 2602 3070 cal’igtlgresbyter
2631 2995 2688 3051 et
2725 2988 3014 3050 diaconus
3045 2984 3146 3066 qui
3175 2982 3251 3044 de
3283 2981 3564 3062 episcopo
3601 2996 3705 3039 suo

2066 3079 2509 3159 queruntur,ad
2540 3077 2768 3141 vicinos
2793 3077 3105 3159 episcopos
3124 3072 3430 3154 appellent
3455 3079 3516 3132 et
3538 3085 3702 3130 mare

2003 3159 2045 3210 ο
2070 3189 2189 3233 non
2223 3169 2545 3250 trajiciant.

2148 3261 2248 3322 76.
2283 3258 2560 3341 Episcopi
2591 3259 2690 3339 qui
2735 3257 2807 3319 ad
2853 3255 3173 3330 concilium
3202 3257 3704 3341 venerunt,_cum

2071 3348 2155 3410 ibi
2187 3349 2288 3410 diu
2321 3339 2676 3430 permanere
2705 3366 2823 3411 non
2858 3352 3125 3428 possunt,
3167 3351 3368 3406 ternos
3393 3341 3468 3403 de
3497 3339 3706 3419 singu-

2071 3437 2146 3500 lis
2176 3439 2498 3518 provinciis
2528 3437 2770 3517 eligant.

2153 3529 2255 3592 '17.
2289 3529 2340 3590 A
2371 3525 2796 3590 communione
2843 3531 3188 3606 segregatus
3237 3539 3356 3584 non
3386 3520 3501 3585 fert
3531 3520 3702 3583 testi-

2074 3617 2364 3682 monium.

2157 3708 2254 3770 78.
2285 3705 2406 3768 Nec
2434 3725 2663 3770 servus.

2155 3799 2252 3857 79.
2290 3799 2414 3860 Nec
2463 3797 2739 3877 libertus,
2790 3813 2901 3858 nec
2950 3802 3086 3857 ante
3141 3795 3450 3855 accusatus
3508 3789 3705 3869 aliquo

2071 3904 2278 3952 eorum
2313 3887 2631 3949 criminum
2665 3887 2738 3949 ob
2773 3903 2902 3967 quae
2934 3904 2969 3947 a
3004 3882 3241 3966 publico
3273 3886 3509 3942 arcetur
3532 3877 3705 3958 judi-

2070 3978 2185 4041 cio.
2220 3979 2343 4040 Nec
2374 3976 2612 4040 histrio.

2149 4067 2250 4130 80.
2285 4065 2405 4129 Nec
2437 4066 2733 4142 ethnicus,
2769 4082 2879 4127 nec
2926 4063 3263 4138 haereticus,
3299 4076 3412 4125 nec
3439 4057 3704 4122 Judzeus.

2152 4247 2250 4311 8i.
2283 4245 2404 4309 Nec
2435 4245 2534 4327 qui
2566 4246 2748 4307 multa
2799 4244 3086 4323 objecerit
3141 4240 3417 4316 crimina,
3451 4246 3509 4301 et
3552 4238 3706 4302 nihil

2074 4335 2432 4419 probaverit,
2493 4354 2604 4399 nec
2640 4337 2741 4417 qui
2787 4344 2957 4398 natus
2996 4353 3114 4396 non
3172 4332 3349 4395 fuerit
3400 4349 3697 4394 annorum

2073 4425 2547 4508 quatuordecim.

433 4505 550 4583 πβχ
586 4505 643 4563 ὀ
673 4509 966 4585 κατήγορος
1002 4508 1061 4564 ἐκ
1112 4530 1205 4567 του
1248 4507 1374 4566 ἰδίου
1435 4510 1588 4567 οἴκου
1638 4513 1904 4592 μάρτυρας
1935 4513 1980 4570 οἶ

2097 4505 2109 4508 ’
2157 4516 2258 4580 82.
2293 4515 2619 4578 Accusator
2651 4532 2682 4576 e
2711 4515 2889 4577 domo
2912 4530 3019 4577 sua
3045 4521 3226 4576 testes
3259 4531 3377 4574 non
3409 4509 3704 4592 producit.

351 4598 683 4664 καθίστησιν,

432 4687 552 4763 πγ’.
601 4688 785 4763 Λέγων
841 4689 868 4742 6
940 4687 1224 4751 ἐπίσκοπος
1280 4687 1360 4744 ὅτι
1433 4691 1503 4747 Τὸ
1557 4689 1802 4768 ἔγκλημα
1860 4692 1994 4748 κατὰ

354 4778 520 4850 μόνας
554 4779 580 4831 6
612 4776 777 4840 πέλας
811 4799 902 4843 μοι
950 4777 1328 4853 ὡμολόγησεν,
1383 4780 1426 4835 εἷ
1479 4782 1505 4835 6
1533 4779 1697 4845 πέλας
1728 4781 1986 4859 ἀρνεῖται,

353 4871 451 4924 οὒκ
480 4867 724 4929 εὔπιστος
737 4915 748 4926 ,

435 4953 548 5013 πῖ.
594 4957 694 5012 Τὸν
728 4956 804 5028 μὴ
859 4955 1182 5035 ἐλεγχθέντα
1228 4960 1502 5023 κοινωνίας
1556 4961 1814 5036 στερήσας
1871 4960 1990 5018 ἐπί-

349 5067 574 5118 σκοπος,
609 5059 854 5121 στεροῐτο
887 5048 970 5100 καὶ
1004 5048 1160 5109 αὖτὸς
1192 5047 1285 5114 τῆς
1312 5049 1503 5127 ἑτέρων
1536 5049 1756 5126 ὁμοίως,

576 5224 844 5299 Ἐπιτομὴ
876 5227 1112 5283 κανόνων
1143 5237 1236 5287 τοῦ
1264 5229 1415 5306 ἁγίου
1445 5231 1743 5292 Βασιλείου.

427 5318 506 5376 α’.
545 5319 838 5394 Αἱρετικος,
887 5322 914 5375 6
973 5321 1107 5376 κατὰ
1165 5321 1266 5387 τὴν
1326 5322 1500 5378 πίστιν
1545 5322 1846 5400 ἆλλὸτριος³
1881 5327 1907 5382 6
1937 5324 1987 5382 δὲ

344 5408 482 5462 κατά
541 5429 588 5463 τι
632 5409 842 5482 ἰάσιμον
901 5411 1143 5489 ζήτημα,
1191 5413 1572 5490 σχισματικός,
1631 5417 1690 5472 Οἱ
1746 5413 1800 5470 δὲ
1858 5425 1984 5474 σὺν·

345 5497 565 5571 ἄγοντες
650 5497 1006 5556 ἀνυπότακτοι
1087 5500 1304 5565 τούτους
1383 5501 1632 5582 ἐκείνους,
1715 5527 1984 5584 παρασυν-

423 5673 456 5724 3
485 5673 654 5738 Joan.
689 5690 788 5753 xv,
822 5675 883 5740 5.
969 5679 1001 5730 4
1027 5675 1200 5742 Joan.
1233 5695 1272 5754 ι,
1311 5679 1370 5744 8.
1453 5681 1488 5733 5
1512 5677 1660 5746 Dan.
1695 5699 1777 5765 1x,
1809 5687 1869 5747 9.

2157 4695 2257 4758 83.
2290 4693 2583 4775 Episcopo
2616 4695 2713 4773 qui
2750 4693 2912 4770 dicit,
2949 4692 3103 4773 quod
3160 4692 3389 4754 vicinus
3423 4689 3568 4750 mihi
3597 4687 3712 4752 soli

2078 4782 2307 4844 crimen
2339 4797 2509 4841 suum
2544 4781 2852 4842 confessus
2881 4787 2990 4856 est,
3027 4787 3084 4842 et
3115 4779 3344 4842 vicinus
3369 4786 3564 4858 negat,
3593 4795 3710 4838 non

2077 4871 2252 4933 facile
2285 4869 2434 4930 ﬁdes
2463 4867 2802 4930 adhibetur.

2157 4961 2258 5021 84.
2294 4958 2626 5040 Episcopus
2652 4959 2752 5039 qui
2811 4959 3063 5040 privavit
3122 4955 3543 5022 communione
3598 4973 3712 5014 non

2077 5051 2414 5112 convictum
2473 5048 2745 5121 crimine,
2812 5049 3090 5113 similiter
3147 5055 3208 5110 et
3276 5049 3404 5126 ipse
3462 5043 3714 5106 aliorum

2061 5137 2496 5202 communione
2529 5137 2820 5218 privetur.

2400 5229 2615 5292 Sancti
2649 5231 2863 5294 Basilii
2892 5230 3138 5312 epistola
3165 5230 3393 5308 prima.

2152 5329 2211 5387 1.
2246 5323 2574 5387 Ηωγειίευε
2631 5327 2850 5407 est,qui
2884 5343 2916 5386 a
2948 5324 3063 5386 (ide
3115 5323 3345 5383 alienus
3380 5341 3391 5378 :
3429 5321 3542 5407 qui!
3566 5333 3707 5377 vero

2069 5415 2230 5479 circa
2258 5416 2524 5492 aliquam
2556 5413 2744 5476 levem
2772 5405 3161 5497 quaestionem
3197 5417 3387 5484 errat,
3419 5405 3709 5497 schisma-

2071 5506 2240 5570 ticus.
2275 5503 2698 5569 Inobedientes
2727 5495 2867 5568 vero
2924 5501 3026 5585 qui
3070 5501 3176 5562 hos
3207 5504 3588 5580 congregant,
3627 5495 3699 5558 ab
