4128 6198
403 262 520 330 275
1572 273 1953 337 SYMEONIS
1996 273 2604 338 METAPHRAST/E.
3651 270 3770 340 276

404 403 695 468 Ecclesiae
712 413 1002 468 conventu
1027 402 1269 468 arcendi
1294 405 1735 466 sunt.lla3retici
1756 405 2045 486 baptisma

2168 429 2360 484 γωγοι,
2407 410 2476 466 T6
2523 408 2574 475 ἐξ
2617 411 2883 485 αἱρετικοῦ
2923 410 3221 486 βάπτισμα,
3275 409 3492 468 ἄδεκτον
3530 427 3544 444 ⁸
3588 408 3769 468 δεκτόν

402 496 798 575 rejiciendum
832 517 844 556 :
893 495 1258 556 schismatici
1298 511 1440 554 vero
1472 502 1649 576 atque
1679 495 1752 556 ab
1784 495 2045 556 Ecclesia

2168 502 2224 552 οὗ
2282 505 2531 575 σχιστού,
2604 501 2696 555 καί
2771 499 3249 578 παρασυναγώγου.
3315 499 3662 578 Παράκλητον
3721 501 3771 557 οἱ

401 585 1049 664 alieni,recipiendum.
1080 582 1445 646 Paracletum
1475 586 1784 662 Pepusiani
1814 589 2045 648 Monta-

2168 589 2457 656 [επουζηνοὶ
2526 589 2618 643 τὸν
2699 590 2970 647 Μοντανὸν
3043 589 3408 663 ὀνομάζουσιν.
3472 589 3628 648 Ὅθεν
3683 591 3769 645 καὶ

404 693 544 735 num
567 675 975 738 vocant.Unde
1001 683 1062 736 et
1088 675 1190 756 qui
1218 675 1277 736 in
1299 674 1494 753 ipsum
1523 675 2044 754 baptizantnr,non

402 774 724 824 censentur
770 762 1070 843 baptizati.
1120 765 1538 837 Catharorum,
1574 764 2042 846 Hydroparasta-

405 869 560 924 rum,
595 863 772 932 atque
801 855 1236 916 Encratitarum
1275 853 1593 934 baptisma,
1629 857 1897 934 quamvis
1928 873 2045 915 non

400 940 1093 1022 recipiendum,propter
1116 941 1372 1022 Spiritus
1394 943 1583 1004 sancti
1613 944 1768 1022 apud
1804 961 1908 1004 eos
1931 944 2042 1004 de-

399 1028 641 1108 fectum,
675 1040 870 1092 tamen
898 1033 1366 1112 dispensationis
1396 1034 1578 1111 gratia
1611 1035 1953 1112 recipiatur.

485 1124 542 1178 2.
580 1118 721 1191 Quae
753 1120 828 1181 de
879 1121 1168 1182 industria
1223 1122 1404 1182 fetum
1448 1123 1737 1202 corrupit,
1772 1122 2039 1203 quando-

403 1227 636 1289 cunque
671 1211 1030 1290 corruperit,
1065 1210 1386 1272 homicidio
1419 1221 1676 1272 tenetur.

483 1298 541 1360 3.
577 1297 876 1360 Diaconus
901 1300 1000 1379 qui
1055 1299 1376 1361 fornicatus
1427 1301 1628 1376 fuerit,
1668 1302 1725 1362 in
1755 1300 2040 1362 laicorum

403 1386 602 1449 locum
637 1388 956 1467 relegatus,
1005 1389 1426 1451 communione
1460 1409 1534 1452 ne
1565 1389 1974 1468 prohibeatur.

493 1480 546 1540 4.
580 1476 774 1542 Unum
797 1489 895 1542 aut
917 1479 1067 1542 duos
1088 1497 1278 1540 annos
1300 1480 1853 1541 excommunicatur
1876 1479 2046 1558 biga-

405 1585 562 1642 mus,
603 1577 722 1631 tres
773 1587 909 1630 vero
960 1579 1018 1631 et
1047 1577 1298 1650 quatuor
1325 1569 1634 1646 trigamus,
1668 1577 1845 1650 atque
1868 1570 2046 1631 etiam

2130 676 2202 738 εἱς
2252 677 2403 732 αὐτὸν
2447 674 2764 736 ἀϐάπτιστοι
2823 678 3227 755 βαπτιζόμενοι.
3288 681 3358 737 Τὸ
3421 681 3524 735 τὼν
3586 683 3767 736 Καθα-

2127 763 2255 840 ρῶν,
2309 766 2396 821 καὶ
2425 764 2952 843 ’ὶ“ὀροπαραστατῶν,
3011 767 3106 823 καῖ
3153 767 3512 844 Ἐγκρατιτῶν
3567 769 3765 843 βάπτι-

2128 875 2257 924 σμα,
2306 855 2349 910 εἰ
2418 857 2507 910 καὶ
2561 853 2804 929 ἄδεκτον,
2869 853 2958 912 διὰ
3028 857 3087 911 τὸ
3156 855 3419 931 ὶπιλῆψαι
3481 857 3580 934 [τα.
3639 856 3765 912 ἐπι-

2125 940 2333 1020 λεϊψαι]
2369 943 2574 1007 τούτοις
2607 947 2666 1000 τὸ
2701 951 2914 1019 Πνεῦμα
2969 947 3028 1002 τὸ
3070 945 3245 1022 ἅγιον,
3278 945 3398 1002 ἀλλ’
3432 969 3520 1004 ουν
3552 947 3762 1004 οἰκονο-

2125 1033 2247 1105 μίας
2270 1034 2429 1112 χάριν
2462 1033 2600 1089 ἔστω
2628 1032 2838 1092 δεκτόν.

2205 1120 2279 1197 β’.
2317 1119 2380 1179 Ἠ
2438 1122 2556 1180 κατ’
2603 1121 2940 1194 ἐπιτήδευσιν
2983 1126 3256 1206 φθείρωσι,
3317 1125 3404 1182 δτι
3448 1127 3512 1181 διν
3554 1125 3759 1203 φθείρτδο

2126 1213 2402 1290 φονεύτρια
2413 1256 2426 1270 .

2205 1299 2282 1376 γ’.
2322 1300 2576 1366 Διάκονος
2621 1303 2934 1381 πορνεύσας,
2967 1304 3042 1366 είς
3085 1305 3176 1360 τὸν
3235 1308 3342 1360 τῶν
3399 1303 3607 1362 λα’ίκῶν
3660 1325 3760 1376 με·

2129 1390 2326 1454 ταστὰς
2358 1391 2546 1469 τόπον,
2579 1390 2715 1447 ἔστω
2743 1398 2847 1454 τῶς
2881 1395 3156 1458 κοινωνίας
3199 1391 3497 1457 ἀκώλυτος.

2211 1475 2281 1540 δ’.
2331 1487 2436 1536 Eva
2481 1481 2676 1560 χρόνον
2725 1481 2756 1549 ἢ
2799 1479 2887 1538 δύο
2951 1482 3248 1561 ἀφορίζεται
3307 1481 3522 1561 δίγαμος
3560 1497 3575 1517 ⁶
3622 1495 3768 1561 τρεῖς

2133 1565 2187 1623 δὲ
2236 1567 2332 1624 καῖ
2375 1569 2630 1641 τέσσᾶρας
2687 1573 2715 1626 ὁ
2780 1571 3058 1649 τρίγαμος,
3106 1572 3196 1628 καὶ
3239 1571 3420 1646 πέντε,
3481 1573 3616 1629 κατὰ
3671 1574 3766 1641 τὴν

406 1659 840 1732 quinquejnxta
863 1661 1337 1720 consuetudinem
1355 1677 1482 1733 quin
1495 1662 1772 1719 hactenus
1789 1661 2045 1719 invaluit.

2170 1678 2248 1733 ρτι
2294 1659 2589 1728 συνήθειαν.

486 1746 546 1808 5.
582 1745 909 1808 Haereticus
941 1747 999 1808 in
1036 1747 1154 1807 fine
1187 1745 1314 1806 vitm
1347 1745 1661 1826 paenitens,
1689 1745 2050 1808 discretione

405 1834 670 1897 adhibita
705 1836 1150 1918 suscipiendus.

486 1926 544 1989 6.
576 1923 913 1988 Canonicus
975 1931 1024 1986 si
1091 1924 1472 1986 matrimonio
1505 1925 1752 2004 junctus
1783 1924 1885 1997 sit,
1921 1923 2048 1985 dis-

399 2015 689 2094 jungitur.

487 2107 546 2166 7.
579 2103 974 2166 Masculorum
1035 2103 1504 2184 animaliumque
1540 2111 1926 2181 corruptores
1956 2110 2049 2163 at-

407 2211 523 2274 que
553 2193 890 2268 homicidae,
955 2203 1013 2256 et
1071 2193 1343 2260 venefici,
1410 2209 1478 2254 ac
1535 2191 1867 2254 idololatraa
1884 2193 2053 2271 juxta

405 2283 711 2360 antiquam
744 2282 992 2344 formam
1028 2281 1416 2362 suscipiendi.

488 2377 547 2434 8.
579 2371 892 2435 Homicida
923 2381 1012 2435 est
1037 2372 1137 2454 qui
1170 2389 1417 2433 uxorem
1451 2371 1635 2433 iratus
1676 2369 1873 2432 securi
1907 2387 2048 2451 per-

407 2462 658 2524 cusserit
671 2512 684 2524 .

488 2551 548 2614 9.
584 2551 1018 2614 lnvoluntarius
1066 2550 1370 2613 homicida
1429 2559 1541 2622 est,
1607 2549 1706 2631 qui
1758 2548 2053 2627 lapidein

410 2657 618 2702 canem
653 2641 858 2716 misso,
892 2641 1195 2704 hominem
1229 2646 1543 2702 assecutus
1568 2647 1680 2711 est,
1716 2646 1776 2701 et
1801 2637 1904 2719 qui
1929 2638 2053 2700 loro

409 2746 478 2790 ac
501 2729 726 2792 vimine
751 2730 1138 2811 corripit.Qui
1166 2747 1304 2790 vero
1325 2729 1385 2790 in
1412 2729 1540 2791 rixa
1564 2729 1716 2789 fuste
1743 2735 1844 2788 aut
1876 2746 2055 2788 manu

410 2817 628 2881 lethale
663 2820 875 2881 vulnus
910 2819 1194 2881 inflixerit
1227 2829 1408 2896 atque
1440 2817 1914 2887 interfecerit,ad
1947 2834 2052 2876 vo-

410 2905 733 2970 luntarium
768 2927 954 2990 prepe
985 2907 1238 2971 accedit.

495 2996 592 3057 10.
628 2998 741 3069 Qui
771 2998 968 3076 gladio
993 3006 1094 3060 aut
1114 2997 1312 3079 aliquo
1339 2995 1636 3077 ejusmodi
1657 2995 2053 3056 instrumento

411 3104 556 3149 usus
587 3087 761 3148 fuerit
785 3105 1029 3168 prorsus
1054 3086 1422 3149 voluntarius
1445 3093 1533 3146 est
1554 3083 2050 3147 homicida.ldem
2069 3089 2111 3142 C
2135 3087 2380 3148 ἑκούσιος
2414 3103 2433 3123 ·

413 3174 592 3242 latro.
629 3175 840 3251 hostis,
883 3185 941 3236 et
971 3177 1071 3253 qui
1125 3182 1366 3256 prepter
1395 3173 1568 3235 aliam
1602 3190 1839 3235 causam
1866 3190 2052 3234 vene-

413 3283 555 3326 num
581 3264 814 3326 dederit
847 3274 1025 3346 atque
1058 3263 1450 3337 interfecerit,
1485 3261 1870 3323 voluntarius.

493 3359 594 3417 tl.
629 3356 875 3416 Necnon
907 3354 1087 3414 etiam
1143 3371 1273 3433 qua;
1304 3351 1608 3414 abortivos
1639 3351 1792 3413 fetus
1826 3350 1967 3412 dant
1995 3357 2056 3411 et

412 3444 734 3523 accipiunt.

495 3535 592 3594 12.
621 3535 791 3594 Juxta
824 3531 1059 3592 Domini
1093 3530 1559 3604 sermonem,vir
1593 3538 1652 3590 et
1685 3528 1900 3590 mulier
1932 3528 2053 3590 for-

413 3621 729 3683 nicationis
759 3639 937 3682 causa
968 3621 1226 3701 separati
1260 3619 1483 3700 pariter
1527 3617 2002 3681 condemnamur
2034 3636 2050 3676 :

413 3711 780 3773 consuetudo
813 3728 952 3773 vero
975 3711 1312 3772 adulterum
1337 3716 1394 3771 et
1416 3708 1838 3770 fornicatorem
1861 3725 1895 3768 a
1919 3725 2056 3768 con-

405 3801 650 3881 jngibus
676 3820 791 3862 non
816 3798 1195 3880 disjungit.Si
1217 3817 1335 3876 qua
1351 3807 1547 3860 autem
1572 3798 1786 3859 mulier
1806 3795 2052 3858 dimisso

413 3890 486 3952 ab
519 3909 702 3954 uxore
757 3891 882 3951 viro
933 3891 1143 3970 juncta
1200 3887 1398 3962 fuerit,
1466 3905 1584 3949 non
1619 3895 1708 3947 est
1737 3885 2049 3957 adultera;

413 3981 587 4058 culpa
617 3982 774 4042 enim
808 3979 866 4040 in
899 3997 1028 4041 eam
1060 3997 1191 4060 quze
1217 3983 1346 4040 sine
1391 3977 1619 4038 ratione
1654 3974 1882 4036 dimisit
1909 3974 2052 4053 reji-

414 4069 626 4131 cieuda
650 4078 766 4142 est;
793 4077 890 4128 aut
915 4087 1045 4148 quae
1070 4069 1246 4130 etiam
1269 4067 1542 4129 adultera
1564 4071 1674 4139 est,
1693 4070 1739 4125 si
1770 4082 1903 4124 cum
1935 4065 2053 4124 alio

404 4158 692 4235 jungatur
720 4175 732 4214 :
757 4156 1038 4219 dimissus
1063 4157 1405 4226 vero,venia
1425 4155 1644 4234 dignus
1669 4160 1778 4215 est.
1811 4153 1925 4224 Qui
1956 4170 2051 4214 ve-

411 4261 502 4316 ro,
537 4243 744 4306 relicta
777 4263 958 4306 uxore
988 4245 1059 4306 ad
1091 4244 1264 4306 aliam
1291 4261 1354 4304 se
1385 4243 1644 4313 confert,
1677 4242 1944 4302 mmchus
1975 4241 2053 4321 ip-

412 4350 478 4394 se
512 4345 627 4414 est,
661 4341 842 4413 atque
877 4336 1061 4412 ipsam
1099 4331 1384 4394 moechari
1410 4331 1572 4405 facit,
1611 4349 1680 4393 ea
1707 4330 1881 4392 etiam
1915 4349 2050 4392 cum

413 4441 526 4503 qua
557 4421 1049 4484 consuetudinem
1084 4419 1286 4483 habet.

493 4516 592 4576 13.
622 4511 750 4574 Non
781 4530 954 4591 coges
986 4529 1147 4582 eum,
1183 4513 1281 4591 qui
1312 4527 1374 4572 se
1407 4529 1525 4572 non
1559 4510 1896 4572 ordinatum
1920 4528 2052 4572 esse

406 4602 715 4682 juraverit.

492 4693 590 4754 44.
627 4688 1064 4755 lnvoluntarius
1096 4689 1397 4752 homicida
1423 4689 1719 4753 decennio
1752 4691 2045 4772 poeniten-

412 4781 508 4843 tia:
528 4779 884 4860 subjacebit.

500 4872 592 4933 15.
630 4871 902 4948 Bigamus
931 4887 1050 4931 non
1083 4877 1172 4930 est
1200 4870 1262 4930 in
1293 4869 1521 4931 clerum
1555 4869 1960 4950 recipiendus.

493 4961 591 5022 16.
627 4957 871 5020 Pietatis
920 4960 1107 5022 hostis
1165 4959 1421 5022 triennio
1475 4958 1840 5040 poenitentiae
1869 4957 2052 5037 subji-

409 5049 618 5112 ciatur.

875 5140 1162 5222 Ejusdem
1196 5142 1455 5219 epistola
1491 5141 1576 5203 Il.

491 5239 550 5300 1.
583 5235 900 5317 Presbyter
929 5235 1150 5297 Bianor
1182 5254 1311 5296 cum
1340 5235 1630 5314 juraverit
1663 5254 1728 5296 ac
1765 5235 2052 5316 paeniten-

411 5328 549 5390 tiam
587 5325 796 5407 egerit,
861 5332 1106 5405 propter
1158 5323 1313 5385 illius
1345 5325 1676 5404 juramenti
1723 5324 2046 5398 levitatem,

411 5415 850 5494 suscipiendus.

489 5508 547 5560 2.
580 5502 852 5582 Virgines
915 5513 1047 5584 post
1109 5503 1542 5584 professionem
1600 5504 1788 5582 lapsas
1839 5510 2048 5563 exacto

409 5608 566 5653 anno
598 5589 798 5651 Patres
833 5592 1225 5674 recipiebant.
1249 5591 1536 5664 Quoniam
1569 5599 1766 5653 autem
1800 5589 2050 5653 validior

2071 4441 2120 4494 D

2213 1746 2281 1809 ε’,
2346 1749 2612 1824 Αίρετικὸς
2697 1751 2830 1829 πρὸς
2890 1757 2963 1824 τῷ
3035 1749 3175 1807 τέλει
3233 1754 3505 1826 μετανοῶν
3561 1749 3768 1814 δεκτέος

2134 1836 2252 1910 μετ’
2277 1837 2590 1915 ἐπικρίσεως

2211 1923 2314 2000 ς’.
2384 1926 2442 1985 Ὀ
2508 1931 2786 1994 κανονικὸς
2841 1927 3000 1986 εἵπου
3056 1930 3145 1986 καὶ
3200 1930 3494 2008 ζεύγνυται,
3559 1927 3768 2002 διαζεύ-

2138 2038 2340 2093 γνυται,

2213 2105 2285 2176 ζ’.
2342 2105 2805 2187 Ἀρῤενοφθόρους,
2866 2109 2952 2166 καὶ
3008 2111 3219 2190 φονεῖς,
3284 2109 3370 2165 καὶ
3432 2111 3768 2188 φαρμακοὺς,

2134 2197 2222 2251 καὶ
2273 2193 2682 2276 εἰδωλολάτραις,
2739 2197 2876 2255 κατὰ
2935 2199 3024 2256 τὸν
3087 2197 3316 2256 παλαιὸν
3377 2199 3538 2256 τύπον
3599 2198 3770 2256 εἰσδέ-

2135 2281 2275 2350 δεξαι
2287 2334 2300 2348 ,

2215 2374 2295 2440 η’.
2342 2376 2568 2456 Φονεὺς,
2610 2379 2638 2433 6
2680 2377 2817 2435 κατᾶ
2857 2377 2957 2446 τῆς
3002 2378 3251 2455 γυναικὸς
3293 2375 3378 2436 διὰ
3417 2379 3581 2453 θυμοῦ
3624 2376 3771 2456 ἀξίνῃ

2135 2464 2478 2542 χρησάμενος
2489 2509 2502 2524 .

2213 2551 2283 2610 θ’.
2354 2552 2632 2617 Ἀκούσιος
2697 2557 2882 2632 φονεὺς
2954 2558 2983 2613 6
3065 2555 3207 2629 λίθρν
3260 2555 3416 2635 ἀφεῖς
3477 2556 3563 2614 ἐπὶ
3616 2559 3768 2632 κύνα,

2135 2644 2224 2698 καί
2266 2643 2540 2718 ἀνθρώπου
2591 2646 2796 2724 τυχὼν,
2858 2647 2946 2702 καὶ
3003 2647 3031 2701 6
3096 2643 3357 2702 παιδεύων
3411 2645 3614 2720 ἱμάντι,
3676 2648 3768 2703 καί

2136 2730 2281 2810 λύγῳ
2312 2747 2331 2766 ⁸
2365 2736 2393 2789 6
2439 2730 2493 2788 δὲ
2523 2733 2577 2789 ἐν
2609 2735 2768 2813 μάχῃ
2799 2733 2934 2808 ξύλῳ
2955 2735 2990 2804 ἢ
3020 2735 3171 2816 χειρῖ
3197 2733 3316 2800 δοὺς
3360 2734 3446 2792 ἐπὶ
3479 2736 3540 2790 τὰ
3569 2738 3769 2816 καίρια,

2136 2822 2224 2877 γαὶ
2253 2820 2479 2895 ἀνελὼν,
2513 2819 2646 2904 ἄγχι
2677 2823 2769 2880 τοῦ
2795 2825 3056 2884 ὶκουσίου.

2219 2996 2278 3056 ι’.
2314 2997 2376 3056 Ὀ
2407 2997 2538 3079 ξίφει
2585 3000 2953 3080 χρησάμενος.
3000 3002 3035 3070 ἣ
3091 3003 3314 3076 τοιούτῳ
3370 3002 3504 3081 τινῖ,
3559 3003 3771 3067 πάντως

2477 3089 2564 3145 καὶ
2604 3090 2631 3145 6
2689 3089 2918 3165 λῃστὴς,
2961 3092 3048 3148 καὶ
3085 3092 3112 3147 6
3173 3090 3456 3167 πολέμιος,
3487 3092 3574 3149 καὶ
3617 3093 3646 3148 6
3702 3089 3771 3148 δι’

2135 3174 2307 3242 ἄλλην
2373 3177 2540 3234 αἰτίαν
2602 3175 2808 3244 ἐπιδοὺς
2865 3181 3142 3258 φάρμακον
3172 3229 3188 3255 ,
3245 3182 3290 3237 εἰ
3347 3180 3550 3254 ἀνελεῖ,
3612 3178 3769 3238 ἐκού-

2137 3287 2269 3330 σιος.

2217 3355 2312 3418 ια’,
2351 3359 2446 3414 Καὶ
2505 3357 2556 3411 αἱ
2600 3355 2665 3412 τὰ
2718 3355 3076 3436 ἀμϐλωθρίδια
3104 3363 3194 3416 καὶ
3221 3356 3477 3434 διδοῦσαι,
3507 3360 3594 3414 καὶ
3623 3357 3771 3432 λαμ-

2133 3444 2406 3507 ϐάνουσαι.

2218 3533 2309 3610 ιβ’,
2349 3535 2494 3593 Κατὰ
2524 3537 2612 3591 τὸν
2642 3543 2734 3592 τοῦ
2765 3537 2948 3614 Κυρίου
2978 3535 3161 3614 λόγον,
3195 3536 3330 3600 ἴσως
3362 3534 3773 3608 καταδικάζεται

2135 3625 2224 3678 καὶ
2267 3623 2401 3702 ἀνὴρ
2427 3672 2441 3696 ,
2490 3625 2576 3680 καὶ
2623 3624 2752 3701 γυνή
2780 3671 2799 3699 ,
2847 3622 2930 3680 διὰ
2991 3626 3238 3702 πορνείας
3299 3625 3776 3703 ἂποζευγνύμενοι.

2137 3711 2204 3769 ’Β
2237 3710 2288 3768 δἐ
2319 3714 2590 3792 συνήθεια,
2637 3715 2728 3770 τὸν
2759 3715 2980 3793 μοιχὸν,
3032 3716 3121 3771 καὶ
3177 3717 3269 3771 τὸν
3329 3715 3520 3793 πόρνον
3563 3718 3626 3772 οὗ
3653 3716 3775 3770 δια-

2135 3802 2373 3879 ζεύγνυσι
2415 3803 2521 3859 τῶν
2576 3800 2834 3877 σομϐίων.
2884 3804 2938 3860 Εἰ
2981 3801 3037 3858 δέ
3101 3825 3183 3869 τις
3240 3803 3420 3884 ἀφέτω
3476 3802 3620 3880 ἀνδρὶ
3676 3826 3777 3860 συ-

2135 3893 2404 3972 ζευχθείη,
2438 3894 2532 3949 οὒκ
2562 3892 2634 3949 ἔνι
2677 3893 2845 3972 τυχὸν
2876 3891 3128 3972 μοιχαλίς
3163 3912 3180 3930 '
3208 3895 3270 3950 τὸ
3329 3895 3428 3971 γὰρ
3472 3892 3650 3949 αἴτιον
3691 3892 3779 3950 ἐπὶ

2134 3988 2233 4047 τὴν
2277 3978 2485 4059 ἀλόγως
2518 3981 2798 4060 ἀφήσασαν
2832 4001 2850 4018 ο
2884 3981 2920 4050 ἢ
2953 3983 3041 4038 καὶ
3084 3981 3369 4062 μοιχαλὶς,
3407 3984 3450 4038 εἷ
3493 3984 3622 4060 πρὸς
3652 3980 3776 4038 ἕτε-

2135 4090 2223 4147 ρον
2253 4070 2525 4148 ζεύγνδται
2559 4087 2574 4103 ⁶
2610 4073 2636 4128 ὁ
2667 4069 2721 4126 δὲ
2769 4070 2976 4151 ἀφεθεὶς
3034 4072 3392 4148 συγγνωστός.
3448 4069 3508 4129 Ὀ
3565 4068 3620 4126 δὲ
3678 4071 3778 4137 τὴν

2134 4173 2363 4236 γυναῖκα
2413 4161 2744 4230 καταλιπὼν,
2807 4161 2894 4217 καὶ
2950 4157 3036 4216 ἐπ’
3081 4159 3251 4226 ἄλλην
3281 4161 3405 4232 ἰὼν,
3463 4160 3554 4216 καὶ
3593 4161 3773 4233 αὐτὸς,

2133 4248 2221 4304 καὶ
2281 4247 2444 4315 αὐτὴν
2503 4254 2890 4328 μεμοιχεῦσθαι
2945 4262 3114 4319 ποιεῖ,
3161 4250 3252 4306 καὶ
3313 4251 3342 4317 ἅ,
3397 4252 3540 4321 αὐτῷ
3598 4269 3776 4305 συνοι-

2132 4343 2298 4394 κοῦσα
2329 4339 2460 4414 γυνή
2473 4382 2486 4398 .

2217 4514 2312 4592 ιγ’.
2347 4515 2455 4574 Οὔκ
2498 4517 2817 4594 ἀναγκάσεις
2875 4519 2964 4573 τὸν
3023 4515 3098 4592 μή
3143 4519 3591 4595 χειροτονηθῆναι
3638 4516 3775 4588 ὁμό-

2135 4626 2320 4666 σαντα.

2215 4691 2302 4752 ιδ’.
2341 4686 2397 4753 Ὀ
2429 4695 2670 4761 ἀκούσιος
2701 4696 2954 4774 φονευτὴς
2983 4693 3255 4752 δεκαετίαν
3283 4695 3650 4756 ὑποπιπτέτω,

2220 4870 2304 4929 ιε’.
2338 4874 2399 4930 ¹Ο
2420 4870 2661 4952 δίταμος,
2689 4875 2779 4930 καὶ
2808 4872 3150 4952 ἀκλήρωτος.

2215 4961 2336 5035 ις’.
2375 4952 2430 5019 Ὀ
2461 4960 2788 5037 πολεμιστὴς
2847 4969 2913 5039 τῇ
2969 4963 3228 5040 εὐσεϐείᾳ,
3291 4963 3518 5040 τριετίαν
3573 4963 3776 5018 (mom-

2053 5104 2060 5110 ,
2133 5050 2329 5112 πτέτω.

2609 5155 2712 5205 Τοῦ
2741 5149 2900 5204 αὒτοῦ
2929 5144 3188 5214 ἐπιστολὴ
3218 5145 3298 5220 β’.

2216 5235 2289 5296 α’.
2337 5237 2396 5296 Ὀ
2453 5237 2802 5314 πρεσϐύτερος
2863 5239 3067 5316 Βιάνωρ
3111 5238 3314 5312 ὀμόσας
3374 5237 3466 5294 καῖ
3529 5257 3774 5310 μεταμε-

2133 5325 2413 5407 λούμενος,
2478 5325 2561 5384 διὰ
2627 5331 2724 5396 τὴν
2767 5327 3009 5388 εὐκολίαν
3053 5327 3255 5384 ἐκείνου
3299 5326 3390 5383 τοῦ
3441 5325 3620 5404 ὅρκου,
3681 5322 3775 5380 δεε-

2134 5439 2309 5478 κτεοῖ.

2209 5504 2283 5582 β’.
2333 5505 2458 5562 Μετ’
2518 5509 2757 5564 ὶνιαδτὸν
2812 5508 2907 5569 τὰς
2949 5507 3086 5581 μετὰ
3129 5506 3228 5572 τὴν
3279 5505 3567 5582 ὁμολογίαν
3610 5505 3772 5561 ἐκπι-

2130 5594 2360 5659 πτούσας
2418 5595 2702 5676 παρθένους
2750 5598 2797 5655 οἱ
2842 5596 3071 5674 Πατερες
3123 5593 3395 5674 ἐδέχοντο.
3451 5595 3545 5650 Διᾶ
3599 5591 3648 5650 δὲ
3710 5597 3772 5652 τὸ
