4128 6198
327 331 442 400 277
1608 329 1945 395 EPITOME
2004 331 2398 398 CANONUM.
3577 323 3694 391 278

327 468 708 550 κραταιοτέραν
790 468 1030 545 γενέσθαι
1109 469 1208 536 τὴν
1267 466 1612 541 Ἐκκλησίαν,
1673 465 1960 547 μοιχαλίδα

2080 474 2199 527 acta
2229 473 2318 528 est
2347 463 2634 536 Ecclesia,
2671 480 2799 526 eam
2835 481 2965 545 quae
2994 462 3392 544 virginitatem
3425 461 3694 543 professa

326 560 423 627 τὴν
482 560 763 637 παρθενίαν
849 557 1262 636 ὁμολογήσασαν
1328 557 1660 631 ὀνομάζομεν
1730 560 1960 633 παραπί-

2080 573 2221 635 apsa
2243 565 2353 625 est,
2389 553 2718 617 adulteram
2747 571 3023 616 vocamus
3043 562 3102 616 et
3123 555 3221 634 qui
3247 553 3422 615 talem
3445 551 3693 627 detinet,

327 671 584 722 πτουσαν,
619 649 706 705 καὶ
741 650 942 727 μοιχὸν
985 650 1074 703 τὸν
1123 648 1377 714 τοιαύτην
1421 647 1744 727 κατέχοντα,
1805 640 1960 724 Ὀμο-

2080 646 2374 708 ntechum.
2438 643 2850 722 Virginitatem
2885 643 3217 723 profitetur,
3248 659 3388 719 qum
3448 640 3696 722 profite-

326 737 482 816 λογεϊ
542 739 852 815 παρθενείαν
917 740 945 806 ἦ
1004 738 1224 813 περὶτὰ
1297 736 1651 794 ἑπτακαίδεκα
1715 736 1832 812 ἔτη,
1886 740 1960 797 καῖ

2083 752 2177 808 ur,
2211 753 2340 816 qum
2375 742 2504 814 post
2533 731 2959 814 septemdecim
3019 750 3206 794 annos
3237 731 3504 813 probata,
3540 738 3602 794 ut
3631 730 3695 793 in

325 828 739 904 ἀνακρινομένη,
775 829 862 885 καὶ
893 829 1210 902 παραμόνως
1242 826 1621 906 ἐκλιπαροῠσα.

401 918 477 993 γ’.
516 922 614 974 Καὶ
668 920 695 973 ὁ
748 917 1185 991 ἀποτασσόμενος
1247 915 1550 994 ἑρωτάσθω,
1595 920 1682 974 καὶ
1741 918 1973 996 ἑναργὼς

326 1005 679 1084 ομολογείτω,
726 1007 814 1062 ἵνα
845 1007 1254 1081 μετατιθέμενος
1303 1007 1646 1080 ἐπιτιμαται.

400 1185 471 1248 δ’,
535 1187 617 1246 Εἰς
645 1186 855 1262 αἵρεσιν
913 1185 1040 1241 οὖσα
1099 1185 1376 1262 παρθένος,
1425 1185 1550 1242 εἶτα
1607 1186 1964 1262 μεταγνοῦσα,

323 1277 407 1332 καὶ
438 1272 801 1349 λαμϐανοῦσα,
838 1275 1122 1334 εὐθύνεται,

402 1365 466 1423 ε’.
544 1361 742 1440 ’ννδρα
820 1363 1219 1437 πεπαρνευκότα
1277 1365 1310 1430 ἡ
1389 1360 1490 1418 ἰδία
1561 1362 1960 1440 παραλήψεται.

325 1455 648 1511 Μιανθεῖσαν
700 1451 754 1508 δὲ
814 1466 1042 1530 γυναῖκα
1087 1455 1114 1508 ὁ
1169 1452 1303 1524 ἀνὴρ
1374 1451 1778 1528 ἀποπέμψεταν
1829 1455 1962 1532 πόρ-

326 1566 411 1607 νος
471 1544 596 1620 γὰρ,
629 1546 689 1602 οὗ
748 1543 972 1619 μοιψός,
1005 1544 1032 1598 ὁ
1093 1543 1163 1607 εἷς
1206 1539 1478 1620 ἐλευθέραν
1535 1542 1775 1598 ἐκπεσὼν
1828 1544 1968 1601 ὑπο-

324 1655 530 1712 γωαιος
543 1675 556 1690 ι

401 1723 465 1796 ς·
469 1722 507 1758 ’⁸
579 1713 634 1779 Ὀ
707 1723 1130 1794 μνηστευθεῐσαν
1202 1719 1474 1798 ἀρπάζών,
1537 1720 1970 1792 ἀποκαταστήσει

2057 841 2129 885 eo
2158 824 2293 885 vita;
2320 825 2590 887 instituto
2622 828 2970 903 permaneat
2999 821 3373 903 deprecatur.

2139 911 2196 974 3.
2233 912 2342 986 Qui
2376 911 2599 974 saeculo
2630 911 2935 972 renuntiat
2965 911 3387 990 interrogetur,
3421 928 3489 971 ac
3520 927 3696 990 pers-

2057 1003 2233 1084 picue
2266 1012 2323 1064 et
2345 1001 2504 1064 clare
2535 1002 2905 1082 profiteatur,
2933 1009 2995 1063 ut
3029 1001 3080 1062 si
3105 1000 3457 1062 sententiam
3483 1007 3692 1076 mutet,

2055 1093 2436 1173 corripiatur.

2131 1184 2191 1247 4.
2213 1181 2393 1262 Virgo
2424 1199 2556 1262 quae
2580 1182 2640 1242 in
2673 1182 2944 1244 haeresim
2970 1183 3134 1264 lapsa
3164 1191 3274 1258 est,
3301 1200 3371 1244 ac
3405 1181 3692 1262 deinceps

2048 1272 2321 1354 resipuit,
2357 1279 2537 1352 atque
2565 1271 2798 1351 accipit,
2841 1289 3011 1351 paena
3040 1290 3161 1332 non
3193 1271 3501 1334 multatur.

2130 1362 2189 1423 5.
2225 1361 2431 1424 Virum
2465 1363 2566 1443 qui
2599 1361 2922 1422 fornicatus
2975 1361 3177 1436 fuerit,
3211 1379 3359 1423 uxor
3387 1361 3640 1441 recipiet
3674 1381 3690 1434 ;

2053 1453 2420 1532 inquinatam
2453 1468 2592 1512 vero
2623 1449 2914 1512 adulterio
2949 1450 3261 1512 mulierem
3295 1450 3380 1511 vir
3405 1456 3689 1513 remittet.

2053 1538 2404 1602 Fornicator
2433 1539 2618 1619 enim,
2656 1556 2774 1599 non
2807 1539 3098 1615 moechus,
3121 1538 3227 1617 qui
3256 1539 3428 1602 uxori
3447 1539 3694 1619 junctus

2053 1647 2187 1690 cum
2221 1629 2416 1691 soluta
2448 1646 2574 1690 rem
2602 1626 2899 1690 habuerit.

2135 1719 2196 1782 6.
2235 1715 2346 1789 Qui
2370 1716 2784 1796 desponsatam
2808 1717 2982 1797 rapit,
3002 1735 3222 1797 sponso
3242 1735 3372 1781 eam
3397 1719 3688 1782 restituet:

330 1818 400 1884 τῷ
431 1810 908 1885 μνηστευσαμένῳ·
943 1811 987 1866 εἰ
1042 1807 1098 1864 δὲ
1157 1809 1544 1884 ἇμνήστευτον,
1593 1822 1708 1874 τοῖς
1760 1811 1960 1875 οίκείοις

2080 1807 2105 1868 Li
2157 1824 2298 1868 vero
2333 1824 2452 1868 non
2483 1806 2929 1887 desponsatam,
2961 1808 3085 1870 suis
3127 1807 3363 1884 reddet,
3399 1817 3572 1890 atque
3619 1827 3692 1870 ex

326 1901 740 1978 ἱγκαταστήσει,
775 1902 860 1955 καὶ
917 1900 1055 1956 αατὰ
1099 1899 1194 1965 τὴν
1251 1897 1463 1954 ἐκείνων
1494 1899 1716 1975 γνώμην
1757 1899 1968 1976 προϐήο

319 2011 470 2048 σεται
527 1990 594 2046 τα
652 1995 973 2068 συνοικεσια,
1008 1987 1124 2066 εἴγε
1181 1986 1478 2064 βούλοιντο.
1534 1980 1591 2047 Ὀ
1642 1987 1722 2068 δί,
1767 1991 1828 2047 τὸ
1870 1990 1965 2059 τῆς

317 2081 561 2159 πορνείας
607 2080 892 2154 ἐπιτίμιον.
931 2078 1160 2139 εἴσεται.

393 2169 465 2241 ζ’.
503 2169 759 2249 ’Δδελφὸν
786 2167 1018 2248 ἀδελφὴν
1047 2180 1279 2245 γυναῖκα
1322 2166 1472 2248 ἔχειν
1517 2166 1790 2228 ἀδύνατον.

396 2347 477 2417 η’.
559 2350 615 2406 Et
684 2349 838 2426 γήμῃ
894 2345 1274 2420 διακονουμένη
1333 2348 1505 2426 χήρα,
1552 2354 1836 2427 παροᾶται.
1899 2350 1960 2406 Ὀ

314 2437 368 2497 ἃ
410 2439 682 2520 χηρεύων,
730 2438 910 2515 γήμας
943 2437 1127 2512 μόνον,
1165 2437 1227 2492 τὸ
1271 2442 1374 2494 τῶν
1405 2435 1646 2515 διγάμων
1690 2439 1959 2514 ἱπιτίμιον

313 2529 488 2607 γνοίη.
551 2519 613 2584 Ἠ
671 2524 726 2583 δὲ
783 2523 899 2600 μεθ’
948 2525 1204 2596 ἑξήκοντα
1255 2523 1351 2592 ἔτη
1414 2524 1755 2601 λαμϐάνουσα
1785 2529 1955 2608 χήρα,

313 2617 701 2691 ἀκοινώνητος,
762 2617 863 2680 ἕως
921 2615 1025 2671 ἀπὸ
1081 2619 1180 2681 τῆς
1247 2615 1566 2694 ἀκαθαρσίας
1611 2616 1846 2692 ἀποστῇ.
1904 2619 1960 2674 Et

314 2705 369 2763 δέ
424 2729 505 2770 τις
579 2709 679 2784 πρὸ
749 2711 854 2762 τῶν
923 2702 1183 2775 ὶξήκοντα
1239 2707 1451 2783 χρόνων
1512 2705 1953 2784 ὶγκαταλεξηται,

313 2796 521 2865 ἰκείνης
551 2798 611 2853 τὸ
641 2793 890 2874 ἔγκλημα
937 2792 1153 2870 ἅψεται.

392 2973 464 3037 θ’.
526 2960 620 3035 “Oc
693 2971 811 3052 ἔχει
869 2970 1201 3050 προέφθειρε,
1276 2972 1723 3052 συγχωρούμενος
1780 2971 1950 3052 ἔχειν,

313 3067 376 3122 τὸ
406 3063 673 3137 ἐπιτίμιον
703 3061 992 3140 γνώσεταις

395 3150 454 3211 ι’.
521 3154 578 3210 Et
652 3155 679 3207 ὁ
752 3153 983 3228 συζυγεὶς
1060 3152 1192 3208 κανᾶ
1271 3152 1509 3228 πορνείαν
1567 3149 1946 3228 διαζεύγνυται,

314 3241 549 3318 βέλτιονο
585 3241 630 3296 εἰ
682 3237 735 3296 δὲ
765 3237 1135 3305 ἀδιασπάστως
1190 3239 1547 3312 συνέζευκται,
1581 3239 1960 3319 συγχωρείσθω

313 3330 611 3412 δεχόμενος
644 3329 930 3404 ἐπιτίμιον,

397 3420 495 3482 ια’,
556 3419 805 3492 Ἀθὲσμῳ
875 3421 1180 3497 περιπαρεὶς
1252 3421 1411 3497 γάμῳ
1453 3419 1507 3474 ἐν
1574 3419 1760 3498 ἀγνοίᾳ
1823 3440 1959 3498 πρε·-

321 3507 594 3582 σϐύτερος,
657 3506 826 3580 μόνης
895 3505 1210 3567 ἆπολαυέτω
1283 3505 1390 3586 [γρ.
1466 3505 1795 3585 ἁπολοόέτω]
1867 3509 1965 3574 τῆς

316 3597 618 3679 προεδρίας,
651 3597 748 3672 τῇς
779 3595 1041 3674 ἰνεργείας
1079 3599 1450 3675 στερούμενος.

397 3687 494 3767 ιβ’.
543 3679 603 3746 Ὀ
691 3692 857 3765 κρεῶν
899 3686 1053 3744 ὑείων
1108 3686 1359 3766 ἀποχρῆν
1429 3685 1804 3766 ἆπευξάμενος,
1864 3710 1962 3766 γεο

317 3777 495 3844 λαῖος.
533 3777 755 3839 Δεκτέος
798 3775 879 3852 δὲ,
912 3779 955 3832 εἰ
986 3778 1376 3853 μεταλήψοιτο.

400 3865 496 3946 ιγ’.
567 3867 624 3923 Εἰ
693 3865 1054 3942 ἀπηγόρευται
1126 3867 1187 3922 τὸ
1257 3866 1490 3940 ὅμνΰειν,
1549 3868 1611 3923 τὸ
1663 3867 1749 3924 ἐπὶ
1809 3869 1960 3941 κακῷ

314 3957 542 4033 μᾶλλον
598 3954 733 4012 ὥστε
769 3955 846 4029 μὴ
892 3955 1055 4020 μόνον
1089 3959 1144 4011 τὸ
1199 3955 1359 4032 ἔργον
1387 3954 1667 4032 κωλύσεις,
1705 3956 1843 4014 ἀλλὰ
1871 3958 1958 4014 καὶ

313 4049 472 4107 αὐτὸν
501 4048 594 4102 τὸν
637 4045 694 4100 ὃν
734 4044 1083 4122 ἆπερεύγεται
1115 4042 1293 4121 ὅρκον,

397 4223 487 4286 ιδ’.
534 4224 646 4290 τὴν
691 4223 823 4300 πρὸς
875 4222 1100 4280 θάνατον
1145 4222 1457 4301 ἂμαρτήσας
1514 4224 1792 4303 νληρικὸς,
1827 4226 1960 4300 μετὰ

316 4321 410 4371 τοῦ
437 4312 569 4371 λαοῦ
599 4325 873 4369 κοινωνεϊο
909 4313 968 4368 οὐ
995 4313 1092 4390 γὰρ
1125 4311 1208 4376 δίς
1239 4314 1300 4368 τὸ
1321 4311 1374 4368 ἓν
1405 4311 1758 4381 ὶκδεδίκηται.

399 4494 485 4558 ιε’.
547 4483 606 4554 ’Β
659 4493 905 4561 κυήσασα
960 4492 1078 4548 καθ’
1137 4489 1278 4567 ὁδὸν,
1336 4492 1423 4548 καὶ
1480 4491 1820 4571 ἀμϐλήσασα,
1857 4515 1956 4572 φο-

319 4585 525 4660 νεύτρια
535 4629 550 4645 .

399 4673 522 4747 ις’,
585 4669 1031 4745 Ἀδημοσιεύτους
1105 4670 1201 4746 μὲν
1279 4671 1374 4736 τὰς
1445 4673 1819 4752 μοιχευθείσας
1871 4675 1959 4730 καὶ

317 4759 683 4842 ἐλεγχομένας
743 4761 1074 4837 ἐγνώκαμεν’
1130 4761 1521 4832 ἀκοινωνήτους
1581 4760 1634 4817 δὲ
1698 4764 1954 4842 ἱστῶμεν,

315 4849 418 4916 ἕως
458 4854 521 4906 τὸ
551 4850 817 4924 ὶπιτίμιον
857 4849 1346 4926 ἀποπληρώσωσιν,

395 4940 485 5011 ιζ’.
547 4939 675 4996 Ἐὰν
731 4937 941 5016 ἀλόγως
998 4939 1344 5019 ἀνεχώρησεν
1390 4942 1423 5008 ἡ
1480 4940 1635 5018 γυνὴ,
1672 4941 1804 5009 αὐτὴ
1858 4941 1956 5017 μὲν

316 5031 406 5087 οὒκ
434 5028 736 5106 ἀνεύγυνος,
771 5030 797 5084 ὁ
828 5027 881 5082 δὲ
912 5029 1228 5108 ὑπομείνας,
1255 5029 1552 5093 ἀνεύθυνος.

393 5213 494 5279 ιη’,
564 5214 626 5268 Αἱ
681 5209 1074 5291 στρατιώτιδες,
1147 5214 1198 5268 αἱ
1268 5210 1350 5268 διὰ
1422 5212 1519 5280 τήν
1588 5219 1694 5269 τῶν
1763 5212 1962 5291 ἂνδρῶν

316 5301 568 5381 ἆφάνειαν
628 5300 812 5364 ἄλλοις
879 5302 1247 5376 ζευγνύμεναι,
1329 5302 1784 5379 συγγνωστότεραι
1853 5310 1962 5360 τῶν

318 5389 513 5465 ἄλλων,
552 5394 612 5446 αἳ
656 5388 738 5445 διὰ
769 5391 862 5454 τὰς
893 5388 1194 5466 ἀποδημίας
1227 5391 1284 5447 οὒ
1316 5391 1704 5468 περιμένουσιν.

400 5569 486 5630 ιϐ’.
555 5561 612 5626 Ὀ
656 5569 754 5635 τὴν
798 5567 1080 5646 ἀλλοτρίαν
1123 5568 1303 5646 ἀφεῖς,
1349 5570 1437 5626 καὶ
1481 5567 1765 5645 λαμϐάνων
1807 5570 1963 5629 ἐλευ-

2057 1915 2263 1959 eorum
2322 1895 2616 1958 sententia
2665 1894 3052 1957 contrahetur
3101 1897 3569 1971 matrimonium,
3602 1897 3690 1959 si-

2052 1979 2293 2067 quidem
2317 1984 2665 2066 velint.Ipse
2687 2001 2826 2045 vero
2845 1983 3256 2048 fornicationis
3275 2003 3482 2068 pmnas
3504 1985 3686 2049 dabit.

2048 2165 2084 2228 ὴ
2113 2078 2190 2229 Ι7.
2223 2074 2494 2139 Fratrem
2534 2091 2801 2138 sororem
2861 2073 3083 2138 habere
3112 2092 3384 2152 uxorem,
3414 2075 3692 2158 impossi-

2090 2167 2106 2228 i
2136 2184 2170 2230 θ
2203 2175 2316 2230 est.

2123 2345 2181 2406 8.
2217 2343 2278 2408 Si
2310 2344 2483 2408 vidua
2513 2344 2572 2406 in
2607 2346 3004 2413 ministerium
3033 2345 3246 2412 allecta
3274 2347 3678 2426 nupserit,de-

2041 2435 2292 2516 spicitur
2325 2455 2338 2495 :
2403 2435 2504 2515 qui
2535 2453 2674 2496 vero
2725 2436 2939 2500 viduus
2965 2443 3078 2509 est,
3113 2436 3161 2496 si
3193 2435 3389 2496 solum
3441 2452 3687 2498 uxorem

2041 2523 2685 2602 duxerit,bigamorum
2720 2543 2951 2604 poenam
2983 2523 3214 2586 subeat.
3253 2521 3446 2584 Vidua
3487 2530 3688 2587 autem

2040 2632 2176 2696 quae
2224 2621 2358 2694 post
2389 2613 2698 2692 sexaginta
2728 2632 2919 2677 annos
2969 2611 3416 2676 matrimonium
3449 2621 3689 2676 contra-

2039 2703 2216 2776 xerit,
2254 2703 2831 2779 excommunicetur,
2864 2706 3059 2767 donec
3102 2702 3175 2765 ab
3207 2700 3552 2781 impuritate
3584 2720 3686 2764 re-

2037 2794 2311 2857 cesserit.
2345 2793 2412 2856 Si
2443 2811 2574 2874 qum
2597 2813 2732 2856 vero
2765 2803 2902 2857 ante
2924 2792 3230 2873 sexaginta
3262 2809 3452 2853 annos
3471 2790 3684 2855 allecta

2032 2883 2237 2954 fuerit,
2273 2882 2527 2945 crimine
2557 2882 2987 2965 obstringetur.

2115 2973 2172 3033 9.
2203 2971 2314 3046 Qui
2345 2972 2526 3036 habet
2551 2991 2678 3036 eam
2707 2993 2881 3055 quam
2916 2974 3081 3056 prius
3110 2973 3400 3053 corrupit,
3421 2970 3600 3034 modo
3625 2971 3683 3034 ei

1976 3117 2012 3166 Β
2037 3062 2412 3166 permittatur
2441 3061 2663 3164 habere
2691 3081 2704 3126 :
2743 3063 2943 3166 multa;
2976 3061 3332 3166 subjacebit.

2122 3153 2221 3215 10.
2255 3151 2319 3216 Si
2349 3151 2565 3231 conjux
2599 3161 2842 3234 pr0pter
2895 3152 3352 3214 fornicationem
3384 3151 3691 3232 disjuuga-

2044 3248 2159 3316 tur,
2194 3242 2409 3303 melius
2445 3263 2457 3300 :
2519 3241 2573 3303 si
2615 3261 2754 3305 vero
2811 3242 3105 3304 indivulse
3136 3241 3445 3323 copulatus
3498 3241 3594 3319 sit,
3627 3240 3686 3302 id

2044 3331 2098 3394 ei
2130 3333 2511 3404 concedatur,
2547 3341 2826 3412 suscepta
2857 3350 3051 3413 ptena.

2123 3422 2220 3481 11.
2258 3421 2580 3502 Presbyter
2607 3421 2708 3502 qui
2741 3439 2850 3501 per
2898 3421 3292 3501 ignorantiam
3324 3422 3387 3483 in
3415 3419 3690 3483 illicitum

2046 3508 2261 3572 incidit
2319 3509 2788 3586 matrimonium,
2822 3511 2948 3573 sola
3002 3510 3236 3573 fruatur
3287 3509 3692 3593 praesidentia,

2046 3599 2351 3662 iunctione
2383 3600 2668 3681 privatus.

2129 3689 2348 3762 t2.Qui
2382 3708 2445 3752 se
2467 3706 2502 3750 a
2527 3688 2718 3751 suillis
2743 3687 3025 3751 carnibus
3046 3687 3346 3752 abstinere
3358 3689 3690 3768 jactaverit,

2043 3776 2380 3840 ridiculus:
2445 3776 2863 3856 suscipiendus
2916 3787 3006 3840 est
3059 3795 3221 3852 vero,
3255 3777 3306 3839 si
3338 3777 3413 3839 iis
3465 3781 3688 3840 utatur.

2127 3868 2222 3930 13.
2283 3866 2341 3930 Si
2404 3867 2786 3930 interdictum
2847 3867 3171 3946 estjurare
3221 3867 3595 3946 simpliciter,
3633 3869 3692 3928 id

2043 3959 2228 4038 magis
2288 3967 2532 4040 propter
2562 3957 2808 4020 malum.
2869 3958 3076 4037 Itaque
3132 3975 3253 4018 non
3283 3956 3476 4019 solum
3545 3973 3696 4037 opus

2042 4046 2418 4125 prohibebis,
2459 4063 2658 4109 verum
2695 4045 2872 4107 etiam
2909 4045 3101 4127 ipsum
3135 4046 3296 4127 quod
3346 4063 3419 4109 ex
3449 4063 3521 4108 eo
3552 4063 3694 4107 nas-

2044 4135 2201 4196 citur
2222 4137 2662 4216 juramentum.

2126 4226 2224 4288 14.
2289 4224 2558 4288 Clericus
2615 4225 2717 4308 qui
2771 4224 3022 4288 mortale
3064 4234 3378 4306 peccatum
3435 4229 3694 4289 commi-

2044 4315 2210 4389 serit,
2247 4333 2383 4377 cum
2442 4315 2660 4395 populo
2719 4315 3168 4378 communicat:
3225 4334 3343 4377 non
3382 4316 3541 4378 enim
3605 4315 3697 4378 bis

1982 4403 2206 4487 Dtdem
2239 4404 2594 4466 vindicatur.

2126 4494 2226 4556 15.
2261 4493 2404 4568 Quae
2437 4494 2736 4575 pepererit
2769 4493 2829 4555 in
2859 4493 2973 4569 via,
3008 4512 3077 4556 ac
3107 4496 3458 4573 neglexerit,
3493 4495 3692 4559 homi-

2042 4583 2182 4647 cidii
2219 4603 2321 4647 rea
2353 4594 2463 4647 est.

2124 4676 2221 4736 16.
2285 4674 2580 4739 Adulterii
2611 4675 2915 4736 convictas
2961 4693 3079 4736 non
3114 4692 3248 4737 esse
3295 4673 3540 4756 publice
3573 4683 3694 4738 tra-

2039 4763 2343 4827 ducendas
2371 4763 2664 4835 novimus,
2699 4764 3253 4826 excommunicatas
3306 4783 3447 4826 vero
3482 4765 3696 4828 statui-

2040 4871 2197 4927 mus,
2229 4853 2423 4914 donec
2453 4872 2640 4933 paena;
2671 4861 2905 4932 tempus
2937 4852 3327 4934 expleverint.

2118 4944 2218 5004 17.
2281 4941 2341 5004 Si
2415 4942 2628 5006 mulier
2669 4943 2798 5004 sine
2851 4943 3083 5005 ratione
3147 4943 3506 5016 recesserit,
3569 4941 3697 5023 ipsa

2041 5032 2283 5115 quidem
2343 5051 2464 5095 non
2494 5041 2584 5096 est
2636 5031 2894 5095 insons:
2945 5035 3045 5112 qui
3120 5053 3262 5097 vero
3310 5032 3694 5106 remanserit,

2043 5123 2218 5201 culpa
2250 5131 2435 5183 vacat.

2127 5211 2228 5275 18.
2287 5214 2512 5274 Uxores
2543 5212 2822 5289 militum,
2857 5233 2988 5295 qua;
3017 5231 3089 5276 eo
3143 5212 3300 5294 quod
3335 5227 3541 5274 eorum
3587 5209 3697 5270 viri

2047 5319 2338 5382 nusquam
2371 5303 2859 5381 appareant,aliis
2882 5301 3422 5382 junguntur,venia
3453 5296 3694 5377 dignio-

2046 5409 2145 5454 res
2174 5399 2312 5453 sunt
2337 5389 2491 5465 aliis,
2519 5409 2649 5472 quae
2672 5401 2912 5472 propter
2943 5409 3151 5454 eorum
3179 5387 3696 5470 peregrinationes

2047 5500 2167 5543 non
2202 5488 2574 5560 exspectant.

2129 5570 2228 5634 19.
2274 5568 2386 5643 Qui
2415 5569 2670 5633 alienam
2705 5567 2951 5644 dimisit,
2989 5575 3045 5628 et
3076 5565 3308 5656 accepit
3343 5561 3593 5630 liberam
3624 5585 3693 5632 ac
