4080 6204
382 317 499 396 279
1537 320 1922 386 SYMEONIS
1964 325 1993 386 Il

2140 325 2590 391 ΑΡΗΒΑΒΤΑΞ.
3635 327 3751 394 280

384 458 660 533 solutam,
697 457 1110 539 corripiendus
1165 457 1403 536 quidem
1453 465 1542 520 est
1601 465 1845 538 propter
1897 460 1995 540 prii

2150 461 2280 538 ἐραν,
2318 462 2680 535 ἐπιτιμητέως
2723 465 2822 538 μὲν
2853 463 2940 523 διὰ
2983 466 3082 535 τὴν
3141 465 3380 544 πρώτην·
3432 463 3521 522 ἰπὶ
3577 465 3632 522 δὲ
3691 473 3761 543 τῇ

387 567 544 611 mam
574 570 587 613 :
624 556 867 628 propter
898 547 1221 609 secundam
1257 565 1418 622 vero,
1455 547 1710 609 crimine
1744 555 1928 609 vacat.

1064 547 1221 608 idam
1257 565 1418 622 vero,
1455 547 1710 609 crimine
1744 555 1928 609 vacat.
2115 549 2348 630 δευτέρᾳ,
2382 553 2675 618 ἀνεύθυνος,

467 639 569 702 ‘20.
600 639 741 710 Quae
792 646 997 699 contra
1029 637 1394 726 voluntatem
1458 643 1641 717 patris
1670 647 1872 700 secuta
1916 647 2028 712 est,

2197 642 2270 702 κ’.
2307 645 2455 721 Παρὰ
2489 645 2713 722 γνώμην
2758 647 2956 722 πατρὸς
3013 648 3047 715 ἡ
3105 645 3539 721 ἀκολουθήσασα,
3591 650 3759 726 πόρνη

389 738 654 791 scortum
707 735 985 787 censetur
1019 746 1032 786 :
1068 724 1121 786 si
1165 743 1302 786 vero
1337 737 1617 805 parentes
1665 728 2000 790 reconciliat

2151 733 2370 807 ρίνεται·
2445 735 2488 788 εί
2545 732 2598 789 δὲ
2657 734 2756 791 καί
2814 738 2860 791 οἱ
2915 749 3094 811 γονεῖς
3156 734 3516 813 διαλλογεῐεν,
3576 724 3762 793 καίτὸ

387 819 634 891 fuerint,
675 816 1016 893 factumque
1047 814 1691 904 remediumiaccipere
1737 817 1998 879 videatur

2146 823 2335 898 ἐγονὸς
2395 825 2675 900 θεραπείαν
2724 823 2872 904 ἔχειν
2929 823 3100 895 δοκεῖ,
3134 825 3279 900 ὅμως
3338 827 3564 904 τριετίαν
3620 827 3757 883 ὑπο-

388 915 587 969 tamen
637 904 896 964 triennio
931 901 1298 982 paenitentiae
1330 903 1658 984 subjaceat.
2115 910 2375 970 πιπτέτω.

467 996 564 1054 21.
604 995 746 1065 Quae
772 1011 905 1052 cum
939 991 1210 1054 adultero
1242 995 1399 1068 vivit,
1438 995 1788 1059 moechatur.

1764 1015 1788 1059 '.
2197 1000 2307 1059 κα’.
2455 1003 2662 1072 συζῶσά
2696 1011 2902 1082 μοιχῷ.
2949 1001 3375 1084 διαμοιχεύεται.

465 1084 562 1144 ‘22.
599 1082 828 1145 Ancilla
859 1100 991 1162 qua:
1021 1100 1084 1143 se
1117 1083 1240 1144 viro
1293 1085 1626 1160 tradiderit,
1658 1086 1987 1151 fornicatur
2017 1107 2033 1163 ;

2195 1088 2311 1164 χβ’.
2390 1082 2614 1158 ιΕαυιτὴν
2677 1090 2819 1170 ἀνδρὶ
2894 1082 3174 1149 ἐπιδοῦσαη
3227 1091 3412 1161 δούλη,
3488 1093 3750 1168 πορνεύει⁸

388 1172 767 1236 matrimonio
801 1190 936 1233 vero
963 1173 1253 1251 jungitur,
1291 1193 1422 1255 qua)
1463 1193 1598 1236 cum
1633 1175 1862 1237 domini
1896 1197 1999 1239 con

2151 1179 2434 1236 υνάπτεται
2491 1179 2545 1235 δὲ
2589 1183 2624 1249 ἡ
2657 1181 2792 1254 μετὰ
2821 1183 3044 1258 γνώμης
3094 1180 3372 1240 δεσπότου.
3406 1184 3482 1242 Τὰ
3512 1184 3610 1260 γάρ
3653 1183 3757 1239 τῶν

384 1281 564 1325 sensu
617 1261 675 1324 id
706 1262 866 1322 facit.
904 1260 1047 1334 Quae
1079 1261 1238 1324 enim
1289 1263 1436 1325 fiunt
1463 1265 1540 1326 ab
1571 1265 1644 1326 iis
1697 1266 1795 1346 qui
1825 1267 1995 1329 alien:

1120 1261 1238 1323 nim
1289 1263 1436 1325 fiunt
1463 1265 1540 1326 ab
1571 1265 1644 1326 iis
1697 1266 1795 1346 qui
1825 1267 2035 1329 aliene
2114 1266 2454 1342 ὒπεξουσίων,
2489 1266 2731 1329 ἀϐέϐαια.

386 1359 661 1434 potestati
693 1351 914 1412 subditi
946 1360 1104 1420 sunt,
1141 1352 1428 1417 invalida.

465 1442 909 1522 ‘23.Viduaquze
931 1442 1118 1503 virum
1145 1442 1668 1524 accipit,criminis
1691 1463 1902 1526 expers
1919 1453 2031 1508 est.

1926 1453 2031 1508 est.
2198 1447 2306 1522 κγ’.
2356 1446 2711 1530 ’ᾼνὲγκλητος
2739 1452 2774 1520 ἡ
2807 1450 2955 1530 χήρα
2983 1447 3329 1524 λαμϐάνουσα
3356 1448 3537 1526 ἄνδρα.

465 1535 567 1596 24.
621 1532 805 1595 Filius
841 1531 1023 1610 patris
1056 1539 1329 1610 potestati
1381 1533 1680 1596 subditus.
1719 1542 1776 1595 et
1830 1553 2037 1597 servus

2198 1529 2303 1596 κδ’.
2384 1528 2441 1594 Ὀ
2508 1528 2845 1603 ὑπεξούσιοςη
2877 1541 3010 1613 υἱὸς,
3059 1543 3146 1596 καὶ
3201 1538 3410 1612 δοῦλος,
3472 1536 3598 1618 δίχα
3653 1543 3761 1595 τῶν

385 1623 536 1686 citra
561 1622 942 1682 dominorum
979 1639 1368 1699 consensum,
1405 1624 1848 1685 matrimonium
1882 1643 1994 1686 con

1424 1624 1848 1685 natrimonium
1882 1643 2034 1686 con-
2116 1628 2307 1707 κυρίων
2351 1634 2711 1705 ζευγνυμενοι,
2749 1627 3035 1692 (metiemur.

385 1712 652 1786 trahens,
685 1710 874 1791 culpae
905 1709 1147 1771 obnoxii
1179 1721 1340 1774 sunt.

468 1803 569 1865 99.
621 1800 731 1873 Qui
767 1801 1133 1880 percusserit
1162 1801 1234 1862 ad
1289 1811 1570 1879 mortem,
1605 1810 1724 1864 tum
1771 1803 2079 1888 lacessit”

2198 1805 2307 1864 κε’.
2364 1797 2420 1863 Ὀ
2465 1803 2670 1874 πλήξας
2725 1808 2857 1884 πρὸς
2908 1808 3152 1881 θάνατον,
3187 1809 3276 1864 καὶ
3317 1807 3639 1888 ἀρχόμενος,
3672 1808 3761 1865 καὶ

389 1904 514 1956 tum
545 1891 644 1972 qui
680 1888 1008 1963 ulciscitur,
1043 1891 1369 1952 homicida.

1205 1892 1369 1952 lcida.
2115 1895 2446 1972 ἀμυνόμενος
2472 1895 2792 1976 ἀνδροφόνος
2805 1943 2816 1954 .

465 1982 564 2044 26.
602 1981 915 2043 Diaconisa
959 1998 1092 2042 cum
1125 1982 1334 2060 gentili
1384 1982 1698 2056 fornicata,
1731 2001 1800 2044 ac
1833 1986 2026 2063 poeni-

2197 1976 2330 2060 xg'.
2389 1985 2642 2049 Διάκονος
2722 1977 2961 2052 ’Ἕλληνι
3032 1989 3376 2064 προνευθεϊσα
3429 1990 3518 2043 καὶ
3588 2009 3759 2062 μετα-

387 2073 574 2134 tentia
604 2071 800 2143 ducta,
835 2076 1150 2150 septennto
1184 2072 1545 2149 pmnitentiaa
1569 2072 1948 2152 subjiciatur.

1434 2075 1545 2133 :tiaa
1569 2072 1948 2152 subjiciatur.
2117 2082 2336 2153 γνοῦσα,
2370 2075 2653 2132 ἑπταετίαν
2680 2075 3045 2135 δποπιπτένω.

466 2161 566 2223 2'1.
616 2158 986 2221 Christianus
1016 2161 1380 2222 contumelia
1410 2161 1710 2224 Christum
1743 2162 2029 2239 adiciens,

2197 2164 2306 2236 κζ’.
2363 2156 2611 2241 ἰ’ὄρίζων
2666 2166 2977 2242 Χριστιανὸς
3048 2165 3138 2220 τὸν
3201 2171 3444 2244 Χριστον,
3499 2165 3604 2222 ἀπὸ
3662 2171 3759 2232 τῆς

388 2251 614 2312 nullum
647 2249 901 2311 fructum
936 2267 1006 2310 ex
1039 2250 1348 2313 iocatione
1381 2269 1487 2312 sua
1519 2251 1830 2332 percipiat.

1154 2250 1348 2313 atione
1381 2269 1487 2312 sua
1519 2251 1830 2332 percipiat.
2121 2253 2366 2322 κλήσεως
2399 2253 2765 2331 ἀνωφέλητος.

465 2341 563 2402 98.
584 2338 802 2418 Nupsit
828 2337 1097 2418 quadam
1127 2355 1234 2418 per
1256 2340 1649 2418 ignorantiam
1684 2340 1807 2402 viro
1836 2341 2039 2404 dimis-

2201 2343 2314 2410 κη’.
2365 2342 2644 2420 Ἐγήματό
2699 2363 2782 2406 τις
2818 2341 2986 2419 ’ἀνδρὶ
3027 2343 3164 2398 κατὰ
3219 2340 3438 2421 ἄγνοιαν
3494 2342 3760 2422 ἀφεμένῷ,

391 2448 493 2492 so:
533 2429 754 2490 deinde
786 2427 970 2508 priori
999 2428 1135 2508 ipse
1164 2431 1476 2491 restitutus
1498 2431 1746 2508 est.ipsa
1776 2450 1912 2493 vero
1939 2431 2000 2494 di

2150 2437 2240 2490 ἴτα
2309 2438 2377 2508 τῇ
2447 2433 2680 2505 προτέρα
2747 2432 3032 2511 ἀνέφηνεν,
3101 2434 3135 2500 ἡ
3202 2430 3244 2488 δ’
3311 2431 3518 2512 ἀφείθη·
3593 2435 3761 2510 πόρνη

391 2522 859 2581 missa:scortum
881 2525 1198 2598 reputatur
1218 2537 1326 2598 per
1347 2519 1841 2599 ignorantiam,ac
1861 2521 1913 2583 si
1936 2540 2001 2584 re

2144 2523 2386 2600 ,ογίζεται
2476 2523 2612 2578 κατὰ
2677 2521 2924 2600 ἄγνοιαν,
2997 2523 3086 2579 καὶ
3156 2523 3201 2578 εἰ
3266 2521 3405 2579 θέλει
3467 2523 3755 2600 ζεύγνυται·

388 2611 476 2685 lit,
503 2607 732 2672 nubere
765 2616 955 2688 potest
983 2627 996 2667 :
1037 2607 1254 2670 melius
1280 2627 1443 2684 vero,
1484 2609 1534 2672 si
1559 2629 1678 2672 non
1709 2611 1913 2672 nubat.

1336 2628 1443 2684 ero,
1484 2609 1534 2672 Si
1559 2629 1678 2672 non
1709 2611 1913 2672 nubat.
2123 2611 2340 2668 κάλλιον
2370 2610 2424 2666 δὲ
2470 2613 2514 2666 εἰ
2544 2611 2622 2685 μὴ
2652 2618 2947 2689 ζεύγνυται,

467 2701 568 2762 29.
616 2698 980 2769 Encratitas,
1011 2699 1408 2779 sarcophoros
1462 2708 1641 2780 atque
1689 2700 2038 2780 apotactitas

2201 2700 2309 2762 κθ¹.
2380 2701 2744 2778 Ἐγκρατίτας,
2793 2703 2880 2758 καὶ
2939 2702 3329 2781 Σαρκοφόρουε,
3389 2703 3475 2758 καὶ
3528 2702 3763 2758 ’Λποτα-

391 2789 589 2852 denuo
622 2787 969 2868 baptizabis.
1006 2787 1292 2860 Quamvis
1325 2789 1485 2850 enim
1518 2789 1716 2851 dicant
1735 2807 1799 2849 se
1830 2788 1891 2849 in
1919 2788 1999 2850 Pa

2150 2793 2322 2859 τίτας,
2384 2787 2788 2851 ἆναϐαπτίσεις.
2867 2791 2923 2848 Ei
2996 2791 3098 2867 γὰρ
3156 2791 3244 2847 καὶ
3303 2790 3510 2867 λέγοιεν
3559 2791 3640 2848 ὅτι
3690 2793 3761 2852 εἰς

386 2886 562 2952 trem,
595 2889 650 2939 et
684 2876 924 2949 Filium,
966 2885 1022 2936 et
1052 2877 1340 2956 Spiritum
1369 2884 1639 2938 sanctum
1675 2896 1808 2939 esse
1839 2877 1997 2956 bapti

2151 2877 2348 2954 Ιατὲρα,
2387 2878 2474 2933 καὶ
2506 2879 2650 2950 Υἱὸν,
2681 2880 2775 2935 καὶ
2829 2877 2984 2955 ἅγιον
3015 2885 3230 2954 Πνεῦμα
3280 2877 3595 2947 ὶϐαπτίσθη,
3643 2879 3762 2936 ἀλλ’

385 2975 570 3038 zatos,
605 2971 1020 3026 verumtamen
1073 2967 1352 3045 quoniam
1390 2966 1678 3027 malorum
1725 2977 1996 3026 auctorer

2150 2967 2230 3022 πεὶ
2297 2970 2479 3022 κακῶν
2537 2967 2771 3035 ποιητὴν
2831 2969 2923 3024 τὸν
2989 2970 3120 3025 Θεὸν
3189 2967 3566 3048 βλασφημοῦσι
3623 2970 3761 3026 κατὰ

387 3054 571 3115 Deum
629 3053 812 3132 impie
841 3064 1117 3114 asserunt
1144 3055 1316 3132 juxta
1361 3053 1749 3129 Marcionem,
1784 3053 1898 3114 nisi
1934 3053 1998 3114 de

1709 3073 1749 3129 Ι,
1784 3053 1898 3114 nisi
1934 3053 2033 3114 de-
2117 3055 2420 3128 Μαρκίωνα,
2468 3053 2546 3126 μὴ
2579 3052 3060 3132 ἀναὸαπτιζόμενοι
3091 3056 3320 3121 ἄδεκτοι,

388 3161 507 3204 nuo
542 3140 946 3252 baptizentur,
972 3159 1102 3252 non)
1116 3149 1262 3242 sunt
1293 3141 1652 3222 recipiendi.
2053 3203 2092 3252 Ο

459 3233 559 3296 30.
618 3230 762 3304 Qum
817 3249 848 3291 a
898 3231 1022 3292 viro
1070 3229 1320 3292 dimissa
1369 3241 1483 3310 est,
1511 3236 1596 3292 sic
1653 3239 1933 3311 maneat;
1983 3223 2070 3293 si‘

2195 3230 2275 3290 λ’.
2339 3223 2398 3288 ’Β
2447 3229 2570 3308 παρ’
2632 3231 2818 3312 ἀνδρὸς
2880 3234 3195 3314 digamma,"
3223 3236 3429 3311 μενέτω
3483 3238 3673 3302 οὔτως·
3720 3241 3763 3294 εἰ

387 3323 546 3384 enim
595 3321 957 3394 maechetur,
987 3321 1156 3400 juxta
1185 3320 1425 3383 Domini
1479 3338 1845 3396 sermonem,
1881 3319 1998 3382 aliu

2154 3320 2216 3397 ἁρ
2247 3328 2508 3400 μοιχᾶται
2553 3322 2688 3377 κατὰ
2742 3325 2832 3380 τὸν
2875 3332 2970 3382 τοῦ
3017 3327 3204 3404 Κυρίου
3261 3325 3445 3406 λόγον,
3476 3329 3574 3396 τῆς
3631 3331 3761 3401 πρὸς

386 3409 812 3474 communione
844 3408 1204 3472 excluditur.

2117 3407 2288 3486 ἕτερον
2317 3409 2549 3468 κλείεται
2581 3413 2885 3480 κοινωνίας,

463 3501 564 3562 31.
591 3499 911 3580 Corruptio
935 3516 1042 3579 per
1065 3497 1179 3560 vim
1205 3498 1494 3576 admissa,
1527 3499 1780 3561 crimine
1812 3508 1976 3562 vacat
2010 3519 2026 3560 :

2193 3498 2310 3560 λα’.
2371 3501 2547 3568 Φθορὰ
2589 3506 3080 3580 κατηναγκασμένη
3131 3505 3430 3570 ἀνεύθυνος·
3477 3507 3563 3563 καὶ
3604 3505 3764 3574 δούλη

381 3598 560 3669 atque
583 3589 800 3650 ancilla
820 3591 867 3651 si
904 3589 1018 3649 vim
1045 3591 1302 3669 patiatur
1325 3607 1358 3650 a
1379 3589 1648 3663 domino,
1683 3591 1886 3650 insons
1912 3598 1992 3652 est

1602 3609 1648 3663 J,
1683 3591 1886 3650 insons
1912 3597 2030 3652 est.
2114 3590 2408 3665 βιαζομὲνη
2432 3591 2576 3670 παρὰ
2606 3591 2888 3669 δεσπότου,
2917 3593 3213 3661 ἀνεύθυνος.

459 3671 558 3741 3‘3.
588 3678 702 3751 Qui
738 3679 981 3741 tertium
1009 3679 1460 3740 matrimonium
1494 3679 2034 3751 contrahit,contra

2196 3677 2303 3755 λβ⁹.
2341 3669 2399 3738 Ὀ
2441 3681 2698 3759 τρίγαμος
2730 3681 2954 3758 ἅνομος⁶
3003 3687 3078 3747 ὡς
3115 3682 3170 3740 δὲ
3213 3686 3348 3764 ῥέπῃ
3391 3688 3490 3752 τῆς
3521 3685 3757 3754 Ἐκκλη-

378 3770 544 3848 leges
598 3777 823 3850 peccat.
859 3767 1042 3830 Prout
1071 3776 1270 3830 autem
1329 3767 1618 3831 Ecclesia;
1646 3787 1744 3830 res
1776 3787 1939 3830 nunc
1967 3788 1989 3830 ε

2152 3769 2230 3832 iac
2293 3770 2358 3825 τὰ
2427 3779 2646 3830 τοιαῦτα
2720 3770 3050 3848 βλεπόμενα,
3112 3773 3486 3854 ἆστηλὶτευτα,
3538 3777 3761 3855 κρείττω

375 3859 620 3932 habent,
657 3859 954 3939 ejusmodi
988 3858 1274 3933 facinora,
1309 3864 1358 3920 si
1391 3877 1509 3920 non
1556 3858 1793 3938 publice
1827 3858 1986 3920 tradu

1556 3858 1793 3938 publice
1827 3858 2031 3920 tradu-
2115 3858 2213 3926 τῆς
2258 3859 2542 3937 ἀνειμένης
2570 3862 2816 3940 πορνείας
2849 3863 3159 3942 κρινόμενα.

375 3959 606 4023 cantur,
644 3950 934 4012 dissoluta
984 3947 1387 4010 fornicatione
1421 3948 1822 4012 tolerabiliora
1864 3947 2031 4028 judi-

371 4048 608 4101 cantur.

774 4131 1061 4212 Ejusdem
1109 4133 1369 4204 epistola
1419 4134 1618 4196 tertia.

2535 4141 2638 4193 Τοῦ
2678 4134 2836 4194 αύτοῦ
2865 4134 3126 4204 ἔπιστολὴ
3156 4137 3330 4216 τρίτη’

455 4241 511 4299 1.
573 4237 788 4298 Clerici
820 4238 920 4318 qui
969 4237 1028 4298 in
1079 4237 1361 4299 delictum
1419 4237 1716 4318 incidunt,
1749 4237 2032 4318 gradibus

2192 4240 2274 4304 α’,
2364 4244 2424 4300 Oi
2513 4240 2756 4320 γληρικοὶ
2839 4244 3296 4318 παραπίπτοντες,
3371 4251 3476 4300 τῶν
3541 4247 3759 4322 βαθμῶν

373 4327 768 4407 dejiciuntur,
805 4328 929 4388 sive
953 4326 1318 4403 ministrent,
1344 4325 1468 4388 sive
1498 4327 1754 4390 ordinati
1788 4328 1927 4389 sint.

2148 4332 2536 4405 ποπίπτουσίν,
2613 4330 2724 4390 εἴτε
2806 4333 3142 4410 ὑπηρετῶσιν
3229 4332 3341 4389 εἴτε
3439 4340 3759 4414 κεχειροτό-

2111 4442 2320 4482 νηνται.

547 4507 693 4580 Quae
725 4505 908 4567 fetum
941 4505 1292 4585 neglexerit,
1326 4514 1646 4587 propterea
1676 4507 1836 4583 quod
1871 4507 2028 4568 ami-
2053 4570 2067 4589 ,

2182 4443 2320 4482 νται,

2149 4443 2266 4585 ηβ’.
2346 4511 2411 4566 Ἢ
2470 4511 2730 4585 ἀμήσασα
2798 4516 2892 4567 τοῦ
2971 4511 3246 4586 κυήματος
3304 4509 3372 4566 δι’
3445 4511 3670 4589 ἐρημίαν
3727 4513 3760 4580 ἢ

372 4595 460 4658 cis
515 4595 814 4676 rebusque
846 4595 916 4656 ad
972 4570 1145 4657 viiam
1205 4570 1565 4658 necessariis
1612 4570 1891 4660 destituta
1926 4599 1976 4660 si

1560 4619 1565 4653 ἱ
1612 4570 1891 4660 det-stilum
1926 4599 2027 4674 sit,
2053 4570 2338 4679 οᾶπορίαν
2365 4607 2470 4657 τῶν
2503 4570 2840 4675 ἐπιτηδείων,
2876 4570 3171 4666 ἀνεύθυνος.

370 4684 648 4747 criminis
680 4703 892 4766 expers
923 4695 1040 4748 est.

460 4775 521 4838 3.
585 4773 712 4838 Non
748 4794 1025 4854 magnum
1078 4778 1308 4838 crimen
1343 4785 1431 4839 est
1480 4776 1711 4839 ancillae
1743 4777 1952 4853 viduae,
1986 4775 2037 4840 si

2199 4779 2272 4857 γ’.
2336 4783 2408 4838 Ού
2441 4783 2578 4858 μέγα
2608 4792 2853 4854 πταῖσμα
2895 4784 2962 4855 τῇ
2995 4780 3139 4858 χήρᾳ
3199 4777 3360 4855 δούλῃ
3393 4782 3522 4856 πρὸς
3578 4779 3754 4837 δεύτε.

376 4864 450 4925 οίι
489 4863 792 4926 secundas
824 4866 1063 4947 nuptias
1094 4865 1362 4946 rapiatur
1390 4888 1403 4926 :
1441 4867 1710 4946 bigamiaa
1738 4884 1876 4928 vero
1907 4885 1987 4949 pa

2152 4891 2208 4925 ον
2269 4871 2441 4946 γάμον
2499 4870 2863 4948 ὄιρπαζομένῃ⁹
2929 4870 2990 4924 τὸ
3022 4867 3076 4924 δὲ
3133 4869 3227 4936 τῆς
3270 4868 3524 4946 διγαμίας
3586 4869 3760 4926 ἐπιτί-

369 4973 518 5016 nam
553 4953 803 5018 subibit.

791 5003 803 5018 .
2123 4981 2242 5034 μιον
2276 4957 2375 5023 ἕξει
2386 5007 2398 5020 ,

447 5045 506 5105 4.
546 5043 1000 5107 Homicidarum
1044 5063 1262 5122 poenae,
1299 5066 1407 5127 pro
1440 5045 2023 5109 circumstantiarum

2188 5046 2259 5110 δ’.
2305 5055 2419 5105 Τῶν
2480 5048 2759 5127 φονώντων
2807 5048 2906 5125 [ῗσ.
2969 5047 3321 5126 φονευόντων]
3361 5049 3426 5105 τὰ
3484 5049 3755 5124 ἐπιτίμια,

367 5135 620 5210 ratione,
655 5144 957 5217 augentur
989 5145 1092 5196 aut
1121 5137 1502 5198 minuuntur.

2150 5139 2242 5193 ατὰ
2299 5139 2360 5192 τὸ
2429 5135 2619 5212 ἰδίωμα
2702 5143 2802 5204 τῆς
2861 5138 3231 5216 περιστήσεως
3321 5136 3664 5218 ἐπιτείνεται,
3726 5140 3761 5207 ἢ

2107 5229 2308 5307 ὺῃίεται
2321 5275 2335 5289 ,

449 5317 507 5381 5.
564 5317 948 5378 Voluntarius
997 5315 1298 5378 homicida
1345 5316 1550 5396 viginti
1575 5335 1765 5378 annos
1817 5317 2012 5397 ι)ωηὶ-

2190 5305 2257 5374 ε’.
2294 5307 2354 5374 ¹0
2397 5318 2636 5378 ἑκούσιος
2694 5316 2973 5397 φονευτὴς,
3008 5316 3333 5372 είκοσαετίαν
3387 5317 3756 5377 ὑποπιπτέτω.

372 5407 571 5468 tentim
597 5405 980 5487 subjiciatur.

449 5495 509 5558 6.
544 5495 988 5558 Involuntarius
1018 5496 1226 5558 decem
1260 5513 1469 5559 annos.

2183 5493 2255 5516 μιν
2319 5487 2330 5506 ⁸
2414 5497 2423 5512 ν
2517 5496 2530 5517 l

1384 5515 1469 5559 os.
2182 5535 2215 5569 δ
2268 5543 2280 5556 .
2336 5507 2374 5552 0
2404 5517 2648 5556 ακουσιος
2683 5493 2991 5556 δεκαετίαν,

449 5585 507 5644 7.
543 5585 808 5647 Μωειιυε
840 5585 1184 5666 quindecim
1218 5604 1430 5650 annos.

2176 5585 2244 5655 ζ’.
2278 5588 2338 5643 '0
2372 5587 2593 5666 μοιχὸς,
2626 5583 3177 5645 πεντεκαιδεκαετίαν.

450 5673 511 5735 8.
549 5674 895 5738 Fornicator
933 5675 1336 5759 septennium.

2175 5673 2255 5744 η’.
2305 5677 2364 5732 '0
2395 5675 2606 5756 πόρνος,
2642 5674 2951 5740 ἑπταετίαν,
