4128 6198
370 284 490 361 283

372 434 612 492 centum
645 429 952 510 sexaginta
999 430 1262 513 quinque
1309 428 1638 492 Iustiniano
1671 429 2000 508 imperante

2131 440 2455 490 ουστινιανοῦ
2525 440 2616 491 τοῦ
2660 433 2897 512 μεγάλου
2941 431 3352 502 συνεληλύθασιν
3388 445 3402 464 ⁸

371 521 912 598 convenerunt,qui
942 519 1260 599 Origenem
1292 537 1608 599 corporum
1642 519 2002 583 animarum-

372 625 492 683 que
520 608 804 671 circuitus
830 611 1491 681 aiiirmantem,necnon
1525 607 1700 670 etiam
1723 608 2002 672 Theodo-

372 695 550 758 rilum
584 707 788 760 contra
820 697 1135 760 duodecim
1162 696 1358 778 Cyrilli
1393 698 1587 773 capita
1612 699 1895 761 audacter
1917 699 2005 760 in-

371 793 629 860 vectum,
663 787 1038 848 anathemate
1063 788 1733 867 perculerunt.Byzantii
1762 806 1795 848 a
1825 787 2005 850 Cons-

373 874 598 936 tantino
632 883 831 937 coacta
862 885 947 936 est
971 876 1391 957 synodus,qua:
1420 876 1746 939 Honorium
1780 876 2002 952 Romae,

369 979 439 1025 ac
493 963 762 1044 Sergium
823 965 1392 1047 Constantinopolis,
1451 967 1772 1048 episcOpos
1829 985 2003 1029 unam

367 1053 725 1115 voluntatem
788 1074 1091 1133 unamque
1163 1056 1569 1138 operationem
1629 1055 2007 1137 dogmatibus

371 1142 493 1202 suis
523 1143 810 1206 docentes
843 1145 1046 1224 ejecit.
1250 1144 1253 1146 ’

450 1231 510 1295 9.
565 1231 707 1306 Quae
755 1235 1159 1317 apostolorum
1219 1233 1625 1296 sanctionibus
1683 1235 2009 1299 Clementis

373 1338 555 1400 opera
583 1322 780 1399 editis,
819 1324 1020 1385 furtim
1055 1324 1126 1385 ab
1151 1323 1446 1386 haereticis
1479 1323 1704 1386 inserta
1733 1333 1889 1400 sunt,
1917 1343 2008 1387 re-

373 1410 695 1492 pudianda.

451 1503 508 1566 3.
540 1503 900 1566 Sacerdotes
930 1503 1152 1583 bigami
1183 1513 1361 1586 atque
1389 1503 1838 1584 impmnitentes
1867 1521 2006 1582 gra-

371 1590 450 1653 du
484 1593 622 1652 moti
655 1601 792 1655 sunt
827 1612 840 1658 ε
877 1595 974 1674 qui
1005 1611 1144 1655 vero
1177 1594 1396 1655 malum
1440 1611 1473 1653 a
1503 1611 1567 1653 se
1598 1602 2004 1669 removerunt,

369 1697 540 1743 sacro
575 1701 824 1746 munere
856 1702 1047 1762 usque
1095 1682 1166 1745 ad
1213 1691 1440 1746 certum
1478 1692 1712 1760 tempus
1740 1680 2008 1743 abstine-

1532 295 1912 363 SYMEONIS
1953 295 2560 362 METAPHRAST/E.

3608 292 3724 363 284

3469 433 3524 492 οἵ
3569 432 3725 492 Ὠοι-

2109 455 2455 490 ιουστινιανου
2525 455 2616 491 του
2660 455 2897 512 μεγαΛου
2941 455 3352 502 συνεληλύθασιν
3388 455 3402 464 ·
3469 455 3522 492 οι
3591 455 3722 514 ωρι-

2088 521 2248 597 γὲνην
2291 544 2556 598 σωματων
2599 523 2693 578 καὶ
2725 528 2916 604 ψυχῶν
2965 522 3241 601 περιόδους
3283 523 3722 604 ἀποφηνάμενον,

2086 612 2173 667 καὶ
2231 612 2572 690 Θεοδώρητον
2615 614 2750 670 κατὰ
2810 616 2915 671 τῶν
2971 612 3173 671 δώδεκα
3234 612 3535 693 κεφαλαίων
3591 618 3724 693 θρα-

2088 700 2332 757 συνθέντα
2405 700 2654 780 Κυρίλλου
2711 701 3116 774 ἀνεθεμάτισαν.
3179 700 3303 759 Ἐπὶ
3362 705 3460 770 τὴν
3519 703 3723 775 Βύζανο

2087 811 2179 845 τον
2238 791 2339 846 ὑπὸ
2406 791 2797 848 Κωνσταντίνου
2855 803 2947 851 τοῦ
3013 792 3346 871 Πωγωνάτου
3401 790 3726 851 συνείλεκται

2089 877 2329 958 σύνοδος,
2383 880 2418 947 ἢ
2476 881 2726 958 Ὀνώριον
2782 881 2872 936 τὸν
2933 873 3167 957 Ῥώμης,
3242 884 3327 936 καὶ
3375 881 3591 959 Σέργιον
3635 882 3726 938 τὸν

2089 974 2186 1033 τῆς
2250 971 2668 1040 Κωνσταντίνου,
2730 970 2786 1026 ἓν
2840 969 3048 1046 θέλημα
3109 973 3193 1029 καὶ
3265 971 3389 1046 μίαν
3459 970 3726 1050 ἐνέργειαν

2089 1054 2511 1136 δογματίσαντας
2541 1057 2933 1126 ἀποϐέϐληκεν.

2169 1237 2251 1314 β’.
2286 1237 2361 1296 Τὰ
2419 1238 2562 1314 παρὰ
2617 1240 2722 1294 τῶν
2795 1236 3108 1316 ἑτεροδόξων
3167 1237 3500 1310 κλοπιμαίως
3562 1236 3726 1312 ἐμϐε-

2089 1323 2354 1406 ϐλημένα,
2389 1339 2512 1390 ταῖς
2548 1325 2850 1402 Κλήμεντος
2907 1336 3013 1384 τῶν
3068 1327 3380 1385 ἀποστόλων
3437 1327 3729 1395 διατέξεσιν

2090 1415 2456 1492 ἀποκήρυκτα.

2169 1503 2242 1582 γ’.
2296 1497 2478 1584 Ἰερετς
2509 1503 2723 1583 δίγαμοι
2786 1509 2872 1562 καὶ
2937 1506 3394 1584 ἂμεταμελὲτητοι
3453 1506 3730 1583 καθῄρην-

2090 1616 2199 1653 ται.
2261 1597 2320 1653 Οἱ
2363 1593 2415 1650 δὲ
2459 1597 2520 1650 τὸ
2566 1598 2727 1651 κακὸν
2787 1596 3174 1669 ἀπελᾶἳαντες,
3241 1602 3337 1662 τῆς
3402 1597 3729 1676 λειτουργίαις

2093 1682 2186 1739 ἔπῖ
2243 1685 2403 1761 ῥητὸν
2463 1683 2749 1742 παύσονται
2808 1692 3004 1766 χρόνον
3040 1705 3053 1718 ⁸
3113 1689 3208 1744 οὒκ
3265 1687 3482 1764 εύλογεῒ
3546 1690 3645 1766 γὰρ
3703 1690 3730 1744 ὁ

372 1769 535 1832 bunt.
574 1770 779 1854 Neque
836 1773 994 1834 enim
1030 1772 1332 1835 benedicit
1395 1773 1757 1846 vulneratus,
1793 1782 1853 1832 et
1911 1770 2010 1851 qui

2128 1776 2439 1850 ραυματίας,
2474 1775 2560 1831 καὶ
2605 1777 2650 1830 οἱ
2676 1779 2996 1853 παρανόμως
3030 1779 3394 1857 γαμήσαντες.

371 1868 576 1922 contra
609 1861 771 1940 leges
805 1862 1253 1924 matrimonium
1290 1870 1735 1924 contraxerunt.

452 1951 512 2012 4.
545 1949 612 2012 Et
642 1952 742 2032 qui
777 1963 907 2032 post
939 1952 1280 2013 viduitatem
1335 1950 1674 2030 conjugium
1718 1949 2003 2020 inierunt,

371 2048 504 2121 post
524 2051 755 2102 certum
779 2048 1016 2122 tempus
1037 2040 1319 2121 gradibus
1341 2042 1463 2102 suis
1488 2038 1897 2108 restituantur.
1933 2037 2013 2098 ita

373 2139 592 2202 tamen,
627 2138 691 2192 ut
719 2131 788 2192 ad
822 2130 1064 2193 altiores
1095 2151 1212 2192 non
1243 2127 2010 2210 promoveantur,conjugio

373 2219 602 2282 scilicet
631 2220 902 2286 dimisso.
937 2220 1046 2294 Qui
1104 2239 1241 2281 vero
1299 2219 1474 2280 etiam
1539 2226 1668 2297 post
1698 2216 2008 2278 deﬁnitum

372 2316 631 2391 tempus.
668 2310 937 2371 dissoluti
967 2319 1024 2370 et
1051 2309 1310 2389 depositi
1343 2317 1646 2370 maneant.

452 2400 510 2463 5.
547 2399 815 2463 Clericus
873 2418 1006 2462 cum
1064 2398 1301 2463 Domini
1359 2416 1578 2476 sponsa
1634 2394 2011 2456 matrimonio

376 2489 707 2571 copulatus,
741 2489 1076 2570 deponatur
1111 2508 1123 2553 :
1184 2489 1374 2551 laicus
1404 2505 1544 2549 vero
1594 2483 2009 2548 excommuni-

368 2587 555 2642 cetur.

453 2669 511 2730 6.
547 2667 866 2730 Eunuchus
895 2668 1173 2731 sacerdos
1203 2668 1452 2730 ancillas
1485 2674 1584 2727 aut
1607 2664 1751 2726 alias
1798 2681 2010 2742 excep-

376 2759 452 2821 tis
483 2758 756 2837 personis
784 2777 915 2837 quaa
948 2759 1288 2839 suspicione
1317 2765 1545 2829 vacant,
1585 2775 1658 2816 ne
1690 2753 1924 2814 habeat.

454 2851 512 2910 7.
551 2847 896 2929 Ordinatus,
959 2849 1005 2910 si
1068 2846 1448 2909 matrimonio
1493 2846 1736 2924 junctus
1767 2843 1864 2917 sit,
1898 2841 2010 2903 de-

372 2939 634 3020 ponitur.

452 3029 511 3091 8.
547 3027 844 3090 Diaconus
877 3028 1052 3089 etiam
1081 3027 1344 3089 ofﬁcium
1378 3024 1627 3095 habens,
1682 3021 1798 3084 nisi
1851 3020 2010 3082 vica-
2032 3052 2072 3103 ο

373 3119 501 3181 rius
534 3118 613 3179 sit
642 3117 991 3196 patriarcha!
1023 3125 1119 3177 aut
1150 3115 1438 3197 episcopi,
1495 3114 1540 3174 si
1595 3120 1732 3174 ante
1765 3110 2014 3192 presby-

379 3218 538 3272 teros
571 3207 796 3280 sedeat,
827 3208 900 3269 sit
931 3207 1196 3268 omnium
1231 3211 1594 3284 postremus.

452 3298 512 3361 9.
546 3295 786 3376 [ngredi
846 3313 1172 3377 cauponam
1237 3291 1574 3372 prohibitus
1608 3299 1697 3353 est
1729 3289 2008 3363 clericus,

376 3388 564 3466 magis
594 3387 770 3450 etiam
808 3387 1028 3448 habere
1057 3381 1499 3464 prohibebitur.

460 3479 555 3541 10.
594 3483 804 3557 Azyma
857 3475 1199 3539 Judmorum
1260 3469 1598 3551 respuenda
1649 3486 1662 3529 :
1725 3469 1826 3545 qui
1879 3486 2018 3528 vero

381 3569 560 3630 etiam
597 3566 865 3628 medicos
897 3566 1058 3644 ipsos
1087 3564 1158 3624 ad
1184 3581 1247 3624 se
1281 3570 1465 3631 vocat,
1515 3567 1614 3621 aut
1643 3577 1779 3620 cum
1819 3557 1888 3618 iis
1928 3557 2017 3618 la-

373 3672 566 3728 vatur,
603 3655 936 3737 ejiciendus
965 3663 1077 3718 est.

459 3749 558 3813 11.
586 3746 655 3811 Et
686 3745 734 3807 si
773 3743 994 3808 dictum
1031 3741 1102 3806 sit
1155 3761 1274 3803 non
1305 3759 1437 3803 esse
1470 3740 1829 3821 ejiciendum
1862 3757 2016 3801 uxo-

381 3857 535 3912 rem,
588 3845 784 3900 tamen
845 3833 1134 3918 profectui
1195 3834 1253 3893 in
1311 3831 1524 3892 melius
1559 3829 2016 3918 prospicientes,

382 3927 619 4009 praesidi
648 3928 748 4008 qui
782 3917 1112 3998 ordinatur,
1147 3940 1222 3984 ne
1253 3921 1511 4002 amplius
1541 3937 1674 3979 cum
1709 3935 1892 3978 uxore
1917 3917 2020 3977 ha-

383 4016 548 4091 bitet,
582 4015 1023 4076 denuntiamus.

463 4103 555 4166 12.
593 4101 872 4174 Quamvis
897 4101 1147 4166 Romani
1173 4118 1308 4161 eum
1333 4103 1437 4175 qui
1460 4097 1531 4158 ad
1551 4095 1925 4158 diaconatum
1959 4101 2022 4154 et

380 4191 857 4277 presbyteratum
892 4199 1546 4277 promovetur,uxorem
1579 4185 1884 4246 dimittere
1912 4201 2019 4243 vo-

384 4273 608 4346 luerint
641 4297 654 4342 :
693 4298 802 4341 nos
832 4279 1218 4340 diaconorum
1251 4296 1317 4338 ac
1363 4273 1842 4355 presbyterorum
1871 4291 2019 4334 con-

2174 1950 2244 2012 δ’.
2285 1953 2381 2010 Καὶ
2415 1956 2463 2008 οἱ
2521 1955 2654 2028 μετᾶ
2686 1955 2783 2021 τὴν
2827 1958 3162 2034 χειροτονίαν
3205 1954 3538 2037 συζυγέντες,
3596 1957 3733 2031 μετᾶ

2094 2043 2183 2098 τὸν
2215 2044 2375 2119 ῥητὸν
2398 2043 2594 2122 χρόνον
2627 2047 2744 2110 τοὺς
2776 2044 3010 2120 βαθμοὺς
3037 2046 3457 2124 γνωριζέτωσαν,
3490 2043 3732 2123 ἀπρόκο-

2094 2154 2185 2188 ποι
2219 2132 2490 2206 μένοντες,
2539 2131 2744 2201 δηλαδή
2791 2135 2889 2200 τὴν
2945 2135 3186 2212 συζυγίαν
3239 2134 3517 2214 ἀφέμενοι.
3575 2137 3634 2194 Ol
3677 2132 3734 2190 δὲ

2094 2221 2227 2295 μετὰ
2269 2223 2362 2276 τὸν
2415 2220 2558 2299 ὅρον,
2593 2223 2679 2279 καὶ
2727 2222 2997 2299 λυόμενοι,
3032 2222 3457 2301 ἐκκαθῃρημένοι
3490 2223 3731 2299 μενέτω-

2094 2332 2209 2369 σαν.

2175 2399 2241 2463 ε’,
2279 2403 2552 2471 Κληρικὸς
2587 2402 2763 2482 νύμφῃ
2797 2410 2929 2463 Θεοῦ
2950 2404 3345 2478 συναπτόμενος
3363 2404 3731 2484 καθαιρείσθω.

2097 2491 2300 2553 Λαῒκὸς
2332 2489 2386 2546 δὲ
2418 2491 2764 2570 ἀφοριζέσθω,

2171 2669 2276 2743 ς’.
2316 2671 2410 2727 Καὶ
2442 2673 2696 2750 ε·’›νοῦχος
2753 2672 2940 2747 ἱερεὺς,
3000 2668 3393 2749 θεραπαινίδας,
3428 2671 3462 2740 ἢ
3524 2670 3732 2750 ἑτέρας,

2097 2757 2237 2825 πλὴν
2265 2766 2374 2815 τῶν
2405 2759 2725 2816 ἀνυπόπτων
2756 2763 2833 2836 μὴ
2864 2760 3140 2829 κεκτήσθω
3171 2761 3493 2839 προσώπων.

2175 2848 2245 2919 ζ’.
2297 2841 2354 2908 Ὀ
2385 2851 2803 2930 χειροτονηθεὶς,
2841 2853 2883 2908 εἰ
2914 2852 3209 2929 ζεύγνυται,
3247 2853 3605 2929 καθαιρεῖται.

2176 3026 2256 3097 η’.
2308 3029 2406 3086 Καὶ
2441 3029 2680 3109 ὃφφίκιον
2710 3028 2856 3109 ἔχων
2887 3027 3151 3106 διάκονος,
3200 3031 3243 3086 εἰ
3297 3030 3374 3104 μὴ
3415 3050 3736 3110 τοποτηρη-

2095 3117 2192 3182 τὴς
2236 3115 2272 3192 ᾗ
2315 3119 2674 3196 πατριάρχου,
2708 3118 2742 3186 ἢ
2787 3117 3105 3197 ἐπισκόπου,
3153 3119 3254 3197 πρὸ
3285 3125 3392 3176 τῶν
3445 3117 3738 3198 πρεσϐυτί-

2096 3227 2199 3283 ρων
2230 3206 2605 3280 καθεζόμενος,
2643 3206 2891 3264 ἁπάντων
2922 3207 3302 3289 ἐσχατώτατος
3333 3207 3530 3273 ἔσοιτο,

2173 3293 2245 3358 θ’.
2314 3296 2539 3352 Εἰσιέναι
2603 3297 2883 3372 καπηλείῳ
2959 3298 3253 3356 κεκώλυται
3315 3297 3596 3381 κληριιιδς,
3652 3299 3741 3356 καὶ

2101 3383 2248 3464 ἔχειν
2281 3383 2554 3455 κωλυθήσε
2567 3407 2644 3442 ται
2677 3385 2902 3462 μᾶλλον.

2183 3472 2244 3534 ι’.
2290 3473 2502 3546 "Attius
2557 3472 2821 3531 Ἰουδαίων
2879 3476 3213 3537 ἄπόπτυστα.
3271 3474 3334 3535 ’0
3395 3474 3450 3532 δὲ
3510 3477 3598 3533 καὶ
3653 3478 3742 3534 ἱα-

2101 3564 2256 3639 τροὺς
2313 3565 2496 3629 αὖτοὺς
2568 3565 3057 3646 προσκαλούμενος,
3108 3565 3144 3633 ἢ
3189 3564 3600 3642 συλλουόμενος,
3645 3565 3742 3624 ἕκ-

2102 3675 2310 3712 πτωτος
2323 3701 2335 3715 .

2184 3742 2281 3801 ια’.
2318 3744 2375 3800 Εἰ
2406 3747 2492 3799 καὶ
2548 3742 2794 3801 λέλεκται
2834 3744 2912 3818 μὴ
2967 3741 3254 3800 ἐκϐάλλειν
3290 3757 3541 3824 γυναῖκα,
3603 3743 3745 3802 ἀλλὰ

2101 3833 2199 3898 τῆς
2263 3831 2346 3888 ἐπὶ
2402 3835 2462 3889 τὸ
2513 3847 2759 3900 κρεῖττον
2826 3839 3105 3910 προκοπῆς
3162 3835 3617 3917 προμηθούμενοι,
3668 3840 3746 3908 τῷ

2104 3923 2561 4000 χειροτονουμὲνῳ
2615 3921 2851 4002 προέδρῲ
2929 3923 3125 3999 μηκέτι
3202 3937 3470 3980 συνοικεῖν
3529 3927 3746 4003 γυναικί

2106 4010 2576 4090 παραγγέλλομεν.

2191 4099 2286 4176 ιβ’,
2337 4099 2444 4160 Κᾶν
2485 4103 2534 4158 οἱ
2597 4092 2858 4178 Ῥωμαῖοι
2915 4104 3006 4161 τὸν
3064 4105 3138 4169 εἰς
3181 4100 3430 4162 διάκονον
3487 4105 3576 4162 καὶ
3611 4124 3742 4182 πρε-

2105 4188 2353 4271 σϐύτερον
2410 4193 2779 4269 προαγόμενον
2835 4193 3050 4274 ἀφεῖναι
3112 4194 3211 4261 τὴν
3259 4207 3490 4272 γδναϊοια
3551 4190 3746 4272 βεϐού-

2105 4278 2316 4356 ληνται,
2365 4283 2526 4356 ἡμεῖς
2584 4281 2835 4359 ἑρῥῶσθαι
2891 4283 2957 4338 τὰ
3013 4280 3244 4358 διακόνῳ
3291 4286 3379 4341 καὶ
3410 4281 3747 4363 πρεσϐυτέρῳ

379 4371 563 4436 nubia
593 4370 793 4432 valere
828 4369 1098 4430 volumus
1131 4383 1144 4428 :
1180 4365 1283 4447 qui
1313 4373 1510 4427 autem
1545 4361 1871 4424 dissolvere
1895 4380 2012 4424 coe-

2128 4369 2404 4446 1ουλόμεθα
2461 4369 2784 4432 συνοικέσια,
2830 4371 2893 4431 ‘0
2930 4370 2986 4429 δὲ
3042 4373 3356 4449 βιαζόμενος
3401 4361 3579 4452 λύσαι,
3611 4361 3749 4431 γαθ-

381 4461 562 4542 gerit,
595 4460 952 4540 deponetur.

465 4550 564 4615 i3.
601 4547 913 4631 Presbyter
941 4545 1183 4628 triginta
1207 4545 1377 4608 annis
1404 4544 1621 4617 minor,
1647 4552 1705 4605 et
1735 4542 2026 4605 diaconus

383 4639 588 4718 viginti
644 4639 932 4723 quinque,
990 4647 1049 4699 et
1109 4633 1448 4698 diaconissa
1495 4631 1901 4715 quadraginta,
1959 4648 2024 4691 ac

385 4729 788 4795 subdiaconus
815 4727 1044 4807 viginti,
1088 4724 1431 4805 deponendi
1466 4735 1632 4784 sunt.

468 4909 565 4971 H.
602 4906 711 4981 Qui
743 4905 884 4970 dicit
935 4911 1164 4984 septem
1227 4902 1510 4965 diaconos
1561 4901 1914 4980 esse,juxta
1966 4898 2023 4960 id

389 4998 544 5082 quod
579 4999 635 5059 in
669 4997 899 5058 actibus
946 4995 1170 5055 dictum
1236 5001 1346 5064 est,
1382 4990 1532 5052 sciat
1564 5009 1680 5051 non
1713 4992 1786 5051 de
1810 4991 1894 5082 iis
1925 4989 2026 5082 qui

387 5079 684 5170 mysteriis
715 5084 1079 5157 deserviunt,
1146 5082 1252 5144 sed
1286 5082 1360 5142 de
1387 5081 1461 5141 iis
1497 5082 1595 5162 qui
1633 5079 1856 5141 mensis
1910 5079 2027 5140 mi-

386 5175 741 5249 nistrabant,
771 5191 1112 5235 sermonem
1149 5190 1309 5232 esse.

478 5267 566 5328 I5.
601 5264 713 5338 Qui
768 5262 1014 5342 suscipit
1065 5269 1376 5323 externum
1430 5258 1738 5335 clericum,
1774 5275 2032 5339 eumque

391 5355 649 5429 ordinat,
682 5373 814 5416 cum
849 5352 1007 5414 male
1037 5350 1307 5413 ordinato
1339 5349 1680 5428 deponitur.

475 5531 692 5604 16.0ui
717 5538 952 5612 pr0pter
974 5529 1372 5591 Barbarorum
1398 5524 1804 5588 incursionem
1833 5526 2025 5588 locum

392 5619 772 5696 mutavit,ubi
798 5619 1118 5682 cessaverit
1137 5619 1760 5697 incursio,revertatur
1790 5615 1861 5678 ad
1894 5633 2022 5678 eam

2107 4481 2380 4538 ῃρημενος
2391 4508 2404 4522 ,

2189 4550 2282 4629 ιγ’.
2361 4547 2714 4629 Πρεσϐύτερος
2802 4553 3231 4627 τριακονταετίας
3331 4549 3522 4608 ἰνδέων
3555 4597 3570 4626 ,
3662 4553 3754 4610 καὶ

2108 4637 2348 4703 διάκονος
2393 4639 2912 4717 εἰκοσαπενταετίας,
2979 4642 3066 4699 καὶ
3123 4638 3432 4698 διακόνισσα
3481 4661 3748 4720 τεσσαρα-

2108 4729 2436 4803 κονταετίας,
2499 4731 2584 4786 καὶ
2655 4731 2980 4796 εἶκοσαετίας
3063 4728 3432 4804 ὕποδιάκονος,
3499 4732 3750 4790 εύκαθαί-

2109 4840 2246 4898 ρετοι
2259 4862 2273 4879 ι

2191 4907 2281 4973 ιδ’,
2318 4907 2631 4965 Γινωσκὲτω
2673 4910 2700 4966 ὃ
2758 4908 2932 4986 λέγων
2963 4910 3098 4968 ἔπτᾶ
3128 4907 3404 4974 διακόνους
3437 4911 3583 4968 εἶναι
3618 4911 3756 4968 κατὰ

2108 5001 2170 5056 τὸ
2199 4998 2476 5076 εἰρημένον
2535 5013 2657 5064 ταῖς
2706 4997 2989 5076 Πράξεσιν,
3043 4999 3126 5056 δτι
3155 5003 3217 5058 οὖ
3249 5002 3366 5078 περὶ
3397 5001 3504 5056 τῶν
3563 4999 3755 5058 διακο-

2111 5089 2378 5161 νουμένων
2407 5101 2529 5152 τοῖς
2555 5087 2866 5168 μυστηρίοις
2898 5092 2926 5144 ὁ
2959 5088 3141 5168 λόγος,
3178 5086 3313 5148 ἀλλᾶ
3345 5089 3464 5167 περὶ
3491 5095 3596 5147 τῶν
3631 5102 3757 5153 ταῖς

2111 5177 2400 5257 τραπέζαις
2429 5178 2861 5254 ὑπηρετούντων.

2194 5263 2283 5330 ιε’,
2383 5268 2444 5325 Ὀ
2517 5265 2950 5346 προσδεχόμενος
3027 5264 3172 5330 ξένον
3257 5265 3513 5340 κληρικὸν
3551 5314 3567 5346 ,
3661 5266 3756 5323 καί

2113 5363 2459 5437 χειροτονῶν,
2521 5362 2611 5414 σὺν
2696 5364 2772 5431 τῷ
2856 5360 3036 5419 κακῶς
3108 5356 3542 5436 χειροτονηθέντι
3623 5360 3762 5414 καθ-

2110 5449 2336 5525 ῄρηται.

2187 5533 2309 5610 ις’.
2375 5527 2430 5594 Ὀ
2485 5534 2569 5592 διὰ
2644 5532 2972 5614 βαρϐαρικὴν
3029 5533 3326 5616 ὶπιδρομὴν
3387 5536 3756 5616 μεταναστὰς,

2109 5625 2453 5702 παυσαμένης
2511 5632 2610 5694 τῆς
2683 5623 3003 5705 ἐπιδρομῆς,
3075 5625 3460 5685 παλινοστείτω
3522 5629 3589 5703 τῇ
3635 5623 3760 5683 καθ’
