4128 6198
283 369 416 440 285

1590 371 1926 440 EPITOME
1986 372 2377 439 CANONUM.

3547 360 3665 433 286

281 516 362 583 ἢν
444 509 733 580 ἐκκλησίαν
807 512 1160 591 κεκλήρωται.
1232 516 1290 573 El
1346 513 1400 570 δὲ
1459 517 1536 590 μὴ
1563 563 1577 588 ,
1659 515 1794 589 μετὰ
1851 518 1940 568 τοῦ

2051 509 2351 574 Ecclesium
2384 509 2444 571 in
2475 508 2648 590 cujus
2679 507 2906 571 clerum
2949 507 3171 571 ascitus
3198 510 3288 569 est
3321 524 3336 568 :
3367 502 3458 567 sin
3486 517 3652 580 vero,

283 604 723 685 προσειληφότας
759 605 1108 685 ἀφοριζέσθω,

379 695 474 766 ιζ’,
508 695 569 750 ’0
642 697 913 769 προεστὼς
963 682 1283 761 Ἐκκλησίας
1340 693 1454 749 κατ’
1501 691 1787 771 ἐξαίρετον,
1819 704 1938 756 ταῖς

289 794 589 862 κυριακαϊς
660 781 949 841 διδασκέτω
1024 784 1089 838 τὰ
1175 782 1414 858 δόγματα
1447 829 1464 856 ,
1540 783 1629 838 καὶ
1716 779 1938 857 διερμη-

284 896 514 949 νεδετω,
578 875 654 950 μὴ
706 873 940 947 οἴκοθεν,
994 872 1114 928 ἀλλ’
1158 874 1231 937 ὼς
1291 875 1338 927 οἱ
1380 876 1516 928 θεῖοι
1575 869 1802 948 Πατέρες
1861 868 1939 926 δι-

289 961 516 1022 έλαϐον.

380 1054 462 1119 ιη’
494 1052 555 1111 ’0
585 1052 843 1118 διηνεκῶς
903 1051 1298 1130 καθῃρημένος,
1361 1048 1455 1106 καὶ
1510 1050 1582 1111 είς
1638 1049 1758 1114 τοὺς
1812 1048 1943 1105 λαί-

288 1145 422 1204 κοὺς
463 1143 746 1213 ἀπωσθεὶς,
783 1141 1252 1217 μεταμελούμενος
1305 1139 1558 1218 κειρέσθω
1607 1141 1694 1195 καὶ
1753 1139 1940 1216 μόνον,

294 1234 346 1289 εἰ
374 1231 430 1288 δὲ
466 1234 568 1310 μὴ,
599 1233 700 1299 τὴν
729 1232 907 1306 κόμην
939 1229 1285 1308 ἐπιτρεφέτω,

384 1322 477 1382 ιθ’.
539 1323 644 1381 Καὶ
705 1323 732 1378 6
791 1326 890 1388 τῆς
944 1321 1216 1400 ἀχράντου
1277 1317 1582 1392 μεταδιδοὺς
1639 1319 1938 1388 κοινωνίας,

295 1408 490 1469 ὀϐολὸν
524 1413 786 1483 ἀπαιτῶν,
818 1410 853 1479 ἢ
889 1409 1066 1489 ἕτερον
1093 1407 1260 1489 εἶδος,
1294 1410 1658 1489 καθαιρείσθω.

382 1591 463 1653 κ’.
513 1590 777 1667 Κληρικὸς
834 1588 1210 1667 ἱπποδρομίαις
1265 1587 1450 1660 ἀνιὼν,
1483 1589 1526 1643 εἰ
1558 1589 1651 1643 καί
1707 1585 1942 1662 μελλόν-

292 1703 410 1738 των
470 1680 692 1737 εἰσιέναι
746 1678 1048 1754 θυμελικῶν
1106 1678 1162 1734 ἐν
1214 1677 1372 1755 γάμῳ
1429 1677 1506 1750 μὴ
1563 1677 1938 1754 ἀφιστάμενος,

293 1770 668 1843 καθαιρείσθῶ.

2024 617 2156 660 cum
2192 617 2263 659 eo
2291 599 2393 679 qui
2428 602 2619 679 ipsum
2655 599 2920 678 suscepit
2948 604 3318 677 segregetur.

2105 687 2202 750 Π.
2237 689 2346 760 Qui
2374 689 2654 750 Ecclesiae
2687 687 2901 749 eximio
2934 688 3191 769 quodam
3225 684 3402 748 modo
3430 700 3661 766 praepo-

2023 776 2169 838 situs
2199 788 2309 852 est,
2343 779 2668 841 Dominicis
2699 777 2912 840 doceat
2942 778 3237 857 dogmata,
3271 783 3448 855 atque
3478 774 3662 834 inter-

2029 875 2298 946 pretetur
2326 888 2445 929 non
2481 887 2587 930 suo
2644 867 2852 948 Marte,
2913 867 3015 929 sed
3049 866 3202 929 sicut
3230 864 3416 926 sancti
3447 862 3653 925 Patres

2027 973 2097 1018 ex
2110 967 2460 1036 posuerunt.
3011 973 3018 982 '

2108 1046 2206 1108 18.
2240 1047 2352 1120 Qui
2383 1047 2442 1108 iu
2491 1057 2841 1129 perpetuum
2898 1046 3210 1128 depositus
3244 1051 3355 1121 est,
3389 1050 3564 1122 atque
3593 1041 3655 1101 in

2025 1135 2310 1197 laicorum
2338 1137 2609 1199 ordinem
2644 1137 2944 1216 redactus,
2993 1135 3287 1217 paenitens
3317 1131 3656 1206 tondeatur,

2026 1223 2208 1304 idque
2239 1225 2432 1287 solum
2470 1245 2482 1285 :
2521 1226 2614 1289 sin
2646 1245 2808 1296 vero,
2838 1244 3071 1289 comam
3112 1223 3354 1287 nutriat.

2109 1316 2204 1378 19.
2243 1315 2308 1376 Ει
2330 1317 2429 1396 qui
2462 1317 2900 1379 immaculatum
2927 1315 3405 1378 communionem
3432 1312 3663 1392 imper-

2029 1403 2230 1467 tiendo
2265 1405 2503 1467 obolum
2539 1407 2742 1487 exigit,
2777 1413 2875 1468 aut
2915 1405 3090 1467 aliam
3142 1403 3432 1485 speciem,
3468 1401 3662 1482 depo-

2029 1505 2226 1557 natur.

2106 1584 2206 1646 20.
2242 1585 2506 1649 Clericus
2558 1587 2658 1667 qui
2690 1585 2759 1648 ad
2812 1588 3112 1648 circenses
3162 1579 3522 1658 ascenderit,
3555 1586 3657 1642 aut

2031 1672 2362 1753 thymelicis
2393 1676 2465 1738 ad
2501 1675 2735 1757 nuptias
2764 1676 3257 1755 ingressurisnon
3286 1669 3656 1751 recedit,de-

2028 1771 2302 1844 ponatur.

379 1860 493 1919 κα².
550 1859 880 1937 Ἀγροιγικαὶ
923 1861 1012 1915 καὶ
1069 1856 1649 1940 ἐγχώριοι-παροικίαι
1694 1875 1940 1931 τριακον-

2105 1853 2203 1916 Et.
2239 1853 2570 1916 Rusticanaa
2601 1862 2660 1917 et
2692 1873 2822 1936 quas
2851 1855 2910 1917 in
2941 1854 3086 1916 vicis
3129 1861 3267 1914 sunt
3301 1849 3580 1932 parmcim
3607 1848 3657 1910 si

294 1951 522 2005 ταετίαν
552 1934 837 2028 ἐχόμεναι,
870 1934 1304 2027 κατεχέσθωσαι.
1347 1934 1545 2003 ’Ἕδδον
1605 1943 1662 2000 δὲ
1691 1947 1753 2001 τὸ
1783 1944 1940 2022 ἀμφι-

2051 1959 2137 2003 ter
2166 1943 2411 2019 triginta
2443 1964 2630 2006 annos
2679 1934 2966 2025 possessas
3014 1943 3256 2015 fuerint,
3289 1947 3607 2003 teneantur
3642 1953 3656 1996 :

292 2036 640 2114 σϐητήσιμον
671 2037 872 2103 ἕξουσιν
887 2084 897 2094 .

381 2125 492 2204 κβ’.
550 2125 905 2207 Πρεσϐύτερος
960 2126 1172 2200 ἆθέσμῳ
1234 2125 1534 2204 περιπεσὼν
1596 2125 1757 2201 γάμῳ
1809 2127 1944 2180 καθ-

294 2221 546 2297 αιρεθεὶς,
635 2215 884 2294 καθέδρας
967 2215 1248 2295 μετεχέτω
1327 2213 1419 2271 καί
1504 2214 1688 2293 μόνον,
1750 2213 1946 2274 παντὸς

294 2305 561 2373 διαλυθεὶς
605 2314 696 2365 τοῦ
727 2309 1055 2381 μιάσματος.

386 2397 495 2474 κγ’.
561 2395 828 2476 Σταφυλαὶ
885 2398 1014 2474 πρὸς
1071 2415 1230 2451 τινων
1296 2400 1365 2469 τῇ
1422 2395 1731 2467 ἀναιμακτῳ
1801 2393 1947 2463 θυσίᾳ

296 2487 678 2549 συνάπτονται.
711 2487 783 2544 Τὸ
814 2483 869 2542 δὲ
900 2485 1091 2560 μηκέτι
1123 2481 1418 2559 τολμᾶσθαι
1450 2481 1742 2561 διωρισται,

375 2664 479 2730 κδ’,
539 2665 688 2727 Τινὲς
750 2671 857 2721 τῶν
916 2661 1163 2740 Πατέριυν
1237 2662 1333 2727 τὴν
1391 2659 1598 2737 ἡμέραν
1660 2667 1751 2716 τοῦ
1806 2663 1943 2716 θείου

289 2754 502 2813 δείπνου
544 2756 680 2830 μετά
723 2756 783 2810 τὸ
831 2751 1114 2818 δειπνῆσαι
1173 2755 1468 2828 προσῆγον.
1530 2746 1714 2815 ’Ἔδοξε
1771 2749 1940 2805 τοίνυν

289 2846 360 2922 τῇ
389 2843 584 2921 mea“
613 2850 770 2902 τοῦτο
799 2843 878 2918 μὴ
909 2843 1163 2918 γίνεσθαι,

373 2933 480 2994 κε’.
537 2935 632 2992 Καὶ
691 2935 738 2988 οἱ
779 2932 832 2988 ἐν
891 2929 1241 3008 βαρϐαρικαῖς
1292 2929 1602 2994 ἐκκλησίαις
1659 2930 1840 3006 ἱερεῖς,
1899 2930 1942 2983 εἰ

290 3028 388 3090 τῆς
446 3028 552 3078 τῶν
606 3019 842 3097 συμϐίων
927 3020 1244 3098 προσκαίρου
1332 3016 1542 3092 ὁμιλίας
1613 3018 1936 3098 ἀπέχονται,

292 3110 411 3168 ἀλλ’
452 3111 542 3168 οὗν
591 3110 784 3186 μηκέτι
835 3110 1049 3172 ταύταις
1106 3106 1224 3164 καθ’
1290 3105 1668 3174 οἱονδηποτοῦν
1727 3107 1936 3182 ὁμιλεῖ-

291 3223 466 3259 τωσαν
501 3201 716 3278 τρόπον,

372 3287 511 3365 κς“.
562 3292 620 3348 El
649 3291 727 3365 μὴ
763 3290 898 3364 μετά
954 3287 1175 3366 γνώμης
1231 3284 1545 3360 ἐπισκόπου,
1601 3284 1742 3342 ἔνδον
1787 3286 1941 3343 οἴκου

294 3381 366 3445 εἰς
395 3381 675 3457 εὒκτήριον
705 3381 763 3436 οὗ
794 3378 1104 3456 προσάγεις.

374 3468 481 3540 XL".
569 3469 678 3535 Τὴν
762 3466 1237 3544 ὓδροπαραστατῶν
1319 3466 1547 3542 ἀναιρῶν
1635 3464 1839 3541 α’ίρεσιν
1913 3468 1940 3521 6

296 3560 671 3635 Χρυσόστομος
733 3557 888 3625 ἡνίκα
947 3557 1099 3634 φησὶ,
1178 3557 1264 3611 καὶ
1325 3553 1582 3610 πέπονθεν
1640 3555 1667 3608 6
1728 3555 1937 3632 Κύριος,

2025 2030 2180 2094 infra
2209 2052 2372 2108 vero,
2407 2035 2814 2097 controversia
2843 2034 2918 2097 de
2947 2034 3020 2096 iis
3055 2033 3280 2096 moveri
3307 2028 3549 2111 poterit.

2107 2122 2206 2184 29.
2243 2122 2560 2206 Presbyter
2590 2125 2691 2206 qui
2726 2125 2786 2186 in
2825 2124 3096 2188 illicitum
3136 2119 3415 2184 inciderit
3446 2124 3664 2181 matri-

2032 2211 2324 2292 monium,
2353 2213 2663 2293 depositus
2693 2214 2992 2276 cathedrae
3023 2211 3215 2274 solum
3247 2213 3544 2293 particeps
3570 2208 3664 2283 sit,

2028 2300 2193 2362 omni
2227 2303 2462 2382 piaculo
2493 2311 2871 2382 expurgatus.

2111 2390 2210 2453 Q3.
2244 2391 2387 2464 Quae
2413 2411 2442 2453 a
2468 2393 2821 2473 quibusdam
2849 2395 3158 2455 incruento
3185 2388 3478 2454 sacriﬁcio
3500 2386 3665 2449 adhi-

2027 2478 2246 2540 bentur
2279 2499 2292 2542 :
2327 2482 2440 2543 hoc
2499 2499 2638 2544 vero
2691 2483 3011 2564 quominus
3061 2482 3374 2561 quisquam
3406 2473 3666 2556 amplius

2026 2568 2262 2642 audeat,
2298 2569 2538 2633 decreto
2572 2579 2809 2634 cautum
2847 2582 2960 2633 est.

2106 2657 2208 2720 24.
2244 2662 2477 2722 Patrum
2538 2662 2807 2724 nonnulli
2863 2661 2961 2723 die
3014 2658 3223 2722 divinae
3274 2673 3465 2720 casum
3494 2660 3664 2735 post-

2025 2765 2201 2828 quam
2262 2759 2616 2824 cuanassent,
2679 2749 3278 2813 oil‘erebant:visum
3339 2753 3430 2808 est
3483 2742 3666 2824 igitur

2025 2837 2247 2918 synodo
2279 2839 2393 2900 hoc
2425 2859 2543 2901 non
2575 2841 2833 2922 amplius
2865 2839 3015 2902 fieri.

2106 2927 2203 2989 25.
2234 2928 2573 3009 Presbyteri
2604 2929 2704 3010 qui
2729 2931 2784 2990 in
2811 2929 3210 2992 Barbarorum
3234 2923 3506 2988 ecclesiis
3530 2939 3654 2985 ver-

2025 3024 2255 3090 santur,
2290 3018 2399 3078 etsi
2432 3037 2681 3080 uxorum
2711 3017 3074 3080 commercio
3097 3015 3173 3079 ad
3204 3023 3441 3094 tempus
3469 3011 3662 3074 absti-

2023 3113 2226 3177 neant,
2263 3115 2457 3168 tamen
2493 3127 2568 3168 ne
2597 3109 2850 3186 amplius
2899 3125 3032 3169 cum
3083 3105 3158 3168 iis
3188 3103 3454 3186 quolibet
3484 3101 3661 3164 modo

2024 3195 2516 3257 consuetudinem
2553 3197 2829 3258 habeant.

2104 3281 2207 3344 26.
2238 3282 2362 3344 Nisi
2419 3305 2554 3346 cum
2612 3305 2908 3348 consensu
2959 3285 3251 3366 episcopi,
3307 3285 3365 3346 in
3400 3279 3660 3345 oratorio

2023 3374 2178 3452 quod
2210 3383 2299 3434 est
2332 3375 2486 3436 intra
2514 3374 2756 3437 domum
2789 3395 2905 3437 non
2939 3377 3178 3438 offeres.

2100 3463 2201 3524 27.
2233 3463 2590 3546 Eorum,qni
2623 3467 2806 3527 solam
2839 3485 3049 3546 aquam
3073 3465 3131 3526 in
3156 3461 3510 3526 sacrificium
3543 3460 3655 3522 ad-

2026 3550 2331 3623 hibebant,
2366 3555 2637 3616 haeresim
2675 3557 2888 3617 tollens
2911 3550 3660 3636 Chrysostomus,quando,

296 3649 382 3703 καὶ
444 3646 756 3723 ἐγήγερται,
816 3643 948 3716 οἴνῳ
1011 3645 1283 3724 ἐχρήσατο
1321 3660 1335 3674 ’
1377 3651 1533 3701 τοῦτο
1591 3639 1840 3706 λαϐόντες
1891 3645 1940 3700 οἱ

2051 3641 2460 3721 nquit,passus
2481 3654 2569 3704 est
2589 3645 2877 3707 Dominus
2899 3655 2960 3706 et
2990 3640 3488 3707 resurrexit.viuo
3521 3657 3667 3702 usus

299 3736 591 3812 Ἀρμένιοι,
651 3736 802 3791 οἶνον
864 3735 1186 3812 προσάγουσι
1242 3733 1427 3806 μόνον,
1482 3734 1577 3787 οἰκ
1630 3731 1824 3796 εἰδότες
1856 3734 1941 3788 καὶ

295 3825 451 3881 αὺτὸν
507 3828 597 3880 τὸν
663 3826 1055 3902 Χρυσόστομον,
1090 3826 1175 3879 καὶ
1214 3822 1509 3900 Βασίλειον,
1547 3823 1632 3877 καὶ
1692 3822 1941 3879 Ἰάκωϐον

298 3916 428 3988 οἴνῳ
478 3913 794 3991 μεμιγμένω
835 3913 982 3969 ὕδατι
1043 3912 1434 3991 κεχρημένους,
1503 3914 1581 3966 καὶ
1630 3914 1764 3984 ἡμῖν
1807 3913 1944 3969 οὕτω

298 4003 737 4079 παραδεδωκότας
795 4003 1107 4080 προσάγειν.
1161 4001 1227 4060 E’t'
1271 4025 1349 4065 τις
1395 4005 1483 4057 οὖν
1525 4002 1560 4068 ἢ
1606 4001 1740 4076 οἴνῳ
1771 4003 1937 4077 ςλιόνῳ,

299 4093 334 4162 ἢ
363 4091 511 4151 ὕδατι
542 4095 714 4168 μόνῳ,
776 4092 894 4148 ἀλλ’
955 4093 1078 4171 oux}
1112 4092 1461 4168 μεμιγμένοις
1493 4097 1700 4171 χρῷτο,
1757 4096 1936 4148 καθαιο

300 4183 507 4263 ρείσθω.

379 4269 493 4339 κί’
553 4261 611 4330 Ὀ
693 4271 1026 4350 χειροτονίας
1095 4268 1328 4342 ἐπσῖξιος,
1391 4271 1477 4325 καὶ
1553 4268 1605 4336 ἐξ
1679 4274 1944 4348 ἱερατικοῦ

301 4361 466 4418 τελῶν
511 4360 714 4439 γένους,
747 4363 834 4418 καὶ
865 4360 916 4425 ἐξ
946 4359 1146 4436 ἑτέρου,
1183 4359 1607 4438 χειροτονείσθω.
1643 4363 1702 4419 'O
1755 4359 1808 4417 δὲ
1867 4363 1943 4435 μὴ

305 4449 650 4529 κεκαρμένος,
683 4452 767 4506 καὶ
825 4449 1065 4527 εὖλογίας
1119 4448 1323 4527 τυχὼν,
1377 4445 1462 4504 ἐπ’
1494 4446 1743 4523 ἅμϐωνος
1774 4451 1942 4528 ἱεροὺς

306 4538 488 4617 λόγους
515 4539 614 4595 οὐκ
640 4539 1004 4618 ἀναγνώσεται
1017 4586 1029 4600 .

2022 3742 2131 3790 est.
2169 3730 2289 3791 Hoc
2323 3743 2566 3811 accepto
2604 3735 2872 3795 Armenii
2907 3734 3105 3794 vinum
3155 3733 3346 3793 solum
3379 3731 3660 3804 offerunt,

2027 3827 2363 3884 nescientes
2414 3825 2605 3903 ipsum
2655 3825 2831 3885 etiam
2857 3823 3366 3903 Chrysostomum,
3401 3833 3460 3881 et
3483 3819 3656 3882 Basi-

2029 3910 2195 3981 lium,
2228 3929 2294 3972 ac
2352 3911 2635 3974 Jacobum
2696 3915 2826 3974 vino
2877 3932 3032 3992 aqua
3081 3911 3254 3972 misto
3286 3928 3422 3971 usos
3452 3907 3658 3987 fuisse,

2028 4000 2316 4080 nobisque
2347 4012 2412 4062 ut
2441 4003 2520 4063 ita
2552 4003 2903 4064 oﬂ‘erremus
2936 4000 3252 4064 tradidisse
3283 3999 3346 4063 Si
3376 3997 3510 4080 quis
3541 3996 3658 4076 igi-

2027 4098 2122 4151 tur
2148 4103 2247 4150 aut
2279 4094 2413 4152 vino
2441 4093 2589 4162 solo.
2622 4103 2722 4153 aut
2779 4111 2931 4174 aqua
2983 4092 3129 4167 sola,
3166 4108 3284 4152 non
3316 4107 3456 4152 vero
3490 4087 3663 4150 mista

2026 4186 2248 4249 utatur,
2282 4180 2633 4257 deponatur.

2105 4269 2205 4332 98.
2233 4271 2622 4331 Ordinatione
2653 4271 2957 4346 dignus.et
2979 4272 3080 4348 qui
3109 4270 3167 4332 in
3193 4288 3362 4332 sacro
3385 4274 3665 4332 censetur

2025 4374 2268 4435 genere,
2323 4369 2501 4441 atque
2533 4361 2673 4433 alio,
2708 4361 3024 4424 ordinetur
3054 4381 3067 4425 :
3103 4361 3205 4440 qui
3259 4377 3395 4422 vero
3425 4377 3542 4420 non
3577 4363 3666 4418 est

2029 4457 2254 4524 tonsus,
2289 4467 2356 4510 ac
2390 4450 2871 4511 benedictionem
2903 4458 3263 4514 consecutus
3296 4457 3409 4521 est,
3444 4448 3504 4509 in
3535 4463 3663 4510 am-

2027 4535 2185 4598 bone
2214 4556 2417 4600 sacros
2447 4557 2760 4600 sermones
2794 4559 2910 4601 non
2937 4541 3111 4618 leget.

380 4613 486 4692 ᾆδ’,
516 4613 878 4689 Τελευτῶντος
933 4627 1250 4705 ἐπισκόπου,
1313 4629 1340 4682 ὃ
1400 4626 1598 4696 κλῆρος
1643 4625 1940 4710 διαφυλάξει

2107 4625 2207 4688 ‘29.
2244 4626 2535 4707 Episcopo
2569 4629 2684 4690 vita
2720 4613 3067 4704 excedente,
3103 4629 3302 4691 clerus
3342 4634 3469 4690 acta
3505 4625 3666 4688 illius

307 4719 367 4775 τὰ
432 4719 769 4795 πράγματα’
850 4719 894 4773 εί
950 4715 1004 4771 δὲ
1065 4717 1144 4789 μη
1227 4714 1605 4772 ὑπολέλειπται
1662 4721 1940 4795 κΛηρικὸς,

309 4809 334 4864 6
385 4805 784 4883 μητροπολίτης
844 4805 975 4862 αὒτά
1062 4802 1362 4884 διαφυλάξει
1449 4804 1548 4868 ἕως
1608 4808 1706 4872 τῆς
1766 4806 1942 4884 ἑτέρου

307 4897 637 4976 χειροτονίας
647 4941 663 4956 .

378 4983 454 5045 λ’.
513 4983 574 5044 Ὀ
630 4982 716 5040 διὰ
773 4983 1058 5062 Βαρϐάρων
1117 4983 1299 5064 ἔφοδον
1346 4983 1635 5049 ἐπίσκοπος
1683 4985 1758 5059 μὴ
1819 4985 1938 5042 ἐπι-

308 5075 424 5137 στὰς
482 5081 559 5147 τῷ
613 5074 803 5151 θρόνῳ,
865 5074 952 5129 καὶ
1012 5071 1264 5151 καθέδραν
1323 5072 1421 5138 τὴν
1482 5074 1676 5128 οἰκείαν
1740 5072 1936 5152 ἐχέτω,

307 5163 391 5219 καὶ
420 5163 826 5243 χειροτονείτω,
857 5163 945 5219 καὶ
981 5163 1151 5218 πάντα
1197 5168 1292 5227 τῆς
1335 5162 1622 5228 ἱερωσύνης
1667 5162 1942 5239 ένεργείτω

305 5249 614 5327 βεϐαιότατα
627 5298 641 5312 .

373 5339 485 5402 λα’.
545 5338 607 5398 Ὀ
667 5340 909 5414 μονάζων
953 5340 1171 5416 μονέσει
1215 5338 1486 5396 δεκαετίαν
1519 5359 1534 5376 °
1585 5342 1627 5396 εἰ
1668 5342 1766 5419 γὰρ
1796 5342 1883 5396 καὶ
1915 5343 1942 5396 6

306 5434 434 5495 θεῖος
497 5431 774 5492 Βασίλειος
833 5431 932 5498 τὴν
990 5429 1422 5507 ἀποκειραμένην
1475 5434 1562 5486 τὸν
1623 5429 1940 5487 ἑπτακαιδέ-

307 5541 452 5576 κατον
507 5520 708 5597 χρόνον
765 5519 938 5574 ἀνύειν
996 5519 1268 5597 ἀπέφηνεν
1301 5534 1314 5546 ⁶
1352 5517 1471 5573 ἀλλ’
1501 5521 1587 5575 ἐπὶ
1619 5523 1709 5576 τοῦ
1768 5520 1939 5577 Ἀπο-

311 5607 482 5666 στόλου
534 5605 920 5676 ἑξηκονταέτη
955 5610 1110 5665 οὖσαν
1142 5608 1242 5673 τὴν
1299 5606 1354 5661 ἐν
1412 5606 1705 5680 Ἐκκλησία
1761 5611 1936 5688 χήραν

309 5699 607 5777 ἐγγυῶντος,
658 5698 705 5752 οἱ
767 5696 997 5782 Πατέρες
1045 5699 1146 5770 τὴν
1198 5695 1530 5754 διακόνισσαν
1576 5695 1770 5778 ἔφασαν
1814 5720 1932 5754 τεσ-

2026 4716 2284 4776 servabit
2319 4736 2332 4776 :
2372 4720 2419 4777 si
2451 4729 2648 4778 autem
2679 4737 2795 4780 non
2828 4720 3071 4781 relictus
3106 4728 3197 4781 est
3237 4719 3512 4792 clericus,
3542 4735 3662 4777 me-

2026 4804 2421 4884 trupolitanus
2447 4807 2572 4887 ipsa
2603 4809 2901 4871 custodiet
2930 4827 3118 4891 usque
3142 4809 3214 4872 ad
3248 4809 3398 4871 alius
3426 4807 3668 4869 ordina-

2028 4893 2270 4956 tionem.

2104 4983 2204 5045 30.
2240 4982 2568 5065 Episcopus
2616 4987 2714 5068 qui
2755 4994 2998 5068 propter
3037 4987 3435 5050 Barbarorum
3460 4987 3664 5048 incur-

2025 5071 2254 5133 sionem
2319 5075 2534 5135 throuo
2597 5096 2711 5138 non
2775 5077 3078 5156 praesidet,
3118 5077 3419 5159 propriam
3457 5073 3661 5136 sedem

2025 5161 2312 5235 obtineat,
2348 5165 2725 5244 ordinetque,
2756 5175 2932 5247 atque
2961 5167 3166 5229 omnia
3195 5163 3508 5228 sacerdotii
3543 5179 3664 5221 mu-

2027 5268 2168 5311 nera
2190 5252 2555 5314 validissime
2582 5255 2878 5331 fungatur.

2107 5339 2204 5400 3t.
2238 5343 2559 5404 Monachus
2590 5345 2888 5408 decennio
2915 5345 3236 5409 solitariam
3261 5343 3438 5403 vitam
3464 5340 3656 5418 deget.

2027 5429 2192 5491 Licet
2222 5430 2380 5491 enim
2415 5432 2586 5493 divus
2644 5436 2898 5496 Basilius
2956 5453 3084 5495 eam
3137 5450 3267 5513 quas
3296 5431 3544 5491 detonsa
3574 5438 3666 5492 est

2024 5521 2448 5599 septemdecim
2475 5541 2663 5585 annos
2686 5525 2923 5604 exigere
2946 5521 3266 5584 censuerit:
3294 5536 3495 5581 verum
3520 5539 3667 5598 quo-

2023 5610 2178 5670 niam
2198 5611 3124 5692 praecipienteApOstoloiiduam
3141 5610 3199 5671 in
3214 5609 3486 5673 Ecclesia
3500 5628 3666 5673 sexa-

2021 5699 2184 5782 ginta
2206 5717 2398 5762 annos
2422 5709 2614 5762 natam
2632 5701 2964 5784 eligendam
2984 5699 3353 5777 esse,Patres
3372 5700 3668 5766 diaconis-
