4128 6198
428 287 548 358 287

1591 287 1974 357 SYMEONIS
2022 288 2638 358 METAPHRASTE.

3677 288 3796 359 288

437 449 562 494 sam
593 428 1130 512 quadragenariam
1165 429 1293 491 ﬁeri
1328 428 1639 508 dixerunt,
1673 428 1956 491 validiore
1988 427 2072 490 fa-

2205 431 2456 507 ιράκοντα
2510 428 2604 494 ἔτη
2648 427 2900 508 γίνεσθαι,
2963 425 3337 504 κραταιοτέρας
3396 431 3494 496 τῆς
3549 428 3794 496 Ἐκκλη-

435 530 528 581 cta
557 519 849 597 Ecclesia,
883 540 990 582 nos
1021 538 1260 602 quoque
1284 519 1460 581 citius
1491 519 1750 598 sigillum
1786 521 2076 582 monacho

434 627 515 671 tm
526 629 826 690 pommus.

523 698 621 763 32.
660 699 769 772 Qui
802 697 1204 760 includendus
1235 707 1343 769 est,
1382 699 1706 760 triennium
1737 697 1797 758 in
1837 716 2076 760 monas-

441 790 590 850 terio
625 789 789 870 prius
819 790 1033 867 degat;
1086 806 1155 850 ac
1209 791 1548 870 priusquam
1608 788 1948 850 includatur
1979 787 2079 850 ubi

437 877 617 939 alium
651 895 870 938 annum
899 878 1162 956 exegerit
1184 877 1269 936 sic
1291 877 1892 956 ingrediatur.neque
1914 891 2078 953 egre-

441 966 661 1041 diatur,
699 967 812 1028 nisi
839 985 997 1028 mors
1019 975 1118 1027 aut
1149 966 1483 1027 communis
1508 966 1730 1026 utilitas
1764 973 1953 1044 c0gat.

523 1056 621 1120 33.
657 1055 970 1119 Solitarius
1003 1055 1159 1137 pulla
1192 1064 1354 1116 veste
1385 1055 1652 1124 indutus,
1699 1065 1875 1133 atque
1905 1053 2077 1114 inde-

438 1153 665 1216 tonsus,
708 1146 821 1207 nisi
850 1149 1166 1208 tondeatur
1195 1145 1678 1221 monasterioque
1711 1143 2073 1217 includatur,

437 1236 587 1299 urbe
619 1235 972 1317 expellatur.

519 1328 618 1387 34.
657 1325 918 1398 Quilibet
947 1325 1080 1386 vitae
1109 1324 1434 1406 procellam
1481 1323 1739 1400 fugiens,
1789 1331 1966 1402 atque
2018 1321 2078 1383 in

441 1415 869 1478 monasterium
905 1413 1129 1494 ingredi
1191 1415 1458 1494 cupiens,
1493 1413 1620 1491 ejus
1655 1412 1740 1472 rei
1774 1411 2079 1473 licentiam

437 1503 673 1567 habeat.

523 1596 623 1658 35.
660 1595 986 1658 Monachus
1038 1591 1417 1655 matrimonio
1461 1592 1705 1671 junctus
1763 1598 1864 1653 aut
1892 1589 2081 1652 forni-

439 1703 604 1758 cans,
637 1685 1018 1747 fornicatoris
1052 1700 1284 1763 pinnam
1318 1686 1548 1745 subeat.

2160 523 2272 586 σίας
2305 518 2694 598 γεγενηιιένης,
2755 519 2839 573 καὶ
2891 519 3049 591 ἡμεῖς
3103 515 3341 595 ὀξύτερον
3383 518 3481 585 τὴν
3533 517 3799 599 σφραγῖδα

2157 614 2235 686 τῷ
2277 611 2556 683 μονάζοντι
2591 609 2983 680 σηιεαινόμεθα.

2241 697 2348 778 λβ’.
2396 698 2456 756 Ὀ
2516 695 3026 776 ἐγκλεισθησόμενος
3102 697 3331 772 τριετίαν
3388 694 3689 773 προδιάγων
3748 696 3799 752 ἰν

2161 796 2238 864 τῲ
2294 787 2654 864 μοναστηρίσμ,
2713 786 2801 842 καὶ
2880 787 2980 862 πρὸ
3060 790 3156 852 τῆς
3217 785 3558 862 ἒγκλεῖστρας
3620 786 3800 865 ἓτερον

2162 879 2394 935 ἑνιαυτὸν
2455 877 2674 956 μετιὼν,
2721 873 2887 935 οὕτως
2937 875 3134 945 εἰσίτω,
3198 878 3289 930 καὶ
3319 878 3394 950 μὴ
3441 875 3612 949 ἐξίτω,
3648 876 3801 950 εἰμὴ

2162 968 2394 1044 βιάζοιτο
2423 967 2664 1041 θάνατος,
2764 965 2895 1040 πρὸς
2928 966 2988 1019 τὸ
3019 964 3196 1021 κοινὸν
3229 966 3551 1026 Λυσιτὲλεια.

2244 1053 2354 1133 λγ’,
2401 1054 2769 1127 Μελανείμων,
2803 1055 2890 1108 καὶ
2920 1055 3287 1128 ἀκερσεγόμης
3324 1056 3608 1134 ὶρημίτης,
3641 1057 3684 1110 εἰ
3717 1055 3794 1128 μὴ

2161 1147 2466 1223 κειρόμενος
2525 1142 2936 1222 ἐγκαταλὲγοιτο
2999 1143 3358 1220 μοναστηρίῳ,
3429 1144 3527 1211 τῆς
3589 1143 3797 1206 πόλεως

2163 1234 2554 1292 ἂπελαυνὲσθω.

2242 1323 2344 1384 λδ’.
2379 1320 2594 1380 ’Ἃδειαν
2646 1321 2810 1391 ἅπας,
2869 1321 2950 1378 ὃτι
3005 1321 3109 1398 [”σ,
3149 1323 3177 1376 ὁ
3207 1320 3325 1398 τὴν]
3373 1321 3539 1392 ζάλην
3569 1328 3658 1378 τοῦ
3687 1322 3803 1398 βίου

2163 1414 2392 1494 φεύγων,
2451 1413 2540 1468 καί
2598 1412 2670 1475 εἰς
2731 1411 3088 1485 μοναπήριον
3163 1410 3378 1466 εἰσιέναι
3451 1410 3800 1486 βουλόμενος,

2163 1502 2535 1580 ἀπινὲγκοιτο.

2244 1591 2346 1651 λε’.
2382 1589 2439 1648 ’0
2486 1592 2728 1670 μοναχὸς
2759 1589 3132 1668 ζευγνύμενος,
3169 1587 3205 1657 ἢ
3230 1589 3520 1666 πορνεῦωι,
3566 1585 3807 1668 δεχέσθω

2165 1683 2224 1739 τὸ
2255 1689 2347 1740 τοῦ
2369 1683 2714 1762 πορνεύοντος
2746 1680 3036 1754 ἐπιτίμιον,

523 1773 911 1837 36.Parentes
948 1773 1293 1852 titiam,quze
1312 1770 1634 1833 solitariam
1661 1769 1836 1830 vitam
1863 1769 2082 1848 degere

2247 1771 2385 1846 λς’.
2421 1773 2530 1830 Οὒκ
2556 1771 2912 1851 ἀμφιάσουσιν
2954 1770 3002 1825 οἰ
3045 1782 3226 1846 γονεῖς
3287 1775 3484 1845 συρικῷ
3527 1769 3626 1837 τὴν
3667 1789 3807 1846 προ-

441 1866 786 1936 instituerit,
823 1861 1034 1925 sericis
1091 1860 1356 1922 vestibus
1413 1879 1530 1921 non
1564 1857 1838 1930 induent,
1876 1859 2085 1939 sicque

440 1954 710 2015 habitum
764 1953 817 2014 ei
871 1952 1380 2032 circumponent:
1443 1951 1555 2011 hoc
1609 1950 1763 2011 enim
1832 1947 2086 2011 labentis

443 2042 650 2105 mundi
678 2040 1006 2104 admonitio
1040 2050 1156 2104 est.

522 2133 622 2196 37.
653 2131 922 2194 Monialis
954 2150 1070 2193 non
1107 2130 1450 2211 egredietur
1499 2148 1531 2191 e
1586 2133 1943 2190 monasterio
1974 2127 2087 2189 nisi

443 2239 580 2283 cum
615 2221 1040 2282 benedictione
1065 2220 1392 2302 prteposita;
1419 2242 1432 2277 :
1459 2238 1527 2280 ac
1551 2237 1742 2299 neque
1776 2237 1914 2278 vero
1939 2218 2086 2293 sola,

443 2311 550 2372 sed
581 2329 713 2374 cum
745 2310 932 2372 altera
965 2310 1205 2372 seniore
1241 2333 1252 2367 ε
1307 2309 1452 2370 foris
1484 2317 1678 2371 autem
1715 2324 2088 2386 nequaquam

445 2406 758 2476 pernoctet
790 2415 802 2458 :
841 2400 1119 2460 similiter
1150 2407 1207 2458 et
1239 2398 1589 2476 monachus,
1628 2397 1738 2457 nisi
1772 2415 1908 2456 cum
1936 2413 2090 2476 prae-

440 2486 582 2550 fecti
615 2490 809 2561 venia,
849 2489 1212 2548 monasterio
1245 2506 1362 2548 non
1394 2485 1762 2560 egrediatur.

525 2577 622 2642 38.
659 2575 862 2658 Neque
899 2577 1215 2638 mulierem
1267 2576 1326 2637 in
1383 2577 1641 2636 virorum
1701 2574 2086 2649 monasterio,

444 2685 638 2747 neque
672 2667 858 2729 virum
895 2667 956 2726 in
989 2665 1268 2726 muliebri
1302 2665 1567 2727 donnire
1609 2673 1864 2744 oportet.

524 2757 625 2818 39.
655 2757 798 2828 Quze
855 2774 888 2816 a
947 2756 1144 2815 futuro
1181 2756 1463 2833 episcOpo
1494 2764 1764 2832 separata
1798 2765 1910 2832 est,
1963 2759 2092 2831 post

445 2845 887 2908 ordinationem
917 2843 1289 2920 ingrediatur
1320 2842 1984 2920 monasterium,procul
2017 2839 2088 2901 ab

447 2932 712 3013 episcopi
746 2933 947 3007 domo,
995 2950 1062 2992 ac
1098 2931 1362 3012 episcopi
1391 2949 1534 2992 cura
1567 2930 1818 2992 fruatur.

526 3199 623 3262 40.
663 3197 1047 3277 Quaecunque
1082 3215 1149 3259 ex
1175 3214 1472 3258 consensu
1507 3197 1769 3277 episcopi
1797 3204 2091 3259 exstructa

444 3297 580 3350 sunt
605 3287 1119 3357 monasteria,uon
1148 3284 1401 3365 amplius
1433 3287 1742 3348 saecularia
1764 3286 2094 3350 diversoria

445 3379 616 3455 fiunt,
656 3395 848 3458 neque
882 3376 1268 3438 saecularibus
1300 3376 1647 3438 hominibus
1675 3377 2006 3440 elocantor.

525 3469 624 3530 4t.
660 3465 863 3546 Neque
901 3466 1120 3528 laicum
1175 3465 1304 3528 alea
1335 3465 1546 3529 ludere
1577 3476 1811 3548 oportet
1849 3487 1862 3528 :
1897 3484 2091 3547 neque

447 3557 799 3620 histrionem
833 3574 990 3618 esse.

524 3645 840 3727 4Q.Ncque
864 3646 1220 3726 spectaculis
1242 3654 1299 3708 et
1321 3645 1736 3708 venationibus
1753 3645 2088 3725 indulgere.

524 3740 626 3801 43.
664 3735 777 3797 Per
812 3744 989 3797 totam
1018 3736 1560 3816 quadragesimam,
1597 3737 1862 3817 exceptis
1894 3737 2093 3799 Domi-

447 3827 600 3890 nicis
625 3838 682 3889 et
716 3825 1002 3906 Sabbato,
1033 3836 1236 3887 sancta
1267 3827 1624 3888 oﬂ'eruntur.

529 3919 627 3981 44.
663 3916 984 3997 Susceptos
1014 3934 1048 3976 a
1080 3916 1433 3995 baptismate
1470 3916 1621 3977 ﬁlios
1657 3933 1862 3976 eorum
1893 3915 2093 3978 matri-

451 4005 561 4068 bus
591 4005 858 4086 copulari
914 4023 1029 4065 non
1098 4006 1282 4067 sines.
1333 4006 1393 4067 Si
1448 4006 1580 4084 quis
1612 4023 1748 4064 vero
1782 4004 2093 4084 copulatus

448 4094 648 4167 fuerit,
687 4103 820 4174 post
877 4094 1339 4174 separationem,
1405 4113 1638 4174 poenam
1672 4112 1910 4175 quoque
1942 4094 2095 4156 sub-

453 4191 572 4244 θεῖ.

528 4272 628 4334 45.
664 4273 794 4334 Non
851 4277 1157 4351 permittes
1219 4271 1475 4350 patrueli
1512 4272 1892 4333 matrimonio
1917 4272 2092 4351 jungi

453 4360 807 4440 patruelem,
846 4379 1038 4442 neque
1068 4361 1204 4421 tilia:
1239 4372 1296 4421 et
1326 4362 1490 4420 matri
1530 4362 1712 4421 tilium
1743 4377 1803 4421 et
1835 4369 2088 4442 patrem,

453 4469 649 4530 neque
671 4449 904 4511 duobus
931 4449 1212 4510 fratribus
1250 4458 1494 4509 matrem
1519 4462 1570 4509 et
1595 4469 2092 4530 Sororem,neque

2168 1861 2430 1936 ελομένην
2462 1858 2712 1939 μονέσαι,
2773 1861 2855 1916 καὶ
2906 1857 3044 1916 οὕτω
3073 1861 3133 1915 τὸ
3163 1864 3358 1938 σχῆμα
3386 1859 3758 1938 περιθήσουσιν
3789 1878 3803 1893 ο

2169 1952 2467 2027 ἀνάμνησις
2511 1951 2611 2029 γὰρ
2640 1957 2794 2008 τοῦτο
2826 1956 2919 2005 τοῦ
2947 1948 3158 2026 ῥέοντος
3189 1949 3416 2024 κόσμου,

2259 2130 2354 2203 λζ’.
2390 2130 2499 2190 Οὔκ
2557 2128 2712 2196 ἔξεισι
2775 2128 3050 2203 μονάσασα
3102 2132 3202 2196 τῆς
3259 2132 3448 2202 μονῆς,
3483 2129 3525 2183 εἰ
3576 2128 3652 2202 μὴ
3691 2127 3810 2201 μετ’

2171 2221 2410 2299 εὐλογίας
2468 2225 2566 2286 τῆς
2643 2217 2989 2295 προεστώσης
3027 2234 3040 2250 ⁸
3098 2218 3186 2274 καὶ
3243 2215 3380 2292 μηδὲ
3447 2217 3614 2296 μόνη,
3673 2217 3813 2275 ἀλλὰ

2173 2308 2286 2386 μεθ’
2334 2310 2513 2388 ἑτέρας
2552 2305 2888 2385 πρεσϐύτιδος
2922 2320 2936 2335 °
2973 2305 3252 2372 ὲξώκοιτος
3285 2305 3340 2362 δὲ
3392 2307 3452 2362 τὸ
3508 2305 3698 2362 ἐπίπαν
3751 2309 3813 2364 οὐ

2173 2402 2395 2478 γίνεται.
2447 2398 2591 2458 Κατὰ
2633 2397 2793 2453 ταυτὸ
2823 2397 2911 2452 καὶ
2950 2397 3193 2469 μονᾶζων
3243 2397 3287 2452 εἰ
3317 2395 3393 2472 μὴ
3438 2393 3556 2471 μετ’
3589 2394 3809 2475 ἐπιτρο-

2173 2489 2280 2556 πῆς
2311 2486 2610 2563 ἡγουμένου
2639 2492 2736 2551 τῆς
2761 2491 2930 2558 μονῆς
2963 2484 3040 2558 μὴ
3084 2483 3259 2548 ἐξίτω.

2253 2575 2342 2643 λη’
2369 2574 2498 2634 Οὔτε
2542 2587 2769 2652 γυναῖκα
2801 2573 2978 2653 χρεὼν
3020 2571 3219 2652 ἀνδρῶν
3251 2571 3568 2642 καθευδῆσαι
3599 2594 3807 2647 μονασ-

2173 2668 2360 2744 τηρίῳ,
2393 2665 2510 2722 οὔτε
2542 2668 2803 2742 γυναικῶν
2837 2659 3016 2740 ἄνδρα.

2257 2754 2356 2812 λθ’.
2407 2753 2474 2810 Ἤ
2527 2751 2904 2832 διαζευχθεῖσα
2959 2758 3052 2808 τοῦ
3120 2750 3413 2812 ἐπισκόπου
3471 2751 3809 2829 [ἐπισκοπὴν]

2171 2844 2410 2910 δέξασθαι
2469 2840 2778 2916 μέλλοντος,
2841 2841 2978 2914 μετὰ
3051 2841 3150 2908 τὴν
3232 2841 3585 2920 χειροτονίαν,
3637 2841 3812 2897 εἰσίτω

2171 2935 2302 3011 πρὸς
2363 2933 2744 3008 μονπιστήριον³
2789 2937 2881 2988 τοῦ
2954 2929 3249 2987 ἐπισκόπου
3303 2931 3423 3006 Ιτῆς
3492 2928 3809 3007 ἐπισκοπῆς]

2173 3021 2518 3100 πορρωτάτω,
2567 3019 2656 3076 γαί
2715 3018 3027 3078 ἀπολαυὲτω
3074 3020 3170 3087 τῆς
3243 3019 3493 3098 προνοίας
3550 3026 3640 3076 τοῦ
3685 3020 3808 3075 ἑπι-

2105 3152 2148 3202 c
2173 3113 2398 3172 σκόπου,

2255 3199 2336 3273 μ’.
2405 3208 2514 3258 Οσα
2569 3199 2702 3256 κατὰ
2764 3200 2982 3277 γνώμην
3024 3199 3318 3257 ἕπισκέποο
3361 3199 3572 3275 πέπηγε
3643 3220 3812 3275 μονα-

2174 3291 2388 3369 στήρια,
2477 3289 2648 3346 οὐκέτι
2723 3290 2954 3363 κοσμικὰ
3031 3289 3341 3368 καταγώγια
3413 3289 3636 3367 γίνεται,
3695 3284 3813 3343 οὖδὲ

2173 3392 2460 3455 κοσμικοῖς
2488 3377 2731 3455 ἀνδράσιν
2763 3377 3046 3436 ἐνδίδοται.

2256 3467 2375 3543 μα’.
2411 3466 2540 3529 Οὐδὲ
2583 3469 2672 3524 τὸν
2729 3465 2924 3524 λα’ίκὸν
2978 3465 3234 3540 κυϐεύειν,
3281 3465 3420 3548 δέον,
3481 3465 3597 3527 οὐδὲ
3641 3477 3814 3542 μῖμον

2171 3561 2312 3618 εἶναι
2324 3608 2337 3623 ,

2253 3647 2368 3726 μβ’.
2401 3647 2529 3708 Οὗδὲ
2571 3648 2827 3727 θεάτρων,
2872 3649 2959 3704 καὶ
2991 3647 3258 3726 κυνηγίων
3287 3647 3591 3728 ἀνέχεσθαι.

2254 3737 2371 3816 μγ’,
2409 3738 2488 3794 Δι’
2520 3737 2652 3804 ὅλης
2681 3742 2778 3803 τῆς
2835 3743 3298 3817 Τεσσαρακοστῆς,
3358 3735 3484 3818 δίχα
3546 3740 3811 3813 Κυριακῆς

2174 3832 2261 3887 καὶ
2290 3827 2582 3897 Σαϐϐάτου,
2617 3829 2682 3883 τὰ
2712 3826 3026 3903 ἁγιαιθέντα
3055 3827 3404 3904 προσάγεται.

2255 3916 2366 3976 ηδ’.
2414 3918 2542 3980 Τοὺς
2573 3913 2996 3995 ἀναδεχομένους
3042 3914 3238 3980 παῖδας
3284 3916 3389 3973 ἀπὸ
3419 3917 3809 3993 βαπτίσμιτος,

2175 4010 2236 4066 οὗ
2291 4010 2613 4084 συναφθῆναι
2643 4017 2766 4070 ταῖς
2799 4005 2904 4062 τῶν
2937 4003 3137 4061 παίδων
3187 4004 3361 4070 ἐάσεις
3406 4007 3666 4083 μητράσιν
3707 4026 3719 4039 '
3769 4010 3814 4063 εἱ

2176 4097 2230 4154 δέ
2258 4119 2338 4162 τις
2380 4097 2468 4153 καὶ
2499 4094 2806 4175 συναφθείη,
2855 4095 2991 4168 μετὰ
3037 4097 3092 4151 τὸ
3148 4094 3575 4174 ἀποσυναφθῆναι
3607 4096 3695 4152 καὶ
3751 4098 3813 4152 τὸ

2175 4188 2440 4262 ὶπιτίμιον
2470 4186 2642 4264 γνοίη.

2257 4274 2366 4352 με’.
2425 4277 2500 4334 Οὔ
2579 4275 2951 4353 συγχωρήσειε
3030 4273 3286 4355 ἰξαδέλφῃ
3357 4274 3640 4350 συζυγῆναι
3722 4273 3814 4340 ἐξ-

2175 4365 2420 4448 άδελφον,
2469 4364 2583 4422 οὒδὲ
2651 4365 2882 4442 θυγατρί-
2917 4367 3004 4421 καὶ
3061 4367 3222 4442 μητρὶ
3277 4366 3386 4420 υἱὸν
3444 4367 3533 4420 καὶ
3583 4363 3811 4443 πατέρα,

2176 4455 2292 4516 οὐδὲ
2332 4454 2471 4512 δυσὶν
2503 4452 2752 4532 ἀδελφοῖς
2782 4453 2987 4528 μητέρα
3034 4455 3126 4510 καὶ
3169 4452 3427 4531 θυγατέρα
3464 4471 3476 4484 ⁶
3525 4451 3638 4509 οὐδὲ
3672 4451 3810 4509 δυσὶν

454 4528 686 4601 duabus
717 4538 1023 4599 sororibus
1057 4539 1358 4601 frutres.Si
1390 4539 1529 4616 quid
1565 4558 1701 4597 vero
1732 4540 1842 4599 tale
1869 4528 2082 4601 factum

2205 4545 2430 4624 Belgam;
2477 4528 2730 4621 ἀδελφούς
2769 4557 2783 4570 ⁹
2829 4543 2872 4598 εἰ
2924 4541 2979 4599 δέ
3035 4565 3084 4600 τι
3147 4528 3383 4600 τοιοῦτον
3441 4540 3532 4598 καί
3605 4541 3812 4620 γένοιτο

453 4629 653 4705 fuerit,
689 4638 817 4709 post
848 4628 1324 4703 dissolutionem,
1383 4636 1691 4707 septennio
1729 4628 2094 4707 pcenitentiae

457 4718 882 4797 subjiciuntur.

536 4811 636 4870 46.
674 4807 922 4870 Romani
980 4806 1461 4884 Quadragesimm
1493 4807 1766 4870 Sabb'ttis
1791 4809 2084 4887 jejunaut.

455 4899 754 4962 Admouet
787 4897 966 4976 igitur
1020 4898 1280 4978 synodus
1332 4897 1386 4958 in
1443 4899 1535 4959 his
1588 4901 1764 4959 etiam
1798 4918 2088 4961 canonem

455 4989 680 5051 valere.

532 5080 635 5142 47.
670 5076 938 5139 Armenii
958 5096 1062 5136 ova
1086 5082 1144 5136 et
1167 5095 1404 5137 caseum
1433 5077 1913 5157 Quadragesimaa
1937 5077 2090 5140 Sab-

455 5170 609 5231 batis
640 5168 997 5228 manducent
1030 5165 1320 5227 Statutum
1357 5178 1443 5227 est.
1477 5169 1652 5247 igitur
1674 5176 1856 5228 totum
1883 5168 2089 5229 orbem

454 5258 648 5320 abhis
706 5257 884 5318 etiam
945 5255 1294 5319 abstinere:
1355 5254 1459 5318 Sin
1519 5275 1678 5328 vero,
1715 5260 1952 5339 penitus
1984 5276 2090 5320 ex-

453 5364 910 5410 communicari.

533 5437 632 5497 48.
667 5435 873 5496 Laicus
905 5435 1017 5497 sibi
1044 5435 1154 5514 ipsi
1187 5435 1669 5497 communionem
1703 5454 1820 5497 non
1863 5435 2090 5514 imper-

460 5522 530 5588 tit.
561 5543 575 5585 ς
610 5522 700 5583 sin
728 5541 889 5600 vero,
933 5533 1161 5606 septem
1194 5524 1405 5587 diebus
1439 5523 2016 5588 excommunicatur.

2175 4639 2311 4712 μετὰ.
2339 4640 2436 4702 τῆς
2469 4631 2780 4702 διαλύσεως,
2815 4631 3093 4689 ἑπταετίαν
3123 4630 3596 4690 ὑποπιπτέτωσαν.

2253 4812 2393 4888 ρξ’.
2445 4814 2506 4870 Οἱ
2561 4811 2821 4882 Ῥωμαῖοι
2882 4810 2946 4865 τὰ
2977 4813 3075 4876 τῆς
3108 4813 3550 4886 Τεσσαρακοστῆς
3583 4809 3813 4874 νηστεύ-

2174 4925 2286 4960 ουσι
2333 4899 2601 4959 Σάϐϐατα.
2662 4899 3091 4972 ’Υπομιμνήσκει
3142 4900 3310 4956 τοίνυν
3362 4902 3396 4968 ἡ
3454 4896 3664 4963 σύνοδος
3711 4902 3809 4954 καὶ

2174 4993 2258 5049 ἐπὶ
2289 4990 2485 5049 τούτων
2516 4992 2604 5047 τὸν
2635 4988 2989 5046 ἁποστολικὸν
3017 4990 3214 5045 κανόνα
3239 5002 3480 5066 κρατεῖν,

2255 5080 2368 5156 μζ’.
2403 5083 2462 5140 Οἱ
2489 5078 2760 5157 ’Λρμένιοι
2792 5079 2870 5134 ibi
2900 5079 2985 5134 καὶ
3017 5079 3171 5154 τυρὸν
3229 5089 3348 5142 τοῖς
3406 5077 3501 5146 τῆς
3535 5087 3813 5154 Τεσσαρα-

2177 5177 2369 5237 nosti}:
2427 5170 2648 5228 ἔσθίούσι
2705 5165 2988 5224 Σάϐϐασιν*
3036 5168 3256 5243 ὥρισται
3305 5169 3477 5224 τοίνυν
3510 5188 3681 5224 πασαν
3712 5166 3812 5233 τὴν

2175 5260 2487 5334 οἰκουμένην
2528 5263 2618 5315 καὶ
2665 5258 2865 5316 τούτων
2899 5256 3220 5337 ἀπέχεσθαι.
3258 5257 3314 5314 Εἰ
3371 5254 3427 5312 δὲ
3459 5256 3559 5331 μὴ,
3597 5258 3810 5316 πάντως

2172 5351 2499 5430 ἀφορίζεσθαι
2512 5398 2524 5412 ,

2250 5441 2372 5515 μη’,
2421 5440 2620 5498 Δαῖκὸς
2681 5439 2741 5495 οὒ
2789 5433 3133 5511 μεταδίδωσιν
3211 5437 3382 5511 ἑαυτῷ
3415 5455 3432 5471 ·
3494 5437 3538 5493 εἷ
3593 5434 3648 5491 δὲ
3703 5434 3808 5515 μὴν

2170 5527 2508 5612 ἰπταήμιρον
2539 5530 2859 5611 ἀφορίζεται.
