4128 6198
329 377 410 444 89

1575 373 1910 449 EPITOME
1965 377 2367 450 CANONUM.

3540 369 3662 447 290

372 518 482 591 μθ’.
547 519 636 575 Ἐν
713 519 1009 597 εὐκτηρίοις
1083 519 1281 595 citate,
1344 517 1545 576 ἔνδοθεν
1611 521 1781 577 οἴκων
1836 525 1932 580 οὒκ

2092 521 2192 584 49.
2232 519 2291 580 1η
2316 519 2589 580 oratoriis
2615 537 2746 598 quae
2772 528 2909 579 sunt
2931 517 3082 579 intra
3108 527 3445 596 magnatum
3468 515 3648 592 aedes,

289 609 437 662 Ὶίῑπιτε
454 607 656 662 ιέσουσι
686 609 986 684 βάπτισμα.

375 699 448 757 ν’,
501 697 567 753 Εἴ
601 719 678 762 τις
706 699 1042 775 ὑποκρίνεται
1073 695 1348 773 δαιμονᾷν,
1383 699 1450 756 τὰ
1493 699 1599 756 τῶν
1628 697 1930 775 δαιμονῶν-

292 809 394 842 των
426 789 668 859 ἒπιτίμια
697 788 1078 854 ὑποστήσεται,

373 875 480 935 va’,
515 875 614 938 ”Ος
671 876 855 932 ἑαυτὸν
899 877 1314 956 ἑκατοντάρχοις
1374 877 1409 945 ἢ
1453 878 1703 951 μάντεσιν
1742 875 1930 951 ἐπιδῷ,

294 965 367 1028 ὥς
423 987 473 1018 τι
531 969 637 1019 τῶν
694 964 1006 1042 ἀπορρήτων
1057 967 1368 1041 μανθάνειν,
1441 965 1674 1032 ἑξαετίαν
1729 968 1932 1024 ὑποπι-

293 1052 472 1107 πτέτω
507 1070 522 1087 °
557 1055 695 1111 κατὰ
751 1057 915 1114 ταυτα
975 1061 1068 1110 καί
1127 1058 1154 1110 ὁ
1198 1054 1385 1133 ὅρκους
1417 1056 1816 1131 ὶπισῦρόμενος.
1873 1047 1930 1114 Ὀ

295 1140 346 1196 δὲ
391 1141 640 1218 ἆχύρταις
672 1138 778 1223 [γρ.
835 1142 1116 1223 ἆγὺρτεὺς]
1147 1145 1235 1201 καὶ
1296 1143 1672 1223 νεφοδιώκταις
1720 1144 1931 1202 κολλώ-

296 1249 476 1305 μενος,
514 1230 598 1283 καὶ
627 1232 920 1308 εἱμαρμένῃ
953 1232 1041 1286 καὶ
1071 1242 1213 1311 τύχῃ
1245 1233 1542 1308 πιστεύων,
1575 1238 1670 1300 τῆς
1704 1231 1936 1300 Ἐκκλη-

293 1318 406 1381 σίας
439 1319 851 1396 ἀποσυνάγωγος
863 1361 876 1378 .

373 1405 480 1479 νβ’,
529 1407 904 1484 Περιαιρείσθω
964 1413 1062 1475 τῆς
1119 1415 1225 1466 τῶν
1279 1413 1482 1467 πιστῶν
1539 1409 1810 1473 πολιτείας
1868 1411 1934 1466 τὰ

295 1495 448 1574 βοτά,
509 1497 603 1551 καί
661 1496 727 1552 τὰ
784 1498 1084 1577 βρωμάτια,
1160 1500 1254 1556 καί
1314 1503 1364 1555 αἱ
1433 1499 1690 1579 ὀρχήσεις
1748 1501 1799 1556 αἱ
1858 1501 1931 1563 εἷς

294 1585 467 1658 Θεοὺς,
501 1586 591 1641 καὶ
619 1584 685 1640 tsi
740 1588 976 1666 κωμικὰ,
1025 1589 1113 1643 καὶ
1155 1590 1222 1644 τὰ
1254 1590 1532 1668 σατυρικὰ,
1577 1590 1666 1645 καὶ
1708 1587 1933 1667 τραγικᾶ

292 1675 582 1751 πρόσωπα,
628 1675 715 1730 καὶ
759 1676 792 1742 ἡ
837 1675 932 1732 ἐπὶ
975 1674 1168 1739 ληνοῖς
1219 1679 1312 1733 τοῦ
1343 1678 1596 1734 Διονύσου
1628 1675 1930 1755 ἐπίκλησις,

290 1765 379 1819 καὶ
421 1765 448 1818 6
492 1763 585 1819 ἐπὶ
615 1775 734 1826 τοῖς
760 1766 929 1827 πίθοις
961 1764 1154 1843 γέλως.
1191 1767 1250 1824 Ol
1281 1763 1337 1823 δὲ
1397 1767 1738 1843 ἐπιμένοντες
1799 1767 1936 1842 μετὰ

291 1852 382 1908 τὸν
407 1855 631 1929 κανόνα,
660 1853 954 1913 ὑπεύθυνοι.

2015 609 2370 689 baptismum
2409 628 2524 668 non
2562 619 2860 688 peragent.

2096 703 2195 760 50.
2231 697 2291 760 Si
2321 699 2456 777 quis
2485 697 2724 756 simulat
2759 715 2823 757 se
2857 715 2886 756 a
2939 695 3232 756 dmmouio
3265 695 3492 774 agitari,
3531 696 3656 757 dae-

2017 788 2428 848 moniacorum
2465 786 2756 866 supplicia
2779 785 3024 846 subibit.

2095 877 2192 938 51.
2233 875 2515 949 Quisquis
2539 894 2601 934 se
2625 874 3073 935 centurionibus
3113 879 3213 934 aut
3237 872 3462 934 vatibus
3484 874 3659 936 addi-

2015 964 2118 1040 cit,
2152 974 2214 1026 ut
2246 964 2461 1025 secreti
2495 964 2718 1043 aliquid
2753 963 2964 1033 discat,
3001 981 3102 1023 sex
3139 981 3326 1023 annos
3360 963 3656 1042 paeniten-

2016 1054 2110 1115 tiae
2142 1053 2446 1133 subjaceat
2485 1074 2498 1114 :
2533 1054 2743 1113 eodem
2774 1053 2947 1112 modo
2976 1060 3032 1112 et
3057 1051 3157 1131 qui
3185 1051 3526 1130 juramenta
3562 1071 3658 1115 ex-

2017 1151 2275 1221 torquet.
2309 1140 2423 1214 Qui
2456 1142 2913 1203 circulatoribus
2945 1151 3001 1202 et
3030 1140 3428 1202 nebulonibus
3461 1142 3658 1204 adhae-

2016 1241 2130 1302 ret,
2161 1250 2230 1292 ac
2255 1231 2404 1292 facto
2441 1241 2498 1292 et
2531 1231 2782 1292 fortunae
2811 1230 3025 1304 credit,
3084 1230 3155 1290 ab
3191 1232 3474 1294 Ecclesia}
3505 1252 3653 1295 con-

2016 1330 2194 1382 ventu
2226 1320 2528 1384 arcendus
2558 1328 2670 1382 est.

2099 1409 2198 1471 5'2.
2235 1411 2282 1470 A
2315 1408 2578 1470 ﬁdelium
2611 1409 2740 1468 vitae
2795 1409 3022 1469 ratione
3075 1409 3414 1472 auferantur
3446 1429 3661 1492 pascua

2016 1512 2072 1560 et
2107 1499 2423 1572 brumalia,
2460 1511 2519 1561 et
2565 1498 2909 1560 saltationes
2943 1503 3001 1560 in
3041 1498 3289 1561 deorum
3340 1503 3657 1583 honorem,

2016 1606 2254 1651 necnon
2286 1590 2554 1665 comica),
2587 1589 2849 1669 satyricae
2881 1600 2939 1648 et
2973 1589 3207 1668 tragicas
3239 1609 3528 1669 personae,
3565 1600 3658 1652 at-

2016 1696 2131 1759 que
2165 1677 2460 1739 invocatio
2487 1677 2704 1739 Bacchi
2741 1678 2799 1739 in
2845 1679 3261 1753 torcularibus,
3294 1681 3566 1762 risusque
3598 1681 3660 1743 in

2019 1767 2214 1829 doliis.
2255 1767 2362 1840 Qui
2388 1785 2524 1828 vero
2561 1777 2693 1848 post
2720 1768 2880 1828 hunc
2905 1786 3195 1829 canonem
3232 1770 3290 1831 in
3325 1769 3417 1831 his
3451 1770 3662 1851 persti-

2021 1856 2222 1928 terint,
2258 1857 2527 1917 criminis
2558 1866 2734 1918 erunt
2765 1858 3028 1920 obnoxii.

375 1942 482 2020 νγ’.
516 1944 593 2000 Τὰ
619 1943 704 2007 ὑφ’
750 1941 1026 2014 Ἐλλήνων
1078 1943 1487 2021 συμπλασθέντα
1539 1945 1935 2025 μαρτυρολόγια

2097 1947 2196 2008 53.
2230 1947 2496 2006 Conficta
2531 1967 2560 2006 ιι
2593 1945 2813 2010 Graecis
2839 1945 3354 2024 martyrologiaﬁn
3387 1947 3658 2012 ecclesiis

293 2033 372 2106 μὴ
414 2031 846 2104 ἐκκλησιάζοιτο,

377 2120 447 2177 γε’
467 2171 482 2184 .
519 2125 718 2187 Δαῖκὸς
751 2125 831 2198 μὴ
859 2121 1077 2202 διδάσκῃ
1113 2141 1126 2156 ⁸
1165 2125 1243 2199 μὴ
1276 2126 1374 2204 γὰρ
1407 2125 1600 2192 πάντες
1640 2130 1930 2205 προφῆται,

291 2213 371 2284 μὴ
413 2213 609 2275 πάντες
641 2211 954 2275 ἀπόστολοι,

375 2299 474 2361 νε’.
509 2303 572 2358 Αἱ
615 2300 670 2357 ὲν
724 2315 844 2366 τοῖς
902 2304 1268 2381 ἓργαστηρίοις
1331 2306 1384 2358 ἓν
1428 2305 1734 2378 νουμηνίαις
1797 2327 1932 2382 πυρ-

292 2392 482 2466 καῖαὶ,
569 2391 656 2447 καὶ
734 2394 781 2446 οἱ
864 2393 1056 2458 ταύτας
1123 2391 1570 2472 ὑπεραλλὸμενοι,
1641 2395 1928 2472 καταργεί-

292 2482 523 2542 σθωσαν,

378 2569 509 2642 νςη.
558 2572 666 2636 Τὴν
698 2571 834 2644 μετὰ
861 2573 960 2638 τὴν
984 2571 1271 2629 ἀνάστασιν
1299 2570 1560 2647 ἑϐδομᾶξι
1593 2577 1791 2646 πᾶσαν,
1829 2578 1933 2636 πᾶς

297 2656 421 2714 ἑικλ
431 2659 730 2729 ησιαζὲσθω
761 2663 972 2724 πιστὸς.

379 2745 477 2818 νζ’,
515 2748 574 2804 Ὀ
622 2747 876 2821 κληρικὸς
935 2753 1074 2824 αἷμα
1115 2749 1299 2808 ἐσθίων
1357 2754 1690 2828 καθαιρεϊται
1726 2767 1740 2783 ⁶
1796 2752 1824 2807 6
1883 2748 1937 2806 δὲ

295 2836 488 2900 λατκὸς
516 2837 838 2917 ἀφορίζεται.

376 2926 487 2992 νη’.
517 2929 591 2985 Οὒ
620 2925 918 3008 διαφθερεῖς
966 2932 1114 2985 θεῖον
1171 2925 1398 3004 βιϐλίον,
1453 2927 1571 2987 οὔτε
1617 2928 1764 2998 δοίης
1823 2927 1939 2987 δια-

296 3017 581 3097 φθαρῆναι,
617 3018 662 3073 εἰ
691 3018 768 3092 μὴ
799 3017 980 3075 τέλεον
1025 3018 1450 3099 κατηχρείωται.

375 3195 477 3257 νθ’,
529 3196 585 3253 Ei
627 3198 706 3270 μὴ
747 3195 1018 3272 βασιλεὺς,
1080 3197 1221 3264 ούτις
1271 3204 1376 3255 τῶν
1423 3196 1628 3255 λαΐκῶν
1683 3199 1752 3261 εἷς
1815 3197 1938 3255 ἱλα-

297 3285 516 3360 στήριον
548 3283 764 3348 εἴσεισι,

375 3371 446 3437 ξ’.
476 3372 679 3440 Γυναιξὶ
734 3373 922 3433 λαλεῖν
987 3375 1072 3434 ἐπ’
1129 3375 1457 3446 Ἐκκλησίας
1512 3378 1604 3435 οὔκ
1666 3376 1939 3458 ἐπιτέτραο

297 3482 447 3524 ττται,

377 3550 482 3616 ξα’.
540 3551 869 3632 Ἀφορίζεται
927 3557 1239 3632 νομομαθὴς
1298 3555 1401 3614 ἔθει
1431 3555 1740 3630 Ἐλληνικῷ
1783 3557 1940 3638 χρώ-

298 3661 480 3714 μενος,
565 3645 655 3700 καὶ
734 3645 974 3724 θεάτροις
1057 3647 1390 3724 ἑπαγόμενος
1417 3689 1434 3719 ,
1512 3648 1601 3702 καὶ
1696 3646 1938 3704 κυκλύων

303 3729 546 3811 [κυλίων]
557 3781 570 3795 ,

379 3819 481 3896 ξβ’.
547 3823 712 3899 Κύρος
780 3823 890 3904 [ἵσ.
947 3825 1228 3904 ⁰Ακυρος1,
1288 3827 1316 3882 6
1379 3826 1514 3901 μετὰ
1574 3831 1682 3882 τῶν
1739 3828 1938 3905 αἱρετιο

298 3915 408 3965 κῶν
465 3911 662 3988 γάμος,
722 3916 770 3970 οἱ
851 3914 908 3972 δὲ
989 3913 1368 3990 προΑαϐὄντες,
1431 3917 1472 3971 ελ
1523 3914 1775 3997 ἐθέλοιεν,
1838 3915 1938 3992 μέ-

299 4021 461 4060 νοιεν.

380 4088 483 4166 ξγ’.
516 4089 580 4148 ³0
611 4091 664 4147 ἐν
697 4091 870 4172 ἐδάφει
899 4095 1144 4172 σταυρὸς,
1181 4095 1508 4174 ἀφανίζεται.

380 4178 475 4242 ξδ’.
530 4179 760 4258 Ἀγᾶπαι
846 4185 932 4240 καὶ
1015 4182 1265 4240 ακούὸιτα
1341 4194 1632 4263 Κυριακαϊς
1704 4186 1764 4242 οὗ
1843 4206 1938 4242 τε-

209 4301 220 4310 ·
299 4268 499 4330 λεϊται.

382 4359 479 4424 ξε’.
525 4359 805 4426 ’Ἀτακτος
847 4365 1054 4442 κραυγὴ
1113 4367 1206 4420 τοῦ
1236 4364 1532 4440 ψάλλοντος
1562 4363 1816 4440 ἀναιδῶς,
1854 4369 1941 4424 καὶ

303 4452 331 4506 ὁ
360 4449 624 4529 ἐπιλέγων
653 4451 720 4508 τὰ
747 4458 846 4520 τῆς
878 4453 1225 4529 Ἐκκλησίας,
1261 4454 1587 4532 ἀνάρμοστα.

2021 2053 2095 2098 ne
2116 2036 2469 2097 recitantur.

2099 2125 2198 2185 54.
2236 2123 2443 2186 Laicus
2474 2145 2548 2186 ne
2579 2125 2790 2188 doceat
2824 2145 2837 2189 :
2874 2144 2991 2188 non
3057 2126 3215 2186 enim
3277 2144 3486 2188 omnes
3518 2144 3661 2208 pro-

2021 2214 2235 2294 phetae,
2271 2233 2466 2294 neque
2498 2234 2704 2276 omnes
2736 2215 3011 2297 apostoli.

2100 2303 2198 2364 55.
2234 2301 2382 2381 Regi
2413 2303 2593 2383 quiin
2619 2304 2881 2366 tabernis
2911 2303 3231 2365 noviluniis
3255 2312 3657 2381 exstruuntur,

2020 2391 2242 2472 quique
2274 2410 2378 2452 eos
2411 2394 2774 2468 transiliunt,
2806 2393 3188 2472 abrogentur.

2100 2481 2204 2541 56.
2237 2480 2384 2541 Tota
2415 2489 2546 2561 post
2576 2483 3079 2544 resurrectionem
3116 2481 3661 2558 hebdomada,qui-

2021 2570 2169 2633 libet
2198 2570 2392 2632 ﬁdelis
2424 2573 2829 2635 ecclesiastico
2863 2574 3180 2634 conventui
3213 2573 3470 2635 intersit.

2101 2663 2199 2725 57.
2230 2663 2495 2726 Clericus
2527 2663 2876 2739 sanguinem
2913 2661 3272 2726 manducans
3306 2661 3657 2742 deponitur:

2020 2749 2206 2813 laicus
2238 2769 2374 2813 VBI‘O
2406 2772 2550 2814 εχεο
2562 2772 2612 2813 m
2625 2752 2980 2814 municatur.

2102 2842 2200 2901 58.
2236 2844 2371 2905 Non
2429 2860 2776 2921 corrumpes
2831 2839 3096 2902 divinum
3138 2840 3432 2916 codicem,
3468 2859 3664 2923 neque

2022 2929 2530 3011 corrumpendum
2556 2929 2868 3012 dabis,nisi
2901 2947 3145 3010 prorsus
3175 2929 3402 2993 inutilis
3433 2931 3507 2993 sit
3532 2932 3664 2994 red-

2023 3019 2205 3081 ditus.

2105 3111 2202 3173 59.
2236 3109 2927 3192 Praeterimperatorem,
2967 3107 3166 3172 nullus
3194 3108 3480 3172 laicorum
3517 3128 3664 3192 pro-

2025 3198 2392 3280 pitiatorium
2426 3199 2783 3278 ingreditur.

1957 3307 1998 3359 c
2101 3291 2198 3352 60.
2236 3288 2579 3351 Mulieribus
2631 3287 2792 3370 loqui
2833 3289 2895 3352 in
2926 3289 3218 3367 Ecclesia,
3252 3308 3372 3353 non
3403 3289 3662 3372 permis-

2023 3397 2155 3441 sum
2189 3387 2302 3442 est.

2104 3559 2203 3619 6|.
2238 3557 2803 3621 Excommunicatur
2857 3559 3005 3640 legis
3057 3530 3309 3640 peritus,
3341 3556 3442 3641 qui
3495 3576 3662 3622 more

2023 3645 2232 3727 gentili
2259 3648 2469 3723 utitur,
2503 3665 2570 3709 ac
2617 3648 2864 3710 theatris
2911 3648 3179 3723 adhibet.
3235 3658 3295 3712 et
3323 3667 3460 3713 sese
3491 3648 3664 3712 volu-

2025 3746 2128 3798 tat.

2051 3747 2202 3890 ιι62.
2237 3825 2564 3889 Invalidum
2623 3845 2760 3890 cum
2821 3827 3120 3890 haereticis
3153 3825 3602 3890 matrimonium
3647 3846 3663 3887 :

2023 3917 2124 3998 qui
2155 3928 2354 3977 autem
2417 3927 2591 3979 antea
2645 3925 3092 3995 contraxerunt,
3147 3917 3197 3978 si
3255 3915 3466 3994 velint,
3500 3916 3563 3978 in
3594 3933 3666 3977 eo

2027 4014 2440 4086 permaneant.

2103 4095 2202 4157 63.
2241 4095 2394 4158 Crux
2427 4094 2554 4156 solo
2587 4093 2902 4174 impressa,
2941 4095 3340 4159 oblitteratur.

2103 4185 2205 4248 64.
2239 4186 2452 4266 Agapaa
2483 4195 2546 4248 et
2576 4183 2882 4246 accubitus
2930 4184 3262 4249 Dominicis
3315 4203 3434 4248 non
3483 4202 3664 4267 pera-

2064 4283 2266 4336 untur.

2064 4293 2266 4336 untur.

2021 4293 2058 4354 8
2103 4362 2586 4426 65.1nconditus
2638 4364 2864 4426 clamor
2910 4367 3181 4427 canentis
3220 4365 3657 4448 imprudenter,

2026 4452 2242 4532 quique
2275 4471 2343 4514 ea
2373 4472 2501 4534 qua:
2525 4455 2582 4515 in
2615 4452 2880 4516 Ecclesia
2904 4455 3184 4518 dicuntur
3213 4457 3664 4533 etiert,minime

2025 4551 2380 4621 congruunt.

386 4629 516 4704 Eg”.
561 4627 650 4689 Ἐδ
701 4628 1120 4710 ἱςρῴ.περιϐὀλῳ
1148 4632 1450 4700 καπηλεῖον
1496 4634 1810 4714 ἀσύστατον,
1845 4635 1935 4694 καὶ

2105 4633 2204 4724 66.
2242 4631 2656 4724 Intrasacrum
2687 4641 2922 4724 septum
2950 4653 3221 4716 caupona
3241 4637 3521 4700 constitui
3547 4656 3668 4701 non

304 4718 623 4793 πωλούμενα
651 4721 906 4799 βρώματα
934 4723 1160 4796 μάταια.

378 4809 475 4879 Eg’.
519 4812 830 4886 Χριστιανὸς
857 4810 1094 4889 γυναιξὶν
1129 4814 1188 4870 οὔ
1217 4811 1552 4888 συλλούεται,

380 4899 490 4966 ξη’.
537 4898 598 4956 Ὀ
658 4901 933 4980 φωτισθεὶς
993 4902 1092 4969 τὴν
1177 4903 1352 4960 πίστιν
1424 4903 1808 4984 ἀπαγγελλέτω
1876 4911 1943 4982 τῇ

299 4988 526 5063 πέμπτη
556 4987 654 5056 τῆς
687 4985 996 5063 ἒϐδομάδος.
1516 5043 1520 5046 .

384 5078 479 5141 ἦθ’.
516 5076 848 5158 Ἀφορίζεται
905 5081 932 5133 6
977 5081 1111 5153 μετὰ
1181 5081 1277 5147 τὴν
1338 5083 1525 5160 ἑορτὴν
1587 5084 1685 5150 τῆς
1743 5083 1941 5141 Θεοτὸ-

304 5188 396 5222 κου
461 5165 736 5240 σεμίδαλιν
791 5167 827 5234 ἢ
886 5166 1016 5224 ἄλλο
1076 5176 1342 5240 σκευάζων
1417 5171 1501 5227 διὰ
1561 5173 1622 5230 τὰ
1681 5171 1943 5250 λεγόμενα

306 5253 518 5334 λόχεια,

383 5343 453 5403 θ’.
493 5345 550 5401 εἰ
583 5345 660 5418 μὴ
692 5342 758 5401 δι’
789 5345 1028 5424 ἀνάγκην
1060 5347 1488 5421 ἂπολιμπάνεταί
1516 5371 1598 5413 τις
1629 5349 1941 5426 ἐκκλησίας,

310 5431 390 5488 ἰπὶ
419 5435 558 5512 τρισὶ
593 5443 906 5515 Κυριακαῐς,
938 5436 1327 5505 ἀκοινώνητος.

385 5522 494 5585 οα’.
530 5527 618 5597 Τῴ
664 5527 926 5602 Τρισαγίῳ
979 5523 1128 5602 ὕμνῳ
1185 5529 1214 5584 6
1268 5528 1546 5585 συνάπτων
1585 5529 1672 5604 τὸ,
1704 5535 1949 5608 Σταυρω·

315 5609 434 5690 θεὶς,
469 5613 790 5692 ἑτερόδοξος.

2026 4722 2208 4784 debet
2241 4740 2255 4785 :
2291 4741 2361 4783 ac
2387 4721 2608 4783 ibidem
2642 4723 2808 4785 cibos
2838 4725 3036 4798 veudi,
3073 4726 3369 4805 ineptum.

2106 4811 2205 4875 67.
2243 4812 2610 4874 Christianus
2642 4833 2774 4874 cum
2813 4813 3160 4876 mulieribus
3194 4835 3312 4877 non
3347 4817 3593 4881 lavatur.

2105 4902 2204 4964 68.
2238 4900 2615 4964 Illuminatus
2638 4904 2843 4983 quinta
2871 4903 3258 4966 hebdomadw
3285 4907 3462 4969 ﬁdem
3490 4909 3666 4990 profi-

2027 5000 2241 5054 teatur.

2106 5083 2203 5143 69.
2233 5081 2801 5144 Excommunicatur
2829 5084 2930 5164 qui
2991 5100 3114 5165 p05t
3153 5086 3366 5148 festum
3402 5085 3668 5164 Deiparae

2028 5171 2285 5234 similam
2320 5182 2419 5232 aut
2449 5173 2605 5232 aliud
2639 5185 2906 5252 apparat,
2935 5186 3178 5254 propter
3203 5195 3272 5236 ea
3307 5192 3440 5254 qua:
3461 5190 3668 5234 vocan-

2028 5270 2124 5322 tur
2157 5272 2288 5343 post
2321 5277 2552 5342 partum
2587 5273 3000 5341 purgamenta.

2109 5354 2208 5414 7U.
2240 5349 2300 5415 Si
2347 5353 2481 5432 quis
2526 5351 2686 5413 circa
2719 5351 3133 5413 necessitatem
3171 5369 3278 5427 per
3311 5361 3430 5412 tres
3462 5349 3668 5411 Domi-

2031 5441 2195 5502 nicas
2223 5443 2296 5501 ab
2330 5441 2584 5504 ecclesia
2615 5440 2792 5514 absit,
2829 5441 3408 5501 excommunicatur.

2114 5534 2213 5590 7t.
2249 5528 2361 5602 Qui
2392 5530 2462 5590 ad
2515 5529 2847 5607 Trisagium
2912 5529 3200 5605 hymnum
3259 5529 3466 5608 adjicit
3499 5527 3678 5612 illud,

2034 5619 2406 5699 Cruciﬁwus,
2443 5617 2760 5681 haereticus
2792 5625 3092 5679 censetur.
