  <div class='ocr_page' id='page_1' title='image "/cluster/home/n/w/nwhite01/storage/ocr_20150623/114/hvd.32044073502254/152.png"; bbox 0 0 4080 6204; ppageno 0'>
   <div class='ocr_carea' id='block_1_1' title="bbox 250 475 1589 512">
    <p class='ocr_par' dir='ltr' id='par_1_1' title="bbox 250 475 1589 512">
     <span class='ocr_line' id='line_1_1' title="bbox 250 475 1589 512; baseline -0.005 0"><span class='ocrx_word' id='word_1_1' title='bbox 250 475 1589 512; x_wconf 49' lang='grc' dir='ltr'><strong>Μ</strong></span> 
     </span>
    </p>
   </div>
   <div class='ocr_carea' id='block_1_2' title="bbox 2852 478 3614 513">
    <p class='ocr_par' dir='ltr' id='par_1_2' title="bbox 2852 478 3614 513">
     <span class='ocr_line' id='line_1_2' title="bbox 2852 478 3614 513; baseline 0.013 -7"><span class='ocrx_word' id='word_1_2' title='bbox 2852 478 3614 513; x_wconf 73' lang='lat'><strong>.—-__-—-_—-—_._—__—-=_-=</strong></span> 
     </span>
    </p>
   </div>
   <div class='ocr_carea' id='block_1_3' title="bbox 438 497 3425 815">
    <p class='ocr_par' dir='ltr' id='par_1_3' title="bbox 438 497 3425 815">
     <span class='ocr_line' id='line_1_3' title="bbox 438 497 3425 815; baseline 0 -1"><span class='ocrx_word' id='word_1_3' title='bbox 438 638 1340 814; x_wconf 87' lang='lat' dir='ltr'><strong>SYMEON</strong></span> <span class='ocrx_word' id='word_1_4' title='bbox 1358 638 1558 814; x_wconf 91' lang='lat' dir='ltr'><strong>IS</strong></span> <span class='ocrx_word' id='word_1_5' title='bbox 1674 497 3425 815; x_wconf 48' lang='lat' dir='ltr'><strong>METAPHRd—S—ﬁ</strong></span> 
     </span>
    </p>
   </div>
   <div class='ocr_carea' id='block_1_4' title="bbox 1118 954 2728 1067">
    <p class='ocr_par' dir='ltr' id='par_1_4' title="bbox 1118 954 2728 1067">
     <span class='ocr_line' id='line_1_4' title="bbox 1118 954 2728 1067; baseline 0.001 -4"><span class='ocrx_word' id='word_1_6' title='bbox 1118 955 1689 1067; x_wconf 82' lang='lat' dir='ltr'><strong>OPERUM</strong></span> <span class='ocrx_word' id='word_1_7' title='bbox 1778 955 2129 1064; x_wconf 79' lang='lat' dir='ltr'><strong>PARS</strong></span> <span class='ocrx_word' id='word_1_8' title='bbox 2214 954 2728 1065; x_wconf 83' lang='lat' dir='ltr'><strong>TERTIA</strong></span> 
     </span>
    </p>
   </div>
   <div class='ocr_carea' id='block_1_5' title="bbox 1720 1216 2143 1267">
    <p class='ocr_par' dir='ltr' id='par_1_5' title="bbox 1720 1216 2143 1267">
     <span class='ocr_line' id='line_1_5' title="bbox 1720 1216 2143 1267; baseline 0.005 -2"><span class='ocrx_word' id='word_1_9' title='bbox 1720 1216 2143 1267; x_wconf 72' lang='lat' dir='ltr'><strong>COIPLECTENS</strong></span> 
     </span>
    </p>
   </div>
   <div class='ocr_carea' id='block_1_6' title="bbox 741 1378 3140 1449">
    <p class='ocr_par' dir='ltr' id='par_1_6' title="bbox 741 1378 3140 1449">
     <span class='ocr_line' id='line_1_6' title="bbox 741 1378 3140 1449; baseline 0 -1"><span class='ocrx_word' id='word_1_10' title='bbox 741 1381 963 1448; x_wconf 71' lang='lat' dir='ltr'><strong>VITAS</strong></span> <span class='ocrx_word' id='word_1_11' title='bbox 1048 1381 1501 1448; x_wconf 70' lang='lat' dir='ltr'><strong>SANCTORUM</strong></span> <span class='ocrx_word' id='word_1_12' title='bbox 1582 1383 1634 1447; x_wconf 85' lang='lat' dir='ltr'><strong>A</strong></span> <span class='ocrx_word' id='word_1_13' title='bbox 1717 1378 2068 1447; x_wconf 82' lang='lat' dir='ltr'><strong>SYMEONE</strong></span> <span class='ocrx_word' id='word_1_14' title='bbox 2153 1380 2703 1447; x_wconf 70' lang='lat' dir='ltr'><strong>METAPHBASTE</strong></span> <span class='ocrx_word' id='word_1_15' title='bbox 2784 1380 3140 1449; x_wconf 77' lang='lat' dir='ltr'><strong>SCRIPTAS</strong></span> 
     </span>
    </p>
   </div>
   <div class='ocr_carea' id='block_1_7' title="bbox 1334 1753 2540 1844">
    <p class='ocr_par' dir='ltr' id='par_1_7' title="bbox 1334 1753 2540 1844">
     <span class='ocr_line' id='line_1_7' title="bbox 1334 1753 2540 1844; baseline 0.002 -5"><span class='ocrx_word' id='word_1_16' title='bbox 1334 1753 1847 1841; x_wconf 89' lang='lat' dir='ltr'><strong>MONITUM</strong></span> <span class='ocrx_word' id='word_1_17' title='bbox 1928 1754 2540 1844; x_wconf 82' lang='lat' dir='ltr'><strong>EDITORUM.</strong></span> 
     </span>
    </p>
   </div>
   <div class='ocr_carea' id='block_1_8' title="bbox 331 1972 3620 2057">
    <p class='ocr_par' dir='ltr' id='par_1_8' title="bbox 331 1972 3620 2057">
     <span class='ocr_line' id='line_1_8' title="bbox 331 1972 3620 2057; baseline 0 -21"><span class='ocrx_word' id='word_1_18' title='bbox 331 1972 763 2037; x_wconf 81' lang='lat' dir='ltr'><strong>Difﬁcillimum</strong></span> <span class='ocrx_word' id='word_1_19' title='bbox 826 1974 1008 2037; x_wconf 89' lang='lat' dir='ltr'><strong>estin</strong></span> <span class='ocrx_word' id='word_1_20' title='bbox 1066 1974 1377 2038; x_wconf 80' lang='lat' dir='ltr'><strong>codicibus</strong></span> <span class='ocrx_word' id='word_1_21' title='bbox 1410 1992 1554 2038; x_wconf 87' lang='lat' dir='ltr'><strong>mss.</strong></span> <span class='ocrx_word' id='word_1_22' title='bbox 1616 1982 1676 2036; x_wconf 90' lang='lat' dir='ltr'><strong>et</strong></span> <span class='ocrx_word' id='word_1_23' title='bbox 1708 1976 1767 2035; x_wconf 90' lang='lat' dir='ltr'><strong>in</strong></span> <span class='ocrx_word' id='word_1_24' title='bbox 1826 1972 2210 2047; x_wconf 88' lang='lat' dir='ltr'><strong>editionibus,</strong></span> <span class='ocrx_word' id='word_1_25' title='bbox 2246 1974 2462 2057; x_wconf 85' lang='lat' dir='ltr'><strong>quibus</strong></span> <span class='ocrx_word' id='word_1_26' title='bbox 2509 1972 2660 2037; x_wconf 65' lang='lat' dir='ltr'><strong>Vitae</strong></span> <span class='ocrx_word' id='word_1_27' title='bbox 2716 1980 3055 2038; x_wconf 88' lang='lat' dir='ltr'><strong>sanctorum</strong></span> <span class='ocrx_word' id='word_1_28' title='bbox 3089 1977 3403 2057; x_wconf 66' lang='lat' dir='ltr'><strong>descripta:</strong></span> <span class='ocrx_word' id='word_1_29' title='bbox 3460 1980 3620 2055; x_wconf 82' lang='lat' dir='ltr'><strong>sunt,</strong></span> 
     </span>
    </p>
   </div>
   <div class='ocr_carea' id='block_1_9' title="bbox 257 2060 3627 2145">
    <p class='ocr_par' dir='ltr' id='par_1_9' title="bbox 257 2060 3627 2145">
     <span class='ocr_line' id='line_1_9' title="bbox 257 2060 3627 2145; baseline 0.001 -20"><span class='ocrx_word' id='word_1_30' title='bbox 257 2061 413 2125; x_wconf 78' lang='lat' dir='ltr'><strong>Vitas</strong></span> <span class='ocrx_word' id='word_1_31' title='bbox 457 2082 491 2126; x_wconf 88' lang='lat' dir='ltr'><strong>a</strong></span> <span class='ocrx_word' id='word_1_32' title='bbox 523 2060 589 2127; x_wconf 89' lang='lat' dir='ltr'><strong>S.</strong></span> <span class='ocrx_word' id='word_1_33' title='bbox 624 2063 1023 2145; x_wconf 83' lang='lat' dir='ltr'><strong>Metaphraste</strong></span> <span class='ocrx_word' id='word_1_34' title='bbox 1054 2063 1305 2145; x_wconf 84' lang='lat' dir='ltr'><strong>scriptas</strong></span> <span class='ocrx_word' id='word_1_35' title='bbox 1331 2063 1679 2125; x_wconf 83' lang='lat' dir='ltr'><strong>discernere</strong></span> <span class='ocrx_word' id='word_1_36' title='bbox 1735 2062 1806 2124; x_wconf 90' lang='lat' dir='ltr'><strong>ab</strong></span> <span class='ocrx_word' id='word_1_37' title='bbox 1842 2063 1915 2124; x_wconf 92' lang='lat' dir='ltr'><strong>iis</strong></span> <span class='ocrx_word' id='word_1_38' title='bbox 1959 2082 2103 2142; x_wconf 88' lang='lat' dir='ltr'><strong>quas</strong></span> <span class='ocrx_word' id='word_1_39' title='bbox 2146 2064 2575 2143; x_wconf 81' lang='lat' dir='ltr'><strong>Metaphrastes</strong></span> <span class='ocrx_word' id='word_1_40' title='bbox 2608 2061 2694 2124; x_wconf 87' lang='lat' dir='ltr'><strong>vel</strong></span> <span class='ocrx_word' id='word_1_41' title='bbox 2740 2063 3135 2142; x_wconf 85' lang='lat' dir='ltr'><strong>interpolavit,</strong></span> <span class='ocrx_word' id='word_1_42' title='bbox 3170 2066 3257 2127; x_wconf 88' lang='lat' dir='ltr'><strong>vel</strong></span> <span class='ocrx_word' id='word_1_43' title='bbox 3292 2066 3627 2128; x_wconf 85' lang='lat' dir='ltr'><strong>immutatas</strong></span> 
     </span>
    </p>
   </div>
   <div class='ocr_carea' id='block_1_10' title="bbox 258 2150 3626 2234">
    <p class='ocr_par' dir='ltr' id='par_1_10' title="bbox 258 2150 3626 2234">
     <span class='ocr_line' id='line_1_10' title="bbox 258 2150 3626 2234; baseline 0.001 -20"><span class='ocrx_word' id='word_1_44' title='bbox 258 2152 573 2233; x_wconf 88' lang='lat' dir='ltr'><strong>adoptavit,</strong></span> <span class='ocrx_word' id='word_1_45' title='bbox 608 2152 697 2213; x_wconf 85' lang='lat' dir='ltr'><strong>vel</strong></span> <span class='ocrx_word' id='word_1_46' title='bbox 753 2170 900 2234; x_wconf 88' lang='lat' dir='ltr'><strong>quas</strong></span> <span class='ocrx_word' id='word_1_47' title='bbox 928 2152 1028 2214; x_wconf 86' lang='lat' dir='ltr'><strong>alii</strong></span> <span class='ocrx_word' id='word_1_48' title='bbox 1059 2162 1188 2234; x_wconf 86' lang='lat' dir='ltr'><strong>post</strong></span> <span class='ocrx_word' id='word_1_49' title='bbox 1217 2154 1674 2233; x_wconf 85' lang='lat' dir='ltr'><strong>Metaphrastem</strong></span> <span class='ocrx_word' id='word_1_50' title='bbox 1708 2172 1776 2213; x_wconf 83' lang='lat' dir='ltr'><strong>ex</strong></span> <span class='ocrx_word' id='word_1_51' title='bbox 1827 2152 2064 2231; x_wconf 81' lang='lat' dir='ltr'><strong>scriptis</strong></span> <span class='ocrx_word' id='word_1_52' title='bbox 2106 2153 2235 2231; x_wconf 85' lang='lat' dir='ltr'><strong>ejus</strong></span> <span class='ocrx_word' id='word_1_53' title='bbox 2265 2154 2673 2215; x_wconf 84' lang='lat' dir='ltr'><strong>confecerunt.</strong></span> <span class='ocrx_word' id='word_1_54' title='bbox 2720 2150 2831 2213; x_wconf 87' lang='lat' dir='ltr'><strong>Hic</strong></span> <span class='ocrx_word' id='word_1_55' title='bbox 2880 2153 3211 2216; x_wconf 74' lang='lat' dir='ltr'><strong>difﬁcultati</strong></span> <span class='ocrx_word' id='word_1_56' title='bbox 3246 2155 3439 2217; x_wconf 88' lang='lat' dir='ltr'><strong>lucem</strong></span> <span class='ocrx_word' id='word_1_57' title='bbox 3473 2173 3626 2233; x_wconf 88' lang='lat' dir='ltr'><strong>qua-</strong></span> 
     </span>
    </p>
   </div>
   <div class='ocr_carea' id='block_1_11' title="bbox 258 2240 3627 2325">
    <p class='ocr_par' dir='ltr' id='par_1_11' title="bbox 258 2240 3627 2325">
     <span class='ocr_line' id='line_1_11' title="bbox 258 2240 3627 2325; baseline 0 -21"><span class='ocrx_word' id='word_1_58' title='bbox 258 2243 625 2325; x_wconf 87' lang='lat' dir='ltr'><strong>lemcunque</strong></span> <span class='ocrx_word' id='word_1_59' title='bbox 653 2242 963 2304; x_wconf 82' lang='lat' dir='ltr'><strong>aﬂ&#39;undunt</strong></span> <span class='ocrx_word' id='word_1_60' title='bbox 1009 2252 1130 2304; x_wconf 88' lang='lat' dir='ltr'><strong>tres</strong></span> <span class='ocrx_word' id='word_1_61' title='bbox 1159 2242 1407 2319; x_wconf 82' lang='lat' dir='ltr'><strong>catalogi</strong></span> <span class='ocrx_word' id='word_1_62' title='bbox 1458 2260 1607 2322; x_wconf 90' lang='lat' dir='ltr'><strong>quos</strong></span> <span class='ocrx_word' id='word_1_63' title='bbox 1640 2240 1759 2302; x_wconf 83' lang='lat' dir='ltr'><strong>Deo</strong></span> <span class='ocrx_word' id='word_1_64' title='bbox 1806 2241 2080 2313; x_wconf 89' lang='lat' dir='ltr'><strong>Allatius,</strong></span> <span class='ocrx_word' id='word_1_65' title='bbox 2114 2244 2187 2303; x_wconf 91' lang='lat' dir='ltr'><strong>de</strong></span> <span class='ocrx_word' id='word_1_66' title='bbox 2221 2242 2458 2323; x_wconf 88' lang='lat' dir='ltr'><strong>scriptis</strong></span> <span class='ocrx_word' id='word_1_67' title='bbox 2502 2242 2761 2303; x_wconf 82' lang='lat' dir='ltr'><strong>auctoris</strong></span> <span class='ocrx_word' id='word_1_68' title='bbox 2796 2244 2980 2303; x_wconf 89' lang='lat' dir='ltr'><strong>nostri</strong></span> <span class='ocrx_word' id='word_1_69' title='bbox 3021 2243 3271 2322; x_wconf 75' lang='lat' dir='ltr'><strong>agendo,</strong></span> <span class='ocrx_word' id='word_1_70' title='bbox 3319 2242 3627 2322; x_wconf 81' lang='lat' dir='ltr'><strong>confecit;</strong></span> 
     </span>
    </p>
   </div>
   <div class='ocr_carea' id='block_1_12' title="bbox 262 2329 3623 2412">
    <p class='ocr_par' dir='ltr' id='par_1_12' title="bbox 262 2329 3623 2412">
     <span class='ocr_line' id='line_1_12' title="bbox 262 2329 3623 2412; baseline -0 -19"><span class='ocrx_word' id='word_1_71' title='bbox 262 2333 480 2411; x_wconf 86' lang='lat' dir='ltr'><strong>primus</strong></span> <span class='ocrx_word' id='word_1_72' title='bbox 533 2332 768 2393; x_wconf 90' lang='lat' dir='ltr'><strong>sci&#39;icet</strong></span> <span class='ocrx_word' id='word_1_73' title='bbox 795 2329 1062 2393; x_wconf 85' lang='lat' dir='ltr'><strong>Vitarnm</strong></span> <span class='ocrx_word' id='word_1_74' title='bbox 1115 2350 1259 2412; x_wconf 88' lang='lat' dir='ltr'><strong>quas</strong></span> <span class='ocrx_word' id='word_1_75' title='bbox 1292 2332 1719 2409; x_wconf 84' lang='lat' dir='ltr'><strong>Metaphrastes</strong></span> <span class='ocrx_word' id='word_1_76' title='bbox 1755 2332 2070 2411; x_wconf 89' lang='lat' dir='ltr'><strong>scripsisse</strong></span> <span class='ocrx_word' id='word_1_77' title='bbox 2121 2332 2380 2393; x_wconf 79' lang='lat' dir='ltr'><strong>refertur</strong></span> <span class='ocrx_word' id='word_1_78' title='bbox 2410 2332 2566 2411; x_wconf 90' lang='lat' dir='ltr'><strong>apud</strong></span> <span class='ocrx_word' id='word_1_79' title='bbox 2599 2330 2985 2410; x_wconf 88' lang='lat' dir='ltr'><strong>Lipomanum</strong></span> <span class='ocrx_word' id='word_1_80' title='bbox 3038 2341 3096 2393; x_wconf 93' lang='lat' dir='ltr'><strong>et</strong></span> <span class='ocrx_word' id='word_1_81' title='bbox 3122 2334 3280 2412; x_wconf 88' lang='lat' dir='ltr'><strong>apud</strong></span> <span class='ocrx_word' id='word_1_82' title='bbox 3334 2331 3572 2395; x_wconf 87' lang='lat' dir='ltr'><strong>Surium</strong></span> <span class='ocrx_word' id='word_1_83' title='bbox 3608 2351 3623 2392; x_wconf 91' lang='lat'><strong>:</strong></span> 
     </span>
    </p>
   </div>
   <div class='ocr_carea' id='block_1_13' title="bbox 260 2419 3629 2501">
    <p class='ocr_par' dir='ltr' id='par_1_13' title="bbox 260 2419 3629 2501">
     <span class='ocr_line' id='line_1_13' title="bbox 260 2419 3629 2501; baseline -0.001 -18"><span class='ocrx_word' id='word_1_84' title='bbox 260 2422 556 2483; x_wconf 87' lang='lat' dir='ltr'><strong>secundus</strong></span> <span class='ocrx_word' id='word_1_85' title='bbox 591 2419 857 2481; x_wconf 84' lang='lat' dir='ltr'><strong>Vitarum</strong></span> <span class='ocrx_word' id='word_1_86' title='bbox 892 2440 1025 2499; x_wconf 67' lang='lat' dir='ltr'><strong>quae</strong></span> <span class='ocrx_word' id='word_1_87' title='bbox 1049 2432 1214 2483; x_wconf 84' lang='lat' dir='ltr'><strong>certo</strong></span> <span class='ocrx_word' id='word_1_88' title='bbox 1246 2440 1280 2483; x_wconf 91' lang='lat' dir='ltr'><strong>a</strong></span> <span class='ocrx_word' id='word_1_89' title='bbox 1311 2422 1711 2500; x_wconf 86' lang='lat' dir='ltr'><strong>Metaphraste</strong></span> <span class='ocrx_word' id='word_1_90' title='bbox 1740 2421 1973 2499; x_wconf 77' lang='lat' dir='ltr'><strong>scriptae</strong></span> <span class='ocrx_word' id='word_1_91' title='bbox 2003 2439 2119 2481; x_wconf 89' lang='lat' dir='ltr'><strong>non</strong></span> <span class='ocrx_word' id='word_1_92' title='bbox 2164 2430 2304 2481; x_wconf 88' lang='lat' dir='ltr'><strong>sunt</strong></span> <span class='ocrx_word' id='word_1_93' title='bbox 2338 2442 2353 2493; x_wconf 86' lang='lat'><strong>;</strong></span> <span class='ocrx_word' id='word_1_94' title='bbox 2388 2422 2595 2481; x_wconf 85' lang='lat' dir='ltr'><strong>tertius</strong></span> <span class='ocrx_word' id='word_1_95' title='bbox 2632 2421 2922 2500; x_wconf 87' lang='lat' dir='ltr'><strong>Vitarum,</strong></span> <span class='ocrx_word' id='word_1_96' title='bbox 2956 2440 3087 2501; x_wconf 67' lang='lat' dir='ltr'><strong>qum</strong></span> <span class='ocrx_word' id='word_1_97' title='bbox 3118 2429 3336 2483; x_wconf 84' lang='lat' dir='ltr'><strong>attenta</strong></span> <span class='ocrx_word' id='word_1_98' title='bbox 3369 2421 3629 2484; x_wconf 89' lang='lat' dir='ltr'><strong>auctori-</strong></span> 
     </span>
    </p>
   </div>
   <div class='ocr_carea' id='block_1_14' title="bbox 262 2509 3630 2589">
    <p class='ocr_par' dir='ltr' id='par_1_14' title="bbox 262 2509 3630 2589">
     <span class='ocr_line' id='line_1_14' title="bbox 262 2509 3630 2589; baseline -0 -17"><span class='ocrx_word' id='word_1_99' title='bbox 262 2519 372 2573; x_wconf 89' lang='lat' dir='ltr'><strong>tate</strong></span> <span class='ocrx_word' id='word_1_100' title='bbox 402 2510 681 2572; x_wconf 87' lang='lat' dir='ltr'><strong>codicum</strong></span> <span class='ocrx_word' id='word_1_101' title='bbox 716 2519 774 2571; x_wconf 90' lang='lat' dir='ltr'><strong>et</strong></span> <span class='ocrx_word' id='word_1_102' title='bbox 803 2510 1177 2573; x_wconf 87' lang='lat' dir='ltr'><strong>considerata</strong></span> <span class='ocrx_word' id='word_1_103' title='bbox 1211 2511 1509 2571; x_wconf 68' lang='lat' dir='ltr'><strong>scribendi</strong></span> <span class='ocrx_word' id='word_1_104' title='bbox 1538 2516 1785 2580; x_wconf 85' lang='lat' dir='ltr'><strong>ratione,</strong></span> <span class='ocrx_word' id='word_1_105' title='bbox 1809 2509 2268 2589; x_wconf 82' lang='lat' dir='ltr'><strong>Metaphrastem</strong></span> <span class='ocrx_word' id='word_1_106' title='bbox 2306 2520 2468 2571; x_wconf 90' lang='lat' dir='ltr'><strong>certo</strong></span> <span class='ocrx_word' id='word_1_107' title='bbox 2501 2516 2804 2570; x_wconf 83' lang='lat' dir='ltr'><strong>auctorem</strong></span> <span class='ocrx_word' id='word_1_108' title='bbox 2837 2509 3075 2573; x_wconf 88' lang='lat' dir='ltr'><strong>habent.</strong></span> <span class='ocrx_word' id='word_1_109' title='bbox 3108 2509 3365 2589; x_wconf 83' lang='lat' dir='ltr'><strong>Catalogi</strong></span> <span class='ocrx_word' id='word_1_110' title='bbox 3399 2511 3479 2571; x_wconf 83' lang='lat' dir='ltr'><strong>illi</strong></span> <span class='ocrx_word' id='word_1_111' title='bbox 3510 2528 3630 2572; x_wconf 90' lang='lat' dir='ltr'><strong>non</strong></span> 
     </span>
    </p>
   </div>
   <div class='ocr_carea' id='block_1_15' title="bbox 262 2596 3628 2671">
    <p class='ocr_par' dir='ltr' id='par_1_15' title="bbox 262 2596 3628 2671">
     <span class='ocr_line' id='line_1_15' title="bbox 262 2596 3628 2671; baseline -0 -11"><span class='ocrx_word' id='word_1_112' title='bbox 262 2600 487 2671; x_wconf 72' lang='lat' dir='ltr'><strong>leviter,</strong></span> <span class='ocrx_word' id='word_1_113' title='bbox 524 2599 634 2659; x_wconf 89' lang='lat' dir='ltr'><strong>sed</strong></span> <span class='ocrx_word' id='word_1_114' title='bbox 684 2609 890 2659; x_wconf 90' lang='lat' dir='ltr'><strong>nature</strong></span> <span class='ocrx_word' id='word_1_115' title='bbox 920 2600 1173 2659; x_wconf 81' lang='lat' dir='ltr'><strong>confecti</strong></span> <span class='ocrx_word' id='word_1_116' title='bbox 1234 2598 1416 2660; x_wconf 84' lang='lat' dir='ltr'><strong>fuisse</strong></span> <span class='ocrx_word' id='word_1_117' title='bbox 1450 2598 1743 2660; x_wconf 84' lang='lat' dir='ltr'><strong>videntur.</strong></span> <span class='ocrx_word' id='word_1_118' title='bbox 1797 2596 2024 2659; x_wconf 88' lang='lat' dir='ltr'><strong>Novum</strong></span> <span class='ocrx_word' id='word_1_119' title='bbox 2079 2598 2409 2659; x_wconf 87' lang='lat' dir='ltr'><strong>subsidium</strong></span> <span class='ocrx_word' id='word_1_120' title='bbox 2464 2598 2523 2658; x_wconf 94' lang='lat' dir='ltr'><strong>in</strong></span> <span class='ocrx_word' id='word_1_121' title='bbox 2556 2597 2971 2658; x_wconf 90' lang='lat' dir='ltr'><strong>discernendis</strong></span> <span class='ocrx_word' id='word_1_122' title='bbox 3024 2598 3173 2659; x_wconf 83' lang='lat' dir='ltr'><strong>\‘itis</strong></span> <span class='ocrx_word' id='word_1_123' title='bbox 3203 2608 3541 2660; x_wconf 87' lang='lat' dir='ltr'><strong>sanctorum</strong></span> <span class='ocrx_word' id='word_1_124' title='bbox 3594 2616 3628 2659; x_wconf 90' lang='lat' dir='ltr'><strong>a</strong></span> 
     </span>
    </p>
   </div>
   <div class='ocr_carea' id='block_1_16' title="bbox 264 2686 3626 2768">
    <p class='ocr_par' dir='ltr' id='par_1_16' title="bbox 264 2686 3626 2768">
     <span class='ocr_line' id='line_1_16' title="bbox 264 2686 3626 2768; baseline -0.001 -17"><span class='ocrx_word' id='word_1_125' title='bbox 264 2688 662 2767; x_wconf 74' lang='lat' dir='ltr'><strong>Metapbraste</strong></span> <span class='ocrx_word' id='word_1_126' title='bbox 708 2694 963 2749; x_wconf 83' lang='lat' dir='ltr'><strong>exaratis</strong></span> <span class='ocrx_word' id='word_1_127' title='bbox 994 2689 1269 2750; x_wconf 81' lang='lat' dir='ltr'><strong>conferre</strong></span> <span class='ocrx_word' id='word_1_128' title='bbox 1304 2698 1546 2768; x_wconf 88' lang='lat' dir='ltr'><strong>possunt</strong></span> <span class='ocrx_word' id='word_1_129' title='bbox 1598 2689 1713 2747; x_wconf 90' lang='lat' dir='ltr'><strong>duo</strong></span> <span class='ocrx_word' id='word_1_130' title='bbox 1746 2687 2020 2765; x_wconf 86' lang='lat' dir='ltr'><strong>catalogi,</strong></span> <span class='ocrx_word' id='word_1_131' title='bbox 2056 2706 2208 2767; x_wconf 88' lang='lat' dir='ltr'><strong>quos</strong></span> <span class='ocrx_word' id='word_1_132' title='bbox 2242 2689 2335 2749; x_wconf 88' lang='lat' dir='ltr'><strong>hic</strong></span> <span class='ocrx_word' id='word_1_133' title='bbox 2398 2686 2778 2767; x_wconf 82' lang='lat' dir='ltr'><strong>subjicimns,</strong></span> <span class='ocrx_word' id='word_1_134' title='bbox 2812 2706 2964 2748; x_wconf 91' lang='lat' dir='ltr'><strong>unus</strong></span> <span class='ocrx_word' id='word_1_135' title='bbox 2997 2706 3175 2768; x_wconf 90' lang='lat' dir='ltr'><strong>quem</strong></span> <span class='ocrx_word' id='word_1_136' title='bbox 3206 2686 3529 2762; x_wconf 84' lang='lat' dir='ltr'><strong>Hanckius,</strong></span> <span class='ocrx_word' id='word_1_137' title='bbox 3564 2688 3626 2749; x_wconf 90' lang='lat' dir='ltr'><strong>in</strong></span> 
     </span>
    </p>
   </div>
   <div class='ocr_carea' id='block_1_17' title="bbox 262 2774 3621 2857">
    <p class='ocr_par' dir='ltr' id='par_1_17' title="bbox 262 2774 3621 2857">
     <span class='ocr_line' id='line_1_17' title="bbox 262 2774 3621 2857; baseline 0 -19"><span class='ocrx_word' id='word_1_138' title='bbox 262 2777 402 2845; x_wconf 89' lang='lat' dir='ltr'><strong>libro</strong></span> <span class='ocrx_word' id='word_1_139' title='bbox 432 2796 541 2837; x_wconf 91' lang='lat' dir='ltr'><strong>suo</strong></span> <span class='ocrx_word' id='word_1_140' title='bbox 595 2778 680 2839; x_wconf 85' lang='lat' dir='ltr'><strong>De</strong></span> <span class='ocrx_word' id='word_1_141' title='bbox 710 2780 1102 2855; x_wconf 73' lang='lat' dir='ltr'><strong>scriptoribus</strong></span> <span class='ocrx_word' id='word_1_142' title='bbox 1160 2777 1539 2857; x_wconf 76' lang='lat' dir='ltr'><strong>Byzantinis,</strong></span> <span class='ocrx_word' id='word_1_143' title='bbox 1574 2794 1785 2854; x_wconf 78' lang='lat' dir='ltr'><strong>magna</strong></span> <span class='ocrx_word' id='word_1_144' title='bbox 1838 2775 2140 2854; x_wconf 80' lang='lat' dir='ltr'><strong>diligentia</strong></span> <span class='ocrx_word' id='word_1_145' title='bbox 2182 2776 2562 2857; x_wconf 87' lang='lat' dir='ltr'><strong>composuit;</strong></span> <span class='ocrx_word' id='word_1_146' title='bbox 2625 2775 2776 2837; x_wconf 85' lang='lat' dir='ltr'><strong>alter</strong></span> <span class='ocrx_word' id='word_1_147' title='bbox 2818 2794 2993 2855; x_wconf 88' lang='lat' dir='ltr'><strong>quem</strong></span> <span class='ocrx_word' id='word_1_148' title='bbox 3029 2776 3236 2841; x_wconf 86' lang='lat' dir='ltr'><strong>Daniel</strong></span> <span class='ocrx_word' id='word_1_149' title='bbox 3269 2778 3356 2841; x_wconf 92' lang='lat' dir='ltr'><strong>De</strong></span> <span class='ocrx_word' id='word_1_150' title='bbox 3412 2774 3621 2839; x_wconf 82' lang='lat' dir='ltr'><strong>Nesse!</strong></span> 
     </span>
    </p>
   </div>
   <div class='ocr_carea' id='block_1_18' title="bbox 263 2862 2609 2946">
    <p class='ocr_par' dir='ltr' id='par_1_18' title="bbox 263 2862 2609 2946">
     <span class='ocr_line' id='line_1_18' title="bbox 263 2862 2609 2946; baseline -0.002 -17"><span class='ocrx_word' id='word_1_151' title='bbox 263 2867 507 2930; x_wconf 82' lang='lat' dir='ltr'><strong>confecit</strong></span> <span class='ocrx_word' id='word_1_152' title='bbox 539 2884 611 2928; x_wconf 78' lang='lat' dir='ltr'><strong>ex</strong></span> <span class='ocrx_word' id='word_1_153' title='bbox 642 2865 952 2929; x_wconf 85' lang='lat' dir='ltr'><strong>codicibus</strong></span> <span class='ocrx_word' id='word_1_154' title='bbox 984 2884 1124 2928; x_wconf 89' lang='lat' dir='ltr'><strong>mss.</strong></span> <span class='ocrx_word' id='word_1_155' title='bbox 1161 2865 1549 2928; x_wconf 59' lang='lat' dir='ltr'><strong>Bibliotheca;</strong></span> <span class='ocrx_word' id='word_1_156' title='bbox 1577 2865 2085 2927; x_wconf 83' lang='lat' dir='ltr'><strong>Vindobonensis.</strong></span> <span class='ocrx_word' id='word_1_157' title='bbox 2120 2862 2227 2927; x_wconf 88' lang='lat' dir='ltr'><strong>Hic</strong></span> <span class='ocrx_word' id='word_1_158' title='bbox 2260 2873 2609 2946; x_wconf 90' lang='lat' dir='ltr'><strong>sequuntur.</strong></span> 
     </span>
    </p>
   </div>
   <div class='ocr_carea' id='block_1_19' title="bbox 1606 3191 2276 3260">
    <p class='ocr_par' dir='ltr' id='par_1_19' title="bbox 1606 3191 2276 3260">
     <span class='ocr_line' id='line_1_19' title="bbox 1606 3191 2276 3260; baseline -0.009 0"><span class='ocrx_word' id='word_1_159' title='bbox 1606 3194 1930 3260; x_wconf 81' lang='lat' dir='ltr'><strong>MABTINI</strong></span> <span class='ocrx_word' id='word_1_160' title='bbox 1970 3191 2276 3259; x_wconf 84' lang='lat' dir='ltr'><strong>HANCKII</strong></span> 
     </span>
    </p>
   </div>
   <div class='ocr_carea' id='block_1_20' title="bbox 953 3334 2936 3423">
    <p class='ocr_par' dir='ltr' id='par_1_20' title="bbox 953 3334 2936 3423">
     <span class='ocr_line' id='line_1_20' title="bbox 953 3334 2936 3423; baseline -0.003 -18"><span class='ocrx_word' id='word_1_161' title='bbox 953 3340 1265 3422; x_wconf 77' lang='lat' dir='ltr'><strong>Catalogus</strong></span> <span class='ocrx_word' id='word_1_162' title='bbox 1306 3342 1572 3404; x_wconf 85' lang='lat' dir='ltr'><strong>Vitarum</strong></span> <span class='ocrx_word' id='word_1_163' title='bbox 1617 3358 1763 3423; x_wconf 89' lang='lat' dir='ltr'><strong>quas</strong></span> <span class='ocrx_word' id='word_1_164' title='bbox 1804 3342 2057 3421; x_wconf 90' lang='lat' dir='ltr'><strong>Symeon</strong></span> <span class='ocrx_word' id='word_1_165' title='bbox 2109 3338 2537 3419; x_wconf 84' lang='lat' dir='ltr'><strong>Metapbrastes</strong></span> <span class='ocrx_word' id='word_1_166' title='bbox 2579 3334 2936 3417; x_wconf 89' lang='lat' dir='ltr'><strong>composuit.</strong></span> 
     </span>
    </p>
   </div>
   <div class='ocr_carea' id='block_1_21' title="bbox 1148 3480 2733 3559">
    <p class='ocr_par' dir='ltr' id='par_1_21' title="bbox 1148 3480 2733 3559">
     <span class='ocr_line' id='line_1_21' title="bbox 1148 3480 2733 3559; baseline -0.003 -17"><span class='ocrx_word' id='word_1_167' title='bbox 1148 3483 1245 3557; x_wconf 74' lang='lat' dir='ltr'><strong>(De</strong></span> <span class='ocrx_word' id='word_1_168' title='bbox 1281 3485 1579 3559; x_wconf 71' lang='lat' dir='ltr'><strong>Byzantia.</strong></span> <span class='ocrx_word' id='word_1_169' title='bbox 1613 3498 1807 3545; x_wconf 76' lang='lat' dir='ltr'><strong>rerum</strong></span> <span class='ocrx_word' id='word_1_170' title='bbox 1843 3482 2096 3556; x_wconf 75' lang='lat' dir='ltr'><strong>scriptor.</strong></span> <span class='ocrx_word' id='word_1_171' title='bbox 2134 3482 2185 3538; x_wconf 89' lang='lat' dir='ltr'><strong>in</strong></span> <span class='ocrx_word' id='word_1_172' title='bbox 2219 3482 2295 3548; x_wconf 71' lang='grc' dir='ltr'><strong>ι’.</strong></span> <span class='ocrx_word' id='word_1_173' title='bbox 2328 3480 2512 3554; x_wconf 64' lang='lat' dir='ltr'><strong>Lipsius</strong></span> <span class='ocrx_word' id='word_1_174' title='bbox 2556 3480 2733 3547; x_wconf 86' lang='lat' dir='ltr'><strong>t677).</strong></span> 
     </span>
    </p>
   </div>
   <div class='ocr_carea' id='block_1_22' title="bbox 346 3798 3630 3887">
    <p class='ocr_par' dir='ltr' id='par_1_22' title="bbox 346 3798 3630 3887">
     <span class='ocr_line' id='line_1_22' title="bbox 346 3798 3630 3887; baseline -0.001 -21"><span class='ocrx_word' id='word_1_175' title='bbox 346 3807 401 3868; x_wconf 82' lang='lat' dir='ltr'><strong>l.</strong></span> <span class='ocrx_word' id='word_1_176' title='bbox 434 3803 705 3867; x_wconf 83' lang='lat' dir='ltr'><strong>Historia</strong></span> <span class='ocrx_word' id='word_1_177' title='bbox 737 3806 812 3867; x_wconf 87' lang='lat' dir='ltr'><strong>de</strong></span> <span class='ocrx_word' id='word_1_178' title='bbox 864 3807 1130 3886; x_wconf 78' lang='lat' dir='ltr'><strong>Martyrii</strong></span> <span class='ocrx_word' id='word_1_179' title='bbox 1164 3815 1225 3871; x_wconf 86' lang='lat' dir='ltr'><strong>et</strong></span> <span class='ocrx_word' id='word_1_180' title='bbox 1252 3807 1539 3872; x_wconf 81' lang='lat' dir='ltr'><strong>Marciani</strong></span> <span class='ocrx_word' id='word_1_181' title='bbox 1570 3808 1848 3887; x_wconf 79' lang='lat' dir='ltr'><strong>martyrio</strong></span> <span class='ocrx_word' id='word_1_182' title='bbox 1882 3826 1963 3873; x_wconf 68' lang='grc' dir='ltr'><strong>ελ</strong></span> <span class='ocrx_word' id='word_1_183' title='bbox 2070 3806 2127 3868; x_wconf 83' lang='lat'><strong>7.</strong></span> <span class='ocrx_word' id='word_1_184' title='bbox 2160 3802 2423 3867; x_wconf 87' lang='lat' dir='ltr'><strong>Historia</strong></span> <span class='ocrx_word' id='word_1_185' title='bbox 2466 3802 2542 3866; x_wconf 91' lang='lat' dir='ltr'><strong>de</strong></span> <span class='ocrx_word' id='word_1_186' title='bbox 2594 3803 2781 3864; x_wconf 84' lang='lat' dir='ltr'><strong>sancti</strong></span> <span class='ocrx_word' id='word_1_187' title='bbox 2831 3799 3037 3864; x_wconf 84' lang='lat' dir='ltr'><strong>Jacobi</strong></span> <span class='ocrx_word' id='word_1_188' title='bbox 3089 3799 3347 3882; x_wconf 83' lang='lat' dir='ltr'><strong>apostoli</strong></span> <span class='ocrx_word' id='word_1_189' title='bbox 3396 3798 3512 3863; x_wconf 84' lang='lat' dir='ltr'><strong>vita</strong></span> <span class='ocrx_word' id='word_1_190' title='bbox 3569 3807 3630 3862; x_wconf 89' lang='lat' dir='ltr'><strong>et</strong></span> 
     </span>
    </p>
   </div>
   <div class='ocr_carea' id='block_1_23' title="bbox 273 3893 2295 3975">
    <p class='ocr_par' dir='ltr' id='par_1_23' title="bbox 273 3893 2295 3975">
     <span class='ocr_line' id='line_1_23' title="bbox 273 3893 2295 3975; baseline 0 -19"><span class='ocrx_word' id='word_1_191' title='bbox 273 3912 515 3974; x_wconf 90' lang='lat' dir='ltr'><strong>quorum</strong></span> <span class='ocrx_word' id='word_1_192' title='bbox 540 3896 649 3957; x_wconf 90' lang='lat' dir='ltr'><strong>ille</strong></span> <span class='ocrx_word' id='word_1_193' title='bbox 670 3895 1201 3969; x_wconf 88' lang='lat' dir='ltr'><strong>subdiaconus,hic</strong></span> <span class='ocrx_word' id='word_1_194' title='bbox 1221 3908 1433 3960; x_wconf 87' lang='lat' dir='ltr'><strong>cantor</strong></span> <span class='ocrx_word' id='word_1_195' title='bbox 1451 3894 1738 3959; x_wconf 66' lang='lat' dir='ltr'><strong>Ecclesiae</strong></span> <span class='ocrx_word' id='word_1_196' title='bbox 1760 3897 1909 3959; x_wconf 83' lang='lat' dir='ltr'><strong>Con-</strong></span> <span class='ocrx_word' id='word_1_197' title='bbox 1993 3893 2295 3975; x_wconf 76' lang='lat' dir='ltr'><strong>martyrio.</strong></span> 
     </span>
    </p>
   </div>
   <div class='ocr_carea' id='block_1_24' title="bbox 274 3985 1906 4069">
    <p class='ocr_par' dir='ltr' id='par_1_24' title="bbox 274 3985 1906 4069">
     <span class='ocr_line' id='line_1_24' title="bbox 274 3985 1906 4069; baseline 0.003 -25"><span class='ocrx_word' id='word_1_198' title='bbox 274 3985 857 4065; x_wconf 68' lang='lat' dir='ltr'><strong>stantinopolitinae;</strong></span> <span class='ocrx_word' id='word_1_199' title='bbox 915 3998 1170 4069; x_wconf 81' lang='lat' dir='ltr'><strong>uterque</strong></span> <span class='ocrx_word' id='word_1_200' title='bbox 1201 3986 1364 4049; x_wconf 88' lang='lat' dir='ltr'><strong>Pauli</strong></span> <span class='ocrx_word' id='word_1_201' title='bbox 1396 3986 1906 4067; x_wconf 86' lang='lat' dir='ltr'><strong>Constantinopo-</strong></span> 
     </span>
    </p>
   </div>
   <div class='ocr_carea' id='block_1_25' title="bbox 276 4071 1906 4157">
    <p class='ocr_par' dir='ltr' id='par_1_25' title="bbox 276 4071 1906 4157">
     <span class='ocr_line' id='line_1_25' title="bbox 276 4071 1906 4157; baseline 0.004 -26"><span class='ocrx_word' id='word_1_202' title='bbox 276 4071 589 4137; x_wconf 87' lang='lat' dir='ltr'><strong>litanorum</strong></span> <span class='ocrx_word' id='word_1_203' title='bbox 627 4077 974 4155; x_wconf 65' lang='lat' dir='ltr'><strong>patriarchas</strong></span> <span class='ocrx_word' id='word_1_204' title='bbox 1004 4079 1271 4139; x_wconf 87' lang='lat' dir='ltr'><strong>notarius</strong></span> <span class='ocrx_word' id='word_1_205' title='bbox 1308 4078 1418 4139; x_wconf 83' lang='lat' dir='ltr'><strong>fuit</strong></span> <span class='ocrx_word' id='word_1_206' title='bbox 1453 4094 1466 4139; x_wconf 91' lang='lat'><strong>:</strong></span> <span class='ocrx_word' id='word_1_207' title='bbox 1509 4087 1766 4157; x_wconf 89' lang='lat' dir='ltr'><strong>uterque</strong></span> <span class='ocrx_word' id='word_1_208' title='bbox 1793 4076 1906 4137; x_wconf 86' lang='lat' dir='ltr'><strong>sub</strong></span> 
     </span>
    </p>
   </div>
   <div class='ocr_carea' id='block_1_26' title="bbox 273 4160 1903 4243">
    <p class='ocr_par' dir='ltr' id='par_1_26' title="bbox 273 4160 1903 4243">
     <span class='ocr_line' id='line_1_26' title="bbox 273 4160 1903 4243; baseline 0.005 -23"><span class='ocrx_word' id='word_1_209' title='bbox 273 4160 629 4243; x_wconf 84' lang='lat' dir='ltr'><strong>imperatore</strong></span> <span class='ocrx_word' id='word_1_210' title='bbox 685 4167 1053 4239; x_wconf 82' lang='lat' dir='ltr'><strong>Constantio,</strong></span> <span class='ocrx_word' id='word_1_211' title='bbox 1103 4167 1476 4230; x_wconf 82' lang='lat' dir='ltr'><strong>Constantini</strong></span> <span class='ocrx_word' id='word_1_212' title='bbox 1533 4166 1724 4243; x_wconf 76' lang='lat' dir='ltr'><strong>Magni</strong></span> <span class='ocrx_word' id='word_1_213' title='bbox 1760 4165 1903 4240; x_wconf 78' lang='lat' dir='ltr'><strong>tilio,</strong></span> 
     </span>
    </p>
   </div>
   <div class='ocr_carea' id='block_1_27' title="bbox 274 4251 1906 4337">
    <p class='ocr_par' dir='ltr' id='par_1_27' title="bbox 274 4251 1906 4337">
     <span class='ocr_line' id='line_1_27' title="bbox 274 4251 1906 4337; baseline 0.002 -25"><span class='ocrx_word' id='word_1_214' title='bbox 274 4251 511 4329; x_wconf 82' lang='lat' dir='ltr'><strong>Ariano,</strong></span> <span class='ocrx_word' id='word_1_215' title='bbox 546 4271 757 4316; x_wconf 82' lang='lat' dir='ltr'><strong>revera</strong></span> <span class='ocrx_word' id='word_1_216' title='bbox 787 4256 1030 4336; x_wconf 87' lang='lat' dir='ltr'><strong>quidem</strong></span> <span class='ocrx_word' id='word_1_217' title='bbox 1064 4266 1307 4337; x_wconf 85' lang='lat' dir='ltr'><strong>propter</strong></span> <span class='ocrx_word' id='word_1_218' title='bbox 1336 4254 1771 4327; x_wconf 79' lang='lat' dir='ltr'><strong>orthodoxiam,</strong></span> <span class='ocrx_word' id='word_1_219' title='bbox 1800 4254 1906 4316; x_wconf 88' lang='lat' dir='ltr'><strong>sed</strong></span> 
     </span>
    </p>
   </div>
   <div class='ocr_carea' id='block_1_28' title="bbox 276 4345 1906 4428">
    <p class='ocr_par' dir='ltr' id='par_1_28' title="bbox 276 4345 1906 4428">
     <span class='ocr_line' id='line_1_28' title="bbox 276 4345 1906 4428; baseline 0.002 -26"><span class='ocrx_word' id='word_1_220' title='bbox 276 4349 464 4406; x_wconf 87' lang='lat' dir='ltr'><strong>tamen</strong></span> <span class='ocrx_word' id='word_1_221' title='bbox 496 4345 818 4407; x_wconf 89' lang='lat' dir='ltr'><strong>criminum</strong></span> <span class='ocrx_word' id='word_1_222' title='bbox 884 4354 1358 4428; x_wconf 87' lang='lat' dir='ltr'><strong>perpetratorum</strong></span> <span class='ocrx_word' id='word_1_223' title='bbox 1390 4347 1616 4427; x_wconf 89' lang='lat' dir='ltr'><strong>specie,</strong></span> <span class='ocrx_word' id='word_1_224' title='bbox 1654 4352 1906 4407; x_wconf 87' lang='lat' dir='ltr'><strong>mortem</strong></span> 
     </span>
    </p>
   </div>
   <div class='ocr_carea' id='block_1_29' title="bbox 280 4430 433 4495">
    <p class='ocr_par' dir='ltr' id='par_1_29' title="bbox 280 4430 433 4495">
     <span class='ocr_line' id='line_1_29' title="bbox 280 4430 433 4495; baseline 0.026 -4"><span class='ocrx_word' id='word_1_225' title='bbox 280 4430 433 4495; x_wconf 90' lang='lat' dir='ltr'><strong>obiit.</strong></span> 
     </span>
    </p>
   </div>
   <div class='ocr_carea' id='block_1_30' title="bbox 350 4522 1908 4608">
    <p class='ocr_par' dir='ltr' id='par_1_30' title="bbox 350 4522 1908 4608">
     <span class='ocr_line' id='line_1_30' title="bbox 350 4522 1908 4608; baseline 0 -24"><span class='ocrx_word' id='word_1_226' title='bbox 350 4523 408 4584; x_wconf 70' lang='lat'><strong>2.</strong></span> <span class='ocrx_word' id='word_1_227' title='bbox 443 4522 705 4587; x_wconf 84' lang='lat' dir='ltr'><strong>Historia</strong></span> <span class='ocrx_word' id='word_1_228' title='bbox 726 4525 1061 4589; x_wconf 77' lang='lat' dir='ltr'><strong>deloannis</strong></span> <span class='ocrx_word' id='word_1_229' title='bbox 1090 4526 1517 4608; x_wconf 84' lang='lat' dir='ltr'><strong>Chrysostomi,</strong></span> <span class='ocrx_word' id='word_1_230' title='bbox 1552 4523 1908 4589; x_wconf 87' lang='lat' dir='ltr'><strong>Antiocheni</strong></span> 
     </span>
    </p>
   </div>
   <div class='ocr_carea' id='block_1_31' title="bbox 281 4611 1907 4697">
    <p class='ocr_par' dir='ltr' id='par_1_31' title="bbox 281 4611 1907 4697">
     <span class='ocr_line' id='line_1_31' title="bbox 281 4611 1907 4697; baseline 0.001 -24"><span class='ocrx_word' id='word_1_231' title='bbox 281 4611 424 4692; x_wconf 88' lang='lat' dir='ltr'><strong>Syri,</strong></span> <span class='ocrx_word' id='word_1_232' title='bbox 456 4614 1251 4697; x_wconf 84' lang='lat' dir='ltr'><strong>Constantinopolitanorum</strong></span> <span class='ocrx_word' id='word_1_233' title='bbox 1276 4616 1625 4696; x_wconf 69' lang='lat' dir='ltr'><strong>patriarchae</strong></span> <span class='ocrx_word' id='word_1_234' title='bbox 1639 4615 1907 4677; x_wconf 80' lang='lat' dir='ltr'><strong>vita.Re-</strong></span> 
     </span>
    </p>
   </div>
   <div class='ocr_carea' id='block_1_32' title="bbox 283 4698 1907 4785">
    <p class='ocr_par' dir='ltr' id='par_1_32' title="bbox 283 4698 1907 4785">
     <span class='ocr_line' id='line_1_32' title="bbox 283 4698 1907 4785; baseline 0.002 -22"><span class='ocrx_word' id='word_1_235' title='bbox 283 4698 384 4764; x_wconf 87' lang='lat' dir='ltr'><strong>bus</strong></span> <span class='ocrx_word' id='word_1_236' title='bbox 412 4717 551 4768; x_wconf 85' lang='lat' dir='ltr'><strong>ante</strong></span> <span class='ocrx_word' id='word_1_237' title='bbox 610 4705 1073 4785; x_wconf 89' lang='lat' dir='ltr'><strong>patriarcbatum</strong></span> <span class='ocrx_word' id='word_1_238' title='bbox 1134 4706 1209 4768; x_wconf 89' lang='lat' dir='ltr'><strong>ab</strong></span> <span class='ocrx_word' id='word_1_239' title='bbox 1265 4715 1422 4783; x_wconf 90' lang='lat' dir='ltr'><strong>ortu,</strong></span> <span class='ocrx_word' id='word_1_240' title='bbox 1455 4705 1697 4768; x_wconf 90' lang='lat' dir='ltr'><strong>circiter</strong></span> <span class='ocrx_word' id='word_1_241' title='bbox 1730 4703 1801 4767; x_wconf 83' lang='grc' dir='ltr'><strong>Δ.</strong></span> <span class='ocrx_word' id='word_1_242' title='bbox 1840 4704 1907 4767; x_wconf 90' lang='lat' dir='ltr'><strong>C.</strong></span> 
     </span>
    </p>
   </div>
   <div class='ocr_carea' id='block_1_33' title="bbox 287 4788 1910 4877">
    <p class='ocr_par' dir='ltr' id='par_1_33' title="bbox 287 4788 1910 4877">
     <span class='ocr_line' id='line_1_33' title="bbox 287 4788 1910 4877; baseline 0.002 -24"><span class='ocrx_word' id='word_1_243' title='bbox 287 4788 417 4873; x_wconf 78' lang='lat'><strong>355,</strong></span> <span class='ocrx_word' id='word_1_244' title='bbox 444 4795 768 4875; x_wconf 51' lang='lat' dir='ltr'><strong>pramissis</strong></span> <span class='ocrx_word' id='word_1_245' title='bbox 791 4812 809 4871; x_wconf 89' lang='lat'><strong>;</strong></span> <span class='ocrx_word' id='word_1_246' title='bbox 834 4794 1043 4877; x_wconf 89' lang='lat' dir='ltr'><strong>incipit</strong></span> <span class='ocrx_word' id='word_1_247' title='bbox 1065 4815 1097 4859; x_wconf 90' lang='lat' dir='ltr'><strong>a</strong></span> <span class='ocrx_word' id='word_1_248' title='bbox 1119 4796 1519 4876; x_wconf 88' lang='lat' dir='ltr'><strong>Cbrysostomi</strong></span> <span class='ocrx_word' id='word_1_249' title='bbox 1548 4792 1910 4875; x_wconf 88' lang='lat' dir='ltr'><strong>patriarcha-</strong></span> 
     </span>
    </p>
   </div>
   <div class='ocr_carea' id='block_1_34' title="bbox 289 4883 1905 4967">
    <p class='ocr_par' dir='ltr' id='par_1_34' title="bbox 289 4883 1905 4967">
     <span class='ocr_line' id='line_1_34' title="bbox 289 4883 1905 4967; baseline 0 -21"><span class='ocrx_word' id='word_1_250' title='bbox 289 4888 366 4967; x_wconf 76' lang='lat' dir='ltr'><strong>tu,</strong></span> <span class='ocrx_word' id='word_1_251' title='bbox 397 4888 464 4946; x_wconf 83' lang='lat' dir='ltr'><strong>A.</strong></span> <span class='ocrx_word' id='word_1_252' title='bbox 491 4886 553 4948; x_wconf 86' lang='lat' dir='ltr'><strong>C.</strong></span> <span class='ocrx_word' id='word_1_253' title='bbox 610 4885 771 4962; x_wconf 88' lang='lat'><strong>398;</strong></span> <span class='ocrx_word' id='word_1_254' title='bbox 795 4885 1016 4948; x_wconf 86' lang='lat' dir='ltr'><strong>desinit</strong></span> <span class='ocrx_word' id='word_1_255' title='bbox 1040 4885 1101 4947; x_wconf 90' lang='lat' dir='ltr'><strong>in</strong></span> <span class='ocrx_word' id='word_1_256' title='bbox 1132 4886 1536 4967; x_wconf 85' lang='lat' dir='ltr'><strong>Cbrysostomi</strong></span> <span class='ocrx_word' id='word_1_257' title='bbox 1570 4884 1799 4960; x_wconf 82' lang='lat' dir='ltr'><strong>exsilio,</strong></span> <span class='ocrx_word' id='word_1_258' title='bbox 1834 4883 1905 4946; x_wconf 86' lang='lat' dir='ltr'><strong>A.</strong></span> 
     </span>
    </p>
   </div>
   <div class='ocr_carea' id='block_1_35' title="bbox 291 4966 1866 5054">
    <p class='ocr_par' dir='ltr' id='par_1_35' title="bbox 291 4966 1866 5054">
     <span class='ocr_line' id='line_1_35' title="bbox 291 4966 1866 5054; baseline 0.005 -25"><span class='ocrx_word' id='word_1_259' title='bbox 291 4966 347 5030; x_wconf 87' lang='lat' dir='ltr'><strong>C.</strong></span> <span class='ocrx_word' id='word_1_260' title='bbox 377 4971 491 5035; x_wconf 77' lang='lat'><strong>403</strong></span> <span class='ocrx_word' id='word_1_261' title='bbox 518 4994 536 5047; x_wconf 87' lang='lat'><strong>;</strong></span> <span class='ocrx_word' id='word_1_262' title='bbox 559 4973 739 5037; x_wconf 88' lang='lat' dir='ltr'><strong>rebus</strong></span> <span class='ocrx_word' id='word_1_263' title='bbox 770 4974 1103 5054; x_wconf 87' lang='lat' dir='ltr'><strong>subjunctis</strong></span> <span class='ocrx_word' id='word_1_264' title='bbox 1131 4977 1202 5037; x_wconf 90' lang='lat' dir='ltr'><strong>ad</strong></span> <span class='ocrx_word' id='word_1_265' title='bbox 1232 4966 1487 5045; x_wconf 88' lang='lat' dir='ltr'><strong>obitum.</strong></span> <span class='ocrx_word' id='word_1_266' title='bbox 1519 4977 1589 5037; x_wconf 86' lang='lat' dir='ltr'><strong>A.</strong></span> <span class='ocrx_word' id='word_1_267' title='bbox 1624 4976 1689 5038; x_wconf 90' lang='lat' dir='ltr'><strong>C.</strong></span> <span class='ocrx_word' id='word_1_268' title='bbox 1722 4973 1866 5037; x_wconf 76' lang='lat'><strong>407.</strong></span> 
     </span>
    </p>
   </div>
   <div class='ocr_carea' id='block_1_36' title="bbox 361 5060 1912 5146">
    <p class='ocr_par' dir='ltr' id='par_1_36' title="bbox 361 5060 1912 5146">
     <span class='ocr_line' id='line_1_36' title="bbox 361 5060 1912 5146; baseline 0.001 -24"><span class='ocrx_word' id='word_1_269' title='bbox 361 5060 416 5122; x_wconf 87' lang='lat'><strong>3.</strong></span> <span class='ocrx_word' id='word_1_270' title='bbox 449 5061 705 5125; x_wconf 88' lang='lat' dir='ltr'><strong>Historia</strong></span> <span class='ocrx_word' id='word_1_271' title='bbox 734 5064 811 5125; x_wconf 90' lang='lat' dir='ltr'><strong>de</strong></span> <span class='ocrx_word' id='word_1_272' title='bbox 842 5065 1034 5127; x_wconf 88' lang='lat' dir='ltr'><strong>sancti</strong></span> <span class='ocrx_word' id='word_1_273' title='bbox 1061 5063 1317 5127; x_wconf 76' lang='lat' dir='ltr'><strong>Matthzei</strong></span> <span class='ocrx_word' id='word_1_274' title='bbox 1364 5063 1614 5146; x_wconf 88' lang='lat' dir='ltr'><strong>apostoli</strong></span> <span class='ocrx_word' id='word_1_275' title='bbox 1647 5072 1707 5127; x_wconf 89' lang='lat' dir='ltr'><strong>et</strong></span> <span class='ocrx_word' id='word_1_276' title='bbox 1741 5079 1912 5124; x_wconf 82' lang='lat' dir='ltr'><strong>evan-</strong></span> 
     </span>
    </p>
   </div>
   <div class='ocr_carea' id='block_1_37' title="bbox 293 5148 1059 5234">
    <p class='ocr_par' dir='ltr' id='par_1_37' title="bbox 293 5148 1059 5234">
     <span class='ocr_line' id='line_1_37' title="bbox 293 5148 1059 5234; baseline 0.012 -25"><span class='ocrx_word' id='word_1_277' title='bbox 293 5148 499 5226; x_wconf 71' lang='lat' dir='ltr'><strong>gelistai</strong></span> <span class='ocrx_word' id='word_1_278' title='bbox 530 5154 649 5214; x_wconf 86' lang='lat' dir='ltr'><strong>vita</strong></span> <span class='ocrx_word' id='word_1_279' title='bbox 675 5164 732 5215; x_wconf 85' lang='lat' dir='ltr'><strong>et</strong></span> <span class='ocrx_word' id='word_1_280' title='bbox 759 5154 1059 5234; x_wconf 75' lang='lat' dir='ltr'><strong>martyrio.</strong></span> 
     </span>
    </p>
   </div>
   <div class='ocr_carea' id='block_1_38' title="bbox 2070 3978 3626 4061">
    <p class='ocr_par' dir='ltr' id='par_1_38' title="bbox 2070 3978 3626 4061">
     <span class='ocr_line' id='line_1_38' title="bbox 2070 3978 3626 4061; baseline -0.006 -14"><span class='ocrx_word' id='word_1_281' title='bbox 2070 3984 2127 4047; x_wconf 91' lang='lat'><strong>8.</strong></span> <span class='ocrx_word' id='word_1_282' title='bbox 2162 3982 2423 4046; x_wconf 86' lang='lat' dir='ltr'><strong>Historia</strong></span> <span class='ocrx_word' id='word_1_283' title='bbox 2452 3980 2526 4045; x_wconf 90' lang='lat' dir='ltr'><strong>de</strong></span> <span class='ocrx_word' id='word_1_284' title='bbox 2556 3980 2746 4044; x_wconf 88' lang='lat' dir='ltr'><strong>sancti</strong></span> <span class='ocrx_word' id='word_1_285' title='bbox 2775 3980 3018 4043; x_wconf 60' lang='lat' dir='ltr'><strong>Thomas</strong></span> <span class='ocrx_word' id='word_1_286' title='bbox 3075 3978 3330 4061; x_wconf 86' lang='lat' dir='ltr'><strong>apostoli</strong></span> <span class='ocrx_word' id='word_1_287' title='bbox 3386 3978 3507 4041; x_wconf 84' lang='lat' dir='ltr'><strong>vita</strong></span> <span class='ocrx_word' id='word_1_288' title='bbox 3563 3984 3626 4040; x_wconf 87' lang='lat' dir='ltr'><strong>et</strong></span> 
     </span>
    </p>
   </div>
   <div class='ocr_carea' id='block_1_39' title="bbox 1992 4090 2297 4138">
    <p class='ocr_par' dir='ltr' id='par_1_39' title="bbox 1992 4090 2297 4138">
     <span class='ocr_line' id='line_1_39' title="bbox 1992 4090 2297 4138; baseline 0.007 -2"><span class='ocrx_word' id='word_1_289' title='bbox 1992 4090 2297 4138; x_wconf 71' lang='lat' dir='ltr'><strong>mII&#39;WI&#39;lO.</strong></span> 
     </span>
    </p>
   </div>
   <div class='ocr_carea' id='block_1_40' title="bbox 2069 4093 3631 4241">
    <p class='ocr_par' dir='ltr' id='par_1_40' title="bbox 2069 4093 3631 4241">
     <span class='ocr_line' id='line_1_40' title="bbox 2069 4093 3631 4241; baseline -0.005 -14"><span class='ocrx_word' id='word_1_290' title='bbox 2069 4093 2413 4227; x_wconf 38' lang='lat' dir='ltr'><strong>Egisti-mia</strong></span> <span class='ocrx_word' id='word_1_291' title='bbox 2429 4162 2503 4223; x_wconf 93' lang='lat' dir='ltr'><strong>de</strong></span> <span class='ocrx_word' id='word_1_292' title='bbox 2528 4158 3124 4241; x_wconf 87' lang='lat' dir='ltr'><strong>Sabbatii,Trophimi</strong></span> <span class='ocrx_word' id='word_1_293' title='bbox 3149 4166 3208 4222; x_wconf 90' lang='lat' dir='ltr'><strong>et</strong></span> <span class='ocrx_word' id='word_1_294' title='bbox 3228 4156 3631 4240; x_wconf 84' lang='lat' dir='ltr'><strong>Dorymedon-</strong></span> 
     </span>
    </p>
   </div>
   <div class='ocr_carea' id='block_1_41' title="bbox 1993 4247 3630 4333">
    <p class='ocr_par' dir='ltr' id='par_1_41' title="bbox 1993 4247 3630 4333">
     <span class='ocr_line' id='line_1_41' title="bbox 1993 4247 3630 4333; baseline -0.001 -20"><span class='ocrx_word' id='word_1_295' title='bbox 1993 4254 2069 4315; x_wconf 92' lang='lat' dir='ltr'><strong>tis</strong></span> <span class='ocrx_word' id='word_1_296' title='bbox 2117 4252 2412 4333; x_wconf 79' lang='lat' dir='ltr'><strong>martyrio,</strong></span> <span class='ocrx_word' id='word_1_297' title='bbox 2446 4250 2603 4332; x_wconf 88' lang='lat' dir='ltr'><strong>quod</strong></span> <span class='ocrx_word' id='word_1_298' title='bbox 2628 4247 2941 4311; x_wconf 86' lang='lat' dir='ltr'><strong>Sabbatius</strong></span> <span class='ocrx_word' id='word_1_299' title='bbox 2958 4249 3113 4331; x_wconf 90' lang='lat' dir='ltr'><strong>apud</strong></span> <span class='ocrx_word' id='word_1_300' title='bbox 3137 4249 3538 4311; x_wconf 79' lang='lat' dir='ltr'><strong>Antiochenos</strong></span> <span class='ocrx_word' id='word_1_301' title='bbox 3567 4247 3630 4311; x_wconf 89' lang='lat' dir='ltr'><strong>in</strong></span> 
     </span>
    </p>
   </div>
   <div class='ocr_carea' id='block_1_42' title="bbox 1992 4337 3632 4423">
    <p class='ocr_par' dir='ltr' id='par_1_42' title="bbox 1992 4337 3632 4423">
     <span class='ocr_line' id='line_1_42' title="bbox 1992 4337 3632 4423; baseline -0.004 -18"><span class='ocrx_word' id='word_1_302' title='bbox 1992 4341 2182 4423; x_wconf 83' lang='lat' dir='ltr'><strong>Syria,</strong></span> <span class='ocrx_word' id='word_1_303' title='bbox 2214 4340 2579 4421; x_wconf 82' lang='lat' dir='ltr'><strong>Trophimus</strong></span> <span class='ocrx_word' id='word_1_304' title='bbox 2607 4347 2665 4401; x_wconf 90' lang='lat' dir='ltr'><strong>et</strong></span> <span class='ocrx_word' id='word_1_305' title='bbox 2690 4338 3067 4419; x_wconf 89' lang='lat' dir='ltr'><strong>Dorymedon</strong></span> <span class='ocrx_word' id='word_1_306' title='bbox 3098 4338 3252 4420; x_wconf 83' lang='lat' dir='ltr'><strong>apud</strong></span> <span class='ocrx_word' id='word_1_307' title='bbox 3286 4337 3632 4419; x_wconf 82' lang='lat' dir='ltr'><strong>Synadenos</strong></span> 
     </span>
    </p>
   </div>
   <div class='ocr_carea' id='block_1_43' title="bbox 1994 4427 3478 4512">
    <p class='ocr_par' dir='ltr' id='par_1_43' title="bbox 1994 4427 3478 4512">
     <span class='ocr_line' id='line_1_43' title="bbox 1994 4427 3478 4512; baseline -0.002 -20"><span class='ocrx_word' id='word_1_308' title='bbox 1994 4440 2053 4494; x_wconf 93' lang='lat' dir='ltr'><strong>tn</strong></span> <span class='ocrx_word' id='word_1_309' title='bbox 2085 4431 2336 4512; x_wconf 69' lang='lat' dir='ltr'><strong>Phrygia</strong></span> <span class='ocrx_word' id='word_1_310' title='bbox 2365 4432 2476 4493; x_wconf 87' lang='lat' dir='ltr'><strong>sub</strong></span> <span class='ocrx_word' id='word_1_311' title='bbox 2506 4431 2866 4508; x_wconf 89' lang='lat' dir='ltr'><strong>imperatore</strong></span> <span class='ocrx_word' id='word_1_312' title='bbox 2899 4427 3090 4491; x_wconf 90' lang='lat' dir='ltr'><strong>Probo</strong></span> <span class='ocrx_word' id='word_1_313' title='bbox 3140 4427 3478 4490; x_wconf 89' lang='lat' dir='ltr'><strong>subierunt.</strong></span> 
     </span>
    </p>
   </div>
   <div class='ocr_carea' id='block_1_44' title="bbox 2071 4516 3630 4598">
    <p class='ocr_par' dir='ltr' id='par_1_44' title="bbox 2071 4516 3630 4598">
     <span class='ocr_line' id='line_1_44' title="bbox 2071 4516 3630 4598; baseline -0.003 -16"><span class='ocrx_word' id='word_1_314' title='bbox 2071 4522 2170 4583; x_wconf 80' lang='grc'><strong>10.</strong></span> <span class='ocrx_word' id='word_1_315' title='bbox 2202 4520 2462 4582; x_wconf 86' lang='lat' dir='ltr'><strong>Historia</strong></span> <span class='ocrx_word' id='word_1_316' title='bbox 2486 4520 2561 4582; x_wconf 87' lang='lat' dir='ltr'><strong>de</strong></span> <span class='ocrx_word' id='word_1_317' title='bbox 2588 4516 2844 4598; x_wconf 82' lang='lat' dir='ltr'><strong>Thyrsii,</strong></span> <span class='ocrx_word' id='word_1_318' title='bbox 2869 4518 3097 4597; x_wconf 88' lang='lat' dir='ltr'><strong>Leucii,</strong></span> <span class='ocrx_word' id='word_1_319' title='bbox 3126 4516 3515 4591; x_wconf 88' lang='lat' dir='ltr'><strong>Philemonis,</strong></span> <span class='ocrx_word' id='word_1_320' title='bbox 3543 4516 3630 4578; x_wconf 79' lang='lat' dir='ltr'><strong>A-</strong></span> 
     </span>
    </p>
   </div>
   <div class='ocr_carea' id='block_1_45' title="bbox 1994 4604 3635 4691">
    <p class='ocr_par' dir='ltr' id='par_1_45' title="bbox 1994 4604 3635 4691">
     <span class='ocr_line' id='line_1_45' title="bbox 1994 4604 3635 4691; baseline -0.002 -19"><span class='ocrx_word' id='word_1_321' title='bbox 1994 4609 2235 4691; x_wconf 90' lang='lat' dir='ltr'><strong>pollonii</strong></span> <span class='ocrx_word' id='word_1_322' title='bbox 2287 4617 2345 4672; x_wconf 92' lang='lat' dir='ltr'><strong>et</strong></span> <span class='ocrx_word' id='word_1_323' title='bbox 2395 4609 2693 4670; x_wconf 84' lang='lat' dir='ltr'><strong>sociorum</strong></span> <span class='ocrx_word' id='word_1_324' title='bbox 2746 4605 3045 4685; x_wconf 86' lang='lat' dir='ltr'><strong>martyrio,</strong></span> <span class='ocrx_word' id='word_1_325' title='bbox 3080 4605 3331 4682; x_wconf 88' lang='lat' dir='ltr'><strong>quodin</strong></span> <span class='ocrx_word' id='word_1_326' title='bbox 3364 4604 3635 4686; x_wconf 82' lang='lat' dir='ltr'><strong>Bithynia</strong></span> 
     </span>
    </p>
   </div>
   <div class='ocr_carea' id='block_1_46' title="bbox 1992 4696 3177 4779">
    <p class='ocr_par' dir='ltr' id='par_1_46' title="bbox 1992 4696 3177 4779">
     <span class='ocr_line' id='line_1_46' title="bbox 1992 4696 3177 4779; baseline -0.006 -17"><span class='ocrx_word' id='word_1_327' title='bbox 1992 4700 2105 4764; x_wconf 88' lang='lat' dir='ltr'><strong>sub</strong></span> <span class='ocrx_word' id='word_1_328' title='bbox 2136 4703 2496 4779; x_wconf 90' lang='lat' dir='ltr'><strong>imperatore</strong></span> <span class='ocrx_word' id='word_1_329' title='bbox 2529 4698 2710 4759; x_wconf 91' lang='lat' dir='ltr'><strong>Decio</strong></span> <span class='ocrx_word' id='word_1_330' title='bbox 2742 4696 3177 4756; x_wconf 84' lang='lat' dir='ltr'><strong>sustinuerunt.</strong></span> 
     </span>
    </p>
   </div>
   <div class='ocr_carea' id='block_1_47' title="bbox 2074 4783 3634 4865">
    <p class='ocr_par' dir='ltr' id='par_1_47' title="bbox 2074 4783 3634 4865">
     <span class='ocr_line' id='line_1_47' title="bbox 2074 4783 3634 4865; baseline -0.002 -15"><span class='ocrx_word' id='word_1_331' title='bbox 2074 4790 2170 4850; x_wconf 80' lang='grc'><strong>11.</strong></span> <span class='ocrx_word' id='word_1_332' title='bbox 2205 4786 2462 4850; x_wconf 88' lang='lat' dir='ltr'><strong>Historia</strong></span> <span class='ocrx_word' id='word_1_333' title='bbox 2491 4788 2566 4848; x_wconf 89' lang='lat' dir='ltr'><strong>de</strong></span> <span class='ocrx_word' id='word_1_334' title='bbox 2588 4783 3634 4865; x_wconf 74' lang='lat' dir='ltr'><strong>Menedorze,Metrodorte,Nympho-</strong></span> 
     </span>
    </p>
   </div>
   <div class='ocr_carea' id='block_1_48' title="bbox 1992 4874 3637 4956">
    <p class='ocr_par' dir='ltr' id='par_1_48' title="bbox 1992 4874 3637 4956">
     <span class='ocr_line' id='line_1_48' title="bbox 1992 4874 3637 4956; baseline -0.003 -15"><span class='ocrx_word' id='word_1_335' title='bbox 1992 4879 2154 4941; x_wconf 67' lang='grc' dir='ltr'><strong>ἀοι-ω</strong></span> <span class='ocrx_word' id='word_1_336' title='bbox 2183 4877 2477 4956; x_wconf 76' lang='lat' dir='ltr'><strong>virginum</strong></span> <span class='ocrx_word' id='word_1_337' title='bbox 2512 4878 2893 4955; x_wconf 86' lang='lat' dir='ltr'><strong>Bithynarum</strong></span> <span class='ocrx_word' id='word_1_338' title='bbox 2951 4875 3251 4954; x_wconf 87' lang='lat' dir='ltr'><strong>martyrio,</strong></span> <span class='ocrx_word' id='word_1_339' title='bbox 3304 4874 3466 4951; x_wconf 87' lang='lat' dir='ltr'><strong>quod</strong></span> <span class='ocrx_word' id='word_1_340' title='bbox 3523 4875 3637 4937; x_wconf 87' lang='lat' dir='ltr'><strong>sub</strong></span> 
     </span>
    </p>
   </div>
   <div class='ocr_carea' id='block_1_49' title="bbox 1991 4964 3070 5050">
    <p class='ocr_par' dir='ltr' id='par_1_49' title="bbox 1991 4964 3070 5050">
     <span class='ocr_line' id='line_1_49' title="bbox 1991 4964 3070 5050; baseline -0.002 -19"><span class='ocrx_word' id='word_1_341' title='bbox 1991 4970 2351 5050; x_wconf 86' lang='lat' dir='ltr'><strong>imperatore</strong></span> <span class='ocrx_word' id='word_1_342' title='bbox 2382 4967 2703 5030; x_wconf 85' lang='lat' dir='ltr'><strong>Maximino</strong></span> <span class='ocrx_word' id='word_1_343' title='bbox 2735 4964 3070 5029; x_wconf 87' lang='lat' dir='ltr'><strong>subierunt.</strong></span> 
     </span>
    </p>
   </div>
   <div class='ocr_carea' id='block_1_50' title="bbox 2077 5053 3639 5134">
    <p class='ocr_par' dir='ltr' id='par_1_50' title="bbox 2077 5053 3639 5134">
     <span class='ocr_line' id='line_1_50' title="bbox 2077 5053 3639 5134; baseline -0.006 -15"><span class='ocrx_word' id='word_1_344' title='bbox 2077 5058 2176 5122; x_wconf 69' lang='grc'><strong>12.</strong></span> <span class='ocrx_word' id='word_1_345' title='bbox 2212 5056 2470 5119; x_wconf 89' lang='lat' dir='ltr'><strong>Historia</strong></span> <span class='ocrx_word' id='word_1_346' title='bbox 2498 5056 2571 5117; x_wconf 94' lang='lat' dir='ltr'><strong>de</strong></span> <span class='ocrx_word' id='word_1_347' title='bbox 2603 5054 2895 5119; x_wconf 84' lang='lat' dir='ltr'><strong>Joannicii</strong></span> <span class='ocrx_word' id='word_1_348' title='bbox 2922 5054 3159 5117; x_wconf 87' lang='lat' dir='ltr'><strong>abbatis</strong></span> <span class='ocrx_word' id='word_1_349' title='bbox 3188 5054 3441 5134; x_wconf 88' lang='lat' dir='ltr'><strong>vita,qui</strong></span> <span class='ocrx_word' id='word_1_350' title='bbox 3463 5053 3524 5114; x_wconf 94' lang='lat' dir='ltr'><strong>in</strong></span> <span class='ocrx_word' id='word_1_351' title='bbox 3548 5055 3639 5114; x_wconf 83' lang='lat' dir='ltr'><strong>Bi-</strong></span> 
     </span>
    </p>
   </div>
   <div class='ocr_carea' id='block_1_51' title="bbox 1937 5134 3639 5241">
    <p class='ocr_par' dir='ltr' id='par_1_51' title="bbox 1937 5134 3639 5241">
     <span class='ocr_line' id='line_1_51' title="bbox 1937 5134 3639 5241; baseline -0.007 -29"><span class='ocrx_word' id='word_1_352' title='bbox 1937 5149 2212 5241; x_wconf 69' lang='lat' dir='ltr'><strong>Dthynia:</strong></span> <span class='ocrx_word' id='word_1_353' title='bbox 2242 5149 2372 5209; x_wconf 89' lang='lat' dir='ltr'><strong>vico</strong></span> <span class='ocrx_word' id='word_1_354' title='bbox 2402 5145 2882 5241; x_wconf 75' lang='lat' dir='ltr'><strong>Marycato,anno</strong></span> <span class='ocrx_word' id='word_1_355' title='bbox 2916 5149 3290 5224; x_wconf 87' lang='lat' dir='ltr'><strong>imperatoris</strong></span> <span class='ocrx_word' id='word_1_356' title='bbox 3324 5142 3535 5241; x_wconf 72' lang='lat' dir='ltr'><strong>leonis</strong></span> 
     </span>
    </p>
   </div>
   <div class='ocr_carea' id='block_1_52' title="bbox 364 5228 3637 5326">
    <p class='ocr_par' dir='ltr' id='par_1_52' title="bbox 364 5228 3637 5326">
     <span class='ocr_line' id='line_1_52' title="bbox 364 5228 3637 5326; baseline -0.004 -24"><span class='ocrx_word' id='word_1_357' title='bbox 364 5242 422 5302; x_wconf 77' lang='grc'><strong>4.</strong></span> <span class='ocrx_word' id='word_1_358' title='bbox 454 5239 714 5306; x_wconf 85' lang='lat' dir='ltr'><strong>Historia</strong></span> <span class='ocrx_word' id='word_1_359' title='bbox 746 5243 822 5307; x_wconf 86' lang='lat' dir='ltr'><strong>de</strong></span> <span class='ocrx_word' id='word_1_360' title='bbox 850 5228 1041 5306; x_wconf 74' lang='lat' dir='ltr'><strong>sancti</strong></span> <span class='ocrx_word' id='word_1_361' title='bbox 1076 5243 1248 5307; x_wconf 62' lang='lat' dir='ltr'><strong>Luca;</strong></span> <span class='ocrx_word' id='word_1_362' title='bbox 1276 5244 1527 5326; x_wconf 89' lang='lat' dir='ltr'><strong>apostoli</strong></span> <span class='ocrx_word' id='word_1_363' title='bbox 1560 5249 1617 5305; x_wconf 90' lang='lat' dir='ltr'><strong>et</strong></span> <span class='ocrx_word' id='word_1_364' title='bbox 1647 5258 1911 5320; x_wconf 79' lang='lat' dir='ltr'><strong>evange-</strong></span> <span class='ocrx_word' id='word_1_365' title='bbox 1938 5228 1975 5241; x_wconf 61' lang='grc' dir='ltr'><em>ν</em></span> <span class='ocrx_word' id='word_1_366' title='bbox 2002 5228 2127 5321; x_wconf 85' lang='lat' dir='ltr'><strong>(qui</strong></span> <span class='ocrx_word' id='word_1_367' title='bbox 2157 5237 2607 5326; x_wconf 82' lang='lat' dir='ltr'><strong>Constantinum</strong></span> <span class='ocrx_word' id='word_1_368' title='bbox 2642 5235 3076 5326; x_wconf 84' lang='lat' dir='ltr'><strong>Coprouymum</strong></span> <span class='ocrx_word' id='word_1_369' title='bbox 3129 5243 3353 5313; x_wconf 89' lang='lat' dir='ltr'><strong>patrem</strong></span> <span class='ocrx_word' id='word_1_370' title='bbox 3409 5228 3637 5326; x_wconf 76' lang='lat' dir='ltr'><strong>habuit)</strong></span> 
     </span>
    </p>
   </div>
   <div class='ocr_carea' id='block_1_53' title="bbox 298 5325 995 5412">
    <p class='ocr_par' dir='ltr' id='par_1_53' title="bbox 298 5325 995 5412">
     <span class='ocr_line' id='line_1_53' title="bbox 298 5325 995 5412; baseline 0.019 -27"><span class='ocrx_word' id='word_1_371' title='bbox 298 5325 431 5391; x_wconf 74' lang='lat' dir='ltr'><strong>listte</strong></span> <span class='ocrx_word' id='word_1_372' title='bbox 456 5334 568 5393; x_wconf 90' lang='lat' dir='ltr'><strong>vita</strong></span> <span class='ocrx_word' id='word_1_373' title='bbox 596 5341 655 5393; x_wconf 82' lang='lat' dir='ltr'><strong>et</strong></span> <span class='ocrx_word' id='word_1_374' title='bbox 684 5334 995 5412; x_wconf 80' lang='lat' dir='ltr'><strong>martyrio.</strong></span> 
     </span>
    </p>
   </div>
   <div class='ocr_carea' id='block_1_54' title="bbox 366 5418 1912 5504">
    <p class='ocr_par' dir='ltr' id='par_1_54' title="bbox 366 5418 1912 5504">
     <span class='ocr_line' id='line_1_54' title="bbox 366 5418 1912 5504; baseline 0.003 -26"><span class='ocrx_word' id='word_1_375' title='bbox 366 5418 421 5479; x_wconf 83' lang='grc'><strong>5.</strong></span> <span class='ocrx_word' id='word_1_376' title='bbox 454 5418 711 5485; x_wconf 88' lang='lat' dir='ltr'><strong>Historia</strong></span> <span class='ocrx_word' id='word_1_377' title='bbox 740 5423 814 5485; x_wconf 87' lang='lat' dir='ltr'><strong>de</strong></span> <span class='ocrx_word' id='word_1_378' title='bbox 846 5423 1035 5485; x_wconf 88' lang='lat' dir='ltr'><strong>sancti</strong></span> <span class='ocrx_word' id='word_1_379' title='bbox 1063 5423 1310 5488; x_wconf 83' lang='lat' dir='ltr'><strong>Joannis</strong></span> <span class='ocrx_word' id='word_1_380' title='bbox 1358 5422 1613 5504; x_wconf 88' lang='lat' dir='ltr'><strong>apostoli</strong></span> <span class='ocrx_word' id='word_1_381' title='bbox 1647 5428 1707 5484; x_wconf 93' lang='lat' dir='ltr'><strong>et</strong></span> <span class='ocrx_word' id='word_1_382' title='bbox 1735 5438 1912 5483; x_wconf 84' lang='lat' dir='ltr'><strong>evan-</strong></span> 
     </span>
    </p>
   </div>
   <div class='ocr_carea' id='block_1_55' title="bbox 302 5506 1067 5595">
    <p class='ocr_par' dir='ltr' id='par_1_55' title="bbox 302 5506 1067 5595">
     <span class='ocr_line' id='line_1_55' title="bbox 302 5506 1067 5595; baseline 0.016 -29"><span class='ocrx_word' id='word_1_383' title='bbox 302 5506 502 5583; x_wconf 71' lang='lat' dir='ltr'><strong>gelista:</strong></span> <span class='ocrx_word' id='word_1_384' title='bbox 529 5512 641 5574; x_wconf 87' lang='lat' dir='ltr'><strong>vita</strong></span> <span class='ocrx_word' id='word_1_385' title='bbox 670 5522 729 5575; x_wconf 93' lang='lat' dir='ltr'><strong>et</strong></span> <span class='ocrx_word' id='word_1_386' title='bbox 762 5513 1067 5595; x_wconf 78' lang='lat' dir='ltr'><strong>martyrio.</strong></span> 
     </span>
    </p>
   </div>
   <div class='ocr_carea' id='block_1_56' title="bbox 309 5597 1915 5749">
    <p class='ocr_par' dir='ltr' id='par_1_56' title="bbox 309 5597 1915 5749">
     <span class='ocr_line' id='line_1_56' title="bbox 309 5597 1915 5749; baseline 0.002 -88"><span class='ocrx_word' id='word_1_387' title='bbox 309 5599 438 5749; x_wconf 45' lang='grc' dir='ltr'><em>ὦ</em></span> <span class='ocrx_word' id='word_1_388' title='bbox 453 5597 707 5703; x_wconf 74' lang='lat' dir='ltr'><strong>Historia</strong></span> <span class='ocrx_word' id='word_1_389' title='bbox 735 5601 808 5666; x_wconf 87' lang='lat' dir='ltr'><strong>de</strong></span> <span class='ocrx_word' id='word_1_390' title='bbox 835 5604 1023 5667; x_wconf 85' lang='lat' dir='ltr'><strong>sancti</strong></span> <span class='ocrx_word' id='word_1_391' title='bbox 1085 5601 1350 5685; x_wconf 87' lang='lat' dir='ltr'><strong>Philippi</strong></span> <span class='ocrx_word' id='word_1_392' title='bbox 1406 5601 1659 5685; x_wconf 86' lang='lat' dir='ltr'><strong>apostoli</strong></span> <span class='ocrx_word' id='word_1_393' title='bbox 1708 5603 1825 5664; x_wconf 84' lang='lat' dir='ltr'><strong>vita</strong></span> <span class='ocrx_word' id='word_1_394' title='bbox 1853 5608 1915 5665; x_wconf 90' lang='lat' dir='ltr'><strong>et</strong></span> 
     </span>
     <span class='ocr_line' id='line_1_57' title="bbox 439 5706 581 5749; baseline 0 0"><span class='ocrx_word' id='word_1_395' title='bbox 439 5706 581 5749; x_wconf 88' lang='lat' dir='ltr'><strong>mo.</strong></span> 
     </span>
    </p>
   </div>
   <div class='ocr_carea' id='block_1_57' title="bbox 439 5706 581 5773">
    <p class='ocr_par' dir='ltr' id='par_1_57' title="bbox 439 5706 581 5773">
     <span class='ocr_line' id='line_1_58' title="bbox 439 5706 581 5773; baseline 0.014 -18"><span class='ocrx_word' id='word_1_396' title='bbox 439 5706 581 5773; x_wconf 75' lang='lat' dir='ltr'><strong>mo.</strong></span> 
     </span>
    </p>
   </div>
   <div class='ocr_carea' id='block_1_58' title="bbox 1998 5317 3641 5409">
    <p class='ocr_par' dir='ltr' id='par_1_58' title="bbox 1998 5317 3641 5409">
     <span class='ocr_line' id='line_1_59' title="bbox 1998 5317 3641 5409; baseline -0.008 -18"><span class='ocrx_word' id='word_1_397' title='bbox 1998 5317 2237 5391; x_wconf 81' lang='lat' dir='ltr'><strong>decimo</strong></span> <span class='ocrx_word' id='word_1_398' title='bbox 2268 5324 2727 5409; x_wconf 84' lang='lat' dir='ltr'><strong>quarto,Christi</strong></span> <span class='ocrx_word' id='word_1_399' title='bbox 2766 5325 2903 5397; x_wconf 83' lang='lat'><strong>793,</strong></span> <span class='ocrx_word' id='word_1_400' title='bbox 2939 5331 3131 5396; x_wconf 87' lang='lat' dir='ltr'><strong>natus,</strong></span> <span class='ocrx_word' id='word_1_401' title='bbox 3167 5330 3474 5409; x_wconf 80' lang='lat' dir='ltr'><strong>postquam</strong></span> <span class='ocrx_word' id='word_1_402' title='bbox 3511 5317 3641 5409; x_wconf 87' lang='lat' dir='ltr'><strong>ico-</strong></span> 
     </span>
    </p>
   </div>
   <div class='ocr_carea' id='block_1_59' title="bbox 1995 5406 3641 5490">
    <p class='ocr_par' dir='ltr' id='par_1_59' title="bbox 1995 5406 3641 5490">
     <span class='ocr_line' id='line_1_60' title="bbox 1995 5406 3641 5490; baseline -0.008 -8"><span class='ocrx_word' id='word_1_403' title='bbox 1995 5406 2329 5482; x_wconf 82' lang='lat' dir='ltr'><strong>nomachus</strong></span> <span class='ocrx_word' id='word_1_404' title='bbox 2358 5416 2571 5490; x_wconf 82' lang='lat' dir='ltr'><strong>fuerat,</strong></span> <span class='ocrx_word' id='word_1_405' title='bbox 2608 5416 2739 5476; x_wconf 67' lang='lat' dir='ltr'><strong>vitae</strong></span> <span class='ocrx_word' id='word_1_406' title='bbox 2762 5412 3050 5475; x_wconf 66' lang='lat' dir='ltr'><strong>solitariae</strong></span> <span class='ocrx_word' id='word_1_407' title='bbox 3084 5406 3549 5485; x_wconf 86' lang='lat' dir='ltr'><strong>cultor,tandem</strong></span> <span class='ocrx_word' id='word_1_408' title='bbox 3582 5406 3641 5469; x_wconf 90' lang='lat' dir='ltr'><strong>in</strong></span> 
     </span>
    </p>
   </div>
   <div class='ocr_carea' id='block_1_60' title="bbox 1996 5496 3642 5589">
    <p class='ocr_par' dir='ltr' id='par_1_60' title="bbox 1996 5496 3642 5589">
     <span class='ocr_line' id='line_1_61' title="bbox 1996 5496 3642 5589; baseline -0.009 -16"><span class='ocrx_word' id='word_1_409' title='bbox 1996 5508 2271 5589; x_wconf 84' lang='lat' dir='ltr'><strong>Bithynia</strong></span> <span class='ocrx_word' id='word_1_410' title='bbox 2295 5506 2636 5570; x_wconf 88' lang='lat' dir='ltr'><strong>monasterii</strong></span> <span class='ocrx_word' id='word_1_411' title='bbox 2659 5503 2818 5583; x_wconf 93' lang='lat' dir='ltr'><strong>quod</strong></span> <span class='ocrx_word' id='word_1_412' title='bbox 2842 5507 3219 5589; x_wconf 77' lang='lat' dir='ltr'><strong>exstruxerat</strong></span> <span class='ocrx_word' id='word_1_413' title='bbox 3242 5508 3301 5560; x_wconf 89' lang='lat' dir='ltr'><strong>et</strong></span> <span class='ocrx_word' id='word_1_414' title='bbox 3322 5496 3642 5589; x_wconf 60' lang='lat' dir='ltr'><strong>Eustachii)</strong></span> 
     </span>
    </p>
   </div>
   <div class='ocr_carea' id='block_1_61' title="bbox 2001 5586 3644 5680">
    <p class='ocr_par' dir='ltr' id='par_1_61' title="bbox 2001 5586 3644 5680">
     <span class='ocr_line' id='line_1_62' title="bbox 2001 5586 3644 5680; baseline -0.007 -18"><span class='ocrx_word' id='word_1_415' title='bbox 2001 5586 2239 5680; x_wconf 83' lang='lat' dir='ltr'><strong>martyri</strong></span> <span class='ocrx_word' id='word_1_416' title='bbox 2269 5594 2673 5669; x_wconf 88' lang='lat' dir='ltr'><strong>dedicaverat,</strong></span> <span class='ocrx_word' id='word_1_417' title='bbox 2708 5590 2911 5669; x_wconf 82' lang='lat' dir='ltr'><strong>abbas,</strong></span> <span class='ocrx_word' id='word_1_418' title='bbox 2938 5607 3095 5680; x_wconf 85' lang='lat' dir='ltr'><strong>anno</strong></span> <span class='ocrx_word' id='word_1_419' title='bbox 3119 5586 3509 5680; x_wconf 81' lang='lat' dir='ltr'><strong>imperatoris</strong></span> <span class='ocrx_word' id='word_1_420' title='bbox 3537 5587 3644 5652; x_wconf 81' lang='lat' dir='ltr'><strong>Mi-</strong></span> 
     </span>
    </p>
   </div>
   <div class='ocr_carea' id='block_1_62' title="bbox 2002 5677 3499 5768">
    <p class='ocr_par' dir='ltr' id='par_1_62' title="bbox 2002 5677 3499 5768">
     <span class='ocr_line' id='line_1_63' title="bbox 2002 5677 3499 5768; baseline -0.003 -16"><span class='ocrx_word' id='word_1_421' title='bbox 2002 5677 2229 5753; x_wconf 86' lang='lat' dir='ltr'><strong>chaelis</strong></span> <span class='ocrx_word' id='word_1_422' title='bbox 2260 5682 2427 5749; x_wconf 85' lang='lat' dir='ltr'><strong>Balbi</strong></span> <span class='ocrx_word' id='word_1_423' title='bbox 2458 5685 2692 5768; x_wconf 89' lang='lat' dir='ltr'><strong>quinto,</strong></span> <span class='ocrx_word' id='word_1_424' title='bbox 2728 5689 2789 5745; x_wconf 91' lang='lat' dir='ltr'><strong>et</strong></span> <span class='ocrx_word' id='word_1_425' title='bbox 2819 5679 3034 5745; x_wconf 80' lang='lat' dir='ltr'><strong>Christi</strong></span> <span class='ocrx_word' id='word_1_426' title='bbox 3067 5677 3187 5743; x_wconf 75' lang='lat'><strong>825</strong></span> <span class='ocrx_word' id='word_1_427' title='bbox 3216 5677 3499 5747; x_wconf 84' lang='lat' dir='ltr'><strong>decessit.</strong></span> 
     </span>
    </p>
   </div>
  </div>
