4128 6198
425 332 542 410 295

1589 338 1972 403 SYMEONIS
2015 334 2629 400 METAPHBAS’I‘ZE.

3673 326 3794 401 296

507 481 604 539 i3.
642 473 899 537 Historia
933 474 1006 536 de
1057 473 1321 536 Marcelli
1373 473 1807 535 Acmmetarum
1839 471 2067 534 abbatis
2091 483 2125 529 Α
2153 471 2210 532 in
2241 469 2438 532 Iconio
2470 469 2600 531 sinu
2629 469 2872 536 Cilicum
2905 469 3160 531 civitatis
3181 469 3679 550 episcopus,cum
3702 485 3795 531 so-

421 570 562 648 vita,
595 567 692 648 qui
753 567 1076 644 Apameam
1137 563 1522 641 Bithynorum
1575 562 1786 624 urbem
1822 562 2063 641 patriam

2148 578 2286 621 rore
2316 579 2422 620 sua
2475 559 2762 633 Zenobia,
2815 559 2927 621 sub
2978 559 3336 640 imperatore
3391 557 3800 640 Diocletiano,

421 665 654 729 nactus,
694 655 754 714 in
787 652 1076 732 Bithynia;
1103 653 1492 724 monasterio,
1522 651 1684 727 quod
1715 650 1790 711 ob
1815 651 2067 730 hymnos
2148 649 2452 713 sustinuit.

321 808 324 810 .
423 754 768 827 perpetuos,
805 762 921 804 non
948 740 1180 802 diurnis
1207 750 1432 801 tantum
1457 740 1563 801 sed
1609 741 1786 803 etiam
1819 750 2062 802 noctur-

424 835 515 896 nis
550 832 918 912 temporibus
948 830 1104 890 inoeo
1129 831 1351 890 cantari
1387 829 1600 906 solitis,
1638 833 1970 905 ἀκοιμήτων,
2003 832 2060 892 id

423 931 511 985 est
545 941 662 986 non
694 919 1122 981 dormientium
1157 936 1376 979 nomen
1428 926 1764 999 acceperat,
1813 920 2064 999 impera-

421 1021 548 1072 tore
580 1009 776 1072 Leone
807 1009 1060 1070 Thrace.
1089 1007 1159 1069 A.
1197 1007 1260 1070 C.
1300 1008 1439 1080 469,
1474 1006 1656 1068 abbas
1687 1007 1815 1069 fuit.

501 1102 599 1163 14.
636 1097 894 1161 Historia
924 1097 999 1158 de
1049 1096 1397 1176 Euphemim
1447 1097 1699 1177 virginis
1751 1100 2057 1179 martyrio,

418 1189 574 1270 quod
607 1189 666 1250 in
699 1185 1101 1250 Chalcedonia
1129 1187 1515 1266 Bithynorum
1549 1189 1795 1265 regione
1819 1189 1928 1250 sub
1956 1195 2063 1250 im-

417 1288 691 1360 peratore
719 1276 1094 1338 Diocletiano
1127 1277 1432 1337 sustinuit.

500 1369 598 1429 15.
628 1365 891 1428 Historia
946 1366 1019 1427 tle
1051 1365 1319 1426 Anthimi
1349 1364 1844 1440 Nicomediensis,
1877 1366 2057 1428 Nico-

418 1457 815 1520 mediensium
861 1454 1149 1536 episcopi,
1188 1457 1488 1536 martyrio,
1525 1456 1680 1536 quod
1715 1456 1828 1517 sub
1864 1460 2056 1538 impe-

415 1555 612 1609 ratore
644 1546 1001 1608 Maximiano
1039 1562 1248 1624 passus
1281 1552 1388 1604 est.

499 1635 591 1698 t6.
624 1633 886 1698 Historia
915 1633 989 1694 de
1042 1633 1173 1695 lndi
1220 1634 1502 1705 eunuchi,
1543 1633 1787 1696 Domnze
1816 1635 2057 1713 virginis

413 1733 471 1786 et
500 1725 751 1787 aliorum
789 1723 1196 1804 martyrio,qui
1229 1724 1338 1782 sub
1366 1723 1728 1808 imperatore
1754 1725 2057 1787 Maximis.

2227 740 2326 800 99.
2363 738 2619 802 Historia
2647 741 2724 803 de
2753 740 3000 803 Sasonis
3039 737 3539 820 epilionis,patria
3568 738 3792 814 Cilicis,

2150 829 2452 906 martyrio,
2480 830 2636 909 quod
2663 830 2818 908 apud
2853 827 3441 908 Pompeiopolitanos
3470 829 3527 888 in
3560 827 3793 909 Cilicia,

2146 917 2256 977 sub
2287 917 2649 994 imperatore
2686 917 3041 982 Maximiano
3072 917 3277 979 subiit.

2226 1005 2323 1069 30.
2360 1005 2617 1068 Historia
2648 1008 2722 1070 de
2746 1007 3035 1071 Bonifacii
3059 1007 3307 1068 Romani
3333 1007 3609 1088 martyrio
3633 1007 3788 1088 quod

2143 1095 2299 1174 apud
2331 1097 2657 1158 Tarsenses
2686 1099 2744 1158 in
2778 1097 2984 1160 Cilicia
3015 1095 3319 1158 sustinuit.

2225 1185 2324 1246 31.
2360 1183 2620 1246 Historia
2647 1187 2721 1246 de
2780 1186 3106 1248 Clementis
3139 1185 3440 1265 Ancyrani
3472 1185 3532 1246 in
3565 1186 3790 1248 Galatia

2142 1275 2409 1352 episcopi
2443 1273 2558 1336 vita
2585 1285 2642 1336 et
2677 1273 3084 1355 martyrio.qui
3112 1276 3178 1336 A.
3209 1275 3271 1336 C.
3297 1275 3412 1336 '25?
3436 1284 3596 1348 natu,
3625 1277 3784 1337 AC.

2142 1361 2261 1424 97']
2279 1363 2600 1442 episcopus
2618 1365 3130 1444 creatus.patriam
3157 1381 3325 1424 suam
3356 1367 3648 1445 Ancyram
3674 1363 3786 1428 sub

2145 1451 2507 1532 imperatore
2539 1453 2915 1526 Maximiano,
2951 1454 3187 1514 circiter
3239 1453 3309 1515 A.
3344 1455 3409 1515 C.
3447 1454 3587 1528 809,
3626 1473 3786 1515 mar-

2141 1539 2288 1618 tyrio
2319 1558 2426 1602 suo
2457 1541 2810 1602 nobilitavit.

2220 1631 2318 1690 3‘2.
2355 1628 2620 1692 Historia
2652 1631 2726 1691 de
2760 1630 3024 1692 Platonis
3055 1631 3346 1712 Ancyrani
3370 1631 3591 1694 Galatas
3622 1651 3784 1694 mar-

2142 1719 2308 1796 tyrio,
2345 1720 2500 1797 quod
2534 1721 2590 1779 in
2629 1720 2815 1796 patria
2849 1719 2994 1779 urbe
3029 1721 3325 1782 sustinuit.

411 1831 488 1874 no
521 1812 675 1875 intra
729 1810 1137 1874 Nicomediam
1199 1810 1488 1890 Bithyniae
1523 1806 1777 1879 urbem.
1843 1821 1962 1872 tum
1995 1813 2054 1871 in
2083 1839 2116 1886 Β
2221 1806 2319 1869 33.
2356 1808 2614 1869 Historia
2645 1808 2719 1868 de
2749 1807 2975 1868 Menum
3005 1807 3257 1889 Egyptii
3293 1815 3595 1890 mai-tyrio,
3625 1809 3782 1889 quod

410 1902 660 1963 incenso
701 1902 923 1981 templo
953 1898 1313 1962 Christianis
1349 1903 1598 1980 repleto,
1634 1911 1756 1963 tum
1790 1911 1956 1963 extra
1986 1902 2055 1964 il-

406 1989 507 2051 lud
541 1989 873 2072 perierunt.

489 2079 589 2139 17.
623 2076 886 2141 Historia
915 2078 990 2140 de
1014 2077 1264 2140 Julianaz
1293 2080 1535 2159 virginis
1567 2082 1867 2162 martyrio,
1896 2081 2052 2163 quod

408 2171 563 2230 intra
591 2166 1000 2230 Nicomediam
1034 2168 1282 2249 patriam
1335 2171 1445 2230 sub
1477 2169 1836 2251 imperatore
1867 2170 2051 2234 Maxi-

409 2262 607 2320 miano
639 2258 945 2321 sustinuit.

492 2347 588 2409 18.
622 2345 884 2408 Historia
907 2348 981 2408 de
1004 2345 1282 2409 Barbarae
1303 2345 1549 2426 virginis
1583 2349 2048 2430 martyrio,quod

405 2433 772 2498 Nicomedia;
788 2436 899 2498 sub
925 2436 1284 2516 imperatore
1310 2435 1660 2498 Maximiano
1693 2437 1900 2498 subiit.

486 2525 585 2588 19.
622 2523 881 2588 Historia
915 2524 990 2586 de
1021 2523 1318 2606 Eulampii
1349 2533 1406 2587 et
1429 2525 1754 2606 Eulampias
1778 2526 2049 2590 Nicome-

407 2614 708 2676 diensium
742 2613 938 2676 fratris
969 2622 1030 2676 et
1059 2615 1289 2677 sororis
1323 2616 1626 2696 martyrio.

483 2705 587 2769 20.
623 2701 890 2767 Historia
919 2703 993 2766 de
1025 2703 1325 2767 Theodori
1378 2703 1630 2784 Tyronis
1657 2705 1829 2768 (alias
1860 2706 2049 2768 Tero-

405 2794 522 2874 nis)
563 2793 769 2855 militis
830 2794 1131 2874 martyrio,
1186 2792 1348 2871 quod
1400 2794 1556 2874 apud
1604 2794 1934 2857 Amasenos
1990 2795 2048 2856 in

405 2881 599 2944 Ponto
628 2880 738 2944 sub
770 2882 1127 2963 imperatore
1162 2884 1520 2944 Maximiano
1554 2883 1854 2947 sustinuit.

485 2971 585 3032 2t.
615 2970 877 3033 Historia
909 2971 984 3033 de
1015 2971 1340 3035 Abrahami
1394 2971 1561 3053 Mysii
1608 2973 1874 3034 eremitas
1906 2973 2043 3048 vita,

405 3058 504 3139 qui
538 3059 757 3121 saeculo
790 3069 919 3140 post
945 3059 1007 3123 G.
1042 3059 1108 3121 N.
1147 3068 1332 3135 sexto,
1393 3063 1633 3123 deserta
1659 3080 1878 3142 sponsa
1908 3080 2038 3137 sua,

404 3147 734 3243 solitariam
760 3149 835 3243 ad
866 3149 1316 3243 Hellespontum
1349 3151 1408 3243 in
1438 3149 1615 3243 Mysia
1646 3153 1820 3212 vitam
1857 3151 2001 3243 egit,
2058 3191 2101 3243 ο

2138 1895 2567 1976 imperantibus
2623 1896 2993 1959 Diocletiano
3048 1910 3106 1958 et
3163 1899 3517 1960 Maximiano
3582 1899 3778 1974 miles,

2139 1986 2251 2046 sub
2285 1985 2497 2046 iisdem
2530 1985 2590 2046 in
2637 1985 2976 2050 Galatarum
3026 1987 3172 2048 urbe
3205 1985 3436 2068 Cotymo
3468 1988 3778 2051 sustinuit.

2217 2075 2317 2136 3t.
2350 2073 2613 2138 Historia
2673 2077 2747 2138 de
2808 2075 3115 2150 Eustratii,
3148 2077 3454 2152 Auxentii,
3499 2079 3778 2159 Eugenii,

2138 2163 2433 2244 Mardarii,
2472 2176 2530 2227 et
2559 2164 2786 2228 Orestae
2818 2165 3116 2246 martyrio,
3156 2166 3313 2248 quod
3359 2167 3470 2230 sub
3511 2167 3779 2251 impera-

2135 2253 2364 2315 toribus
2394 2253 2760 2318 Diocletiano
2812 2264 2871 2316 et
2931 2256 3281 2319 Maximiano
3314 2259 3372 2318 in
3409 2256 3782 2340 Cappadocia

2136 2342 2472 2406 subierunt.

2214 2431 2313 2495 35.
2342 2431 2600 2494 Historia
2657 2431 2732 2494 de
2785 2433 3035 2516 Longini
3070 2435 3439 2499 centurionis
3470 2437 3773 2518 martyrio,

2134 2520 2234 2602 qui
2266 2521 2508 2583 natione
2564 2520 2829 2600 Judaeus,
2892 2525 3110 2586 Christi
3164 2525 3478 2605 pendentis
3508 2527 3566 2586 in
3600 2545 3781 2590 cruce

2133 2611 2433 2688 custos,ad
2465 2611 2812 2692 religionem
2847 2614 3245 2676 Christianam
3275 2633 3777 2693 conversus,per-

2132 2700 2458 2762 secutionis
2487 2712 2738 2763 auctore
2769 2701 2976 2774 Pilato,
3027 2705 3312 2766 Caesareae
3363 2704 3775 2786 Cappadocum

2131 2787 2301 2863 urbe,
2340 2797 2592 2850 mortem
2627 2808 2731 2871 pro
2765 2791 3004 2854 Christo
3035 2792 3291 2855 subiisse
3326 2794 3570 2856 dicitur.

2210 2878 2308 2940 36.
2342 2878 2600 2946 Historia
2631 2881 2705 2941 de
2737 2881 3022 2944 Mercurii
3075 2886 3380 2963 martyrio,
3419 2883 3574 2964 quod
3610 2895 3775 2965 patre

2129 2965 2429 3029 Gordiano
2475 2966 2693 3049 Scytha
2745 2981 2944 3046 natus,
3003 2971 3254 3034 militum
3304 2973 3444 3048 dux,
3482 2972 3772 3036 Caesareae

2129 3056 2538 3137 Cappadocum
2565 3059 2854 3134 urbe,sub
2877 3067 3236 3142 imperatore
3257 3065 3440 3124 Decio
3465 3064 3766 3126 sustinuit.

2203 3146 2302 3208 37.
2337 3145 2595 3209 Historia
2629 3148 2706 3209 de
2747 3150 3060 3210 Mamantis
3110 3151 3512 3231 Paphlagonis
3546 3162 3766 3233 marty-

482 3237 583 3300 22.
614 3239 870 3302 Historia
921 3239 996 3302 de
1045 3239 1424 3320 Theophanis
1473 3238 1610 3314 vita,
1645 3258 1821 3320 quem
1854 3234 2101 3320 patria'
2127 3234 2240 3308 rio,
2275 3235 2433 3316 quod
2464 3238 2749 3299 Caesareae
2779 3240 3192 3319 Cappadocum
3223 3239 3394 3314 urbe,
3428 3240 3537 3303 sub
3567 3241 3765 3322 impe-

401 3328 1121 3411 Constantinopolitanum
1170 3329 1323 3407 Ager
1375 3345 1647 3407 magnus,
1684 3330 1742 3390 in
1777 3329 2044 3409 Sigriana

401 3418 603 3498 Mysiae
636 3418 886 3480 minoris
914 3419 1185 3499 regione,
1239 3417 1666 3504 monasterium
1701 3419 1904 3506 habuit
1933 3419 2042 3480 ab-

400 3504 623 3586 batem,
655 3507 900 3569 circiter
927 3511 995 3569 A.
1030 3508 1097 3568 C.
1134 3509 1250 3569 8l8
1287 3514 1616 3570 mortuum:

476 3594 576 3659 23.
613 3594 871 3658 Historia
899 3597 974 3658 de
1004 3594 1276 3669 Abercii,
1310 3593 1917 3677 Hieropolitanorum,
1981 3597 2044 3659 in

402 3682 637 3746 minore
661 3682 936 3764 Phrygia,
971 3684 1239 3764 episcOpi
1271 3683 1407 3760 vita,
1443 3685 1544 3764 qui
1572 3685 1682 3747 sub
1715 3685 2043 3767 imperato-

397 3770 566 3835 ribus
597 3772 674 3836 M.
709 3773 1009 3837 Antonino
1041 3782 1100 3835 et
1130 3773 1193 3835 L.
1231 3772 1388 3836 Vero
1421 3774 1663 3836 claruit.

477 3861 577 3926 24.
613 3862 874 3927 Historia
904 3863 979 3926 de
1012 3863 1184 3944 Carpi
1216 3875 1275 3924 et
1306 3864 1506 3944 Papyli
1531 3863 2044 3945 Pergamenorum

396 3950 719 4032 Phrygum,
759 3953 1225 4034 martyrio,quod
1256 3954 1316 4014 in
1350 3954 1531 4034 Lydia
1561 3953 2039 4036 Thyatirensium

396 4039 500 4102 ille
522 4043 765 4121 quidem
797 4043 1138 4123 episcopus,
1174 4045 1271 4105 hic
1303 4055 1501 4106 autem
1555 4043 1872 4119 diaconus,
1903 4063 2038 4106 cum

396 4129 602 4202 sociis,
634 4130 746 4191 sub
775 4130 1139 4211 imperatore
1169 4133 1370 4214 Decio,
1412 4135 1848 4198 sustinuerunt.

478 4218 580 4280 25.
609 4217 868 4280 Historia
890 4221 964 4282 de
984 4219 1282 4283 Timothei
1309 4223 1446 4297 vita,
1483 4223 1584 4299 qui
1636 4225 1895 4302 Lystram
1926 4221 2033 4301 Ly-

397 4308 623 4371 caonia:
652 4309 946 4372 civitatem
982 4311 1229 4391 patriam
1285 4313 1514 4392 habuit,
1567 4313 1731 4374 Pauli
1781 4312 2035 4390 apostoli

394 4397 744 4479 discipulus,
778 4401 1026 4462 Joannis
1053 4401 1430 4481 evangelista}
1461 4419 1793 4476 successor,
1829 4400 2032 4480 Ephe-

391 4485 616 4550 siorum
651 4487 711 4548 in
747 4488 910 4551 lonia
965 4489 1305 4570 episcopus,
1344 4489 1588 4570 Ephesi,
1621 4489 1730 4551 sub
1763 4490 2028 4570 impera-

394 4584 522 4638 tore
553 4574 763 4650 Nerva,
802 4587 1019 4659 martyr
1047 4579 1271 4642 obiisse
1301 4579 1543 4640 dicitur.

476 4663 575 4728 26.
617 4663 874 4728 Historia
904 4668 978 4730 de
1006 4668 1277 4732 Eusebia)
1298 4669 1543 4745 virginis
1576 4670 1864 4731 Romana:
1895 4670 2030 4753 vita,

393 4770 525 4834 qua)
554 4755 738 4834 virgo,
775 4773 910 4817 cum
943 4757 1002 4818 in
1037 4755 1247 4818 urbem
1281 4758 1470 4821 Cariae
1492 4757 1800 4837 Mylassam
1834 4763 2031 4822 venis-

392 4849 508 4914 set,
543 4843 786 4905 nomine
811 4863 918 4908 suo
945 4846 1337 4921 dissimulato,
1373 4866 1438 4909 se
1469 4847 1644 4928 Ξὲνην,
1680 4849 1736 4909 id
1771 4857 1862 4911 est
1891 4851 2032 4912 hos-

389 4931 572 5014 pitam
603 4933 790 5008 dixit;
851 4934 934 4995 ibi
995 4938 1421 5000 monasterium
1475 4940 1692 5001 Sancto
1727 4939 2031 5020 Stephano

393 5023 635 5102 martyri
694 5041 927 5085 sacrum
987 5027 1290 5104 excitavit,
1350 5028 1410 5090 in
1441 5046 1556 5108 quo
1590 5030 1764 5089 vitam
1794 5029 2028 5109 clausit,

388 5113 608 5174 saeculo
642 5122 771 5190 post
803 5113 866 5176 C.
901 5112 969 5176 N.
1005 5115 1236 5196 quinto.

469 5203 574 5263 27.
605 5201 866 5264 Historia
898 5204 971 5265 de
1019 5208 1298 5269 Matronae
1356 5207 1672 5287 i’ergensis
1708 5209 1862 5285 vita;
1898 5228 2032 5290 quas

387 5289 653 5354 Matrona
682 5292 894 5354 urbem
931 5297 989 5356 in
1022 5293 1367 5377 Pamphylia
1399 5297 1624 5378 Pergen
1660 5289 2031 5377 patriam’ha-

389 5378 539 5454 buit,
575 5381 893 5443 Domitiani
924 5403 1094 5460 uxor,
1130 5383 1455 5449 Theodaize
1489 5398 1702 5464 mater,
1737 5388 1860 5449 viro
1893 5397 2026 5449 tan-

388 5466 522 5565 dem
562 5470 900 5565 posthabito
935 5490 1272 5554 quanquam
1303 5475 1515 5556 invito,
1547 5477 1605 5537 in
1652 5477 2030 5539 monasteriis

390 5561 563 5616 vitam
599 5561 916 5639 transegit.

468 5641 841 5713 28.Historia
861 5648 938 5713 de
956 5649 1203 5716 Zenobii
1230 5655 1531 5739 martyrio,
1558 5654 1719 5740 quod
1746 5653 2030 5736 (Egarum

2124 3331 2322 3386 ratore
2354 3326 2670 3388 Aureliano
2704 3327 2916 3390 subiit.

2207 3412 2305 3478 38.
2337 3414 2598 3478 Historia
2627 3415 2699 3478 de
2726 3415 3035 3481 Severiani
3063 3418 3269 3480 militis
3297 3419 3766 3502 martyrio,quod

2126 3506 2409 3567 Caesareae
2437 3505 2852 3586 Cappadocum
2887 3508 3036 3570 urbe
3071 3508 3182 3570 sub
3215 3509 3576 3588 imperatore
3607 3511 3767 3573 Lici-

2129 3594 2228 3656 nio
2257 3594 2559 3656 sustinuit.

2209 3683 2308 3747 39.
2342 3681 2600 3745 Historia
2627 3683 2703 3747 de
2736 3687 3007 3765 Gregorii
3035 3687 3239 3750 Parthi
3270 3688 3523 3771 vita.qui
3559 3691 3763 3752 multi-

2128 3772 2313 3854 plices
2368 3772 2440 3834 ab
2503 3773 2803 3835 Armeniis
2860 3775 3212 3838 afﬂictiones
3261 3777 3338 3839 ob
3369 3778 3765 3841 Christianam

2125 3862 2476 3941 religionem
2513 3881 2741 3944 passus,
2776 3864 2848 3926 ad
2881 3883 3010 3928 eam
3047 3875 3104 3928 et
3159 3885 3360 3947 regem
3392 3877 3450 3930 et
3480 3869 3765 3950 populum

2124 3952 2540 4015 Armeniorum
2575 3955 2872 4016 convertit
2906 3975 2918 4017 :
2956 3955 3167 4017 horum
3221 3956 3573 4035 aliquandiu
3601 3958 3766 4039 epis-

2124 4059 2332 4122 c0pus,
2370 4042 2608 4104 tandem
2639 4043 2982 4105 solitudinis
3010 4053 3259 4122 amator,
3315 4047 3500 4108 tilium
3529 4048 3767 4110 Arosta-

2124 4147 2260 4191 nem
2295 4129 2355 4190 in
2388 4133 2728 4212 episcopatu
2763 4151 3179 4195 successorem
3211 4139 3464 4216 accepit,
3498 4135 3596 4215 qui
3620 4153 3760 4196 con-

2120 4218 2259 4280 cilio
2290 4221 2527 4282 Nicaano
2555 4221 2840 4301 interfuit,
2874 4222 2944 4285 A.
2981 4225 3048 4286 Ο.
3079 4221 3222 4286 323.

2197 4310 2300 4371 40.
2331 4309 2588 4372 Historia
2615 4310 2687 4370 de
2704 4309 2962 4386 Romuli,
2990 4311 3526 4387 Zenonis,Eudoxii
3553 4322 3613 4376 et
3643 4313 3759 4376 Ma~

2118 4399 2267 4459 carii
2298 4399 2600 4479 martyrio,
2635 4399 2790 4478 quod
2821 4399 3107 4462 Romulus
3137 4403 3380 4482 quidem
3414 4403 3524 4464 sub
3557 4403 3756 4484 impe-

2119 4496 2319 4549 ratore
2351 4486 2631 4565 Trajano,
2664 4489 2863 4550 caeteri
2897 4506 3040 4552 vero
3071 4492 3180 4552 sub
3213 4492 3576 4572 imperatore
3609 4491 3757 4554 Dio-

2117 4577 2373 4640 cletiano
2406 4579 2465 4639 in
2498 4579 2801 4641 Armenias
2859 4580 3105 4640 minoris
3149 4580 3297 4643 urbe
3327 4580 3613 4656 Melitine,
3651 4599 3756 4643 su-

2118 4666 2379 4730 bierunt.

2197 4759 2299 4821 41.
2332 4757 2587 4820 Historia
2611 4758 2686 4820 de
2717 4755 2996 4820 Hieronis
3027 4767 3086 4821 et
3113 4764 3415 4822 sociorum
3450 4763 3754 4843 martyrio;

2120 4868 2184 4911 ex
2211 4849 2426 4930 quibus
2449 4849 2631 4910 Hiero
2655 4850 2864 4910 urbem
2891 4851 2949 4910 in
2977 4849 3353 4931 Cappadocia
3373 4850 3628 4933 Tyanam
3658 4871 3756 4934 pa-

2117 4940 2291 5002 triam
2325 4937 2706 5012 habuit,cum
2739 4940 2818 5001 3O
2852 4939 3032 5001 sociis
3066 4940 3410 5022 martyrium
3443 4943 3505 5003 in
3536 4941 3756 5005 Arme-

2116 5031 2226 5089 nia:
2256 5026 2505 5089 minoris
2527 5030 2675 5091 urbe
2700 5029 2964 5091 Melitine
2985 5028 3096 5091 sub
3124 5029 3588 5109 imperatoribus
3620 5031 3759 5094 Dio-

2115 5117 2368 5179 cletiano
2401 5127 2461 5178 et
2492 5117 2842 5179 Maximiano
2879 5136 3106 5198 passus.

2193 5206 2294 5270 4°).
2318 5207 2582 5270 Historia
2599 5209 2673 5268 de
2692 5208 2768 5268 40
2791 5208 3218 5287 martyrum,39
3241 5208 3500 5270 militum
3521 5207 3754 5291 Cappa-

2112 5296 2350 5372 docum,
2386 5317 2518 5358 cum
2545 5296 3030 5376 quadragesimus
3055 5296 3127 5358 ab
3149 5297 3224 5360 iis
3245 5299 3594 5381 aufugisset,
3625 5302 3756 5379 ejus

2113 5387 2244 5448 loco
2265 5387 2572 5448 custodem
2594 5386 3178 5465 carceris,paganum
3203 5387 3752 5461 hominem,Cbris-

2116 5475 2338 5538 tianum
2353 5484 2600 5555 repente
2617 5474 3131 5554 factum,martyrii
3148 5477 3378 5540 socium
3401 5487 3754 5540 consecuto-

2110 5588 2241 5633 rum
2261 5569 2562 5650 martyrio,
2582 5567 2746 5646 quod
2765 5568 2826 5630 in
2849 5565 3339 5632 Sebastianorum
3367 5569 3535 5646 urbe,
3571 5589 3750 5652 quam

2110 5664 2450 5724 vetustiores
2471 5662 2706 5738 quidem
2727 5663 2785 5720 in
2801 5661 3538 5734 Cappadocia,recentiores
3558 5673 3748 5733 autem
