4080 6204
305 337 419 402 301
1567 331 1921 401 VITARUM
1971 333 2438 398 CATALOGUS.
3583 336 3697 407 302

393 471 732 552 Martyrium
765 478 984 533 sanctae
1017 471 1256 550 Agathae
1281 470 1524 548 virginis
1555 479 1614 532 et
1635 469 1909 550 martyris
1933 489 1948 544 ;
1973 478 2009 525 A
2116 468 2451 550 Martyrium
2485 478 2707 532 sanctae
2739 470 3079 535 Catharinae
3110 472 3364 553 virginis
3393 489 3408 548 ;

396 562 735 642 Martyrium
763 569 1110 623 sanctorum
1138 559 1968 640 martyrum,Faustae,Eveia—
2133 559 2262 621 Vita
2293 560 2483 622 sancti
2514 559 2702 640 Alypii
2736 559 2979 639 Stylitae.

305 655 382 714 sii
413 661 471 714 et
503 650 800 712 Maximini
838 672 854 727 ;
2129 648 2462 729 Martyrium
2495 653 2682 712 sancti
2711 649 2918 712 Jacobi
2947 649 3146 714 Persa:
3174 675 3190 726 ;

393 741 532 803 Vita
560 741 714 803 beati
748 739 997 818 Eugenii
1029 748 1088 801 et
1118 740 1314 801 Mariae
1339 741 1472 820 ejus
1504 738 1638 800 tiliae
1667 739 1726 800 in
1757 756 1960 800 coeno-
2129 737 2260 799 Vita
2310 744 2372 802 et
2405 739 2753 819 martyrium
2787 740 2979 803 sancti
3014 739 3332 822 Stephanis
3383 745 3653 809 Junioris
3684 764 3702 825 ;

309 831 413 893 bio
444 829 556 893 sub
588 829 791 893 habitu
825 829 974 891 virili
1011 829 1186 892 dictae
1214 829 1420 892 Marini
1459 849 1474 906 ;
2128 829 2606 890 Commentarius
2638 829 2696 891 in
2725 828 2790 891 ὃ.
2825 829 3126 891 Andream
3155 833 3488 910 apostolum
3527 853 3545 909 ;

394 921 738 1000 Martyrium
801 919 989 981 sancti
1037 919 1382 1000 Nicephori,
1423 918 1689 998 martyris
1743 919 1958 980 Antlo-
2123 914 2389 978 Narratio
2415 917 2683 979 miraculi
2709 937 2741 980 a
2770 929 2977 980 sancto
3001 918 3287 981 Michaele
3312 921 3698 1003 archangolo,

314 1011 471 1073 chirs
500 1011 558 1070 in
591 1008 752 1089 Syria
781 1030 796 1085 ;
2043 1004 2251 1066 Clionii
2285 1006 2412 1068 sive
2443 1006 2696 1069 Colossii
2732 1009 2789 1068 in
2825 1006 3078 1089 Phrygia
3107 1007 3251 1070 editi
3281 1029 3296 1088 ;

397 1101 532 1161 Vita
582 1109 642 1160 et
673 1099 1010 1180 martyrium
1047 1099 1240 1161 sancti
1284 1098 1557 1179 martyris
1587 1097 1790 1172 Blasii,
1825 1096 1956 1176 epi-
2122 1095 2398 1159 Narratio
2427 1095 2583 1176 vitae,
2622 1115 2824 1159 rerum
2859 1107 3159 1176 gestarum
3187 1106 3245 1160 et
3277 1098 3702 1163 miraculorum

317 1192 485 1271 scopi
521 1189 805 1253 Sebastiaa
835 1191 894 1248 in
925 1187 1321 1268 Cappadovia,
1356 1197 1414 1250 et
1443 1195 1740 1252 sociorum
1774 1185 1904 1265 ejus
1944 1203 1960 1260 ;
2055 1185 2242 1246 sancti
2273 1183 2497 1247 Nicolai
2528 1185 2813 1266 Myrensis
2844 1186 2904 1247 in
2939 1189 3118 1265 Lycia
3149 1188 3418 1270 episcopi
3456 1211 3473 1267 ;

397 1278 742 1357 Martyrium
775 1285 1116 1338 sanctorum
1149 1277 1466 1358 Pamphili,
1498 1274 1964 1350 Valentii,Pauli,
2133 1273 2468 1354 Martyrium
2501 1277 2691 1338 sancti
2724 1274 2942 1337 Nicetm
2973 1276 3152 1338 Gothi
3191 1296 3207 1350 ;

311 1370 585 1442 Seleuci,
617 1367 952 1446 Porphyrii,
982 1366 1302 1442 Theoduli,
1334 1365 1554 1429 Juliani
1581 1375 1636 1427 et
1668 1365 1965 1426 sociorum
2133 1363 2474 1443 Martyrium
2508 1373 2726 1425 sanctae
2756 1360 3108 1444 Euphemiae
3138 1364 3380 1444 virginis
3414 1385 3430 1442 ;

305 1459 508 1535 (initio
539 1457 778 1538 quidem
811 1457 884 1517 ab
920 1456 1180 1518 Eusebio
1224 1456 1410 1536 ipsius
1442 1456 1632 1516 sancti
1678 1452 1969 1533 Pamphili
2135 1453 2266 1514 Vita
2310 1454 2499 1515 sancti
2547 1452 2874 1529 Ambrosii,
2909 1454 3178 1535 episcopi
3209 1455 3702 1530 Mediolanensis;

309 1549 508 1611 amico
541 1547 780 1628 intimo,
814 1558 874 1608 et
916 1546 1199 1610 Caesarea:
1229 1546 1290 1606 in
1340 1546 1636 1608 Palestina
1687 1542 1969 1625 episcopo
2133 1541 2478 1622 Martyrium
2537 1541 2642 1614 SS.
2678 1542 2979 1617 Eustratii,
3025 1543 3331 1625 Auxentii,
3385 1543 3706 1624 Fulgentii,

311 1637 752 1716 conscriptum,
787 1635 990 1696 multis
1037 1644 1235 1697 autem
1283 1643 1416 1715 post
1470 1634 1706 1697 saeculis
1767 1655 1796 1692 ει
1859 1633 1967 1712 Sy-
2053 1630 2279 1696 Orestis
2313 1641 2369 1694 et
2399 1632 2674 1695 Mardarii
2713 1656 2727 1707 ;

315 1745 538 1789 meone
566 1725 975 1804 Metaphraste
1005 1724 1426 1804 interpolatum
1465 1744 1481 1798 ;
2138 1721 2270 1784 Vita
2302 1737 2523 1785 sanetae
2548 1722 2882 1785 Theodore:
2913 1723 3333 1788 Alexandrinae
3367 1743 3383 1802 ;

394 1815 532 1878 Vita
554 1816 744 1878 sancti
775 1813 1110 1877 Andronici
1135 1822 1192 1875 et
1223 1815 1422 1876 uxoris
1441 1814 1573 1893 ejus
1603 1811 1970 1886 Athanasim;
1995 1837 2032 1885 Β
2140 1813 2271 1873 Vita
2303 1812 2491 1874 sancti
2522 1813 2769 1875 Joannis
2825 1811 3323 1893 Eleemosynarii,
3359 1815 3710 1896 patriarcha)

395 1906 739 1985 Martyrium
774 1904 972 1965 sancti
1002 1901 1230 1967 Orestis
1261 1904 1472 1983 Tyana:
1502 1903 1562 1964 in
1592 1901 1964 1983 Cappadocia
2052 1901 2420 1966 Antiocheni
2457 1923 2472 1982 ;

310 1994 428 2057 sub
461 1995 608 2076 imp.
642 1993 1071 2069 Diocletiano;
2128 1991 2390 2055 Historia
2451 1991 2712 2071 martyrii
2778 1993 2971 2054 sancti
3025 1992 3328 2075 Polyeucti
3391 1993 3597 2056 militis
3654 2003 3712 2056 et

397 2082 736 2164 Martyrium
758 2084 946 2144 sancti
981 2080 1232 2144 Victoris
1255 2091 1314 2144 et
1343 2081 1530 2143 sancti
1555 2079 1966 2161 Stephanidis;
2051 2080 2323 2162 martyris
2359 2102 2372 2140 :

395 2172 738 2254 Martyrium
769 2172 954 2234 sancti
988 2171 1310 2247 Vincentii,
1346 2169 1792 2232 archiadiaconi
1838 2169 1966 2232 Cai-
2129 2171 2474 2252 Martyrium
2509 2180 2732 2234 sancta:
2763 2173 3094 2236 Catharinae
3122 2173 3368 2253 virginis
3405 2194 3420 2250 ;

314 2261 729 2342 saraugustani
757 2282 773 2333 ;
2133 2261 2269 2325 Vita
2313 2259 2502 2321 sancti
2534 2258 2847 2339 Symeonis
2877 2262 3100 2343 Stylitaz
3129 2263 3307 2342 primi
3339 2262 3463 2325 sive
3497 2263 3707 2326 senio-

405 2353 676 2415 Narratio
737 2350 1007 2412 miraculi
1040 2369 1071 2413 a
1095 2349 1204 2416 SS.
1238 2349 1596 2432 martyribus
1627 2349 1828 2424 Curia,
1865 2349 1970 2410 Sa-
2050 2352 2157 2432 ris,
2192 2349 2295 2431 qui
2324 2353 2394 2412 A.
2430 2349 2495 2412 C.
2528 2349 2644 2412 468
2677 2352 3026 2412 centenario
3059 2353 3248 2432 major
3267 2352 3414 2414 obiit
3441 2373 3459 2430 ;

319 2462 502 2506 mona
532 2453 590 2502 et
625 2439 844 2520 Abibo,
881 2441 1128 2503 Edessaa
1159 2441 1305 2503 editi
1339 2465 1353 2512 ;
2133 2440 2452 2502 Certamen
2486 2439 2680 2500 sancti
2715 2439 2977 2519 martyrii
3007 2439 3317 2502 Mamantis
3355 2461 3371 2515 ;

406 2530 743 2611 Martyrium
779 2531 965 2591 sancti
1001 2529 1264 2592 Platonis
1298 2553 1314 2600 ;
2135 2533 2446 2592 Certamen
2479 2527 2671 2589 sancti
2706 2528 2979 2608 martyris
3009 2529 3278 2591 Anthimi
3314 2529 3583 2610 episcopi
3611 2528 3708 2591 Ni-

404 2619 699 2700 Martyria,
739 2619 885 2680 Vita:
940 2629 1002 2680 et
1031 2619 1314 2681 Encomia
1372 2618 1476 2682 SS.
1518 2617 1738 2679 mensis
1789 2618 1967 2678 Octo-
2054 2617 2364 2691 comedim,
2399 2617 2500 2698 qui
2531 2619 2603 2678 A.
2641 2619 2710 2680 C.
2745 2615 2860 2678 302
2893 2635 3103 2696 passus
3131 2626 3264 2694 est;

319 2712 471 2786 bris.
506 2727 725 2789 ηεωρθ
758 2728 774 2769 ε
2135 2706 2479 2786 Martyrium
2512 2707 2700 2767 sancti
2735 2704 2986 2786 Babylm,
3022 2706 3282 2786 episcopi
3312 2704 3702 2778 Antiocheni;

400 2799 746 2878 Martyrium
770 2806 992 2861 sanctae
1023 2799 1320 2874 Ananiae;
2133 2795 2401 2858 Narratio
2447 2795 2716 2856 miraculi
2747 2813 2780 2856 a
2837 2803 3039 2856 sancto
3088 2794 3373 2857 Michaele
3424 2795 3692 2857 archan-

400 2887 740 2969 Martyrium
771 2885 878 2950 SS.
903 2886 1180 2968 Cypriani
1211 2896 1269 2948 et
1297 2887 1550 2951 Justinaz
1583 2907 1598 2964 ;
2053 2887 2186 2965 gelo
2219 2885 2429 2949 Chonii
2463 2884 2583 2946 sive
2609 2883 2868 2946 Colossis
2899 2885 2960 2946 in
2993 2885 3243 2964 Phrygia
3269 2883 3414 2946 editi
3453 2907 3468 2960 ;

405 2977 753 3057 Martyrium
788 2978 977 3037 sancti
1012 2977 1275 3057 Dionysii
1304 2977 1679 3058 Areopagitae
1715 2997 1730 3054 ;
2137 2975 2476 3056 Martyrium
2537 2972 2644 3037 SS.
2705 2972 2974 3049 Eudoxii,
3037 2972 3300 3052 Romuli,
3335 2972 3590 3036 Zenonis
3645 2980 3704 3036 et

405 3067 748 3148 Martyrium
781 3073 1000 3128 sanctae
1031 3065 1364 3129 Charitines
1397 3087 1413 3148 ;
2058 3065 2292 3127 Macarii
2331 3082 2346 3139 ;

405 3155 884 3248 Commentarius
916 3156 974 3248 in
997 3165 1271 3248 sanctum
1295 3158 1628 3248 apostolum
1652 3155 1970 3234 Thomam;
1991 3195 2034 3248 ε
2141 3154 2484 3235 Martyrium
2514 3153 2716 3248 sancti
2737 3152 3009 3248 S_ozont_is
3046 3174 3062 3248 ξ

403 3244 752 3327 Martyrium
784 3243 896 3308 SS.
931 3243 1122 3324 Sergii
1153 3254 1211 3306 et
1240 3246 1458 3308 Bacchi
1491 3268 1507 3328 ;
1997 3241 2033 3248 '
2142 3247 2484 3325 Martyrium
2531 3243 2720 3305 sancti
2755 3241 3059 3306 Severiani
3098 3264 3114 3318 ;

403 3337 536 3400 Vita
565 3343 787 3398 sanctae
818 3333 1070 3413 Pelagiaa
1103 3334 1494 3398 Antiocheme
1524 3357 1540 3418 ;
2137 3333 2476 3414 Martyrium
2536 3335 2642 3396 SS.
2700 3341 3019 3414 martyrum
3077 3331 3432 3406 Menedoraa,
3468 3331 3696 3394 Metro-

403 3424 747 3506 Martyrium
783 3421 888 3486 SS.
926 3423 1221 3504 Eulampii
1255 3433 1313 3486 et
1343 3425 1715 3507 Eulampiae;
2054 3424 2221 3486 docze
2249 3433 2308 3485 et
2339 3421 2778 3503 Nymphodocae
2812 3443 2828 3503 ;

402 3513 740 3595 Martyrium
802 3510 907 3575 SS.
971 3513 1172 3590 Probi,
1207 3515 1456 3577 Tarachi
1487 3525 1545 3578 et
1587 3514 1911 3579 Andronici
1949 3533 1964 3594 ;
2133 3512 2269 3576 Vita
2299 3520 2518 3574 sanctae
2545 3512 2879 3575 Theodocae
2907 3511 3368 3592 Alexandrinas;

405 3604 750 3686 Martyrium
779 3601 884 3666 SS.
918 3601 1112 3682 Carpi,
1150 3604 1352 3685 Papyli
1382 3614 1440 3668 et
1469 3605 1766 3668 sociorum
1803 3622 1819 3681 ;
2133 3605 2474 3684 Martyrium
2508 3602 2699 3664 sancti
2727 3601 3076 3665 Autonomii
3107 3600 3381 3682 episcopi
3413 3617 3430 3675 ;

408 3693 744 3774 Martyrium
805 3690 908 3756 SS.
965 3690 1216 3768 Nazarii,
1281 3695 1569 3771 Gervasii,
1606 3695 1853 3757 Protasii
1911 3703 1971 3759 et
2132 3694 2248 3756 Res
2278 3701 2456 3773 gestae
2486 3691 2674 3754 sancti
2705 3691 2967 3753 Cornelii
2996 3689 3402 3767 centurionis;

319 3787 479 3854 Celsi
515 3806 531 3862 ;
2133 3783 2476 3863 Martyrium
2509 3780 2696 3844 sancti
2720 3781 2944 3843 Nicetze
2971 3780 3148 3843 Gothi
3183 3797 3199 3854 ;

406 3875 740 3955 Martyrium
773 3873 961 3933 sancti
994 3873 1238 3934 aniani
1270 3894 1287 3950 ;
2135 3872 2469 3954 Martyrium
2501 3881 2718 3934 sanctae
2748 3870 3096 3951 Euphemim
3130 3893 3145 3946 ;

408 3964 752 4045 Martyrium
780 3962 967 4024 sancti
997 3961 1247 4042 Longini
1275 3964 1654 4026 Ccnturionis
1691 3984 1704 4040 ;
2137 3963 2476 4042 Martyrium
2509 3968 2727 4022 sanctae
2757 3957 2997 4040 Sophia:
3029 3966 3087 4020 et
3131 3958 3382 4020 ﬁliarum
3413 3957 3568 4036 ejus,
3603 3957 3708 4018 Pi-

405 4053 879 4122 Commentarius
903 4053 962 4113 in
986 4062 1256 4115 sanctum
1285 4053 1706 4135 evangelistam
1727 4055 1971 4130 Lucam;
2057 4062 2238 4134 steos,
2276 4050 2507 4132 Elpidis
2539 4057 2596 4111 et
2630 4053 2867 4130 Agapes
2903 4072 2921 4123 ς

411 4143 753 4225 Martyrium
786 4141 975 4204 sancti
1008 4139 1149 4204 Vari
1183 4163 1199 4220 ;
1440 4133 1461 4135 ί
2140 4133 2476 4223 Martyrium
2538 4138 2644 4202 SS.
2708 4147 3027 4220 martyrum
3078 4136 3390 4218 Trophini,
3425 4133 3693 4198 Sabbatii

405 4233 748 4314 Martyrium
780 4232 973 4294 sancti
1003 4231 1262 4295 Audrea:
1291 4233 1352 4295 in
1385 4232 1536 4297 Crisi
1571 4252 1586 4309 ;
2055 4243 2113 4295 et
2144 4229 2581 4296 Dorimedonﬁi
2617 4249 2632 4312 ς

407 4312 763 4404 Martyrium
791 4321 982 4383 sancti
1014 4321 1267 4385 Artemii
1300 4342 1316 4399 ;
2135 4319 2474 4401 Martyrium
2503 4319 2692 4382 sancti
2720 4317 3011 4381 Eustathii
3031 4326 3094 4380 et
3124 4315 3326 4379 uxoris
3355 4315 3484 4395 ejus
3503 4312 3700 4404 Theo-

408 4415 546 4477 νίῑε
571 4403 761 4476 sane“
796 4409 1120 4473 Hilarionis
1156 4433 1172 4489 ἱ
2058 4411 2265 4494 pistes,
2300 4418 2360 4472 et
2389 4409 2640 4472 duorum
2675 4409 2957 4483 filiorum,
2990 4407 3197 4488 Agapii
3244 4414 3303 4467 et
3329 4403 3640 4484 Theopisti
3673 4424 3691 4476 ;

410 4505 544 4569 Vita
574 4501 762 4565 sancti
800 4500 1088 4602 Albericii
1125 4523 1140 4579 ;
1526 4591 1540 4607 .
1698 4590 1720 4607 '
1835 4589 1848 4607 ‘
2001 4556 2041 4607 Β
2138 4500 2479 4603 Martyrium
2514 4507 2732 4607 sanctae
2763 4497 3023 4600 Theclaa.
3047 4496 3346 4607 virginis‘;

409 4590 888 4660 Commentarius
921 4590 982 4652 in
1014 4600 1285 4655 sanctum
1317 4591 1644 4674 apostolum
1689 4589 1974 4654 Jacobum
2003 4581 2041 4607 ν
2141 4591 2274 4655 Vita
2305 4600 2523 4651 sancta:
2552 4589 2946 4669 Enphrosinae
2974 4584 3218 4664 virginis
3249 4581 3700 4674 Alexandrinae;

326 4689 570 4751 fratrem
607 4681 845 4746 Domini
876 4679 1098 4743 dictum
1137 4700 1152 4757 ;
1357 4671 1368 4674 ⁷
2141 4678 2622 4743 Commentarius
2654 4678 2713 4740 in
2750 4686 3018 4740 sanctum
3048 4674 3338 4739 Joannem
3368 4671 3701 4755 apostolum

410 4772 752 4854 Martyrium
785 4771 848 4832 S.
883 4771 1125 4832 Arethae
1159 4790 1174 4847 ;
2061 4777 2119 4832 et
2149 4767 2570 4848 evangelistam
2611 4783 2628 4842 ;

415 4863 756 4944 Martyrium
814 4857 923 4924 SS.
955 4858 1235 4922 Marciani
1296 4870 1352 4924 et
1387 4861 1653 4942 martyrii
1711 4859 1976 4924 notario-
2142 4858 2480 4939 Martyrium
2515 4857 2702 4920 sancti
2733 4855 3057 4919 Gallistrati
3085 4863 3144 4918 et
3172 4854 3519 4927 sociorum;

326 4974 461 5021 rum
499 4975 516 5031 ;
2139 4947 2273 5010 Vita
2304 4949 2490 5010 sancti
2526 4945 2864 5010 Charitonis
2890 4945 3256 5009 confessoris
3293 4964 3309 5022 ;

409 5041 748 5123 Martyrium
781 5039 970 5101 sancti
1001 5038 1287 5101 Demetrii
1317 5061 1333 5118 ;
2139 5039 2273 5100 Vita
2300 5039 2486 5100 sancti
2520 5037 2749 5119 Cyriaci
2777 5036 3155 5100 anachoreta
3194 5055 3209 5112 ;

412 5119 751 5212 Martyrium
776 5137 999 5191 sanctae
1031 5129 1362 5192 Anastasis:
1390 5129 1669 5193 Romana:
1690 5130 1973 5205 senioris;
2138 5130 2273 5189 Vita
2331 5136 2390 5190 et
2442 5128 2781 5208 martyrium
2839 5126 3028 5190 sancti
3086 5123 3378 5204 Gregorii,
3435 5119 3702 5202 episcOpi

408 5223 545 5286 Vita
580 5219 771 5284 sancti
799 5217 1064 5280 Abramii
1095 5219 1362 5282 eremitrn
1397 5241 1413 5297 ;
2058 5237 2288 5297 magnae
2316 5217 2621 5281 Armeniae
2654 5238 2671 5299 ;

411 5310 759 5391 Martyrium
791 5306 899 5370 SS.
926 5307 1172 5370 Zenobii
1204 5321 1263 5369 et
1293 5308 1573 5372 Zenobiae
1617 5331 1632 5386 ;
2137 5310 2484 5388 Martyrium
2519 5307 2708 5371 sancti
2757 5305 3006 5389 apostoli
3041 5312 3101 5366 et
3131 5302 3401 5383 martyris
3430 5299 3703 5391 Ananiae,

409 5387 749 5482 Martyrium
781 5399 977 5462 sancti
1011 5397 1375 5480 Epimachi;
2058 5396 2196 5462 Vita
2254 5387 2314 5459 et
2372 5398 2714 5479 martyrium
2773 5387 2881 5461 SS.
2947 5402 3266 5473 martyrum
3327 5387 3605 5472 Cypriani
3645 5394 3704 5450 et

408 5491 540 5554 Vita
580 5490 774 5552 sancti
800 5487 1050 5552 Joannis
1106 5486 1506 5569 Chrysostomi
1541 5488 1978 5570 archiepiscopi
2061 5488 2308 5551 Justina:
2339 5486 2584 5566 virginis
2619 5508 2634 5564 ;

332 5577 974 5660 Constantinopolitani
1011 5599 1027 5655 ;
2139 5577 2481 5656 Martyrium
2513 5575 2704 5638 sancti
2733 5572 2998 5655 Dionysii
3027 5570 3398 5652 Areopagitae
3432 5593 3448 5649 ;

369 5724 378 5739 .
415 5671 752 5755 Martyrium
788 5669 973 5731 sancti
1003 5668 1266 5732 Platonis
1300 5693 1316 5746 ;
2145 5673 2479 5748 Martyrium
2512 5673 2728 5728 sancire
2759 5663 3104 5727 Charistinae
3139 5661 3419 5742 virginis;
