4080 6204
491 328 609 400 303
1217 337 1597 405 SYMEONIS
1637 337 2228 403 METAPHRAST/E
2268 341 2622 405 VITARUM
2667 343 3133 408 CATALOGUS.
3735 346 3841 413 304

570 471 1132 538 Commentariusin
1149 482 1415 537 sanctum
1447 474 1781 555 apostolum
1815 473 2131 546 Thomam;
2152 480 2198 531 Α
2296 475 2638 554 Martyrium
2673 484 2891 537 sancta:
2920 477 3163 555 virginis
3191 475 3522 539 Charitines
3553 501 3569 553 ;

569 559 907 644 Martyrium
941 567 1047 627 SS.
1083 563 1266 643 Scrgii
1303 573 1362 624 et
1391 563 1609 626 Bacchi
1649 585 1664 640 ;
2293 563 2428 625 Vita
2461 573 2519 626 et
2550 565 2896 644 poenitentia
2925 574 3144 628 sanctae
3170 565 3421 644 Pelagia:
3439 566 3839 643 Antiochense;

567 649 704 714 Vita
731 661 949 715 sanctae
976 652 1230 731 Pelagius
1256 651 1645 715 Antiochense
1680 675 1695 725 ;
2292 654 2630 734 Martyrium
2662 653 2766 716 SS.
2802 654 3094 736 Eulampii
3124 662 3185 716 et
3213 655 3535 735 Enlampiaa
3567 679 3581 732 ;

562 738 901 823 Martyrium
935 739 1043 806 SS.
1076 741 1375 821 Eulampii
1407 750 1466 803 et
1495 740 1821 824 Eulampiaa
1857 766 1871 818 ;
2293 743 2627 823 Martyrium
2663 743 2910 822 Longini
2943 744 3311 805 centurionis
3346 764 3362 816 ;

563 827 902 909 Martyrium
933 828 1040 893 SS.
1075 828 1278 905 Probi,
1306 829 1574 893 Tarzechi
1604 838 1664 894 et
1691 831 2014 893 Andronici
2054 854 2068 907 ;
2296 833 2795 909 Commentarius,
2831 835 2888 894 in
2925 843 3190 894 sanctum
3216 833 3547 913 apostolum
3586 840 3645 896 et
3672 853 3844 898 evan-

560 918 902 999 Martyrium
930 919 1039 982 SS.
1073 921 1246 1000 Carpi
1277 921 1542 1003 episcopi
1573 920 1996 1000 Thyatirensis,
2027 924 2132 983 Pa-
2213 923 2485 1002 gelistam
2519 921 2734 984 Lucam
2774 943 2788 998 ;

482 1007 600 1088 pyli
631 1006 872 1069 diaconi
910 1016 965 1070 et
993 1009 1292 1071 sociorum
1333 1032 1348 1087 ;
2299 1011 2636 1091 Martyrium
2669 1011 2857 1073 sancti
2887 1011 3174 1075 Demetrii
3207 1037 3223 1088 ;

563 1096 700 1159 Vita
731 1105 792 1159 et
835 1106 1137 1161 certamen
1170 1099 1278 1164 SS.
1315 1115 1638 1181 martyrum
1688 1099 1938 1173 Nazarii,
1975 1101 2126 1161 Ger-
2293 1099 2426 1162 Vita
2457 1101 2640 1161 sancti
2671 1101 2947 1181 martyris
2983 1122 2999 1178 ;

480 1187 645 1264 vasii,
680 1186 932 1250 Protasii
961 1196 1021 1251 et
1051 1189 1208 1251 Celsi
1241 1211 1264 1262 ;
2292 1188 2422 1250 Vita
2459 1199 2516 1250 et
2549 1189 2888 1268 martyrium
2922 1191 3110 1252 sancti
3140 1191 3424 1269 Stephani
3452 1191 3716 1272 junioris
3741 1192 3846 1254 ab-

556 1276 693 1339 Vita
719 1287 778 1340 et
812 1279 1158 1359 martyrium
1192 1278 1380 1341 sancti
1408 1279 1654 1342 Luciani
1692 1301 1707 1356 ;
2210 1277 2362 1340 batis
2418 1279 2639 1339 montis
2671 1276 2869 1340 Sancti
2901 1280 3200 1353 Auxentii,
3235 1298 3266 1341 e
3315 1286 3560 1360 regione
3591 1281 3847 1362 Byzantii

556 1367 897 1447 Martyrium
930 1367 1120 1430 sancti
1152 1367 1402 1448 Longini
1431 1368 1799 1430 centurionis
1828 1389 1840 1448 ;
2209 1367 2368 1431 circa
2394 1367 2728 1446 Bithyniam
2762 1369 2882 1449 siti,
2918 1369 3014 1448 qui
3047 1373 3120 1432 A.
3157 1368 3220 1432 C.
3249 1370 3384 1442 767,
3411 1371 3486 1432 ob
3518 1379 3844 1433 sanctarum

554 1457 898 1537 Martyrium
935 1457 1125 1520 sancti
1157 1459 1416 1521 Andreae
1449 1463 1502 1520 in
1538 1457 1713 1521 Crisi.
2209 1457 2537 1537 imaginum
2596 1457 2844 1532 cultum,
2878 1458 2990 1520 sub
3023 1458 3167 1540 imp.
3201 1457 3589 1524 Constantino
3619 1462 3844 1541 Copro-

557 1547 1039 1610 Commentarius
1087 1548 1146 1608 in
1177 1555 1446 1610 sanctum
1480 1547 1812 1628 apostolum
1848 1557 1908 1608 et
1939 1563 2120 1608 evan-
2209 1566 2383 1628 nymo
2415 1565 2621 1627 passus
2653 1554 2742 1608 est
2779 1568 2795 1622 ;

475 1634 753 1716 gelistam
784 1641 1009 1700 Lucam
1049 1659 1064 1718 ;
2287 1635 2626 1717 Martyrium
2659 1644 2878 1698 sanctae
2908 1635 3238 1700 Catharinae
3269 1638 3514 1718 virginis
3547 1658 3564 1716 ;

552 1725 894 1807 Martyrium
933 1733 1120 1789 sancti
1149 1725 1282 1789 Vari
1317 1736 1374 1789 et
1403 1728 1699 1789 sociorum
1741 1744 1755 1796 ;
2289 1724 2422 1788 Vita
2473 1726 2658 1788 sancti
2691 1724 3019 1798 Ambrosii,
3054 1727 3317 1808 episcopi
3364 1727 3842 1792 Mediolanensis.

557 1814 898 1896 Martyrium
931 1817 1119 1880 sancti
1157 1817 1408 1882 Artemii
1444 1835 1459 1890 ;
2150 1849 2186 1898 Β
2290 1814 2635 1895 Martyrium
2667 1814 2775 1879 SS.
2811 1824 3132 1896 martyrum
3163 1816 3764 1900 Mente,Hermogenii
3793 1827 3848 1881 et

554 1905 690 1968 Vita
721 1915 778 1968 et
809 1909 1185 1969 conversatio
1216 1908 1403 1969 sancti
1436 1907 1754 1968 Hilarionis
1787 1927 1801 1979 ;
2209 1904 2508 1985 Eugraphi
2542 1923 2558 1979 ;

553 1993 686 2057 Vita
713 1997 902 2058 sancti
934 1995 1201 2060 Abercii.
2287 1995 2626 2074 Martyrium
2685 1993 2793 2057 SS.
2856 1993 3158 2070 Eustratii,
3220 1997 3529 2070 Auxentii,
3577 1997 3843 2077 Eugenii,

556 2083 1033 2148 Commentarius
1065 2085 1125 2147 in
1169 2097 1439 2148 sanctum
1473 2083 1804 2165 apostolum
1835 2082 2123 2146 Jacolium
2208 2083 2482 2147 Mardarii
2514 2093 2572 2146 et
2605 2081 2828 2145 Orestis
2863 2107 2878 2160 ;

475 2175 961 2252 cognominatum
998 2176 1242 2237 fratrem
1276 2175 1511 2237 Domini
1547 2222 1561 2249 ,
2289 2174 2635 2253 Martyrium
2679 2174 2865 2236 sancti
2901 2172 3244 2256 Nicephori,
3273 2177 3550 2258 martyris
3598 2177 3848 2239 Anthio-

560 2267 900 2344 Martyrium
933 2266 1123 2327 sancti
1155 2266 1394 2327 Aretha:
1425 2274 1481 2325 et
1514 2263 1811 2324 sociorum
1845 2285 1860 2338 ;
2209 2265 2338 2326 chao
2369 2265 2427 2324 in
2461 2262 2625 2344 Syria
2658 2285 2674 2337 ;

556 2353 890 2434 Martyrium
911 2353 1311 2419 SS.Marciani
1346 2363 1401 2415 ct
1431 2355 1698 2434 martyrii
1733 2353 2122 2430 notariorum;
2289 2353 2627 2434 Martyrium
2662 2352 2849 2415 sancti
2881 2352 3057 2414 Blasii
3090 2373 3106 2428 ;

553 2445 900 2524 Martyrium
933 2445 1122 2506 sancti
1156 2444 1461 2508 Demetrii.
2287 2443 2624 2523 Martyrium
2656 2442 2849 2504 sancti
2879 2441 3142 2504 Nicethae
3173 2441 3348 2506 Gothi
3385 2467 3401 2524 ;

554 2532 686 2598 Vita
739 2543 797 2596 et
828 2536 1171 2616 martyrium
1218 2544 1436 2597 sanctae
1471 2532 1740 2613 martyris
1799 2532 2126 2594 Anastasiae
2286 2532 2622 2614 Martyrium
2656 2531 2844 2594 sancti
2877 2531 3117 2596 Ananiae
3150 2553 3166 2606 ;

467 2621 751 2689 Romana:
781 2643 797 2700 ;
2285 2623 2759 2684 Commentarius
2783 2621 2840 2682 in
2866 2630 3136 2682 sanctum
3157 2621 3491 2702 apostolum
3517 2621 3837 2709 Thomam;

549 2713 683 2778 Vita
713 2713 1190 2777 sanctiAbramii
1214 2723 1272 2775 et
1295 2721 1512 2775 sancta;
1535 2713 1732 2775 Mariae
1756 2714 1948 2792 neptis
1962 2712 2112 2791 ejus;
2279 2712 2624 2792 Martyrium
2657 2712 2844 2774 sancti
2877 2710 3162 2772 Demetrii
3198 2732 3214 2793 ;

545 2803 890 2884 Martyrium
923 2803 1111 2866 sancti
1142 2803 1387 2864 Zenobii
1418 2811 1475 2864 et
1507 2801 1739 2863 sororis
1771 2802 1899 2880 ejus
1936 2821 1951 2876 ;
2278 2803 2411 2864 Vita
2438 2801 2624 2862 sancti
2645 2800 2954 2881 Symeonis
2973 2801 3190 2881 Stylitas
3213 2801 3389 2883 primi
3415 2801 3543 2867 sive
3563 2805 3835 2883 senioris;

544 2893 890 2974 Martyrium
922 2891 1114 2956 sancti
1146 2891 1452 2972 Epimachi
1491 2911 1506 2970 ;
2275 2892 2614 2977 Martyrium
2647 2891 2836 2952 sancti
2865 2890 3062 2970 magni
3093 2891 3366 2972 martyris
3393 2889 3637 2976 Georgii
3670 2917 3686 2977 ;

546 2980 886 3062 Martyrium
919 2980 1108 3044 sancti
1147 2981 1414 3062 Dionysii
1449 2979 1818 3062 AreOpagitae
1849 3001 1864 3059 ;
2275 2976 2619 3061 Martyrium
2651 2980 2841 3044 sancti
2871 2980 3156 3044 Eustratii
3185 2987 3244 3043 et
3271 2980 3597 3053 sociorum.
