4080 6204
419 341 534 410 307
1703 339 1987 407 MENSIS
2056 342 2514 406 JANUARIUS.
3675 338 3783 405 308
3823 399 3826 401 λ

421 476 661 551 tudine,
698 477 744 539 si
779 470 930 539 nihil
964 473 1146 556 aliud,
1190 473 1405 556 probra
1445 495 1564 538 non
1598 477 1796 539 ferens
1848 476 2078 538 vicino-

2169 500 2266 530 νων
2324 478 2382 532 οὗ
2412 476 2584 555 φέρων
2642 472 2993 548 ὀνειδισμοὺς,
3031 472 3083 529 οἵ
3141 495 3205 547 με
3236 474 3323 529 καὶ
3380 475 3784 548 ύποτωθάζοντες

421 577 582 634 rum,
617 557 716 639 qui
750 575 845 620 me
875 557 1216 636 irridentes,
1254 565 1536 636 tanquam
1595 558 1855 620 sterilem
1892 566 1950 620 et
1978 557 2074 618 in-

2169 567 2234 627 ὼς
2293 564 2481 643 ἅγονόν
2539 587 2595 620 τε
2651 566 2737 620 καὶ
2795 562 3029 641 ἄκαρπον
3088 575 3206 628 τοῖς
3251 561 3466 619 ὀνείδεσι
3523 563 3786 639 βάλλουσι.

420 647 679 710 fertilem
732 645 1018 708 conviciis
1047 652 1360 726 appetunt.
1393 645 1530 708 Haec
1576 645 1682 708 ille
1708 647 1946 727 quidem
1981 647 2075 708 di-

2169 663 2335 713 ΐαῦτα
2411 655 2438 709 ὁ
2499 654 2594 726 μὲν
2665 653 2757 710 σὺν
2819 651 3063 730 δάκρυσιν
3127 651 3277 729 ἔ)εγε
3339 658 3443 708 τῶν
3510 663 3599 712 τοῦ
3665 655 3794 708 θείου

429 737 603 803 cebat
631 754 765 799 cum
789 734 1482 815 lacrymis,prehensans
1509 735 1692 816 pedes
1715 735 2077 798 sacrosancti

2169 745 2408 820 γέροντος
2462 743 2661 800 ἐκείνου
2718 740 2892 798 ποδῶν
2935 741 3258 816 ἁπτόμενος.
3324 733 3381 799 Ὀ
3450 740 3502 796 δὲ
3560 740 3794 817 (συμπα-

423 827 589 891 illius
620 824 805 888 senis.
859 824 962 886 Ille
998 832 1194 886 autem
1226 825 1391 902 (sunt
1435 827 1593 887 enim
1632 824 2072 899 misericordes,

2169 836 2270 898 Bst;
2328 834 2426 911 γὰρ
2457 835 2550 888 καί
2602 831 3026 912 φιλοικτίρμονες
3059 835 3103 886 οἱ
3153 831 3314 910 ἀρετῇ
3343 832 3430 887 καὶ
3459 834 3572 904 Θεῷ
3631 852 3792 908 προσ⁶

427 918 530 998 qui
579 915 778 976 virtuti
812 921 871 974 et
920 913 1041 975 Deo
1073 912 1214 974 dant
1271 915 1544 994 operam)
1599 913 1793 976 verbis
1823 915 2080 976 ﬂectitur

2161 919 2476 1000 ανέχοντες)
2533 935 2651 984 τοῖς
2705 928 2798 978 τοῦ
2850 921 3174 999 Παφνουτίου
3227 940 3526 994 καμπτεται
3581 920 3793 991 ῥήμασι,

430 1005 774 1088 Paphnutii,
809 1012 865 1065 et
923 1020 989 1065 se
1047 1009 1236 1065 totum
1298 1002 1531 1074 confert
1588 1003 1660 1064 ad
1719 1004 2074 1065 orationem.
2160 998 2457 1067 καὶὸλον-
2497 1011 2682 1068 ἑαυτὸν
2737 1009 2910 1088 φέρων
2949 998 3042 1084 ⁷τῇ
3103 1015 3380 1088 προσευχῇ
3451 1007 3677 1069 δίδωσιν,
3739 998 3751 1016 ’

2160 1012 2255 1067 καὶ
2315 1008 2438 1066 ὅλον
2497 1011 2682 1068 ἑαυτὸν
2737 1009 2910 1090 φέρων
2974 1015 3042 1084 τῇ
3103 1015 3380 1088 προσευχῇ
3451 1007 3677 1069 δίδωσιν,
3739 1007 3798 1064 Ἠ

425 1097 572 1159 Justi
596 1095 796 1172 itaque
827 1093 1038 1167 oratio,
1057 1100 1342 1172 operante
1369 1093 1524 1171 apud
1545 1091 1731 1155 Deum
1763 1093 1816 1153 vi
1845 1109 2072 1166 eorum,

426 1202 560 1268 quae
611 1183 804 1265 ipsum
836 1181 908 1243 ad
939 1183 1053 1243 hoc
1090 1181 1513 1262 provocabant,
1547 1183 1793 1262 jejuniis
1828 1191 1886 1245 et
1932 1201 2074 1263 pre-

428 1273 620 1349 cibus,
653 1277 716 1336 et
745 1270 1292 1334 communicatione
1335 1289 1403 1332 ac
1435 1271 1803 1350 benignitate
1829 1272 1891 1334 in
1927 1291 2072 1352 pau-

425 1381 628 1445 peres,
661 1361 772 1426 fuit
825 1359 1109 1424 exaudita
1137 1360 1210 1422 ab
1253 1379 1348 1436 eo,
1381 1361 1483 1442 qui
1514 1361 1676 1424 audit
1706 1379 1917 1443 preces
1967 1381 2074 1422 eo-

428 1452 695 1529 rum,qui
723 1452 917 1532 ipsum
949 1450 1222 1512 invocant
1245 1451 1306 1511 in
1333 1451 1576 1512 veritate
1604 1471 1617 1514 :
1654 1458 1712 1512 et
1743 1451 2074 1532 Paphnutio

2162 1103 2253 1157 τοῦ
2307 1098 2511 1157 δικαίου
2603 1101 2774 1157 τοίδυν
2845 1099 3048 1171 δέησις,
3108 1099 3461 1175 ἒνεργουμένῃ
3553 1104 3619 1172 τῇ
3675 1098 3798 1160 πρὸς

2162 1190 2293 1244 Θεὸν
2366 1191 2534 1246 νεύσει
2591 1195 2694 1244 τῶν
2737 1192 2808 1253 εἰς
2881 1198 3038 1247 τοῦτο
3102 1185 3554 1266 προϐαλλομένων
3623 1186 3791 1257 αὑτὸν,

2161 1291 2278 1344 ταῖς
2326 1281 2592 1344 νηστείαις
2623 1301 2677 1336 τε
2721 1281 2809 1336 καὶ
2841 1292 2962 1341 ταῖς
3020 1282 3376 1357 προσευψαϊς,
3408 1278 3504 1332 καί
3546 1281 3622 1347 τῷ
3673 1275 3795 1350 πρὸς

2157 1379 2277 1434 τοὺς
2361 1367 2642 1444 δεομένους
2725 1375 3024 1442 κοινωνικῴ
3099 1390 3153 1423 τε
3255 1369 3339 1423 καὶ
3429 1363 3796 1446 φιλανθρώπῳ,

2161 1458 2488 1516 ἐπακούοντα
2559 1457 2688 1538 ἔσχε
2733 1459 2822 1514 τὸν
2882 1458 2968 1512 ἀεὶ
3023 1461 3121 1523 τῆς
3176 1455 3408 1525 δεήσεως
3467 1453 3800 1510 εἰσακούοντα

429 1543 695 1607 nascitur
748 1543 952 1617 ﬁliola,
985 1560 1120 1623 quae
1165 1542 1238 1604 ab
1269 1541 1516 1603 infantia
1565 1560 1684 1623 pra:
1737 1561 1802 1605 se
1851 1543 2079 1605 ferebat

2169 1550 2266 1605 τῶν
2311 1547 2363 1604 ἐν
2414 1546 2634 1619 ἀληθείᾴ
2697 1545 3130 1620 ἐπικαλουμένων
3187 1547 3365 1607 αὒτόν,
3423 1545 3518 1602 Καὶ
3567 1547 3802 1620 γεννᾶται

428 1633 710 1697 eximiam
770 1632 1035 1713 corporis
1095 1631 1658 1712 pulchritudinem:
1724 1651 1852 1713 qua}
1899 1635 2075 1694 etiam

2169 1644 2240 1711 τῷ
2299 1637 2638 1715 Παρφνουτίῳ
2670 1637 2944 1714 θυγάτριον
3006 1634 3214 1700 πολλὴν
3243 1634 3303 1690 ὲκ
3357 1632 3578 1711 βρέφους
3607 1630 3803 1707 ἐμφαῖ-

426 1723 638 1804 utique
689 1721 1104 1786 subindicabat
1135 1721 1464 1800 elegantem
1514 1733 1571 1783 et
1614 1721 1851 1798 scitum,
1888 1723 1987 1802 qui
2019 1721 2079 1782 in

2169 1748 2253 1783 νον
2287 1727 2384 1793 τὴν
2429 1727 2744 1800 σωματικὴν
2799 1723 3278 1803 d)p1tdt~r,ta,i"mc
3327 1723 3474 1801 τάλα
3527 1721 3621 1786 τὴν
3679 1716 3807 1792 μετὰ

433 1832 506 1876 ea
536 1820 739 1893 postea
770 1811 902 1883 fuit,
935 1811 1200 1873 animum
1240 1833 1252 1871 :
1280 1819 1337 1872 et
1370 1811 1640 1891 protinus
1673 1811 1917 1888 quidem
1956 1811 2079 1873 sol-

2169 1823 2332 1872 ταῦτα
2403 1821 2500 1883 τῆς
2547 1820 2734 1894 ψυχῆς
2777 1814 3101 1894 ὑπέμφαινεν
3160 1812 3502 1878 ἆστειότητα⁸
3564 1810 3648 1864 καὶ
3703 1807 3810 1863 λύει

431 1903 514 1964 vit
545 1901 755 1964 matris
787 1901 1043 1963 ﬁliorum
1081 1906 1427 1981 egestatem,
1461 1900 1633 1962 solvit
1660 1908 1854 1962 autem
1900 1901 2079 1982 patris

2169 1905 2268 1976 μὲν
2328 1905 2471 1970 εὐθὺς
2533 1905 2735 1983 μητρὸς
2798 1903 3065 1978 ἀτεκνίαν,
3101 1902 3210 1958 λύει
3254 1899 3306 1956 δὲ
3355 1902 3446 1957 καὶ
3476 1900 3672 1971 πατρὸς
3719 1897 3810 1961 τὴν

433 2009 671 2073 quoque
719 1989 1045 2054 tristitiam.
1090 1988 1164 2058 Ut
1218 2007 1356 2068 ergo
1406 1989 1582 2051 etiam
1645 1998 1810 2052 esset
1864 2009 2079 2052 nomen

2169 1996 2482 2074 κατήφειαν,
2547 1994 2664 2051 Ἵνα
2723 1995 2810 2048 οὖν
2878 1993 3078 2048 οἰκεῖον
3115 1992 3251 2067 αύτῇ
3302 1992 3392 2047 καὶ
3439 1991 3500 2046 τὸ
3538 1987 3701 2061 ὄνομα
3750 1983 3806 2061 ἧ,

432 2080 800 2144 conveniens
831 2079 916 2141 illi
937 2080 1232 2160 rei,quam
1265 2086 1433 2141 erant
1463 2079 1747 2154 assecuti,
1781 2097 1910 2141 eam
1936 2097 2078 2160 pro-

2169 2083 2325 2160 οὗπερ
2396 2085 2534 2142 οὗτοὶ
2596 2083 2905 2160 πράγματος
2965 2080 3254 2160 ἀπέλαυον,
3316 2086 3410 2136 τοῦ
3481 2077 3532 2156 γ’
3603 2076 3806 2138 ἐκείνην

432 2169 594 2234 tinus
623 2168 934 2232 nominant
989 2167 1466 2249 Euphrosynem,
1499 2169 1612 2230 hoc
1641 2178 1749 2244 est,
1791 2169 2072 2230 laetitiam.

512 2345 614 2412 III.
649 2345 817 2410 Hanc
848 2364 993 2427 ergo
1016 2345 1548 2428 Paphnutius,cum
1582 2356 1741 2410 esset
1771 2347 1885 2410 tide
1916 2347 2078 2410 fruc-

435 2435 757 2517 tus,alebat
778 2436 978 2517 potius
1005 2438 1424 2518 virtute,quam
1445 2435 1518 2498 iis
1538 2455 1666 2518 quae
1688 2454 1927 2499 carnem
1954 2435 2080 2516 pin-

428 2524 790 2604 guetaciunt:
812 2535 871 2589 et
901 2525 974 2586 iis
995 2543 1128 2606 qum
1148 2533 1302 2588 stant
1323 2544 1389 2587 ac
1424 2531 1882 2607 manent,magis
1904 2545 2080 2606 quam

430 2616 510 2678 iis
539 2633 676 2693 quas
706 2615 1452 2698 eﬂlorescunt,persuadet
1473 2615 1737 2677 animum
1768 2615 2078 2690 adhibere,

431 2712 494 2770 et
508 2705 722 2768 anima:
744 2723 946 2768 curam
973 2721 1188 2786 gerere
1205 2705 1293 2767 rei
1317 2703 1885 2782 immortalis,magis
1907 2723 2080 2785 quam

429 2795 564 2875 ejus
587 2793 744 2874 quod
771 2794 888 2856 cito
908 2793 1505 2869 marcescit,docebat
1523 2794 1809 2872 corporis.
1835 2792 2084 2874 Ipsaque

427 2883 735 2964 aspiciens
757 2883 830 2943 ad
857 2882 1132 2946 virtutem
1163 2890 1563 2962 parentum,et
1583 2880 1658 2942 ab
1682 2881 1917 2943 illorum
1940 2901 2076 2961 pro-

430 2977 610 3034 bitate
641 2976 900 3033 animum
923 2989 1042 3033 non
1071 2975 1291 3032 habens
1312 2975 2081 3046 discrepantem,crescebat,

431 3068 499 3123 ut.
528 3075 801 3138 corpore,
839 3061 914 3120 ita
943 3059 1123 3121 etiam
1147 3059 1360 3120 animae
1392 3058 2007 3139 pulchritudine.Erat
2029 3059 2082 3119 ei

426 3151 554 3232 jam
587 3166 782 3210 annus
833 3147 1252 3222 duodecimus,
1286 3156 1343 3209 et
1373 3155 1562 3210 mater
1591 3166 1623 3209 e
1667 3155 1778 3209 vita
1807 3148 2082 3227 praesenti

432 3211 793 3302 excesserat.
843 3236 990 3299 Filia
1022 3211 1362 3300 autem'sic
1392 3237 1664 3313 formata,
1701 3245 1757 3298 et
1807 3211 1862 3298 ei
1915 3211 2144 3299 aztatec

439 3327 806 3410 procedente
851 3326 1124 3389 virtutem
1160 3327 1355 3405 magis
1379 3326 1605 3388 habens
1636 3328 1937 3399 accedem,
1972 3327 2083 3389 de-

438 3416 744 3480 siderabat
774 3434 982 3478 verum
1039 3434 1347 3496 sponsum,
1375 3424 1454 3493 et,
1489 3434 1666 3492 quam
1721 3416 1824 3478 ille
1867 3417 2080 3496 diligit,

434 3525 636 3570 curam
661 3505 1136 3586 gerebatanimze
1153 3505 1615 3586 pulchritudinis
1646 3506 1757 3578 Qui
1781 3514 1975 3568 autem
2000 3515 2086 3567 at-

432 3594 758 3661 tendebant
790 3613 888 3658 res
909 3595 1070 3658 solas
1091 3611 1432 3674 corporeas,
1459 3601 1516 3656 et
1546 3595 1895 3672 spectabant
1923 3595 2084 3657 illius

427 3687 682 3748 formam
708 3683 999 3765 corporis,
1027 3693 1086 3746 et
1105 3693 1266 3746 recte
1296 3682 1585 3759 sciebant,
1603 3702 1777 3764 quam
1799 3694 1954 3746 esset
1981 3703 2082 3745 no-

431 3774 539 3838 bili
569 3773 699 3837 loco
733 3780 1166 3846 nata,octavum
1191 3773 1490 3835 decimum
1513 3775 1631 3850 jam
1657 3791 1876 3834 annum
1906 3791 2080 3852 agen-

431 3873 551 3928 tem
598 3871 824 3945 patrem
859 3863 1311 3938 convenientes,
1347 3861 1625 3943 petebant
1657 3862 1715 3922 in
1773 3862 2078 3923 matrimo-

429 3954 622 4017 nium.
656 3952 712 4014 Is
736 3962 958 4031 autem,
993 3971 1128 4014 cum
1158 3971 1276 4014 non
1309 3960 1508 4032 posset
1539 3969 1746 4013 eorum
1791 3952 2080 4031 postulata

428 4040 989 4122 repellere,uni,qui
1017 4041 1327 4120 praestabat
1357 4039 1634 4100 omnibus
1656 4039 2082 4119 opilius,gloria

431 4137 492 4192 et
517 4130 762 4206 virtute,
797 4129 1124 4210 deSpondet
1178 4129 1456 4209 puellam,
1493 4128 1804 4190 consilium
1840 4130 2082 4210 capiens

430 4221 560 4298 ejus
612 4218 851 4293 virtute,
916 4219 1090 4297 longe
1144 4217 1651 4297 indignissimum,
1686 4227 1748 4279 ut
1805 4219 1907 4299 qui
1962 4239 2080 4280 non

430 4307 733 4390 aspexerit
783 4307 855 4369 ad
889 4307 1024 4369 ﬁlia:
1060 4325 1183 4368 sua)
1224 4315 1463 4380 statum,
1500 4315 1555 4366 et
1589 4307 1750 4367 illius
1784 4308 1842 4368 in
1893 4311 2078 4371 Deum

431 4398 711 4480 pietatem
752 4418 766 4461 :
801 4415 914 4459 nec
941 4397 1098 4478 quod
1134 4405 1253 4457 tota
1285 4395 1568 4457 evasisset
1599 4395 1720 4457 Deo
1754 4397 2078 4470 familiaris,

428 4492 606 4568 etque
637 4485 748 4548 solt
784 4485 1048 4566 placere,
1083 4491 1140 4547 et
1174 4485 1305 4565 ejus
1355 4503 1575 4564 sponsa
1610 4493 1893 4564 perpetuo
1927 4493 2082 4546 esset

2161 2171 2441 2229 καλεῖσθαι
2518 2171 2830 2250 διέγνωσαν,
2907 2171 3001 2225 καί
3077 2169 3413 2248 Εὐφροσύνην
3487 2168 3630 2228 εὐθὺς
3689 2165 3807 2220 ὀνο-

2165 2263 2407 2336 μάζουσι.

2246 2357 2280 2406 Γ
2285 2348 2327 2412 ’.
2361 2351 2567 2420 Ταύτήν
2617 2352 2704 2406 οὖν
2736 2354 2761 2406 ὁ
2823 2351 3147 2428 Παφνούτιος
3195 2351 3358 2428 εὖχῇς
3391 2348 3553 2404 οὖσαν
3612 2344 3803 2419 καρπὸν

2165 2442 2326 2517 ἀρετῇ
2417 2439 2621 2516 μᾶλλον
2695 2441 2730 2508 ἢ
2817 2441 2915 2506 τὴν
2989 2439 3156 2510 σάρκα
3238 2439 3535 2494 πιαίνουσιν
3604 2436 3800 2512 ἔτρεφε,

2166 2533 2253 2587 καὶ
2337 2544 2453 2595 τοῖς
2527 2529 2718 2586 ἓστῶσι
2777 2531 2862 2584 καὶ
2916 2529 3182 2603 μένουσιν,
3259 2528 3293 2594 ἢ
3355 2541 3472 2589 τοῖς
3529 2527 3804 2582 ἀπανθοῦσι

2168 2620 2522 2699 προσανέχειν
2571 2620 2834 2692 ἀνέπειθε,
2869 2619 2954 2674 καὶ
3005 2622 3188 2695 ψυχῆς
3221 2615 3592 2690 ἐπιμελεῖσθαι
3639 2613 3806 2690 πράγ-

2171 2731 2338 2785 ματος
2396 2709 2678 2779 ἀθανάτου,
2732 2709 2768 2776 ἢ
2814 2715 2904 2765 τοῦ
2947 2708 3085 2786 ταχὺ
3137 2706 3528 2782 μαραινομένου
3583 2701 3806 2760 ἐδίδασκε

2175 2801 2450 2872 σώματος.
2517 2800 2613 2856 Καὶ
2673 2799 2805 2864 αύτή
2861 2796 2989 2872 πρός
3053 2817 3104 2851 τε
3176 2797 3277 2862 τὴν
3334 2802 3442 2853 τῶν
3483 2793 3810 2874 γεννητόρων

2169 2888 2361 2964 ἀρετὴν
2419 2894 2694 2964 αφορῶσα,
2729 2886 2942 2953 καὶτῆς
3002 2885 3218 2941 ἐκείνων
3265 2883 3657 2963 καλοκαγαθίας
3719 2881 3809 2947 τὴν

2168 2976 2389 3050 γνώμην
2454 2975 2548 3031 οὒκ
2607 2973 2908 3047 ἀπᾴδουσαν
2987 2973 3186 3052 ἔχουσα
3240 2972 3460 3040 ηὔξανεν
3519 2974 3694 3048 ὥσπερ
3747 2968 3809 3035 δὴ

2167 3064 2397 3137 σώματι,
2453 3063 2590 3120 οὕτω
2649 3064 2735 3120 καὶ
2788 3069 2972 3142 ψυχῆς
3032 3065 3341 3141 ὡραιότητι.
3420 3064 3581 3126 ’Ἑτος
3651 3060 3807 3126 ταύτῃ

2168 3150 2463 3210 δωδέκατον
2523 3153 2610 3226 ἦν,
2647 3155 2730 3208 καὶ
2763 3154 2796 3220 ἡ
2844 3154 3023 3228 μήτηρ
3054 3153 3167 3228 βίου
3220 3160 3309 3209 τοῦ
3341 3154 3602 3229 παρόντος
3646 3150 3804 3214 ἀπῆν·

2167 3243 2202 3310 ἡ
2269 3255 2401 3304 παῖς
2447 3239 2501 3296 δὲ
2560 3241 2696 3297 οὕτω
2780 3240 3230 3319 διαπραττομένη,
3289 3242 3377 3297 καὶ
3436 3247 3536 3311 τῆς
3609 3237 3807 3306 ἡλικίας

2169 3331 2302 3398 αὖτῆ
2367 3331 2797 3411 προκοπτούσης,
2839 3333 2916 3387 καὶ
2965 3332 3062 3399 τὴν
3109 3331 3300 3407 ἀρετὴν
3352 3330 3562 3410 ἔχουσα
3619 3325 3814 3394 μᾶλλον

2169 3421 2608 3499 προστιθεμένην,
2671 3422 2760 3476 τὸν
2814 3420 2988 3488 ὀληθῆ
3048 3422 3279 3500 Νυμφίον
3350 3421 3559 3493 ἐπόθει,
3609 3419 3693 3476 καὶ
3758 3414 3814 3473 οὗ

2169 3508 2373 3567 ἐκεῖνος
2433 3509 2524 3587 ἐρᾷ
2555 3513 2792 3588 ψυχικοῦ
2850 3507 3076 3571 κάλλους
3109 3509 3448 3585 ἐπεμελεῖτο.
3517 3513 3575 3569 Οἱ
3604 3507 3658 3564 δὲ
3702 3517 3810 3568 τοῖς

2169 3611 2501 3672 σωματικοῖς
2560 3601 2742 3673 μόνοις
2781 3601 3177 3677 προσκείμενοι,
3210 3601 3309 3669 τήν
3371 3622 3424 3656 τε
3482 3610 3582 3659 τοῦ
3625 3601 3806 3672 σώμα-

2165 3709 2256 3751 τος
2315 3687 2455 3764 ὤραν
2504 3690 2757 3764 ὁρῶντες,
2793 3689 2875 3744 καὶ
2936 3689 3081 3750 ὅπως
3142 3693 3404 3766 εὖγενεεας
3453 3695 3616 3769 εἶχεν
3659 3688 3802 3762 ἂκρι·

2164 3774 2268 3840 ϐὡς
2327 3775 2696 3851 ἐπιστάμενοι,
2760 3777 2902 3832 ὀκτὼ
2956 3777 3042 3833 καὶ
3099 3775 3316 3834 δέκατον
3374 3777 3492 3842 ἔτος
3549 3801 3648 3836 που
3704 3774 3806 3830 δια·

2163 3867 2406 3939 νύουσαν,
2443 3867 2513 3928 εἰς
2575 3865 2764 3942 λόγους
2819 3867 3110 3945 ερχόμενοι
3153 3874 3229 3941 τῷ
3279 3870 3650 3944 γεγεννηκότι,
3682 3865 3806 3942 πρὸς

2165 3954 2453 4028 μνηστείαν
2509 3954 2702 4020 ταύτην
2729 3955 2970 4029 ᾐτοῦντο,
3037 3947 3094 4012 Ὀ
3123 3954 3178 4011 δὲ
3235 3955 3328 4020 τοίς
3374 3957 3578 4014 τούτων
3636 3955 3806 4012 ἐντεύ-

2165 4039 2268 4107 ξεις
2325 4043 2428 4122 οὺχ
2480 4044 2595 4106 οἷός
2657 4066 2711 4099 τε
2770 4044 2842 4099 ὢν
2914 4044 3244 4124 ἀπώσασθαι,
3309 4047 3380 4101 ἐνὶ
3437 4053 3548 4102 τῶν
3605 4047 3808 4102 πάντων

2167 4132 2376 4204 πλούτῳ
2407 4153 2462 4187 τε
2508 4136 2593 4188 καὶ
2625 4131 2749 4208 δόξῃ
2809 4135 2896 4189 καὶ
2929 4134 3089 4209 ἀρετῇ
3145 4132 3460 4214 διαφέροντι,
3494 4138 3592 4203 τὴν
3650 4131 3809 4191 παῖδα

2167 4228 2542 4299 κατεγγυᾶται·
2595 4222 2727 4278 πολὺ
2785 4223 2879 4288 τῆς
2917 4225 3112 4285 οἰκείας
3172 4224 3363 4298 ἀρετῆς
3425 4225 3633 4292 ἀνάξιον
3687 4225 3808 4300 βου·

2164 4309 2511 4385 λευσάμενος,
2543 4311 2635 4366 ἅτε
2696 4313 2772 4384 μὴ
2831 4315 2960 4389 πρὸς
3005 4313 3104 4380 τὴν
3158 4318 3256 4379 τῆς
3302 4313 3486 4380 παιδὸς
3542 4315 3808 4370 κατάστα-

2165 4421 2246 4454 σιν
2285 4398 2510 4477 ἀπιδὼν,
2547 4401 2633 4455 καὶ
2689 4402 2748 4455 τὸ
2802 4403 3006 4468 ἐκείνης
3066 4401 3329 4480 φιλόθεοι,
3364 4406 3457 4459 καί
3502 4405 3646 4467 ὅπως
3710 4401 3805 4464 ὅλη

2165 4495 2279 4561 Θεῷ
2348 4489 2744 4565 προσώκείωτο,
2818 4491 2911 4546 καί
2984 4493 3152 4563 τούτῳ
3223 4493 3404 4569 ἆρέσαι
3490 4493 3660 4566 μόνῳ,
3725 4490 3810 4544 καὶ

429 4575 734 4640 meditata.
769 4575 994 4638 Horum
1054 4592 1195 4654 ergo
1226 4574 1328 4635 ille
1360 4573 1508 4635 nihil
1559 4582 1865 4653 reputans,
1902 4592 2073 4654 para-

2169 4579 2303 4651 αὖτῷ
2361 4578 2710 4657 νυμφευθῆναι
2767 4579 2849 4635 διὰ
2907 4579 3136 4653 μελέτης
3197 4581 3412 4640 ἐτίθετο.
3475 4593 3684 4640 Τούτων
3723 4579 3809 4635 οὖν

426 4665 531 4729 bat
552 4665 790 4745 nuptias
812 4665 947 4727 ﬁliae
975 4664 1223 4726 minime
1259 4663 1705 4725 convenientes.
1739 4662 1852 4726 Sed
1884 4665 2080 4725 zelans

430 4755 639 4818 zelavit
661 4753 946 4816 Dominus
973 4756 1100 4831 ejus
1121 4772 1296 4816 verus
1317 4771 1592 4834 sponsus,
1622 4759 1681 4814 et
1709 4751 1924 4834 abripit
1947 4759 2081 4835 qut-

431 4844 568 4906 dem
600 4861 632 4904 a
665 4843 1068 4923 matrimonio,
1105 4851 1161 4904 et
1184 4844 1280 4916 iis,
1315 4861 1446 4923 quae
1475 4854 1923 4923 consequuntur
1954 4862 2081 4904 ma-

431 4931 803 5007 trimonium,
836 4940 900 4994 ut
945 4931 1280 5012 procedens
1337 4931 1610 4994 ostendet
1661 4933 1892 4996 oratio:
1954 4951 2082 4992 eam

429 5028 624 5083 autem
685 5020 758 5082 ad
809 5023 986 5084 vitam
1049 5021 1354 5102 compellit
1410 5021 1900 5101 praestantiorem,
1957 5039 2086 5100 quae

429 5127 559 5172 eam
593 5108 706 5190 ipsi
740 5109 1149 5190 conjungebat
1191 5128 1294 5190 per
1325 5109 1568 5170 multam
1605 5109 1937 5188 puritatem.

508 5199 606 5263 IV.
642 5200 791 5262 Nam
829 5217 964 5262 cum
993 5207 1159 5279 pater
1187 5199 1429 5280 quidem
1455 5199 1567 5259 hoc
1598 5197 1855 5277 cepisset
1877 5200 2079 5259 consi-

428 5291 598 5365 lium,
633 5305 752 5350 non
777 5297 935 5352 esset
957 5295 1157 5350 autem
1190 5287 1292 5349 illa
1324 5295 1467 5363 tuta,
1502 5287 1549 5349 si
1578 5304 1693 5348 non
1725 5286 1887 5348 sonis
1916 5287 2080 5366 prius

429 5396 674 5459 precum
703 5380 1292 5459 particeps,quarum
1318 5383 1446 5456 ipsa
1467 5384 1592 5438 erat
1614 5375 1958 5447 fructus,sic
1985 5394 2080 5437 ve-

428 5467 590 5529 niret
617 5467 690 5530 ad
724 5467 983 5548 nuptias,
1013 5466 1450 5528 benedictionis
1479 5465 1664 5544 gratia
1691 5464 1762 5525 ad
1799 5483 2076 5544 magnum

429 5554 600 5616 illum
627 5573 829 5620 senem
851 5557 1016 5619 venit
1041 5575 1174 5618 cum
1203 5565 1468 5638 parente.
1503 5553 1730 5616 Deinde
1755 5573 1885 5614 cum
1921 5555 2080 5616 illius

433 5641 696 5705 audisset
725 5663 1056 5722 sermones,
1087 5654 1146 5707 et
1180 5645 1602 5708 monachorum
1640 5652 1778 5707 tunc
1818 5643 2073 5723 primum

2167 4668 2371 4730 ἐκεῖνος
2429 4667 2577 4722 οὒὲὲν
2644 4666 3129 4749 ὑπολογισάμενος,
3188 4672 3359 4747 γάμον
3419 4670 3688 4743 ἀπᾴδοντα
3745 4671 3808 4741 τῇ

2164 4755 2308 4813 παιδὶ
2391 4758 2791 4834 παρεσκεύαζεν.
2853 4756 3020 4814 Ἀλλὰ
3076 4759 3251 4830 ζηλῶν
3313 4759 3546 4831 ἐζήλωσε
3623 4760 3805 4835 Κύριος

2167 4849 2193 4902 ὁ
2242 4844 2444 4913 ἀληθὴς
2527 4847 2718 4912 ταύτης
2779 4848 3020 4925 νυμφίος,
3083 4851 3169 4904 καὶ
3222 4849 3514 4928 ἀφαρπάζει
3573 4850 3693 4923 μέν,
3732 4848 3800 4908 ὡς

2167 4935 2372 5010 προϊὼν
2431 4937 2458 4990 ὁ
2516 4934 2675 5012 λόγος
2735 4933 2990 5009 δηλώσει,
3035 4939 3207 5013 γάμου
3270 4959 3324 4993 τε
3383 4940 3468 4994 καὶ
3514 4946 3620 4994 τῶν
3675 4935 3802 5010 μετὰ

2168 5024 2376 5100 γάμων·
2443 5026 2512 5085 εἰς
2567 5025 2678 5100 βίον
2735 5022 2787 5079 δὲ
2849 5027 3047 5091 ταύτην
3099 5028 3367 5102 κρείττονα
3424 5031 3670 5099 συνωθεῖ,
3716 5027 3801 5079 τὸν

2165 5112 2247 5168 διὰ
2281 5111 2484 5179 πολλῆς
2519 5117 2660 5187 αὐτῴ
2692 5113 3019 5171 συνάπτοντα
3051 5117 3432 5193 καθαρότητος.

2249 5200 2309 5256 A'
2388 5194 2446 5256 ’ρ
2556 5203 2568 5219 ‘
2736 5210 2794 5240 ὀ
2863 5211 2929 5242 η’
3134 5206 3148 5226 ‘
3238 5205 3254 5222 ‘
3491 5207 3502 5226 '
3747 5202 3762 5222 ’

2319 5249 2332 5264 .
2427 5223 2480 5264 -ς
2513 5224 2613 5280 γαρ
2670 5225 2831 5258 ταυ.α
2873 5228 2939 5278 .ῳ
2997 5227 3150 5282 πατρι
3197 5227 3292 5278 μεν
3350 5205 3685 5282 βεϐούλευτο,
3714 5222 3804 5259 ουκ

2162 5293 2224 5356 ἧν
2271 5288 2322 5346 δὲ
2383 5290 2614 5371 ἀσφαλὲς
2676 5290 2770 5367 ἄρα
2828 5295 2904 5367 μὴ
2963 5293 3348 5373 μετειληφυῖαν
3405 5294 3500 5352 καῖ
3556 5300 3661 5350 τῶν
3716 5298 3804 5346 τοῦ

2162 5378 2406 5457 γέροντος
2463 5380 2638 5460 εοόχῶν
2684 5381 2964 5460 πρότερον,
2996 5383 3068 5438 ὧν
3114 5388 3204 5438 καί
3255 5386 3456 5461 καρπὸς
3520 5383 3806 5458 ἐτύγχανεν

2162 5468 2318 5542 αὕτη,
2347 5469 2483 5524 οὕτω
2541 5471 2672 5544 πρὸς
2722 5473 2811 5526 τὸν
2869 5471 3042 5547 γάμον
3091 5471 3289 5547 ἐλθεῖν,
3351 5472 3595 5550 εὐλογίας
3653 5468 3800 5547 χῖρυ-

2163 5571 2290 5634 πρὸς
2361 5558 2449 5614 τόν
2529 5559 2696 5635 μέγαν
2757 5558 2964 5616 ἐκεῖνον
3050 5561 3161 5634 ἅμα
3231 5568 3308 5634 τῷ
3364 5561 3570 5618 τεκόντι
3629 5561 3803 5636 φοιτᾷ.

2164 5651 2296 5704 Εἶτα
2355 5645 2528 5723 λόγων
2559 5647 2756 5703 ἑκείνου
2808 5647 3100 5728 ἀκούσασα,
3138 5651 3222 5705 καὶ
3266 5650 3362 5716 τὴν
3394 5653 3497 5706 τῶν
3549 5643 3802 5725 μοναχὼδ
