4080 6204
405 261 516 330 311
1692 263 1973 328 MENSIS
2029 314 2031 325 ,

2120 262 2483 330 NUARIUS.
3662 264 3780 330 312

406 408 603 465 autem
666 402 942 480 prompto
975 403 1035 460 et
1086 395 1269 460 alacri
1315 395 1518 458 animo
1580 395 1871 476 implevit,
1906 416 2031 476 quot

2120 399 2291 478 ,φέρει
2349 401 2434 456 καὶ
2495 413 2616 464 τοῖς
2678 402 2833 460 αὖτοῦ
2893 399 3073 479 λόγοις
3119 399 3262 466 εὐθὺς
3324 398 3421 469 τήν
3465 400 3778 477 εὔπείθειαν,

404 506 616 572 preces
645 490 987 564 consuetas,
1023 497 1082 548 et
1111 484 1400 567 quidquid
1436 493 1565 547 erat
1598 484 1663 546 in
1694 503 1860 549 more
1892 485 2031 566 posi-

2142 489 2229 543 καὶ
2304 496 2397 547 τοό
2454 495 2559 547 τῶν
2623 493 2880 571 μοναχῶν
2952 490 3238 558 ἆξιωθῆνπι
3319 492 3602 569 σχήματος
3658 497 3781 566 παρ’

407 575 983 659 tum,implevisset,
1020 576 1353 637 mouastico
1414 592 1545 637 eam
1576 572 1771 636 induit
1825 573 2029 636 habitu

2139 575 2337 634 ἐκείνου
2398 577 2668 651 ἐπιζητεῖ·
2715 581 2804 636 καὶ
2861 578 2953 658 ὅγε
2985 581 3250 657 πρόθυμος
3308 580 3372 649 ἧς
3406 582 3466 636 τὸ
3521 582 3785 657 ζητούμε-

404 667 642 732 Etcum
676 673 950 747 precatus
981 671 1139 727 esset
1168 665 1224 726 ei
1263 664 1442 726 tinem
1477 682 1657 746 scopo
1688 663 2031 728 convenien-

2137 689 2224 724 νον
2281 668 2602 747 ἐκπληροῦν,
2654 671 2742 726 καὶ
2800 670 2895 730 τὰς
2950 671 3188 739 συνήθεις
3261 668 3426 748 εὒχὰς
3471 671 3653 729 αὐτίκα
3699 672 3787 729 καὶ

404 767 550 833 tem,
585 755 644 818 in
674 773 850 818 suum
879 752 1195 816 revertitur
1225 755 1675 816 monasterium.

2134 762 2236 812 πᾶν
2308 755 2438 835 ὅπερ
2509 755 2686 833 ἔθιμον
2745 759 2810 827 ἧν
2865 757 3167 833 ἐκτελέσας,
3227 760 3288 814 τὸ
3344 759 3450 815 τῶν
3528 766 3785 839 μοναχῶν

404 848 538 916 αὖτῆ
606 842 915 922 περιϐάλλει
971 840 1186 924 σχῆμα,
1263 842 1651 921 Ἐπευξάμενός
1711 864 1767 900 τε
1814 848 1946 921 αὖτῇ
1990 842 2139 907 τέλος
2185 851 2262 920 τῷ
2321 852 2507 921 σκοπῴ
2567 847 2854 927 συμφέρον,
2915 849 2986 913 εἰς
3043 847 3140 915 τήν
3196 847 3395 903 οἰκείαν
3453 847 3783 926 ἐπαναστρέ-

406 958 491 1018 ipsi.
523 936 716 1010 μονήν.
1834 1006 1839 1009 _

482 1024 613 1088 VII.
646 1026 966 1103 Postquam
1026 1029 1223 1086 autem
1259 1024 1391 1103 pius
1420 1022 1521 1085 ille
1552 1041 1734 1085 senex
1764 1023 2031 1085 recessis‘

2221 1023 2297 1088 Z'.
2376 1026 2527 1084 Ἐπεὶ
2598 1025 2652 1084 δὲ
2715 1029 2802 1084 καὶ
2875 1031 2902 1084 6
2952 1025 3202 1107 θεοφιλὴς
3261 1026 3467 1093 ἐκεῖνος
3524 1028 3783 1109 ἀνεχώρει

405 1124 521 1189 set,
555 1110 965 1176 contiderabat
1007 1111 1163 1192 apud
1197 1129 1262 1174 se
1309 1110 1723 1193 Euphrosyne,
1757 1112 2031 1201 quomodt

2139 1113 2465 1192 πρεσϐύτης,
2542 1116 2756 1174 ἐσκόπει
2854 1118 2973 1176 καθ’
3061 1117 3250 1185 ἑαυτὴν
3320 1119 3355 1184 ἡ
3454 1119 3779 1201 Εὖφροσύνη,

409 1209 467 1266 et
490 1203 595 1267 ubi
617 1201 730 1266 sibi
756 1201 965 1264 datum
997 1201 1071 1264 ad
1096 1210 1488 1263 mercaturam
1520 1209 1828 1263 exerceret
1860 1195 2031 1263 talen-

2139 1206 2253 1267 πῶς
2313 1207 2376 1261 ἂν
2428 1209 2515 1264 καὶ
2572 1214 2675 1264 ποῦ
2716 1207 2778 1265 τὰ
2834 1205 2979 1265 δοθὲδ
3036 1210 3169 1284 αὐτῇ
3222 1207 3538 1286 εμποριύσοι
3579 1210 3640 1265 τὸ
3682 1210 3783 1266 τά·

405 1301 557 1369 tum,
584 1290 841 1355 maxime
864 1308 998 1354 cum
1030 1288 1213 1353 sciret
1240 1298 1468 1369 patrem
1498 1288 1613 1352 sibi
1634 1289 1761 1353 fore
1788 1289 2031 1371 impedi-

2138 1292 2351 1371 λαντον,
2413 1294 2589 1359 ἄλλως
2648 1318 2706 1354 τε
2763 1298 2853 1354 καὶ
2906 1298 2994 1354 τὸν
3057 1296 3260 1371 πατέρα
3314 1295 3483 1354 εἰδυῖα
3538 1297 3784 1373 ἐμποδὼν

404 1390 608 1445 mento
632 1380 704 1444 ad
735 1380 794 1442 id
812 1379 969 1463 quod
993 1377 1395 1442 desiderabat.
1426 1379 1573 1443 Cum
1595 1397 1736 1457 ergo
1757 1379 2030 1461 quassivis

2136 1384 2274 1460 αὖτῇ
2329 1386 2462 1463 πρὸς
2520 1386 2581 1443 τὸ
2637 1387 2963 1463 ποθούμενον
3017 1385 3250 1450 ἔσεσθαι,
3317 1377 3406 1452 Ὠς
3464 1388 3552 1443 οὖν
3607 1389 3782 1459 ὶζήτει

405 1481 496 1536 set
527 1470 791 1551 modum,
823 1488 931 1550 per
951 1487 1129 1551 quem
1150 1477 1353 1550 posset
1375 1468 1620 1531 omnino
1652 1468 1839 1533 latere
1863 1478 1920 1532 et
1942 1469 2031 1533 be-

2136 1474 2334 1552 τρόπον
2390 1473 2453 1531 δι’
2491 1477 2551 1532 οὗ
2593 1474 2776 1533 λαθεῖν
2838 1474 2977 1541 ὅλως
3020 1472 3297 1542 δυνήσεται
3354 1476 3667 1553 γεννήτορός
3723 1498 3781 1533 τε

403 1560 809 1625 nevolentiam
842 1559 1110 1641 patris,et
1130 1559 1332 1637 sponsi
1357 1575 1649 1634 amorem,
1683 1557 1884 1621 statuit
1914 1559 2031 1640 qui-

2136 1563 2389 1642 στοργήν,
2423 1564 2509 1621 καὶ
2566 1568 2875 1643 μνηστῆρος
2930 1564 3151 1642 ἔρωτας,
3197 1564 3479 1622 ἀποθέσθαι
3536 1566 3636 1639 μὲν
3690 1589 3785 1644 γυ-

405 1651 544 1714 dem
577 1658 803 1713 vestem
829 1665 1055 1711 exuere
1078 1646 1458 1727 muliebrem,
1492 1647 1717 1710 virilem
1743 1658 1941 1711 autem
1965 1650 2031 1712 in

2136 1653 2369 1710 ναιιιείαν
2439 1652 2577 1732 ἔγνω
2634 1653 2858 1728 στολὴν,
2921 1651 3104 1732 ἀνδρὸς
3182 1652 3237 1710 δὲ
3296 1654 3784 1734 μεταμφιάσασθαι.

401 1741 649 1804 ducere.
682 1739 753 1802 Et
774 1738 1055 1820 quoniam
1085 1736 1340 1812 sciebat,
1372 1756 1495 1811 eos,
1531 1738 1633 1819 qui
1663 1739 1851 1819 ipsam
1885 1757 2026 1802 eran

2138 1743 2239 1800 Καὶ·
2292 1744 2406 1800 ἐπεὶ
2435 1746 2557 1805 τοὺς
2608 1741 2889 1808 διώξοντας
2941 1742 3056 1820 ᾔδει
3087 1744 3160 1808 ὡς
3214 1757 3440 1821 γυναῖκα
3493 1746 3688 1812 ταύτην
3728 1747 3785 1803 ἓν

402 1829 781 1912 persecuturi
803 1837 1082 1909 tanquam
1107 1826 1414 1900 feminam,
1443 1844 1573 1889 esse
1593 1836 1961 1890 scrutaturos
1990 1830 2031 1890 ii

2134 1832 2395 1906 σεμνείοις
2452 1832 2734 1911 ἀνερευνᾷν
2815 1840 3123 1913 γυναικῶν,
3183 1834 3519 1908 μυναζόντων
3594 1835 3787 1903 ἑαυτὴν

402 1918 781 1982 monasteriis
804 1915 1359 1989 mulierum,statuit
1378 1916 1639 1995 seipsam
1665 1916 1960 1980 collocare
1990 1918 2031 1980 it

2134 1923 2335 1999 ἔκρινεν
2397 1920 2749 1999 ὲγκατατάξαι
2809 1928 2983 2003 χορῷ.
3065 1922 3216 1981 Οὕτω
3264 1921 3319 1979 δὲ
3386 1923 3785 2001 βουλευσαμένη

402 2027 648 2073 numero
670 2010 1227 2071 monachorumﬂoc
1248 2018 1439 2070 autem
1463 2010 1772 2070 consilium
1793 2012 2027 2084 capiens

2131 2009 2415 2067 ἀποδύεται
2467 2011 2566 2086 μὲν
2596 2011 2695 2078 τὴν
2739 2010 2868 2068 ἰδίαν
2902 2012 3121 2087 στολὴν,
3158 2016 3244 2069 καὶ
3305 2012 3418 2087 ἅμα
3447 2020 3639 2093 χιτῶνι
3685 2037 3782 2071 συ-

403 2106 579 2161 nocte
603 2095 859 2179 quadam
885 2096 1044 2158 exuit
1075 2094 1313 2176 quidem
1346 2112 1512 2158 suam
1545 2102 1769 2159 vestem
1789 2105 1846 2158 et
1868 2096 2031 2159 simu

2134 2096 2415 2155 αποδύεται
2475 2101 2564 2156 καὶ
2623 2100 2717 2167 τὴν
2772 2103 3074 2179 γυναικείαν
3130 2101 3426 2179 ἀσθένειαν,
3485 2100 3783 2160 ἐπενδύεται

402 2206 538 2251 cum
564 2186 767 2249 tunica
783 2184 957 2248 etiam
980 2183 1334 2248 muliebrem
1359 2184 1522 2246 exuit
1549 2183 2018 2249 imbecillitatem

2130 2186 2186 2244 δὲ
2215 2189 2425 2264 ἱμάτιον
2483 2189 2769 2267 σωτηρίου,
2805 2193 2891 2247 καὶ
2926 2193 2997 2256 εἷς
3050 2191 3235 2270 ἀνδρὸς
3277 2197 3468 2268 σγῇμα
3500 2194 3561 2248 τὸ
3612 2194 3782 2273 τάχος

400 2275 597 2339 induit
622 2283 817 2339 autem
853 2282 1072 2337 vestem
1126 2273 1471 2349 salutarem,
1507 2282 1565 2336 et
1607 2276 2031 2357 quamprimun

2133 2277 2628 2356 μεταρῥυθμίζεααι.
2692 2281 2832 2337 Εἶτα
2886 2278 3114 2337 λαθοῦσα
3182 2279 3562 2360 θεραπαινίδιον
3637 2281 3781 2349 πλη-

401 2372 834 2429 transmutatur
872 2363 930 2425 in
953 2362 1189 2426 virilem
1222 2361 1511 2427 habitum.
1538 2362 1764 2427 Deinde
1794 2384 1929 2427 cum
1962 2366 2031 2427 lat

2128 2363 2242 2445 θὺν,
2289 2367 2475 2429 αυτούς
2540 2389 2597 2424 τε
2672 2369 2974 2447 ὀφθαλμοὺς
3041 2375 3147 2426 τῶν
3203 2372 3630 2447 γεγεννηκότων,
3691 2372 3780 2429 καὶ

403 2455 617 2518 tuisset
637 2452 983 2517 ancillarum
1011 2450 1544 2526 multitudinem,et
1572 2453 1760 2534 ipsius
1784 2455 2031 2535 parenti:

2133 2457 2297 2521 οἰκίας
2351 2455 2663 2534 ὑπεριδοῦσα
2723 2456 2996 2537 λαμπρὰς,
3035 2460 3125 2515 τὸν
3189 2466 3280 2516 τοῦ
3338 2467 3560 2535 Χριστοῦ
3617 2482 3782 2518 σταυο

403 2544 693 2614 oculos,et
710 2540 1252 2623 (edesdespexisset
1268 2541 1581 2622 praeclaras
1592 2561 1660 2604 ac
1680 2545 2031 2623 magniﬁcas,

2131 2546 2222 2614 ρον
2264 2544 2526 2624 ἀραμένη,
2588 2548 2733 2612 εὐθὺς
2809 2548 2999 2624 ἀπῄει,
3060 2547 3254 2614 ἑαυτὴν
3329 2547 3472 2613 ἀξίαν
3530 2557 3621 2607 τοῦ
3675 2573 3779 2607 πο-

404 2633 621 2701 Cbristi
644 2649 887 2696 crucem
917 2631 1152 2707 tollens,
1164 2631 1432 2712 protinus
1461 2631 1846 2708 abiit,volens
1875 2652 1941 2696 se
1963 2634 2031 2696 diu

2128 2635 2383 2710 θουμένου
2434 2635 2863 2703 καταστήσασθαι
2914 2636 3241 2712 βουλομένη.
3312 2639 3445 2714 Πρὸς
3490 2638 3666 2697 ἐκεῖνό
3726 2661 3781 2696 τε

401 2743 579 2805 gnam
594 2722 855 2787 reddere
870 2738 943 2784 eo
966 2720 1122 2803 quod
1139 2719 1769 2797 desiderabat,etvenit
1788 2723 1859 2785 ad
1877 2724 2031 2786 illlud

2128 2724 2190 2780 τὸ
2251 2727 2606 2801 μοναστήριον
2660 2726 2989 2805 ἀφικνεῖται,
3049 2726 3108 2783 οὗ
3164 2731 3461 2796 καθηγεῐτο
3508 2731 3536 2783 6
3585 2730 3776 2806 γέρων,

404 2812 953 2886 monasterium,cui
978 2813 1626 2892 praeeratsenex,cujus
1644 2831 1883 2892 precum
1909 2814 2031 2875 fue-

2129 2813 2187 2868 οὖ
2243 2810 2307 2879 δὴ
2339 2814 2423 2868 καὶ
2476 2820 2579 2868 τῶν
2623 2818 2801 2893 εὒχῶν
2830 2814 3069 2892 ἐγεθόνει
3133 2817 3357 2894 καρπὸς·
3407 2818 3491 2873 καὶ
3549 2817 3635 2874 διὰ
3688 2826 3780 2875 τοῦ

400 2916 492 2965 rat
522 2904 843 2964 tructus.Et
873 2916 1006 2960 cum
1028 2904 1284 2962 venisset
1312 2904 1369 2959 in
1393 2912 1762 2974 conspectum
1796 2908 2031 2976 praefecti

2128 2901 2200 2964 εἱς
2257 2900 2412 2956 τσῦτο
2469 2902 2819 2981 τεταγμένου,
2878 2905 2985 2961 τῶν
3045 2912 3306 2985 μοναχὼν
3350 2913 3426 2980 τῷ
3484 2914 3778 2984 προεστῶτι

404 2988 1145 3066 monasterii,interrogata
1160 2986 1572 3064 fuit,quisnam
1590 2999 1841 3064 esset,et
1859 2992 2031 3067 unde,

2127 2988 2221 3056 τῆς
2266 2991 2433 3066 μοτῆς
2494 2992 2566 3054 εἷς
2616 2990 2740 3067 ὄψιν
2790 2991 3034 3073 ὲλθοῠσᾶ,
3095 2996 3172 3060 τίς
3232 3017 3289 3051 τε
3355 2997 3439 3052 καὶ
3497 2995 3612 3054 ὅθεν
3658 2997 3774 3070 εἴη,

402 3087 464 3143 et
484 3095 736 3161 quanam
761 3075 837 3139 de
861 3093 1039 3139 causa
1054 3076 1127 3138 ad
1151 3093 1286 3138 eum
1318 3081 1688 3141 accessisset.
1717 3077 1823 3140 illa
1846 3088 2031 3142 autem

2135 3079 2220 3162 καὶ
2279 3080 2415 3143 τίνος
2461 3079 2614 3136 ἕνεκα
2685 3083 2817 3158 πρὸς
2874 3082 3029 3139 αὒτὸν
3088 3085 3461 3162 παραγένοιτο,
3509 3086 3778 3162 ἠρωτᾶτο.

403 3140 647 3246 dixit,se
669 3165 865 3228 vocari
888 3163 1127 3247 quidem
1151 3163 1565 3243 Smaragdum,
1596 3183 1729 3228 esse
1752 3175 1948 3230 autem
1980 3188 2031 3231 ei

2138 3157 2199 3223 Ἠ
2260 3165 2336 3243 δὲ,
2372 3167 2681 3247 Σμᾶραγδος
2741 3172 2838 3245 μὲν
2885 3171 2986 3249 ἔφη
3047 3140 3348 3230 καλεισθαν
3385 3140 3624 3232 εἶναιΐδὲ
3684 3177 3776 3244 τῆς

403 3258 538 3322 aula
576 3255 951 3337 imperatoris
977 3254 1097 3334 (sic
1124 3254 1285 3316 enim
1327 3254 1565 3319 dicebat
1588 3256 1789 3319 volens
1817 3258 2022 3333 latere)

2133 3256 2409 3333 βασιλειου
2466 3255 2633 3326 αὐλῆς
2669 3258 2830 3338 (οὕτω
2888 3262 2988 3338 γὰρ
3017 3262 3142 3318 εἶπε
3185 3260 3487 3338 βουλομένη
3544 3263 3782 3340 λαθεῖν),

400 3346 723 3430 reliquisse
744 3363 881 3408 vero
904 3342 1127 3419 omnia,
1153 3350 1217 3405 ut
1241 3344 1424 3407 inﬁda
1445 3354 1502 3406 et
1531 3345 1859 3423 inutilia,ac
1885 3348 2031 3410 desi-

2133 3345 2455 3403 καταλιπεῖν
2511 3346 2565 3403 δὲ
2635 3350 2807 3405 πάντα
2850 3352 2922 3413 ὡς
2984 3350 3181 3409 ἄπιστα
3240 3353 3327 3408 καὶ
3382 3351 3635 3424 ἀνόνητα,
3695 3353 3785 3409 τὸν

397 3438 640 3503 derassa
667 3435 840 3498 vitam
874 3432 1326 3497 monachorum:
1356 3442 1498 3496 etex
1521 3435 1671 3500 urbe
1689 3437 1930 3517 quidem
1952 3438 2031 3501 fu-

2134 3434 2187 3492 δὲ
2236 3436 2347 3513 βίον
2404 3439 2633 3503 ποθῆσαι
2691 3443 2798 3493 ’τῶν
2857 3446 3140 3519 μοναχῶν,
3189 3443 3278 3497 καὶ
3326 3442 3423 3509 τὴν
3468 3443 3567 3517 μὲν
3622 3443 3783 3518 βασι.

394 3526 552 3605 gisse
572 3524 764 3605 regia,
789 3532 855 3586 ut
877 3540 1010 3604 quae
1032 3530 1189 3585 esset
1215 3522 1391 3603 plena
1415 3522 1784 3597 tumultibus,
1815 3534 1866 3587 et
1893 3544 2031 3602 quoc

2134 3522 2247 3581 λίδα
2304 3531 2409 3582 τῶν
2463 3525 2672 3582 πόλεων
2725 3527 2977 3606 ἐκφυγεῖν
3036 3531 3107 3595 ὡς
3165 3527 3346 3607 πλήρη
3406 3529 3651 3608 θορύϐου,
3695 3534 3786 3589 καὶ

392 3616 721 3679 amicorum
756 3621 812 3676 et
828 3611 1202 3676 familiarium
1230 3612 1414 3674 nollet
1444 3614 1638 3676 vexari
1667 3615 2031 3694 congressio-

2130 3621 2206 3687 τῷ
2254 3614 2332 3689 μὴ
2362 3614 2640 3691 βούλεσθᾶι
2693 3616 2859 3694 φίλων
2888 3618 2974 3674 καὶ
3017 3620 3254 3688 συνήθων
3287 3618 3522 3694 ὁμιλίαις
3579 3619 3780 3701 ὀχλεῖ-

394 3714 558 3782 ne,et
583 3704 656 3768 ab
694 3706 785 3767 eis
814 3702 1176 3783 interrumpi
1209 3720 1382 3763 suum
1402 3703 1619 3783 quietis
1649 3700 2031 3765 desiderium

2129 3706 2271 3777 σθαι,
2304 3705 2392 3760 καὶ
2441 3702 2528 3760 ὑπ’
2571 3705 2743 3762 αὖτῶν
2802 3708 3119 3782 μολύνεσθαι
3181 3709 3242 3765 τὸ
3285 3707 3590 3789 φιλήσυχον
3618 3700 3781 3767 δίκατὰ

395 3814 529 3857 cum
562 3801 758 3858 autem
812 3791 888 3855 de
938 3793 1185 3854 istorum
1242 3791 1557 3853 sanctitate
1610 3794 2031 3856 monachorum

2128 3792 2333 3859 πολλὴν
2380 3790 2434 3849 δὲ
2490 3798 2587 3860 τῆς
2653 3795 2800 3870 ὑμῶν
2855 3796 3139 3874 ἆγιόνητος
3216 3799 3383 3866 ἀκοὴν
3441 3800 3507 3857 τὰ
3563 3798 3783 3858 ἐνταῦθα

393 3885 580 3949 multa
625 3882 973 3955 audivisset,
1008 3898 1080 3943 eo
1130 3880 1391 3955 venisse,
1426 3880 1476 3942 si
1509 3900 1626 3962 quo
1662 3893 1833 3963 pacto
1865 3882 2042 3962 digna

393 3973 720 4037 haberetur
751 3970 965 4035 referri
998 3970 1058 4033 in
1089 3988 1299 4033 eorum
1330 3989 1669 4035 numerum.

472 4062 628 4126 VllI.
655 4062 907 4125 Lwtatus
930 4069 1021 4123 est
1042 4060 1130 4122 vir
1151 4060 1341 4147 ille,et
1360 4058 1555 4122 verbis
1576 4070 1637 4124 et
1661 4081 1893 4125 morum
1918 4082 2039 4126 mo-

392 4150 583 4214 destia
614 4149 1026 4225 admirandus,
1045 4156 1104 4211 et
1127 4166 1141 4211 :
1175 4146 1329 4211 ECce
1352 4151 1800 4226 monasterium,
1821 4150 2034 4233 inquit,

392 4239 556 4315 ﬁli,si
580 4240 684 4302 tibi
712 4238 905 4321 placet
920 4238 1134 4302 referri
1158 4236 1218 4298 in
1243 4256 1559 4299 numerum
1582 4239 2038 4313 fratrum,uemo

390 4338 480 4393 est
503 4328 931 4410 prohibiturus.
960 4325 1077 4390 Sed
1113 4327 1390 4409 quoniam
1416 4345 1479 4388 es
1514 4336 1683 4391 astate
1713 4328 1905 4393 adhuc
1927 4332 2035 4413 juv

387 4420 579 4502 venis,
612 4426 671 4481 et
698 4426 882 4481 status
914 4416 1222 4479 monastici
1252 4416 1513 4478 nondum
1552 4418 1877 4497 perfectam
1906 4438 2033 4483 caa-

2122 3880 2473 3957 καταλαϐεϊν,
2532 3882 2586 3939 εἴ
2644 3906 2759 3949 πως
2818 3883 3095 3955 ἀξιωθείην
3166 3888 3407 3965 γενέσθαι
3456 3889 3585 3964 ὑμῖν
3648 3910 3777 3946 συν-

2121 3972 2381 4050 αρίθμιος,

2205 4060 2292 4123 H'.
2359 4052 2585 4136 Ἡσθεὶς,
2622 4066 2713 4120 οὖν
2743 4065 2770 4121 6
2818 4062 3072 4145 θεοφιλὴς
3134 4066 3340 4132 ἐκεῖνος
3384 4066 3515 4144 ἀνὴρ
3542 4080 3662 4132 τοῖς
3719 4090 3777 4126 τε

2122 4149 2341 4227 ῥάμοσι,
2402 4153 2487 4207 καὶ
2546 4158 2610 4229 τῇ
2665 4159 2773 4210 τῶν
2851 4154 2993 4221 ἠθῶν
3050 4154 3291 4235 εὖνομίᾳ,
3353 4158 3463 4235 καὶ,
3523 4155 3657 4214 Ἰδοὺ
3711 4159 3775 4216 τὸ

2123 4240 2503 4319 μοναστήριον,
2547 4239 2675 4319 ἔφη,
2708 4241 2916 4316 τέκνον,
2966 4243 3019 4298 εἴ
3074 4265 3157 4300 σοι
3207 4244 3426 4322 ἀρεστὸν
3483 4245 3777 4324 ἐναρίθμιον

2119 4328 2357 4405 γενέσθαι
2434 4343 2550 4392 τοῖς
2617 4329 2901 4409 ἀδεΙφοϊς,
2958 4334 2987 4387 6
3061 4332 3298 4390 κολῦσων
3358 4333 3547 4399 οὖδεὶς⁹
3634 4334 3775 4405 πλὴν

2120 4417 2334 4493 ἐπείπερ
2376 4417 2461 4475 ὅτι
2521 4418 2642 4476 νέαν
2701 4420 2847 4498 ἄγεις
2906 4421 3004 4487 τὴν
3063 4420 3300 4497 ἠλικίαν,
3335 4424 3422 4479 καὶ
3465 4430 3774 4503 μοναχικῆς

389 4508 525 4589 pisti
559 4493 1008 4591 experientiam,
1046 4513 1279 4587 Oportet
1327 4514 1385 4567 te
1417 4493 1687 4569 csse-sub
1720 4509 2025 4587 magistro,

2120 4507 2492 4572 καταστάσεως
2535 4507 2684 4566 οῧπω
2726 4522 2921 4584 πεῖραν
2978 4509 3212 4589 εἴληφας
3271 4510 3483 4586 ἐντελῆ,
3529 4514 3628 4569 ὑπὸ
3685 4512 3773 4569 δι-

389 4605 447 4659 et
475 4597 547 4660 ab
570 4590 647 4660 eo,
669 4596 902 4661 discere
924 4595 1054 4658 vitae
1084 4595 1647 4676 perfectionemJlla
1675 4599 2031 4663 autemzHoc

2120 4590 2362 4662 Ιασκάλῳ
2419 4598 2681 4676 τετάχθαι
2726 4620 2785 4654 σε
2843 4596 2948 4677 δεῖ,
2984 4601 3073 4655 καὶ
3128 4599 3255 4677 παρ’
3285 4602 3443 4658 αὐτοῦ
3494 4602 3770 4677 μανθάνειν

388 4705 626 4767 quoque
656 4686 803 4750 mihi
837 4696 924 4750 est
955 4685 1209 4761 cordi,et
1236 4685 1366 4746 volo
1396 4705 1515 4749 non
1542 4705 1724 4749 unum
1749 4688 2029 4764 solum,si

385 4774 638 4852 videtur,
661 4775 766 4838 sed
792 4775 1011 4838 multos
1041 4775 1223 4837 etiam
1244 4774 1490 4852 habere,
1516 4776 1617 4856 qui
1648 4778 1719 4840 ad
1754 4777 2026 4841 virtutem

386 4881 483 4925 me
515 4863 634 4926 sint
665 4863 1013 4927 instituturi.
1048 4862 1146 4927 Sic
1172 4881 1262 4943 ea,
1290 4882 1425 4925 cum
1459 4873 1734 4946 tanquam
1766 4867 2024 4931 solidum

384 4960 445 5016 et
474 4950 735 5015 validum
768 4952 1239 5028 fendamentum,
1270 4954 1399 5014 seni
1431 4953 1596 5035 prius
1618 4955 1863 5035 jecisset
1891 4957 2030 5020 obe-

383 5042 696 5118 dientiam,
718 5040 969 5104 traditur
992 5041 1214 5122 Agapio
1235 5042 1657 5124 monacho,qui
1687 5046 1821 5106 etin
1849 5044 2028 5109 rebus

382 5131 602 5195 divinis
639 5138 767 5193 erat
796 5130 1089 5206 eruditus,
1126 5139 1183 5192 et
1228 5140 1600 5210 processerat
1630 5132 1701 5193 ad
1732 5153 2026 5197 summam

382 5219 887 5301 impatibilitatem
925 5242 938 5283 :
977 5229 1033 5283 et
1057 5220 1129 5283 ab
1162 5239 1255 5292 eo,
1290 5230 1351 5282 ut
1380 5220 1574 5284 dicam
1607 5221 1761 5285 sicut
1790 5225 2029 5287 divinus

342 5360 355 5369 κ
382 5310 591 5391 David,
614 5310 834 5373 diurno
856 5309 1104 5391 fingitur
1133 5311 1438 5391 ﬁgmento,
1461 5321 1519 5374 et
1551 5315 1926 5393 componitur
1954 5316 2025 5378 ad

384 5397 563 5463 vitam
593 5398 749 5482 piam
774 5418 841 5462 ac
872 5399 1774 5481 religiosam.Verumenimvero
1804 5404 1902 5487 qui
1925 5425 2029 5470 no-

464 5575 544 5655 (1)
572 5575 855 5658 Agapitus
885 5580 1226 5644 nominatur
1256 5587 1317 5645 in
1341 5579 1493 5645 Vitis
1521 5577 1784 5646 Patrum.

2111 4682 2377 4751 πολιτείας
2433 4684 2725 4762 ἀκρίϐειαν.
2773 4678 2836 4743 Ἠ
2888 4685 2969 4765 δὲ,
3017 4691 3116 4746 Καὶ
3147 4696 3300 4746 τοῦτο
3331 4692 3467 4747 κατὰ
3520 4690 3766 4767 γνώμην,

2110 4774 2289 4854 εἶπεν,
2324 4773 2463 4848 ἐμοὶ,
2502 4778 2590 4832 καὶ
2642 4775 2902 4851 βούλομαι
2962 4776 3067 4857 οὔχ
3122 4777 3212 4835 ἕνα
3271 4780 3458 4857 μόνον,
3495 4781 3538 4835 εἰ
3591 4777 3766 4857 δοκεῖ,

2109 4862 2247 4922 ἄλλα
2301 4865 2389 4919 καὶ
2447 4863 2675 4927 πολλοὺς
2737 4865 2885 4945 ἔχειν
2942 4868 3064 4932 τοὺς
3118 4869 3249 4945 πρὸς
3308 4870 3501 4944 αρετήν
3530 4890 3598 4944 με
3643 4892 3789 4926 παιοη

2113 4946 2541 5034 δοτριϐήσοντας.
2630 4958 2809 5021 Οὕτως
2867 4959 3002 5027 αὕτη
3058 4961 3294 5037 καθάπερ
3350 4960 3591 5037 θεμέλιον
3674 4961 3767 5039 ἆῤ-

2112 5048 2249 5125 ραγῆ
2308 5049 2407 5116 τὴν
2472 5050 2714 5116 ὑπακοὴν
2783 5049 3334 5127 προκαταϐαλλομένη
3400 5058 3476 5125 τῷ
3531 5052 3761 5131 γέροντι,

2114 5136 2352 5214 Ἀγαπίῳ
2414 5138 2697 5212 μονάζοντι
2758 5139 3118 5220 παραδίδοται,
3168 5143 3230 5197 τὰ
3288 5163 3343 5197 τε
3412 5146 3532 5199 θεῖα
3589 5150 3758 5223 σοφῷ,

2110 5230 2198 5284 καὶ
2258 5226 2510 5290 ἀπαθείας
2568 5231 2640 5291 εἱς
2703 5227 2861 5306 ἄκρον
2919 5229 3192 5287 ἐλάσαντι·
3255 5232 3342 5287 καὶ
3396 5229 3519 5308 παρ’
3576 5233 3757 5311 αὐτοῦ,

2110 5318 2249 5373 κατὰ
2308 5318 2398 5373 τὸν
2454 5320 2598 5374 θεῖον
2650 5319 2809 5396 φάναι
2871 5317 3052 5391 Δαϐὶδ,
3105 5320 3366 5397 ἡμερινὴν
3416 5317 3759 5376 διεπλάττετο

2111 5404 2329 5486 πλάσιν,
2390 5408 2477 5463 καὶ
2549 5410 2677 5489 πρὸς
2767 5409 2858 5464 τὸν
2926 5406 3150 5486 θεοφιλή
3238 5409 3350 5484 βίον
3434 5410 3758 5487 ῥοίμζεται.
