4128 6198
305 311 432 383 313

1532 314 1723 383 VITA
1766 318 1827 383 S.
1890 316 2354 386 EUPHROSYN
2360 320 2471 385 ES.

3564 315 3682 391 314

391 451 562 513 ’Ἀλλὰ
591 452 692 535 γὰρ
722 456 750 514 6
780 454 834 523 ἐξ
864 453 1041 535 ἀρχῆς
1083 452 1384 530 βασκαίνων
1432 454 1594 532 ἡμῖν,
1625 453 1713 510 καὶ
1740 453 1839 520 τὴν
1869 452 1937 508 οἱ·

2036 447 2129 511 bis
2150 450 2362 514 invidit
2386 452 2461 514 ab
2518 450 2713 524 initio,
2747 461 2815 515 et:
2838 454 3126 535 gloriatur
3152 471 3219 518 se
3247 460 3436 519 totum
3466 452 3677 521 orbem

305 544 581 621 κουμένην
648 545 782 614 ὅλην
830 548 903 613 ὡς
959 544 1175 602 νοσσιὰν
1232 542 1647 622 ἑγκαυχώμενος
1706 540 1950 613 καταλή-

304 638 524 712 ψεσθαι,
561 637 658 693 ούκ
687 634 839 716 ἔφερε
888 646 1118 713 γυναῖκα
1166 634 1306 712 δρῶν
1360 632 1593 712 βρόχους
1633 637 1791 693 αὐτοῦ
1832 632 1952 693 τοὺς

298 721 534 801 δεσμοὺς
589 723 1051 805 ὑπεριπταμένην,
1096 725 1193 780 καὶ
1238 724 1365 780 ὡσεὶ
1420 723 1733 803 περιστερὰν
1789 743 1950 802 φερο-

295 814 469 889 μένην
514 821 593 890 τῲ
636 815 900 892 πνεύματι
940 812 1260 888 ὑπηνέμιον.
1312 810 1464 870 Ἀλλ’
1525 812 1778 894 ἐτρύχετο
1822 813 1953 891 βλέ-

294 926 417 961 πων
460 907 521 962 τὸ
564 906 822 986 φρόνιμον
866 903 1006 962 οὕτω
1049 906 1149 971 τῆς
1194 903 1527 977 οἰκονομίας,
1574 904 1662 960 καὶ
1710 903 1836 982 πρὸς
1894 902 1955 960 τὸ

293 991 485 1051 λαθεῖν
542 992 1010 1070 διεσκευασμένον,
1070 994 1159 1050 καὶ
1228 991 1506 1072 ἤσχαλλεν
1583 993 1684 1050 ὕπὸ
1768 998 1955 1070 νεαροῦ

293 1083 550 1159 σώματος
578 1085 668 1142 καὶ
724 1090 891 1141 ταῦτα
940 1081 1133 1154 θήλεος
1191 1082 1288 1145 τὰς
1319 1085 1481 1141 αὐτοῦ
1508 1081 1707 1163 τέχνας
1736 1079 1952 1139 διαπαι-

292 1174 526 1247 ζομένας
557 1177 715 1253 ὁρῶν.
751 1172 976 1250 Ἀμέλει
1033 1173 1118 1230 καὶ
1166 1172 1299 1229 ποτέ⁹
1345 1170 1443 1247 μέν
1472 1172 1636 1240 αὒτῆς
1668 1172 1766 1240 τὴν
1818 1172 1951 1250 πρὸς

2039 546 2232 618 terrae,
2296 549 2576 623 tanquam
2640 542 2869 621 uidum,
2925 545 3525 626 comprehensurum,
3558 564 3680 609 non

2035 627 2290 705 ferebat,
2317 634 2525 695 videns
2550 632 2860 695 mulierem
2883 633 3131 697 callidos
3152 652 3293 697 suos
3314 634 3560 716 laqueos
3582 653 3680 698 su-

2037 717 2537 803 pervolantem,et
2567 729 2846 800 tanquam
2872 722 3208 786 columbam
3229 723 3505 806 spiritum
3534 719 3678 788 ferri

2038 807 2511 876 sublimem.Sed
2532 812 2863 892 angebatur
2882 812 3092 876 videns
3111 822 3226 877 tam
3253 814 3518 896 prudens
3542 833 3680 879 con-

2037 896 2331 975 silium,et
2361 901 2519 981 quod
2552 901 2633 963 ita
2661 919 2726 965 se
2755 902 2832 964 ad
2865 902 3169 966 latendum
3194 905 3587 970 instruxerat:
3620 913 3681 970 et

2036 1006 2192 1069 aegre
2221 990 2448 1054 ferebat
2464 992 2669 1055 videre
2692 1010 2830 1055 suas
2860 1002 3018 1056 artes
3042 993 3201 1057 eludi
3221 1012 3257 1055 a
3271 993 3522 1075 juvenili
3547 1013 3679 1058 cor-

2037 1096 2404 1161 pore,eoque
2425 1080 3075 1165 muliebri.Aliquando
3094 1083 3338 1165 quidem
3359 1090 3521 1147 certe
3543 1085 3674 1164 ejus

2032 1168 2091 1230 in
2106 1170 2293 1233 Deum
2314 1188 2514 1235 curam
2534 1189 2606 1234 ac
2628 1172 3074 1237 meditationem
3098 1172 3369 1236 studebat
3386 1172 3668 1251 avellere,

2034 1266 2344 1338 parentum
2366 1259 2709 1324 accendens
2731 1261 3449 1344 desideriumzaliquando
3470 1271 3669 1328 autem

302 1264 438 1319 Θεὸν
479 1263 767 1343 μέριμναν,
812 1264 975 1324 πόθοι
1028 1263 1120 1320 τὸν
1169 1262 1288 1341 περὶ
1314 1262 1433 1326 τοὺς
1463 1274 1643 1340 γονεῖς
1673 1261 1948 1335 ἀνάπτων,

2032 1347 2398 1426 divitiarum,
2430 1348 2757 1430 gloriaeque
2788 1352 3068 1433 etsponsi
3093 1353 3380 1417 memoria
3408 1353 3672 1418 conaba-

303 1359 571 1431 περισπᾷν
628 1352 845 1412 ἔσπευδε
876 1370 893 1386 ⁹
941 1352 1071 1410 ποτὲ
1112 1351 1192 1426 δὲ,
1245 1348 1474 1409 πλούτου
1522 1352 1610 1408 καὶ
1665 1348 1821 1418 δόξης
1864 1349 1952 1408 καί

301 1449 617 1520 μνηστῆρος
688 1445 904 1521 μνήμῃ,
955 1440 1275 1522 διαχαυνοῦν
1348 1441 1514 1508 αύτῆς
1584 1441 1647 1496 τὸ
1703 1442 1937 1519 φρόνημα

2035 1444 2131 1502 tur
2160 1438 2296 1519 ejus
2327 1438 2601 1503 emollire
2629 1439 2901 1522 spiritus.
2936 1440 3230 1505 Praeterea
3262 1444 3316 1507 ei
3346 1443 3409 1506 in
3436 1462 3670 1506 memo-

299 1530 627 1612 ἐμηχανατο
660 1550 675 1565 ⁸
733 1533 810 1590 ἔτι
864 1531 920 1589 δὲ
980 1532 1223 1601 συνήθων
1279 1530 1366 1587 καὶ
1420 1528 1622 1599 ἡλίκων
1679 1527 1937 1610 διατριϐὰς

2028 1526 2179 1589 riam
2238 1527 2556 1592 revocabat
2607 1528 3107 1594 consuetudinem
3179 1531 3554 1596 familiarium
3613 1538 3675 1597 et

299 1620 708 1698 ὑπεμίμνησκεν
741 1637 757 1653 ⁸
830 1620 969 1679 ἀλλὰ
1023 1621 1364 1700 πανταχόθεν
1419 1616 1768 1698 προσϐάλλων
1811 1623 1937 1697 αὖτῇ

2028 1615 2368 1698 ωουοιὶυω.
2401 1617 2522 1681 Sed
2552 1637 2690 1682 cum
2723 1622 2887 1684 omni
2922 1638 2991 1684 ex
3023 1629 3190 1703 parte
3213 1639 3343 1685 eam
3376 1621 3671 1702 aggrede-

299 1712 391 1768 καὶ
472 1724 668 1791 πεῖραν
745 1711 900 1776 ἐνιεὶς
983 1710 1332 1788 ἀπεκρούετο.
1425 1710 1485 1767 Τί
1567 1708 1658 1766 οὖν
1743 1723 1937 1787 notat;

2025 1716 2215 1794 retur,
2241 1715 2303 1772 et
2333 1708 2389 1770 ei
2420 1709 2768 1773 immitteret
2793 1711 3207 1789 tentationem,
3238 1711 3666 1794 repellobatur.

299 1808 431 1865 Τοῖς
458 1798 654 1877 ἐτέρων
712 1800 918 1876 ὄμμασι
977 1797 1323 1877 κατεμέρισιν
1366 1797 1576 1873 ἑαυτὸν,
1623 1798 1714 1855 καὶ
1764 1798 1937 1877 βέλεσι

2026 1793 2180 1869 Quid
2213 1815 2357 1877 ergo
2385 1796 2574 1863 facit?
2609 1796 2687 1863 Se
2733 1799 2989 1863 aliorum
3037 1801 3230 1865 oculis
3257 1793 3580 1882 dispertiit,
3608 1809 3673 1866 et

298 1889 514 1956 τούτους
570 1896 665 1947 τοῦ
733 1889 963 1953 κάλλους
1032 1890 1202 1955 αύτῆς
1277 1888 1717 1966 κατετίτρωσκεν,
1773 1890 1833 1947 Οἱ
1889 1884 1937 1944 δὲ

2027 1902 2133 1948 eos
2161 1887 2446 1950 sauciavit
2477 1886 2610 1951 telis
2653 1889 2788 1969 ejus
2835 1890 3318 1971 pulchritudinis.
3351 1892 3445 1957 llli
3472 1900 3669 1955 autem

299 1977 508 2056 στέγειν
558 1979 639 2054 μὴ
702 1976 982 2055 δυνάμενοι
1040 1978 1101 2034 τὸ
1182 1977 1428 2065 σύντονον
1484 1983 1583 2043 τῆς
1641 1976 1937 2059 ἐπιθυμίας,

2026 1994 2162 2039 cum
2195 1995 2315 2040 non
2349 1986 2590 2058 possent
2621 1978 2934 2043 continere
2980 1980 3399 2046 vehementem
3431 1983 3673 2065 cupidi-

294 2068 545 2147 κρύπτειν
600 2089 658 2126 τε
716 2070 780 2125 τὸ
834 2067 1001 2132 πάθος
1088 2063 1286 2131 εἰδότες
1357 2064 1454 2122 οὒκ
1525 2064 1784 2147 ἀσφαλὲς,
1842 2088 1937 2124 πι-

2026 2072 2206 2128 tatem
2234 2088 2249 2126 2
2284 2069 2511 2132 εείτθιιι
2538 2077 2738 2132 autem
2772 2088 2892 2132 non
2913 2087 3053 2134 0880
3074 2078 3266 2136 tutum
3293 2073 3493 2137 celare
3513 2063 3671 2138 i901"

292 2156 534 2213 στεύουσι
581 2157 644 2215 τὸ
684 2163 907 2236 πρᾶγμα
952 2160 1028 2231 τῷ
1071 2161 1395 2232 προεστῶτι,
1450 2156 1540 2211 καὶ
1598 2157 1689 2211 τὸν
1730 2153 1792 2213 ἐκ
1847 2159 1937 2214 τοῦ

2024 2153 2193 2243 bum,
2226 2175 2354 2220 rem
2388 2158 2666 2238 praefecto
2696 2160 2973 2241 aperiunt
3003 2181 3018 2221 :
3081 2170 3141 2223 et
3196 2161 3568 2243 triumphant
3590 2162 3671 2226 de

292 2254 531 2326 πονηροῦ
600 2245 1004 2326 προσϐάλλοντα
1074 2242 1446 2324 θριαμϐεύουσι
1503 2243 1742 2320 πόλεμον
1775 2268 1791 2282 ο
1853 2248 1937 2304 καὶ

2022 2242 2208 2322 bello,
2242 2246 2401 2328 quod
2463 2248 2695 2312 illatum
2753 2248 2947 2312 fuerat
2976 2268 3012 2312 α
3041 2251 3325 2330 maligno.
3354 2242 3429 2315 Et
3455 2252 3575 2319 hoc
3604 2253 3669 2316 ﬁt

294 2337 495 2413 γίνεται
553 2343 711 2394 τοῦτο
758 2337 941 2399 αὐτοῖς
1000 2335 1100 2413 μὲν
1159 2335 1336 2400 ἄνεσις
1381 2342 1476 2392 τοῦ
1530 2340 1719 2415 κακοῦ,
1764 2342 1834 2413 τῇ
1883 2334 1937 2393 δὲ

2021 2334 2110 2397 eis
2141 2335 2382 2416 quidem
2417 2336 2556 2400 mali
2587 2337 2891 2415 remissio,
2926 2339 3015 2401 illi
3074 2348 3272 2403 autem
3325 2342 3518 2422 majus
3565 2342 3668 2405 in-

293 2427 550 2499 κρείττων
602 2425 835 2492 ἐπίδοσις
881 2428 1012 2505 πρὸς
1070 2425 1265 2499 ἀρετῆς
1325 2423 1664 2491 τελειότητα,
1724 2416 1782 2483 Ὀ
1843 2426 1937 2505 γὰρ

2021 2435 2393 2488 crementum
2427 2427 2500 2488 ad
2551 2428 2982 2508 perfectionem
3030 2429 3291 2496 virtutis.
3324 2416 3668 2494 Monasterii

295 2519 396 2584 τῆς
442 2517 612 2592 μονῆς
670 2518 944 2595 προεστὼς
988 2518 1170 2579 αὐτοῖς
1237 2515 1335 2590 μὲν
1395 2513 1706 2582 κατάλληλα
1763 2516 1937 2583 τίθησι

2023 2514 2182 2576 enim
2218 2515 2535 2596 praefectus
2564 2516 2653 2578 eis
2708 2518 3128 2581 convenientia
3173 2519 3273 2582 dat
3306 2520 3500 2583 morbi
3530 2538 3664 2582 me-

295 2612 366 2683 τῇ
399 2607 541 2681 νόσῳ
597 2608 664 2666 τὰ
718 2609 996 2688 φάρμακα,
1051 2611 1119 2683 τῇ
1173 2603 1232 2660 δὲ
1256 2605 1364 2661 τῶν
1407 2605 1779 2683 γεγενημένων
1810 2604 1937 2662 ἐπι-

2021 2601 2411 2669 dicamenta:
2474 2604 2562 2667 illi
2614 2623 2754 2668 vero
2812 2606 2959 2669 nihil
3008 2606 3222 2671 scienti
3268 2626 3500 2683 eorum,
3534 2628 3666 2690 quae

297 2697 539 2773 σταμένῃ
564 2695 737 2777 οὐδὲν,
772 2695 1039 2771 Βούλομαι
1088 2716 1173 2768 σε,
1223 2693 1385 2773 φησί,
1418 2694 1603 2751 τέκνον
1631 2692 1935 2765 ἰδιαζόντως

2021 2692 2175 2756 facta
2205 2694 2478 2758 fuerant:
2515 2694 2665 2757 Volo
2696 2704 2778 2771 te,
2831 2696 3049 2777 inquit,
3111 2715 3387 2763 seorsum
3439 2699 3665 2778 degere

297 2782 352 2839 ἔν
403 2808 510 2843 τινι
569 2785 763 2861 κελλίῳ
819 2784 1046 2866 διάγειν,
1106 2784 1160 2841 ἒν
1230 2784 1277 2858 ᾦ
1341 2783 1432 2841 τόν
1516 2780 1937 2862 παραδεδομένον

2021 2781 2083 2844 in
2114 2783 2265 2845 cella
2293 2783 2513 2865 aliqua,
2544 2784 2603 2845 in
2625 2803 2741 2865 qua
2775 2786 3044 2848 traditam
3079 2786 3186 2849 tibi
3213 2805 3457 2850 servans
3480 2806 3663 2867 regu-

296 2896 380 2931 σοι
432 2877 631 2934 κανόνα
659 2882 946 2954 τηρούντα,
983 2877 1123 2952 μήτε
1151 2874 1298 2938 τινὰς
1357 2873 1473 2930 ἐκεῖ
1515 2873 1934 2953 παραδέχεσθαι,

2021 2872 2161 2947 lam,
2196 2891 2393 2956 neque
2450 2874 2608 2936 ullos
2666 2874 2790 2937 illic
2846 2874 3156 2950 admittes,
3189 2895 3389 2955 neque
3416 2882 3663 2941 omnino

295 2964 426 3038 μήθ’
485 2964 625 3030 ὅλως
680 2963 916 3045 ἐξιέναι,
968 2966 1055 3022 καὶ
1112 2986 1255 3021 τισιν
1318 2964 1504 3021 ἑαυτὸν
1560 2961 1755 3022 διδόναι
1812 2966 1937 3041 πρὸς

2021 2963 2360 3040 egrediens,
2387 2981 2583 3045 neque
2628 2971 2686 3025 te
2715 2962 2854 3025 ullis
2882 2963 3176 3044 praebebis
3204 2966 3276 3028 ad
3308 2966 3664 3048 colloquen-

294 3053 507 3116 ὁμιλίαν
542 3072 560 3090 ⁸
619 3055 782 3130 μόνος
844 3052 899 3111 δὲ
957 3055 1087 3132 πρὸς
1147 3055 1214 3110 τὰ
1269 3058 1371 3121 τῆς
1414 3054 1600 3133 χρείας
1630 3051 1935 3124 διακονήσει

2021 3050 2183 3117 dum.
2220 3052 2394 3114 Solus
2421 3060 2642 3128 autem,
2680 3072 2813 3134 qua:
2863 3054 2971 3115 tibi
3025 3064 3203 3117 erunt
3233 3056 3388 3119 usui.
3424 3055 3662 3119 submi-

294 3166 376 3200 σοι
423 3146 453 3199 6
528 3142 806 3221 Ἀγάπιος.
885 3145 1047 3217 Εἷπε,
1122 3143 1218 3199 καί
1285 3143 1431 3208 εὐθὺς
1487 3143 1803 3217 προστάττει
1859 3150 1936 3217 τῷ

2021 3140 2298 3230 nistrabit
2327 3141 2612 3223 Agapius.
2646 3142 2827 3219 Dixit,
2857 3151 2918 3205 et
2970 3144 3171 3206 statim
3204 3145 3475 3227 praecipit
3503 3147 3660 3226 Aga-

292 3229 540 3309 Ἀγαπίῳ
597 3234 691 3301 τὴν
746 3232 965 3290 δέουσαν
1022 3230 1357 3306 ἐπιμέλειαν,
1407 3231 1484 3307 μὴ
1527 3231 1581 3288 ὲν
1612 3244 1725 3296 τοῖς
1767 3253 1932 3288 πνευ-

2021 3229 2141 3309 pio,
2172 3240 2235 3291 ut
2264 3227 2598 3310 Smaragdi,
2626 3250 2799 3311 quam
2835 3240 3089 3314 oportet,
3112 3251 3315 3297 curam
3346 3233 3663 3314 gerat,non

291 3335 546 3397 ματικοῖς
605 3323 789 3396 μόνον,
853 3320 992 3379 ἀλλὰ
1033 3324 1121 3378 καὶ
1166 3321 1220 3377 ἐν
1279 3335 1395 3383 τοῖς
1460 3333 1816 3394 σωματικοῖς,
1860 3320 1934 3385 ὠς

2021 3320 2210 3380 solum
2264 3319 2325 3381 in
2386 3320 2784 3401 spiritalibus,
2847 3322 2950 3383 sed
2985 3322 3255 3386 etiamin
3310 3325 3381 3385 iis
3425 3344 3557 3405 quae
3584 3326 3659 3389 ad

292 3410 412 3469 οἶόν
474 3432 533 3467 τε
588 3418 663 3483 τῷ
708 3408 1010 3488 Σμαράγδιμ
1052 3413 1344 3489 ποιεῖσθαι,
1395 3412 1466 3475 ὡς
1521 3410 1581 3464 ἃν
1634 3409 1712 3484 μὴ
1758 3410 1937 3487 ἑτέρου

2021 3426 2240 3487 corpus
2265 3410 2588 3488 pertinent,
2618 3410 2813 3492 quoad
2845 3413 2982 3492 ejus
3007 3412 3135 3475 fieri
3169 3415 3478 3494 poterit,ut
3499 3415 3663 3478 nulla

289 3502 432 3565 τινὸς
463 3498 678 3569 ἐπιδεὴς
728 3502 959 3579 γένοιτο.
1004 3498 1280 3575 Ἀσμένως
1341 3507 1431 3556 οὖν
1484 3501 1513 3567 ἡ
1560 3499 1812 3577 μακαρία,
1848 3501 1934 3556 καὶ

2021 3515 2085 3557 re
2117 3500 2459 3561 necessaria
2486 3499 2779 3579 indigeat.
2805 3501 3012 3581 Itaque
3048 3502 3220 3564 beata
3249 3503 3444 3577 illa,ut
3465 3505 3515 3566 ei
3537 3513 3665 3567 erat

289 3591 364 3655 ὣς
420 3592 555 3667 αὒτῇ
624 3589 798 3672 φίλον,
862 3587 1240 3663 ἀπαλλαγεῖσα
1296 3587 1606 3668 ὁχλήσεων,
1666 3589 1758 3644 τὸν
1806 3590 1935 3667 πρὸς

2021 3594 2272 3663 gratum,
2314 3587 2564 3650 liberata
2614 3607 2647 3650 a
2696 3589 3011 3662 molestiis,
3047 3591 3107 3653 in
3140 3592 3439 3654 Christum
3474 3594 3663 3672 magis

291 3681 515 3756 Χριστὸν
561 3678 880 3751 ἐπλεόναζεν
924 3679 1116 3756 ἔρωτα,
1174 3677 1269 3734 ἐπὶ
1325 3679 1503 3739 πόνοις
1562 3680 1660 3751 μὲν
1718 3678 1931 3757 πόνους,

2021 3675 2180 3736 auxit
2207 3694 2498 3750 amorem,
2528 3676 2837 3739 laboribus
2865 3678 3110 3759 quidem
3142 3681 3369 3743 addens
3397 3681 3656 3757 labores,

290 3768 375 3826 επὶ
427 3770 696 3836 νηστείαις
750 3767 805 3825 δὲ
865 3774 1112 3836 νηστείαν
1142 3816 1158 3842 ,
1216 3770 1303 3824 καὶ
1359 3769 1445 3823 επὶ
1502 3778 1626 3830 ταῖς
1677 3766 1935 3843 πρότερον

2021 3764 2261 3843 iejuniis
2288 3773 2484 3827 autem
2510 3767 2838 3846 jr‘juniuui,
2873 3776 2932 3828 et
2961 3768 3258 3848 prioribus
3303 3771 3516 3849 vigiliis
3546 3773 3658 3834 ad-

289 3859 600 3936 ἆγρυπνίαις
668 3857 880 3915 πλείονα
959 3866 1056 3925 τήν
1139 3860 1269 3934 πρὸς
1329 3859 1420 3915 τὸν
1477 3855 1640 3914 ὕπνον
1697 3854 1932 3932 ἅμιλλαν

2021 3852 2271 3932 iungens
2305 3856 2591 3933 majorem
2645 3854 2935 3918 adversus
2986 3874 3260 3920 somnum
3293 3858 3657 3923 decertatio-

288 3947 608 4023 ποιουμένη,
670 3951 741 4014 ὡς
798 3950 1003 4027 ὁρῶντα
1043 3948 1134 4003 τὸν
1177 3944 1441 4025 Ἀγάπιον
1485 3945 1642 4003 αὒτόν
1696 3965 1755 4001 τε
1798 3947 1932 4001 θαυ-

2021 3960 2177 4016 nem,
2207 3942 2358 4004 adeo
2388 3952 2452 4004 ut
2480 3953 2539 4005 ct
2586 3944 2717 4024 ipse
2771 3945 2981 4008 videns
3014 3947 3333 4011 miraretur
3361 3948 3655 4030 Agapius,

290 4037 502 4118 μάζειν,
534 4041 622 4095 καὶ
649 4035 784 4106 δῆλα
834 4046 999 4097 ταῦτα
1046 4039 1136 4094 καὶ
1167 4049 1283 4100 τοῖς
1314 4034 1496 4100 ἄλλοις
1528 4046 1730 4096 ποιεῖν,
1765 4031 1933 4094 Ἀλλὰ

2021 4040 2073 4093 et
2096 4032 2223 4095 haec
2252 4032 2383 4094 aliis
2414 4031 2726 4096 manifesta
2767 4035 3073 4101 redderet.
3106 4037 3224 4101 Sed
3255 4037 3382 4102 hac
3411 4038 3655 4122 quidem

288 4128 452 4184 ταῦτα
482 4128 581 4202 μὲν
605 4126 842 4200 ὕστερον.

2021 4134 2241 4203 postea.

368 4214 451 4278 ϐ’.
484 4216 559 4275 ’Ἃ
597 4214 652 4273 δὲ
694 4221 934 4295 παρῆκεν
977 4217 1006 4272 6
1049 4214 1234 4294 λόγος,
1267 4216 1338 4277 εἰς
1368 4215 1467 4282 τὴν
1499 4215 1664 4272 οἰκίαι
1695 4213 1926 4271 ἐπανελ-

2091 4210 2341 4285 lX.Quze
2360 4220 2557 4277 autem
2583 4215 3077 4295 praetermisimus
3100 4217 3329 4293 dicere,
3365 4240 3525 4285 nunc
3547 4240 3651 4287 re-

284 4305 386 4362 θὼν
444 4305 551 4362 ἀπὸ
606 4311 707 4373 τῆς
769 4311 939 4380 μονῆς
1012 4307 1041 4361 6
1096 4305 1301 4383 πατὴρ,
1364 4304 1452 4360 καὶ
1506 4304 1605 4372 τὴν
1663 4303 1925 4383 φιλτάτην

2021 4302 2542 4366 ceuseamus.Cum
2567 4305 2697 4384 ejus
2715 4315 2883 4387 pater
2905 4307 3144 4369 tandem
3167 4309 3331 4371 domi
3352 4329 3468 4373 non
3486 4315 3654 4375 ades-

286 4393 452 4452 παῖδα
500 4395 580 4471 μη
632 4396 893 4474 sip-nubs,
955 4395 1139 4474 πρῶτα
1204 4394 1303 4468 μὲν
1359 4391 1557 4456 παῖδας
1615 4395 1705 4450 καὶ
1747 4392 1926 4449 παιδί-

2021 4409 2074 4454 ιθ
2096 4392 2506 4482 charissimam
2528 4395 2708 4456 ﬁliam
2735 4397 3385 4477 cognovisset.primum
3408 4402 3649 4482 quidem

284 4504 413 4547 σκας
493 4484 993 4562 παραστησάμενος,
1051 4484 1368 4541 ἐπυνθάνετο
1442 4488 1557 4546 πῶς
1617 4492 1770 4543 τοῦτο
1826 4481 1923 4560 γέ-

2021 4480 2278 4543 ιάόιιοιὶε
2303 4483 2537 4545 famulis
2560 4492 2618 4546 et
2639 4484 3145 4566 ancillis,rogabat
3167 4487 3310 4568 quid
3335 4480 3449 4551 hoc
3467 4501 3648 4563 esset,

283 4595 431 4650 γονε,
490 4574 577 4630 καὶ
633 4574 765 4650 πρὸς
823 4574 940 4629 τίνα
1023 4576 1303 4650 πορευθείη
1390 4577 1493 4628 τῶν
1552 4573 1820 4650 συγγενῶν
1890 4571 1925 4640 ἢ

2021 4579 2069 4634 et
2091 4570 2609 4649 sciscitabatur,ad
2633 4592 2811 4655 quem
2836 4593 2965 4637 eam
2987 4595 3059 4638 ex
3081 4577 3348 4657 cognatis
3371 4586 3471 4641 aut
3489 4580 3654 4641 fami-

283 4663 519 4733 συνήθων
561 4664 597 4731 ἦ
642 4662 879 4739 θυγάτηρ
952 4660 1155 4738 ἠρώτα.
1201 4661 1297 4722 Ὠς
1350 4659 1404 4717 δὲ
1458 4665 1602 4717 οὗτοι
1646 4659 1744 4735 μὲν
1787 4658 1925 4750 ἔφη·

2021 4658 2255 4750 ιῇοιῄἰθιιε
2278 4662 2542 4742 profecta
2564 4671 2724 4725 esset
2760 4664 2899 4726 filia.
2932 4664 3077 4726 Cum
3100 4680 3298 4728 autem
3331 4667 3372 4729 ii
3403 4671 3647 4750 quidem

280 4771 399 4831 σαν,
433 4750 658 4821 ἑσπέρας
707 4750 845 4807 κατᾶ
904 4751 966 4806 τὸ
1010 4750 1231 4816 σύνηθες
1280 4751 1375 4811 τὰς
1433 4753 1527 4805 τοὺ
1586 4749 1927 4806 κοινωνίσκου

276 4837 561 4897 κλείσασαν
616 4840 775 4918 θύρας
834 4838 1149 4918 ἀφυπνῶσαι
1193 4843 1260 4915 τῇ
1307 4837 1488 4915 κλίνῃ,
1520 4835 1681 4894 ἕωθεν
1736 4836 1789 4894 δὲ
1846 4838 1925 4914 μὴ

274 4929 572 5001 προϊούσης
602 4927 771 4997 αὖτῆς
815 4926 1074 4984 εἰσελθεῖν
1104 4928 1191 4984 καὶ
1246 4929 1404 4995 κενὴν
1463 4928 1627 5007 αιῖιτῆς
1681 4927 1769 4983 καὶ
1823 4929 1921 4995 τὴν

274 5015 460 5084 κλίνην
518 5018 607 5073 καὶ
660 5017 762 5086 τὴν
819 5017 985 5074 οἰκίαν
1028 5018 1202 5096 εὑρεῖν
1236 5032 1252 5048 ’
1300 5017 1444 5095 παρὰ
1492 5018 1583 5074 τὸν
1643 5015 1924 5092 μνηστῆρα

274 5105 526 5164 ἀπελθεῖν
555 5107 753 5173 ταύτην
797 5108 961 5186 ᾣετο,
1005 5107 1092 5163 καὶ
1140 5106 1383 5183 πέμψας,
1436 5107 1482 5162 εί
1523 5107 1653 5183 πρὸς
1704 5107 1860 5162 αὐτὸν
1887 5106 1923 5173 ἦ

279 5196 577 5276 Εὐφροσύνη
663 5196 1028 5276 παραγέγονεν
1117 5196 1461 5256 ἐπυνθάνετο.
1545 5195 1639 5258 Ὠς
1725 5192 1923 5252 δὲκαὶ

275 5286 426 5349 αὒτδς
478 5288 508 5342 6
550 5286 801 5365 μνηστὴρ
859 5285 1009 5344 οὐδὲν
1078 5292 1186 5344 τῶν
1242 5284 1658 5362 συμϐεϐηκότων
1715 5286 1918 5361 μαθὼν,

276 5380 345 5448 τῷ
407 5373 655 5456 αἰφνιδίῳ
734 5381 835 5443 τῆς
907 5375 1161 5456 ἂγγελίας
1231 5375 1478 5456 ταραχῆς
1554 5373 1650 5431 καΐ
1700 5373 1920 5451 θορύϐου

278 5466 549 5545 πλησθεὶς,
607 5467 741 5544 πρὸς
802 5468 963 5526 αύτὸν
1025 5466 1389 5546 παραγέγονεν
1424 5484 1437 5500 ’
1485 5474 1600 5543 εῠρε
1653 5465 1746 5521 τὸν
1803 5471 1918 5524 Πα-

2007 4748 2296 4812 dixissent
2314 4769 2442 4813 eam
2470 4770 2740 4835 vespere,
2775 4762 3112 4835 postquam,
3139 4765 3200 4818 ut
3228 4748 3646 4832 consueverat,

2007 4836 2223 4899 ostium
2255 4838 2940 4917 clausissetcubiculi,in
2965 4842 3123 4905 lecto
3146 4845 3492 4925 dormiisse;
3518 4869 3646 4911 ma-

2007 4944 2082 4987 ne
2111 4936 2335 5000 autem,
2359 4946 2430 4991 ea
2459 4948 2578 4991 non
2607 4932 2998 5014 procedente,
3021 4951 3125 4996 eos
3153 4953 3288 4997 esse
3317 4941 3640 5017 ingressos,

2006 5027 2063 5081 et
2096 5021 2394 5082 invenisse
2427 5039 2673 5084 vacuum
2707 5024 2840 5103 ejus
2871 5025 3089 5087 lectum
3117 5033 3175 5088 et
3204 5027 3643 5105 domum,arbi-

2008 5107 2274 5170 trabatur
2331 5127 2459 5171 eam
2507 5110 2731 5174 abiisse
2786 5114 2861 5174 ad
2923 5132 3257 5195 sponsum:
3320 5127 3378 5179 et
3406 5116 3478 5178 ad
3509 5134 3644 5178 eum

2005 5195 2278 5276 mittens,
2303 5200 2553 5287 rogavit,
2577 5219 2650 5264 au
2682 5202 2754 5264 ad
2792 5203 2987 5284 ipsum
3018 5205 3279 5268 venisset
3301 5205 3645 5287 Euphrosy-

2005 5304 2104 5347 ne.
2130 5286 2449 5368 Postquam
2482 5300 2680 5353 autem
2714 5292 2844 5373 ipso
2872 5312 3115 5374 quoque
3141 5286 3529 5375 sponsus,qui
3557 5295 3647 5354 ni-

2003 5375 2086 5439 hil
2121 5388 2432 5458 acceperat
2489 5399 2695 5443 eorum
2756 5400 2889 5462 qua:
2936 5382 3294 5456 acciderant,
3328 5382 3643 5461 repentino

2002 5466 2214 5529 nuntio
2248 5468 2630 5547 perturbatus
2651 5469 2723 5532 ad
2757 5489 2892 5533 eum
2915 5470 3423 5544 accessit,invenit
3443 5473 3644 5554 Paph-

278 5553 507 5629 φνεύτιον
536 5556 641 5613 ὑπὸ
689 5563 794 5615 τῶν
852 5558 1127 5637 πατρικῶν
1174 5555 1506 5639 σπλάγχνων
1539 5556 1911 5632 νενικημένον,

2021 5558 2230 5618 tutiom
2269 5556 2490 5619 victum
2549 5577 2584 5620 a
2634 5560 2900 5640 paternis
2947 5556 3302 5633 visceribus,
3357 5553 3641 5624 barbam-

280 5640 511 5707 τίλλοντά
558 5667 618 5703 τε
661 5647 724 5703 τὸ
766 5648 994 5731 γένειον,
1055 5650 1140 5707 καὶ
1186 5662 1311 5717 τοῖς
1371 5646 1508 5714 ὄνυξι
1558 5645 1657 5717 τήν
1689 5645 1911 5718 παρειὰν

2021 5662 2112 5730 μισ
2138 5645 2496 5726 vellentem,
2529 5659 2591 5712 et
2618 5665 2800 5731 genas
2827 5647 3190 5711 lacerantem
3221 5649 3545 5733 unguibus,
3579 5662 3638 5717 et
