4080 6204
425 258 542 336 315

424 492 546 557 Cur
574 511 672 555 me
702 504 869 555 tuum
902 500 1236 573 parentem,
1270 490 1573 570 lugentem
1606 497 1665 553 et
1701 491 1928 555 tristem
1964 511 2068 555 re-

421 584 703 666 liquisti?
729 582 858 645 Non
889 591 953 643 te
974 581 1044 643 ad
1078 582 1231 643 hanc
1262 597 1429 660 spem
1461 579 1829 657 alebam,sed
1865 592 1928 644 ut
1957 585 2069 645 ha.

427 673 635 737 berem
669 672 944 735 baculum
975 670 1331 742 senectutis,
1354 679 1411 732 et
1433 670 1709 733 solatium
1742 670 2067 735 imbecilli-

426 767 588 827 tatis.
620 762 730 825 Hei
762 761 932 834 mihi,
961 760 1102 835 tilia,
1137 778 1255 840 quo
1290 760 1467 823 modo
1500 761 1684 822 feram
1720 763 1803 824 tui
1841 761 2068 825 orbita-

428 860 549 915 tem
575 851 601 913 ?
629 848 940 923 Quomodo
972 849 1163 929 patiar
1184 848 1594 930 solitudimm,
1619 868 1757 910 cum
1785 849 1847 911 in
1872 858 1927 911 te
1944 851 2069 913 sola

425 961 594 1022 spem
629 940 969 1002 deﬁxisscm
994 945 1023 1002 ’ἰ
1071 937 1201 1000 Non
1234 947 1322 1001 est
1352 939 1496 1001 mihi
1527 938 1784 1020 amplius
1815 940 1972 1002 ullus
1994 941 2069 1002 ﬁ-

423 1031 563 1106 lius,
595 1037 660 1091 ut
688 1028 759 1090 ad
795 1046 930 1090 eum
962 1028 1274 1108 aspiciam,
1309 1037 1370 1091 et
1398 1047 1575 1109 quem
1610 1039 1856 1110 propter
1888 1039 1948 1093 te
1980 1048 2073 1092 ca-

426 1120 547 1202 pio,
583 1117 808 1181 doloris
840 1136 907 1179 ex
937 1137 1007 1179 eo
1042 1119 1338 1180 inveniam
1363 1117 2074 1182 solatium.Nihilominus

425 1208 691 1285 dolebat,
719 1226 898 1290 quam
932 1215 1120 1287 pater,
1145 1217 1490 1288 sponsus,et
1513 1207 1915 1271 contendebat
1938 1227 2071 1270 cum

428 1300 592 1362 illius
620 1296 1397 1377 lamentationibus,praater
1425 1314 1591 1376 spem
1626 1297 1726 1359 tali
1757 1297 1913 1360 bono
1930 1299 2076 1360 frus—

429 1399 640 1453 tratus.
677 1386 1034 1450 Consulebat
1066 1394 1289 1467 tamen,
1323 1396 1387 1448 ut
1444 1386 1768 1449 viriliorem
1801 1389 2078 1468 suscipe-

428 1488 568 1545 rent
596 1478 1043 1558 cogitationem,
1079 1486 1139 1540 et
1164 1477 1361 1538 missis
1392 1477 2079 1555 lamentationibus,sur-

429 1576 641 1651 gerent
668 1567 741 1629 ad
775 1585 926 1629 eam,
965 1566 1386 1648 quarendams
1431 1568 1665 1630 Mittunt
1712 1586 1852 1646 ergo
1901 1586 2075 1649 quam

431 1657 689 1741 primum
725 1658 785 1719 in
818 1674 1056 1719 omnem
1090 1666 1350 1737 partem,
1386 1657 1491 1733 qui
1525 1656 1684 1719 illam
1732 1665 2077 1739 scrutaren-

429 1757 566 1812 tur:
603 1755 662 1808 et
692 1745 1155 1827 proﬁciscuntur
1174 1746 1409 1827 equites
1431 1747 1488 1808 in
1516 1746 1848 1827 Libyam.et
1871 1747 2081 1828 Egyp-

431 1847 585 1913 tum,
619 1846 677 1900 et
708 1837 896 1918 ipsam
931 1835 1325 1899 Palaestinam.
1360 1835 1549 1899 Portm
1582 1846 2081 1915 praeoccupantur
2103 1830 2139 1880 Β

430 1926 760 2000 civitatum,
823 1933 1196 2007 occupantur
1254 1931 1484 2006 portus,
1524 1926 1648 1999 vias,
1710 1925 1907 2000 trivia,
1941 1925 2079 1987 etsi

434 2016 576 2099 quid
613 2023 762 2096 erat,
796 2015 955 2097 quod
988 2014 1230 2091 latebat,
1262 2023 1320 2077 et
1346 2023 1580 2097 poterat
1602 2015 1947 2078 celare.Sed
1974 2014 2081 2079 Dei

430 2124 603 2187 agna,
637 2124 771 2188 qua)
790 2107 870 2168 ab
899 2104 1029 2187 ipso
1061 2105 1392 2186 celabatur,
1428 2123 1547 2167 non
1581 2113 1814 2186 poterat
1844 2104 1978 2187 capi
2007 2104 2079 2167 ab

431 2197 509 2259 iis
537 2194 640 2278 qui
670 2213 800 2258 eam
860 2194 1180 2277 cupiebant
1227 2211 1466 2276 capere.
1530 2194 1842 2268 Quomodo
1891 2195 2077 2272 enim,

433 2304 571 2349 cum
603 2284 710 2347 ille
739 2284 983 2347 nollet?

518 2375 589 2438 Χ.
623 2373 800 2439 Omni
824 2392 967 2454 ergo
990 2391 1059 2436 ex
1086 2382 1253 2455 parte
1273 2373 1491 2436 dubius
1516 2381 1645 2436 erat
1675 2382 1733 2435 et
1764 2375 2084 2456 perplexas

439 2464 829 2547 Paphnutius,
866 2483 984 2526 non
1014 2463 1264 2539 habens,
1298 2462 1398 2544 qui
1442 2480 1580 2525 eum
1612 2464 2028 2526 consolaretur
2064 2483 2080 2524 :

440 2573 575 2620 nam
609 2563 669 2618 et
691 2554 903 2616 domus
928 2552 1455 2633 lamentationibus
1486 2553 1662 2633 plena
1692 2562 1818 2615 erat
1866 2562 1924 2616 et
1970 2555 2083 2615 ile-

439 2645 685 2720 tibus,et
705 2643 996 2726 quidquid
1021 2644 1076 2705 ei
1097 2643 1449 2705 occurrebat
1472 2642 2085 2723 spectandum,duce-

438 2734 540 2798 bat
567 2733 640 2797 ad
676 2733 964 2813 majorem
1014 2733 1153 2795 mali
1185 2731 1722 2796 reminiscentiam.
1757 2730 1894 2795 Sive
1927 2732 2084 2793 enim

437 2824 626 2887 vestis
659 2823 812 2902 ejus,
847 2841 952 2884 seu
984 2828 1403 2883 ornamentum
1432 2820 1699 2901 aliquod,
1733 2828 1834 2882 aut
1862 2820 2084 2901 aliquid

437 2912 596 2974 aliud
630 2912 787 2975 fcrte
817 2909 1121 2973 videretur
1152 2927 1436 2992 praesens,
1464 2908 1520 2971 id
1547 2918 1673 2970 erat
1704 2910 1939 2971 occasio
1971 2910 2083 2972 ﬂe-

441 3008 631 3071 tuum,
667 3008 725 3062 et
755 2999 902 3062 illud
934 2999 1256 3079 imponens
1307 2998 1519 3072 oculis,
1567 3006 1628 3060 et
1655 3017 1792 3060 cum
1827 2999 2085 3060 maximo

443 3107 688 3153 versans
714 3088 1045 3163 desiderio,
1074 3087 1456 3151 humectabat
1502 3087 1797 3169 lacrymis.
1832 3089 2087 3152 Μαι-ονε

1710 268 1990 332 MENSIS
2024 218 2495 334 'JANUARIUS.

424 400 853 466 miserabiliter
907 400 1207 465 dicentem
1240 421 1252 459 :
1287 399 1419 472 Quo
1452 399 1716 481 profecta
1764 420 1852 478 es,
1890 402 2083 466 tilia?.

2169 403 2514 470 ,αταξαίνοντα
2550 421 2566 440 ⁹

3572 232 3589 247 κ
3672 264 3784 340 316

2633 404 2740 479 καὶ,
2777 413 2882 463 Ποῖ
2939 402 3284 486 πεπόρευσαι,
3320 402 3507 465 τέκνον
3542 422 3559 483 ;
3618 406 3785 467 ἐλεει-

2153 497 2256 558 νῶς
2307 492 2625 572 ἐπιλέγοντα
2659 515 2675 532 ⁸
2708 497 2759 552 τί
2789 517 2855 572 με
2882 498 2972 553 τὸν
3003 499 3097 553 σὸν
3149 499 3360 555 πενθεῖν
3415 498 3506 554 καὶ
3551 502 3785 578 σκυθρω-

2154 584 2338 654 πάζειν
2394 586 2684 662 γεννήτορα
2748 584 3188 660 καταλέλοιπας;
3242 587 3336 643 οὒκ
3393 586 3480 643 ἐπὶ
3523 589 3786 655 τοιαύταις

2153 670 2356 728 ἐλπίσιν
2414 672 2717 755 ἀνέτρεφον,
2772 673 2894 731 ἀλλ’
2942 675 3080 732 ὥστε
3129 677 3420 754 βακτηρίαν
3463 682 3557 733 τοῦ
3613 678 3789 756 γήρως

2154 759 2324 841 ἔχειν,
2358 764 2446 819 καὶ
2503 768 2601 831 τῆς
2653 764 2922 830 ἀσθενείαις
2977 764 3337 844 παράκλησιν.
3372 765 3439 823 Οῗ
3493 787 3584 841 μοι
3625 764 3640 824 ί
3699 765 3789 824 τί·-

2151 872 2273 908 κνον
2304 850 2455 927 ἐμὸν,
2501 858 2616 917 πῶς
2676 855 2774 922 τὴν
2801 855 2904 922 σὴν
2947 853 3085 912 οἴσω
3121 855 3371 933 στέρησιν
3403 871 3420 929 ς
3455 855 3571 912 πῶς
3599 854 3795 933 ἐνέγκω

2153 941 2250 1007 τὴν
2310 942 2542 1016 μόνωσιν
2581 961 2596 1015 ;
2653 942 2738 999 έπὶ
2792 944 2874 1000 σοὶ
2918 944 3055 1021 μόνῃ
3106 944 3200 1006 τὰς
3246 941 3461 1009 ἐλπίδας
3507 943 3746 1001 σαλεύων
3775 961 3790 976 ³

2154 1033 2249 1089 οὒκ
2275 1030 2385 1087 ἔστι
2415 1052 2506 1106 μοι
2535 1031 2717 1089 τέκνον
2774 1031 2951 1110 ἕτερον
3006 1035 3079 1097 ὡς
3123 1031 3207 1090 ἐπ’
3239 1033 3383 1108 αύτῷ
3425 1032 3649 1111 βλέψαι,
3709 1035 3792 1090 καὶ

2155 1124 2253 1187 τῆς
2298 1119 2393 1176 έπὲ
2438 1121 2521 1178 σοὶ
2563 1120 2735 1189 λύπης
2778 1123 3067 1202 ἀναψυχὴν
3113 1123 3375 1201 ἐφευρεῖν,
3433 1121 3496 1181 Ὀ
3550 1124 3794 1200 μνηστὴρ

2156 1207 2213 1265 δὲ
2253 1210 2342 1266 καὶ
2386 1212 2543 1274 αὐτὸς
2584 1209 2733 1270 οὐδέν
2782 1212 2937 1280 ἧττον
2974 1215 3068 1270 τοῦ
3097 1214 3294 1292 πατρὸς
3324 1212 3505 1291 ἤλγει,
3542 1218 3630 1270 καὶ
3669 1214 3796 1290 πρὸς

2158 1300 2277 1364 τοὺς
2307 1299 2507 1357 ἐκείνου
2537 1302 2756 1378 θρήνους
2790 1299 3161 1377 ἁμιλλώμενος
3208 1304 3298 1383 ἧν,
3358 1303 3604 1363 τοιούτου
3661 1324 3799 1375 παρ-

2159 1387 2344 1444 ελπίδα
2407 1391 2647 1465 ψευσθεὶς
2706 1391 2922 1469 ἀγαθοῦ,
2985 1390 3333 1450 Συνεόοῧλευε
3383 1391 3438 1448 δὲ
3495 1391 3646 1466 ὅμως
3706 1392 3802 1447 ἆν-

2161 1476 2471 1557 δρικώτερον
2529 1502 2579 1535 τι
2630 1485 2915 1561 φρονῆσαι,
2967 1482 3057 1538 καὶ
3097 1488 3205 1540 τῶν
3250 1482 3456 1561 θρήνων
3510 1479 3801 1560 ἀφεμένους

2158 1569 2247 1625 ἐπὶ
2322 1583 2421 1635 την
2506 1569 2714 1636 ἐκείνης
2774 1568 3116 1639 διαναστῆναι
3192 1572 3444 1643 ζήτησιν.
3530 1571 3802 1646 Πέμπουσι

2162 1665 2248 1716 οὖν
2306 1660 2366 1714 τὸ
2408 1659 2577 1739 τάχος
2639 1661 2931 1741 ἁπανταχῆ
2981 1662 3101 1725 τοὺς
3159 1662 3359 1730 ταύτην
3430 1659 3804 1738 ἆνερευνήσονο

2161 1771 2292 1828 τας,
2327 1748 2415 1806 καὶ
2495 1751 2680 1815 ἱππεῖς
2739 1749 3054 1808 στέλλονται
3144 1752 3280 1808 κατά
3334 1772 3393 1808 τε
3451 1747 3652 1815 Λιϐύην
3710 1746 3804 1804 καί

2165 1837 2438 1917 Αἴγυπτον
2489 1841 2577 1896 καὶ
2648 1840 3007 1906 Παλαιστίνην
3065 1841 3233 1912 αὒτήν
3265 1861 3278 1875 ·
3344 1834 3805 1920 προκαταλαμϐά-

2163 1950 2342 1985 νονται
2401 1928 2637 2004 λιμένες,
2685 1928 2849 1986 πύλαι
2902 1928 3112 1987 πόλεων
3146 1945 3162 1962 '
3202 1924 3807 2006 προκαταλαμϐάνονται

2162 2017 2292 2092 ὁδοὶ,
2353 2016 2602 2098 ἅμφοδοι,
2650 2021 3009 2098 μοναστήρια,
3070 2020 3158 2076 καὶ
3208 2018 3259 2074 εί
3314 2040 3366 2074 τι
3398 2016 3660 2075 λανθάνον
3716 2015 3805 2088 ἧν,

2162 2109 2249 2164 καὶ
2308 2109 2551 2183 κρύπτειν
2608 2106 2915 2168 δυνάμενον.
2979 2107 3129 2166 Ἀλλ’
3188 2110 3222 2178 ἡ
3295 2118 3387 2168 τοῦ
3458 2113 3598 2164 Θεοῦ
3641 2103 3809 2179 ἆμνσίς

2167 2194 2253 2252 ὑπ’
2298 2196 2454 2254 αὒτιοῦ
2483 2198 2824 2277 κροπτομένη
2883 2210 2998 2263 τοῖς
3057 2197 3245 2255 λαϐεῖν
3272 2204 3541 2271 ζητοῦσαν
3572 2192 3807 2263 ἄληπτος

2165 2286 2230 2354 ἦν
2265 2302 2280 2320 ⁸
2313 2293 2425 2353 πῶς
2454 2287 2575 2365 γὰρ,
2611 2287 2811 2345 ἐκείνου
2840 2290 2918 2364 μὴ
2946 2287 3272 2365 βουλομένου
3306 2305 3322 2363 ς

2248 2375 2309 2438 Ι’.
2366 2378 2624 2435 Πάντοθεν
2684 2385 2773 2434 οὖν
2815 2378 3177 2458 ἀπορούμενος
3225 2380 3253 2435 ὁ
3312 2374 3668 2457 Παρρνούτιος,
3715 2370 3809 2429 καί

2166 2467 2244 2540 μὴ
2292 2466 2436 2548 ἔχων
2490 2469 2586 2524 τὸν
2660 2469 3175 2547 παραμυθησόμενον
3212 2487 3226 2501 ⁸
3288 2466 3324 2534 ἥ
3387 2487 3444 2523 τε
3515 2465 3617 2543 γὰρ
3673 2460 3808 2519 οίκία

2165 2559 2370 2637 θρήνων
2412 2560 2500 2615 καὶ
2560 2556 2799 2637 ὀδυρμῶν
2842 2556 3189 2637 πεπλήρωτο,
3242 2561 3330 2614 καὶ
3390 2560 3499 2613 πᾶν
3545 2555 3607 2611 τὸ
3636 2572 3805 2630 προσ-ν

2171 2650 2361 2705 πίπτον
2390 2650 2465 2710 εἷς
2507 2648 2630 2705 θέαν
2659 2650 2788 2724 πρὸς
2845 2647 3062 2705 πλείονα
3119 2653 3211 2704 τοῦ
3253 2647 3451 2710 πάθους
3509 2644 3811 2721 ἀνάμνησιν

2169 2738 2324 2815 ἧγεν.
2386 2737 2513 2794 Εἴτε
2569 2740 2633 2794 τὰ
2676 2739 2862 2813 ἱμάτια
2906 2737 3139 2812 ἐκείνης,
3198 2736 3312 2794 εἴτε
3358 2759 3409 2792 τι
3464 2736 3715 2811 κόσμιον,
3771 2731 3805 2796 ἢ

2168 2825 2348 2905 ἕτερον
2382 2849 2433 2882 τι
2498 2846 2633 2883 κατα
2685 2827 2860 2908 τύχην
2907 2826 3086 2906 ὡραθη
3142 2828 3332 2906 παρὸν,
3377 2824 3601 2907 ἀφορμὴ
3656 2820 3807 2878 τοῦτο

2168 2916 2234 2982 ἦν
2294 2913 2534 2993 ὀδυρμῶν
2570 2932 2581 2947 ⁶
2646 2916 2733 2970 καὶ
2807 2913 3044 2991 ὄμμασιν
3120 2916 3304 2974 ἐκεῖνα
3360 2914 3672 2994 περιτιθεὶς,
3724 2909 3809 2966 καὶ

2170 3005 2516 3062 ποθεινότατα
2602 3004 2960 3082 περιστρέφων
3047 3003 3386 3084 κατάόροχον
3453 3003 3626 3061 ἐποίει
3694 3009 3808 3061 τοῖς

2171 3092 2406 3172 δάκρυσι,
2443 3094 2785 3173 Πανταχόθεν
2839 3100 2929 3151 οὖν
2985 3099 3053 3171 τῇ
3109 3094 3252 3171 λύπῃ
3300 3091 3638 3171 βαλλόμενος
3679 3089 3809 3145 ἆναο

441 3198 583 3261 ergo
615 3180 776 3242 omni
812 3198 884 3241 ex
909 3186 1072 3260 parte
1094 3178 1479 3260 appetitus.et
1510 3196 1628 3239 non
1655 3177 1857 3239 valens
1891 3177 2083 3239 medi-

2170 3184 2354 3264 ψυχὴν
2408 3184 2582 3262 εὑρεῖν
2625 3186 2704 3258 μὴ
2763 3180 3074 3264 δυνάμενος,
3127 3184 3259 3258 πρὸς
3310 3185 3404 3240 τὸν
3450 3182 3621 3261 μέγαν
3671 3180 3808 3239 αὖθις

440 3277 781 3334 camentum
828 3267 1100 3330 invenire
1157 3267 1231 3329 ad
1278 3264 1580 3342 solatium,
1617 3267 1821 3328 statuit
1877 3283 2086 3328 rursus

441 3361 646 3423 venire
670 3358 744 3422 ad
770 3376 1047 3439 magnum
1078 3356 1244 3420 illum
1267 3375 1500 3430 senem,
1530 3374 1639 3437 per
1665 3374 1841 3437 quem
1870 3355 2086 3435 dignus

441 3458 571 3515 erat
590 3449 829 3511 habitus
844 3447 1038 3511 vocari
1058 3449 1187 3529 ejus
1215 3454 1471 3529 pater,et
1498 3464 1746 3508 narrare
1768 3446 1923 3526 quod
1954 3463 2082 3508 eve-

436 3538 741 3603 nerat.Sic
772 3538 931 3601 enim
964 3537 1281 3612 statuebat,
1314 3535 1475 3616 quod
1509 3535 1609 3617 qui
1641 3553 1936 3617 eam,qnaa
1967 3554 2083 3598 non

443 3637 591 3701 erat,
603 3634 874 3710 potuerat
898 3629 1023 3689 suis
1045 3624 1319 3708 praebere
1342 3624 1705 3706 precibus,is
1736 3642 1864 3687 eam
1889 3623 2086 3687 laten-

440 3733 564 3782 tem
598 3716 813 3799 poterit
837 3715 1098 3779 reddere
1130 3715 1532 3778 manifestam.
1568 3715 1747 3776 Venit
1787 3715 1987 3796 itaque
2012 3714 2086 3777 ad

439 3826 600 3883 eum,
629 3816 690 3871 et
734 3807 807 3870 ad
840 3806 1004 3869 illius
1056 3806 1243 3887 pedes
1301 3804 1625 3887 procidens
1660 3825 1672 3866 :
1709 3801 1819 3866 Hei
1853 3806 2020 3880 mihi,
2055 3823 2088 3866 ο

440 3898 640 3974 Pater,
673 3896 989 3961 clamavit:
1026 3894 1261 3978 perdidi
1311 3894 1565 3957 fructum
1603 3900 1833 3956 tuarum
1865 3894 2089 3956 oratio-

442 4006 615 4064 num,
651 3995 712 4049 et
754 4005 889 4049 sum
923 3984 1110 4048 orbus
1159 3983 1390 4058 liberis,
1423 3981 1525 4064 qui
1557 4000 1665 4064 per
1696 3990 1751 4045 te
1780 3983 2089 4064 pulchram

442 4076 742 4141 habebam
776 4075 1028 4155 prolem.
1056 4072 1283 4136 Invidia
1321 4072 1576 4152 alicujus
1598 4072 1884 4135 daemonis
1917 4075 2094 4155 periit

442 4166 834 4248 Euphrosyne
858 4164 1069 4227 domus
1093 4160 2086 4244 measlmtitiazperiitpraeterspem,

443 4255 615 4318 nullo
651 4254 879 4317 sciente
911 4270 984 4315 ex
1024 4252 1394 4326 domesticis,
1428 4249 1532 4313 ubi
1563 4252 1662 4327 sit,
1702 4251 1792 4314 vel
1826 4271 2088 4328 quonam

443 4345 524 4408 sit
552 4343 843 4426 profecta.
870 4343 956 4407 Te
994 4360 1134 4423 ergo
1197 4341 1339 4403 mihi
1374 4341 1678 4423 paululum
1713 4341 2000 4419 concede,
2035 4351 2093 4404 et

445 4433 683 4516 eos,qui
704 4443 845 4496 sunt
874 4441 1096 4507 tecum;
1121 4439 1179 4494 et
1210 4431 1350 4492 huic
1381 4429 1468 4492 rei
1502 4446 1716 4493 vacans
1744 4430 2091 4512 aliquantu-

451 4525 600 4603 lum,
634 4532 768 4605 pete
797 4523 870 4585 ab
892 4541 988 4599 eo,
1019 4521 1120 4602 qui
1151 4539 1184 4583 ε
1215 4520 1332 4603 piis
1361 4520 1600 4595 colitur,
1636 4528 1694 4581 ut
1729 4521 1874 4582 mihi
1898 4522 2090 4600 signi-
2115 4557 2160 4609 ο

452 4614 615 4690 licet,
649 4613 894 4675 ubinam
927 4612 1004 4673 sit
1037 4611 1132 4673 lux
1188 4628 1459 4673 meorum
1515 4609 1846 4673 oculorum.
1881 4609 2095 4674 Flexus

450 4705 654 4782 itaque
683 4710 958 4777 senex,et
985 4701 1186 4765 animo
1222 4698 1774 4781 perturbatus,cum
1810 4701 2094 4781 Paphnu-

450 4793 521 4857 tii
551 4791 832 4875 lacrymis
872 4800 1039 4855 esset
1093 4791 1517 4871 illacrymatus,
1570 4790 1823 4853 accersit
1856 4809 2094 4852 omnem

451 4883 973 4955 fraternitatem,et
994 4878 1714 4961 eorum,qu:ePaphnutio
1728 4880 2093 4955 acciderant,

450 4972 734 5056 proponit
762 4970 1166 5035 narrationem
1204 4987 1217 5030 :
1239 4968 1531 5049 jubetque
1564 4976 1627 5031 ut
1655 4975 1834 5030 totam
1862 4968 2097 5031 hebdo-

452 5062 688 5131 madam
719 5079 783 5125 se
807 5062 1039 5143 jejunio
1092 5059 1339 5139 dedant,
1396 5067 1455 5120 et
1500 5058 1781 5132 orationi,
1839 5060 1890 5121 si
1946 5058 2098 5122 forte

450 5153 630 5215 alicui
658 5148 1278 5234 apparuerit,ubinam
1306 5156 1596 5209 terrarum
1624 5146 1804 5210 lateat
1830 5146 2098 5229 Euphro-

527 5329 761 5395 XI.Hoc
780 5328 1169 5403 tamenfacto,
1204 5326 1274 5389 ad
1301 5326 1558 5393 nihilum
1582 5322 1861 5387 redibant
1885 5343 2093 5391 eorum

2165 3274 2342 3331 ἐλθεῖν
2399 3270 2744 3329 ἐϐουλεύσατο
2787 3272 3032 3350 γέροντα,
3091 3271 3162 3329 δι’
3209 3278 3270 3330 οὗ
3321 3271 3503 3349 πατὴρ
3554 3267 3806 3337 κληθῆναι

2166 3364 2363 3429 ταύτης
2396 3360 2639 3433 ἠξίωται,
2674 3364 2760 3418 καὶ
2791 3363 2852 3418 τὸ
2904 3362 3125 3440 γεγονός
3174 3359 3561 3441 διηγήσασθαι.
3600 3356 3808 3433 -⁹Ἐκρι-

2169 3475 2222 3509 νε
2262 3453 2363 3531 γὰρ
2415 3451 2581 3512 οὕτως
2643 3451 2723 3507 ὅτι
2783 3473 2882 3530 περ
2943 3453 2971 3508 ὁ
3024 3450 3104 3526 μὴ
3159 3460 3317 3510 οὖσαν
3376 3449 3546 3519 αὒτὴν
3595 3445 3807 3506 δυνατὸς

2169 3543 2453 3621 γενόμενος
2510 3540 2597 3597 διὰ
2653 3546 2761 3598 τῶν
2820 3545 2982 3601 αὐτοῦ
3034 3540 3243 3621 εὒχῶν.
3271 3552 3609 3620 παρασχεῖν,
3663 3545 3808 3597 οὗτος

2169 3631 2234 3698 δὴ
2293 3633 2382 3688 καὶ
2437 3629 2795 3688 λανθάνουσαν
2874 3631 3055 3693 ἱκανὸς
3131 3628 3305 3686 ἔσεται
3376 3629 3611 3708 φανερὰν
3655 3622 3812 3689 «om

2173 3725 2307 3798 ἡμῖν
2363 3721 2721 3789 καταστῆσαι.
2762 3718 3038 3799 ’Ἔρχεται
3098 3725 3224 3798 γοῦν
3281 3719 3415 3797 πρὸς
3485 3717 3670 3788 αὐτὸν,
3731 3711 3815 3770 καὶ

2171 3825 2293 3875 τοῖς
2324 3810 2529 3868 ἐκείνου
2557 3811 2679 3865 ποσὶ
2737 3797 3078 3886 προσπεσὼν,
3111 3807 3181 3867 Οἵ
3210 3829 3326 3883 μοι,
3364 3807 3565 3886 Πάτερ,
3601 3797 3823 3873 ἐϐόησε,

2171 3903 2262 3958 τὸν
2315 3901 2516 3979 καρπὸν
2568 3902 2673 3956 τῶν
2716 3903 2823 3956 σῶν
2876 3902 3055 3978 texam
3113 3895 3460 3970 ἀπολώλεκα,
3523 3896 3618 3953 καὶ
3659 3892 3813 3956 ἄπαις

2173 3994 2200 4048 ό
2243 3989 2328 4047 διὰ
2372 3996 2466 4047 σού
2509 3987 2794 4053 καλλίπαις
2849 3988 3109 4065 βασκανίᾳ
3162 3987 3307 4052 τινὸς
3336 3985 3639 4066 γεγένημαι
3698 3981 3809 4038 δαίς

2175 4100 2357 4157 μονος.
2411 4078 2642 4159 Οἴχεται
2687 4078 2783 4146 τῆς
2816 4077 2954 4154 ἐμῆς
2999 4077 3167 4142 οἰκίας
3198 4080 3235 4148 ἡ
3270 4076 3602 4156 Εὔφροσύνη,
3649 4071 3811 4151 οἴχεο

2174 4193 2259 4227 ται
2304 4170 2428 4244 παρ’
2473 4166 2680 4248 ἐλπίδα,
2715 4165 2943 4243 μηδενὸς
2987 4174 3092 4224 τῶν
3135 4166 3281 4224 οἴκοι
3318 4165 3677 4245 γινεέισκοντος
3718 4165 3813 4217 ποῦ

2171 4260 2258 4316 καὶ
2301 4260 2443 4329 παρὰ
2500 4258 2613 4313 τίλα
2659 4260 2981 4335 πεπόρευται
3019 4273 3033 4286 ⁸
3093 4255 3322 4336 χάρισόν
3367 4277 3459 4329 μοι
3491 4256 3582 4312 οὖν
3610 4270 3670 4310 σε
3731 4248 3812 4304 καὶ

2172 4349 2294 4413 τοὺς
2351 4348 2487 4422 μετὰ
2530 4354 2649 4424 σοῦ,
2692 4347 2781 4402 καὶ
2825 4345 3021 4424 μικρόν
3082 4335 3133 4401 τι
3202 4343 3482 4423 σχολάσας
3540 4343 3633 4400 τὸν
3692 4335 3810 4412 παρ’

2173 4440 2320 4514 ὑμῶν
2362 4436 2786 4514 θεραπευόμενον
2855 4435 3106 4509 αἴτησαι,
3151 4434 3404 4513 γνωρίσαι
3448 4454 3564 4507 μοι,
3608 4431 3711 4489 ποῦ
3755 4424 3813 4481 ἂν

2175 4529 2264 4585 καὶ
2307 4525 2398 4594 εἴη
2458 4527 2517 4583 τὸ
2573 4525 2768 4605 φέγγος
2824 4530 2932 4581 τῶν
2975 4523 3121 4599 ἐμῶν
3180 4522 3493 4605 ὀφθαλμῶν.
3553 4517 3813 4599 Καμφθεὶς

2178 4625 2267 4675 οὖν
2325 4619 2352 4674 ὁ
2409 4618 2578 4694 γέρων
2644 4615 2733 4670 καὶ
2790 4613 3104 4694 συγχύσεως
3162 4612 3419 4681 πλησθεὶς
3475 4613 3573 4680 τὴν
3635 4606 3815 4687 ψυχὴν

2177 4719 2294 4771 τοῖς
2351 4712 2442 4762 τοῦ
2501 4703 2826 4783 Παφνουτίου
2877 4723 2934 4759 τε
3009 4700 3224 4782 δάκρυσι
3307 4700 3661 4781 ἐπιδακρύσας
3716 4697 3811 4753 αὖα

2178 4800 2293 4876 τὸς,
2353 4793 2739 4872 μετακαλεῖται
2791 4799 2969 4849 πᾶσαν
3023 4793 3122 4860 τὴν
3177 4790 3541 4872 ἀδελφότητα,
3604 4786 3701 4848 καί
3750 4784 3812 4840 τὰ

2179 4894 2272 4944 τοῦ
2333 4886 2655 4964 Παφδουτίου
2730 4884 3034 4961 προτίθησιν
3087 4884 3163 4947 είς
3233 4880 3511 4960 διήγησιν,
3572 4879 3704 4945 ὅλην
3756 4892 3810 4928 τε

2181 4972 2447 5050 ἑϐδομάδα
2531 4973 2748 5045 νηστείᾳ
2830 4973 2919 5030 καὶ
3004 4976 3286 5053 προσευχῇ
3362 4972 3577 5036 ἑαυτοὺς
3647 4966 3810 5025 δοῦναι

2180 5065 2519 5143 προστάττει,
2572 5060 2719 5128 ὅπως
2779 5060 2962 5142 ὀφθείη
3007 5052 3131 5139 τινὶ,
3168 5068 3271 5118 ποῦ
3314 5060 3414 5139 γῆς
3447 5062 3481 5129 ἡ
3514 5052 3808 5141 Εὖγροσῦνη

2180 5156 2492 5236 κρύπτοιτο.

2257 5336 2373 5397 ΙΛ¹.
2409 5327 2504 5403 Ὠς
2548 5334 2603 5392 δὲ
2647 5334 2832 5391 τούτου
2876 5331 3210 5413 πραχθέντος
3244 5333 3317 5394 εἰς
3350 5326 3498 5388 οὐδὲν
3529 5328 3720 5409 ἐχώρει
3749 5318 3810 5376 τὰ

447 5418 1059 5503 preces.Resistebant
1070 5416 1233 5507 enim
1248 5415 1331 5478 Eu
1342 5416 1654 5507 phrosynaa
1671 5414 2083 5507 orationes,pe-

2175 5429 2272 5496 τῆς
2319 5430 2491 5507 εὐχῆς
2526 5443 2541 5458 ’
2612 5426 2938 5504 ἀντέπραττε
2996 5423 3096 5502 γὰρ
3151 5424 3186 5491 ἡ
3231 5420 3441 5489 ἐκείνης
3504 5413 3809 5490 αἰτουμένη(

446 5510 632 5572 tentis
660 5509 1150 5590 utignoraretur.
1186 5505 1497 5597 Statuebat
1525 5522 1782 5586 namque
1814 5506 1972 5570 Deus
2004 5510 2083 5573 si-

2174 5505 2503 5597 ἀγνοηθῆναι
2538 5533 2553 5547 ·
2610 5514 2781 5594 ἔκρινε
2836 5510 2887 5570 δὲ
2937 5515 3026 5570 καὶ
3070 5514 3201 5577 Θεὸς
3249 5512 3335 5570 ἐπὶ
3378 5510 3569 5587 μικρὸν
3613 5508 3819 5565 ἐκεῖνον

446 5614 599 5662 nere
653 5598 822 5661 illum
883 5598 1080 5683 potius
1130 5614 1341 5680 parum
1402 5596 1627 5678 lugere,
1663 5611 1840 5677 quam
1894 5598 2083 5681 ipsum

2175 5595 2329 5668 ἐᾶσαι
2375 5609 2610 5683 πενθεῖν,
2658 5605 2693 5673 ἢ
2738 5604 2893 5665 αὐτὸν
2968 5600 3286 5665 ἂπαλάττων
3350 5600 3524 5668 λύπης
3580 5595 3821 5660 λιιπῆοαι
