4128 6198
321 330 436 399 317

1550 331 1736 396 VITA
1783 334 1842 395 S.
1892 331 2351 397 EUPHHOSYN
2359 332 2468 394 ES.

3579 327 3696 399 318

318 473 524 552 μαλλον
569 471 779 554 ψυχὴν,
842 471 876 541 ἢ
935 475 1023 530 καὶ
1092 473 1297 554 φύσεως
1359 475 1520 539 αὐτῆς
1581 476 1669 530 καὶ
1724 476 1951 550 στοργῆς

2041 467 2308 530 liberans
2333 485 2366 528 a
2396 466 2626 544 dolore,
2661 466 2872 531 dolore
2904 467 3088 548 magis
3127 467 3370 532 afﬁcere
3399 467 3689 547 animam,

317 564 581 641 πατρικῆς
612 563 698 620 διά
740 565 831 620 τὸν
875 571 1007 631 πρὸς
1052 563 1209 619 αὐτὸν
1243 560 1479 640 ἡλόγησε
1509 565 1670 619 πόθον
1705 579 1717 593 ⁸
1782 561 1958 624 ἄλλως

315 657 373 710 τε
411 654 466 710 δὲ
511 657 599 711 καὶ
667 656 763 710 τοῦ
819 655 898 729 μὴ
956 654 1254 732 περικοπὴν
1315 651 1595 728 δοῦναιτῇ
1653 651 1816 729 ἀρετῇ
1871 653 1960 709 καὶ

311 741 595 818 ὶμπόδιον,
651 746 722 810 ἧς
793 744 899 800 τῶν
969 743 1182 798 πάντων
1239 739 1383 801 οὖδέν
1446 744 1558 798 ἔστι
1615 742 1954 818 τιμιώτερον,

313 831 464 890 Ἐπεὶ
521 835 686 891 ταῦτα
757 833 926 897 οὕτως
1003 830 1293 906 συνέϐαινε,
1372 833 1531 909 φησὶν
1572 834 1599 888 ὁ
1654 833 1824 910 γέρων
1884 832 1959 904 τῷ

313 924 669 1002 Παφνουτίῳ’
742 923 830 989 Μὴ
889 924 1099 996 ἀθύμει,
1159 920 1340 977 τέκνον
1430 924 1743 1001 Παφνούτιε,
1821 919 1957 996 μηδὲ

315 1012 385 1075 ὥς
429 1034 513 1075 τις
567 1017 674 1069 τῶν
733 1012 971 1068 ἀπίστων
1014 1012 1111 1067 καὶ
1167 1011 1340 1067 πάντα
1383 1018 1460 1084 τῷ
1503 1009 1627 1087 τῇδε
1675 1011 1773 1087 βίῳ
1803 1033 1954 1066 στοι-

309 1101 577 1182 χούντων,
621 1100 788 1177 μηδὲν
832 1100 886 1156 δὲ
931 1101 1096 1156 πλέον
1139 1114 1354 1180 φρονεῖν
1404 1099 1733 1179 δυναμένων,
1791 1099 1955 1176 ἀγεν-

310 1197 417 1254 νῶς
461 1189 644 1269 ὀδύρου
684 1191 784 1259 τὴν
829 1196 928 1257 τῆς
960 1195 1060 1258 σῆς
1119 1188 1308 1252 παιδὸς
1354 1190 1700 1268 ἀναχώρησιν
1743 1189 1954 1245 πίστευε

308 1279 361 1336 δέ
391 1302 486 1355 μοι
516 1287 592 1354 τῷ
621 1279 829 1357 γέροντι
886 1278 1127 1356 θεοφιλεῖ
1171 1301 1358 1353 σκοπῳ
1414 1281 1611 1345 ταύτην
1663 1277 1951 1354 προϐῆναι,

308 1369 434 1425 ἰπεῖ
463 1371 556 1425 οὐκ
582 1369 646 1424 ἅν
695 1367 970 1446 ἀπέκρυψε
1033 1369 1216 1435 Κύριος
1259 1369 1320 1424 τὸ
1349 1370 1568 1446 γεγονὸς
1599 1367 1689 1444 ἀφ’
1745 1370 1902 1442 ἡμῶν
1935 1385 1950 1399 ο

311 1458 620 1538 εὐχαρίστει
690 1465 781 1514 οὖν
852 1458 993 1531 αὐτῷ
1055 1459 1146 1514 καί
1205 1459 1489 1536 προσκύνει
1547 1457 1645 1524 τὴν
1704 1459 1839 1513 κατά
1895 1459 1955 1514 τὸ

311 1549 441 1604 αὗτὸ
483 1547 705 1626 ἀρέσκον
749 1549 1075 1622 οἰκονομίαν,
1139 1549 1226 1604 καὶ
1284 1548 1405 1624 ὅψει
1464 1549 1562 1623 μὲν
1631 1549 1798 1614 αὐτὴν
1855 1571 1952 1621 μι-

311 1637 442 1713 κρὸν
497 1636 622 1692 ὅσον
679 1638 768 1693 καὶ
825 1637 962 1692 κατά
1030 1635 1175 1692 τόνδε
1233 1638 1325 1694 τὸν
1382 1639 1521 1716 βίον,
1579 1638 1735 1715 εἴπερ
1798 1643 1953 1694 τοῦτο

310 1725 634 1805 ἀμφοτέροις
690 1725 961 1783 λυσιτελεῖ
994 1742 1009 1756 ⁸
1075 1728 1117 1783 εἷ
1173 1724 1227 1782 δὲ
1292 1729 1373 1806 οὒ,
1422 1727 1556 1792 μετά
1595 1727 1696 1792 τὴν
1755 1723 1954 1782 ἐνθένδε

310 1813 638 1892 ἀπαλλαγὴν
714 1817 765 1870 αἱ
848 1819 990 1872 θεῖαι
1073 1817 1264 1882 σκηναὶ
1350 1816 1562 1877 πάντως
1625 1815 1952 1896 ἀμφοτέρους

311 1901 630 1969 εἰσδέξονται
659 1918 675 1934 ⁶
713 1911 870 1962 τοῦτο
929 1905 1029 1983 γάρ
1088 1927 1180 1980 μοι
1232 1903 1407 1961 δίδωσι
1450 1904 1548 1978 μὲν
1588 1917 1728 1962 νοεῖν
1757 1907 1817 1962 τὸ
1861 1907 1954 1962 σόν

2043 576 2174 638 qum
2205 567 2262 619 et
2320 565 2545 618 naturm
2593 565 2652 619 et
2683 566 2950 638 paternae
2980 557 3414 622 benevolentiae
3445 569 3690 642 propter

2041 645 2239 727 ipsum
2266 646 2487 707 nullam
2520 646 2689 709 duxit
2715 647 3102 722 rationem,et
3123 647 3368 728 alioqui,
3391 667 3467 711 ne
3488 658 3689 712 retar-

2042 735 2211 797 daret
2245 745 2303 797 et
2333 735 2655 816 impediret
2675 737 3100 817 virtutem,qua
3125 737 3275 799 nihil
3297 748 3387 800 est
3412 748 3690 817 praestan-

2043 831 2178 886 tius.
2211 825 2352 888 Cum
2391 826 2517 886 haec
2550 825 2630 887 ita
2658 826 3071 906 contigissent,
3107 827 3249 888 dicit
3278 846 3460 890 senex
3491 828 3686 911 Paph-

2043 916 2204 976 nutio
2239 935 2253 973 :
2290 913 2374 976 Ne
2416 915 2500 975 sis
2553 915 2758 995 tristis,
2812 935 2846 976 ο
2879 916 2964 977 (ili
3019 915 3340 996 Paphnuti,
3375 935 3570 998 neque
3623 923 3686 978 ut

2040 1005 2333 1085 quispiam
2353 1022 2422 1066 ex
2446 1004 2816 1080 infidelibus,
2853 1014 2913 1066 et
2935 1012 3033 1086 qui
3059 1007 3168 1069 hac
3197 1007 3310 1068 vita
3331 1006 3532 1068 omnia
3563 1025 3684 1070 me-

2041 1094 2448 1176 tiuntur,nihil
2478 1102 2671 1156 autem
2699 1104 2948 1175 possunt
2975 1096 3234 1176 amplius
3256 1097 3539 1175 cogitare.
3571 1117 3682 1176 pu-

2040 1184 2173 1246 sillo
2204 1194 2262 1246 et
2287 1184 2528 1264 abjecto
2557 1185 2762 1246 animo
2794 1185 3018 1247 deﬂeas
3050 1204 3356 1248 rene-sum
3388 1195 3501 1249 tua:
3524 1187 3678 1252 ﬁlia).

2040 1272 2229 1336 Crede
2245 1282 2442 1336 autem
2471 1273 2618 1334 mihi
2639 1275 2790 1349 seni,
2827 1274 2978 1336 hanc
3005 1275 3100 1354 pio
3125 1285 3182 1337 et
3204 1276 3482 1356 religioso
3500 1295 3682 1356 scopo

2039 1381 2173 1426 esse
2186 1363 2745 1444 progressamzalias
2761 1382 2892 1425 nem
2905 1384 2973 1444 pe
2995 1383 3101 1426 nos
3122 1384 3240 1428 nou
3255 1365 3681 1447 celasset.quod

2037 1453 2252 1514 factum
2277 1452 2840 1532 est,Dominus.Age
2865 1472 3005 1531 ergo
3031 1454 3145 1536 ipsi
3168 1455 3476 1532 gratias,et
3499 1473 3679 1516 vene-

2036 1557 2171 1603 rare
2193 1540 2870 1624 dispensationem,quze
2895 1544 3048 1618 ﬁt,ut
3069 1544 3122 1606 ei
3147 1544 3401 1607 videtur:
3429 1552 3488 1606 et
3511 1543 3680 1605 vide-

2037 1628 2132 1690 bis
2176 1631 2418 1710 quidem
2462 1633 2651 1712 ipsam
2694 1632 2867 1715 paulo
2892 1639 3024 1714 post
3046 1633 3302 1696 etiamin
3328 1634 3436 1698 hac
3461 1633 3597 1708 vita,
3624 1634 3675 1695 si

2037 1719 2152 1782 hoc
2172 1720 2454 1782 conducit
2477 1723 2778 1802 utrisque:
2812 1722 2905 1784 sin
2933 1721 3152 1796 minus,
3189 1733 3503 1804 postquam
3535 1726 3674 1805 qui-

2036 1809 2172 1876 dem
2206 1819 2370 1873 certe
2393 1829 2461 1872 ex
2487 1810 2596 1872 hac
2617 1812 2735 1874 vita
2768 1811 3374 1887 excesseritis,divina
3395 1813 3675 1875 taberna-

2034 1901 2170 1962 cula
2189 1900 2399 1963 ambos
2421 1903 2664 1962 omnino
2688 1899 3009 1978 excipient.
3045 1901 3173 1964 Hoc
3205 1902 3366 1964 enim
3402 1903 3545 1964 mihi
3577 1905 3675 1964 dat

309 2015 370 2049 τε
417 1995 502 2048 καὶ
557 1992 764 2061 ἐκείνης
827 1979 1140 2074 φιλευσεϐές
1200 1996 1288 2051 καὶ
1359 1993 1628 2059 φιλόθεον.
1687 1995 1866 2060 Οὕτως
1925 1998 1951 2051 ὁ

2039 1990 2416 2066 cogitandum
2442 1999 2598 2052 tanta
2617 1989 2777 2053 illius
2801 1991 2990 2070 pietas
3009 1997 3067 2052 et
3087 2009 3256 2052 amor
3276 1991 3337 2052 in
3361 1988 3678 2054 Deutn.Sic

314 2084 646 2164 Παφνούτιος
723 2089 823 2150 τῆς
902 2083 1125 2158 ἀθυμίας
1183 2083 1358 2147 ἐνδοὺς
1413 2084 1684 2140 ἐπάνεισιν
1741 2082 1952 2162 οἴκαδε,

216 2201 221 2205 -
311 2175 402 2230 καὶ
431 2174 498 2231 τὰ
544 2173 664 2229 κατ’
717 2174 874 2233 αὐτὸν
929 2181 984 2230 εὖ
1012 2171 1342 2248 διαθέμενος,
1377 2173 1522 2236 αὖθις
1553 2171 1952 2249 καταλαμϐάνει

309 2264 372 2319 τὸ
401 2265 784 2340 μοναστήριον.

394 2343 500 2415 ω’,
552 2343 645 2414 Ὠς
703 2351 758 2409 δὲ
815 2355 1056 2433 συνεχῶς
1117 2354 1255 2410 οὕτω
1311 2359 1380 2427 τῇ
1426 2359 1565 2427 μονῇ
1610 2355 1948 2432 προσεφοίτα,

312 2443 436 2504 τοὺς
491 2440 931 2518 σπουδαιοτέρους
1015 2449 1120 2498 τῶν
1207 2448 1468 2522 μοναχῶν
1541 2441 1802 2516 ὲγζητιῖιν,
1861 2444 1953 2500 ἅτε

313 2533 411 2600 τῆς
468 2535 642 2590 αὐτῶν
686 2529 898 2606 ὁμιλίαις
952 2529 1243 2586 ἀπολαύειν
1300 2529 1469 2610 φιλῶν
1532 2529 1653 2609 (δρα
1685 2533 1806 2595 τοὺς
1852 2532 1950 2610 ἀῤ-

311 2622 504 2697 ρήτους
561 2625 659 2686 τῆς
717 2621 964 2695 προνοίας
997 2618 1219 2697 λόγους)
1260 2619 1438 2676 ἀκούει
1496 2621 1639 2697 παρά
1695 2627 1801 2676 τῶν
1857 2621 1952 2687 τῆς

312 2713 483 2783 μονῆς
515 2712 590 2772 ὡς
620 2709 714 2776 εἴη
745 2731 824 2772 τις
855 2715 963 2765 τῶν
1018 2707 1256 2788 ἀδελφῶν
1315 2708 1440 2787 παρ’
1494 2711 1702 2776 αὒτοῖς,
1741 2711 1802 2765 οὗ
1845 2731 1949 2766 πο-

309 2801 404 2858 λὺν
433 2801 533 2875 μὲν
575 2803 666 2858 τὸν
709 2801 907 2879 χρόνον
950 2801 1152 2874 ἀσκῶν,
1200 2801 1274 2862 εἷς
1331 2799 1490 2876 ἄκρον
1549 2797 1604 2855 δὲ
1651 2798 1717 2856 δι’
1772 2799 1952 2878 ὀλίγον

307 2895 406 2955 τῆς
441 2890 636 2968 ἀρετῆς
705 2889 968 2968 ὲφθακὼς,
1028 2887 1339 2966 Σμάραγδος
1399 2891 1542 2962 αὖτῴ
1596 2888 1855 2968 τοῦνομα,
1904 2888 1956 2954 ἐξ

310 2980 477 3042 οἰκίας
509 2980 610 3051 μὶν
655 2979 939 3058 ἐπιφανοῦς
971 2979 1230 3057 γεγονὼς,
1281 2979 1496 3051 πλούτῳ
1546 2999 1603 3034 τε
1661 2981 1748 3034 καὶ
1806 2980 1954 3058 χρή-

309 3091 442 3144 μασι
489 3074 754 3147 περιττῶς
807 3068 1047 3148 ἐχούσης
1079 3086 1098 3105 ⁸
1145 3067 1344 3124 τούτων
1388 3066 1446 3124 δὲ
1519 3068 1734 3124 πάντων
1788 3069 1946 3144 ὕπερ.

311 3157 438 3214 ιδὼν
495 3159 588 3215 τὸν
646 3165 754 3215 τῶν
814 3163 1075 3237 μοναχῶν
1117 3156 1297 3214 ε’ίλετο
1352 3158 1488 3233 βίον,
1549 3161 1635 3214 καὶ
1704 3165 1956 3214 τοσοῦτον

310 3249 475 3328 ἔσχεν
537 3249 609 3312 εἷς
654 3247 874 3326 ἀρετήν,
918 3249 989 3302 ὡς
1035 3253 1226 3324 μικροῦ
1267 3252 1427 3302 πᾶσιν
1479 3251 1618 3302 εἶναι
1661 3260 1780 3308 τοῖς
1833 3249 1954 3303 κατ’

309 3340 472 3394 αὗτὸν
514 3337 914 3416 ἀπαράμιλλος.
953 3335 1158 3393 ’Ἒλκει
1206 3342 1395 3391 τοῦτον
1445 3338 1479 3403 ἡ
1511 3337 1670 3416 ἀκοὴ,
1703 3338 1793 3392 καὶ
1821 3338 1952 3414 πρὸς

2039 2079 2403 2158 Paphnutius
2431 2098 2567 2140 cum
2602 2079 2852 2141 multum
2881 2079 3214 2142 remisisset
3246 2080 3323 2141 de
3355 2097 3462 2142 sua
3490 2079 3678 2142 animi

2036 2167 2664 2248 aegritudine,domum
2699 2168 2946 2241 redit,et
2974 2171 3156 2230 rebus
3184 2169 3310 2232 suis
3334 2169 3488 2232 bene
3519 2168 3680 2231 ordi-

2035 2259 2212 2332 natis,
2243 2258 2564 2320 revertitur
2585 2259 2646 2320 in
2682 2259 3132 2320 monasterium.

2116 2347 2389 2414 Xll.Cum
2415 2357 2611 2410 autem
2647 2350 2733 2410 sic
2754 2348 2994 2410 assidue
3021 2348 3334 2412 ventitaret
3359 2349 3419 2410 in
3447 2366 3682 2412 monas-

2039 2437 2508 2504 terium,virtutis
2531 2437 2922 2499 studiosiores
2935 2437 3248 2518 requirens
3263 2439 3682 2513 mouachos,ut

2035 2527 2135 2607 qui
2161 2527 2442 2589 lubenter
2467 2545 2673 2590 eorum
2716 2527 3020 2588 frueretur
3062 2526 3501 2589 consuetudine
3518 2527 3680 2605 (vide

2037 2615 2366 2677 ineffabiles
2395 2617 2660 2678 rationes
2684 2615 3072 2697 providentia;
3097 2617 3169 2696 t),
3196 2616 3362 2678 audit
3382 2635 3452 2678 ex
3474 2617 3678 2679 fratri-

2037 2706 2146 2766 bus
2171 2707 2542 2779 monasterii,
2577 2706 2735 2782 quod
2787 2706 2862 2766 sit
2901 2706 3055 2787 apud
3083 2725 3185 2769 eos
3207 2706 3446 2788 quidam
3471 2706 3675 2780 frater,

2035 2795 2137 2875 qui
2169 2813 2285 2856 non
2320 2795 2494 2874 longo
2541 2795 2784 2876 quidem
2846 2805 3119 2876 tempore
3177 2814 3242 2859 se
3270 2795 3569 2871 exercuit,
3598 2797 3672 2858 ad

2038 2903 2330 2945 summam
2363 2894 2560 2946 autem
2593 2884 2757 2947 brevi
2817 2885 3090 2962 pervenit
3139 2887 3416 2948 virtutem
3451 2904 3466 2946 :
3501 2883 3678 2965 eique

2039 2991 2258 3036 nomen
2282 2974 2662 3053 Smaragdus,
2698 2975 2908 3037 illustri
2963 2974 3210 3055 quidem
3246 2975 3376 3035 loco
3403 2981 3596 3049 natus,
3623 2980 3682 3036 et

2039 3063 2139 3144 qui
2162 3062 2381 3124 divitiis
2403 3063 2769 3138 abundabat,
2808 3071 2865 3124 et
2887 3063 3162 3144 pecuniis
3197 3081 3210 3125 :
3247 3062 3341 3124 his
3368 3081 3508 3125 vero
3540 3081 3675 3125 om-

2039 3152 2215 3214 nibus
2245 3153 2624 3233 contemptis,
2663 3153 2834 3215 vitam
2868 3153 3047 3232 elegit
3092 3152 3506 3228 monasticam,
3541 3161 3678 3216 tan-

2040 3253 2289 3322 tumque
2311 3241 2562 3320 profecit
2587 3243 2645 3304 in
2671 3243 2980 3318 virtute,ut
3004 3261 3181 3304 nemo
3209 3242 3334 3304 fere
3353 3242 3433 3304 sit
3452 3261 3524 3304 ex
3546 3262 3675 3305 om-

2039 3330 2212 3391 nibus
2240 3331 2394 3405 aliis,
2447 3331 2546 3412 qui
2607 3332 2793 3412 possit
2826 3350 2958 3392 cum
2997 3350 3066 3393 eo
3095 3331 3491 3394 contendere.
3526 3331 3678 3394 Eum

308 3429 433 3502 ὄψιν
474 3425 676 3485 ὶλθεῖν.
711 3425 1066 3504 Ἐντυγχανει
1098 3423 1183 3481 διὰ
1229 3434 1320 3482 τοῦ
1365 3424 1623 3501 Ἀγαπίου
1680 3431 1757 3498 τῷ
1799 3423 1950 3482 δῆθεν

2039 3419 2478 3520 t‘rahitauditio,
2516 3429 2577 3480 ut
2611 3421 2908 3520 veniatin.
2931 3421 3064 3500 ejus
3103 3429 3531 3520 conspectum.
3567 3423 3683 3484 Per

311 3515 478 3594 ἀνδρὶ,
540 3517 628 3572 καὶ
685 3513 992 3591 περιϐλήτῳ
1046 3515 1145 3581 τὴν
1203 3514 1429 3584 ἀρετήν.
1469 3516 1531 3569 Ἠ
1588 3511 1642 3570 δὲ
1699 3515 1799 3578 τὴν
1859 3523 1951 3572 τοῦ

2039 3507 2319 3589 Agapium
2341 3509 2542 3588 itaque
2564 3509 2849 3571 convenit
2873 3509 3040 3570 illum
3066 3509 3254 3572 virum
3290 3511 3508 3572 virtute
3541 3529 3681 3572 sus-

315 3607 511 3684 πατρὸς
573 3606 697 3680 ὄψιν
733 3603 934 3677 ἰδοῦσα,
1002 3605 1096 3659 γαί
1143 3610 1335 3681 γνοῦσα
1379 3604 1502 3682 μὲν,
1561 3604 1620 3658 οὗ
1655 3608 1954 3681 γνωσθεῖσα

311 3693 366 3751 δὲ
403 3693 695 3773 (ἣλλοίωτο
726 3696 826 3773 γὰρ
875 3694 977 3749 ὑπὸ
1026 3698 1124 3760 τῆς
1175 3692 1309 3769 ἀγαν
1337 3691 1707 3765 σκ)ηρότητος
1739 3695 1827 3750 καὶ
1857 3697 1952 3762 τῆς

311 3784 543 3862 ἀσιτίας,
602 3785 691 3840 καὶ
746 3785 974 3860 ἀσαφεῖς
1051 3783 1178 3861 εἶχε
1255 3783 1375 3846 τοὺς
1447 3788 1796 3862 χαρακτῆρας
1853 3791 1951 3853 τῆς

313 3873 546 3951 ὄψεως),
609 3879 815 3929 νικᾶται
858 3878 926 3948 τῇ
983 3872 1158 3950 φύσει,
1197 3873 1285 3927 καὶ
1318 3873 1497 3951 ἡσυχῆ
1549 3871 1786 3946 δακρύων
1834 3874 1955 3952 χέει

311 3963 516 4039 πηγάς.
576 3959 637 4018 Ὀ
705 3959 759 4016 δὲ
816 3961 994 4038 πατὴρ
1051 3959 1214 4026 αὐτῆς
1270 3959 1330 4014 ἐκ
1388 3959 1722 4024 κατανύξεως
1783 3959 1952 4016 ἐδόκει

310 4049 605 4125 συμϐῆναι,
663 4047 832 4124 μηδὲν
881 4049 1026 4129 ἔχων
1085 4051 1336 4106 ὑπονοεῖν
1389 4051 1464 4113 ὡς
1511 4051 1670 4113 αὐτὸς
1721 4049 1814 4116 εἴη
1847 4051 1950 4106 τῶν

315 4139 552 4216 δακρύων
595 4141 629 4207 ἠ
674 4139 914 4219 ἀφορμὴ,
977 4139 1044 4206 τῆ
1086 4137 1178 4194 θέα
1222 4139 1422 4205 ταύτην
1454 4137 1658 4204 πλήξας
1714 4144 1782 4214 τῇ
1839 4162 1945 4195 πα-

314 4234 494 4306 τρικῇ.
530 4227 667 4285 Εἶτα
709 4227 1028 4302 παυσαμένη
1073 4233 1180 4284 τῶν
1233 4225 1472 4302 ὀδυρμῶν
1523 4225 1667 4282 οὐδὲν
1720 4227 1819 4297 μὲν
1847 4235 1953 4283 τῶν

315 4319 389 4380 εἷς
444 4323 642 4394 γνῶσιν
699 4316 986 4393 ὁμολογεῖ,
1055 4317 1292 4384 νικήσειν
1347 4315 1528 4389 ὥσπερ
1586 4313 1953 4394 φιλονεικοῦσα

311 4409 412 4472 τὴν
467 4405 570 4471 ἤδη
627 4406 828 4472 ταύτην
884 4407 1178 4475 νικήσασαν
1213 4405 1392 4484 φύσιν,
1438 4406 1524 4459 καὶ
1582 4405 1710 4480 πρὸς
1757 4403 1950 4483 δάκρυα

310 4498 702 4573 κατενεχθῆναι
783 4494 1262 4572 παρασκευάσασαν
1296 4513 1308 4527 ·
1381 4494 1643 4558 τοσαύτης
1721 4492 1773 4549 δὲ
1853 4497 1950 4560 τῆς

311 4583 571 4660 ὠφελείας
618 4585 773 4640 αὐτὸν
832 4583 1165 4659 ἐμπίπλησιν
1222 4582 1329 4639 ἀπὸ
1372 4605 1430 4639 τε
1496 4583 1592 4650 τῆς
1651 4589 1755 4638 τῶν
1810 4585 1949 4650 ἠθῶν

312 4671 620 4747 εύκοσμίας,
677 4672 782 4728 ἀπό
839 4693 894 4728 τε
953 4675 1051 4738 τῆς
1110 4678 1216 4728 τῶν
1261 4669 1438 4747 λόγων
1487 4670 1845 4746 διδασκαλίας,
1879 4675 1951 4739 ὡς

2037 3597 2379 3676 piciendum
2416 3597 2520 3660 llla
2555 3607 2752 3660 autem
2788 3618 2921 3660 cum
2956 3599 3137 3680 patris
3169 3598 3381 3660 faciem
3413 3599 3680 3680 aspexis-

2036 3695 2146 3760 set,
2183 3696 2242 3748 et
2271 3687 2646 3765 cognovisset
2677 3688 2945 3769 quidem,
2982 3708 3099 3749 non
3159 3698 3316 3750 esset
3345 3699 3544 3750 autem
3575 3707 3680 3750 co-

2035 3775 2197 3853 gnita
2229 3776 2472 3854 (mutata
2508 3776 2669 3838 enim
2705 3787 2829 3838 erat
2885 3784 3124 3856 propter
3170 3777 3414 3837 nimiam
3447 3777 3681 3857 asperi-

2041 3874 2214 3926 tatem
2267 3873 2326 3926 et
2384 3864 2664 3933 inediam,
2728 3876 2784 3926 et
2817 3865 3071 3927 habebat
3103 3885 3222 3927 non
3251 3874 3456 3945 aperta
3489 3865 3680 3927 vultus

2037 3954 2442 4029 lineamentai,
2501 3954 2764 4016 vincitur
2819 3974 2852 4016 a
2904 3964 3134 4030 natura,
3191 3963 3248 4016 et
3277 3955 3505 4017 sensim
3537 3954 3677 4016 fon-

2039 4051 2127 4105 tes
2156 4042 2372 4103 emittit
2403 4043 2816 4123 lacrymarum.
2850 4043 3026 4105 Pater
3075 4052 3270 4106 autem
3305 4044 3436 4123 ejus
3465 4043 3682 4106 existi-

2037 4131 2232 4194 mabat
2265 4132 2378 4192 hoc
2422 4135 2665 4196 evenire
2697 4151 2769 4196 ex
2803 4135 3290 4212 cempunctione,
3329 4152 3446 4194 non
3476 4132 3682 4196 valens

2034 4222 2335 4300 conjicere
2365 4240 2430 4284 se
2455 4241 2586 4284 esse
2618 4224 3008 4304 lacrymarum
3055 4224 3460 4297 occasionem,
3490 4231 3552 4284 ut
3578 4221 3679 4302 qui

2035 4329 2162 4373 eam
2180 4319 2430 4390 paterno
2446 4312 2766 4374 sauciasset
2784 4314 3122 4392 Spectaculo
3135 4312 3387 4376 .Deinde
3400 4330 3536 4374 cum
3553 4329 3682 4373 ces-

2034 4409 2225 4462 sasset
2249 4400 2575 4472 ﬂere,nihi|
2602 4401 2840 4481 quidem
2868 4401 3084 4462 fatetur
3113 4420 3344 4475 eorum,
3374 4420 3507 4482 quae
3537 4419 3680 4482 per-

2034 4489 2302 4552 tinebant
2323 4489 2393 4550 ad
2420 4491 3034 4570 cognitionem,veluti
3054 4491 3425 4552 contendens
3444 4495 3682 4553 vincere

2036 4588 2329 4653 naturam,
2366 4598 2500 4660 qua:
2520 4581 2641 4660 jam
2688 4598 2816 4641 eam
2850 4580 3091 4653 vicerat,
3129 4589 3186 4641 et
3219 4581 3497 4641 effecerat
3529 4588 3594 4642 ut
3625 4580 3680 4642 ei

2035 4668 2332 4728 orirentur
2371 4669 2666 4748 lacrymm.
2701 4667 2890 4729 Tanta
2917 4676 3112 4729 autem
3144 4687 3278 4729 eum
3314 4668 3522 4748 implet
3556 4670 3678 4730 uti-

310 4761 494 4838 πλήρη
551 4761 822 4835 θαύματος
882 4762 1164 4839 γεγονότα,
1226 4761 1502 4838 ἀφικέσθαι
1559 4783 1614 4816 τε
1668 4763 1794 4839 πρὸς
1857 4764 1948 4818 τὸν

2039 4756 2220 4829 litate,
2251 4767 2311 4817 et
2342 4774 2410 4817 ex
2445 4777 2674 4818 morum
2738 4757 3173 4830 moderatione,
3224 4766 3282 4818 et
3311 4776 3382 4818 ex
3412 4757 3682 4820 doctrina

310 4853 555 4928 γέροντα,
616 4853 705 4907 καὶ
780 4850 1014 4928 μεγάλας
1105 4850 1247 4923 αὒτῷ
1321 4850 1481 4929 φάναι
1552 4852 1644 4909 τάς
1717 4853 1947 4929 χάριτας

306 4939 625 5018 ὁμολογεῖν,
685 4941 922 4998 τοιούτου
974 4941 1094 4999 θέας
1158 4937 1340 5016 ἀνδρὸς
1387 4941 1475 4996 καὶ
1517 4939 1728 5016 ὁμιλίας
1786 4941 1948 5007 ἠξιωο

307 5031 490 5105 μένος.

387 5109 493 5181 1Γ’.
528 5119 706 5176 Ὀκτὼ
735 5120 907 5175 τοίνυν
938 5117 1081 5175 ἔτεσι
1111 5121 1243 5195 πρὸς
1297 5121 1579 5195 τριάκοντα
1623 5122 1712 5175 τὸν
1767 5125 1946 5176 τοιοῦ-

309 5230 399 5264 τον
441 5209 556 5284 βίον
609 5207 663 5263 ἐν
719 5211 794 5282 τῷ
853 5210 1198 5282 μοναστηρίῳ
1266 5214 1300 5279 ἢ
1377 5209 1682 5288 Εὖφροσύνη
1741 5207 1948 5286 διενεγ-

308 5307 491 5371 κοῦσα,
550 5299 638 5354 καὶ
695 5295 906 5373 μηδενὶ,
969 5296 1115 5363 ὅστις
1177 5303 1266 5371 ἦν,
1335 5299 1602 5376 γνώριμος
1662 5298 1946 5374 γενομένη,

305 5387 456 5452 ἡνίκα
509 5392 616 5442 τῶν
672 5386 950 5465 παρόντων
1002 5384 1108 5442 ἔδει
1152 5387 1350 5453 ταύτην
1414 5384 1742 5461 ἀποδημεῖν,
1795 5389 1951 5462 θεϊκῇ

306 5497 404 5531 τινι
479 5475 694 5540 πάντως
782 5475 1002 5552 προνοίᾳ
1057 5473 1439 5550 ἓνδημήσαντα
1499 5477 1620 5532 τότε
1679 5482 1748 5552 τῇ
1812 5482 1948 5543 μονῆ

306 5566 394 5620 τὸν
444 5564 652 5642 πατέρα
702 5563 1148 5639 μεταστέλλεται,
1219 5566 1353 5621 κατά
1384 5586 1432 5621 τι
1490 5564 1724 5644 χρεῶδες
1791 5567 1949 5638 ἧμα-

312 5656 478 5731 καρία,
540 5654 630 5710 καὶ
707 5668 851 5729 τρεῖς
933 5655 1136 5730 ἡμέρας
1209 5655 1350 5732 παρά
1421 5661 1486 5731 τῇ
1566 5661 1706 5730 μονῇ
1768 5653 1947 5730 μένειν

2030 4857 2473 4919 sermonum,ut
2494 4847 2704 4927 plenus
2725 4847 3119 4909 admiratione
3141 4847 3464 4910 accesSerit
3496 4849 3568 4909 ad
3593 4867 3681 4908 se-

2033 4952 2194 5010 nem,
2231 4943 2288 4995 et
2320 4935 2533 4995 dixerit
2565 4955 2630 4996 se
2657 4935 2906 4996 multum
2945 4936 3000 4997 ei
3027 4937 3440 5015 debere,quod
3465 4937 3680 5015 dignus

2031 5023 2108 5083 sit
2141 5022 2510 5103 habitus,qui
2547 5025 2722 5085 talem
2755 5025 2943 5086 virum
2973 5026 3198 5088 videret
3228 5035 3283 5087 et
3307 5026 3674 5087 conveniret.

2113 5111 2424 5174 XlIl.Cum
2452 5112 2689 5191 triginta
2718 5113 2914 5194 itaque
2935 5125 2993 5175 et
3016 5122 3149 5176 octo
3173 5130 3360 5175 annos
3385 5113 3562 5175 talem
3590 5111 3676 5170 vi-

2031 5213 2148 5265 tam
2174 5202 2563 5282 Euphrosyne
2585 5203 2804 5279 egisset
2825 5204 2886 5264 in
2914 5203 3297 5278 monasterio,
3323 5212 3380 5265 et
3400 5219 3671 5281 quamam

2033 5300 2212 5366 esset,
2251 5291 2400 5352 nulli
2436 5291 2643 5355 luisset
2677 5294 2916 5353 omnino
2951 5290 3465 5372 cognita,quando
3491 5307 3674 5369 opor-

2034 5380 2190 5444 tebat
2211 5399 2340 5442 eam
2365 5399 2434 5442 ex
2471 5381 2581 5442 hac
2609 5382 2727 5444 vita
2758 5381 3072 5456 excedere,
3108 5390 3359 5460 patrem,
3407 5380 3511 5457 qui
3542 5395 3676 5439 om-

2033 5472 2174 5534 nino
2201 5471 2397 5531 divina
2429 5470 2680 5549 quadam
2723 5469 3091 5552 providentia
3119 5477 3258 5528 tunc
3289 5475 3414 5528 erat
3447 5469 3504 5529 in
3539 5487 3674 5529 m0-

2031 5565 2554 5634 nasterio.propter
2576 5579 2743 5622 usum
2764 5559 3291 5633 aliquem,accersit
3315 5560 3410 5617 illa
3429 5561 3676 5632 beate,et

2031 5656 2290 5727 rogat,ut
2309 5661 2431 5711 tres
2454 5647 2582 5713 dies
2596 5656 2827 5711 maneat
2847 5647 2908 5709 in
2930 5643 3532 5723 monasterio,diceus
3555 5666 3676 5712 non
