4128 6198
410 290 528 365 319

1691 302 1970 368 MENSIS
2026 298 2500 371 JANUARIUS.

409 439 680 503 inutilem
715 458 846 504 eam
908 456 1136 502 moram
1185 435 1301 498 sibi
1332 435 1481 498 fore.
1518 433 1636 500 Sed
1671 437 1769 498 cui
1797 440 2292 514 summaeatzszor,
2337 446 2433 502 οῦκ
2485 439 2680 520 ἀκερδὴ

3664 302 3779 388 329

2769 440 2912 516 αῦτῷ
2989 441 3198 500 ἔσεσθαι
3273 441 3371 510 τὴν
3432 438 3772 521 προσεδρείαν

407 541 535 592 erat
563 548 722 593 cum
752 530 825 592 de
859 529 1210 592 charissima
1240 525 1469 606 aliquid
1521 525 1679 587 scire
1712 526 1850 602 ﬁlia,
1886 539 2037 608 pater

2133 533 2329 600 ταύτην
2381 534 2599 591 εἰποῦσα
2633 547 2647 562 ⁸
2704 531 2824 590 ἀλλ’
2872 536 2899 589 6
2961 531 3045 589 διὰ
3089 530 3268 599 πάσης
3329 532 3472 612 ἔχων
3506 530 3779 610 φροντίδος

402 619 619 683 lubens
646 620 892 682 obediit.
929 618 1075 681 Cum
1101 623 1302 678 autem
1322 615 1446 694 jam
1471 613 1712 678 adesset
1745 619 1959 680 tertius
1993 626 2051 681 et

407 710 675 783 ultimus,
737 728 873 772 eum
939 724 1123 788 prope
1166 723 1232 768 se
1260 704 1530 776 advocat,
1567 713 1627 767 et
1656 705 1799 769 dicit
1832 726 1845 770 :
1883 708 2046 782 Quo-

408 801 564 862 niam
596 799 756 861 Deus
783 816 884 860 res
925 815 1110 867 meas,
1166 805 1232 856 ut
1262 794 1466 870 voluit,
1497 794 1956 874 administravit,
1991 809 2049 862 et

406 896 470 950 ut
499 889 560 949 in
595 887 898 968 proposito
926 885 1001 948 ab
1031 885 1203 947 initio
1233 893 1510 962 suscepto
1544 904 1729 966 usque
1760 887 1833 949 ad
1865 889 2047 950 ﬁnem

409 995 847 1054 permanerem,
883 977 1028 1038 mihi
1086 975 1251 1037 vires
1309 973 1538 1050 tribuit,
1595 976 1727 1038 \olo
1781 986 1838 1039 te
1868 978 2048 1041 hodie

404 1066 663 1130 liberare
721 1065 924 1128 multis
980 1063 1516 1141 sollicitudinibus,
1571 1064 1732 1128 etde
1765 1067 1886 1130 ﬁlia
1916 1079 2041 1145 tua,

405 1157 566 1239 quod
625 1157 776 1232 scio,
834 1156 1089 1219 dicere:
1147 1173 1320 1236 quam
1379 1163 1468 1216 sat
1518 1155 1642 1218 scio
1675 1164 1732 1219 te
1762 1157 1954 1233 sitire,
1989 1167 2048 1222 et

406 1246 535 1326 ejus
564 1245 779 1309 ardere
817 1245 1146 1310 desiderio.
1197 1244 1364 1308 Scias
1421 1262 1586 1324 ergo,
1623 1246 1835 1325 inquit,
1870 1266 1904 1309 o
1937 1267 2044 1329 pa-

408 1345 522 1412 ter,
557 1355 654 1400 me
683 1355 818 1400 esse
843 1344 1000 1398 tuam
1030 1335 1210 1397 ﬁliam
1231 1333 1480 1414 (vultum
1513 1335 1837 1399 ostendens
1867 1356 2042 1418 quam

406 1427 538 1490 ﬁeri
591 1426 784 1508 potuit
834 1425 1353 1500 evidentissime):
1419 1434 1478 1486 ut
1535 1424 1784 1488 laterem
1818 1435 2041 1503 autem,

409 1535 504 1580 me
533 1517 594 1581 in
628 1519 787 1581 hunc
819 1524 1250 1579 transmutasse
1281 1513 1578 1592 habitum,
1632 1535 1703 1578 ex
1736 1536 1852 1599 quo
1901 1518 2045 1581 mihi

405 1608 652 1671 omnino
709 1608 814 1670 Dei
868 1605 1238 1686 benignitate
1270 1606 1492 1682 evenit,
1526 1614 1590 1667 ut
1616 1605 1756 1668 licet
1786 1615 1842 1670 te
1873 1608 2043 1670 vide-

406 1699 520 1762 rim
578 1716 688 1780 per
744 1705 924 1762 totam
982 1696 1184 1771 vitam,
1241 1695 1468 1758 nullum
1521 1704 1780 1758 tamena
1813 1705 1870 1760 te
1899 1698 2044 1760 mihi

2131 622 2192 677 τὸ
2249 623 2365 697 περὶ
2420 626 2517 688 τῆς
2575 619 2838 700 φιλτάτης
2897 625 3115 696 μαθεῖν,
3181 621 3488 688 ὑπάκουσεν
3545 620 3777 695 ἄσμενος

2133 713 2159 766 6
2191 713 2386 789 πατήρ.
2419 712 2517 775 (Ως
2549 710 2603 766 δὲ
2634 713 2667 780 ἡ
2695 713 2849 789 τρίτη
2891 714 2980 770 καὶ
3037 711 3315 770 τελευταία
3369 710 3540 788 παρῆν
3600 731 3775 788 προσ-

2133 799 2378 858 καλεῖται
2433 802 2620 859 τούτου
2662 801 2892 869 πλησίον
2944 803 3132 876 αὐτῆς,
3180 804 3269 858 γαί
3300 817 3480 881 φησιν·
3522 800 3776 878 Ἐπείπερ

2131 889 2197 946 τὰ
2223 890 2343 946 κατ’
2377 889 2472 965 ἐμὲ
2523 893 2550 946 6
2595 893 2725 953 Θεὸς
2782 892 2960 969 ὥσπερ
2996 893 3086 948 καὶ
3148 890 3380 959 ἠθέλησε
3429 889 3771 965 ᾣκονόμησε,

2131 980 2217 1035 καί
2245 1001 2314 1053 με
2344 986 2411 1056 τῇ
2441 979 2492 1044 ἐξ
2522 980 2701 1060 ἀρχῆς
2731 980 2977 1060 προθέσει
3034 985 3218 1056 μεῖναι
3268 981 3356 1036 καὶ
3389 980 3554 1059 μέχρι
3587 977 3773 1042 τέλους

2130 1067 2399 1149 ἐνίσχυσε,
2430 1068 2696 1146 βούλομαί
2751 1091 2809 1126 σε
2869 1068 3085 1127 πολλῶν
3134 1068 3420 1150 φροντίδων
3473 1066 3774 1133 ἀπαλλάξαι

2127 1157 2226 1225 τὴν
2253 1159 2508 1238 τήμερον,
2559 1160 2646 1219 καὶ
2687 1160 2806 1239 περὶ
2847 1164 2944 1226 τῆς
2996 1165 3096 1227 σῆς
3155 1161 3326 1217 εἰπεῖν
3359 1163 3644 1237 θυγατρὸς,
3704 1157 3771 1225 ἢν

2130 1244 2255 1304 οἶδα
2310 1249 2446 1305 κατά
2488 1249 2581 1314 τὰς
2629 1248 2855 1330 ἐλάφους
2888 1246 3070 1325 διψᾷς,
3131 1251 3219 1306 καὶ
3261 1256 3338 1324 τῷ
3394 1249 3540 1322 πόθῳ
3570 1247 3769 1312 ταύτης

2129 1333 2466 1393 ἐκκέγαδσαι.
2513 1335 2650 1394 ’Ὶστι
2693 1345 2999 1416 τοιγαροῦν,
3048 1338 3095 1395 ὦ
3138 1338 3328 1416 πάτερ,
3391 1335 3518 1418 ἔφη,
3559 1337 3621 1392 τὸ
3676 1335 3770 1392 σὸν

2128 1425 2310 1482 τέκνον
2365 1427 2628 1505 ὑπάρχειν
2673 1426 2794 1508 ἐμὲ,
2854 1425 3134 1492 δείξασασα
3168 1429 3254 1484 καὶ
3282 1428 3382 1494 τὴν
3435 1426 3556 1502 ὄψιν
3601 1423 3768 1498 αὐτῷ,

2128 1513 2244 1570 καθ’
2288 1515 2412 1574 ὅσον
2451 1517 2573 1573 οἷόν
2623 1537 2681 1574 τε
2733 1517 3120 1596 φανερώτερον.
3153 1524 3258 1576 Τοῦ
3287 1514 3342 1573 δὲ
3374 1515 3559 1574 λαθεῖν
3613 1515 3770 1587 ἕνεκα

2128 1605 2200 1666 εἰς
2230 1603 2348 1661 τόδε
2401 1607 2463 1662 τὸ
2521 1611 2716 1686 σχῆμα
2777 1603 3104 1682 μεταϐαλεῖν
3163 1606 3430 1682 ἐμαυτὴν,
3475 1605 3526 1672 ἐξ
3570 1607 3630 1662 οὗ
3673 1626 3767 1680 μοι

2127 1693 2450 1772 προσγέγονε
2522 1701 2655 1753 Θεοῦ
2711 1697 2924 1758 πάντως
2997 1696 3136 1753 οὕτω
3191 1694 3644 1768 συνευδοκοῦντος,
3705 1694 3769 1750 τὸ

405 1787 648 1852 allatum
677 1787 756 1850 sit
783 1786 1281 1867 impedimentum
1327 1787 1385 1848 in
1432 1785 1814 1866 suscipiendo
1847 1795 2037 1850 certa-

2128 1785 2310 1842 καίσὲ
2367 1783 2450 1842 διὰ
2497 1785 2612 1862 βίου
2669 1787 2867 1850 παντὸς
2912 1789 3059 1866 ὁρᾷν,
3102 1788 3189 1844 καὶ
3246 1786 3390 1864 παρά
3445 1787 3540 1842 σοῦ
3596 1781 3768 1859 μηδὲν

408 1879 571 1941 mine
625 1877 1122 1941 exercitationis:
1185 1883 1242 1938 et
1293 1885 1357 1937 tu
1407 1894 1568 1938 nunc
1596 1874 1778 1948 adsis,
1815 1887 1880 1939 ut
1927 1877 2044 1940 tuis

404 1968 678 2030 manibus
733 1967 1059 2047 sepulturae
1116 1983 1264 2027 mea:
1324 1964 1683 2027 mandentur
1746 1967 2038 2048 reliquias.

405 2054 506 2122 Sic
535 2056 702 2134 dixit,
737 2066 795 2119 et
822 2057 1070 2121 Domino
1101 2054 1302 2119 statim
1334 2053 1580 2117 tradidit
1605 2055 1891 2120 animam.

482 2237 638 2301 XIV.
673 2236 780 2300 llle
809 2243 1006 2299 autem
1039 2253 1109 2298 re
1142 2235 1449 2316 inopinata
1496 2234 1891 2315 stupefactus,
1921 2255 2039 2298 non

399 2327 726 2407 respirans,
761 2327 926 2388 humi
947 2325 1473 2405 cecidit,tanquam
1502 2325 1958 2400 mortuus,adeo
1981 2336 2042 2389 ut

401 2434 548 2492 aqua
572 2421 775 2478 faciem
797 2420 923 2493 ejus
946 2418 1254 2490 asperserit
1278 2417 1554 2488 Agapius,
1581 2427 1785 2474 etcum
1808 2433 1939 2475 eum
1971 2421 2040 2476 ad

401 2519 463 2563 se
485 2513 1068 2578 revocasset.rogaret
1091 2504 1190 2576 qui
1216 2502 1428 2561 factum
1450 2502 1702 2572 sit.quod
1733 2503 1784 2558 ei
1815 2503 2033 2562 deiece-

399 2589 754 2655 ritanimus.
779 2589 884 2651 Ille
905 2598 1101 2652 autem
1126 2587 1275 2650 dixit
1299 2605 1364 2648 se
1381 2586 1597 2648 vidisse
1620 2604 1716 2647 res
1746 2585 1896 2648 adeo
1928 2589 2038 2649 ad-

403 2679 734 2753 mirabiles,
767 2687 830 2740 ut
860 2685 1108 2760 cuperet
1131 2677 1312 2738 etiam
1336 2695 1467 2737 mox
1488 2675 1661 2738 vitam
1687 2690 1820 2738 cum
1848 2686 2038 2739 morte

397 2768 1030 2832 commutare.Deinde
1059 2785 1192 2828 cum
1226 2767 1675 2839 surrexisset,et
1704 2763 2035 2828 circumfu-

398 2876 500 2920 sus
529 2859 754 2921 sanctis
811 2858 936 2918 illis
995 2864 1153 2918 essm
1204 2855 1496 2934 reliquiis,
1532 2861 1589 2914 et
1619 2872 1718 2914 eas
1759 2853 2038 2932 irrigaret

399 2946 704 3026 lacrymis,
740 2955 800 3008 et
821 2945 1172 3008 commistos
1203 2944 1419 3024 gaudio
1446 2945 1620 3004 ﬁetus
1649 2943 2038 3019 emitteret,et

400 3034 686 3098 clamaret
718 3053 731 3098 :
768 3035 879 3097 Hei
913 3035 1078 3101 mihi.
1117 3033 1236 3094 ﬁlia
1281 3033 1647 3104 dulcissima,
1693 3049 1800 3092 cur
1830 3052 1948 3095 non
1980 3042 2036 3095 te

403 3123 548 3186 mihi
580 3124 679 3186 diu
713 3131 849 3185 ante
879 3120 1213 3202 aperuisti?
1238 3122 1359 3182 Cur
1387 3140 1505 3181 non
1554 3138 1650 3182 me
1692 3139 1805 3181 una
1840 3130 2031 3184 tecum

396 3212 772 3290 assumpsisti
806 3211 1032 3274 socium
1093 3213 1150 3271 in
1201 3229 1384 3290 opere
1427 3209 1512 3270 tui
1541 3210 2034 3289 propositi?Heu

401 3320 496 3364 me
524 3303 835 3377 miserum,
893 3303 1033 3383 quid
1094 3300 1238 3363 mihi
1299 3299 1554 3362 accidit!
1591 3298 1898 3370 Quomodo
1930 3301 2036 3364 fuit

399 3399 561 3453 tanta
587 3409 716 3453 mea
734 3392 1067 3472 ignorantia
1097 3391 1122 3454 ?
1145 3390 1459 3464 Quomodo
1482 3387 1826 3452 nesciebam
1851 3408 1946 3453 me
1974 3391 2033 3452 in

389 3481 678 3544 manibus
710 3482 957 3557 habere,
991 3481 1146 3563 quod
1183 3480 1560 3562 quaerebatur
1581 3485 1608 3541 ?
1645 3478 1794 3551 Quid
1825 3488 2037 3560 agam?

395 3573 721 3634 chtumne
751 3571 1093 3647 celebrabo,
1125 3573 1280 3633 hanc
1329 3570 1540 3642 videns
1585 3587 1714 3648 qua:
1747 3573 2038 3648 processit

398 3679 466 3721 ex
500 3661 650 3722 meis
679 3661 922 3737 lumbis,
956 3681 1028 3724 an
1062 3662 1278 3742 lugebo
1326 3660 1518 3721 victus
1549 3659 1811 3737 paternis
1843 3663 2034 3722 visce-

396 3749 727 3814 ribusVSed
757 3769 873 3814 non
899 3759 990 3814 est
1013 3753 1329 3813 honestum
1367 3767 1469 3812 eos
1489 3749 1715 3827 lugere,
1742 3749 1846 3829 qui
1871 3759 2036 3829 post-

397 3861 570 3924 quam
597 3843 734 3904 hinc
757 3840 1381 3910 excesserint,vadunt
1401 3839 1472 3899 ad
1501 3838 1671 3898 vitam
1699 3838 2033 3911 meliorem,

394 3933 627 3994 etiamsi
661 3939 872 3994 natura
900 3931 1265 3993 domesticos
1297 3928 1692 4008 amplectens,
1741 3945 1834 3988 me
1865 3937 2038 4007 cogat

393 4023 506 4084 hoc
537 4022 754 4084 facere.
788 4019 1324 4083 Verumenimvero
1350 4019 1650 4096 lugentem
1685 4034 1780 4078 me
1813 4018 2036 4097 excipit

391 4110 696 4189 gaudium,
732 4110 926 4172 fontes
955 4109 1293 4190 reprimens
1342 4107 1770 4186 lacrymarum,
1809 4115 1868 4167 et
1893 4125 2032 4187 per-

390 4199 600 4260 suadet
625 4207 687 4259 ut
717 4199 1009 4280 postulem
1042 4217 1215 4278 quam
1252 4197 1507 4277 primum
1541 4195 1682 4255 hinc
1713 4195 2028 4257 excedere.

393 4286 530 4350 Scio
561 4288 718 4350 enim
753 4287 880 4348 fore
937 4295 999 4346 ut
1054 4305 1180 4346 eam
1219 4285 1479 4357 videam,
1516 4291 1573 4344 et
1596 4282 1669 4345 ab
1704 4302 1772 4344 ea
1804 4283 2030 4357 videar,

395 4379 506 4439 hoc
525 4375 890 4438 concedente
913 4375 1423 4454 Deibenignitate,
1449 4382 1505 4434 et
1541 4372 1716 4434 simul
1751 4372 1939 4434 vivam
1971 4374 2031 4434 in

391 4468 610 4529 saecula
640 4484 774 4528 cum
806 4485 896 4540 ea,
931 4484 1062 4546 qua:
1107 4485 1140 4526 a
1193 4483 1286 4525 me
1317 4463 1559 4544 quidem
1597 4472 1686 4523 est
1717 4461 1940 4541 genita,
1978 4463 2033 4524 ei

391 4566 587 4618 autem
625 4555 789 4629 vixit,
822 4565 878 4616 et
908 4555 1137 4617 beatam
1173 4554 1259 4615 illi
1295 4551 1541 4615 tradidit
1577 4550 1859 4612 animam.

469 4645 593 4707 XV.
628 4644 732 4706 His
773 4645 967 4706 verbis
999 4663 1130 4706 cum
1175 4652 1360 4705 totum
1413 4649 1609 4703 actum
1645 4640 2036 4703 intellexisset

389 4735 734 4813 Agapius,id
768 4735 1082 4796 annuntiat
1111 4751 1243 4794 cum
1278 4733 1538 4794 clamore
1563 4730 2036 4794 etadmiratione

393 4825 671 4904 prafecto
691 4832 747 4885 et
772 4823 1175 4887 fratribus.llli
1201 4831 1394 4883 autem
1421 4817 1862 4882 contendebant
1882 4821 2037 4883 alius

391 4915 570 4975 alium
607 4914 951 4992 praevenire,
988 4911 1377 4991 obstupefacti
1415 4927 1565 4970 nova
1609 4918 1666 4970 et
1695 4909 1892 4970 aliena
1923 4929 2036 4972 au-

391 5004 637 5077 ditione,
666 5010 723 5064 et
754 5001 1028 5062 studebat
1056 5000 1472 5080 unusquisque
1505 4999 1730 5079 primus
1751 5016 2038 5061 veneran-

390 5094 495 5155 das
520 5092 794 5172 amplecti
824 5089 1284 5172 reliquias.Cum
1309 5099 1506 5150 autem
1531 5089 1886 5150 accessisset
1906 5092 2032 5170 qui-

389 5184 523 5246 dam
550 5201 618 5244 ex
643 5181 928 5244 fratribus
949 5181 1136 5243 altero
1169 5179 1342 5240 oculo
1368 5178 1773 5258 orbatus,ipse
1794 5196 2032 5259 quoque

388 5273 794 5354 amplexurus,
830 5271 1021 5332 lucem
1057 5277 1148 5332 est
1204 5277 1513 5331 assecutus
1543 5265 1617 5327 ab
1649 5285 1740 5334 ea.
1772 5286 1903 5348 quae
1934 5270 2030 5330 di-

388 5363 522 5424 vina
543 5363 674 5423 luce
697 5361 875 5441 digna
912 5367 1042 5422 erat
1071 5358 1360 5432 habita,et
1389 5358 1542 5418 duos
1571 5355 1778 5418 habuit
1817 5358 2032 5421 illaesos

391 5451 617 5530 oculos,
651 5461 882 5512 certum
908 5450 1156 5512 ell‘ectus
1187 5448 1594 5511 testimonium
1626 5445 1783 5506 illius
1814 5447 1951 5508 ﬁdei
1975 5457 2033 5510 et

391 5539 800 5614 beatitudinis,
833 5559 1011 5617 quam
1046 5540 1143 5602 illa
1167 5539 1361 5600 fuerat
1389 5544 1690 5599 assecuta.
1727 5532 1854 5596 Non
1897 5555 2030 5598 am-

395 5625 551 5708 plius
569 5642 712 5707 ergo
735 5627 1056 5708 sepultum
1073 5625 1600 5706 meminerant,qui
1623 5622 1694 5686 ad
1707 5632 1896 5689 erant:
1924 5629 2030 5691 sed

2127 1875 2256 1952 πρὸς
2319 1875 2406 1932 τὸν
2462 1880 2560 1943 τῆς
2625 1876 2905 1946 ἀσκήσεως
2963 1875 3169 1954 ἀγῶνα,
3239 1873 3712 1954 παρεμποδίζεσθαι
3745 1886 3764 1905 ⁸

2123 1964 2215 2020 καὶ
2255 1973 2343 2023 νῦν
2397 1965 2648 2043 παρεῖναί
2704 1987 2764 2022 σε
2809 1967 2880 2031 ὼς
2939 1967 3001 2020 ἃν
3053 1965 3146 2022 καί
3208 1966 3366 2045 χερσὶ
3395 1979 3518 2029 ταῖς
3551 1975 3677 2026 σατς
3707 1965 3768 2020 τὸ

2125 2051 2253 2127 ἐμὸν
2287 2054 2434 2131 τάφῳ
2464 2052 2762 2132 παραδοθῇς
2794 2053 3075 2130 λείψανον.
3135 2053 3316 2118 Οὕτως
3365 2057 3514 2127 εἷπε,
3549 2053 3636 2108 καὶ
3690 2058 3767 2126 τῷ

2129 2145 2298 2222 Κυρίῳ
2329 2144 2475 2207 εὐθὺς
2505 2147 2759 2223 παρέθετο
2792 2144 2889 2210 τὴν
2921 2145 3133 2224 ψυχήν,

2202 2232 2318 2294 1Δ¹.
2378 2234 2439 2290 Ὀ
2483 2231 2538 2289 δὲ
2592 2239 2664 2307 τῷ
2718 2232 3104 2312 ἀπροσδοκήτῳ
3153 2235 3246 2290 τοῦ
3297 2233 3608 2310 πράγματος
3665 2231 3764 2289 ἐκ-

2123 2321 2343 2401 πλαγεὶς
2372 2323 2569 2386 ἄπνοος
2601 2324 2724 2380 ὡσεὶ
2775 2325 2956 2401 νεκρὸς
3007 2323 3296 2380 κατέπεσεν
3354 2323 3438 2381 ἐπὶ
3499 2327 3625 2400 γῆν,
3685 2325 3760 2385 ὡς

2121 2410 2267 2469 ὕδατι
2325 2413 2414 2469 τὸν
2457 2410 2721 2490 Ἀγάπιον
2779 2414 2839 2468 τὸ
2900 2412 3088 2468 τούτου
3143 2410 3530 2490 περιῤῥαντίσαι
3597 2413 3764 2489 πρόσ-

2122 2525 2292 2575 ωπον,
2351 2503 2437 2559 καὶ
2494 2501 2934 2575 ἀνακτησάμενον
2996 2502 3222 2580 ἐρωτᾷν,
3262 2503 3312 2556 τί
3357 2501 3590 2558 παθόντα
3640 2500 3785 2557 λειο.

2121 2595 2351 2667 ποθδμίᾳ
2379 2604 2691 2668 περιπεσεῖν
2728 2611 2740 2624 °
2777 2593 2866 2648 τὸν
2898 2590 2952 2647 δὲ
2984 2593 3143 2671 φάναι
3187 2592 3444 2648 τοιούτων
3506 2592 3580 2654 εἷς
3637 2589 3760 2648 θέαν

2119 2680 2428 2754 παραδόξων
2484 2681 2681 2758 ἐλθεῖν,
2717 2685 2788 2747 ὡς
2833 2681 3060 2760 ἐφίεσθαι
3113 2680 3207 2737 καί
3252 2682 3313 2737 1‘0
3343 2687 3441 2757 ζῇν
3483 2682 3558 2745 εἷς
3587 2680 3761 2760 τάχος

2119 2769 2441 2834 ἀποϐαλεῖν,
2509 2772 2646 2829 Εἶτα
2716 2770 3065 2829 διαναστάντα
3119 2773 3208 2826 καὶ
3269 2772 3347 2844 τῷ
3390 2771 3528 2848 ἁγίῳ
3579 2769 3762 2843 ἐκείνῳ

2120 2859 2358 2935 λειψάνῳ
2412 2860 2764 2940 περιχυθέντα
2817 2861 3032 2938 δάκρυσί
3073 2881 3130 2916 τε
3189 2861 3316 2918 αὐτὸ
3374 2856 3757 2938 καταϐρέχειν,

2119 2951 2206 3006 καὶ
2249 2947 2503 3025 ὀδυρμοὺς
2560 2950 2769 3027 ἀφιέναι
2815 2949 2984 3026 ἡδονῇ
3027 2962 3344 3027 συμμιγεῖς,
3382 2950 3477 3006 Καὶ
3505 2946 3563 3004 οἵ
3618 2947 3754 3023 μοιὲ

2120 3038 2323 3112 τέκνον,
2361 3040 2512 3115 βοᾷν,
2559 3036 2906 3114 γλυκύτατον,
2955 3037 3041 3095 διὰ
3101 3042 3148 3094 τί
3192 3039 3394 3108 σαυτήν
3425 3059 3516 3113 μοι
3549 3037 3625 3114 μὴ
3656 3040 3758 3112 πρὸ

2120 3127 2319 3184 πολλοῦ
2377 3127 2770 3203 ἀπεκέλυψας;
2831 3127 2915 3185 διὰ
2962 3129 3012 3184 τί
3063 3129 3142 3204 μὴ
3193 3149 3520 3206 συνεργατην
3565 3149 3630 3202 με
3661 3133 3760 3194 τῆς

2118 3222 2216 3284 σῆς
2275 3217 2574 3296 προθέσεως
2632 3217 3072 3298 σὺμπαρείληφας
3111 3236 3126 3294 ;
3161 3217 3216 3274 οἵ
3260 3240 3352 3292 μοι
3382 3219 3432 3274 τί
3477 3217 3710 3273 πέπονθα
3744 3235 3760 3291 ;

2120 3313 2233 3371 πῶς
2293 3306 2541 3384 ἀγνόημα
2596 3306 2912 3373 τηλικοῦτον
2970 3307 3263 3385 ἠγνόησας
3323 3313 3437 3370 πῶς
3493 3307 3589 3363 οὒκ
3615 3305 3759 3386 ᾔδειν

2119 3395 2265 3476 ἔχων
2309 3397 2362 3452 ἐν
2410 3400 2560 3476 χερσί
2605 3399 2666 3453 τὸ
2720 3399 3096 3476 ζητούμενονς
3154 3399 3200 3452 τί
3258 3397 3457 3475 πάθως
3524 3397 3760 3472 ἑορτάσω

2121 3487 2318 3553 ταύτην
2373 3487 2469 3552 την
2528 3484 2580 3550 ἐξ
2639 3487 2828 3564 ὀσφύος
2860 3509 2963 3561 μου
2992 3487 3244 3553 τοιαύτην
3282 3488 3458 3564 ὁρῶν;
3505 3485 3539 3552 ἢ
3569 3487 3762 3563 θρηνή-

2120 3597 2198 3632 σω
2227 3574 2559 3656 σπλάγχνοις
2617 3575 2907 3650 νικώμενος
2969 3588 3301 3652 πατρικοτς;
3355 3573 3492 3631 ἀλλά
3545 3578 3759 3652 θρηνεῖν

2119 3667 2178 3722 οὗ
2235 3663 2398 3720 καλὸν
2439 3665 2572 3727 τοὺς
2633 3666 2768 3739 μετά
2820 3666 2918 3733 τὴν
2982 3663 3182 3721 ἐνθένδε
3253 3663 3572 3742 ἀπαλλαγὴν
3629 3665 3760 3742 πρὸς

2122 3757 2392 3830 κρείττονα
2448 3753 2837 3833 πορευομένους
2895 3753 3191 3832 διαγωγὴν,
3241 3753 3401 3821 κᾶνῆ
3441 3755 3592 3833 φύσις
3653 3759 3761 3810 τῶν

2119 3845 2326 3900 οἰιιείων
2384 3844 2725 3922 ἀντεχομένη
2788 3845 2944 3900 τοῦτό
2995 3864 3062 3918 με
3119 3844 3498 3920 καταναγκάζη
3556 3855 3758 3899 ποιεῖν·

2117 3932 2261 4000 πλὴν
2318 3932 2455 3990 ἀλλὰ
2513 3933 2801 4008 θρηνοῦντα
2855 3953 2922 4008 με
2969 3933 3113 4012 χαρά
3162 3929 3469 4013 διαδέχεται
3502 3934 3622 3996 τοὺς
3654 3937 3760 3988 τῶν

2118 4021 2355 4099 δακρύων
2425 4023 2668 4100 κρουνοὺς
2725 4020 3142 4095 ἀναστέλλουσα,
3222 4023 3312 4078 καὶ
3400 4023 3496 4089 τὴν
3560 4018 3760 4077 ἐνθένδε

2117 4115 2444 4185 μετάστασιν
2484 4114 2649 4168 πείθει
2706 4113 2766 4168 τὸ
2803 4113 2978 4192 τάχος
3010 4111 3312 4183 ἐπιζητεῖν.
3345 4110 3482 4168 Οἶδα
3528 4110 3627 4188 γὰρ
3685 4113 3760 4173 ὡς

2115 4201 2318 4276 ὅψομαί
2375 4223 2432 4257 τε
2463 4202 2628 4268 αὐτὴν
2685 4200 2782 4257 καὶ
2826 4202 3126 4280 ὀφθήσομαι
3180 4204 3311 4258 Θεοῦ
3369 4201 3760 4279 φιλανθρωπίας

2116 4297 2271 4346 τοῦτο
2323 4287 2590 4366 διδούσης,
2626 4292 2715 4346 καὶ
2760 4291 2833 4353 εἰς
2885 4292 2977 4346 τὸν
3012 4292 3174 4347 αἰῶνα
3232 4292 3533 4363 συζήσομαι
3583 4294 3650 4364 τῇ
3708 4288 3762 4354 ἐξ

2117 4378 2246 4454 ἐμοῦ
2297 4377 2394 4453 μὲν
2440 4381 2784 4457 γεννηθείσῃ,
2815 4379 2959 4455 αὗτῷ
2989 4377 3044 4435 δὲ
3075 4379 3310 4458 ζησάση,
3343 4381 3431 4436 καὶ
3490 4377 3589 4446 τὴν
3647 4401 3760 4452 μα-

2117 4470 2301 4547 καρίαν
2333 4468 2672 4547 παραθεμένῃ
2699 4464 2911 4548 ψυχήν,

2198 4651 2304 4708 ΙΕ¹.
2360 4649 2573 4708 Τούτοις
2633 4660 2751 4711 τοῖς
2809 4648 3012 4726 ῥήμασι
3070 4648 3132 4702 τὸ
3177 4652 3281 4702 πᾶν
3341 4652 3435 4703 τοῦ
3497 4644 3764 4724 δράματος

2116 4739 2284 4802 συνεὶς
2359 4740 2384 4794 ὁ
2446 4736 2733 4814 Ἀγάπιος,
2782 4738 2873 4793 σὺν
2927 4738 3030 4813 βοῇ
3082 4737 3168 4792 καὶ
3199 4736 3426 4811 θαύματι
3456 4733 3763 4812 διαγγέλλει

2116 4833 2192 4901 τῷ
2235 4825 2518 4905 ἡγουμένῳ
2573 4848 2630 4883 τε
2685 4828 2773 4882 καὶ
2854 4839 2975 4890 τοῖς
3035 4825 3312 4905 ἀδελφοῖς.
3375 4827 3434 4882 Οἱ
3491 4823 3547 4879 δὲ
3603 4823 3764 4889 ἄλλος

2121 4915 2284 4972 ἄλλον
2337 4918 2548 4995 φθάνειν
2605 4917 2890 4994 ἤπειγοντο
2949 4917 3008 4972 τὸ
3083 4917 3267 4971 καινὸν
3317 4915 3403 4970 καὶ
3459 4911 3604 4978 ξένον
3660 4915 3762 4979 τῆς

2117 5005 2282 5074 ἀκοῆς
2353 5005 2802 5085 ἐκπληττόμενοι,
2863 5007 2950 5061 καὶ
3009 5007 3216 5082 πρῶτος
3276 5004 3500 5067 ἕκαστος
3559 5005 3621 5059 τὸ
3680 5025 3765 5059 τι-

2118 5096 2388 5170 μιώτατοι
2447 5094 2663 5155 ἔσπευδε
2735 5095 3140 5173 περιπτύξασθαι
3220 5093 3497 5168 λείψανον.
3555 5094 3647 5154 Ὧς
3708 5089 3764 5147 δέ

2115 5207 2192 5250 τις
2250 5192 2356 5242 τῶν
2428 5185 2666 5265 ἀδελφῶν
2746 5187 2838 5241 τὸν
2915 5185 3092 5262 ἕτερον
3161 5182 3433 5261 ὀφθαλμὸν
3497 5183 3761 5259 πηρωθεὶς

2117 5273 2409 5353 προσῆλθε,
2473 5275 2566 5332 καί
2654 5277 2809 5338 cit-3:6:
2897 5273 3296 5348 ἀσπασόμενος,
3373 5273 3549 5351 φωτὸς
3602 5270 3764 5349 ἔτυχε

2116 5363 2258 5442 παρὰ
2287 5369 2385 5431 τῆς
2419 5365 2591 5444 φωτὸς
2650 5373 2743 5423 τοῦ
2785 5364 2930 5419 θείου
2977 5360 3306 5440 ἠξιωμένης,
3355 5362 3444 5417 καὶ
3495 5360 3616 5421 τοὺς
3676 5357 3764 5415 δύο

2115 5453 2276 5531 εἶχεν
2307 5454 2530 5517 ἀπαθεῖς
2585 5453 2911 5533 ὀφθαλμοὺς,
2952 5453 3238 5529 μαρτύριον
3285 5451 3571 5528 γενόμενος
3604 5449 3760 5526 ἀκρι-

2112 5539 2199 5606 ὄὲς
2258 5548 2355 5610 τῆς
2414 5546 2570 5602 αὐτοῦ
2626 5543 2878 5617 πίστεως,
2955 5543 3041 5598 καὶ
3113 5543 3179 5607 ἧς
3233 5540 3411 5606 ἐκείνη
3459 5536 3763 5604 κατηξιὼθη

2117 5633 2540 5710 μακαριότητος.
2600 5631 2791 5691 Οὐκέτι
2852 5631 2942 5688 οὖν
2997 5635 3167 5711 ταφῆς
3227 5630 3276 5687 οἱ
3317 5628 3572 5709 παρόντες
3631 5625 3765 5702 ἐμέ-
