4128 6198
295 330 405 400 321

1351 332 1537 400 VITA
1581 326 1651 398 Β.
1695 330 2210 401 APOLLINARIS
2258 337 2621 400 VIBGINIS.

3553 329 3668 404 322

298 449 524 552 μνηντο,
582 469 721 528 ἀλλὰ
778 471 975 537 ταύτης
1036 469 1435 545 ἐπιλαθόμενοι,
1494 469 1793 548 δοξολογία,
1851 470 1946 525 καί

2042 470 2162 548 ejus
2214 469 2408 549 obliti,
2438 471 2868 547 gloriﬁcatione
2926 479 2984 533 et
3042 470 3436 534 admiratione
3497 473 3669 536 divisi

297 563 526 635 Θανᾶματι
572 564 710 637 μετὰ
759 568 932 640 χαρᾶε
986 560 1312 639 ἐμερίζοντο.
1369 560 1503 636 Ὀψὲ
1555 560 1608 617 δὲ
1660 563 1745 617 καὶ
1797 561 1948 636 μόλις

299 655 457 712 αὐτὸν
527 653 672 709 εἶναι
740 653 832 706 τὸν
886 653 1171 728 Θησαυρὸν,
1235 653 1319 707 καὶ
1389 653 1525 724 μετὰ
1585 652 1682 718 τὴν
1750 651 1947 729 ταφὴν,

299 741 675 819 λογισάμενοι,
751 753 868 802 τοῖς
937 741 1044 797 τῶν
1127 740 1370 816 πατέρων
1441 741 1682 814 μνήμασι
1749 741 1950 806 ταύτην

301 830 755 907 ἐγκατατίθενται,
816 829 956 910 φωτί
1031 831 1154 902 Θείῳ
1223 832 1283 886 τὸ
1341 833 1624 898 πρόσωπον
1682 829 1943 907 περιλαμ-

302 920 572 995 πομένην.
620 922 682 976 Ὀ
755 919 936 994 μέντοι
991 920 1190 984 ταύτης
1247 919 1425 998 πατὴρ
1482 915 1597 975 οὐδὲ
1655 918 1949 986 ἀποστῆναι

302 1011 442 1086 μετὰ
499 1016 662 1067 ταῦτα
726 1016 821 1080 τῆς
884 1009 1054 1082 μονῆς
1112 1007 1254 1069 ὅλως
1317 1009 1508 1083 ἔκρινε·
1582 1007 1832 1065 τοσοῦτον
1897 1007 1950 1063 δὲ

301 1101 469 1166 μόνον
509 1100 857 1178 ἐκχωρήσας,
893 1096 1015 1153 ὅσον
1073 1097 1343 1174 διανεῖμαι
1386 1099 1452 1153 τὰ
1494 1095 1617 1153 ὄντα
1665 1097 1855 1164 πένησί
1895 1119 1952 1153 τε

303 1191 396 1246 καὶ
453 1187 789 1262 ἐκκλησίαις,
840 1187 935 1243 καῖ
993 1199 1110 1252 τοῖς
1168 1186 1342 1249 ἄλλως
1375 1185 1600 1251 εὔσεϐῖὶς
1648 1193 1806 1259 ζῶσι,
1866 1189 1953 1243 καὶ

303 1284 412 1335 τῶν
456 1275 770 1344 ἐπιτηδείων
830 1278 908 1351 μὴ
965 1278 1161 1342 ἱκανῶς
1211 1275 1417 1356 ἔχουσι,
1456 1277 1572 1332 τινὰ
1619 1274 1673 1330 δὲ
1733 1279 1817 1332 καὶ
1877 1283 1952 1350 τῷ

301 1366 556 1442 κοινοὸίῳ
615 1371 978 1443 καθιερῶσαι,
1051 1368 1112 1423 τὸ
1172 1364 1290 1433 ἐξῆς
1356 1367 1542 1425 ἑαυτὸν
1598 1366 1755 1445 φέρον
1824 1387 1950 1422 συν-

301 1458 484 1514 τάττει
528 1469 646 1518 τοῖς
691 1453 967 1535 ἀδελφοῖς,
1026 1454 1276 1517 κάκεῖνος
1319 1457 1410 1512 τὸν
1477 1454 1769 1512 ὑπόλοιπον
1814 1456 1954 1534 γρό-

304 1570 395 1605 νον
454 1552 546 1602 τοῦ
588 1547 700 1622 βίου
756 1543 991 1602 διατελεῖ
1048 1544 1133 1601 ἐπὶ
1188 1550 1287 1612 τῆς
1333 1545 1524 1620 ψιάθου
1578 1566 1636 1600 τε
1707 1547 1798 1600 καί
1857 1544 1954 1612 τῆς

302 1634 508 1701 κὲλλης
577 1641 677 1701 τῆς
738 1635 1076 1713 Εὔφροσύνης
1147 1633 1624 1710 κατακλινόμενος,
1670 1635 1758 1690 καὶ
1816 1633 1956 1712 μέγα

303 1732 462 1781 τοῦτο
490 1725 562 1786 είς
594 1724 915 1804 εὖφροσύνην
945 1723 1242 1799 τιθέμενος.

389 1812 494 1886 ις’
540 1813 680 1879 "Ern
735 1815 823 1869 οὖν
869 1809 990 1868 δέκα
1040 1814 1128 1870 καὶ
1177 1811 1333 1873 αὐτὸς
1389 1812 1465 1886 τῷ
1494 1812 1741 1870 γοινοϐίω
1782 1814 1955 1886 τούτῳ

307 1901 605 1980 διαγαγὼν,
639 1903 726 1958 καὶ
783 1901 1054 1958 πολιτείαν
1104 1899 1372 1975 ἀκριϐείας
1431 1899 1613 1980 πλήρη
1665 1900 1949 1975 διηνυκὼς,

309 1991 544 2067 μετέστη
601 1990 735 2066 πρὸς
797 1996 1003 2066 Κύριον,
1037 1991 1098 2045 τὸ
1139 1991 1326 2046 τούτου
1368 1995 1525 2066 σῶμκ
1582 1991 1822 2070 ἐχόμενα
1864 1992 1956 2050 τοῦ

301 2085 404 2148 τῆς
460 2082 714 2158 Θυγατρὸς
757 2081 915 2138 αὐτοῦ
963 2079 1140 2154 τιμίου
1184 2080 1435 2155 σώματος
1493 2080 1801 2156 ἐπισκήψας
1847 2103 1956 2138 κα-

298 2173 615 2237 ταταϐἧναι³
669 2170 852 2226 ἱκανὸν
900 2175 1055 2225 τοῦτο
1111 2168 1205 2225 καῖ
1265 2170 1400 2243 μετὰ
1454 2169 1676 2227 θάνατον
1733 2169 1955 2248 λογισά-

301 2281 465 2334 μενος
525 2260 856 2338 παραμύθιον
929 2264 1083 2336 κωφῇ
1139 2259 1283 2314 κόνει
1329 2260 1641 2338 χαρίζεσθαι
1707 2260 1954 2335 σώματος

299 2349 570 2428 ἐγγύτητα
627 2349 976 2423 ποθουμένου,
1031 2349 1106 2412 είς
1165 2350 1387 2421 μνήμην
1455 2347 1672 2417 διηνεκῆ
1727 2351 1816 2406 καὶ
1859 2348 1954 2405 δό-

297 2438 392 2504 ξαν
441 2447 533 2498 τοῦ
573 2445 738 2495 ταῦτα
781 2439 950 2504 οὕτως
1009 2438 1429 2513 οἰκονομηκότος
1476 2438 1626 2494 Θεοῦ’
1675 2441 1722 2512 ᾧ
1769 2441 1952 2515 πρέπει

298 2534 448 2586 πᾶσι
489 2527 633 2596 δόξα,
688 2528 843 2607 τιμὴ,
879 2529 963 2584 καὶ
1019 2527 1399 2604 προσκύνησις,
1436 2535 1524 2584 νῦν
1584 2529 1672 2584 xxi
1728 2525 1830 2601 ἅεὶ,
1865 2531 1952 2585 καὶ

302 2619 377 2681 εἰς
422 2619 543 2681 τοὺς
574 2619 768 2681 αἷῶνας
796 2624 904 2674 τῶν
939 2617 1162 2675 αἰώνων.
1197 2615 1400 2691 Ἀμήν.

2032 566 2200 620 erant
2229 579 2362 620 cum
2397 560 2616 624 laetitia.
2671 559 2814 624 Cum
2847 569 3042 622 autem
3074 562 3164 622 vix
3196 562 3433 623 tandem
3484 582 3668 642 repu-

2035 657 2236 724 tasset,
2271 650 2445 710 etiam
2479 663 2608 728 post
2635 652 2998 731 sepulturam
3036 651 3310 712 eumdem
3345 661 3503 715 esset
3535 653 3669 715 the-

2032 755 2294 811 saurum,
2328 738 2486 799 illam
2539 739 2843 820 deponunt
2875 741 2933 801 in
2970 741 3370 802 monumentis
3415 750 3669 823 patrum,

2036 829 2167 890 luce
2197 827 2393 889 divina
2425 830 2483 889 in
2515 827 2642 890 face
2673 830 3046 891 illustratam.
3082 829 3222 911 Ejus
3269 840 3467 893 autem
3508 842 3672 912 pater

2033 935 2110 978 ne
2139 916 2409 995 cogitavit
2438 917 2677 998 quidem
2709 919 3022 982 discedere
3051 939 3085 981 a
3117 923 3496 985 monasterio.
3523 922 3667 985 Cum

2034 1014 2230 1068 autem
2273 1007 2462 1068 solum
2512 1017 2740 1070 tantum
2792 1010 3157 1083 recessisset,
3191 1019 3472 1091 quantum
3530 1013 3671 1074 satis

2037 1106 2196 1157 esset
2226 1096 2299 1158 ad
2329 1115 2466 1159 suas
2518 1096 2824 1160 facultates
2855 1098 3203 1160 dividendas
3235 1100 3592 1180 pauperibus
3619 1110 3677 1164 et

2036 1185 2329 1266 ecclesiis,
2364 1195 2421 1248 et
2475 1187 2549 1247 iis
2602 1188 2702 1267 qui
2757 1187 2977 1269 alioqui
3036 1189 3131 1267 pie
3183 1196 3402 1263 vivunt,
3437 1200 3497 1252 et
3555 1211 3674 1254 non

2037 1274 2258 1336 habent
2289 1295 2358 1338 ea
2391 1296 2520 1356 qum
2551 1286 2688 1337 sunt
2725 1281 3060 1339 necessaria
3095 1297 3110 1352 ;
3145 1278 3228 1340 uti
3263 1287 3457 1341 tamen
3480 1281 3676 1362 aliqua

2037 1373 2412 1427 consecraret
2433 1365 2727 1440 coenobio,
2764 1385 2828 1426 se
2863 1367 3148 1447 deinceps
3174 1368 3428 1431 refertin
3460 1389 3673 1432 nume-

2036 1471 2167 1516 rum
2203 1455 2472 1527 lratrum,
2517 1466 2574 1517 et
2607 1456 2722 1516 illic
2753 1455 3045 1535 reliquum
3079 1456 3208 1519 vitae
3234 1464 3466 1538 tempus
3505 1466 3675 1521 tran-

2037 1543 2194 1623 sigit,
2230 1543 2288 1604 in
2323 1553 2517 1606 storea
2549 1558 2598 1606 et
2636 1545 2785 1606 cella
2835 1546 3259 1625 Euphrosynes
3289 1548 3670 1625 recumbens,

2040 1639 2097 1695 et
2125 1633 2178 1694 id
2213 1651 2343 1695 esse
2376 1651 2655 1711 magnum
2689 1634 2914 1696 ducens
2945 1635 3016 1697 ad
3051 1637 3332 1700 laetitiam.

2115 1810 2264 1875 XVI.
2301 1810 2442 1876 Cum
2468 1831 2605 1892 ergo
2630 1812 2758 1894 ipse
2781 1833 3016 1895 quoque
3039 1815 3244 1877 decem
3268 1834 3456 1879 annos
3475 1825 3672 1880 trans-

2039 1900 2338 1980 egissetin
2372 1903 2754 1978 monasterio,
2789 1910 2846 1964 et
2877 1904 3047 1965 vitam
3073 1905 3398 1984 peregisset
3426 1924 3671 1969 accura-

2040 1998 2156 2052 tam
2210 1997 2268 2051 et
2324 1990 2668 2071 perfectam,
2717 1991 2986 2072 migravit
3039 1993 3112 2056 ad
3163 1995 3504 2070 Dominum,
3539 2014 3674 2058 cum

2032 2078 2311 2159 jussisset
2363 2097 2534 2141 suum
2569 2097 2783 2161 corpus
2834 2081 3056 2162 deponi
3087 2101 3272 2164 prope
3322 2084 3529 2162 ﬁliam,
3563 2086 3677 2148 hoc

2040 2168 2215 2229 etiam
2278 2176 2408 2246 post
2461 2177 2709 2230 mortem
2768 2170 2997 2232 ducens
3055 2189 3189 2235 esse
3251 2174 3388 2236 satis
3449 2175 3672 2252 solatii,

2039 2257 2218 2318 surdo
2277 2257 2501 2338 pulveri
2561 2259 2831 2339 corporis
2913 2261 3112 2341 largiri
3178 2263 3673 2345 propinquitatem

2038 2348 2192 2427 ejus,
2226 2349 2381 2426 quod
2412 2349 2732 2424 desiderat,
2763 2349 2832 2412 ad
2866 2359 3207 2431 perpetuam
3243 2355 3589 2415 memoriam
3622 2363 3679 2416 et

2037 2437 2284 2513 gloriam
2322 2437 2450 2511 Dei,
2486 2439 2586 2517 qui
2635 2439 2761 2500 hac
2792 2441 2875 2501 sic
2901 2439 3283 2520 dispensavit.
3325 2441 3511 2513 Quem
3557 2444 3674 2504 de-

2038 2532 2132 2586 cet
2189 2527 2380 2586 omuis
2410 2527 2619 2607 gloria,
2655 2528 2843 2589 honor
2879 2536 2937 2591 et
2991 2529 3284 2604 adoratio,
3317 2547 3475 2592 nunc
3507 2539 3565 2592 et
3613 2531 3674 2592 in

2037 2615 2253 2676 saecula
2280 2615 2654 2678 saeculorum.
2688 2621 2895 2678 Amen.

298 2837 3666 2868 Μ

1793 3033 2205 3164 VITA

972 3311 1420 3410 ΒΕΑΤλἘ
1509 3308 1948 3406 APOLLI

2051 3310 2332 3406 ARIS
2412 3309 3011 3406 VIRGINIS.

1789 3529 1985 3605 (Anno
2027 3527 2193 3602 400.)

733 3709 902 3787 [Apud
930 3707 1134 3766 Surium
1163 3707 1225 3765 ad
1251 3707 1385 3766 diem
1416 3708 1452 3766 5
1480 3706 1727 3774 Januarii,
1757 3713 1881 3765 tom.
1915 3707 1961 3779 Ι,
1995 3721 2110 3779 pag.
2147 3707 2232 3763 41.
2261 3705 2480 3763 Textum
2511 3704 2748 3763 Graecum
2780 3720 2881 3762 non
2913 3704 3250 3778 invenimus.)

384 3999 436 4066 Ι.
468 4003 808 4083 Imperante
838 3998 898 4061 in
937 3996 1147 4080 primis
1177 3998 1273 4080 pio
1327 3998 1687 4078 imperatore
1715 3997 1952 4076 Anth-e-
1972 4006 2012 4058 c
2034 3995 2228 4072 lestia,
2264 3995 2422 4077 quod
2449 4013 2578 4057 eam
2612 3993 2785 4057 vellet
2805 3994 3057 4074 jungere
3089 3991 3497 4060 matrimonio.
3526 3990 3673 4083 Cum

303 4091 428 4153 mio
454 4088 959 4172 (2),imperatoris
979 4087 1124 4164 ﬁlio,
1150 4087 1252 4168 qui
1273 4086 1477 4150 habuit
1498 4087 1642 4148 duas
1664 4086 1815 4149 ﬁlias
1845 4105 1858 4150 :
1889 4105 1961 4150 ex

305 4181 526 4263 quibus
577 4198 698 4242 una
727 4178 987 4242 habebat
1034 4178 1310 4259 spiritum
1342 4177 1744 4258 immundum,
1777 4178 1962 4241 altera

303 4279 504 4334 autem
532 4269 607 4332 ab
631 4271 876 4332 ineunte
898 4276 1072 4330 aetate
1087 4267 1338 4330 vacabat
1361 4265 1958 4348 ecclesiis.martyriis

311 4369 374 4424 et
402 4357 792 4424 orationibus.
817 4355 955 4419 Erat
984 4374 1128 4420 vero
1158 4358 1287 4438 ejus
1330 4375 1550 4418 nomen
1576 4357 1956 4439 Apollinaris.

306 4452 455 4516 Cum
515 4469 584 4512 ea
613 4457 810 4513 autem
863 4455 1020 4511 esset
1049 4448 1238 4510 aetatis
1293 4445 1597 4526 legitimae,
1633 4447 1960 4528 querebant

309 4546 438 4619 ejus
458 4555 732 4618 parentes
763 4558 887 4603 eam
911 4544 1118 4602 merito
1150 4543 1526 4616 conjungere,
1548 4557 1610 4600 ea
1633 4557 1768 4600 vero
1797 4543 1962 4602 nole-

304 4630 431 4693 bat.
468 4629 626 4694 Dicit
649 4646 788 4692 vero
813 4627 1070 4709 quodam
1099 4625 1197 4690 die
1224 4633 1347 4690 suis
1373 4625 1740 4708 parentibus:
1773 4625 1960 4709 Cupio

306 4726 396 4784 ire
424 4723 866 4782 monasterium.
901 4721 968 4778 Ei
990 4731 1181 4780 autem
1213 4721 1416 4780 dicunt
1447 4729 1751 4794 parentes:
1784 4720 1961 4779 Volu-

301 4828 440 4872 mus
463 4819 522 4871 te
548 4809 761 4870 marito
787 4805 1266 4888 conjungere.Ea
1289 4825 1430 4870 vero
1461 4806 1603 4869 dicit
1640 4807 1726 4868 eis
1763 4828 1778 4869 :
1809 4808 1959 4870 Nolo

305 4897 590 4978 conjungi
615 4894 848 4969 marito,
879 4893 983 4955 sed
1013 4912 1188 4974 spero
1219 4894 1349 4957 fore
1380 4903 1442 4958 ut
1477 4893 1772 4975 quomodo
1802 4894 1961 4958 Deus

306 4994 544 5050 sanctas
565 5003 706 5048 suas
727 4982 988 5061 virgines
1005 4983 1290 5048 custodiit
1310 4985 1668 5065 impollutas,
1690 5001 1784 5046 me
1807 5003 1958 5062 quo-

302 5095 418 5152 que
438 5081 497 5138 in
523 5095 630 5137 suo
654 5079 863 5136 timore
885 5077 1168 5136 custodiat
1190 5077 1570 5150 impollutam.
1595 5077 1818 5136 Novum
1847 5094 1959 5138 auo

303 5171 423 5227 tem
457 5173 521 5228 et
551 5160 905 5226 admirabile
935 5159 1242 5224 videbatur
1274 5161 1616 5244 parentibus
1646 5162 1804 5243 quod
1824 5182 1957 5226 cum

303 5262 462 5317 esset
517 5252 580 5316 id
632 5251 842 5327 atatis,
881 5250 1017 5314 talia
1062 5250 1315 5328 diceret,
1347 5253 1541 5316 Deum
1582 5251 1958 5318 desiderans.

304 5343 539 5406 Rursus
570 5359 674 5405 eos
721 5339 987 5420 rogabat,
1021 5348 1088 5402 ut
1114 5359 1293 5405 unam
1348 5341 1716 5406 adducerent
1747 5362 1958 5407 mona-

304 5433 504 5511 cham,
539 5439 600 5495 ut
633 5448 764 5493 eam
797 5431 1042 5493 doceret
1072 5431 1421 5512 psalterium
1458 5439 1516 5495 et
1546 5429 1773 5512 legere.

384 5521 460 5588 Π.
482 5524 819 5602 Imperator
849 5527 1044 5585 autem
1078 5538 1198 5586 non
1229 5539 1404 5604 parva
1431 5520 1678 5586 affectus
1701 5531 1789 5586 est
1821 5539 1955 5586 mo-

1979 5393 2028 5446 ι)

2042 4105 2114 4150 ea
2149 4094 2342 4148 autem
2377 4085 2727 4167 persisteret
2757 4092 2814 4145 et
2841 4085 3048 4146 arrhas
3091 4083 3276 4147 nollet
3302 4086 3598 4166 accipere,
3623 4081 3682 4145 ei

2042 4176 2245 4242 dicunt
2264 4175 2396 4255 ejus
2420 4181 2691 4256 parentes
2718 4195 2731 4237 :
2762 4172 2913 4246 Quid
2937 4173 3044 4248 vis,
3069 4173 3237 4238 ﬁlia?
3265 4175 3348 4238 Ea
3378 4193 3514 4237 vero
3537 4171 3681 4234 dicit

2042 4267 2150 4329 eis:
2184 4264 2348 4344 Rogo
2380 4283 2503 4339 vos,
2533 4271 2597 4326 ut
2627 4282 2723 4326 me
2752 4263 2825 4326 ad
2859 4262 3046 4326 Deum
3074 4264 3408 4347 adducatis,
3441 4271 3504 4326 ut
3533 4279 3685 4324 mea)

2041 4354 2393 4436 virginitatis
2417 4353 2756 4417 mercedem
2782 4353 3201 4433 accipiatis.llli
3221 4364 3417 4433 autem
3447 4371 3579 4416 cum
3599 4352 3682 4414 vi-

2043 4445 2270 4507 dissent
2292 4445 2422 4525 ejus
2443 4451 2702 4505 mentem
2725 4460 2855 4505 esse
2879 4443 3031 4505 adeo
3055 4444 3286 4507 ﬁrmam
3321 4453 3377 4506 et
3397 4440 3683 4505 immobi-

2041 4535 2184 4612 lem,
2214 4541 2323 4595 eta
2346 4535 2466 4596 Deo
2492 4532 2641 4594 adeo
2661 4531 2842 4594 fuisse
2871 4539 3155 4612 amatam,
3175 4533 3380 4596 dicunt
3408 4531 3464 4596 ei
3490 4549 3504 4595 :
3535 4530 3686 4614 Spe-

2041 4643 2264 4700 ramus,
2291 4623 2434 4704 ﬁlia,
2467 4622 2591 4684 fore
2617 4628 2681 4682 ut
2711 4621 2811 4683 ﬁat
2837 4619 2944 4684 Dei
2974 4621 3267 4686 voluntas.
3303 4621 3520 4685 Paucis
3546 4639 3683 4684 vero

2042 4722 2174 4796 post
2222 4711 2434 4775 diebus
2463 4711 2840 4773 adduxerunt
2888 4709 2960 4771 ad
2993 4729 3122 4773 eam
3181 4711 3518 4787 monacbas,
3554 4728 3684 4792 qua;

2042 4823 2174 4867 eam
2229 4802 2561 4864 docuerunt
2591 4798 2941 4863 Psalterium
2976 4809 3036 4864 et
3084 4800 3286 4881 legere
3319 4801 3682 4883 Scripturas.

2101 4890 2478 4964 II[.Quodam
2498 4897 2693 4952 autem
2723 4889 2821 4952 die
2843 4908 2977 4951 cum
3002 4902 3254 4972 uterque
3276 4892 3682 4963 considerent,

2045 5000 2114 5046 ea
2146 4981 2289 5045 dicit
2342 4979 2718 5062 parentibus:
2751 4979 2916 5058 Rogo
2947 4998 3048 5042 vos
3092 4990 3154 5042 ut
3185 5000 3281 5045 me
3309 4981 3593 5044 dimitatis
3626 4978 3686 5039 in

2045 5071 2176 5134 loca
2201 5078 2495 5145 sancta,ut
2525 5087 2690 5131 orem
2725 5077 2784 5132 et
2811 5068 3054 5132 adorem
3087 5080 3354 5134 sanctam
3385 5085 3688 5132 resurrec-

2046 5163 2268 5224 tionem
2289 5168 2347 5222 et
2366 5179 2604 5222 crucem
2629 5158 3057 5225 venerabilem.
3091 5159 3182 5222 Illi
3204 5179 3341 5224 vero
3368 5178 3484 5221 non
3510 5155 3686 5218 habe-

2047 5252 2191 5315 bant
2242 5250 2607 5332 propositum
2640 5249 2978 5311 dimittendi
3037 5269 3189 5328 eam,
3223 5248 3501 5331 quoniam
3552 5263 3684 5309 eam

2047 5341 2233 5422 magis
2280 5339 2580 5412 amabant,
2617 5357 2791 5419 quam
2837 5357 3108 5402 sororem
3159 5339 3311 5419 ejus,
3346 5353 3475 5416 quae
3505 5353 3683 5397 vexa-

2043 5433 2240 5496 batur.
2276 5431 2420 5495 Cum
2454 5437 2652 5493 autem
2684 5427 2999 5509 interjecto
3036 5427 3237 5509 aliquo
3268 5426 3500 5509 spation
3532 5434 3687 5489 tem-

2041 5522 2202 5605 poris
2261 5539 2331 5582 ea
2360 5521 2445 5583 eis
2503 5525 2662 5582 esset
2713 5517 2984 5593 molesta,
3013 5515 3195 5596 jussit
3225 5517 3570 5598 imperator,
3626 5525 3690 5580 ut

385 5702 463 5786 (2)
491 5699 630 5765 Fuit
665 5699 765 5766 hic
793 5701 1153 5768 Anthemius
1181 5699 1490 5766 Anthemii
1517 5699 1667 5784 imp,
1699 5717 1867 5779 avus,
1900 5701 2226 5770 Theodosii
2253 5697 2515 5780 junioris
2555 5697 2616 5760 in
2651 5695 2905 5778 pueritia
2934 5691 3297 5763 moderator.
