4128 6198
439 316 553 386 3ἳ3

1729 316 2010 385 MENSIS
2068 324 2099 386 1
2107 326 2208 387 AN
2217 323 2525 388 UARIUS.

3705 314 3818 382 324

443 452 516 514 ad
542 469 672 514 eam
705 450 1090 514 deferrentur
1117 451 1285 528 pueri
1319 459 1378 513 et
1405 451 1662 526 ancillze,
1700 460 1756 513 et
1795 471 2004 514 aurum
2035 463 2097 515 et
2118 465 2152 512 A
2181 454 2433 520 tabat.ln
2459 477 2529 520 eo
2556 465 2755 518 autem
2780 454 3002 529 Ioco,in
3029 471 3147 534 quo
3179 450 3434 514 habebat
3457 451 3822 526 domum,in—

442 548 777 620 argentum,
805 549 863 601 et
895 540 948 600 ei
983 539 1230 602 dicunt:
1267 541 1520 620 Accipe,
1557 541 1698 622 lilia,
1735 551 1791 602 et
1823 543 2040 604 recede
2075 562 2088 605 :

445 631 626 711 imple
666 637 864 691 votum
900 639 1087 691 tuum.
1122 630 1279 692 Deus
1311 629 1471 691 enim
1518 631 1638 692 vult
1672 639 1728 692 te
1760 649 1924 692 suam
1961 651 2094 694 esse

441 737 695 783 servam:
729 737 918 800 eaque
941 721 998 780 in
1024 738 1234 782 navem
1268 720 1571 800 imposita,
1594 721 1688 782 liis
1713 723 1913 800 pueris
1942 742 2092 784 con-

444 808 1146 891 sequentibus,dixerunt
1169 810 1243 870 ei:
1280 807 1450 883 Filia,
1487 819 1790 873 memento
1815 813 2000 874 nostri
2032 813 2092 874 in

443 900 667 962 sanctis
698 898 862 960 locis.
895 897 978 960 Ea
999 917 1138 960 vero
1163 898 1328 960 dicit:
1348 897 1659 970 Quomodo
1687 900 1832 962 mihi
1854 903 2091 964 satisfe-

445 991 629 1066 cistis,
653 1007 754 1050 vos
782 1006 1021 1070 quoque
1053 989 1111 1050 iu
1139 987 1238 1050 die
1266 989 1418 1050 malo
1450 987 1733 1051 liberabit
1777 990 2088 1072 Dominus,

443 1089 500 1142 et
534 1077 882 1161 parentibus
909 1078 1106 1141 valere
1134 1078 1346 1158 jussis,
1376 1079 1556 1159 cmpit
1595 1079 1884 1160 navigare.

507 1167 756 1234 lV.Cum
783 1175 979 1230 autem
1007 1168 1214 1249 paucis
1238 1168 1452 1231 diebus
1483 1170 1891 1250 pervenissent
1915 1173 2093 1233 Asca-

442 1259 666 1340 lonem,
688 1277 906 1340 paucos
939 1259 1066 1320 dies
1098 1257 1216 1319 illic
1249 1267 1600 1320 manserunt
1633 1269 1875 1342 propter
1915 1262 2093 1323 maris

436 1350 848 1430 jactationem.
884 1345 1016 1428 Ipsa
1051 1366 1188 1408 vero
1211 1366 1387 1408 orans
1412 1353 1470 1408 in
1503 1349 1786 1411 omnibus
1817 1349 2094 1412 ecclesiis

443 1449 503 1502 et
554 1436 951 1510 monasteriis,
987 1437 1074 1497 eis
1106 1455 1344 1516 quoque
1387 1435 1726 1513 exhibebat,
1761 1457 1893 1515 quae
1925 1449 2096 1501 erant

442 1527 804 1591 necessaria.
839 1525 1086 1606 Aliquot
1115 1535 1309 1587 autem
1348 1536 1483 1606 post
1506 1525 1738 1600 diebus,
1771 1547 1902 1589 cum
1927 1529 2097 1590 inve-

444 1619 743 1680 nissemus
774 1615 1047 1692 comites,
1073 1615 1345 1676 venimus
1379 1615 1437 1676 in
1471 1623 1735 1678 sanctam
1771 1617 2090 1680 civitatem.

442 1709 710 1788 Cumque
728 1705 788 1767 in
817 1705 1136 1785 quemdam
1163 1704 1357 1766 locum
1378 1703 1833 1766 divertissemus
1855 1717 2097 1788 propter

2177 547 2334 608 venit
2367 566 2541 608 unam
2573 545 2851 621 vetulam,
2884 544 2980 606 cui
3037 541 3287 622 prmbuit
3317 540 3608 603 modicam
3643 541 3823 603 bene—

2178 635 2527 712 dictionem,
2562 645 2619 698 et
2672 635 2819 696 dixit
2849 634 2901 696 ei
2937 651 2950 695 :
3014 631 3262 712 Accipe,
3296 648 3490 703 soror,
3525 638 3584 691 et
3633 629 3730 691 abi
3759 630 3820 692 in

2177 724 2521 800 ecclesiam,
2556 734 2612 787 et
2642 743 2778 786 eme
2827 722 2972 784 mihi
3003 740 3184 784 unum
3219 719 3656 782 lebetonarium
3689 737 3819 781 mo-

2177 814 2496 888 nasticum,
2530 825 2587 876 et
2631 813 2906 874 similiter
2937 810 3268 884 humerale,
3302 816 3360 870 et
3411 808 3734 886 cucullam,
3763 816 3823 871 et

2174 903 2382 985 accipe
2413 904 2590 966 etiam
2623 903 2952 981 cingulum.
2988 900 3212 963 Abiens
3240 917 3376 960 vero
3408 898 3690 969 vetula,ei
3714 898 3823 960 hac

2175 993 2235 1054 in
2267 1012 2333 1056 re
2364 994 2629 1056 inservit.
2667 993 2812 1056 Cum
2847 1009 2912 1053 ea
2944 999 3141 1052 autem
3187 989 3504 1068 attulisset,
3537 989 3589 1050 ei
3623 1005 3825 1067 preca-

2177 1092 2232 1144 ta
2263 1091 2350 1144 est
2377 1083 2586 1145 dicens
2614 1103 2627 1143 :
2665 1082 2824 1144 Deus
2855 1090 2914 1142 tu
2969 1080 3226 1159 adjuvet,
3261 1077 3533 1140 Mamma.
3557 1075 3822 1157 Cumque

2177 1174 2531 1254 accepisset,
2553 1173 2865 1234 occultavit
2891 1179 3135 1250 propter
3167 1186 3407 1249 pueros.
3435 1165 3680 1238 Quando
3711 1184 3821 1228 au-

2180 1270 2296 1324 tem
2348 1262 2535 1325 voluit
2565 1260 2770 1341 egredi
2801 1261 2873 1322 ad
2905 1266 3174 1321 sanctum
3229 1257 3485 1334 Menam,
3517 1255 3588 1318 iis
3618 1254 3821 1317 omni-

2182 1350 2292 1412 bus
2326 1351 2724 1425 manumissis,
2753 1349 2917 1411 dedit
2947 1349 3031 1410 eis
3063 1347 3118 1407 id
3153 1346 3308 1426 quod
3342 1353 3468 1408 erat
3499 1346 3572 1406 ad
3606 1343 3822 1406 victum

2181 1442 2618 1514 necessarium,
2641 1450 2698 1500 et
2731 1458 2833 1501 eos
2863 1437 3111 1501 dimisit.
3141 1435 3229 1499 Illi
3263 1453 3400 1496 vero
3433 1433 3488 1496 ei
3522 1434 3676 1496 bene
3692 1450 3826 1515 pre-

2180 1531 2293 1592 cati
2322 1537 2728 1592 recesserunt.

2261 1617 2409 1682 VIII.
2445 1617 2588 1682 Cum
2635 1627 2831 1679 autem
2862 1634 3066 1678 secum
3115 1613 3451 1695 accepisset
3482 1612 3822 1674 eunuchum

2179 1727 2391 1788 unum,
2427 1718 2484 1770 et
2534 1727 2713 1768 unum
2753 1704 3142 1779 senem,navi
3193 1707 3352 1765 venit
3400 1703 3460 1763 in
3514 1701 3824 1764 Lemnam.

441 1805 676 1859 nostras
727 1800 1010 1885 sarcinas,
1048 1812 1387 1885 puerosque
1423 1802 1486 1885 et
1541 1794 1812 1866 ancillas,
1847 1798 1944 1876 qui
1979 1816 2093 1859 una
2121 1835 2155 1885 Β
2179 1797 2446 1878 Cumque
2471 1797 2880 1878 pervenissent
2913 1795 2984 1857 ad
3012 1793 3169 1855 aedes
3202 1790 3752 1866 Philoxeni,didicit
3771 1790 3827 1853 is

440 1883 946 1965 erant,paululum
972 1883 1514 1964 requievimus.Eis
1534 1893 1731 1947 autem
1759 1885 1902 1946 dixit
1925 1885 2095 1948 beata

439 1970 829 2054 Apollinaris:
857 1971 1045 2051 Agite,
1081 1971 1403 2033 adoremus
1435 1970 1664 2034 beatam
1699 1974 2091 2036 resurrectio-

441 2081 578 2125 nem
633 2069 691 2123 et
720 2061 1121 2125 venerandam
1179 2078 1448 2124 crucem.
1503 2063 1692 2124 Porro
1745 2070 1946 2124 autem
2009 2069 2097 2125 eis

443 2151 860 2225 orantibus,ea
889 2151 1100 2213 orabat
1121 2167 1226 2230 pro
1253 2156 1376 2210 suis
1405 2151 2097 2234 parentibus.C(epitque

442 2239 800 2304 benefacere
831 2238 929 2315 iis,
963 2239 1063 2320 qui
1095 2257 1245 2320 opus
1277 2237 1592 2301 habebant.
1633 2239 1802 2302 Ibant
1831 2259 1969 2305 vero
2003 2261 2094 2304 as-

439 2331 614 2393 sidue
644 2330 717 2392 ad
771 2328 1132 2390 monasteria
1186 2329 1476 2407 virginum
1511 2331 1887 2409 perennium,
1921 2339 1979 2393 et
2025 2334 2096 2393 ad

437 2437 565 2494 eos,
593 2420 692 2500 qui
717 2419 895 2480 vitam
938 2417 1189 2498 agebant
1223 2419 1631 2492 monasticam,
1662 2427 1719 2481 et
1747 2420 2096 2501 suppedita-

439 2508 540 2572 bat
576 2509 685 2588 eis,
726 2527 862 2586 quas
891 2516 1061 2569 erant
1091 2508 1456 2572 necessaria.

521 2597 592 2662 V.
624 2597 890 2672 Quodam
915 2606 1112 2659 autem
1139 2597 1236 2658 die
1260 2597 1404 2658 dicit
1428 2597 1528 2659 uni
1553 2616 1620 2659 ex
1646 2596 1721 2659 iis
1744 2600 1994 2680 qui'cum
2029 2620 2098 2664 ea

441 2687 851 2752 versabantur:
891 2685 1036 2750 Volo
1068 2705 1190 2763 vos,
1218 2685 1269 2748 si
1299 2685 1458 2748 Deus
1489 2687 1627 2757 velt.
1659 2685 1934 2752 liberare.
1972 2687 2097 2752 Hoc

433 2787 631 2842 autem
656 2776 1094 2853 audito,alfecti
1118 2784 1256 2838 sunt
1278 2776 1574 2840 molestia.
1595 2776 1697 2838 Illa
1724 2777 1923 2860 itaque
1948 2780 2096 2841 dixit

433 2868 523 2930 eis
547 2887 560 2928 :
585 2867 678 2930 Ne
700 2866 831 2928 sitis
849 2865 1050 2928 animo
1080 2865 1264 2927 anxii.
1301 2864 1360 2926 Si
1387 2864 1544 2926 Deus
1573 2864 1732 2926 enim
1759 2867 1898 2946 quid
1924 2887 2089 2930 com-

435 2975 578 3036 pun,
601 2957 642 3015 it
674 2974 867 3016 meam
917 2954 1343 3025 humilitatem,
1374 2953 1650 3033 praebebo
1682 2956 1752 3015 ad
1789 2974 1890 3016 vos
1921 2958 2092 3019 alen-

439 3045 572 3108 dos.
611 3041 880 3124 Cumque
931 3043 966 3104 ii
1003 3043 1363 3121 accipissent
1395 3043 1525 3121 ejus
1581 3041 2090 3123 benedictionem,

437 3133 492 3195 ei
545 3133 819 3212 ingentes
848 3132 1063 3210 gratias
1119 3131 1392 3211 agebant.
1435 3134 1578 3196 Cum
1629 3152 1768 3195 vero
1800 3137 2088 3198 recessis—

2179 1888 2281 1969 qui
2303 1895 2428 1950 erat
2467 1887 2586 1948 illic
2613 1882 3096 1960 I’aramonarius;
3131 1884 3414 1962 venitque
3443 1898 3577 1942 cum
3609 1896 3828 1959 magno

2177 1987 2486 2058 apparatu,
2521 1976 2788 2055 dicitque
2839 1973 2897 2036 ei
2945 1973 3302 2054 procidens:
3364 1969 3615 2032 Domina
3667 1985 3822 2042 mea,

2178 2066 2280 2128 ubi
2298 2065 2478 2145 jubes
2534 2083 2628 2127 me
2661 2081 2904 2126 manere
2933 2063 3126 2125 donec
3158 2058 3534 2134 ascenderis,
3571 2069 3631 2122 et
3663 2066 3826 2122 tuam

2180 2156 2392 2218 feceris
2415 2157 2745 2218 orationem
2770 2161 2798 2217 ?
2828 2151 2959 2234 Ipsa
2981 2170 3118 2214 vero
3150 2169 3286 2213 eum
3319 2148 3550 2227 rogavit
3569 2165 3704 2210 cum
3732 2164 3828 2209 sae

2181 2243 2748 2322 cramento,utnihil
2771 2243 2842 2304 ad
2879 2261 2943 2304 se
2959 2242 3294 2304 allerretur.
3327 2239 3482 2302 Dicit
3511 2245 3708 2300 autem
3737 2236 3818 2300 ei:

2180 2333 2296 2396 Fac
2327 2334 2584 2396 ofﬁcium
2617 2333 2941 2396 charitatis.
2974 2332 3139 2394 Aﬂ‘er
3167 2330 3238 2393 ad
3267 2345 3362 2390 me
3392 2339 3645 2409 quatuor
3685 2326 3823 2389 ani-

2182 2423 2455 2500 malia,ut
2482 2423 2814 2486 ascendens
2843 2422 3082 2483 adorem
3129 2425 3398 2480 sanctum
3432 2417 3683 2480 Menam.
3716 2415 3824 2478 llle

2180 2522 2375 2576 autem
2411 2513 2507 2574 die
2528 2511 2802 2592 sequenti
2823 2506 3465 2573 adduxitanimalia.Ea
3481 2524 3621 2570 vero
3646 2506 3822 2582 dixit;

2179 2600 2369 2666 Crede
2403 2602 2679 2676 Domino,
2717 2601 2802 2662 eis
2834 2618 2949 2661 non
2981 2596 3400 2672 insidebo,nisi
3431 2613 3638 2658 eorum
3666 2613 3824 2658 mer-

2179 2692 2388 2755 cedem
2422 2691 2670 2753 dedero.
2707 2693 2854 2751 Cum
2886 2687 3148 2750 dedisset
3180 2685 3490 2767 plusquam
3524 2685 3652 2747 dari
3681 2702 3826 2746 con-

2178 2781 2500 2861 suevisset,
2528 2778 2808 2842 valedixit
2837 2795 3172 2840 oeconomo.
3225 2776 3358 2857 Ipse
3387 2783 3582 2836 autem
3613 2791 3824 2837 reces-

2175 2871 2270 2944 sit,
2304 2878 2547 2950 accepta
2576 2869 2649 2931 ab
2680 2887 2750 2930 ea
2780 2866 3223 2930 benedictione.

2255 2957 2354 3020 IX.
2401 2957 2545 3021 Cum
2580 2975 2650 3020 ea
2678 2966 2876 3019 autem
2933 2955 3324 3028 ascendisset,
3359 2953 3498 3016 fecit
3550 2960 3610 3014 ut
3641 2969 3820 3032 agaso

2174 3047 2350 3110 etiam
2373 3047 2624 3109 alterum
2649 3046 2868 3108 animal
2900 3043 3275 3108 ascenderet.
3310 3042 3579 3124 Cumque
3601 3060 3820 3122 perve-

2174 3138 2490 3197 nissentad
2517 3143 2785 3198 sanctum
2809 3134 3292 3214 Menam,(3)ejus
3320 3131 3666 3194 venerabila
3688 3149 3821 3192 mo-

436 3231 595 3298 sent,
631 3220 776 3284 abiit
805 3240 940 3283 cum
988 3221 1082 3293 iis,
1118 3223 1219 3302 qui
1270 3222 1325 3282 ei
1357 3233 1796 3305 remanserant,
1828 3226 1899 3286 ad
1951 3227 2084 3288 Jor-
2111 3220 2150 3237 ’⁸⁸
2176 3225 2508 3287 nimentum
2533 3225 2858 3287 adoravere
2890 3223 3127 3286 Audivit
3155 3230 3352 3284 autem
3385 3227 3824 3297 (economus,et

440 3311 679 3374 danem:
717 3318 774 3371 et
795 3309 919 3372 illic
951 3327 1158 3374 rursus
1191 3309 1443 3391 praebuit
1467 3312 1559 3386 iis,
1596 3311 1696 3392 qui
1731 3332 1880 3393 opus
1911 3314 2090 3377 habe-

441 3401 602 3464 bant.
637 3401 906 3481 Cumque
958 3399 1126 3462 illinc
1171 3400 1420 3480 profecti
1472 3410 1694 3481 essent,
1730 3421 1941 3467 rursus
1981 3424 2086 3467 ve-

441 3489 615 3552 niunt
644 3489 704 3550 in
741 3498 1005 3551 sanctam
1039 3489 1358 3551 civitatem.

509 3583 832 3654 VLElapsis
857 3593 1044 3640 autem
1075 3582 1288 3655 aliquot
1323 3586 1544 3654 diebus,
1571 3603 1698 3646 cum
1733 3605 1892 3648 suam
1929 3605 2086 3650 com-

429 3667 1030 3750 plessetorationem,
1057 3667 1198 3730 dicit
1230 3675 1316 3731 eis
1338 3674 1438 3749 qui
1465 3691 1582 3734 una
1618 3693 1751 3735 cum
1783 3693 1851 3736 ea
1886 3684 2078 3738 erant:

425 3758 665 3822 Fratres
697 3757 838 3833 mei,
878 3757 1011 3820 volo
1041 3776 1144 3819 vos
1178 3777 1421 3841 quoque
1455 3761 1734 3826 liberare.
1771 3765 1886 3828 Sed
1929 3784 2085 3828 nunc

429 3867 641 3912 eamus
667 3848 738 3910 ad
774 3846 1201 3910 Alexandriam
1237 3868 1426 3930 usque
1458 3861 1515 3914 et
1544 3861 1814 3915 sanctum
1851 3858 2082 3918 Menam

424 3935 874 4001 adoremus.Illi
899 3956 1039 4000 vero
1066 3936 2087 4023 dixerunt:Utjubes,domina.Cum

428 4028 850 4091 descendisset
870 4036 1070 4090 autem
1095 4030 1792 4107 Ascalonem,distribuit
1808 4035 1866 4094 in
1882 4034 1972 4096 via
1991 4035 2084 4112 iis,

437 4119 539 4198 qui
562 4136 710 4198 opus
733 4116 1068 4179 habebant:
1108 4119 1471 4197 inventoque
1495 4123 1746 4203 navigio,
1779 4124 1934 4204 quod
1968 4124 2086 4187 ibat

438 4206 962 4282 Alexandriam,eo
998 4207 1369 4286 navigarunt.
1405 4212 1646 4273 Audivit
1671 4222 1869 4275 autem
1909 4215 2094 4296 is,qui

434 4303 566 4359 erat
593 4314 811 4376 prtnses
842 4314 912 4356 eo
965 4306 1260 4376 tempore,
1289 4307 1346 4360 et
1379 4301 1538 4361 misit
1568 4302 1640 4362 ad
1675 4322 1802 4364 eam
1829 4305 2088 4365 adoran-

433 4386 594 4447 dam.
647 4385 728 4447 Ea
759 4403 897 4446 vero
930 4404 1047 4446 non
1105 4404 1276 4465 passa
1305 4400 1421 4464 est,
1454 4391 1558 4451 sed
1602 4402 1781 4454 noctu
1815 4395 1973 4454 venit
2026 4394 2086 4454 in

435 4475 803 4556 praztorium,
832 4485 888 4537 et
917 4475 1178 4538 adoravit
1209 4480 1518 4558 praesidem
1568 4491 1624 4543 et
1655 4484 1785 4563 ejus
1813 4503 2082 4549 uxorem.

433 4547 522 4627 Illi
557 4583 694 4628 vero
727 4547 798 4626 ad
837 4565 1018 4645 pedes
1051 4567 1182 4646 ejus
1209 4547 1550 4648 procidunt,
1575 4547 1868 4635 dicentes:
1905 4547 2082 4646 Quin;
2107 4547 2148 4595 υ

433 4672 664 4736 sumus,
699 4655 961 4727 domina,
1001 4675 1102 4716 cur
1149 4656 1236 4717 sic
1263 4657 1500 4721 fecisti?
1529 4663 1650 4723 Nos
1682 4662 1952 4724 misimus
1984 4665 2083 4743 qui

432 4744 796 4806 venirentad
827 4752 956 4805 tuos
989 4744 1194 4825 pedes,
1218 4754 1276 4806 et
1299 4756 1382 4828 tu,
1411 4748 1654 4812 domina
1685 4754 2078 4822 nostra,veni-

435 4834 508 4894 sti
560 4835 631 4896 ad
665 4843 900 4896 nostros
931 4835 1115 4915 pedes
1147 4835 1171 4896 Υ
1229 4835 1307 4896 Ea
1339 4857 1478 4899 vero
1522 4839 1670 4901 dicit
1722 4841 1808 4902 eis
1847 4863 1858 4899 :
1897 4844 2086 4904 Vultis

434 4924 578 4986 mihi
605 4942 728 4985 rem
753 4932 980 5003 gratam
1010 4924 1234 4986 facere?
1265 4925 1480 4988 Dicunt
1502 4931 1786 5006 ei:Certe,
1813 4931 2080 4996 domina.

429 5016 514 5076 Ea
544 5031 684 5075 vero
717 5013 863 5074 dicit
897 5012 1016 5075 eis:
1053 5013 1343 5076 Dimittite
1376 5036 1492 5090 me,
1521 5019 1796 5098 quoniam
1833 5020 1966 5082 volo
1999 5024 2084 5084 ire

429 5111 663 5164 oratum
698 5101 770 5165 ad
804 5109 1071 5164 sanctum
1116 5102 1370 5166 Menam.
1409 5106 1499 5169 Illi
1530 5116 1726 5169 autem
1763 5129 1894 5172 cum
1929 5129 2083 5191 prae-

429 5191 607 5254 claris
638 5191 812 5254 donis
863 5208 991 5253 eam
1027 5191 1411 5255 dimiserunt.
1446 5194 1526 5257 Ea
1575 5216 1714 5259 vero
1750 5199 2071 5280 accipiens,

424 5281 624 5343 omnia
655 5280 959 5344 distribuit
991 5282 1378 5364 pauperibus.

485 5370 760 5436 VlLCum
786 5371 1059 5433 autemin
1086 5371 1320 5435 civitate
1346 5375 1663 5438 mansisset
1686 5395 1904 5456 paucos
1920 5379 2072 5459 dies,

2173 3314 2330 3376 venit
2355 3315 2413 3376 in
2435 3315 2596 3376 clero
2619 3316 2692 3375 ad
2741 3333 2870 3376 eam
2908 3311 3295 3376 adorandam.
3351 3310 3452 3374 Illa
3479 3328 3616 3371 vero
3643 3327 3714 3372 ex
3744 3327 3819 3372 eo

2171 3405 2380 3467 affecta
2405 3413 2493 3466 est
2525 3404 2819 3468 molestia.
2854 3402 3106 3468 Nolebat
3135 3403 3294 3464 enim
3326 3400 3626 3478 cognosci,
3662 3417 3820 3462 (nco-

2171 3513 2386 3556 nomus
2447 3503 2645 3556 autem
2707 3512 2838 3556 eam
2899 3491 3165 3572 rogabat,
3220 3490 3478 3556 dicens:
3540 3487 3814 3564 Domina,

2161 3582 2310 3663 jube
2358 3583 2420 3644 in
2452 3583 2657 3644 domo.
2686 3601 2836 3644 mea.
2878 3583 2960 3643 Ea
2989 3598 3129 3641 vero
3179 3577 3328 3640 dicit
3370 3579 3426 3639 ei
3461 3598 3474 3637 :
3511 3579 3632 3656 ligo
3683 3577 3815 3639 volo

2169 3692 2354 3734 unum
2410 3672 2568 3736 diem
2603 3690 2847 3734 manere
2876 3671 2936 3732 in
2989 3670 3265 3749 ecclesia,
3300 3668 3494 3729 donec
3527 3685 3623 3729 me
3653 3665 3817 3729 Deus

2170 3762 2464 3826 dimiserit
2510 3781 2604 3838 eo,
2642 3782 2757 3844 quo
2806 3779 2905 3824 um
2952 3760 3204 3832 abitura,
3239 3757 3519 3834 misitque
3567 3756 3639 3818 ad
3679 3773 3813 3818 eam

2171 3854 2358 3914 sancti
2377 3847 3204 3915 benedictionem.Distribuit
3225 3854 3422 3910 autem
3441 3845 3647 3926 iis,qui
3666 3863 3815 3926 opus

2173 3941 2490 4004 habebant.
2528 3946 2666 4004 Post
2721 3949 2840 4002 tres
2886 3957 3027 4002 vero
3077 3938 3207 4000 dies
3253 3935 3396 3998 dicit
3443 3951 3806 4000 meonomo:

2171 4029 2444 4112 Fungere
2471 4029 2666 4093 ofﬁcio
2687 4025 3230 4096 charitatis.Praabe
3261 4025 3411 4087 mihi
3430 4043 3612 4086 unam
3639 4023 3814 4090 lecti-

2173 4140 2324 4198 cam,
2362 4133 2424 4183 ut
2446 4121 2654 4183 abeam
2687 4131 2745 4182 et
2774 4119 3019 4181 adorem
3053 4116 3256 4179 Patres
3287 4115 3500 4179 Scetis.
3533 4113 3589 4177 Is
3618 4122 3813 4177 autem

2174 4213 2465 4275 accersito
2499 4229 2616 4272 uno
2654 4209 2982 4283 lecticario,
3019 4207 3160 4269 dixit
3193 4207 3286 4268 ei:
3335 4203 3402 4266 In
3433 4205 3679 4266 nomine
3707 4201 3815 4266 Dei

2173 4303 2318 4362 alter
2374 4301 2445 4362 ad
2482 4319 2575 4362 me
2635 4301 2927 4361 lecticam.
2990 4295 3094 4359 Ille
3123 4314 3261 4358 vero
3306 4295 3499 4357 dixit:
3550 4293 3809 4358 Jussisti.

2171 4394 2348 4454 Beata
2379 4398 2574 4453 autem
2607 4387 2938 4452 adducitad
2970 4405 3033 4450 se
3065 4404 3338 4468 puerum,
3365 4385 3464 4467 qui
3497 4384 3552 4448 ei
3575 4401 3812 4446 reman-

2171 4491 2350 4557 serat,
2385 4488 2443 4541 et
2473 4478 2891 4541 benedictione
2921 4478 2975 4540 ei
3010 4477 3163 4554 data,
3198 4493 3334 4538 eum
3368 4492 3604 4556 quoque
3629 4473 3811 4536 dimi-

2167 4570 2264 4644 sit,
2293 4570 2529 4632 dicens:
2562 4569 2681 4632 Ora
2715 4587 2820 4649 pro
2855 4587 2967 4630 me.

2248 4663 2325 4726 Χ,
2354 4660 2496 4723 Cum
2516 4659 2788 4739 sequenti
2815 4669 3013 4720 autem
3037 4658 3135 4720 die
3167 4656 3811 4731 venissetlecticarios,

2171 4751 2386 4812 mansit
2435 4749 2625 4811 donec
2676 4747 2784 4809 fuit
2821 4765 3087 4829 vespera.
3122 4746 3390 4824 Cumque
3437 4745 3816 4808 valedixisset

2169 4858 2480 4902 (nconomo
2502 4845 2560 4900 et
2587 4856 2793 4920 puero,
2817 4838 3088 4901 ascendit
3117 4838 3175 4898 in
3201 4835 3559 4909 lecticulam,
3589 4835 3817 4898 habens

2169 4931 2328 4992 intus
2350 4938 2540 4991 vestes
2566 4928 2964 5004 monachicas,
2993 4937 3051 4989 et
3076 4927 3214 4989 fecit
3245 4932 3308 4988 ut
3333 4943 3486 5006 pone
3517 4927 3812 4988 ascende-

2167 5031 2260 5082 ret
2291 5019 2629 5098 eunuchus,
2663 5026 2800 5080 ante
2849 5027 3048 5080 autem
3081 5015 3445 5079 lecticarius.
3500 5014 3812 5096 Capitque

2167 5108 2337 5171 brata
2359 5125 2698 5171 orarecum
2723 5109 3188 5188 essetintus,eta
3207 5105 3458 5168 Domino
3472 5105 3595 5168 Deo
3609 5113 3812 5184 petere

2164 5199 2473 5261 auxilium.
2493 5198 2661 5262 Circa
2688 5198 2937 5260 mediam
2963 5207 3158 5260 autem
3183 5203 3418 5258 noctem
3445 5195 3716 5275 pervenit
3735 5195 3810 5256 ad

2161 5288 2434 5371 paludem
2493 5305 2675 5369 prope
2718 5289 2969 5365 fontem,
3003 5291 3106 5366 qui
3141 5303 3332 5368 usque
3357 5287 3416 5345 in
3448 5285 3810 5348 hodiernum

2160 5379 2318 5442 diem
2373 5379 2588 5440 dicitur
2633 5377 2788 5440 Fons
2837 5377 3218 5460 Apollinaris.
3262 5375 3532 5454 Cumque
3580 5374 3810 5438 lectica:

424 5457 786 5542 ibatubique
809 5461 867 5523 in
895 5463 1280 5542 monasteria,
1309 5473 1365 5526 et
1394 5466 1632 5528 assidue
1663 5466 1750 5528 eis
1781 5457 2070 5548 suppediQ
2159 5469 2348 5550 pelles
2375 5467 2732 5549 aperuisset,
2765 5466 2871 5530 Dei
2896 5457 3274 5550 providentia
3328 5465 3558 5528 invenit
3596 5462 3808 5527 ambos

501 5635 592 5717 (3)
622 5634 770 5701 Nota
799 5640 1109 5719 antiquum
1143 5657 1374 5706 morem
1411 5643 1735 5708 venerandi
1767 5644 2044 5728 sepulcra
2077 5654 2444 5720 sanctorum.
