4080 6204
1719 341 2000 408 MENSIS
2059 343 2516 409 JANUARIUS.
3686 335 3800 407 328

441 347 556 414 327

439 483 642 544 filiam.
692 480 828 554 Qui,
863 478 1122 541 adoratis
1156 476 1435 539 omnibus
1494 475 1785 551 Patribus,
1822 477 2069 557 profecti
2091 488 2131 536 A
2154 479 2545 543 Adduxerunt
2575 487 2771 543 autem
2804 499 2972 544 suam
3005 488 3366 552 sororem,et
3390 479 3670 540 dixerunt
3699 479 3754 540 ei
3783 499 3798 540 :

437 579 576 633 sunt
596 570 669 631 ad
701 569 1146 650 imperatorem.
1183 565 1440 645 Fuitque
1481 586 1756 646 magnum
1790 570 2071 646 gaudium
2159 568 2405 632 Nostine
2436 571 2646 633 hunc?
2694 571 2799 632 Illa
2828 589 2965 632 vero
2999 569 3398 650 respondens,
3447 568 3597 630 dixit
3629 588 3646 628 :
3679 566 3800 629 Re-

433 660 498 721 in
531 659 766 722 civitate
800 668 1041 738 prapter
1097 655 1278 716 filiam
1327 656 1732 735 imperatoris,
1770 657 2076 739 Deumque
2160 677 2299 722 vera
2326 661 2423 722 hic
2456 670 2546 722 est
2571 661 2674 724 ille
2705 661 3043 735 eunuchus,
3079 661 3178 741 qui
3214 673 3352 740 post
3381 662 3567 722 Deum
3597 676 3690 719 me
3714 677 3805 719 sa.

435 749 940 830 gloriﬁcaverunt,
975 744 1247 806 videntes
1281 763 1552 821 magnam
1601 745 1815 825 puellae
1845 747 2076 808 modes-
2161 750 2339 826 navit,
2375 759 2436 813 et
2466 749 2787 830 procidens
2819 749 2889 811 ad
2923 751 3056 829 ejus
3083 749 3527 830 pedes,rogavit
3557 765 3692 809 eum
3728 749 3804 810 de

435 839 601 900 tiam.
663 841 876 900 Beatus
932 842 1132 896 autem
1185 834 1522 896 Dorotheus
1553 853 1618 898 se
1655 834 1840 915 magis
1874 836 2073 898 humi-
2160 856 2267 899 suo
2297 849 2490 902 utero.
2523 839 2633 910 Qui
2664 857 2801 900 cuin
2863 856 2991 900 eam
3030 841 3339 910 erexisset,
3378 847 3433 898 et
3469 837 3601 916 ejus
3633 843 3802 897 utero

433 923 829 1006 liavit,supra
863 924 1101 986 modum
1137 941 1449 986 exercens.
1485 924 1743 1000 Fuitque
1775 926 2076 1003 perfectus
2159 945 2369 989 manus
2399 927 2941 1009 imposuisset,eam
2981 945 3183 989 sanam
3217 926 3656 989 reddidit.Cum
3690 925 3804 986 hoc

434 1015 705 1096 signifer.

512 1103 692 1170 XVII.
728 1104 1008 1167 Diabolus
1030 1113 1226 1166 autem
1254 1121 1460 1165 rursus
1483 1102 1643 1164 subit
1673 1103 1854 1165 ﬁliam
1888 1104 2074 1185 impe-

427 1195 664 1263 ratoris,
703 1203 762 1257 et
789 1195 928 1256 facit
957 1203 1020 1256 ut
1056 1211 1370 1274 praegnans
1402 1203 1705 1272 appareat.
1762 1193 2075 1275 Cuapitque

429 1283 754 1364 imperator
777 1284 930 1347 afﬁci
951 1302 1161 1363 magno
1190 1282 1490 1352 dolore,et
1511 1301 1640 1344 eam
1663 1284 2070 1363 interrogavit,

429 1374 637 1436 dicens
670 1393 683 1437 :
722 1376 804 1437 Ex
833 1394 949 1455 quo
983 1393 1044 1435 es
1080 1375 1444 1452 praegnans?
1478 1374 1560 1433 Ea
1591 1391 1732 1432 vero
1768 1373 1891 1434 illic
1926 1373 2072 1434 nihil

429 1464 590 1526 aliud
641 1464 974 1545 respondit,
1034 1462 1146 1523 nisi
1202 1464 1312 1522 huc
1345 1463 1537 1523 solum
1577 1482 1588 1524 :
1627 1462 1840 1524 Nescio
1876 1463 2074 1524 unde--

429 1572 565 1618 nam
599 1552 710 1618 hoc
734 1554 882 1615 mihi
909 1551 1220 1616 acciderit.
1257 1555 1590 1632 Imperator
1617 1570 1762 1613 vero
1790 1571 1916 1614 eam
1955 1570 2071 1614 ma-

427 1645 517 1724 gis
545 1643 945 1707 examinabat.
1005 1641 1174 1703 Tunc
1239 1641 1294 1704 ei
1344 1643 1594 1703 Satanas
1625 1642 1776 1703 hanc
1809 1641 2073 1722 suggerit

427 1733 870 1812 cogitationem,
905 1732 1066 1814 quod
1128 1731 1480 1806 monachus,
1511 1731 1615 1812 qui
1643 1750 1771 1793 eam
1806 1732 2070 1797 circum-

427 1822 706 1902 ducebat,
745 1823 874 1903 ipse
907 1841 1034 1883 eam
1071 1831 1471 1902 praegnantem
1517 1821 1868 1883 reddiderit.
1903 1823 2069 1883 Tunc

425 1928 638 1992 magna
668 1913 756 1975 ira
787 1913 1051 1993 repletus
1100 1915 1447 1992 imperator,
1505 1911 1666 1972 misit
1695 1913 1766 1972 ad
1805 1912 2068 1991 perden-

425 2001 566 2064 dum
600 2021 736 2064 eum
767 2002 988 2066 locum.
1014 2003 1160 2065 Cum
1191 2011 1391 2062 autem
1426 2000 1730 2079 principes
1760 2019 1938 2081 quam
1973 2019 2070 2063 ce-

423 2091 668 2154 lerrime
698 2091 988 2153 abiissent
1020 2092 1080 2152 in
1143 2088 1393 2164 Scetim,
1429 2101 1702 2170 quierunt
1732 2090 2068 2170 intelligere

427 2199 518 2258 ea,
552 2200 684 2264 qua;
736 2181 858 2243 illic
917 2179 1162 2261 fiebant,
1196 2181 1464 2241 dicrntes
1499 2197 1514 2242 :
1549 2171 1692 2240 Date
1725 2179 1896 2242 nobis
1932 2199 2066 2242 mo-

422 2271 707 2350 nachum,
740 2270 838 2348 qui
867 2277 1267 2351 praegnantem
1301 2269 1566 2330 reddidit
1596 2268 1775 2329 filiam
1812 2268 2067 2350 impera-

421 2360 587 2425 toris.
625 2362 730 2424 Dei
762 2377 902 2422 vero
936 2368 1177 2421 sanctus
1235 2359 1566 2420 Dorotheus
1606 2358 1701 2419 his
1728 2359 1927 2421 verbis
1953 2376 2065 2420 au-

421 2446 583 2520 ditis,
623 2449 684 2510 in
743 2448 1006 2511 medium
1067 2446 1386 2529 processit,
1442 2447 1697 2510 dicens:
1752 2447 1874 2526 Ego
1908 2465 2060 2512 sum.

415 2538 636 2603 Afﬂicti
695 2548 837 2600 sunt
896 2547 1093 2600 autem
1125 2537 1319 2600 sancti
1356 2539 1582 2617 Patres,
1642 2545 1700 2598 et
1730 2537 2057 2599 dixerunt:

415 2628 538 2692 Nos
571 2647 807 2711 quoque
865 2637 1062 2691 tecum
1125 2627 1370 2690 ibimus.
1431 2625 1511 2687 Ea
1563 2643 1703 2689 vero
1736 2625 1886 2688 dixit
1922 2628 2054 2690 eis:

413 2715 652 2781 Domini
685 2717 827 2793 mei,
861 2717 1240 2779 solummodo
1273 2724 1436 2779 crate
1472 2733 1576 2796 pro
1611 2733 1731 2790 me,
1764 2733 2061 2797 speroque

420 2808 485 2870 in
514 2807 662 2884 Deo,
698 2819 761 2870 et
810 2807 873 2869 in
921 2807 1134 2869 vestris
1198 2803 1502 2887 precibus,
1553 2803 1683 2867 fore
1716 2813 1780 2866 ut
1810 2805 1928 2867 cito
1957 2823 2061 2866 vos

418 2897 689 2972 adorem,
724 2904 782 2959 et
811 2895 1102 2959 abeuntes
1136 2896 1196 2957 in
1225 2894 1566 2968 ecclesiam,
1600 2903 1894 2956 venerunt
1923 2912 2055 2956 cum

2156 1025 2352 1080 autem
2385 1018 2696 1097 vidissent,
2714 1017 2988 1079 admirati
3022 1025 3252 1087 sunt,et
3278 1016 3465 1078 Deum
3499 1015 3802 1093 glorifica-

2159 1109 2690 1170 verunt.Dixerunt
2717 1106 2918 1183 itaque
2951 1127 2963 1168 :
2990 1105 3146 1168 Vere
3175 1105 3304 1167 haec
3328 1117 3417 1166 est
3451 1105 3571 1166 {ilia
3601 1113 3800 1165 nostra

2156 1196 2543 1276 Apollinaris.
2571 1197 2706 1258 Fuit
2728 1206 2924 1258 autem
2957 1195 3135 1258 ﬂetus
3168 1214 3299 1258 cum
3335 1195 3551 1273 gaudio
3585 1195 3642 1254 in
3666 1193 3803 1255 aula

2159 1287 2558 1366 imperatoris.

2235 1373 2386 1436 XIX.
2418 1375 2560 1438 Cum
2581 1385 2777 1437 autem
2812 1394 3032 1455 paucos
3057 1375 3185 1437 dies
3209 1382 3436 1434 versata
3460 1383 3620 1436 esset
3642 1371 3796 1452 apud

2157 1465 2669 1545 parentes,omnia
2701 1467 2788 1527 eis
2821 1467 3093 1527 narravit.
3127 1465 3266 1537 Quae
3297 1482 3430 1525 cum
3463 1464 3793 1536 audissent,

2154 1553 2338 1616 Deum
2375 1554 2718 1617 laudarunt.
2753 1553 3057 1635 Rogarunt
3087 1572 3226 1616 vero
3259 1571 3410 1626 eam,
3449 1562 3513 1613 ut
3542 1572 3675 1614 cum
3709 1554 3796 1614 eis

2154 1653 2446 1716 maneret,
2481 1645 2581 1706 sed
2647 1663 2761 1706 non
2812 1653 2950 1707 tunc
2985 1651 3436 1724 persuaserunt.
3475 1645 3798 1722 Propterea

2153 1741 2350 1796 autem
2385 1734 2545 1812 quod
2577 1733 2632 1796 ei
2665 1735 3087 1815 promiserant,
3125 1753 3251 1796 eam
3304 1752 3438 1794 cum
3475 1733 3673 1794 multis
3703 1733 3795 1796 la-

2153 1825 2370 1905 crymis
2398 1825 2747 1888 emiserunt.
2789 1825 3035 1904 Rogavit
3086 1833 3282 1886 autem
3320 1829 3597 1904 parentes
3628 1840 3791 1897 suos,

2153 1920 2216 1974 ut
2246 1931 2351 1993 pro
2385 1933 2450 1974 se
2503 1923 2768 1977 orarent.
2821 1915 2908 1974 Illl
2950 1932 3088 1976 vero
3139 1911 3194 1974 ei
3224 1914 3431 1974 dicunt
3463 1930 3476 1974 :
3512 1911 3669 1974 Deus
3699 1911 3796 1972 cui

2151 2001 2310 2064 fuisti
2341 2003 2662 2084 desponsa,
2699 2004 2827 2084 ipse
2876 2002 3150 2084 perficiet
3209 2011 3404 2064 tecum
3442 2001 3794 2063 misericor-

2151 2091 2336 2155 diam.
2372 2091 2666 2154 Memento
2700 2102 2898 2154 autem
2935 2091 3148 2168 nostri,
3173 2091 3316 2166 filia,
3344 2091 3405 2152 in
3439 2091 3659 2152 sanctis
3682 2092 3800 2152 tuis

2151 2181 2454 2261 precibus.
2489 2183 2676 2254 Quam
2729 2199 2862 2244 cum
2916 2180 3176 2262 amplexi
3223 2187 3446 2254 essent,
3480 2181 3668 2261 ipsam
3701 2179 3794 2241 di-

2152 2269 2466 2333 miserunt.
2501 2269 2841 2332 Voluerunt
2871 2279 3068 2332 autem
3105 2268 3162 2334 ei
3209 2270 3354 2332 dare
3380 2275 3687 2349 pecuniam
3720 2267 3796 2330 ad

2149 2377 2295 2421 usus
2325 2359 2592 2432 Patrum,
2622 2361 2726 2422 sed
2760 2379 2861 2422 eas
2893 2379 3010 2421 non
3043 2359 3552 2440 accepit,dicens:
3586 2361 3794 2422 Patres

2149 2450 2265 2510 mei
2297 2468 2414 2511 non
2447 2449 2666 2514 habent
2697 2469 2848 2529 opus
2881 2450 3154 2530 pecuniis
3183 2449 3361 2529 hujus
3395 2447 3625 2522 mundi,
3651 2465 3730 2510 ne
3758 2467 3794 2509 a

2149 2537 2322 2600 bonis
2351 2539 2696 2601 excidemus
2727 2537 3097 2602 caelestibus.
3139 2538 3455 2618 Factisque
3489 2537 3788 2616 precibus,

2143 2626 2509 2691 dimiserunt
2536 2647 2702 2691 suam
2738 2629 2914 2690 tiliam
2949 2627 3245 2690 laetantem
3281 2635 3340 2688 et
3367 2627 3786 2689 exsultantem.

2143 2717 2290 2780 Cum
2324 2737 2395 2780 ea
2446 2727 2642 2780 autem
2703 2719 2962 2780 venisset
3018 2719 3080 2778 in
3111 2717 3357 2795 Scetim,
3393 2723 3795 2797 susceperunt

2143 2824 2272 2868 eam
2306 2806 2518 2868 fratres
2551 2815 2610 2869 et
2639 2817 2860 2888 patres,
2897 2816 2958 2868 et
2987 2805 3174 2870 Deum
3204 2804 3790 2886 laudaverunt,quod

2143 2894 2430 2956 rediisset
2459 2894 2644 2957 frater
2693 2913 2902 2958 eorum
2953 2913 3158 2971 sanus,
3193 2903 3252 2958 et
3283 2893 3444 2957 diem
3479 2893 3702 2958 festum
3736 2892 3792 2956 ei

417 2993 542 3048 toto
590 2995 887 3048 conventu
935 2986 1210 3062 fratrum,
1249 2984 1538 3063 lactisque
1571 2983 1852 3063 precibus
1880 2982 2119 3044 simulc
2144 2983 2443 3049 fecerunt.

419 3075 650 3157 egressi
705 3085 863 3153 sunt,
924 3076 1298 3139 deducentes
1357 3072 1634 3135 abbatem
1663 3071 2058 3157 Dorotheum.

418 3150 660 3268 sciebat
704 3150 861 3229 enim
911 3165 1095 3228 abbas
1143 3163 1466 3239 Macarius,
1519 3162 1579 3224 in
1629 3150 1734 3225 illo
1785 3161 1867 3224 nil
1928 3179 2061 3225 esse

417 3257 977 3428 milI‘lllllﬁumque
999 3344 1038 3406 ii
1059 3343 1478 3427 pervenissent
1498 3342 1573 3405 ad
1605 3341 2057 3423 imperatorem,

417 3435 676 3516 procidit
705 3436 777 3498 ad
811 3437 943 3518 ejus
975 3435 1168 3518 pedes
1193 3433 1377 3496 abbas
1407 3431 1768 3506 Dorotheus,
1795 3431 2005 3494 dicens
2037 3453 2051 3494 :

2224 3073 2584 3138 XX.Paucis
2603 3084 2802 3139 autem
2829 3085 2960 3159 post
2991 3075 3476 3158 diebus,quando
3514 3075 3793 3155 cognovit

2143 3181 2209 3226 se
2237 3181 2376 3227 esse
2407 3183 2440 3227 e
2469 3165 2690 3228 mundo
2723 3164 3038 3242 exituram,
3073 3166 3218 3231 dicit
3246 3165 3449 3229 abbati
3483 3164 3740 3228 Macario
3773 3182 3790 3228 :

2113 3253 2260 3316 Fac
2317 3254 2578 3318 officium
2638 3255 2967 3318 cbaritatis.
3028 3254 3088 3318 Si
3134 3254 3455 3336 contigerit
3485 3272 3641 3318 mee
3677 3254 3795 3316 vita

2143 3343 2546 3422 excedere,ne
2568 3361 2664 3406 me
2681 3353 3044 3427 componant
3064 3344 3368 3408 monachi.
3392 3343 3449 3407 Is
3477 3362 3618 3407 vero
3649 3344 3797 3408 dicit

2142 3432 2223 3495 ei:
2246 3431 2556 3505 Quomodo
2580 3442 2776 3516 potest
2807 3436 2922 3497 hoc
2944 3433 3079 3498 fieri
3099 3433 3131 3495 ‘I
3154 3436 3239 3499 Ea
3266 3443 3466 3498 autem
3506 3452 3796 3497 consum-

413 3526 581 3605 Rogo
607 3533 768 3587 tuam
802 3526 1088 3607 pietatem
1108 3531 1170 3587 ut
1196 3541 1332 3586 cum
1363 3521 1605 3585 silentio
1635 3520 1837 3583 audiat
1861 3520 1937 3583 de
1959 3527 2058 3584 tua
2143 3527 2625 3594 mata,venertint
2648 3525 2842 3586 sancti
2867 3526 3094 3600 Patres,
3119 3533 3185 3586 ut
3203 3533 3478 3586 sanctum
3501 3523 3633 3605 ejus
3663 3541 3795 3587 cor-

413 3613 787 3678 ﬂlia.Eamus
817 3621 1186 3691 seorsum,et
1213 3631 1321 3691 ego
1348 3611 1518 3674 vobis
1546 3609 1800 3681 narrabo
1828 3609 2052 3672 omnia.
2142 3629 2252 3693 pus
2276 3612 2871 3677 lavarent.Viderunt
2900 3623 3094 3677 autem
3130 3631 3262 3677 eam
3285 3631 3420 3676 esse
3442 3632 3587 3676 sexu
3613 3613 3790 3676 femi-

413 3699 545 3765 Non
572 3711 663 3766 est
692 3703 850 3767 enim
881 3703 939 3767 ei
967 3703 1212 3766 allatum
1256 3699 1490 3777 vitium,
1523 3718 1635 3763 nec
1665 3699 1844 3762 habet
1874 3698 2056 3778 quid-
2141 3709 2370 3778 nam,et
2391 3701 3132 3782 exclamarunt,dicentes:
3158 3701 3361 3766 Gloria
3386 3701 3788 3779 tibi,Cbriste,

415 3809 592 3876 quam
621 3793 784 3869 mali,
817 3792 1011 3856 absit!
1049 3794 1371 3873 Postquam
1398 3800 1601 3854 autem
1634 3791 1869 3852 iverunt
1896 3808 2060 3852 seor-
2141 3791 2243 3871 qui
2273 3791 2489 3853 multos
2520 3793 2706 3856 babes
2736 3801 2977 3856 sanctos
3008 3791 3298 3856 occultos.
3336 3793 3678 3855 Admiratus
3698 3800 3792 3855 est

412 3902 547 3947 sum
582 3885 711 3966 ipsa
748 3891 806 3946 et
839 3892 1120 3964 parentes
1164 3883 1316 3962 ejus,
1353 3880 1499 3944 dixit
1529 3881 1616 3942 eis
1649 3900 1663 3941 :
1701 3879 1812 3941 Per
1845 3878 2057 3940 Domi-
2140 3887 2336 3943 autem
2367 3881 2551 3944 abbas
2605 3883 2915 3960 Macarius,
2943 3882 3100 3965 quod
3135 3882 3248 3945 hoc
3280 3881 3397 3944 sibi
3428 3901 3547 3944 non
3579 3881 3792 3944 fuisset

413 3992 556 4037 num
592 3973 918 4056 promittite
950 3971 1119 4048 mihi,
1173 3969 1330 4054 quod
1385 3973 1431 4033 si
1467 3969 1864 4048 cognovet-itis
1895 3969 2054 4031 veri-
2139 3969 2626 4036 revelatum.Una
2656 3989 2800 4035 vero
2831 3983 3006 4036 nocte
3039 3971 3197 4034 videt
3230 3971 3700 4050 visionem,quae
3731 3971 3790 4034 ei

413 4072 618 4137 tatem,
645 4062 962 4125 dimittetis
995 4081 1088 4125 me
1133 4063 1192 4124 in
1229 4063 1424 4124 locum
1459 4078 1686 4123 meum.
1717 4058 1885 4131 Quod
1918 4077 2053 4121 cum
2139 4058 2288 4120 dicit
2322 4061 2452 4124 :Ne
2485 4062 2729 4142 angaris
2761 4071 3096 4143 propterea.
3125 4064 3372 4143 Oportet
3404 4062 3566 4124 enim
3602 4071 3658 4126 te
3689 4081 3790 4126 co-

412 4153 468 4215 ei
501 4149 918 4233 promisissent
947 4152 1272 4235 imperator
1303 4160 1359 4214 et
1392 4151 1525 4231 ejus
1555 4149 1883 4226 uxor,dixit
1914 4149 2001 4210 eis
2035 4170 2048 4210 :
2137 4149 2340 4211 ronari
2372 4169 2504 4212 cum
2539 4153 2766 4214 sanctis
2812 4150 3116 4226 Patribus,
3153 4151 3254 4232 qui
3310 4160 3447 4213 sunt
3477 4169 3510 4212 a
3540 4153 3784 4216 saeculo.

414 4242 528 4318 Qui
562 4249 697 4336 post
733 4241 942 4336 Deum
1001 4259 1204 4336 sanam
1255 4242 1396 4304 fecit
1429 4241 1611 4302 tiliam
1643 4248 1932 4336 vestram,
1961 4237 2390 4336 esto'l‘uncei
2413 4244 2674 4336 narravit
2695 4241 3208 4321 vitam,etnomen
3233 4241 3788 4324 beathllatisque

414 4347 550 4395 mea
582 4331 884 4396 humilitas
947 4350 1053 4413 per
1110 4330 1347 4394 Patrum
1401 4347 1632 4410 preces.
1666 4328 1757 4390 Illi
1787 4348 1927 4391 vero
1961 4331 2055 4391 his
2077 4328 2359 4392 'sanctis
2391 4330 2519 4409 ejus
2549 4332 2980 4413 reliquiiseam
3015 4340 3348 4413 posuerunt
3376 4331 3450 4394 ad
3485 4333 3782 4395 orientem

410 4421 632 4484 auditis
661 4420 1076 4503 obstupefacti,
1113 4437 1386 4482 mansere
1444 4423 1618 4493 muti,
1675 4427 1734 4479 et
1792 4420 2048 4484 attoniti.
2133 4427 2356 4482 sanctae
2378 4421 2740 4497 ecclesiaa,in
2765 4429 2934 4483 antro
2958 4421 3186 4483 abbatis
3211 4421 3448 4484 Macarii
3471 4439 3605 4484 cum
3636 4440 3784 4502 gau-

411 4510 513 4574 Eis
537 4518 739 4574 autem
793 4511 940 4573 dixit
971 4529 984 4574 :
1040 4510 1160 4591 Ego
1191 4529 1294 4572 vos
1326 4508 1401 4572 de
1436 4511 1544 4571 hac
1573 4526 1639 4571 re
1669 4507 1877 4570 faciam
1912 4527 2051 4571 cer-
2135 4509 2232 4571 dio
2266 4517 2323 4570 et
2352 4507 2540 4587 gloria
2571 4528 2761 4590 usque
2793 4511 2852 4572 in
2885 4509 3244 4573 hodiernum
3277 4511 3580 4592 diem,per
3595 4511 3781 4574 Deum

412 4602 615 4677 tiores,
650 4610 944 4684 etaperto
1003 4600 1159 4662 collo
1214 4600 1305 4661 sui
1341 4598 1586 4677 colobii,
1623 4599 1888 4660 ostendit
1913 4617 2049 4660 suas
2135 4608 2193 4660 et
2219 4608 2459 4662 sanctos
2513 4601 2757 4663 Patres:
2794 4609 2853 4663 et
2905 4608 3037 4680 post
3094 4609 3317 4662 sanctas
3349 4600 3782 4664 dormitionem

412 4709 722 4763 mammas,
758 4701 816 4755 et
845 4691 1040 4754 dixit:
1077 4689 1392 4770 Pater,ego
1426 4708 1556 4751 sum
1593 4698 1686 4750 tua
1723 4689 1840 4750 filia
1871 4689 2049 4769 Apol-
2133 4697 2502 4769 peraguntur
2526 4689 2892 4766 curationes,
2921 4693 3111 4769 gratia
3142 4698 3200 4752 et
3223 4691 3544 4754 clementia
3581 4691 3782 4754 Domi-

411 4782 644 4848 linaris.
673 4782 842 4856 Quod
863 4801 998 4845 cum
1031 4781 1335 4844 audissent
1367 4781 1496 4862 ejus
1531 4779 2048 4861 parentes,obstu-
2134 4779 2195 4841 ni
2228 4780 2415 4842 nostri
2469 4781 2609 4843 Jesu
2656 4778 2902 4843 Christi.
2968 4779 3073 4844 Cui
3104 4780 3295 4862 gloria
3329 4789 3388 4842 et
3421 4782 3686 4862 potentia
3720 4781 3782 4843 in

407 4882 692 4959 puerunt,
730 4881 789 4936 et
820 4872 1024 4936 multa;
1054 4870 1197 4933 fusae
1225 4878 1366 4933 sunt
1396 4871 1456 4932 in
1490 4871 1592 4932 illo
1625 4870 1724 4933 die
1755 4871 2046 4951 lacrymaz.
2136 4869 2374 4933 saecula.
2411 4870 2632 4932 Amen.
