4128 6198
277 323 398 394 337

279 549 624 632 διακειμένη,
668 554 833 609 Σισὰν
874 552 929 610 δὲ
986 553 1151 620 αὖτὴν
1194 554 1534 629 ὀνομάζουσι,
1583 551 1677 609 Ἐκ
1721 554 1919 619 ταύτης

273 643 306 697 ὸ
347 644 652 715 Θαυμαστὸς
713 643 932 718 Συμεὼν
1002 642 1153 707 οὗτος
1216 644 1553 718 ὁρμώμενος.
1615 642 1921 715 Ποιμαίνειν

269 728 555 804 θρέμματα
627 732 689 785 τὸ
747 738 956 804 πρῶτον
1026 731 1128 786 ὑπὸ
1198 733 1305 785 τῶν
1363 731 1764 809 γεγεννηκότων
1834 729 1919 785 δι-

269 816 550 893 δάσκεται,
609 818 702 875 ’ἕνα
773 820 859 874 καὶ
915 819 1051 875 κατὰ
1116 828 1269 878 τοῦτο
1317 832 1437 881 τοῖς
1507 817 1762 896 μεγάλοις
1821 821 1920 885 τὴν

267 908 473 986 ἀρετὴν
556 908 777 972 ἰκτίνοις
861 912 1307 987 συναριθμεῖται·
1386 906 1578 965 ’ἰακὼὸ
1661 914 1737 978 τῷ
1808 931 1919 964 πα-

270 994 535 1075 τριάρχῃ,
580 997 742 1074 φημὶ,
789 996 876 1053 καὶ
920 993 1122 1075 Ἰωσὴφ
1165 997 1242 1071 τῷ
1298 996 1546 1073 σώφρονι,
1606 1004 1793 1053 Μωσεϊ
1863 1018 1918 1052 τε

267 1087 351 1159 τῷ
405 1085 691 1162 νομοθέτῃ,
754 1087 842 1141 καὶ
902 1083 1063 1142 Δαϐὶδ
1114 1093 1191 1159 τῷ
1252 1084 1469 1162 βασιλεῖ
1512 1087 1599 1142 καὶ
1643 1087 1917 1165 προφήτῃ,

268 1176 364 1231 καὶ
421 1174 666 1254 Μιχαίᾳ,
731 1178 823 1231 καὶ
924 1187 1044 1240 τοῖς
1119 1173 1237 1231 κατ’
1297 1175 1526 1239 ἐκείνως
1592 1176 1750 1238 θείοις
1823 1174 1920 1230 ἁν-

273 1261 450 1341 δράσι,

354 1358 440 1429 γ’.
476 1360 702 1431 Νιφετοῦ
758 1350 813 1408 δέ
872 1373 1004 1409 ποτε
1057 1351 1259 1411 πολλοῦ
1314 1352 1623 1430 γενομένου,
1675 1355 1759 1411 καὶ
1814 1356 1922 1409 τῶν

1392 332 1579 395 νΙΤΑ
1623 331 1683 393 S.
1730 330 2111 396 SYMEONIS
2152 334 2524 398 STYLITE.

358 465 438 540 β’.
488 463 659 536 Κώμη
722 465 802 529 τίς
872 463 983 521 ἐστι
1047 463 1243 538 μεταξὺ
1300 464 1478 541 Σύρων
1534 462 1629 520 καὶ
1692 462 1980 521 Κιλίκωνλ

3530 339 3644 406 338

2084 473 2141 527 2.
2176 468 2359 530 Vicus
2388 469 2628 548 quidam
2654 471 2809 533 inter
2839 471 3075 551 Syriam
3108 478 3165 535 et
3195 471 3462 537 Ciliciam
3495 474 3645 537 situs

2005 556 2336 627 est,incolze
2358 558 2546 619 Sisam
2582 558 2661 637 (t)
2697 561 3007 621 nominant
3041 579 3055 621 :
3094 579 3164 623 ex
3194 561 3297 623 illo
3332 561 3642 626 admiran-

2005 642 2116 705 dus
2148 645 2243 706 hic
2273 648 2527 724 Symeon
2560 647 2846 709 oriundus
2888 648 3023 714 fuit.
3071 650 3160 711 Ac
3211 651 3468 730 primum
3502 650 3643 732 qui-

2005 732 2140 794 dem
2174 751 2207 793 a
2237 734 2580 813 parentibus
2629 754 2766 797 oves
2799 755 3048 816 pascere
3078 738 3348 815 docetur,
3383 745 3447 800 ut
3478 739 3538 800 in
3569 758 3641 803 eo

2006 838 2352 899 magnarum
2383 822 2683 903 quondam
2705 824 2985 887 virtutum
3018 826 3157 889 viris
3186 826 3637 903 adnumeratur,

2002 908 2203 984 Jacob,
2260 911 2529 991 inquam,
2566 913 2933 991 patriarchae,
2997 916 3217 996 Ioseph
3281 915 3636 993 continenti,

2002 998 2189 1075 Moysi
2220 1000 2564 1079 legislatori,
2600 1001 2806 1063 Davidi
2835 1004 2961 1082 regi
2994 1012 3052 1065 et
3103 1003 3431 1084 prophetae,
3462 1013 3527 1066 ut
3582 1015 3641 1069 et

2002 1086 2264 1238 gicheas,
2287 1090 2655 1189 .caaterisque
2688 1091 2929 1154 demum
2963 1092 3358 1155 sanctissimis
3388 1093 3520 1173 ejus
3541 1113 3635 1158 or-

2049 1196 2163 1238 Illis
2192 1196 2356 1238 mis.

2049 1196 2163 1238 InlS
2192 1196 2356 1241 \‘ll'lS.

2082 1358 2140 1415 3.
2175 1357 2323 1416 Cum
2356 1371 2494 1416 vero
2526 1355 2843 1436 aliquando
2875 1357 2951 1419 ob
2991 1357 3234 1419 nimiam
3266 1359 3383 1420 vim
3415 1360 3637 1424 nivium

265 1440 556 1520 προϐάτων
586 1440 732 1498 ἔνδον
781 1441 959 1516 μένειν
1011 1441 1455 1521 ἠναγκασμένων,
1505 1441 1714 1522 σχολῆς
1775 1442 1915 1497 ἀπο-

2010 1462 2038 1504 e
2062 1443 2210 1505 caelo
2243 1442 2539 1504 labentem
2589 1462 2728 1506 oves
2777 1446 2940 1507 domi
2973 1465 3216 1509 manere
3252 1457 3634 1528 cogerentur,

264 1530 498 1604 λαύαας,
556 1533 630 1595 εἷς
673 1532 762 1588 τὸν
805 1534 950 1587 θεῖον
996 1532 1127 1586 νεὼν
1162 1532 1297 1605 μετὰ
1339 1538 1443 1588 τῶν
1487 1531 1749 1587 τεκόντων
1807 1529 1915 1607 ἀφ-

2010 1532 2182 1592 otium
2221 1539 2428 1593 nactus
2456 1531 2528 1593 ad
2561 1551 2787 1596 sacram
2836 1535 3147 1598 ecclesiam
3199 1555 3333 1598 cum
3366 1540 3638 1617 parenti-

265 1621 442 1681 ίγ.ετο.
500 1625 609 1686 Τῆς
667 1618 1022 1698 εὖαγγελικῆς
1054 1619 1223 1675 τοίνυν
1277 1624 1459 1698 φωνῆς
1504 1620 1755 1691 ἀκούσας,
1804 1640 1915 1693 μα-

2010 1620 2110 1681 bus
2167 1621 2463 1682 concessit
2513 1641 2528 1681 :
2592 1621 2714 1684 illic
2774 1643 2909 1685 cum
2967 1642 3173 1686 vocem
3238 1627 3637 1706 evangelicam

262 1710 587 1783 καριζούσης
672 1708 771 1783 μὲν
863 1710 986 1771 τοὺς
1061 1707 1344 1771 κλαίοντας
1426 1709 1515 1764 καὶ
1574 1711 1912 1776 πενθοῦντας,

2010 1708 2373 1782 inaudiisset,
2402 1729 2533 1789 quae
2563 1711 2835 1790 lugentes
2866 1721 2923 1775 et
2952 1714 3163 1776 ﬂentes
3217 1713 3426 1778 beatos
3480 1734 3635 1797 pras-

264 1797 480 1862 ἆθλέους
529 1795 584 1853 δὲ
642 1798 761 1861 τοὺς
822 1796 1095 1875 γελῶντας
1142 1796 1539 1871 ἀποκαλούσης,
1588 1797 1676 1852 καὶ
1730 1793 1914 1864 ζηλω-

2010 1797 2174 1870 rlicat,
2209 1798 2478 1860 infelices
2509 1817 2648 1861 vero
2679 1801 2948 1864 ridentes
3006 1804 3338 1879 denuntiat,
3370 1793 3637 1886 itemque

263 1887 393 1950 τοὺς
440 1887 801 1961 ὀνομαζούσης
872 1888 993 1948 τοὺς
1038 1886 1137 1954 τήν
1182 1886 1367 1964 ψυχήν
1428 1885 1657 1961 καθαρὰν
1709 1903 1914 1948 κεντη-

2010 1885 2327 1950 imitatione
2358 1886 2569 1966 dignos
2619 1907 2829 1952 omnes
2859 1892 2964 1971 qui
3010 1891 3232 1954 mundo
3263 1900 3403 1955 sunt
3429 1885 3635 1971 corde,

267 1974 491 2053 μένους,
537 1978 625 2032 καὶ
682 1976 748 2032 τὰ
803 1974 938 2030 ἄλλα
996 1972 1094 2030 ὅσα
1124 1974 1330 2037 τούτοις
1366 1972 1721 2044 συνέζευκται,
1756 1969 1914 2046 ἤρετό

2010 1982 2061 2036 et
2090 1994 2462 2056 quaecunque
2490 1976 2586 2038 his
2617 1978 2837 2039 similia
2866 1969 3144 2059 adjuncta
3172 1991 3353 2057 sunt;
3388 1999 3573 2044 unum
3605 1969 3640 2045 e

267 2086 391 2120 τινα
453 2070 561 2119 τῶν
617 2065 892 2140 παρόντων
927 2080 942 2098 ·
1015 2063 1064 2117 τί
1120 2062 1182 2117 ἄν
1238 2083 1317 2124 τις
1386 2062 1642 2131 ποιήσας,
1711 2059 1914 2115 τούτων

2010 2064 2397 2143 praesentibus
2454 2066 2859 2145 interrogavit,
2930 2069 3144 2150 ecquid
3194 2070 3332 2149 quis
3362 2070 3636 2135 faciendo

265 2153 497 2209 ἕκαστον
539 2154 851 2224 κτήσαιτο;
901 2153 1002 2209 Τὸν
1063 2149 1142 2222 δὲ,
1202 2152 1291 2223 (ην
1340 2152 1440 2227 γὰρ
1486 2150 1570 2203 καὶ
1628 2151 1804 2220 οὗτος,
1839 2150 1911 2209 ὡς

2010 2154 2214 2216 horum
2249 2152 2481 2233 singula
2503 2165 2975 2237 consequeretur
2998 2149 3174 2239 ;tum
3228 2158 3398 2234 alter,
3429 2162 3527 2240 qui
3578 2169 3639 2223 et

273 2240 452 2297 ἔοικεν
502 2240 731 2318 ξργατης
762 2246 860 2307 τῆς
892 2241 1105 2315 ἀρετῆς)
1147 2239 1239 2293 τὸν
1287 2234 1576 2310 μοναδικὸν
1634 2240 1776 2309 αὐτῷ
1806 2235 1918 2311 βίον

2010 2242 2260 2315 virtutis,
2311 2251 2375 2303 ut
2403 2252 2671 2323 apparet,
2706 2234 2899 2306 cultor
2958 2234 3108 2320 erat,
3164 2234 3546 2310 monasticam
3581 2248 3638 2311 ei

275 2330 661 2408 ὗπαγορεῦσαι,
713 2331 801 2385 καὶ
846 2327 943 2393 τὴν
1013 2325 1178 2404 ἄκραν
1234 2326 1444 2393 εκείνην
1495 2322 1768 2389 ὅποδεϊξαι
1822 2346 1916 2402 φι-

2010 2332 2179 2392 vitam
2216 2331 2448 2407 suadet,
2484 2322 2763 2412 ejusque
2818 2334 3133 2397 sublimem
3198 2335 3635 2415 philosophiam

276 2416 556 2497 λοσοιρίαν,

361 2505 432 2565 δ’.
481 2503 773 2576 Δεξάμενος
805 2505 977 2560 τοίνυν
1006 2510 1098 2559 τοῦ
1150 2503 1287 2558 θείου
1328 2499 1487 2577 λόγου
1517 2501 1583 2556 τὰ
1612 2499 1915 2579 σπέρματα,

274 2599 377 2652 καὶ
407 2606 529 2650 ταῖς
559 2595 792 2669 βαθείαις
823 2597 922 2660 τῆς
954 2596 1139 2670 ψυχῆς
1174 2588 1356 2655 αῧλαξι
1388 2591 1551 2646 ταῦτα
1569 2589 1797 2666 κρύψας,
1832 2588 1919 2645 ἐπὶ

274 2685 369 2739 τὸν
412 2680 638 2748 πλητίον
685 2686 794 2738 τῶν
850 2686 1004 2759 ἱερῶν
1069 2679 1343 2758 μαρτύρων
1402 2676 1695 2755 ἀποτρέχει
1768 2676 1913 2738 ναόν,

274 2770 369 2828 Ἐν
398 2773 574 2843 τούτῳ
605 2768 659 2825 δὲ
690 2776 759 2845 τῇ
790 2777 863 2847 γῇ
891 2771 953 2826 τὸ
983 2768 1232 2843 μέτωπον
1260 2768 1349 2823 καὶ
1391 2767 1458 2822 τὰ
1501 2766 1700 2843 γόνατα
1744 2787 1916 2842 πρεσ-

272 2862 478 2936 ερείσας
555 2859 777 2916 ἱκετεύει
861 2862 954 2915 τὸν
1044 2858 1248 2920 πάντας
1330 2855 1637 2927 ἀνθρώπους
1728 2855 1916 2925 σώζειν

269 2947 541 3023 ἐθέλοντα,
604 2946 872 3026 ὁδηγῆσαι
941 2948 1099 3006 αὐτὸν
1171 2947 1301 3023 πρὸς
1369 2944 1470 3007 τὴν
1554 2941 1759 2999 τελείαν
1816 2947 1915 3009 τῆς

272 3033 539 3099 εὖσεὸείας
585 3034 703 3093 ὁδόν
738 3052 753 3067 ⁸
814 3035 899 3093 ἐπὶ
954 3034 1090 3092 πολὺ
1161 3031 1214 3090 δὲ
1278 3040 1461 3090 τοῦτον
1504 3029 1780 3108 διατρίψας
1824 3032 1917 3087 τὸν

272 3126 493 3201 τρόπον,
525 3124 881 3183 ύπολισθαίνει
925 3123 1029 3193 ἤδη
1087 3124 1217 3201 πρὸς
1273 3122 1463 3199 ὕπνον,
1508 3118 1633 3197 ὄναρ
1663 3118 1718 3174 δὲ
1768 3118 1916 3176 τόνδε

275 3215 391 3291 ὁρᾷ.
455 3213 721 3293 Ὀρύττειν
779 3213 951 3271 ἐδόκει
1006 3211 1249 3285 θεμέλια,
1313 3212 1436 3268 εἶτά
1485 3235 1628 3276 τινος
1684 3216 1915 3275 ἑστῶτος

273 3303 509 3375 ἀκούειν,
562 3306 634 3368 ὡς
685 3302 763 3360 ’ἐτι
824 3304 1063 3379 βαθύνειν
1109 3303 1171 3358 τὸ
1218 3301 1425 3379 ὄρυγμα
1454 3300 1563 3364 δεῖ.
1596 3305 1913 3380 Προστεθει-

273 3392 386 3456 κὼς
430 3392 602 3448 τοίνυν
645 3393 718 3457 ὡς
773 3389 1019 3449 ἐκέλευσε
1068 3391 1251 3467 βάθος,
1313 3388 1475 3445 πάλιν
1529 3390 1775 3467 ἐπειρᾶτο
1831 3386 1917 3444 δι-

276 3481 638 3538 αναπαύεσθαι
671 3500 685 3515 ⁸
722 3479 860 3536 ἀλλὰ
888 3481 976 3537 καὶ
1008 3480 1154 3543 αὖθις
1187 3477 1425 3556 ὀρύττειν
1456 3478 1600 3552 αὖτῷ
1634 3476 1917 3555 προσέτατο

276 3591 366 3626 τεν
408 3572 440 3626 ὁ
482 3570 685 3649 φανεὶς,
730 3570 817 3626 καὶ
862 3569 941 3645 μὴ
984 3568 1169 3644 λήγειν
1212 3573 1306 3623 τοῦ
1352 3567 1536 3627 πόνου.
1572 3568 1690 3645 Τρὶς
1747 3564 1801 3621 δὲ
1831 3566 1920 3622 γαί

274 3659 519 3738 τετράκις
576 3664 733 3716 τοῦτο
800 3658 1205 3736 παρεγγυήσας,
1268 3655 1423 3720 τέλος
1512 3653 1696 3721 ἐπειδὴ
1778 3653 1920 3731 παρὰ

275 3748 376 3812 τήν
430 3754 526 3805 τοῦ
593 3748 782 3823 βάθους
828 3742 1128 3823 ὑπερϐολὴν
1199 3743 1297 3821 οὔχ
1353 3744 1474 3800 οἶόν
1530 3765 1587 3799 τε
1649 3744 1714 3811 ἦν
1758 3741 1918 3799 πλέον

279 3838 547 3915 ὀρύττειν,
603 3836 967 3915 ἀποχρώντως
1010 3832 1129 3913 εἶχ’
1176 3832 1276 3910 ἔφη
1320 3834 1382 3889 τὸ
1440 3832 1619 3910 βάθος,
1654 3833 1740 3888 καὶ
1770 3833 1920 3887 οἰκο-

273 3924 467 3999 δομεῖν
521 3923 765 3981 ἐκέλευσε
819 3931 912 3980 τοῦ
968 3922 1178 3997 λοιποῦ,
1243 3924 1317 3986 ὡς
1381 3920 1639 3990 λήξαντός
1690 3942 1746 3976 τε
1779 3922 1922 3993 αὖτῷ

274 4020 371 4071 τοῦ
421 4016 586 4070 πόνου
640 4016 730 4070 καὶ
798 4018 898 4080 τῆς
974 4009 1274 4086 οἰκοδομίας
1337 4009 1604 4085 ἑπομένης
1662 4008 1920 4072 εὒκόλως.

277 4104 460 4179 Ταύτῃ
516 4109 585 4179 τῇ
645 4100 930 4181 προῤῥήσει
973 4100 1039 4158 τὰ
1084 4100 1370 4178 πράγματα
1413 4111 1670 4176 μαρτυρεῖ
1705 4115 1720 4129 ’
1769 4097 1922 4154 τοῦτο

281 4194 383 4272 γὰρ
426 4193 516 4248 καὶ
548 4194 582 4260 ἡ
614 4189 737 4267 ὄψις
768 4188 959 4260 ἐδήλου
997 4189 1078 4245 ὅτι
1134 4187 1268 4266 πέρα
1317 4209 1375 4244 τε
1427 4192 1526 4253 τῆς
1556 4187 1761 4265 φύσεώς
1804 4189 1922 4244 ἔστι

279 4283 346 4338 τᾶ
399 4280 681 4357 γινόμενα,
729 4281 821 4337 καὶ
861 4278 942 4334 ὅτι
985 4278 1119 4353 μετὰ
1170 4277 1291 4340 τοὺς
1350 4277 1638 4354 ὑπερφυεῖς
1698 4275 1928 4338 ἐκείνους

283 4371 480 4434 πόνους
510 4370 600 4433 οὒς
633 4370 730 4437 τὴν
760 4368 938 4447 ἀρχὴν
972 4370 997 4423 ὃ
1028 4366 1249 4440 Συμεὼν
1288 4366 1614 4442 ἠγωνίσατο,
1646 4364 1780 4421 κατὰ
1810 4364 1931 4441 ρουν

287 4462 316 4516 ὁ
346 4459 639 4524 ἀσκητικὸς
673 4457 814 4532 αὖτῴ
841 4454 1241 4525 διανυσθήσεται
1274 4453 1411 4529 βίος,

368 4645 445 4703 ε’.
478 4645 718 4702 Ἐκεῖθεν
771 4645 800 4699 ὃ
856 4642 1076 4716 Συμεὼν
1106 4640 1360 4711 ἀναστὰς,
1395 4637 1485 4694 ἐπὶ
1518 4640 1578 4695 τὸ
1609 4639 1926 4715 ἐκγειτόνων

292 4738 544 4803 ἀσκητῶν
598 4754 765 4789 τινων
819 4731 1160 4808 καταγώγιον
1204 4724 1530 4804 μεταϐαίνει,
1568 4729 1672 4784 Δύο
1717 4727 1771 4784 δὲ
1803 4750 1929 4783 συν-

293 4826 511 4903 αγαγὼν
568 4824 772 4887 τούτοις
839 4820 936 4887 ἔτη
994 4820 1080 4875 καὶ
1164 4815 1490 4895 τελεωτέρας
1548 4816 1740 4895 ἀρετῆς
1801 4816 1927 4893 ἐρα-

292 4916 454 4991 σθεὶς,
512 4908 738 4970 Τελεδαν
792 4909 997 4974 ἐκείνην
1068 4908 1167 4975 τὴν
1239 4906 1432 4979 κώμην
1502 4903 1925 4982 καταλαμϐάνει,

394 5001 410 5021 9
460 4999 484 5023 Α
888 4998 900 5011 ‘
923 5018 943 5030 ρ
999 4996 1016 5019 9
1160 4992 1184 5012 δ
1300 5014 1320 5028 ρ
1399 4992 1413 5011 \
1547 4994 1573 5005 θ
1685 4993 1699 5011 \
1826 4992 1840 5012 9
1900 5000 1919 5010 υ

292 5008 388 5058 καθ
453 5024 519 5067 ην
563 5001 591 5055 ὁ
648 5001 943 5068 θαυμαστο,
1020 4994 1321 5071 Ηὶιόοωρο,
1360 5014 1458 5059 την
1503 5014 1608 5049 των
1651 5015 1742 5049 συν
1787 5015 1930 5067 αυτῳ

374 5167 456 5248 (t)
485 5163 897 5228 Theodoretus
928 5162 1116 5227 Sesan
1145 5159 1551 5223 vocat.Gra:ce
1577 5159 1674 5221 hic
1708 5166 1798 5223 est
1828 5168 1929 5217 Σι-

296 5270 412 5308 σαν.

366 5325 508 5396 (2-3)
540 5323 695 5396 Fuse
712 5321 1065 5396 describitur
1084 5319 1477 5396 Teledaesitps
1498 5318 1570 5396 23
1587 5319 1783 5396 Jortin
1815 5320 1927 5396 vita

300 5397 352 5454 S.
375 5389 639 5455 Eusebii.
677 5394 740 5451 In
773 5394 883 5450 vita
913 5392 969 5448 S.
1023 5391 1281 5448 Danietis
1309 5389 1522 5461 Stylitaa
1553 5392 1614 5445 11
1655 5390 1926 5448 Decemb.

302 5470 546 5546 Telada,
577 5464 844 5546 Τελλάδαν
871 5462 1110 5546 dicitur.

370 5549 455 5618 (4)
486 5539 1071 5618 Theodoretusaddit
1106 5554 1224 5618 no_t_i
1266 5539 1593 5618 ingressum
1626 5553 1774 5618 “esse
1829 5539 1931 5618 Sy:

310 5610 564 5678 meonem
595 5615 1013 5683 monasterium
1039 5611 1097 5671 S.
1168 5610 1425 5682 Eusebii,
1456 5610 1558 5668 sed
1590 5610 1749 5671 aliud
1778 5610 1933 5683 quod

2002 2419 2282 2482 ostendit.

2060 2506 2595 2587 4.Symeon,igitur
2615 2512 2875 2591 acceptis
2898 2510 3078 2573 divini
3097 2511 3257 2574 verbi
3275 2510 3634 2585 seminibus,

2001 2597 2194 2676 iisque
2224 2597 2285 2658 in
2317 2597 2541 2659 intimis
2587 2599 2770 2660 animi
2819 2600 3165 2662 recessibus
3194 2599 3527 2675 absconsis,
3559 2600 3635 2661 ad

2005 2691 2336 2766 proximum
2366 2705 2669 2749 sacrorum
2724 2696 3050 2769 martyrum
3106 2689 3390 2770 templum
3419 2687 3636 2751 confu-

2002 2775 2108 2855 git,
2142 2774 2264 2836 illic
2295 2775 2447 2837 facie
2477 2784 2536 2836 et
2564 2775 2818 2854 genibus
2850 2778 2911 2838 in
2946 2784 3163 2841 terram
3196 2777 3635 2851 defixis,Deum

2000 2864 2102 2944 qui
2133 2881 2342 2925 omnes
2372 2863 2646 2927 homines
2675 2866 2902 2928 salvare
2931 2867 3094 2947 cupit
3126 2874 3425 2947 precatur,
3469 2872 3536 2927 ut
3562 2866 3638 2928 ad

1999 2961 2224 3014 rectam
2249 2952 2483 3032 pietatis
2502 2953 2655 3015 viam
2680 2953 3075 3035 dirigat.Huic
3095 2954 3186 3018 rei
3201 2955 3343 3017 dum
3364 2954 3637 3034 aliquan-

2000 3041 2102 3104 diu
2126 3042 2694 3123 intendit,paulatim
2723 3047 2783 3105 in
2806 3063 3080 3107 somnum
3104 3044 3498 3119 delabitur,ac
3521 3043 3638 3105 tale

1932 3181 1976 3232 α
2000 3132 2242 3232 demum
2256 3131 2443 3230 visum
2469 3133 3214 3232 cognoscit,Fundamenta
3231 3132 3503 3232 quaedam
3520 3131 3637 3194 sibi

2002 3218 2266 3281 eifodere
2295 3219 2454 3281 visus
2484 3219 2833 3294 est,deinde
2863 3220 2940 3284 ab
2966 3230 3196 3284 astante
3229 3220 3486 3302 quodam
3522 3237 3636 3282 au-

2001 3308 2151 3380 dire,
2185 3316 2249 3369 ut
2282 3308 2498 3371 fossam
2529 3309 2722 3371 adhuc
2753 3310 2928 3372 altius
2981 3310 3240 3374 eﬂ‘odiat.
3276 3310 3424 3373 Cum
3457 3309 3640 3389 igitur

1995 3397 2143 3476 jam,
2178 3398 2262 3457 uti
2287 3398 2520 3476 jussum
2555 3398 3083 3471 fuerat,eﬁ‘ossioni
3113 3395 3641 3477 institisset,caapit

2001 3484 2074 3546 ab
2096 3503 2280 3564 opere
2302 3485 2791 3565 quiescere.Cum
2819 3504 2958 3549 ecce
2981 3488 3320 3567 rursus,qui
3350 3503 3641 3566 apparue-

2001 3581 2111 3649 rat,
2146 3574 2397 3636 ulterius
2427 3574 2692 3637 effodere
2714 3574 2910 3654 jubet,
2945 3593 3139 3655 neque
3166 3574 3240 3637 ab
3288 3592 3470 3654 opere
3499 3591 3637 3636 ces-

2002 3680 2156 3724 sare.
2185 3660 2329 3726 Cum
2364 3664 2539 3725 tertio
2571 3680 2640 3724 ac
2661 3670 2873 3740 quarto
2893 3662 3004 3725 hoc
3023 3663 3152 3725 fieri
3175 3661 3537 3736 mandasset,
3571 3678 3642 3723 ac

2003 3750 2242 3813 tandem
2269 3751 2344 3813 ob
2388 3751 2634 3813 nimiam
2666 3752 2841 3814 fossae
2869 3751 3333 3831 profunditatem
3385 3749 3644 3829 amplius

2006 3840 2209 3902 fodere
2233 3858 2349 3901 non
2381 3840 2626 3910 valeret,
2653 3841 2795 3901 satis
2811 3841 2938 3920 jam
2963 3840 3245 3901 effossum
3269 3856 3404 3901 esse
3430 3836 3643 3899 decla-

2002 3938 2195 4000 rat,ac
2225 3928 2541 3990 aediﬁcium
2577 3928 2724 3989 strui
2750 3928 3026 4007 imperat,
3049 3936 3249 4007 neque
3280 3945 3351 3989 eo
3381 3944 3416 3987 a
3437 3924 3642 3987 labore

1995 4019 2119 4097 jam
2156 4026 2424 4079 cessante
2453 4017 2756 4078 difficilem
2787 4015 3076 4096 deinceps
3128 4015 3257 4076 fore
3284 4022 3640 4076 structuram

2007 4104 2390 4169 monet.Huic
2422 4104 2697 4167 vaticinio
2721 4103 3035 4184 respondit
3061 4101 3644 4182 eventus.Signiﬁca-

2009 4194 2112 4256 bat
2143 4194 2301 4256 enim
2362 4194 2530 4268 visio,
2592 4192 2751 4273 quod
2782 4196 2942 4273 'quae
2995 4192 3282 4273 deinceps
3328 4191 3403 4254 ab
3435 4209 3506 4253 eo
3534 4207 3642 4269 ge-

2013 4291 2102 4344 sta
2132 4289 2269 4344 sunt
2321 4292 2550 4345 naturae
2607 4284 2829 4345 limites
2878 4281 3257 4345 excederent.
3315 4279 3646 4345 Monastica

2014 4372 2174 4433 enim
2204 4372 2317 4433 vita
2350 4381 2483 4452 post
2510 4370 2762 4434 eximios
2792 4371 2925 4433 illos
2960 4370 3375 4447 labores,quos
3399 4370 3460 4431 in
3481 4370 3645 4451 prin-

2016 4461 2171 4541 cipio
2206 4461 2472 4523 exercuit
2528 4460 2807 4541 Symeon,
2862 4459 2950 4521 illi
3004 4477 3075 4520 ex
3132 4458 3318 4522 animi
3347 4457 3645 4521 sententia

1947 4536 1993 4588 ί)
2010 4536 2322 4612 successit.

2050 4639 2260 4702 5.1nde
2285 4658 2418 4701 cum
2442 4638 2901 4713 surrexisset,ad
2925 4638 3180 4700 vicinum
3210 4638 3640 4699 monachorum

2012 4737 2228 4791 ccetum
2253 4728 2511 4804 divertit;
2536 4728 2637 4790 ubi
2659 4727 2903 4789 biennio
2938 4734 3365 4806 commoratus,
3402 4726 3643 4807 perfec-

2012 4817 2183 4879 tioris
2202 4817 2432 4878 virtutis
2451 4817 2704 4898 cupidus
2724 4816 2786 4878 in
2801 4817 3079 4879 Teledam
3107 4816 3473 4895 t2-3)pagum
3498 4833 3644 4876 con-

2014 4906 2216 4974 cessit;
2249 4906 2309 4966 in
2333 4925 2450 4986 quo
2471 4905 2806 4968 admirabili
2827 4906 2953 4967 viro
2971 4905 3296 4969 Heliodoro
3320 4905 3398 4985 (41
3427 4922 3643 4967 mona-

2012 4996 2260 5057 chorum
2323 5013 2465 5057 cura
2511 5005 2640 5058 erat
2690 4994 3055 5069 concredita,
3089 4994 3191 5075 qui
3220 5012 3254 5055 e
3283 4994 3552 5075 quinque
3582 4999 3645 5052 et

2012 5177 2083 5220 ex
2114 5178 2180 5220 eo
2210 5162 2567 5234 germinavit,
2598 5161 2934 5234 aedificatum
2964 5162 3035 5218 ab
3068 5160 3360 5234 Eusebona
3407 5166 3461 5215 et
3496 5155 3637 5234 Ab_i-

2016 5243 2170 5303 tono,
2201 5226 2413 5305 quibus
2440 5226 2561 5305 vita
2596 5232 2818 5305 functis
2853 5234 3129 5305 successit
3159 5230 3527 5305 Heliodorus.
3561 5226 3642 5281 De

2016 5306 2123 5361 hoc
2154 5299 2352 5361 autem
2410 5303 2716 5360 Heliodoro
2772 5317 2945 5372 agere
3012 5300 3255 5372 videtur
3293 5299 3644 5372 Sozomenus

2012 5375 2114 5431 lib.
2146 5387 2225 5439 v1,
2255 5390 2380 5445 cap.
2413 5372 2483 5430 33
2513 5382 2569 5432 et
2608 5376 2698 5447 3},
2730 5368 2837 5447 ubi
2860 5373 3117 5428 celebres
3147 5368 3467 5447 leesyrim
3519 5379 3646 5421 mo-

2012 5447 2229 5519 nachos
2278 5454 2555 5519 recenset.
2616 5445 3014 5519 Theodoretus
3041 5455 3176 5519 cum
3224 5454 3291 5495 eo
3342 5445 3636 5519 egissese,

2011 5515 2705 5644 :jusque'stittwlicitatem
2755 5523 2810 5573 et
2838 5514 3019 5571 animi
3051 5512 3350 5584 puritatem
3384 5506 3645 5571 admira-

2039 5601 2136 5644 um
2168 5601 2277 5644 scr:
2327 5603 2344 5643 ι
2376 5630 2389 5644 .

2013 5594 2136 5645 tum
2168 5587 2389 5645 scribit.
