4080 6204
444 314 561 385 339

1719 318 2000 386 MENSIS
2055 318 2510 386 JANUARIUS.

3681 314 3797 382 340

447 460 749 540 sexaginta
802 456 1021 541 quibus
1080 458 1302 520 vixerat
1361 461 1554 537 annis,
1611 457 1855 520 totidem
1889 459 2077 519 tribus

2186 459 2475 514 πεπίστευτο
2520 455 2863 533 προστασίαν,
2897 453 2955 518 ὅς
3011 451 3106 520 ἔτη
3152 451 3248 528 μὲν
3311 449 3466 508 πέντε
3525 451 3614 507 καὶ
3674 448 3803 521 ἐξή-

443 548 723 630 demptis,
760 567 825 610 se
885 548 946 608 in
1008 547 1159 608 cella
1215 547 1617 618 concluserat,
1680 554 1800 609 tres
1831 548 1989 608 enim
2024 546 2087 607 in

444 639 598 700 lacte
628 646 687 699 et
730 636 985 698 infantili
1044 635 1412 696 institutione
1440 636 1854 715 consumpsit;
1889 654 2022 697 nam
2055 655 2089 696 a

444 728 622 789 tertio
654 725 840 786 aetatis
873 742 1027 784 anno
1060 741 1093 783 a
1123 721 1465 802 parentibus
1496 722 1619 785 Deo
1646 738 1737 785 est
1765 742 2086 785 consecra-

452 823 569 890 tus,
604 821 661 876 et
714 814 874 874 hunc
929 810 1345 872 admirabilem
1388 813 1815 874 monachorum
1847 832 2085 892 gregem

445 904 751 982 ingressus
786 908 892 962 est.
927 898 1029 961 Vir
1080 900 1175 962 hic
1227 901 1498 980 exemplo
1560 902 1756 978 magni
1785 901 1949 963 illius
1981 899 2086 962 Ja-

451 991 562 1053 cob
595 988 848 1070 simplex
910 997 1058 1064 erat,
1091 1007 1159 1051 ac
1218 1008 1286 1050 eo
1348 989 1586 1050 demum
1623 989 2090 1052 mansuetudinis

449 1098 517 1141 ac
570 1077 808 1158 pietatis
866 1086 1241 1157 pervenerat,
1274 1084 1337 1138 ut
1366 1077 1654 1140 asceticas
1685 1078 1846 1156 leges
1871 1095 2087 1158 super;

450 1184 710 1249 gressus,
771 1167 1046 1228 homines
1099 1185 1305 1227 omnes
1359 1167 1522 1227 omni
1554 1167 1834 1229 virtutum
1866 1185 2090 1246 genere

451 1264 781 1337 superaret,
837 1273 905 1316 ac
953 1253 1069 1335 ipsi
1116 1254 1240 1316 Deo
1285 1254 1523 1316 demum
1581 1256 1946 1336 propinquus
1978 1257 2087 1315 ﬁc-

451 1353 567 1408 ret.

532 1438 591 1496 6.
626 1434 719 1497 Ad
753 1435 910 1496 hunc
934 1433 1309 1512 quinquertio
1340 1439 1541 1493 noster
1575 1431 1951 1511 perveniens,
1987 1431 2089 1494 ille

453 1523 688 1605 pietatis
715 1530 966 1584 certator
986 1521 1191 1581 decem
1218 1539 1277 1581 in
1310 1519 1420 1581 hoc
1449 1519 1743 1599 spirituali
1765 1520 2090 1580 certamine

455 1612 744 1691 transegit
772 1628 958 1672 annos
991 1629 1005 1670 :
1042 1610 1139 1689 qui
1168 1628 1298 1669 cum
1329 1608 1625 1686 octoginta
1658 1608 2091 1669 commilitones

453 1701 940 1771 haberet,omnes
955 1699 1217 1773 anteivit;
1244 1697 1495 1777 aliisque
1515 1706 1644 1777 post
1664 1697 1908 1758 biduum
1929 1715 2090 1757 sem-

2168 567 2329 602 κοντα
2371 541 2569 618 διεϐίω,
2618 543 2846 599 τοσαῦτα
2912 540 2966 597 δὲ
3010 544 3168 618 τριῶν
3224 539 3452 596 δεόντων
3497 541 3551 595 ἓν
3588 540 3810 610 οἱκίσκῳ

2168 637 2450 711 καθεῖρκτο
2488 652 2501 666 ⁸
2538 635 2702 688 ταῦτα
2728 632 2828 710 γὰρ
2858 634 3001 705 αὒτῷ
3031 631 3097 686 τᾶ.
3128 630 3243 707 τρία
3274 629 3327 685 ἐν
3359 629 3585 707 γάλακτι
3621 626 3812 705 ἐτρῖϐη

2172 724 2255 779 καὶ
2316 720 2595 785 παιδικαϊς
2653 721 2898 798 ἀγωγαῖς
2935 740 2949 757 ο
2997 722 3130 793 ὁμοῦ
3172 739 3230 774 τε
3261 719 3360 797 γὰρ
3390 718 3564 795 τρίτον
3595 716 3712 782 ἔτος
3749 718 3815 784 ἦν

2171 813 2430 888 γεγονὼς,
2477 812 2560 866 καὶ
2623 807 2786 886 δῶρον
2834 808 2977 869 εὐθὺς
3012 808 3152 884 παρά
3181 812 3289 863 τῶν
3329 806 3593 862 τεκόντων
3651 806 3811 871 ἀνέθη

2172 907 2308 974 Θεῷ,
2373 899 2466 955 καί
2525 900 2623 965 τὴν
2683 898 2975 971 θαυμασίαν
3006 896 3209 975 ἀγέλην
3251 893 3553 964 εἰσελήλυθε
3584 896 3810 961 ταύτην.

2171 988 2336 1065 Ἀνὴρ
2396 991 2544 1052 οὗτος
2579 985 2848 1049 ἄπλαστος
2896 987 3014 1061 μὲν,
3050 986 3189 1041 κατά
3246 986 3335 1040 τὸν
3382 983 3550 1061 μέγαν
3607 984 3815 1041 ἐκεῖνον

2171 1079 2263 1135 καί
2314 1078 2598 1151 θαυμάσιον
2656 1072 2871 1149 Ἰακὼϐ,
2908 1075 3213 1153 πρᾳότητος
3276 1072 3331 1129 δὲ
3385 1075 3473 1129 καὶ
3502 1074 3815 1150 καθαρότη-

2171 1189 2261 1230 τος
2319 1168 2391 1229 εἷς
2447 1166 2600 1222 τουτο
2660 1164 2879 1236 ἐλάσας,
2913 1167 2987 1225 ὡς
3019 1166 3140 1227 τοὺς
3172 1162 3497 1229 ἀσκητικούς
3527 1184 3584 1217 τε
3620 1163 3813 1234 νόμους

2170 1254 2584 1333 ὑπεραναϐἧναι,
2632 1255 2719 1309 καὶ
2782 1254 2983 1315 πάντας
3056 1252 3193 1308 κατὰ
3255 1258 3357 1306 πᾶν
3412 1252 3608 1328 ἀρετῆς
3668 1249 3813 1313 εἶδος

2172 1344 2475 1419 ἀνθρώπους
2508 1355 2880 1421 παρενεγκεῖν,
2913 1343 3000 1397 καὶ
3032 1345 3149 1413 Θεῷ
3179 1339 3498 1406 πλησιάσαι,

2250 1432 2352 1506 ς’.
2386 1435 2522 1510 Πρὸς
2568 1439 2752 1488 τοῦτον
2797 1433 2822 1486 ὂ
2856 1429 3145 1491 πένταθλος
3177 1430 3498 1508 ἀφικόμενος
3531 1428 3689 1491 οὗτος
3720 1433 3819 1494 τῆς

2171 1520 2432 1585 εὒσεϐείας
2479 1520 2812 1598 ἀγωνοθέτης
2870 1518 2996 1577 δέκα
3049 1519 3146 1592 μὲν
3198 1516 3489 1574 διετέλεσεν
3544 1517 3818 1595 ἀγωνιζό-

2173 1631 2331 1684 μενος
2377 1609 2472 1676 ἔτη
2504 1626 2515 1638 ·
2572 1608 2902 1685 ὀγδοήκοντα
2932 1606 2987 1663 δὲ
3017 1607 3411 1685 συναγωνιστὰς
3444 1605 3617 1685 ἔχων,
3651 1608 3821 1683 ὕπερ-

2174 1699 2421 1764 ηκόντισε
2479 1698 2708 1776 πάντας,
2768 1697 2864 1752 καῖ
2921 1703 3026 1753 τῶν
3085 1695 3260 1751 ἄλλων
3312 1696 3456 1771 παρά
3500 1695 3589 1752 δύο
3624 1717 3820 1775 τρεφο-

454 1807 562 1870 per
590 1788 787 1850 cibum
842 1787 1231 1859 sumentibus,
1267 1787 1394 1866 ipse
1425 1796 1603 1848 totam
1657 1786 2090 1847 hebdomadam

2186 1787 2349 1859 μένων
2397 1786 2620 1864 ἡμέρας,
2683 1789 2838 1850 αὒτος
2899 1792 3072 1842 πᾶσαν
3126 1782 3303 1849 ἄσιτος
3364 1783 3463 1861 ἦγε
3525 1785 3619 1853 τὴν
3683 1782 3826 1840 ἑϐδο-

456 1879 590 1940 sine
621 1877 755 1937 cibo
783 1876 1035 1938 ducebat
1070 1895 1083 1937 :
1119 1876 1274 1955 quod
1303 1876 1534 1956 reliqua
1564 1874 1975 1937 consodalium
2003 1874 2089 1953 (5)

2186 1872 2340 1947 μάδα.
2406 1872 2813 1952 Ἐδυσχέραινον
2856 1874 2942 1930 οὖν
2990 1872 3246 1934 πολλάκις
3278 1875 3306 1928 ὃ
3355 1871 3608 1936 σύναθλος
3674 1872 3827 1935 οὗτος

460 1965 636 2027 turba
663 1983 818 2043 aagre
846 1963 1165 2025 admodum
1196 1963 1444 2043 ferebat,
1466 1963 1685 2043 quippe
1716 1963 1814 2043 qui
1846 1963 2091 2043 Symeo-

2186 1965 2371 2040 χορὸς,
2432 1961 2523 2017 ἅτε
2556 1967 2835 2035 μιμεῖσθαι
2870 1965 2962 2019 τὸν
2996 1963 3218 2037 Συμεὼν
3272 1961 3330 2017 οὔ
3387 1959 3696 2037 δυνάμενοι,
3731 1962 3825 2017 καί

461 2071 599 2114 nem
655 2053 878 2114 imitari
927 2052 1206 2132 nequivit,
1245 2053 1490 2132 ejusque
1522 2052 1828 2132 spirituale
1859 2051 2092 2112 excrci-

2186 2051 2473 2116 ὶσκητικῆς
2506 2046 2776 2112 πολιτείας
2837 2054 3098 2130 σύγχυσιν
3145 2051 3206 2106 τὸ
3238 2056 3459 2128 πρᾶγμα
3489 2052 3576 2107 καὶ
3613 2049 3827 2116 ἀταξίαν

460 2141 605 2203 tium
638 2141 1043 2204 confusionem
1082 2158 1149 2204 ac
1182 2141 1582 2202 temeritatem
1615 2138 1934 2222 quamdam
1966 2157 2095 2201 esse
2177 2139 2417 2199 ἐκάλουν.

461 2228 763 2292 dicebant.

1962 2332 2198 2392 CAPUT
2238 2333 2309 2389 ΙΙ.

1583 2459 1935 2524 Pwnitentia,
1966 2463 2017 2516 et
2051 2457 2377 2514 abstinentia
2411 2456 2699 2514 mirabilis.

539 2587 833 2649 7.Verum
867 2603 986 2646 non
1018 2584 1091 2647 iis
1124 2584 1307 2647 rebus
1329 2586 1713 2664 stetit,neque
1743 2583 2100 2666 promptilu-

462 2676 661 2738 dinem
688 2676 841 2737 hanc
862 2673 1246 2750 frenavit,sed
1265 2674 1560 2737 occultum
1584 2674 1954 2735 occultorum
1982 2691 2105 2734 om-

462 2765 627 2827 nium
659 2764 976 2825 scrutatori
1009 2763 1129 2824 Deo
1162 2776 1466 2825 certamen
1498 2762 1935 2824 0btulit.Noslis
1968 2781 2102 2822 om-

464 2870 574 2913 nes
601 2855 681 2927 (6)
706 2869 883 2932 quam
912 2852 1444 2932 asperi,quamque
1474 2852 1563 2912 vel
1597 2852 1800 2913 leviter
1833 2849 2105 2911 manibus

2263 2582 2312 2654 ζ’
2378 2574 2434 2640 ιΟ
2467 2580 2518 2637 δἒ
2574 2582 2632 2638 οὗ
2684 2586 2770 2654 μέ*
2954 2582 2967 2615 ί
3106 2580 3131 2602 ”
3367 2582 3394 2629 τ’
3430 2584 3449 2594 ’
3572 2581 3652 2640 ’ὅδ’
3687 2583 3730 2638 ἐκ
3798 2618 3826 2628 -

2329 2630 2339 2641 ,
2499 2626 2520 2637 ..
2758 2604 2849 2660 λρι
2878 2603 3064 2639 τουτου
3112 2602 3295 2637 ιστατο
3324 2603 3509 2661 μδνον,
3541 2604 3568 2638 ο
3718 2607 3791 2663 λα

2185 2672 2328 2729 λίνου
2385 2674 2484 2739 τήν
2542 2673 2831 2749 προθυμίαν
2863 2686 2876 2701 ⁹
2934 2669 3071 2726 ἀλλά
3125 2691 3175 2725 τι
3221 2670 3317 2726 καῖ
3364 2670 3579 2750 κρύφιον
3613 2680 3695 2745 τῷ
3728 2677 3829 2730 τῶν

2187 2761 2412 2839 κρυφίων
2496 2760 2749 2836 ἐξεταστῇ
2827 2760 3106 2838 ἀγώνισμα
3167 2758 3372 2837 ἔφερεν,
3435 2751 3501 2814 Ἠ
3558 2761 3664 2837 γὰρ
3724 2764 3829 2819 ἀπὸ

2185 2850 2433 2927 φοινίκων
2491 2848 2837 2924 πεπλεγμένη
2923 2860 3173 2928 σχοῖνος,
3233 2847 3353 2904 ἴστε
3409 2849 3633 2928 πάντες,
3688 2851 3828 2913 ὅπως

460 2938 660 3001 attecti
691 2939 923 3000 molesti
965 2940 1082 2999 sint
1113 2939 1290 2999 t‘unes
1322 2958 1394 3000 ex
1426 2938 1619 3019 palma
1651 2938 1941 2999 contexti.
1977 2936 2097 2998 Tali

2186 2937 2417 3017 τραχεῖά
2474 2937 2532 2993 τὲ
2585 2937 2695 2993 ἐστι
2749 2939 2837 2994 καὶ
2891 2937 3183 3012 ψαυούσαις
3217 2939 3376 3013 μόνον
3408 2939 3828 3018 χερσὶλυπηρί·

465 3026 604 3087 fune
618 3026 874 3103 Symeon
891 3024 1121 3086 lumbos
1138 3027 1559 3104 ciugebat,non
1579 3033 1799 3086 tantum
1820 3024 2097 3093 exterius,

2186 3024 2304 3081 ἀλλ’
2361 3028 2389 3082 ὁ
2445 3027 2665 3100 Συμεὼν
2708 3027 2796 3082 καὶ
2845 3026 3014 3101 ταύτῃ
3061 3026 3274 3098 διέζωσε
3334 3028 3428 3094 τὴν
3473 3029 3636 3107 ὀσφύν
3676 3047 3689 3061 ·
3740 3033 3831 3087 οὔιι

467 3113 573 3174 sed
598 3122 656 3174 et
684 3112 807 3174 cuti
839 3114 1006 3192 quasi
1037 3115 1275 3190 agnasci
1305 3113 1655 3186 faciebat,ac
1679 3115 1757 3174 ita
1780 3116 2097 3175 vehemen-

2189 3114 2374 3180 ἔξωθεν
2432 3117 2689 3196 περιθεὶς,
2764 3114 2882 3172 ἀλλ’
2940 3115 3083 3190 αυτῷ
3122 3117 3423 3195 προσφύσας
3468 3124 3544 3191 τῷ
3585 3117 3827 3197 δέρματι,

466 3209 557 3263 ter
571 3200 1195 3279 stringebat,utomnis
1218 3202 1322 3263 ilta
1343 3202 1613 3282 corporis
1637 3219 1771 3282 pars
1791 3201 1849 3261 in
1877 3202 2097 3262 saniem

2188 3204 2274 3259 καὶ
2307 3204 2445 3259 οὕτω
2478 3203 2592 3259 λίαν
2625 3203 2984 3284 συνέσφιγξεν,
3019 3208 3091 3270 ὼς
3121 3206 3261 3262 ἅπαν
3306 3205 3481 3263 ἐκεῖνο
3529 3208 3717 3281 κύκλῳ
3767 3210 3828 3265 τὸ

467 3289 860 3371 undequaque
891 3289 1435 3354 diﬂlueret.Decem
1467 3291 1598 3353 dies
1621 3289 1997 3370 autamplius
2022 3291 2097 3350 ita

2188 3293 2346 3372 μέρος
2401 3290 2633 3348 ἑλκῶσαι
2692 3295 2720 3349 ὃ
2774 3307 3098 3373 περιεχεῖτο.
3146 3298 3241 3358 Ὠς
3285 3294 3340 3350 δὲ
3388 3294 3601 3360 πλείους
3632 3297 3671 3365 ἢ
3707 3296 3830 3354 δέκα

470 3387 859 3457 transegerat,
880 3397 1014 3440 cum
1048 3397 1209 3452 ecce,
1249 3379 1448 3441 ulcere
1471 3381 1595 3460 jam
1628 3379 2097 3456 ingravescente,

2186 3379 2388 3457 ἡμέρας
2446 3387 2629 3437 τοῦτον
2681 3381 2942 3438 διετέλεσε
2997 3384 3090 3439 τὸν
3138 3382 3358 3462 τρόπον,
3405 3385 3487 3440 καὶ
3516 3394 3608 3444 τοῦ
3636 3385 3832 3451 ἕλκους

467 3467 664 3528 sanies
696 3484 813 3528 una
841 3485 975 3529 cum
1006 3468 1294 3547 sanguine
1332 3467 1474 3530 inde
1499 3469 1798 3549 proﬂuens
1819 3467 2097 3529 latentem

2186 3468 2564 3549 χαλεπωτέρου
2608 3472 2910 3549 γινομένου,
2933 3473 3073 3550 ἰχὼρ
3123 3471 3356 3546 α’ῗματος
3401 3472 3605 3531 ἐκεῖθεν
3650 3473 3831 3554 ἄπιορς

470 3556 632 3617 intus
653 3555 881 3635 plagam
907 3556 1311 3619 denuntiabat.
1337 3560 1481 3618 Tum
1500 3575 1656 3618 unus
1682 3575 1748 3618 ex
1773 3558 2097 3636 spectanti-

2186 3557 2313 3635 ῥέων
2344 3563 2440 3625 τῆς
2472 3559 2605 3624 τέως
2652 3560 3017 3627 λανθανούσης
3060 3559 3276 3637 πληγής
3325 3561 3527 3639 ἐγίνετο
3557 3567 3827 3637 μηνυτής’

470 3643 747 3724 bus,quaa
776 3646 926 3706 tanti
965 3645 1271 3725 sanguinis
1303 3664 1480 3709 causa
1504 3648 2097 3724 esset,interrogavit.

2186 3646 2344 3725 ἤρετο
2374 3670 2452 3711 τις
2486 3650 2642 3706 αὐτὸν
2675 3650 2998 3724 θεασάμενος
3052 3649 3132 3712 τίς
3176 3653 3209 3717 ἡ
3257 3651 3394 3706 αἰτία
3443 3659 3535 3709 τοῦ
3565 3653 3826 3727 αἵματος.

463 3731 615 3794 Dum
648 3731 900 3813 Symeon
930 3735 1076 3795 nilnil
1107 3734 1348 3797 omnino
1403 3735 1626 3797 doloris
1656 3734 1901 3796 subesse
1932 3734 2095 3811 dicit,

463 3821 803 3902 neutiquam
830 3822 1443 3902 persuasit,sanguine
1463 3822 1521 3883 in
1538 3824 1804 3884 omnium
1823 3840 2104 3902 conspec-

463 3915 526 3970 tu
574 3909 897 3983 deﬂuente,
930 3928 998 3971 ac
1057 3928 1238 3993 supra
1268 3930 1509 3972 omnem
1546 3910 1656 3972 viri
1691 3910 2012 3972 clamorem
2046 3918 2105 3971 et

2188 3728 2247 3794 Ὀ
2304 3734 2359 3791 δὲ
2419 3735 2587 3810 μηδὲν
2644 3737 2795 3817 ἔχειν
2852 3739 3067 3814 ἀνιαρὸν
3124 3738 3297 3816 λέγων
3353 3739 3448 3796 οὔκ
3501 3740 3708 3822 ἔπειθε,
3741 3752 3830 3801 τοῦ

2187 3825 2238 3881 ἐν
2299 3825 2594 3905 ὀφθαλμοῖς
2648 3828 3025 3905 καταρρέοντος
3068 3828 3326 3908 α’ίματος,
3388 3831 3580 3903 μεῖζον
3609 3835 3829 3900 καὶτῆς

2183 3921 2277 3970 τοῦ
2305 3916 2611 3993 πάσχοντος
2665 3916 2842 3993 φωνῆς
2885 3918 2972 3976 καὶ
3027 3922 3127 3983 τῆς
3160 3918 3434 3990 ὅπομονῆς
3464 3920 3825 4000 ἀντιφθεγγο-

468 3998 811 4079 patientiam
874 3999 1340 4074 contradicente,
1394 4009 1455 4062 et
1502 4001 1668 4079 quasi
1719 4000 1793 4060 de
1828 4000 2097 4079 mysterio

2186 4002 2345 4073 μένου
2405 4004 2492 4059 καὶ
2548 4003 2955 4082 θριαμϐεύοντος
3012 4007 3072 4061 τὸ
3116 4008 3429 4085 μυστήριον.
3498 3998 3833 4085 Βιασάμενος

467 4085 1109 4176 triumphante.ltaque
1132 4106 1265 4149 cum
1286 4089 1526 4165 quidam
1551 4107 1584 4150 e
1603 4087 2097 4176 commilitonibus

2186 4092 2356 4147 τοίνυν
2417 4093 2445 4146 ὁ
2507 4095 2928 4173 συναγωνιστὴς,
2959 4095 3049 4151 καὶ
3100 4096 3198 4153 τὴν
3236 4109 3402 4176 χεῖρα
3458 4096 3702 4175 ὲνέιῗαλε,
3736 4104 3831 4158 καὶ

468 4189 720 4265 manum
742 4175 1036 4237 violenter
1062 4176 1120 4236 in
1155 4177 1309 4237 latus
1339 4176 1665 4248 intulisset,
1704 4174 1938 4236 tandem
1973 4193 2097 4236 cau-

2191 4180 2288 4246 τὴν
2350 4182 2518 4236 αἰτίαν
2578 4180 2861 4260 κατέμαθε,
2922 4185 3008 4240 καὶ
3069 4186 3262 4251 ταύτην
3328 4193 3405 4258 τῷ
3453 4188 3834 4265 προστάττοντι

467 4278 592 4322 salu
625 4260 856 4338 didicit,
890 4282 1137 4342 remque
1170 4283 1409 4326 omnem
1452 4264 1736 4343 praefecto
1770 4263 2057 4324 nuntiavit
2089 4282 2097 4322 :

2192 4267 2541 4341 κατεμήνυεν.
2593 4272 2653 4326 '0
2724 4269 2779 4326 δὲ
2830 4271 3016 4329 αὐτίκα
3065 4274 3153 4329 καὶ
3196 4274 3458 4349 ἐπιτιμῶν
3496 4260 3605 4331 ’καὶ
3653 4300 3836 4356 παρα-

468 4349 573 4430 qui
604 4367 737 4411 cum
774 4368 908 4412 eum
971 4352 1228 4430 graviter
1279 4352 1773 4433 reprehenderet,
1809 4369 1876 4411 ac
1898 4352 2097 4439 jurgiit

2193 4358 2395 4434 καλῶν,
2440 4358 2531 4411 καὶ
2592 4365 2683 4414 τοῦ
2740 4360 3051 4436 πράγματος
3082 4362 3181 4427 τὴν
3219 4362 3476 4437 ὠμότητα
3506 4349 3830 4439 διαϐάλλων,

471 4444 688 4540 tantam
720 4438 810 4501 rei
833 4440 1251 4502 crudelitatem
1286 4441 1682 4518 argueret,vix
1710 4439 1945 4500 tandem
1976 4438 2097 4498 vin-

2193 4443 2348 4540 μόλις
2407 4444 2611 4540 ἐκεῖνον
2652 4445 2805 4540 ἔλυσε
2848 4454 2956 4503 τῶν
2999 4447 3230 4530 δεσμῶν,
3265 4451 3384 4508 ἀλλ’
3424 4452 3490 4519 ἧν
3522 4456 3549 4509 ὁ
3579 4438 3832 4531 γεννάδας

468 4525 601 4617 culo
634 4526 935 4604 liberavit,
975 4548 1092 4609 quo
1123 4546 1188 4591 se
1218 4528 1369 4591 solvi
1400 4528 1647 4617 quidem,
1690 4527 1979 4617 patienter
2011 4537 2097 4587 tu-

2194 4530 2359 4609 μέχρι
2419 4532 2517 4605 μὲν
2576 4540 2666 4589 τοῦ
2724 4532 2943 4602 λυθῆναι
3003 4536 3096 4603 τῆς
3153 4525 3369 4617 σχοίνου
3397 4525 3659 4609 {imitmur
3694 4542 3830 4599 ὥστε

471 4614 562 4694 lit;
596 4633 796 4710 verum
828 4625 900 4710 ut
928 4618 1120 4710 ulceri
1151 4617 1391 4710 aliquod
1426 4615 1755 4678 remedium
1790 4613 2097 4676 adhibere

2188 4617 2244 4675 δὲ
2300 4623 2614 4697 θεραπευσαι
2674 4624 2734 4679 τὸ
2786 4623 2974 4698 ἕλκος,
3039 4624 3347 4693 ἐνστατικὸς
3380 4629 3467 4684 καὶ
3497 4629 3614 4685 λίαν
3666 4632 3832 4710 ἰσχυ-

469 4708 588 4774 tur,
618 4703 1001 4782 pertinaciter
1032 4704 1260 4767 obstitit
1291 4704 1405 4784 (7).

2189 4707 2502 4783 ρογνώμων.
3727 4698 3765 4712 ”

554 4790 611 4854 8.
636 4789 840 4885 _Quare
860 4811 994 4855 cum
1027 4793 1271 4856 ascetici
1301 4792 1537 4855 sodales
1570 4792 1697 4885 haec
1725 4798 1782 4853 et
1813 4790 2097 4885 ejusmodi

2272 4798 2356 4864 η’.
2407 4802 2463 4855 Oi
2515 4802 2569 4855 ὲν
2612 4806 2679 4876 τῇ
2724 4800 2991 4879 ἀσκητικῇ
3025 4803 3193 4860 τοίνυν
3222 4802 3543 4885 παλαίστρᾳ,
3571 4808 3664 4864 καὶ
3696 4808 3830 4865 ἄλλα

471 4878 993 4970 aliaSymeonem
1054 4889 1495 4963 perpetrantem
1539 4880 1923 4970 viderent,get
1970 4879 2097 4941 hinc

2189 4893 2408 4942 tom-3:1
2467 4885 2669 4964 δρῶντα
2717 4891 2966 4970 ὁρώντες,
2999 4892 3087 4948 καὶ
3131 4891 3268 4949 ὥστε
3320 4894 3419 4968 μὲν
3466 4894 3829 4970 ἀμιλληθῆναι

471 4968 713 5050 quidem
735 4987 931 5050 neque
951 4988 1017 5032 se
1033 4988 1168 5032 cum
1196 4970 1460 5032 minimis
1483 4970 1614 5049 ejus
1636 4968 1953 5031 virtutibus
1971 4986 2108 5032 cou-

473 5064 703 5121 certare
736 5059 1077 5137 posse,inde
1106 5059 1381 5139 superari
1401 5078 1466 5121 se
1492 5077 1612 5121 non
1632 5058 2112 5139 ferentes,jusse-

473 5153 613 5210 runt
635 5153 697 5207 ut
726 5163 759 5206 a
790 5164 936 5225 pago
966 5148 1300 5223 recederet,
1336 5166 1410 5210 ne
1439 5149 1584 5222 fors,
1612 5154 1674 5207 ut
1702 5147 1960 5224 aiebant,
1994 5152 2111 5209 im-

475 5233 882 5304 becillioribus
908 5233 1108 5295 damni
1144 5235 1400 5316 alicujus
1429 5255 1609 5299 causa
1634 5235 1965 5299 exstiterat.
2001 5234 2109 5317 Sy-

481 5338 659 5386 meon
677 5322 753 5385 ad
770 5322 1385 5387 montissolitudinem
1412 5342 1667 5405 pergens
1682 5323 1906 5385 invenit
1919 5325 2111 5388 lacum

476 5480 833 5609 “timum
861 5482 1014 5554 ipsos
1045 5482 1318 5555 praesides
1344 5497 1494 5557 aegre
1522 5484 1581 5541 id
1611 5481 1811 5541 tulisse
1831 5482 1903 5540 ait
1923 5482 2113 5542 Theo-

548 5621 627 5689 (6)
662 5622 1056 5685 Theodoretus
1086 5626 1206 5685 haec
1226 5640 1287 5686 se
1316 5627 1387 5689 ab
1418 5641 1507 5693 eo.
1545 5624 1651 5698 qui
1669 5638 1801 5684 cum
1832 5625 1948 5683 haec
1970 5627 2112 5685 scrt-

2194 4972 2332 5048 μτ,ὂὲ
2389 4988 2507 5042 τοῖς
2579 4992 2801 5057 μικροῖς
2858 4982 2965 5035 τῶν
3023 4980 3226 5038 ἐκείνου
3294 4986 3473 5039 πόνων
3525 4984 3828 5061 δυνάμενοι,

2195 5063 2332 5122 ὥστε
2419 5063 2472 5121 δὲ
2530 5066 2690 5124 πάλιν
2758 5068 2972 5133 ἑαυτοὺς
3035 5072 3160 5147 ὁρᾷν
3236 5069 3692 5148 ἀπολειπομένους
3754 5075 3830 5151 μὴ

2197 5155 2593 5235 ἀνασχόμενοι,
2659 5157 2964 5237 ἀναχωρεῖν
3022 5156 3112 5214 τὸν
3185 5161 3404 5234 Συμεὼν
3477 5166 3576 5229 τῆς
3644 5163 3832 5239 κώμης

2196 5240 2463 5318 ἐκέλευον,
2511 5244 2658 5309 ὅπως
2706 5247 2783 5321 μὴ
2827 5259 2945 5309 τοῖς
2997 5245 3394 5326 ἀσθενέστερον,
3442 5248 3720 5328 λέγοντας,
3774 5253 3833 5306 τὸ

2195 5334 2354 5405 σῶμα
2418 5330 2821 5413 διακειμένοις,
2884 5336 2972 5391 καὶ
3041 5333 3239 5407 ζηλοῦν
3315 5338 3381 5393 τὰ
3434 5338 3564 5418 ὑπὲρ
3624 5338 3835 5416 δύναμιν

2192 5488 2352 5563 heret
2378 5492 2730 5563 monasterio
2765 5503 3025 5562 praeerat.
3059 5493 3198 5550 dicit
3224 5494 3539 5563 accepisse.

2196 5560 2341 5689 mg)
2374 5561 2567 5635 Longe
2625 5560 2788 5621 aliter
2830 5576 3142 5623 narrantur
3174 5564 3298 5621 haec
3356 5560 3415 5623 in
3446 5568 3569 5628 aliis
3602 5569 3829 5629 duabus
