4128 6198
328 321 441 391 341

1442 328 1629 394 VITA
1672 328 1730 391 S.
1778 325 2161 392 SYMEONIS
2202 324 2573 389 STYLITE.

3569 324 3685 394 342

326 457 706 535 πειρωμένοις,
751 454 959 536 βλάϐης
1022 458 1199 523 αἴτιος
1259 460 1503 536 γένηται.
1561 458 1817 526 Ἐξελθὼν
1859 464 1972 517 τοί-

2066 460 2371 540 quemdam
2401 461 2533 522 sine
2560 478 2854 542 aqua,nec
2881 460 3201 525 admodum
3237 458 3686 544 profundum,in

327 548 444 627 νῦν,
490 549 576 604 καὶ
619 549 686 604 τὰ
754 547 1061 626 ἐρημότατα
1129 556 1221 605 τοῦ
1282 548 1433 628 ὅρους
1478 548 1821 628 καταλαϐὼν,
1882 549 1972 606 καί

324 659 447 694 τινα
500 635 701 697 λάκκον
767 638 930 715 εὓρὼν
998 634 1273 716 ἄνυδρόθτε
1328 640 1412 695 καὶ
1484 637 1600 695 λίαν
1654 639 1836 715 βαθὺν,
1897 641 1969 702 εἰς

326 733 518 783 τοῦτον
563 728 809 793 καθίησιν
851 727 1061 800 ἑαυτὸν,
1108 731 1207 793 τῆς
1251 729 1505 796 συνήθους
1555 729 1723 807 εὐχῆς
1752 727 1805 783 ἐν
1830 729 1973 801 αὖτῷ

327 817 417 872 καὶ
461 814 774 893 φιλοσοφίας
846 814 1133 892 ἐχόμενος.
1209 815 1370 871 Πέντε
1432 814 1487 871 δὲ
1528 816 1740 891 ἡμερῶν
1786 813 1971 893 διαγε-

328 903 595 982 νομένων,
650 903 1022 978 μεταμελῆσαι
1068 902 1210 965 αὖθις
1262 917 1381 970 τοϊς
1430 905 1526 972 τῆς
1571 906 1970 984 ὑποχωρήσεως

324 1015 421 1051 του
482 991 667 1070 ἀνδρὸς
724 994 910 1057 αἰτίοις
944 1011 959 1030 ⁸
1005 993 1112 1049 τῶν
1155 993 1209 1048 ἐν
1255 993 1439 1057 αὐτοῖς
1467 992 1559 1051 δύο
1588 995 1735 1057 τινας
1765 993 1969 1052 ἀπολε-

329 1081 547 1158 ξάμενοι
588 1082 725 1138 κατᾶ
782 1080 1005 1153 ζήτησιν
1061 1080 1331 1156 πέμπουσι
1364 1092 1456 1142 τοῦ
1485 1084 1704 1156 Συμεὼν
1740 1100 1754 1113 ·
1809 1084 1875 1151 ἦν
1918 1082 1971 1139 δὲ

331 1176 518 1232 αὒτοῖς
577 1171 875 1249 εἰρημένον,
937 1168 993 1225 εἴ
1048 1193 1150 1227 που
1206 1173 1391 1228 τοῦτον
1450 1173 1621 1249 εὸρεϊν
1673 1168 1969 1251 δυνηθεῖεν,

330 1263 466 1340 πρὸς
519 1263 580 1318 τὸ
636 1262 811 1318 κοινὸν
855 1260 1219 1337 ἐπαναγαγεῖν
1268 1263 1692 1340 φροντιστήριον.
1755 1268 1972 1318 Παντα-

330 1361 441 1430 χοῦ
508 1351 680 1406 τοίνον
750 1357 844 1407 τοῦ
926 1349 1081 1425 ὅρους
1159 1349 1520 1427 περιελθόντες
1591 1350 1971 1431 ἐντυγχάνουσι

331 1439 557 1516 ποιμέσι
615 1440 955 1516 θρεμμάτων,
1013 1439 1103 1496 καὶ
1150 1440 1495 1496 πυνθάνονται
1541 1442 1732 1515 αὐτῶν,
1781 1441 1834 1495 εἴ
1874 1439 1976 1497 πού

332 1552 455 1586 τινα
513 1537 753 1587 τοιοῦτον
810 1527 1001 1602 ἴδοιεν,
1061 1528 1161 1594 τὴν
1237 1530 1444 1606 μορφὴν
1504 1529 1712 1609 αὐτοῖς,
1769 1530 1863 1586 καί
1912 1532 1974 1586 τὸ

332 1624 556 1698 σχῆμα,
615 1619 703 1674 καὶ
747 1618 841 1684 τὴν
884 1615 1149 1684 αναϐολὴν
1203 1618 1297 1673 τοῦ
1345 1615 1554 1695 ἀνδρὸς,
1586 1624 1769 1699 σαφως
1801 1620 1974 1676 πάντα

2053 567 2230 630 quem
2269 567 2334 610 se
2361 549 2930 624 demisit,consuetis
2962 551 3237 631 precibus
3265 570 3333 614 ac
3358 551 3687 615 meditatio-

2054 638 2232 699 nibus
2261 638 2565 701 insistens.
2599 637 2741 702 Post
2768 641 3029 720 quinque
3059 640 3193 703 dies
3220 641 3358 704 facti
3389 642 3684 722 ptenitere

2055 727 2376 807 coepiteos,
2413 728 2515 808 qui
2538 744 2717 788 causa
2739 726 3107 789 dimissionis
3127 729 3358 791 fuerant
3373 731 3498 808 (8);
3535 749 3682 811 qua-

2056 824 2292 895 propter
2314 816 2462 877 duos
2484 833 2553 877 ex
2580 816 2742 876 omni
2766 834 3013 879 numero
3038 815 3301 879 delectos
3330 818 3404 881 ad
3434 817 3686 898 Symeo-

2056 923 2192 965 nem
2225 904 2608 983 quaerendum
2644 904 2952 984 miserunt,
2971 904 3186 985 quibus
3218 905 3584 982 mandatum,
3620 914 3687 968 ut

2054 992 2103 1052 si
2133 1010 2382 1072 usquam
2414 1010 2551 1053 eum
2606 992 2966 1065 invenirent,
3027 993 3101 1055 ad
3129 1012 3449 1056 commune
3477 1011 3682 1058 coeno-

2055 1080 2219 1142 bium
2253 1080 2632 1142 reducerent.
2668 1080 2758 1141 Illi
2784 1088 3045 1142 montem
3077 1080 3295 1162 passim
3336 1083 3687 1146 oberrantes

2056 1170 2117 1232 in
2152 1178 2418 1248 pastores
2448 1169 2643 1231 ovium
2676 1167 2967 1247 incidunt,
2992 1189 3140 1250 quos
3170 1190 3306 1234 cum
3337 1170 3411 1233 de
3442 1171 3546 1233 illo
3578 1171 3689 1233 viri

2054 1260 2302 1321 formam
2339 1267 2396 1321 et
2424 1258 2691 1320 habitum
2723 1257 3159 1338 describentes,
3192 1260 3682 1340 interrogassent,

2055 1348 2245 1409 lacum
2275 1348 2361 1409 eis
2397 1352 2761 1427 proximum,
2796 1348 2858 1408 in
2887 1366 3067 1429 quem
3097 1366 3163 1411 se
3196 1351 3555 1430 coniecerat,
3588 1349 3685 1411 di-

2055 1437 2173 1517 gito
2200 1437 2612 1498 ostenderunt.
2644 1435 2737 1497 Illi
2790 1435 2863 1497 ad
2921 1437 3118 1499 locum
3177 1437 3546 1511 festinantes,
3579 1439 3687 1518 Sy-

2059 1543 2333 1587 meonem
2369 1525 2612 1587 nomine
2657 1543 2765 1586 suo
2824 1535 3157 1607 evocatum,
3189 1526 3330 1588 fune
3358 1526 3621 1589 demisso
3654 1545 3688 1588 θ

2059 1622 2241 1695 puteo
2272 1622 2675 1689 extraxerunt,
2710 1632 2828 1675 non
2852 1614 2983 1676 sine
3017 1632 3228 1695 magno
3258 1615 3502 1678 labore:
3536 1614 3689 1678 solet

330 1706 744 1787 διηγησάμενοι,
804 1708 865 1765 Οἱ
921 1706 976 1761 δὲ
1020 1705 1247 1772 πλησίον
1305 1708 1405 1784 γὰρ
1453 1710 1520 1774 ἦν
1578 1706 1968 1779 καταδεδυκὼς,

2066 1707 2217 1768 enim
2251 1706 2544 1768 descensu
2574 1723 2861 1767 ascensus
2887 1724 3019 1768 esse
3047 1706 3365 1770 difﬁcilior.

330 1799 424 1853 τᾶν
481 1797 679 1853 λάκκον
739 1798 923 1860 αὺτοῖς
994 1800 1070 1867 τῷ
1139 1794 1378 1870 δακτύλῳ
1437 1795 1852 1856 ὑποδεικνύουσι.
1923 1797 2158 1854 Ἐκεῖνοι
2229 1803 2305 1869 τῷ
2360 1796 2510 1869 τόπῳ
2579 1797 2721 1860 εὐθὺς
2785 1795 3095 1860 ἐπιστάντες
3153 1798 3373 1871 ὀνόματι
3442 1798 3534 1853 τὸν
3578 1804 3687 1852 Συ-

335 1887 483 1963 μεὼν
533 1884 754 1943 ἐκάλουν
814 1886 903 1940 καὶ
974 1890 1216 1963 σχοινίον
1257 1886 1575 1959 κομίσαντες
1638 1886 1730 1942 σὺν
1794 1884 1978 1959 πολλῷ
2035 1886 2193 1944 αὐτὸν
2250 1886 2576 1960 ἀνιμήσαντο
2631 1885 2800 1958 πόνῳ·
2860 1884 2919 1941 ού
2973 1886 3074 1963 γὰρ
3129 1890 3199 1962 τῇ
3253 1882 3455 1959 καθόδῳ
3513 1905 3691 1964 παρα-

333 1976 578 2043 πλησίως
610 1976 836 2043 εόπετής
865 1973 978 2029 ἐστι
1007 1976 1095 2030 καὶ
1123 1975 1156 2042 ἡ
1189 1972 1393 2039 ἄνοδος,

414 2064 486 2126 θ’.
550 2064 687 2121 Εἶτα
743 2064 830 2118 καὶ
887 2064 1018 2139 πρὸς
1071 2062 1172 2129 τὴν
1202 2060 1539 2140 ἀδελφότητα
1583 2062 1674 2118 σὺν
1718 2065 1859 2135 αὐτῷ
1888 2062 1975 2117 κὰῖ

334 2155 399 2210 τὸ
454 2155 811 2230 μοναστήριον
860 2150 1239 2218 ἐπανήκουσιν.
1285 2147 1498 2228 Ὀλίγον
1541 2149 1591 2205 δὲ
1637 2149 1763 2227 παρ’
1794 2152 1975 2214 αὐτοῖς

336 2241 390 2308 ἐξ
419 2243 621 2298 ἐκείνου
673 2240 949 2316 διατρίψας
1005 2238 1225 2317 χρόνον,
1284 2240 1358 2301 εἷς
1416 2237 1701 2296 Τελανισὸν
1761 2239 1976 2319 ἀφίκετο

337 2332 534 2405 κώμην
572 2328 733 2409 (αὕτη
778 2328 832 2383 δὲ
874 2328 1006 2400 πρὸς
1057 2333 1127 2399 τῇ
1157 2326 1390 2404 ὑπωρείᾳ
1420 2335 1511 2386 τοῦ
1539 2327 1690 2405 ὄρους
1720 2324 1920 2405 κεῖται)
1957 2346 1970 2359 ·

337 2421 394 2476 ἑν
464 2419 630 2494 ταύτῃ
702 2417 890 2492 μικρὸν
960 2415 1191 2471 οἱκίσκον
1242 2416 1406 2493 εὑρὼν
1469 2417 1642 2494 τρίτον
1700 2416 1842 2488 ἑξῆς,
1920 2415 1975 2471 ὲν

338 2510 482 2580 αῦτῷ
511 2510 791 2583 καθεῖρκτο
846 2502 1106 2565 ἐνιαυτόν,
1166 2502 1345 2569 Αὔξειν
1387 2503 1443 2560 δὲ
1500 2504 1581 2561 ἀεὶ
1636 2506 1733 2573 τῆς
1781 2505 1974 2584 ἀρετῆς

336 2601 565 2654 πλοῦτον
621 2593 959 2670 φιλονεικῶν,
1022 2592 1157 2665 μετὰ
1233 2598 1339 2649 τῶν
1396 2591 1573 2650 ἄλλων
1632 2598 1830 2661 Μωϋσῆ
1888 2593 1975 2649 καὶ

334 2683 494 2740 Ἠλία
539 2683 635 2749 τὴν
663 2680 834 2746 καλὴν
863 2678 1094 2753 ἅμιλλαν
1149 2679 1464 2761 ἁμιλλᾶται,
1512 2683 1599 2738 καὶ
1657 2681 1782 2759 παρ’
1841 2680 1971 2745 ὅλας

334 2771 725 2848 τετταράκοντα
747 2770 837 2826 καὶ
865 2775 1016 2829 οὗτος
1047 2768 1251 2848 ἡμέρας
1278 2767 1459 2835 ἄσιτος
1490 2769 1751 2846 διαμένει.

417 2861 478 2923 ι’,
526 2859 727 2924 Βλάσος
756 2857 812 2914 δέ
842 2880 923 2922 τις
966 2858 1099 2933 ἀνὴρ
1156 2855 1406 2926 θεοτεϐὴς
1459 2861 1547 2916 καὶ
1599 2857 1796 2940 σφόδρα
1841 2860 1972 2938 πρὸς

2136 2061 2197 2124 9.
2237 2060 2384 2122 Inde
2410 2078 2645 2123 rursum
2678 2060 2751 2123 ad
2778 2069 2996 2124 coetum
3022 2061 3266 2125 fratrum
3286 2059 3685 2125 reduxerunt:

2058 2147 2162 2211 ubi
2197 2147 2452 2229 Symeon
2483 2149 2692 2229 exiguo
2724 2159 2992 2230 tempore
3020 2157 3308 2226 moratus,
3341 2149 3415 2212 ad
3445 2148 3689 2212 Telani-

2058 2256 2188 2299 sum
2226 2238 2314 2317 (9)
2356 2255 2568 2318 pagum
2628 2240 2950 2314 concessit,
2984 2240 3063 2318 (is
3119 2238 3192 2300 ad
3224 2238 3442 2320 pedem
3476 2239 3696 2301 montis

2059 2326 2209 2387 situs
2237 2326 2352 2404 est)
2383 2325 2486 2387 ubi
2517 2345 2706 2407 parva
2735 2335 2974 2408 reperta
3025 2345 3186 2403 casa,
3237 2326 3300 2387 in
3331 2345 3464 2388 eam
3497 2328 3691 2389 trien-

2059 2415 2157 2476 nio
2189 2434 2253 2476 se
2283 2414 2597 2476 conclusit.
2633 2414 2740 2477 Hic
2784 2433 2960 2495 porro
3014 2433 3319 2496 nunquam
3353 2432 3474 2476 non
3499 2415 3690 2477 virtu-

2061 2512 2181 2564 tum
2214 2502 2447 2564 divitias
2498 2504 2614 2565 sibi
2669 2504 3049 2567 accumulare
3097 2503 3520 2584 contendebat,
3555 2522 3690 2565 cum

2057 2590 2252 2671 Moyse
2282 2599 2340 2653 et
2371 2591 2504 2654 Elia
2534 2592 2888 2673 praeclarum
2922 2602 3232 2655 certamen
3288 2592 3508 2665 iniens,
3540 2611 3690 2675 qua-

2055 2679 2329 2759 draginta
2359 2680 2519 2762 ipsos
2550 2681 2681 2744 dies
2706 2681 2838 2743 sine
2870 2680 3004 2744 cibo
3039 2680 3423 2762 perdurabat.

2139 2858 2456 2923 lO.Blasus
2482 2875 2621 2920 vero
2644 2863 2771 2921 erat
2793 2856 2881 2918 vir
2901 2857 2963 2919 in
2985 2857 3173 2921 Deum
3200 2856 3514 2937 religiosus
3546 2858 3689 2936 (10),

331 2952 435 3019 τήν
485 2954 594 3006 τῶν
653 2945 894 3023 ἀδελφῶν
963 2948 1098 3025 ὀρῶν
1157 2944 1494 3022 εὐδοκίμησιν
1552 2951 1638 3005 καὶ
1685 2947 1971 3029 ὠφέλειαν,

2066 2954 2120 3009 et
2148 2947 2319 3009 valde
2348 2946 2663 3009 attendens
2693 2946 2766 3008 ad
2797 2946 3050 3009 fratrum
3108 2946 3606 3027 approbationem
3637 2952 3698 3008 et

334 3040 512 3104 ἄλλως
560 3059 619 3094 τε
670 3037 757 3093 καὶ
807 3048 925 3098 τοϊς
958 3036 1092 3092 κατᾶ
1123 3036 1311 3111 κώμας
1355 3037 1544 3115 ἱερεῦσι
1587 3039 1649 3095 τὸ
1679 3044 1976 3105 τηνικαῦτα

2066 3036 2402 3113 utilitatem;
2431 3042 2721 3116 praeterea
2737 3033 3150 3098 sacerdotibus
3168 3035 3231 3098 in
3262 3034 3405 3097 vicis
3429 3034 3698 3115 degenti-

337 3130 657 3205 ἒπιστανῶν,
716 3131 994 3203 πανταχοῦ
1063 3124 1293 3203 περιῇει,
1344 3127 1477 3202 πρὸς
1536 3128 1627 3183 τὸν
1683 3126 1977 3194 ἀσκητικὸν

2066 3126 2172 3188 bus
2207 3134 2326 3187 tum
2364 3125 2652 3205 temporis
2707 3126 3046 3205 praefectus,
3074 3125 3540 3206 circumquaque
3568 3123 3699 3186 loca

338 3219 453 3296 βίον
506 3217 625 3279 τοὺς
669 3214 724 3270 ἐν
774 3216 961 3276 αὐταῖς
1005 3214 1308 3289 ὑπαλείψει,
1344 3214 1431 3270 καὶ
1473 3215 1690 3272 πλείονα
1723 3214 1977 3293 παρέχων

2066 3215 2172 3277 sibi
2204 3214 2551 3277 concredita
2571 3212 2878 3287 obibat,ad
2900 3214 3073 3276 vitam
3095 3213 3460 3295 spiritualem
3484 3230 3695 3275 mona-

340 3307 528 3368 αῦτοῖς
572 3304 672 3371 τὴν
705 3303 823 3380 περὶ
851 3302 947 3365 τὰς
991 3302 1156 3380 εὒχὰς
1202 3304 1477 3381 καρτερίαν
1526 3305 1614 3360 καὶ
1643 3304 1741 3371 τὴν
1769 3306 1825 3360 ἓν
1857 3316 1977 3365 ταῖς

2066 3307 2203 3364 chos
2217 3308 2400 3376 magis
2417 3307 2717 3376 magisque
2737 3304 3143 3366 roborabat.ad
3162 3317 3399 3377 trecum
3412 3304 3694 3386 majorem

340 3395 609 3463 νηστείαις
667 3390 921 3452 ἕκίδοσιν.
982 3391 1143 3456 Οὗτος
1191 3391 1398 3459 ἀπῆλθε
1429 3393 1526 3467 μὲν
1556 3391 1978 3468 ἐπισκεψόμενός

2066 3388 2433 3447 tolerantiam
2458 3402 2525 3445 ac
2540 3387 2902 3459 jejuniorum
2922 3388 3349 3445 incrementum
3379 3385 3694 3444 adhortan-

339 3505 473 3542 ποτε
514 3487 603 3540 καὶ
654 3485 747 3539 τὸν
805 3481 1025 3556 Συμεών
1050 3496 1066 3513 ⁶
1123 3482 1151 3536 ὁ
1207 3479 1263 3536 δὲ
1307 3479 1604 3555 σύμϐουλον
1662 3488 1862 3538 σκοποῦ
1891 3483 1979 3538 τὸν

2066 3473 2328 3532 do.Conti
2338 3471 2417 3544 git
2440 3484 2629 3531 autem
2651 3482 2712 3531 ut
2735 3472 3043 3545 aliquando
3067 3487 3135 3529 ex
3150 3472 3338 3531 omcio
3354 3486 3580 3544 quoque
3591 3471 3695 3543 Sy-

340 3571 501 3648 ἄνδρα
557 3569 845 3647 λαμϐάνει,
878 3571 965 3626 καὶ
992 3570 1060 3627 τὰ
1115 3570 1212 3636 τῆς
1266 3570 1490 3646 γνώμης
1532 3577 1824 3634 κοινοῦται.
1889 3571 1985 3629 Καὶ

340 3667 369 3720 ὁ
430 3661 632 3727 Βλᾶσος
674 3662 736 3717 τὸ
791 3666 884 3716 τοῦ
938 3658 1252 3736 πράγματος
1294 3658 1519 3737 ἐργῶδες
1564 3660 1653 3716 καὶ
1683 3660 1857 3735 βίαιον
1888 3659 1981 3716 ἐν-

342 3753 650 3825 νοούμενος,
711 3746 1051 3804 συνεϐούλευε
1096 3748 1183 3802 καὶ
1231 3746 1458 3825 παρῄνει
1509 3751 1586 3821 τῷ
1638 3749 1859 3822 Συμεὼν
1905 3749 1982 3823 μὴ

342 3841 434 3896 τᾶν
476 3840 650 3915 βίαιον
684 3839 908 3894 θάνατον
944 3834 1155 3910 ἀρετήν’
1194 3848 1335 3892 εἶναι
1385 3837 1636 3911 νομίζειν,
1686 3838 1984 3895 τούναντίον

341 3930 443 4004 μὲν
498 3938 588 3987 οάν
646 3929 831 3983 κακίαν
891 3925 1151 4002 ἐσχάτην,
1208 3928 1296 3981 καὶ
1354 3932 1486 3982 Θεοῦ
1543 3926 1826 4004 χωρισμὸν
1899 3926 1984 3981 καὶ

342 4019 527 4095 ψυχῆς
570 4016 645 4076 ὡς
688 4012 901 4080 ἀληθῶς
947 4014 1110 4078 αὐτῆς
1154 4012 1401 4075 θάνατον.
1457 4033 1482 4069 ι
1531 4015 1752 4087 Οὔκουν,
1789 4010 1907 4069 ἀλλ’
1938 4013 1984 4068 ὦ

341 4106 539 4181 Πάτερ,
574 4107 602 4159 ὁ
634 4103 854 4176 Συμεὼν
885 4100 1012 4179 ἔφη,
1045 4100 1170 4157 δέκα
1221 4124 1313 4175 μοι
1362 4100 1548 4176 ἄρτους
1605 4102 1839 4180 παράθου
1895 4103 1983 4158 καὶ

343 4195 577 4265 στάμνον
633 4189 842 4265 ὕδατος,
878 4191 970 4246 καί
999 4189 1060 4245 ἂν
1104 4188 1207 4246 ἴδω
1255 4192 1317 4246 τὸ
1374 4196 1531 4264 σῶμα
1573 4193 1769 4269 τροφῆς
1799 4189 1982 4266 δεόμε-

345 4306 456 4361 νον,
512 4279 894 4355 μεταλάψομαί
950 4300 1012 4355 γε
1072 4282 1266 4353 αὒτῶν,
1321 4278 1415 4335 καί
1465 4286 1619 4335 τοῦτο
1662 4281 1981 4354 παραμυθή-

344 4397 508 4449 σομαι
553 4375 621 4430 τὰ
676 4371 875 4433 εἰκότα.
918 4372 1065 4428 Ἐπεὶ
1108 4370 1199 4426 οὖν
1257 4370 1437 4435 καλως
1497 4369 1667 4435 ἔδοξεν
1712 4370 1860 4449 ἔχειν
1917 4371 1982 4426 τὰ

347 4461 623 4535 εἰρημένα,
684 4462 1060 4538 παρατίθενται
1120 4459 1217 4533 μὲν
1261 4458 1315 4515 οἵ
1372 4479 1431 4514 τε
1489 4457 1635 4536 ἄρτοι
1666 4459 1811 4521 εὐθὺς
1845 4462 1984 4532 αὐτῷ

348 4553 436 4608 καὶ
478 4552 541 4606 τὸ
582 4547 719 4625 ὕδωρ
753 4562 767 4576 ·
817 4546 1046 4605 κλείεται
1104 4546 1160 4603 δὲ
1217 4549 1253 4615 ἡ
1305 4568 1399 4604 του
1449 4548 1680 4604 οἰκίσκου
1709 4547 1858 4623 θύρα,
1889 4549 1981 4603 καί

349 4641 417 4696 τὰ
457 4637 679 4713 κλεῖθρα
740 4638 910 4703 πηλὸς
969 4635 1035 4702 ἦν
1097 4634 1283 4700 ἔξωθεν
1327 4636 1493 4701 ταύτη
1550 4633 1983 4712 περιπλαττόμε-

353 4748 467 4801 νος,
501 4728 572 4788 ὡς
604 4723 667 4780 ἂν
702 4726 853 4782 παντὶ
881 4721 1073 4786 ἄϐατος
1119 4724 1213 4790 ε’ίη
1249 4728 1326 4794 τῷ
1354 4723 1652 4801 προσιόντι.
1687 4722 1906 4791 Ἐπειδή
1934 4722 1988 4778 δὲ

352 4818 387 4884 ἦ
436 4814 838 4890 τεσσαρακοστὴ
895 4818 1001 4868 τῶν
1056 4814 1271 4889 ἡμερῶν
1304 4812 1454 4885 ἧκεν,
1499 4813 1771 4890 ἐφίσταται
1801 4814 1829 4868 ὁ
1858 4815 1987 4868 θαυ-

354 4905 560 4980 μαστὸς
616 4902 818 4965 Βλάσος
876 4903 953 4975 τῷ
1009 4899 1259 4975 δωματίῳ
1319 4902 1391 4964 είς
1423 4899 1700 4972 ἐπίσκεψιν
1731 4904 1820 4957 καὶ
1843 4904 1989 4963 αὖθις

353 4995 448 5051 τοῦ
504 4990 722 5067 Συμεών
762 5005 776 5019 ⁸
839 4992 904 5046 τὰ
961 4988 1181 5066 κλεῖθρά
1223 5010 1280 5044 τε
1326 4990 1416 5045 τὸν
1460 4987 1634 5056 πηλὸν
1661 4986 1870 5067 ἀφελὼν
1905 4990 1995 5044 καὶ

353 5087 453 5148 τῆς
502 5080 660 5156 θύρας
719 5077 857 5134 εἴσω
911 5077 1197 5155 γενόμενος
1254 5084 1367 5154 εῦρε
1427 5076 1525 5150 μὲν
1554 5081 1660 5133 τῶν
1703 5073 1874 5154 ἄρτων
1902 5078 1995 5133 τὸν

354 5169 575 5249 ἀριθμὸν
649 5165 767 5225 οὐδὲ
822 5166 1154 5246 βραχύτατον
1221 5165 1380 5243 μέρος
1437 5162 1701 5243 ἐνδέοντα,
1761 5165 1876 5242 εῦρε
1940 5163 1993 5219 δὲ

352 5258 538 5336 πλήρη
591 5256 694 5322 τὴν
752 5253 986 5327 στάμνον
1037 5259 1128 5309 τοῦ
1182 5250 1369 5317 ὕδατος
1404 5268 1419 5284 ⁹
1500 5254 1594 5332 ὁρᾷ
1653 5251 1707 5307 δὲ
1750 5253 1839 5308 καὶ
1904 5254 1995 5309 τὸν

428 5422 506 5491 (8)
528 5419 926 5479 Theodoretus
952 5418 1092 5476 dicit
1137 5418 1316 5476 fuisse
1345 5416 1504 5476 illius
1537 5417 1813 5491 palaestra)
1845 5430 1991 5488 prae—

358 5493 779 5637 lec(t9(;s.Theod.
844 5558 1225 5630 ταιαηοηαπι,
1277 5567 1332 5617 et
1369 5557 1546 5629 addit,
1603 5561 1794 5618 vicum
1834 5558 1995 5617 illum

2068 3574 2341 3619 meonem
2363 3557 2630 3618 visitaret
2660 3555 2797 3636 ;qui
2819 3556 3005 3617 virum
3030 3563 3256 3619 tantum
3288 3564 3563 3636 tamquam
3597 3557 3694 3616 in-

2066 3650 2249 3711 stituti
2280 3654 2372 3711 sui
2403 3648 2802 3710 consultorem
2831 3649 3228 3728 excepit,cum
3261 3666 3451 3731 eoque
3475 3666 3695 3710 arcana

2068 3743 2285 3804 mentis
2305 3760 2428 3803 sum
2446 3741 3145 3804 communicavit.Blasus
3167 3742 3308 3803 dum
3336 3759 3525 3822 usque
3544 3741 3693 3803 adeo

2069 3831 2325 3893 arduum
2361 3849 2428 3891 ac
2458 3830 2786 3893 violentum
2824 3829 3052 3892 vivendi
3093 3830 3333 3891 modum
3364 3829 3692 3908 cognoscit,

2066 3919 2224 3982 serio
2238 3918 2593 3999 Symeonem
2618 3918 3162 3999 monet,suadetque
3189 3936 3263 3980 ne
3286 3924 3537 3979 mortem
3565 3919 3691 3979 vio-

2068 4010 2289 4072 lentam
2314 4008 2547 4072 virtutis
2563 4009 2694 4070 loco
2716 4010 3170 4083 babent;contra
3193 4026 3328 4070 vero
3353 4007 3696 4088 hujusmodi

2064 4100 2347 4161 virtutem
2382 4106 2704 4158 extremam
2737 4097 3200 4175 dementiam,ac
3230 4116 3264 4159 a
3288 4099 3412 4159 Deo
3447 4113 3694 4176 separa-

2066 4188 2313 4261 tionem,
2347 4185 2561 4247 animae
2590 4185 2854 4262 denique
2886 4195 3135 4248 mortem
3171 4185 3693 4265 prmsentissimam

2067 4295 2197 4339 esse
2226 4273 2873 4339 existimet.Enimv’ero
2902 4275 2976 4337 ad
3005 4276 3134 4338 haec
3161 4273 3442 4356 Symeon:
3472 4272 3723 4336 Decem.

2064 4384 2248 4448 panes
2269 4366 2433 4443 juxta
2463 4381 2557 4425 me
2586 4364 3076 4437 colloca,necnon
3106 4382 3273 4444 aqua:
3297 4362 3699 4441 vasculum,ut

2066 4474 2198 4516 cum
2222 4453 2424 4515 videre
2436 4470 2653 4532 corpus
2664 4451 3457 4530 alimentoindigere,statim
3476 4449 3697 4531 aliquid

2066 4560 2325 4622 sumam,
2362 4540 2630 4620 illudque
2653 4540 2871 4603 merito
2902 4539 3562 4604 refocillem.Probatur
3588 4538 3700 4619 Sy-

2073 4630 2305 4694 meonis
2324 4630 2642 4692 sententia:
2669 4646 2853 4710 panes
2874 4646 3009 4690 cum
3029 4646 3177 4708 aqua
3191 4629 3358 4707 juxta
3375 4636 3697 4707 ponuntur,

2071 4719 2428 4782 clauduntur
2457 4716 2833 4779 domunculae
2862 4716 3041 4786 fores,
3068 4724 3128 4778 et
3156 4732 3305 4778 serae
3332 4714 3464 4777 loco
3495 4714 3704 4795 argilla

2073 4806 2661 4886 circumlinuntur,ut
2690 4808 2857 4866 locus
2883 4804 3072 4866 cuivis
3097 4803 3339 4867 adeunti
3360 4802 3703 4869 inaccessos

2077 4893 2679 4960 maneat.Transactis
2707 4893 2946 4956 tandem
2968 4894 3047 4957 40
3071 4892 3285 4955 diebus
3313 4900 3462 4954 astat
3491 4911 3597 4974 pro
3625 4893 3707 4955 ἴοι

2074 4987 2244 5049 ribus
2262 4983 2633 5048 admirabilis
2653 4983 2753 5046 ille
2778 4982 3371 5064 Blasus,Symeonem
3395 4983 3591 5044 denuo
3612 4982 3702 5042 vi-

2077 5078 2359 5145 sitaturus
2390 5071 2820 5151 accedens,qui
2842 5071 3103 5134 claustro
3126 5071 3443 5150 argillaceo
3473 5067 3703 5130 sublato

2076 5163 2319 5225 domum
2377 5163 2704 5240 ingressus,
2757 5178 2974 5240 panum
3008 5177 3321 5222 numerum
3355 5175 3431 5219 ne
3462 5156 3707 5217 minima

2075 5251 2320 5330 quidem
2353 5258 2519 5330 parte
2577 5250 2900 5326 minutum,
2934 5256 3129 5311 utrem
3168 5263 3320 5326 aqua
3348 5244 3541 5306 adhuc
3572 5242 3705 5323 ple-

2070 5417 2392 5488 subjectum
2424 5416 2708 5474 cacumini
2741 5414 3041 5488 montisﬁn
3074 5426 3188 5483 quo
3219 5417 3409 5488 postea
3438 5408 3707 5467 sublimis

2074 5480 2247 5547 statit.
2283 5487 2521 5545 Heraeus
2550 5495 2713 5546 vocat
2740 5480 3416 5552 Talasinum‘oppidum.

2149 5560 2266 5628 (10)
2298 5556 2515 5618 Theod.
2547 5559 2781 5616 Bassum
2814 5563 2998 5612 vocat-
