4128 6198
418 234 532 303 343

1696 238 1863 315 ΜΕΝ
1867 234 1978 296 SIS
2036 235 2490 300 JANUARIUS.

3652 236 3765 313 344

364 406 365 413 η
416 390 559 435 num
592 369 837 450 invenit;
862 371 935 435 ad
956 371 1087 434 hate
1110 371 1368 452 pugilem
1391 388 1563 439 suum
1586 368 1753 432 humi
1785 377 2043 449 prostra-

2155 370 2432 444 εγωνιστὴν
2487 371 2623 428 κατᾶ
2679 377 2781 449 γῆς
2826 370 3160 451 ἐῤῥιμμένον,
3194 372 3282 429 καὶ
3332 372 3470 450 μόνῃ
3520 378 3590 448 τῇ
3631 373 3767 429 ἂνα-

418 470 543 524 tum
576 460 864 542 videt,qui
892 461 1017 522 solo
1036 458 1447 540 respirationis
1467 459 1636 538 signo
1661 477 1726 521 se
1750 466 2051 520 mortuum

420 570 540 615 non
565 569 696 613 esse
717 549 1080 625 declarabat;
1100 565 1292 628 neque
1316 545 1473 608 enim
1502 564 1743 608 movere
1764 564 2054 627 se.neque

420 640 584 722 loqui
615 640 735 702 ullo
769 639 943 700 modo
976 644 1226 716 poterat,
1284 635 1558 697 vitalibus
1605 636 1914 716 spiritibus
1949 654 2055 717 per

420 730 653 807 longam
686 728 943 790 inediam
974 726 1097 788 fere
1130 724 1456 788 exstinctis.
1491 726 1868 805 Quapropter
1894 726 2051 789 divi-

423 835 534 878 nus
563 816 663 878 ille
719 816 925 877 Blasus
972 832 1140 894 aqua;
1169 813 1415 893 spongia
1448 832 1553 876 ore
1581 813 1880 877 Simeonis
1909 814 2052 877 irri-

421 911 578 984 gato,
636 903 933 984 simulque
986 902 1215 977 abluto,
1276 920 1584 964 sacrorum
1636 906 2055 983 mysteriorum

420 990 686 1073 symbola
718 992 803 1053 illi
836 992 1115 1074 porrexit.

504 1082 595 1143 tl.
629 1079 855 1155 Quibus
886 1082 1140 1156 sumptis
1170 1080 1549 1144 corroborari
1579 1085 1758 1161 cospit
1789 1101 1804 1142 :
1865 1088 1985 1142 tum
2023 1100 2057 1143 e

422 1171 551 1232 solo
583 1170 864 1251 paulatim
925 1188 1262 1250 assurgens,
1298 1170 1416 1231 levi
1467 1170 1776 1250 alimento,
1813 1170 2060 1233 lactucis

424 1277 645 1340 nempe
674 1260 1015 1338 agrestibus
1046 1279 1116 1322 ac
1150 1258 1592 1341 intybo,corpus
1612 1259 2061 1323 reﬁciebat.1ta-

426 1368 543 1430 que
572 1349 781 1413 Blasus
813 1369 933 1432 prae
963 1349 1163 1411 inedia
1196 1348 1318 1411 fere
1359 1357 1777 1429 consumptum
1810 1348 2061 1411 ulterius

425 1439 873 1519 reprehendere
897 1439 1286 1518 desiit,magis
1311 1456 1451 1500 vero
1475 1437 1582 1499 viri
1604 1439 2059 1519 temperantiam

427 1532 845 1597 admiratus.ad
865 1534 1167 1605 proprium
1200 1547 1432 1604 gregem
1455 1533 2062 1604 revertitur.magnutn

428 1616 574 1679 illud
609 1616 961 1681 miraculum
986 1616 1263 1679 fratribus
1292 1614 1629 1697 suis(supra
1652 1617 1941 1678 ducentos
1962 1616 2064 1677 ha-

2135 459 2275 533 πνοῇ
2329 459 2389 514 τὸ
2434 460 2510 535 μὴ
2558 462 2739 536 νεκρὸς
2794 462 2938 518 εῖναι
2983 461 3330 519 ἀναπείθοντα
3372 479 3384 492 ·
3453 462 3769 541 φθέγγεσθαι

2135 545 2235 625 γὰρ
2264 546 2299 614 ἢ
2346 551 2608 606 κινεῖσθαι
2654 550 2829 618 πάντη
2871 549 3129 614 ἀδύνατος
3162 551 3249 629 ἢν,
3293 550 3361 618 τῆ
3390 551 3569 628 μακρᾷ
3596 550 3773 627 ἐκείνῃ

2136 633 2308 707 ἀσιτίᾳ
2360 637 2457 705 τῆς
2535 639 2765 709 ζωτικῆς
2826 644 2970 713 αὐτῷ
3031 638 3303 714 δυνάμεως
3369 638 3771 697 ἐναποσὸεσθεί-

2135 745 2260 790 σης.
2320 729 2591 804 Σπογγίαν
2636 738 2913 806 τοιγαροῦν
2956 725 3139 790 ὕδατος
3200 732 3227 785 6
3257 732 3404 793 θεῖος
3448 727 3650 791 Βλᾶσος
3683 730 3771 784 αἰ-

2136 813 2327 885 τήσας,
2361 816 2448 870 καὶ
2492 817 2656 893 ταύτῃ
2688 824 2765 891 τῷ
2795 818 3019 891 στόματι
3076 821 3169 873 τοῦ
3227 819 3445 893 Συμεὼν
3499 815 3773 896 διαόρέξας

2137 903 2225 958 καὶ
2268 901 2597 979 ἆποκλύσας,
2644 907 2709 962 τὰ
2751 904 2992 982 σύμϐολα
3048 913 3155 965 τῶν
3210 908 3358 964 θείων
3391 912 3532 980 αὗτῷ
3563 905 3772 985 προσῆ-

2139 1012 2294 1068 νεγκε
2322 994 2651 1071 μυστηρίων.

2221 1078 2297 1135 ια’
2369 1073 2427 1138 (Ο
2486 1079 2537 1136 δέ
2600 1081 2613 1101 ’
2660 1083 2851 1139 -’έ’σθ
3240 1109 3251 1118 ’
3295 1086 3309 1104 “

2310 1126 2325 1142 .
2518 1116 2540 1137 ε
2594 1104 2787 1161 ανερρω
2857 1106 2889 1151 η
2948 1106 3004 1140 τε
3067 1106 3380 1165 μετασχων,
3440 1086 3525 1142 καὶ
3566 1087 3774 1142 ὑπανα-

2140 1169 2268 1232 στὰς
2299 1171 2435 1227 κατᾶ
2458 1173 2634 1252 βραχὺ
2693 1179 2784 1230 τοῦ
2827 1171 3072 1253 ἐδάφους,
3118 1172 3413 1253 θριδακίνας
3473 1176 3562 1232 καὶ
3603 1175 3775 1254 σέρεις

2143 1257 2345 1329 λεπτήν
2404 1282 2523 1316 τινα
2591 1264 2790 1342 τροφὴν
2882 1265 2971 1319 καὶ
3045 1264 3309 1343 βραχεῖαν
3375 1266 3643 1341 προσίετο.
3703 1266 3776 1323 T6

2143 1346 2395 1424 ἐγκαλεῖν
2429 1350 2571 1425 αύτῷ
2602 1361 2877 1429 τοιγαροῦν
2931 1355 2957 1408 6
2997 1356 3300 1428 θαυμαστὸς
3352 1354 3555 1419 Βλάσος
3598 1355 3774 1433 ἆῖεὶς,
3810 1400 3817 1401 κ

2143 1440 2236 1493 οἷα
2264 1445 2453 1515 μικροῦ
2484 1437 2569 1495 διὰ
2596 1439 2695 1507 την
2726 1440 2927 1497 ἀσιτίαν
2962 1441 3535 1522 ἐκλελιιιπότι,μᾶλλον
3559 1443 3655 1515 μὲν
3687 1443 3777 1499 οὖν

2145 1526 2231 1579 καὶ
2288 1527 2666 1605 ὑπεραγασθεὶς
2711 1530 2801 1585 τὸν
2832 1527 2990 1607 ἄνδρα
3019 1533 3118 1597 τῆς
3176 1532 3475 1610 καρτερίας,
3537 1536 3634 1598 την
3693 1534 3777 1588 εἱ-

2145 1614 2292 1669 κείαν
2363 1615 2562 1691 ἀγέλην
2622 1615 2773 1696 (ὑπὲρ
2826 1617 3122 1683 διακοσίους
3181 1621 3272 1676 τὸν
3315 1620 3534 1697 ἀριθμὸν
3589 1618 3775 1700 ὄντας)

429 1706 636 1783 bebat)
654 1716 1000 1769 narraturus
1033 1705 1181 1787 (tl).
1210 1702 1464 1786 Symeon
1495 1723 1633 1766 vcro
1668 1724 1734 1767 ex
1768 1705 1871 1766 illo
1906 1713 2060 1766 tem-

2155 1702 2567 1787 καταλαμβάνει,
2624 1708 2711 1763 καὶ
2768 1709 2828 1763 τὸ
2880 1708 3016 1785 μέγα
3059 1716 3216 1765 τοῦτο
3266 1712 3449 1773 αὖτοῖς
3508 1707 3781 1787 διηγεῖται

430 1815 580 1877 pore
626 1796 685 1857 in
710 1795 874 1858 omni
897 1796 1013 1857 vita
1040 1783 1162 1875 (Η)
1196 1783 1405 1857 eadem
1437 1793 1639 1855 inedia
1667 1812 1810 1855 usus
1835 1793 1966 1873 fuit,
1997 1811 2067 1857 ac

2155 1795 2339 1866 θαῦμα.
2408 1783 2461 1850 Ὀ
2541 1793 2724 1868 μέντοι
2791 1797 3010 1870 Συμεὼν
3085 1795 3135 1862 ἐξ
3192 1797 3393 1855 ἐκείνου
3434 1805 3503 1875 τῇ
3562 1800 3782 1875 τοιαύτῃ

430 1903 639 1946 novem
665 1884 911 1946 omnino
937 1892 993 1945 et
1015 1883 1253 1961 triginta
1280 1882 1410 1944 dies
1426 1882 1557 1944 sine
1574 1882 1708 1944 cibo
1732 1882 1854 1943 ullo
1880 1890 2067 1943 trans-

2155 1878 2231 1935 διὰ
2296 1880 2476 1947 πάσης
2536 1886 2692 1941 αὐτοῦ
2746 1888 2845 1951 τῆς
2904 1890 3047 1955 ζωῆς
3108 1886 3378 1965 ἐπέχρητο
3441 1888 3639 1966 ἀσιτίᾳ,
3698 1888 3785 1943 καὶ

429 1973 651 2056 igebat;
684 1973 1139 2054 quadragesima
1167 1971 1321 2052 dies,
1350 1971 1661 2050 praesentis
1689 1971 2067 2033 abstinentiae

2155 1968 2428 2047 τριάκοντα
2486 1971 2583 2045 μὶν
2638 1973 2767 2049 πρὸς
2794 1985 2922 2037 ταζς
2953 1973 3099 2030 ἐννέα
3130 1974 3259 2037 ὅλας
3315 1976 3521 2052 ἡμέρας
3553 1979 3612 2032 τὸ
3670 1998 3781 2032 πα-

430 2061 829 2137 ﬁnis,initium
864 2061 1039 2123 dabat
1070 2060 1644 2140 futuraa,corpusque
1679 2059 2059 2131 exhaustum,

432 2170 630 2234 neque
658 2170 765 2232 per
788 2157 1090 2231 perpetuae
1121 2148 1492 2223 stationi,sed
1520 2149 1642 2227 jam
1664 2149 1878 2228 jacens
1907 2149 2068 2211 velut

436 2259 648 2302 manus
677 2237 1044 2302 sublevabat.
1078 2236 1379 2317 Jejunium
1415 2255 1550 2298 cum
1576 2239 1700 2314 jam
1738 2236 1937 2298 denuo
1972 2240 2067 2298 in-

435 2330 700 2401 choaret,
736 2334 1082 2390 consuetam
1142 2325 1481 2405 stationem,
1517 2325 1790 2387 caelestes
1821 2327 2070 2404 hymnos

429 2422 723 2481 cantando
745 2418 1349 2491 usurpabat,il|osque
1361 2425 1593 2475 erectus
1607 2417 1726 2475 Deo
1747 2418 2070 2474 dedicabat.

435 2497 582 2570 Cum
616 2507 687 2569 ad
721 2505 981 2568 medium
1007 2501 1476 2584 quadragesimae
1493 2500 2072 2581 pervenisset,nimia

438 2594 777 2674 defatigatio
801 2593 979 2657 etiam
1012 2591 1311 2652 nolentem
1344 2589 1559 2651 sedere
1580 2589 2073 2669 cogebat,corpo-

437 2686 523 2749 ris
551 2682 924 2746 facultatibus
957 2698 1075 2762 prae
1132 2677 1331 2740 inedia
1363 2678 1643 2758 paulatim
1676 2679 2070 2758 consumptis.

438 2773 681 2836 Evoluto
712 2771 930 2834 deinde
985 2777 1149 2832 certo
1201 2767 1434 2829 dierum
1468 2766 1695 2829 circulo
1730 2766 1935 2829 vitales
1966 2785 2073 2828 ac-

441 2863 636 2925 tiones
662 2860 995 2929 cessabant,
1026 2866 1150 2918 tum
1210 2864 1269 2918 et
1325 2857 1483 2916 hunc
1514 2855 1752 2935 quidem
1788 2855 1848 2913 in
1881 2855 2072 2916 solum

2150 2057 2318 2135 ράπαν
2360 2056 2540 2120 ἄσιτος
2594 2059 2775 2116 εἷλκεν
2808 2077 2822 2090 ⁸
2887 2063 2922 2129 ἡ
2969 2066 3362 2142 τεσσαρακοστὴ
3421 2063 3477 2120 δὲ
3534 2063 3785 2141 διαγενο-

2151 2145 2286 2221 μένη
2343 2145 2494 2210 τέλος
2526 2149 2666 2221 αἶ)τῷ
2710 2154 2807 2215 τῆς
2867 2151 3138 2227 παρούσης
3183 2153 3411 2226 ἀσιτίας,
3458 2154 3545 2208 καὶ
3606 2152 3782 2229 ἄπαρ-

2150 2234 2263 2313 χὴν
2315 2237 2413 2301 τῆς
2481 2234 2785 2310 μελλούσης
2844 2239 3134 2315 εἷργαζετο,
3192 2244 3496 2308 πεπονηκός
3551 2262 3608 2296 τε
3650 2243 3785 2298 ἁνα-

2153 2321 2494 2397 λαμϐάνουσα
2525 2326 2585 2380 τὸ
2610 2329 2787 2404 σῶμα,
2848 2330 2936 2381 καὶ
2991 2325 3126 2400 μηδὲ
3185 2331 3316 2403 πρὸς
3374 2330 3471 2395 τὴν
3518 2330 3787 2407 πάννυχον

2155 2412 2361 2478 ἐκείνην
2445 2413 2628 2470 στάσιν
2684 2416 3058 2492 ὑπηρετεῖσθαι
3139 2414 3432 2495 δυναμένῳ,
3494 2416 3613 2475 ἀλλ’
3684 2416 3787 2485 ἤδη

2156 2500 2384 2576 κειμένῳ
2427 2503 2585 2557 οἱονεί
2612 2507 2727 2558 τινα
2770 2516 2935 2583 χεῖρα
2992 2503 3270 2582 ὀρέγουσα.
3319 2504 3652 2583 ’Λρχόμενος
3686 2507 3783 2579 μὲν

2157 2590 2256 2668 γὰρ
2297 2592 2395 2656 τῆς
2440 2591 2687 2657 νηστείας
2733 2598 2799 2667 τῇ
2863 2594 3071 2661 συνήθει
3104 2592 3285 2649 στάσει
3315 2593 3440 2669 περὶ
3472 2595 3591 2652 τοὺς
3622 2595 3790 2656 θείους

2155 2678 2349 2745 ὕμνους
2405 2678 2635 2758 ἐχρῆτο,
2694 2682 2781 2736 καὶ
2823 2682 2972 2757 ὀρθὸς
3020 2682 3234 2745 τούτους
3275 2681 3407 2737 ἀνίει
3439 2689 3554 2756 Θεῴ
3587 2698 3600 2711 ⁸
3634 2683 3791 2749 ἡνίκα

2155 2766 2209 2824 δὲ
2268 2769 2386 2845 περὶ
2443 2767 2606 2842 μέσας
2664 2769 2758 2833 τὰς
2816 2769 3208 2846 τεσσαράκοντα
3265 2770 3529 2850 φθάσειεν,
3582 2770 3791 2827 ἐκάθισε

2155 2859 2243 2913 καὶ
2302 2856 2497 2911 ἄκοντα
2552 2864 2735 2913 τοῦτον
2807 2860 2834 2913 6
2892 2860 3082 2933 κόπος,
3144 2863 3239 2928 τῆς
3299 2862 3611 2934 σωματικῆς
3644 2858 3795 2915 δυνά-

441 2950 902 3033 prosternebant
934 2965 948 3011 :
984 2947 1111 3027 ipse
1142 2963 1280 3006 vero
1313 2961 1507 3024 neque
1542 2943 1629 3040 sic
1656 2942 2012 3004 constitutus
2041 2962 2067 3005 a

2157 2966 2300 3019 μεως
2337 2949 2405 3020 τῇ
2463 2942 2634 3017 ἀσιτίᾳ
2677 2946 2813 3002 κατὰ
2859 2949 3047 3025 μικρὸν
3105 2945 3517 3014 ὕποδεδωκυίας.
3577 2950 3792 3025 Λήγον-

442 3030 634 3104 sacris
665 3037 897 3121 hymnis
927 3033 1282 3113 abstinebat;
1319 3050 1522 3095 verum
1558 3031 2067 3121 laborum‘remis-

2155 3054 2247 3092 τος
2304 3031 2355 3088 δὲ
2418 3030 2521 3099 ἤδη
2579 3037 2674 3090 τοῦ
2713 3036 2962 3092 τοιούτου
2992 3042 3097 3093 τῶν
3129 3038 3341 3116 ἡμερῶν
3372 3037 3594 3117 κυκλου,
3632 3059 3792 3096 συνα-

443 3130 559 3205 sio,
593 3117 722 3192 imo.
742 3128 1115 3199 alimentum,
1146 3122 1406 3201 denique
1437 3128 1496 3181 et
1524 3136 1772 3181 somnus
1794 3117 1880 3178 illi
1905 3132 2074 3182 erant

443 3219 640 3282 divina
670 3217 927 3297 eloquia.
957 3214 1096 3276 Haac
1128 3210 1403 3292 Symeoni
1429 3208 1553 3288 jam
1585 3206 1736 3268 c0310
1760 3206 1961 3286 digno,
1998 3208 2074 3271 li-

443 3317 538 3373 cet
567 3316 786 3371 terram
819 3301 1127 3375 incolenti,
1160 3299 1292 3362 vitae
1320 3298 1474 3359 ratio
1504 3303 1650 3357 erat.

442 3399 620 3455 πόνων
671 3399 813 3469 αύτῷ
842 3394 928 3450 καὶ
983 3391 1151 3471 τροφὴ
1195 3389 1281 3444 καὶ
1310 3388 1471 3450 ὕπνος
1528 3387 1593 3442 τὰ
1643 3389 1762 3443 θεῖα
1821 3386 1976 3466 λόγια
2005 3390 2093 3458 ἧν.

442 3485 569 3559 ἀξίῳ
599 3485 819 3559 Συμεὼν
847 3486 884 3552 ἦ
910 3479 1173 3558 διαγωγή,

523 3577 623 3636 ιε.
647 3572 1035 3650 Posteaquam
1070 3582 1208 3628 vero
1238 3581 1376 3628 eum
1402 3562 1465 3625 in
1496 3561 1753 3625 sublime
1787 3564 2075 3626 elevatum

440 3662 717 3726 columna
732 3653 1217 3731 tenuit,omnium
1242 3670 1379 3730 quae
1398 3652 1461 3713 in
1483 3669 1684 3713 rerum
1709 3661 1919 3714 natura
1941 3661 2079 3715 sunt

441 3750 659 3814 oblitus
689 3765 822 3812 esse
855 3742 1189 3817 videbatur,
1209 3758 1446 3803 omnem
1479 3740 1684 3802 sedem
1717 3759 1786 3802 ac
1822 3741 2078 3804 cubandi

440 3838 938 3920 opportunitatem
957 3828 1394 3920 recusabat.Ad
1414 3828 1539 3890 haec
1565 3830 1791 3920 trabem
1817 3838 2075 3920 erectam

439 3917 620 4007 super
639 3925 976 3988 columnam
1001 3917 1421 4007 διοίσουσι,ουὶ
1444 3936 1509 3979 se
1539 3917 1686 4007 adeo
1712 3918 1946 3980 fortiter
1977 3919 2073 3981 al-

441 4005 755 4091 lig‘abat,ut
785 4028 860 4071 ne
889 4005 1109 4069 volenti
1138 4005 1377 4086 quidem
1408 4017 1511 4067 aut
1539 4006 1751 4067 sedere
1775 4007 2075 4068 autiucli-

442 4118 588 4164 nare
612 4117 677 4160 se
707 4096 1057 4171 liceret,hac
1085 4094 1315 4156 ratione
1344 4094 1490 4156 illud
1523 4094 1910 4174 quadraginta
1941 4096 2071 4156 die-

440 4208 573 4253 rum
599 4186 816 4270 jejunii
847 4184 1098 4247 stadium
1133 4183 1501 4264 perﬁciebat.
1528 4184 1909 4246 Postmodum
1933 4202 2075 4246 vero

441 4275 784 4339 uberiorem
817 4292 851 4335 e
900 4273 1052 4336 coelo
1110 4271 1358 4353 adeptus
1408 4272 1677 4351 gratiam,
1739 4291 1934 4353 neque
1960 4274 2075 4335 hoc

441 4363 662 4426 auxilio
692 4361 995 4441 indigebat
1028 4378 1042 4423 :
1078 4377 1278 4422 verum
1332 4359 1725 4441 quadraginta
1762 4370 1914 4424 totos
1944 4360 2074 4422 dies

440 4452 693 4515 vinculis
713 4450 1104 4523 solutus,sine
1127 4457 1701 4526 tecto,erectus,non
1734 4448 2072 4524 inclinatus,

443 4541 756 4623 impastus,
788 4541 908 4602 imo
940 4538 1067 4601 fere
1095 4537 1227 4600 sine
1273 4556 1450 4601 carne
1500 4537 1775 4601 columna
1804 4537 2073 4619 quaedam

443 4631 569 4694 viva
599 4638 659 4695 et
686 4631 947 4693 animata
974 4628 1358 4693 consistebat.

2096 4251 2141 4302 D

2156 3120 2361 3198 πέληγε
2417 3122 2501 3178 καὶ
2557 3123 2622 3179 τὰ
2678 3124 2773 3191 τῆς
2831 3130 3063 3195 ζωτικῆς
3113 3125 3403 3203 ἐνεργείας,
3457 3125 3550 3183 καί
3610 3126 3792 3182 τοῦτον

2158 3211 2256 3284 μὲν
2311 3212 2398 3267 ἐπὶ
2445 3218 2536 3268 τοῦ
2594 3209 2812 3291 ἐδάφους
2843 3213 3151 3271 κατέκλινεν
3185 3234 3200 3251 ⁸
3233 3217 3261 3271 6
3292 3214 3347 3270 δὲ
3381 3213 3496 3272 οὕδέ
3525 3215 3662 3271 οὕτω
3691 3217 3795 3272 τῶν

2158 3303 2312 3378 ἱερῶν
2362 3302 2576 3358 ἐκείνων
2604 3300 2783 3376 ὕμνων
2827 3303 3103 3383 ἀφίστατο,
3141 3302 3277 3359 ἀλλὰ
3324 3306 3412 3359 καὶ
3468 3303 3645 3367 ἄνεσις
3689 3305 3793 3361 τῶν

2154 3388 2297 3455 Αὕτη
2354 3390 2451 3465 μὲν
2483 3389 2547 3456 δὴ
2589 3396 2688 3459 τῆς
2748 3393 2848 3470 γῆς
2882 3391 2957 3448 ἔτι
3001 3393 3222 3467 ψαύοντι
3277 3396 3355 3453 τῶ
3383 3398 3486 3450 τῶν
3546 3392 3798 3469 οὖρανίων

2242 3567 2343 3645 ιβ’.
2398 3565 2620 3635 Ἐπειδὴ
2679 3567 2734 3624 δὲ
2790 3569 3075 3648 μετάρσιον
3132 3571 3287 3627 αὺτὸν
3349 3571 3479 3649 εἶχε
3546 3573 3574 3626 6
3644 3570 3797 3649 κίων,

2161 3657 2559 3715 ἐπιλανθάνεται
2627 3657 2723 3732 μὲν
2793 3664 2893 3725 τῆς
2972 3661 3157 3725 κοινῆς
3235 3659 3483 3716 ἁπάντων
3539 3659 3744 3737 φύσεως
3781 3676 3795 3690 ⁸

2158 3746 2428 3825 ἠρνήσατο
2471 3743 2524 3801 δὲ
2581 3746 2671 3802 καὶ
2713 3746 2810 3814 τὴν
2851 3746 3106 3826 καθέδραν
3150 3749 3238 3805 καὶ
3294 3750 3396 3815 τὴν
3459 3746 3797 3827 κατάκλισιν,

2160 3836 2247 3892 καὶ
2289 3833 2443 3891 δοκὸν
2473 3834 2571 3908 μὲν
2599 3834 2769 3912 ὄρθιον
2796 3836 2881 3891 ἐπὶ
2948 3844 3039 3894 τοῦ
3087 3838 3262 3900 κίονος
3321 3838 3550 3909 στήσας,
3612 3838 3799 3894 ἑαυτὸν

2158 3922 2211 3979 δὲ
2269 3930 2338 4000 τῇ
2396 3920 2536 3996 δοκῷ
2587 3921 2915 4003 προσδήσας,
2948 3926 3021 3987 ὡς
3078 3926 3141 3980 ἂν
3183 3922 3321 4000 μηδὲ
3350 3924 3661 4001 βουλομένῳ
3690 3948 3795 3982 κα-

2155 4010 2451 4068 τακλίνεθαι
2500 4008 2637 4085 μηδὲ
2683 4013 2909 4083 καθίζειν
2942 4012 3088 4088 ἐξην,
3119 4012 3262 4070 «δύτω
3290 4015 3352 4070 τὸ
3402 4016 3798 4093 τεσσαράκοντα

2154 4102 2370 4177 ἡμερῶν
2428 4102 2604 4156 ἐκεῖνο
2666 4105 2764 4166 τῆς
2828 4101 3078 4167 νηστείας
3134 4100 3258 4168 ἤνυε
3317 4100 3551 4164 στάδιον,
3616 4101 3800 4179 Χρόνῳ

2157 4187 2211 4244 δὲ
2264 4188 2477 4267 ὕστερον
2563 4186 2944 4263 δαψιλεστέρας
3029 4188 3337 4254 ἀπολαύσας
3420 4195 3513 4259 τῆς
3599 4190 3798 4247 ἄνωθεν

2158 4278 2401 4357 χάριτος,
2433 4276 2551 4333 οὑδὲ
2595 4277 2792 4344 ταύτης
2837 4275 3011 4334 ἐδεῖτο
3069 4281 3167 4345 τῆς
3223 4280 3492 4355 βοηθείας,
3543 4278 3680 4334 ἀλλὰ
3711 4281 3801 4335 καὶ

2156 4367 2250 4432 τὰς
2305 4365 2697 4444 τεσσαράκοντα
2752 4364 2879 4432 ὅλας
2915 4365 3113 4445 ἡμέρας
3158 4365 3365 4441 ἄδετος,
3399 4368 3648 4444 ἄστεγος,
3699 4367 3797 4445 ὅρ-

2157 4458 2290 4528 θιος,
2352 4453 2598 4534 ἀκλινὴς,
2658 4454 2859 4525 ἄσιτος,
2919 4464 3108 4533 μικροῦ
3165 4458 3255 4513 καὶ
3320 4454 3547 4535 ἄσαρκος
3606 4456 3797 4514 ἵστατο

2158 4541 2333 4612 στήλη
2364 4565 2444 4607 τις
2475 4543 2620 4614 ζῶσα
2643 4544 2731 4601 καὶ
2763 4541 3034 4624 ἔμψυχος.

1915 4725 2151 4787 CAPUT
2205 4727 2299 4784 III.

1517 4843 1748 4903 Maximi
1777 4843 1847 4898 ad
1885 4859 2009 4902 eum
2035 4843 2356 4917 populorum
2382 4859 2706 4903 concursus.

521 4993 850 5058 l3.Verum
866 4995 1134 5057 ordinem
1156 5009 1355 5056 rerum
1379 5003 1677 5075 gestarum
1700 5004 1902 5059 nostra
1926 5011 2071 5075 prie-

441 5082 618 5146 vertit
642 5081 992 5163 oratio,quae
1012 5083 1201 5146 instar
1217 5085 1431 5146 ﬂorum
1446 5085 1602 5147 bene
1615 5085 1902 5147 olentium
1933 5101 2067 5145 om-

438 5173 540 5234 nia
557 5171 630 5234 ad
665 5189 730 5233 se
757 5172 1021 5236 trahunt.
1053 5171 1235 5235 Nobis
1261 5190 1401 5236 vero
1435 5172 1737 5255 prioribus
1767 5173 2071 5237 inhaerens

503 5340 618 5407 (ll)
651 5338 909 5410 Exponit
937 5340 1034 5396 hic
1082 5339 1477 5399 Theodoretus
1535 5350 1826 5399 austeram
1859 5357 2065 5401 eorum

430 5408 558 5465 vitae
587 5408 899 5467 rationem.

505 5478 620 5557 (12)
647 5479 1013 5557 Ribadineira
1047 5482 1126 5538 ait
1172 5481 1493 5553 quotannis
1520 5482 1699 5539 semel
1739 5481 2065 5557 id_Symeo-

432 5560 567 5609 nem
594 5550 901 5619 factitasse,
935 5560 1135 5622 postea
1162 5550 1296 5611 vero
1326 5562 1563 5628 propter
1593 5553 1855 5627 corporis
1870 5550 2066 5614 ‘imbe-

2234 4998 2330 5074 ιγ’.
2363 4996 2531 5054 Ἀλλὰ
2564 4999 2844 5076 προφθάνει
2886 4997 2985 5065 τὴν
3036 5002 3142 5053 τῶν
3193 4998 3524 5076 πραγμάτων
3553 4996 3790 5055 ἀκολου-

2150 5088 2263 5143 θίαν
2311 5089 2340 5142 ὁ
2396 5084 2577 5163 λόγος,
2632 5086 2846 5151 πάντως
2898 5085 3244 5164 ἐπαγομένων
3289 5089 3420 5165 πρὸς
3477 5088 3636 5143 ἑαυτὸ
3694 5106 3792 5143 κα-

2149 5174 2315 5252 θάπερ
2367 5173 2433 5228 τὰ
2489 5172 2660 5242 εὓώδη
2702 5180 2807 5231 τῶν
2850 5174 3071 5250 ἀνθέων,
3124 5176 3257 5250 ἡμῖν
3286 5173 3341 5231 δὲ
3376 5180 3482 5230 τῶν
3514 5173 3790 5253 προτέρων

2150 5338 2442 5398 cillitatem
2518 5349 2779 5398 coactum
2829 5341 3221 5398 austeritatem
3278 5341 3589 5399 moderari.
3645 5339 3792 5398 Citat

2148 5410 2572 5468 Theodoretum
2607 5430 2620 5467 :
2654 5426 2854 5469 verum
2893 5411 2950 5469 id
3010 5410 3401 5469 Theodoretus
3454 5426 3570 5468 non
3612 5411 3782 5478 dicit;

2147 5482 2316 5553 cujus
2344 5482 2468 5538 haec
2502 5482 2671 5540 verba
2704 5492 2838 5539 sunt
2872 5498 2886 5538 :
2928 5503 2953 5553 «ί
2975 5481 3228 5553 Tempus
3249 5492 3439 5541 autem
3464 5493 3519 5541 et
3538 5482 3790 5543 assueta-

2147 5552 2260 5611 otio
2291 5553 2535 5611 multum
2565 5553 2813 5611 detraxit
2842 5552 2911 5611 de
2945 5552 3163 5610 labore.
3199 5573 3221 5604 ι
