4128 6198
302 320 424 388 345

1407 323 1594 387 VITA
1637 324 1698 386 S.
1744 317 2132 386 SYMEONIS
2174 314 2558 381 STYLITzE.

3549 303 3668 371 346

301 455 422 524 ἤτω
465 455 752 536 ἐχόμενος.
824 455 912 516 Ἐν
975 463 1052 530 τῷ
1097 455 1468 534 προειρημένῳ
1511 457 1678 513 τοίνυν
1723 455 1941 528 οἰκίσκῳ

2028 451 2433 533 progrediatur
2487 449 2771 514 narratio.
2829 447 2896 511 In
2963 445 3247 536 praedicta
3301 442 3665 536 domuncula

299 548 479 624 τρίτον
559 544 978 624 διακαρτερήσας
1046 545 1282 602 ἐνιαυτὸν
1341 546 1425 602 ἐπὶ
1490 546 1586 613 τὴν
1645 543 1936 624 πολυθρύλ-

300 633 470 701 λητον
539 635 745 703 ἐκείνην
819 644 912 693 τοῦ
978 633 1128 712 ὅρους
1199 635 1430 715 κορυφὴν
1487 633 1778 714 ἀναϐαίνει,
1858 634 1943 689 καὶ

297 723 482 799 κύκλῳ
523 725 732 805 τειχίον
776 723 1195 802 περιϐαλόμενος
1249 724 1508 802 ὕπαιθρον
1559 725 1657 799 μὲν
1710 725 1806 792 τὴν
1853 722 1942 779 οἵ·

295 836 459 880 κησιν
503 815 656 894 εἶχε,
703 817 934 872 καύσωνι
977 815 1062 871 καὶ
1108 815 1276 894 ψύχει
1324 813 1587 876 παλαίων.
1621 811 1843 871 ’Ἃλυσιν
1886 811 1941 868 δὲ

293 901 520 982 σιδηραν
576 911 809 984 πὶιγεων
881 904 1055 961 εἴκοσι
1117 905 1498 983 κατεσκεύασε,
1582 904 1670 960 καὶ
1726 903 1942 980 θάτερον

291 995 394 1067 μὲν
439 999 543 1050 τῶν
587 993 766 1074 ἅιιρων
809 996 974 1061 αὐτῆς
1036 994 1203 1074 πέτρᾳ
1275 997 1376 1050 τινὶ
1432 995 1656 1074 μεγίστῃ
1713 992 1940 1072 ἐνείρας,

290 1082 512 1160 θάτερον
555 1081 611 1138 δὲ
668 1082 752 1140 διά
808 1107 953 1148 τινος
1009 1083 1183 1160 κρίνου
1211 1087 1288 1157 τῷ
1317 1084 1493 1156 οἰκείῳ
1543 1081 1661 1140 ποδὶ
1703 1081 1938 1159 ἐνήρμο-

292 1193 413 1250 σεν,
467 1174 540 1237 ὡς
602 1172 664 1227 ἂν
723 1171 862 1248 μηδὲ
912 1171 1110 1252 σφόδρα
1140 1172 1330 1230 ἐθέλων
1365 1170 1464 1238 ἔξω
1492 1179 1596 1229 τῶν
1628 1171 1764 1252 ὅρων
1797 1171 1941 1228 ὲκεί-

299 1282 406 1316 νων
462 1262 633 1322 ἀπίοι.
686 1260 956 1340 Διέτριϐεν
1014 1261 1157 1318 ἔνδον
1209 1263 1300 1318 ἀεὶ
1356 1269 1432 1334 τῷ
1479 1264 1702 1342 οὐρανίῳ
1759 1260 1943 1318 κάλλει

303 1349 456 1425 μόνῳ
501 1350 832 1426 ἐνατενίζων,
877 1365 996 1410 τοῖς
1037 1352 1091 1407 ἐν
1135 1355 1279 1426 αὖτῷ
1309 1374 1364 1408 τε
1412 1352 1668 1426 θεάμασιν
1713 1349 1942 1430 ἐμφιλο-

302 1447 527 1519 χωρῶν,
581 1443 668 1498 καὶ
731 1441 936 1498 πλείονι
989 1449 1066 1515 τῷ
1117 1442 1264 1515 πόθῳ
1318 1443 1406 1498 καὶ
1457 1442 1757 1520 θερμοτέρῳ
1812 1442 1941 1519 πρὸς

2027 553 2336 624 postquam
2369 543 2625 605 triennio
2659 541 3060 622 perdurasset,
3095 535 3463 600 celebratum
3495 534 3664 595 illum

2028 633 2244 693 montis
2275 633 2554 694 verticem
2587 631 2880 704 ascendit,
2933 629 3037 692 ubi
3067 625 3458 691 circumcirca
3493 642 3661 686 muro

2026 721 2254 783 cinctus
2283 739 2476 782 casam
2509 720 2840 783 subdialem
2875 721 3100 794 habuit,
3135 717 3196 778 in
3225 735 3342 794 qua
3373 733 3508 777 cum
3547 712 3657 774 fri-

2025 829 2167 889 gore
2199 819 2258 872 et
2285 811 2485 872 calore
2515 810 2866 872 luctabatur.
2905 809 2996 870 Ad
3027 809 3154 870 Ιιωο
3187 815 3458 868 catenam
3493 823 3524 865 e
3551 803 3660 865 fer-

2024 918 2090 961 ro
2121 899 2492 976 longitudine
2540 901 2876 962 cubitorum
2934 898 3135 978 viginti
3179 895 3293 958 sibi
3327 901 3658 974 comparat,

2024 990 2193 1069 cujus
2223 1007 2399 1051 unam
2461 991 2894 1052 extremitatem
2941 987 3165 1067 ingenti
3197 1004 3335 1047 saxo
3367 989 3658 1057 annectit,

2023 1079 2271 1140 alteram
2305 1097 2413 1159 per
2440 1079 2722 1141 annulum
2774 1079 3013 1160 proprio
3064 1073 3201 1158 pedi
3232 1075 3470 1155 adaptat
3507 1071 3661 1152 (l3),

2024 1175 2192 1229 utne
2223 1168 2272 1228 si
2329 1168 2504 1229 vellet
2564 1167 2806 1249 quidem
2866 1167 3084 1228 limites
3132 1173 3379 1227 statutos
3404 1161 3660 1224 transire

2025 1256 2470 1337 posset.Verum
2493 1258 2650 1319 intus
2682 1266 2968 1338 perpetuo
3006 1252 3482 1334 morabatur,uni
3513 1251 3662 1313 coelo

2023 1345 2364 1422 intendens;
2390 1348 2570 1428 inque
2595 1350 2723 1425 ejus
2754 1347 2833 1407 ita
2852 1345 3115 1408 hisrebat
3137 1344 3368 1406 deﬁxus
3388 1349 3661 1421 aspectu,

2028 1435 2196 1513 quasi
2221 1437 2342 1516 jam
2375 1437 2573 1498 animo
2605 1435 2940 1498 inhabitare
2971 1435 3293 1514 videretur;
3329 1431 3536 1512 majori
3568 1439 3661 1491 ta-

300 1529 506 1588 ἐκείνου
561 1529 884 1609 δημιουργὸν
937 1531 1289 1610 ἀναγόμενος.
1338 1530 1594 1596 Μελέτιος
1653 1529 1730 1605 δὲ,
1781 1535 1826 1605 ᾧ
1881 1532 1941 1589 τὰ

2030 1542 2162 1585 men
2197 1543 2262 1586 ac
2307 1524 2647 1587 ferventiori
2681 1524 2975 1587 desiderio
3006 1524 3065 1586 in
3098 1522 3433 1586 caelestium
3462 1538 3662 1582 rerum

300 1621 401 1685 τῆς
458 1619 726 1686 εὐσεϐείας
785 1628 1077 1688 τηνικαῦτα
1131 1621 1420 1700 ἐνίδραστο,
1472 1623 1564 1678 τὸν
1627 1622 1941 1700 ἀρχιερατιο

2028 1613 2398 1676 conditorem
2433 1615 2760 1678 ferebatur.
2792 1614 2958 1676 Tunc
2992 1613 3262 1674 Meletius
3289 1613 3444 1690 (14),
3482 1610 3664 1700 νίιῖίη

301 1709 396 1763 κον
447 1710 633 1782 θρόνον
687 1710 785 1778 τῆς
846 1709 1130 1789 Ἀντιόχου
1186 1708 1404 1785 διέπων,
1465 1711 1603 1786 μετὰ
1661 1711 1784 1767 θέαν
1854 1717 1941 1766 τοῦ

2028 1722 2143 1782 quo
2173 1704 2382 1782 religio
2412 1706 2618 1766 sedem
2652 1704 2990 1784 ﬁxerat,qui
3021 1703 3428 1784 patriarcbalis
3459 1699 3664 1762 Antio-

300 1795 490 1873 ἀνδρὸς
547 1799 953 1876 παραγεγονὼς,
1001 1799 1097 1854 οἶα
1137 1804 1236 1865 τῆς
1280 1798 1404 1876 περί
1456 1803 1613 1858 αὐτοῦ
1641 1801 1828 1879 φήμης
1860 1797 1941 1855 διὰ

2029 1792 2180 1853 Chias
2209 1794 2405 1854 throni
2434 1793 2835 1873 gubernacula
2854 1793 3193 1866 tenebat,ad
3219 1792 3326 1854 viri
3355 1799 3662 1872 spectacu-

302 1884 518 1940 πάντων
571 1888 883 1965 χωρούσης.
941 1884 1162 1953 Ἐπειδὴ
1241 1894 1426 1942 τοῦτον
1483 1885 1645 1949 οὕτως
1708 1889 1941 1964 ὑπαίθρῳ

2028 1883 2147 1943 lum
2177 1883 2424 1952 excitus,
2462 1884 2617 1945 fama
2666 1885 2792 1963 jam
2854 1884 3029 1962 longe
3088 1883 3320 1959 lateque
3352 1890 3659 1961 currente,

299 1978 368 2047 τῇ
424 1970 667 2052 διαγωγῇ
724 1976 1006 2055 χρώμενον
1051 1975 1188 2049 εἶδε,
1247 1979 1380 2053 πρὸς
1444 1975 1498 2031 δὲ
1554 1975 1646 2031 καί
1706 1983 1782 2050 τῷ
1835 1977 1939 2032 ἀπὸ

298 2060 517 2140 σιδήρου
573 2063 754 2139 δεσμῷ
804 2067 895 2122 τὸν
953 2064 1130 2144 ἕτερον
1181 2071 1288 2122 τῶν
1332 2063 1510 2122 ποδῶν
1542 2064 1936 2141 πεπεδημένον,

2023 1981 2331 2053 postquam
2366 1973 2533 2034 illum
2567 1973 2678 2033 sub
2709 1973 2806 2033 dio
2835 1971 3106 2034 habitare
3135 1970 3382 2050 vidit,ad
3416 1971 3542 2032 hzec
3572 1989 3664 2031 ca-

2022 2067 2219 2120 tenam
2251 2060 2505 2122 ferream
2536 2061 2707 2123 alteri
2744 2060 2878 2139 pedi
2911 2059 3241 2136 alligatam;
3276 2058 3390 2120 alia
3421 2057 3662 2138 quidem

296 2151 362 2207 τὰ
398 2153 497 2226 μὲν
527 2153 665 2210 ἄλλα
693 2154 748 2210 ἐν
776 2157 1039 2229 θαύματος
1071 2153 1214 2231 λόγῳ
1245 2155 1484 2211 ἐποιεῖτο
1519 2170 1533 2186 ‘
1567 2157 1658 2211 τὸν
1687 2154 1742 2210 δὲ
1783 2154 1937 2222 σίδη-

2028 2148 2430 2211 admirationis
2460 2150 2588 2212 loco
2621 2149 2852 2225 habuit,
2887 2150 3142 2212 ferream
3175 2157 3370 2212 autem
3395 2154 3662 2209 catenam

298 2264 386 2318 ρον
416 2243 515 2299 οὐκ
544 2242 752 2319 ἐπῄνει,
800 2246 1046 2316 περιττὸν
1106 2245 1266 2302 αὐτὸν
1307 2245 1454 2300 εἶναι
1502 2243 1699 2323 λέγων,
1744 2245 1942 2322 ἀρκού-

297 2353 399 2397 σης
431 2338 532 2398 τῆς
565 2333 787 2409 γνώμης
834 2333 1026 2410 λογικὰ
1057 2338 1133 2405 τῷ
1164 2332 1371 2406 σώματι
1403 2338 1695 2411 περιθεῖναι
1747 2332 1940 2407 δεσμά,

300 2422 543 2478 Πείθεται
597 2423 799 2487 τούτοις
853 2425 880 2478 6
938 2425 1241 2495 θαυμαστὸς
1300 2430 1548 2502 Συμεων,
1595 2424 1682 2478 καὶ
1732 2423 1946 2501 χαλκέα

301 2510 566 2578 κληθῆναι
611 2510 890 2584 κελεύσας,
951 2511 1103 2571 λῦσαι
1149 2512 1244 2587 μὲν
1300 2511 1572 2589 ἐπιτρέπει
1603 2518 1696 2568 τού
1728 2510 1944 2587 σιδήρου

300 2602 394 2656 τὸν
437 2599 576 2657 πόδα
611 2621 625 2635 ο
659 2604 689 2658 6
718 2600 772 2657 δὲ
811 2603 899 2658 καὶ
945 2601 1139 2678 λυθεὶς,
1196 2602 1343 2677 ὅμως
1375 2599 1492 2658 οὐδὲ
1523 2602 1662 2658 οὕτω
1691 2602 1813 2665 τοὺς
1843 2603 1942 2667 τῆς

302 2688 544 2754 ἁλύσεως
599 2688 936 2768 ὑπερέϐαινεν
1015 2691 1166 2766 ὄρους
1203 2706 1216 2721 ⁸
1306 2703 1528 2769 συνεῖχε
1583 2691 1683 2767 γὰρ
1741 2688 1944 2765 μᾶλλον

306 2780 463 2836 αὑτὸν
521 2781 550 2834 6
602 2780 698 2836 τοῦ
755 2787 982 2854 Χριστοῦ
1038 2780 1199 2843 πόθος
1253 2786 1360 2835 τῶν
1416 2779 1523 2836 ἀπὸ
1579 2787 1672 2836 τοὺ
1729 2777 1943 2858 σιδήρου

301 2864 513 2942 δεσμῶν
522 2916 535 2929 ,

385 2954 475 3014 ιδ’.
516 2957 656 3014 Καθδ)
698 2955 752 3012 δὲ
797 2957 957 3035 μέρος
989 2959 1082 3013 τοῦ
1127 2956 1350 3022 σκέλους
1398 2961 1426 3014 6
1485 2957 1696 3034 σίδηρος
1755 2965 1942 3016 τοῦτον

302 3044 719 3121 περιελάμϐανε,
807 3044 934 3122 δορὰ
991 3044 1257 3124 προϐάτου
1335 3045 1799 3121 προϋποϐέϐλητο,
1856 3049 1945 3104 τὸν

2026 2237 2274 2299 minime
2302 2238 2589 2317 probavit,
2619 2241 2980 2318 superﬂuam
3007 2257 3138 2300 esse
3161 2236 3665 2317 dicens,quando-

2025 2328 2267 2402 quidem
2303 2346 2472 2388 mens
2527 2328 2828 2390 sufﬁceret
2878 2328 2950 2388 ad
2981 2327 3400 2408 apponendum
3435 2325 3664 2386 vincula

2026 2415 2402 2476 rationabilia
2432 2417 2690 2496 corpori.
2751 2417 2855 2479 His
2901 2417 3033 2478 sine
3085 2435 3249 2478 mora
3278 2414 3662 2477 admirandus

2026 2503 2128 2564 ille
2154 2508 2407 2583 Symeon
2438 2505 2906 2586 obtemperat,ac
2940 2505 3106 2567 fabro
3129 2506 3324 2567 vocari
3350 2506 3661 2583 jusso,pe-

2026 2593 2161 2654 dem
2200 2593 2394 2656 ferreo
2430 2595 2663 2656 vinculo
2709 2595 2861 2656 solvi
2919 2596 3171 2674 imperat
3205 2616 3218 2657 :
3253 2612 3459 2656 verum
3494 2595 3662 2656 solu-

2026 2691 2146 2756 tus,
2176 2700 2371 2764 neque
2402 2685 2490 2745 sic
2519 2699 2744 2746 catenas
2775 2684 3062 2746 terminos
3094 2683 3354 2746 excessit
3391 2704 3404 2746 :
3443 2683 3662 2764 quippe

2025 2789 2198 2833 amor
2247 2773 2463 2835 Christi
2523 2774 2688 2836 illum
2749 2773 2912 2834 omni
2969 2773 3202 2836 vinculo
3251 2773 3448 2835 ferreo
3479 2774 3664 2853 magis

2023 2861 2290 2923 strictum
2325 2863 2581 2926 tenebat.

2108 2950 2401 3014 l4.Porro
2433 2953 2487 3014 ei
2514 2953 2674 3016 tibia;
2705 2953 3015 3034 parti,qua3
3043 2953 3203 3014 ferro
3220 2951 3664 3032 circumcinge-

2027 3038 2220 3115 batur,
2257 3040 2428 3119 pellis
2460 3050 2585 3104 erat
2617 3044 2787 3104 ovina
2811 3044 3135 3124 supposita,
3171 3061 3304 3123 quae
3333 3041 3492 3103 idem
3528 3062 3662 3104 cum

304 3135 424 3190 ἴσον
479 3137 564 3190 καὶ
619 3135 753 3202 αὒτὴ
783 3140 860 3206 τῷ
890 3133 1090 3206 σιδήρῳ
1119 3143 1212 3192 τοῦ
1241 3134 1463 3198 σκέλους
1521 3136 1798 3216 ἐπέχουσα
1851 3137 1938 3193 τό·

2028 3129 2184 3191 ferro
2217 3131 2374 3192 tibia;
2403 3132 2661 3211 spatium
2695 3132 3138 3213 occupabat,ne
3167 3133 3319 3194 forte
3350 3131 3410 3194 in
3443 3133 3662 3194 nudam

303 3245 430 3295 πον,
486 3221 633 3286 ὅπως
667 3224 743 3296 μὴ
776 3228 951 3300 γυμνῇ
981 3222 1323 3302 προσομιλῶν
1383 3230 1452 3297 τῇ
1505 3227 1656 3300 σαρκὶ
1697 3247 1942 3300 τραυμα-

301 3314 435 3382 τίζοι
465 3333 522 3367 τε
549 3312 734 3390 αὑτὴν,
770 3314 856 3368 καὶ
900 3312 1072 3390 φέρων
1114 3314 1189 3376 εἷς
1245 3312 1461 3390 πληγὰς
1520 3312 1664 3384 ἀνιᾷ.
1721 3311 1942 3380 Ἐπειδὴ

301 3400 417 3478 οὖν,
469 3399 559 3456 ὅτε
599 3403 693 3456 τοῦ
734 3399 951 3475 σιδήρου
1006 3399 1193 3467 λυθείη
1239 3399 1456 3475 δεσμὸς,
1507 3403 1597 3458 καὶ
1637 3403 1670 3468 ἡ
1717 3403 1940 3457 ὑποκει-

303 3491 442 3565 μένη
499 3489 806 3567 ἀφαιρεθείη
850 3489 996 3566 δορα,
1063 3490 1238 3568 κόρεις
1299 3489 1512 3556 πλείους
1573 3495 1681 3547 τῶν
1736 3489 1942 3548 εἴκοσιν

303 3577 706 3658 ἔμιρωλεύονεες
749 3586 826 3652 τῷ
883 3578 1062 3635 σκέλει
1100 3581 1351 3656 ὁρῶνται,
1397 3581 1485 3636 καὶ
1541 3580 1641 3646 τὴν
1671 3579 1840 3658 σάρκα
1867 3581 1944 3654 τῷ

303 3670 442 3746 ἁγίῳ
497 3669 898 3744 ἐπινεμόμενοι,
963 3670 1061 3726 Καί
1125 3690 1191 3743 με
1275 3666 1460 3742 μηδεὶς
1543 3668 1946 3748 ἐπιχλευαζέτω

303 3764 405 3825 τῆς
447 3757 678 3835 ἱστορίας
733 3760 804 3822 ὡς
859 3757 1108 3835 μεγάλων
1165 3757 1330 3834 ἔργων
1365 3759 1452 3814 καὶ
1481 3759 1759 3837 ὑπερφυῶν
1802 3781 1943 3815 παν-

302 3847 537 3925 ταχόθεν
565 3845 945 3924 περιῤῥεόντων
985 3863 999 3877 ⁸
1035 3846 1143 3924 ἐγὼ
1171 3844 1250 3919 δὲ,
1279 3844 1392 3902 οὸδὲ
1448 3852 1552 3903 τῶν
1605 3846 1943 3904 λεπτοτάτων

305 3938 628 4016 ἀφίσταμαι,
700 3935 815 3992 οὸδὲ
877 3937 973 4014 γὰρ
1029 3936 1110 3992 ὅτι
1190 3937 1355 4010 μικρὰ
1411 3945 1598 4010 ταῦτα,
1671 3939 1717 3992 οἱ
1775 3937 1945 4015 κόρεις

303 4027 476 4105 φημὶ,
525 4028 690 4105 μικρὰ
730 4027 818 4082 καὶ
866 4027 899 4093 ἡ
949 4025 1081 4103 πρὸς
1139 4025 1235 4084 τὰς
1263 4024 1478 4102 πληγὰς
1517 4032 1623 4081 τῶν
1657 4023 1944 4101 δηγμάτων

303 4115 487 4196 ὀδύνη,
552 4117 646 4173 καί
709 4122 962 4172 τοσοῦτον
1020 4115 1272 4188 ἐμποιεῖν
1327 4113 1592 4189 δυναμένη
1647 4115 1706 4170 τὸ
1755 4113 1940 4192 ἄλγος·

305 4205 485 4261 ἴσασιν
528 4208 574 4262 οἱ
630 4203 1044 4283 πεπειρωμένοι.
1079 4203 1331 4282 Ἀπόχρη
1367 4203 1462 4277 μὲν
1516 4204 1616 4281 γὰρ
1669 4204 1755 4259 καὶ
1787 4206 1814 4259 6
1856 4204 1941 4258 σί-

2027 3237 2265 3280 carnem
2300 3219 2640 3299 impingens
2669 3241 2797 3284 nam
2830 3222 3086 3302 graviter
3116 3221 3660 3285 vulneraret.Post-

2028 3325 2204 3388 quam
2239 3309 2419 3387 igitur
2453 3310 2646 3372 ferrea
2671 3321 2880 3374 catena
2907 3313 3099 3374 soluta
3127 3321 3238 3389 est,
3263 3329 3331 3374 ac
3360 3312 3668 3393 supposita

2027 3397 2201 3476 pellis
2217 3397 2684 3472 ablata,cimices
2707 3401 2907 3480 plures
2922 3403 2968 3470 (1
2983 3402 3082 3462 5-1
3097 3402 3156 3483 6)
3177 3421 3353 3483 quam
3378 3402 3584 3481 viginti
3603 3402 3665 3464 in

2027 3485 2172 3546 tibia
2202 3487 2332 3566 ejus
2356 3488 3042 3572 latitantes,carnemque
3065 3493 3454 3573 depascentes
3475 3509 3661 3572 appa-

2027 3578 2445 3656 ruere.Neque
2477 3596 2572 3640 me
2603 3579 2697 3640 hic
2731 3581 3038 3660 quisquam
3063 3582 3202 3662 jure
3236 3583 3658 3661 reprehendat,

2027 3665 2132 3744 qui
2156 3665 2269 3726 ista
2293 3683 2698 3741 narrem,cum
2721 3669 2835 3730 alia
2863 3687 3072 3748 magna
3103 3680 3161 3732 et
3191 3671 3666 3751 supernaturalia

2028 3763 2504 3835 suppetant,quaa
2525 3763 3445 3840 commemorenturopera.Nam
3469 3780 3664 3842 neque

2027 3843 2153 3904 haec
2177 3845 2526 3905 tenuissima
2549 3849 3226 3930 praetermittammeque
3240 3850 3395 3927 quod
3419 3850 3664 3912 cimices

2027 3932 2234 4009 exigua
2255 3942 2392 3994 sunt
2421 3934 2803 4008 animalcula,
2837 3936 3062 3999 idcirco
3094 3946 3153 3998 et
3183 3939 3428 4016 exiguos
3457 3938 3517 3999 in
3549 3939 3664 4000 hu-

2029 4041 2204 4083 mano
2236 4041 2490 4103 corpore
2522 4025 2818 4086 morsibus
2867 4026 2991 4088 suis
3039 4027 3277 4089 dolores
3307 4037 3533 4102 creant,
3564 4037 3666 4090 aut

2031 4111 2226 4171 minus
2276 4111 2493 4172 indunt
2551 4113 2863 4176 molestia).
2922 4114 3151 4178 Norunt
3198 4117 3256 4178 id
3303 4117 3403 4198 qui
3434 4118 3664 4198 experti

2031 4218 2187 4263 sunt.
2222 4199 2564 4264 Sufﬁciebat
2594 4203 2869 4284 equidem
2903 4219 3112 4268 catena
3140 4206 3212 4268 ad
3243 4207 3480 4286 majoris
3509 4208 3664 4270 tole-

304 4293 462 4371 δηρος
521 4297 596 4358 εἷς
651 4295 890 4370 μείζονος
954 4291 1218 4358 ἀπόδειξιν
1276 4293 1578 4370 καρτερίας,
1627 4294 1689 4348 τὸ
1745 4291 1799 4347 δὲ
1856 4294 1941 4348 καὶ

2028 4291 2235 4351 rentia:
2265 4291 2599 4372 specimen,
2620 4311 2822 4354 verum
2855 4295 3282 4358 accedentibus
3305 4297 3546 4375 insuper
3576 4299 3666 4360 ci»

301 4385 422 4446 τὼς
481 4384 658 4458 κόρεις
714 4389 1000 4458 προσῆναι,
1040 4383 1124 4437 καὶ
1157 4382 1355 4460 χρόνον
1401 4389 1650 4438 τοσοῦτον
1692 4386 1766 4453 τῷ
1794 4388 1941 4454 κακῷ

2032 4378 2306 4453 micibus,
2343 4387 2502 4442 tanto
2537 4393 2805 4460 tempore
2836 4383 2897 4444 in
2935 4385 3046 4446 hoc
3106 4385 3261 4446 malo
3311 4387 3658 4463 perdurare,

303 4474 472 4545 τούτῳ
514 4475 874 4550 εὖκαρτερεϊν,
922 4472 1098 4534 ἄλλως
1129 4493 1184 4526 τε
1215 4473 1277 4526 τὸ
1328 4472 1415 4528 καὶ
1459 4471 1582 4546 ῥᾷον
1617 4471 1674 4526 ὅν
1703 4477 1771 4546 τῇ
1803 4472 1941 4549 χειρὶ

2033 4468 2357 4546 prmsertim
2391 4488 2526 4530 cum
2557 4469 2726 4532 facile
2759 4481 2926 4544 esset,
2962 4482 3020 4535 et
3071 4492 3244 4535 manu
3274 4475 3573 4550 occidere,
3609 4487 3667 4539 et

303 4561 516 4626 τούτους
573 4560 824 4633 πατάξαι,
885 4565 974 4616 καὶ
1025 4566 1133 4616 τῶν
1177 4557 1372 4617 ὀδυνῶν
1415 4559 1819 4636 ἀπαλλαγῆναι,
1881 4561 1941 4614 τὸ

2028 4555 2115 4616 sic
2137 4575 2172 4617 a
2200 4557 2509 4620 doloribus
2556 4559 2824 4640 liberari,
2885 4580 3033 4642 quos
3055 4563 3180 4642 jam
3215 4573 3418 4625 contra
3451 4576 3508 4625 et
3539 4585 3656 4628 nu-

303 4648 356 4705 δὲ
384 4650 596 4729 τρέφειν
625 4671 682 4706 τε
713 4648 918 4725 μᾶλλον
941 4651 1038 4706 καί
1067 4649 1432 4706 καταπιαίνειν
1462 4648 1648 4712 αὐτοὺς
1673 4647 1740 4722 τῇ
1765 4649 1940 4725 σαρκὶ,

2029 4645 2172 4705 trire
2204 4646 2508 4726 pergebat,
2561 4659 2618 4710 et
2668 4650 2908 4730 propria
2940 4670 3118 4714 carne
3147 4653 3440 4733 saginare,
3479 4675 3655 4736 quam

304 4741 414 4795 τίνα
444 4740 720 4818 καρτερίας
752 4735 1052 4817 ὑπερϐολὴν
1082 4735 1393 4793 καταλείπει
1431 4753 1446 4809 ;

2028 4753 2144 4794 non
2175 4735 2410 4798 tandem
2447 4739 2824 4818 quantumvis
2853 4738 3100 4802 illustris
3153 4735 3660 4808 tolerantimima-

2024 4824 2395 4901 gnitudinem
2427 4830 2699 4905 alaequat
2718 4835 2746 4891 ?

381 4917 470 4979 ιε’.
505 4922 615 4984 Τῆς
661 4924 752 4974 τοῦ
794 4923 1016 4991 Συμεὼν
1049 4915 1223 4971 τοίνυν
1266 4915 1454 4994 φήμης
1501 4917 1594 4970 οὑκ
1623 4913 1764 4971 ἔστιν
1793 4913 1940 4978 ὅπως

2103 4913 2204 5005 i5.
2243 4912 2556 5005 Symeonis
2581 4917 2759 4995 igitur
2788 4918 2943 4979 fama
2966 4920 3090 5000 jam
3128 4922 3330 4984 nescio
3361 4943 3504 5005 quas
3540 4943 3659 4985 non

303 5008 379 5081 μὴ
437 5005 772 5081 διαθεούσης,
834 5003 1142 5083 συρρέοντας
1223 5003 1355 5080 πρὸς
1427 5005 1582 5060 αὑτὸν
1670 5002 1828 5077 ἴσμεν
1887 5003 1941 5058 οὗ

2028 5002 2194 5063 orbis
2213 5003 2411 5082 plagas
2425 5005 2598 5084 longe
2617 5006 2852 5088 lateque
2865 5013 3354 5088 percurrente,ad
3371 5002 3505 5074 eum
3524 5031 3665 5074 con-

303 5096 421 5159 τοὺς
475 5099 540 5152 ἔκ
595 5093 850 5173 γειτόνων
911 5095 1097 5169 μόνον,
1155 5089 1294 5148 ἀλλὰ
1343 5093 1463 5156 τοὺς
1496 5092 1592 5166 μὲν
1635 5091 1941 5172 ἀπέχοντας

2028 5091 2265 5154 ﬂuxisse
2287 5095 2554 5156 novimus
2578 5115 2694 5158 non
2719 5105 2943 5160 tantum
2967 5100 3215 5177 vicinos,
3246 5119 3448 5162 verum
3481 5101 3658 5162 etiam

304 5185 512 5241 πολλῶν
566 5185 782 5261 ἡμερῶν
841 5181 983 5261 ὁδὸν,
1045 5183 1167 5245 τοὺς
1227 5178 1283 5235 δὲ
1340 5183 1428 5238 καὶ
1489 5185 1701 5256 μηνῶν,
1755 5183 1840 5238 καὶ
1868 5183 1940 5247 ὡς

2028 5181 2345 5244 multorum
2372 5183 2761 5261 dierum,imo
2791 5189 3084 5252 mensium
3109 5189 3325 5252 itinere
3347 5191 3656 5266 distantes,

305 5271 520 5330 ἕκαστον
581 5272 712 5350 εἶχε
768 5272 963 5334 πάθους
1022 5276 1118 5338 τὴν
1171 5271 1448 5344 θεραπείαν
1507 5271 1805 5334 αἰτοῦντας.
1867 5273 1938 5329 06

2028 5289 2136 5352 qua
2156 5272 2411 5352 quisque
2427 5275 2815 5353 torquebatur
2838 5278 3265 5358 molestia,ejus
3285 5279 3656 5341 curationem

367 5438 476 5515 (13)
503 5437 854 5515 Theodoret.
883 5435 1253 5515 dextfopqdi.
1446 5508 1458 5515 _
1504 5509 1517 5515 _
1680 5510 1692 5515 Δ
1897 5509 1916 5515 Α
2018 5439 2275 5515 ebenum
2299 5441 2628 5515 episcopum
2665 5446 2904 5502 faciunt.

369 5512 478 5592 ςίέ)
508 5511 652 5577 Quis
675 5511 767 5592 hic
790 5508 1930 5592 fueritlieletiusmuaesivimusinprgef.
2087 5513 2108 5572 (
2117 5511 2297 5592 15:16)
2338 5508 2472 5592 Non
2497 5508 2672 5592 "recte
2720 5518 2892 5592 venit
2941 5515 3181 5592 Yillegas
3214 5517 3502 5592 mosquilos
3533 5517 3650 5585 sive

306 5579 384 5648 53
414 5581 664 5647 Heraeus,
698 5580 956 5649 Grasius,
1018 5580 1435 5660 Metaphrastes
1487 5589 1541 5639 et
1591 5580 1689 5638 alii
1722 5579 1934 5644 Antio-
2015 5583 2328 5658 cyniphes;
2367 5584 2615 5644 chinches
2648 5587 2822 5644 voluit
2856 5579 3133 5648 scribere.
