  <div class='ocr_page' id='page_1' title='image "/cluster/home/n/w/nwhite01/storage/ocr_20150623/114/hvd.32044073502254/179.png"; bbox 0 0 4128 6198; ppageno 0'>
   <div class='ocr_carea' id='block_1_1' title="bbox 435 295 547 366">
    <p class='ocr_par' dir='ltr' id='par_1_1' title="bbox 435 295 547 366">
     <span class='ocr_line' id='line_1_1' title="bbox 435 295 547 366; baseline 0 0"><span class='ocrx_word' id='word_1_1' title='bbox 435 295 547 366; x_wconf 78' lang='lat'><strong>347</strong></span> 
     </span>
    </p>
   </div>
   <div class='ocr_carea' id='block_1_2' title="bbox 1713 311 2501 381">
    <p class='ocr_par' dir='ltr' id='par_1_2' title="bbox 1713 311 2501 381">
     <span class='ocr_line' id='line_1_2' title="bbox 1713 311 2501 381; baseline 0.004 -5"><span class='ocrx_word' id='word_1_2' title='bbox 1713 311 1990 378; x_wconf 86' lang='lat' dir='ltr'><strong>MENSIS</strong></span> <span class='ocrx_word' id='word_1_3' title='bbox 2048 315 2501 381; x_wconf 75' lang='lat' dir='ltr'><strong>JANUARIUS.</strong></span> 
     </span>
    </p>
   </div>
   <div class='ocr_carea' id='block_1_3' title="bbox 3667 314 3782 382">
    <p class='ocr_par' dir='ltr' id='par_1_3' title="bbox 3667 314 3782 382">
     <span class='ocr_line' id='line_1_3' title="bbox 3667 314 3782 382; baseline 0 0"><span class='ocrx_word' id='word_1_4' title='bbox 3667 314 3782 382; x_wconf 85' lang='grc'><strong>348</strong></span> 
     </span>
    </p>
   </div>
   <div class='ocr_carea' id='block_1_4' title="bbox 440 440 2071 534">
    <p class='ocr_par' dir='ltr' id='par_1_4' title="bbox 440 440 2063 534">
     <span class='ocr_line' id='line_1_4' title="bbox 440 440 2063 534; baseline 0.003 -29"><span class='ocrx_word' id='word_1_5' title='bbox 440 442 793 534; x_wconf 83' lang='lat' dir='ltr'><strong>ﬂagitantes.</strong></span> <span class='ocrx_word' id='word_1_6' title='bbox 853 440 1057 534; x_wconf 71' lang='lat' dir='ltr'><strong>Neque</strong></span> <span class='ocrx_word' id='word_1_7' title='bbox 1113 443 1322 526; x_wconf 88' lang='lat' dir='ltr'><strong>quales</strong></span> <span class='ocrx_word' id='word_1_8' title='bbox 1375 445 1446 508; x_wconf 87' lang='lat' dir='ltr'><strong>ad</strong></span> <span class='ocrx_word' id='word_1_9' title='bbox 1479 463 1613 508; x_wconf 89' lang='lat' dir='ltr'><strong>eum</strong></span> <span class='ocrx_word' id='word_1_10' title='bbox 1646 446 2063 526; x_wconf 75' lang='lat' dir='ltr'><strong>adventabant,</strong></span> 
     </span>
    </p>
   </div>
   <div class='ocr_carea' id='block_1_5' title="bbox 2161 440 3786 534">
    <p class='ocr_par' dir='ltr' id='par_1_5' title="bbox 2161 450 3786 534">
     <span class='ocr_line' id='line_1_5' title="bbox 2161 450 3786 534; baseline 0 -25"><span class='ocrx_word' id='word_1_11' title='bbox 2161 452 2331 526; x_wconf 64' lang='grc' dir='ltr'>αέντοι</span> <span class='ocrx_word' id='word_1_12' title='bbox 2388 458 2454 530; x_wconf 82' lang='grc' dir='ltr'><strong>τῇ</strong></span> <span class='ocrx_word' id='word_1_13' title='bbox 2487 455 2619 532; x_wconf 74' lang='grc' dir='ltr'>πρὸς</span> <span class='ocrx_word' id='word_1_14' title='bbox 2666 453 2820 511; x_wconf 76' lang='grc' dir='ltr'>αὑτὸν</span> <span class='ocrx_word' id='word_1_15' title='bbox 2877 450 3044 534; x_wconf 79' lang='grc' dir='ltr'>ἀφίξει</span> <span class='ocrx_word' id='word_1_16' title='bbox 3102 451 3479 532; x_wconf 66' lang='grc' dir='ltr'>παραπλησίαν</span> <span class='ocrx_word' id='word_1_17' title='bbox 3508 454 3786 511; x_wconf 68' lang='grc' dir='ltr'>ἔποιοῦντο</span> 
     </span>
    </p>
   </div>
   <div class='ocr_carea' id='block_1_6' title="bbox 440 531 2070 601">
    <p class='ocr_par' dir='ltr' id='par_1_6' title="bbox 440 531 2070 601">
     <span class='ocr_line' id='line_1_6' title="bbox 440 531 2070 601; baseline 0.005 -8"><span class='ocrx_word' id='word_1_18' title='bbox 440 533 586 594; x_wconf 88' lang='lat' dir='ltr'><strong>tales</strong></span> <span class='ocrx_word' id='word_1_19' title='bbox 637 531 1138 596; x_wconf 86' lang='lat' dir='ltr'><strong>revertebantur:</strong></span> <span class='ocrx_word' id='word_1_20' title='bbox 1195 534 1300 596; x_wconf 91' lang='lat' dir='ltr'><strong>sed</strong></span> <span class='ocrx_word' id='word_1_21' title='bbox 1363 554 1493 596; x_wconf 92' lang='lat' dir='ltr'><strong>cum</strong></span> <span class='ocrx_word' id='word_1_22' title='bbox 1557 535 1756 598; x_wconf 87' lang='lat' dir='ltr'><strong>tristes</strong></span> <span class='ocrx_word' id='word_1_23' title='bbox 1788 548 1847 600; x_wconf 90' lang='lat' dir='ltr'><strong>et</strong></span> <span class='ocrx_word' id='word_1_24' title='bbox 1877 540 2070 601; x_wconf 65' lang='lat' dir='ltr'><strong>moesti</strong></span> 
     </span>
    </p>
   </div>
   <div class='ocr_carea' id='block_1_7' title="bbox 437 628 2071 707">
    <p class='ocr_par' dir='ltr' id='par_1_7' title="bbox 437 628 2071 707">
     <span class='ocr_line' id='line_1_7' title="bbox 437 628 2071 707; baseline 0.003 -19"><span class='ocrx_word' id='word_1_25' title='bbox 437 631 734 703; x_wconf 80' lang='lat' dir='ltr'><strong>venirent,</strong></span> <span class='ocrx_word' id='word_1_26' title='bbox 770 628 886 690; x_wconf 87' lang='lat' dir='ltr'><strong>laeti</strong></span> <span class='ocrx_word' id='word_1_27' title='bbox 918 638 976 692; x_wconf 93' lang='lat' dir='ltr'><strong>et</strong></span> <span class='ocrx_word' id='word_1_28' title='bbox 1007 629 1226 690; x_wconf 90' lang='lat' dir='ltr'><strong>hilares</strong></span> <span class='ocrx_word' id='word_1_29' title='bbox 1255 628 1640 707; x_wconf 86' lang='lat' dir='ltr'><strong>recedebant,</strong></span> <span class='ocrx_word' id='word_1_30' title='bbox 1667 648 1906 693; x_wconf 81' lang='lat' dir='ltr'><strong>suarum</strong></span> <span class='ocrx_word' id='word_1_31' title='bbox 1941 632 2071 694; x_wconf 91' lang='lat' dir='ltr'><strong>sin-</strong></span> 
     </span>
    </p>
   </div>
   <div class='ocr_carea' id='block_1_8' title="bbox 437 719 2074 802">
    <p class='ocr_par' dir='ltr' id='par_1_8' title="bbox 437 719 2074 802">
     <span class='ocr_line' id='line_1_8' title="bbox 437 719 2074 802; baseline 0.003 -24"><span class='ocrx_word' id='word_1_32' title='bbox 437 719 558 798; x_wconf 76' lang='lat' dir='ltr'><strong>guli</strong></span> <span class='ocrx_word' id='word_1_33' title='bbox 617 719 1032 793; x_wconf 80' lang='lat' dir='ltr'><strong>aegritudinum</strong></span> <span class='ocrx_word' id='word_1_34' title='bbox 1107 727 1342 798; x_wconf 88' lang='lat' dir='ltr'><strong>reperta</strong></span> <span class='ocrx_word' id='word_1_35' title='bbox 1397 720 1751 796; x_wconf 83' lang='lat' dir='ltr'><strong>curatione;</strong></span> <span class='ocrx_word' id='word_1_36' title='bbox 1811 721 2074 802; x_wconf 91' lang='lat' dir='ltr'><strong>denique</strong></span> 
     </span>
    </p>
   </div>
   <div class='ocr_carea' id='block_1_9' title="bbox 437 806 2072 888">
    <p class='ocr_par' dir='ltr' id='par_1_9' title="bbox 437 806 2072 888">
     <span class='ocr_line' id='line_1_9' title="bbox 437 806 2072 888; baseline 0.002 -18"><span class='ocrx_word' id='word_1_37' title='bbox 437 808 598 870; x_wconf 89' lang='lat' dir='ltr'><strong>omni</strong></span> <span class='ocrx_word' id='word_1_38' title='bbox 631 808 932 869; x_wconf 83' lang='lat' dir='ltr'><strong>vexatione</strong></span> <span class='ocrx_word' id='word_1_39' title='bbox 965 816 1020 867; x_wconf 92' lang='lat' dir='ltr'><strong>et</strong></span> <span class='ocrx_word' id='word_1_40' title='bbox 1051 806 1381 869; x_wconf 83' lang='lat' dir='ltr'><strong>calamitate</strong></span> <span class='ocrx_word' id='word_1_41' title='bbox 1431 809 1728 888; x_wconf 89' lang='lat' dir='ltr'><strong>deposita,</strong></span> <span class='ocrx_word' id='word_1_42' title='bbox 1765 810 1895 872; x_wconf 69' lang='lat' dir='ltr'><strong>laeta</strong></span> <span class='ocrx_word' id='word_1_43' title='bbox 1925 829 2072 874; x_wconf 89' lang='lat' dir='ltr'><strong>voce</strong></span> 
     </span>
    </p>
   </div>
   <div class='ocr_carea' id='block_1_10' title="bbox 435 896 2073 977">
    <p class='ocr_par' dir='ltr' id='par_1_10' title="bbox 435 896 2073 977">
     <span class='ocr_line' id='line_1_10' title="bbox 435 896 2073 977; baseline 0.002 -19"><span class='ocrx_word' id='word_1_44' title='bbox 435 906 492 959; x_wconf 93' lang='lat' dir='ltr'><strong>et</strong></span> <span class='ocrx_word' id='word_1_45' title='bbox 523 897 723 970; x_wconf 81' lang='lat' dir='ltr'><strong>lingua</strong></span> <span class='ocrx_word' id='word_1_46' title='bbox 753 897 971 973; x_wconf 86' lang='lat' dir='ltr'><strong>gratias</strong></span> <span class='ocrx_word' id='word_1_47' title='bbox 1007 899 1126 958; x_wconf 87' lang='lat' dir='ltr'><strong>Deo</strong></span> <span class='ocrx_word' id='word_1_48' title='bbox 1168 905 1225 958; x_wconf 91' lang='lat' dir='ltr'><strong>et</strong></span> <span class='ocrx_word' id='word_1_49' title='bbox 1255 896 1534 977; x_wconf 81' lang='lat' dir='ltr'><strong>Symeoni</strong></span> <span class='ocrx_word' id='word_1_50' title='bbox 1569 907 1832 976; x_wconf 81' lang='lat' dir='ltr'><strong>agentes.</strong></span> <span class='ocrx_word' id='word_1_51' title='bbox 1863 898 2073 963; x_wconf 87' lang='lat' dir='ltr'><strong>Omnis</strong></span> 
     </span>
    </p>
   </div>
   <div class='ocr_carea' id='block_1_11' title="bbox 433 985 2068 1065">
    <p class='ocr_par' dir='ltr' id='par_1_11' title="bbox 433 985 2068 1065">
     <span class='ocr_line' id='line_1_11' title="bbox 433 985 2068 1065; baseline 0.004 -18"><span class='ocrx_word' id='word_1_52' title='bbox 433 985 616 1064; x_wconf 79' lang='lat' dir='ltr'><strong>igitur</strong></span> <span class='ocrx_word' id='word_1_53' title='bbox 643 985 756 1062; x_wconf 91' lang='lat' dir='ltr'><strong>via,</strong></span> <span class='ocrx_word' id='word_1_54' title='bbox 794 1004 925 1065; x_wconf 69' lang='lat' dir='ltr'><strong>qum</strong></span> <span class='ocrx_word' id='word_1_55' title='bbox 955 987 1027 1046; x_wconf 85' lang='lat' dir='ltr'><strong>ad</strong></span> <span class='ocrx_word' id='word_1_56' title='bbox 1063 987 1220 1048; x_wconf 91' lang='lat' dir='ltr'><strong>hunc</strong></span> <span class='ocrx_word' id='word_1_57' title='bbox 1283 989 1580 1049; x_wconf 87' lang='lat' dir='ltr'><strong>medicum</strong></span> <span class='ocrx_word' id='word_1_58' title='bbox 1641 988 1896 1063; x_wconf 77' lang='lat' dir='ltr'><strong>ferebat,</strong></span> <span class='ocrx_word' id='word_1_59' title='bbox 1952 990 2068 1052; x_wconf 86' lang='lat' dir='ltr'><strong>fori</strong></span> 
     </span>
    </p>
   </div>
   <div class='ocr_carea' id='block_1_12' title="bbox 435 1074 2070 1158">
    <p class='ocr_par' dir='ltr' id='par_1_12' title="bbox 435 1074 2070 1158">
     <span class='ocr_line' id='line_1_12' title="bbox 435 1074 2070 1158; baseline 0.003 -22"><span class='ocrx_word' id='word_1_60' title='bbox 435 1074 696 1154; x_wconf 87' lang='lat' dir='ltr'><strong>speciem</strong></span> <span class='ocrx_word' id='word_1_61' title='bbox 734 1074 1101 1149; x_wconf 85' lang='lat' dir='ltr'><strong>imitabatur;</strong></span> <span class='ocrx_word' id='word_1_62' title='bbox 1137 1075 1301 1137; x_wconf 73' lang='lat' dir='ltr'><strong>locus</strong></span> <span class='ocrx_word' id='word_1_63' title='bbox 1338 1095 1497 1151; x_wconf 86' lang='lat' dir='ltr'><strong>vero,</strong></span> <span class='ocrx_word' id='word_1_64' title='bbox 1535 1076 1591 1136; x_wconf 88' lang='lat' dir='ltr'><strong>iu</strong></span> <span class='ocrx_word' id='word_1_65' title='bbox 1617 1096 1792 1158; x_wconf 87' lang='lat' dir='ltr'><strong>quem</strong></span> <span class='ocrx_word' id='word_1_66' title='bbox 1825 1079 2070 1141; x_wconf 84' lang='lat' dir='ltr'><strong>afﬂuens</strong></span> 
     </span>
    </p>
   </div>
   <div class='ocr_carea' id='block_1_13' title="bbox 434 1163 2068 1241">
    <p class='ocr_par' dir='ltr' id='par_1_13' title="bbox 434 1163 2068 1241">
     <span class='ocr_line' id='line_1_13' title="bbox 434 1163 2068 1241; baseline 0.003 -16"><span class='ocrx_word' id='word_1_67' title='bbox 434 1163 749 1225; x_wconf 87' lang='lat' dir='ltr'><strong>multitudo</strong></span> <span class='ocrx_word' id='word_1_68' title='bbox 782 1164 1277 1241; x_wconf 81' lang='lat' dir='ltr'><strong>congregabatur,</strong></span> <span class='ocrx_word' id='word_1_69' title='bbox 1313 1165 1560 1227; x_wconf 89' lang='lat' dir='ltr'><strong>civitatis</strong></span> <span class='ocrx_word' id='word_1_70' title='bbox 1614 1167 1862 1228; x_wconf 76' lang='lat' dir='ltr'><strong>formam</strong></span> <span class='ocrx_word' id='word_1_71' title='bbox 1897 1169 2068 1230; x_wconf 83' lang='lat' dir='ltr'><strong>exhi-</strong></span> 
     </span>
    </p>
   </div>
   <div class='ocr_carea' id='block_1_14' title="bbox 431 1251 2065 1335">
    <p class='ocr_par' dir='ltr' id='par_1_14' title="bbox 431 1251 2065 1335">
     <span class='ocr_line' id='line_1_14' title="bbox 431 1251 2065 1335; baseline 0.002 -21"><span class='ocrx_word' id='word_1_72' title='bbox 431 1251 628 1326; x_wconf 88' lang='lat' dir='ltr'><strong>bebat,</strong></span> <span class='ocrx_word' id='word_1_73' title='bbox 663 1252 755 1313; x_wconf 89' lang='lat' dir='ltr'><strong>his</strong></span> <span class='ocrx_word' id='word_1_74' title='bbox 788 1254 1058 1315; x_wconf 88' lang='lat' dir='ltr'><strong>morbum</strong></span> <span class='ocrx_word' id='word_1_75' title='bbox 1118 1253 1538 1315; x_wconf 83' lang='lat' dir='ltr'><strong>miserabiliter</strong></span> <span class='ocrx_word' id='word_1_76' title='bbox 1587 1255 2065 1335; x_wconf 82' lang='lat' dir='ltr'><strong>deplorantibus,</strong></span> 
     </span>
    </p>
   </div>
   <div class='ocr_carea' id='block_1_15' title="bbox 433 1341 2070 1427">
    <p class='ocr_par' dir='ltr' id='par_1_15' title="bbox 433 1341 2070 1427">
     <span class='ocr_line' id='line_1_15' title="bbox 433 1341 2070 1427; baseline 0.002 -22"><span class='ocrx_word' id='word_1_77' title='bbox 433 1341 566 1405; x_wconf 82' lang='lat' dir='ltr'><strong>aliis</strong></span> <span class='ocrx_word' id='word_1_78' title='bbox 626 1341 900 1421; x_wconf 86' lang='lat' dir='ltr'><strong>adeptam</strong></span> <span class='ocrx_word' id='word_1_79' title='bbox 964 1343 1279 1404; x_wconf 82' lang='lat' dir='ltr'><strong>sanitatem</strong></span> <span class='ocrx_word' id='word_1_80' title='bbox 1335 1343 1802 1405; x_wconf 83' lang='lat' dir='ltr'><strong>celebrantibus.</strong></span> <span class='ocrx_word' id='word_1_81' title='bbox 1866 1345 2070 1427; x_wconf 80' lang='lat' dir='ltr'><strong>Neque</strong></span> 
     </span>
    </p>
   </div>
   <div class='ocr_carea' id='block_1_16' title="bbox 431 1431 2067 1517">
    <p class='ocr_par' dir='ltr' id='par_1_16' title="bbox 431 1431 2067 1517">
     <span class='ocr_line' id='line_1_16' title="bbox 431 1431 2067 1517; baseline 0.002 -24"><span class='ocrx_word' id='word_1_82' title='bbox 431 1431 546 1493; x_wconf 87' lang='lat' dir='ltr'><strong>hoc</strong></span> <span class='ocrx_word' id='word_1_83' title='bbox 575 1432 762 1493; x_wconf 90' lang='lat' dir='ltr'><strong>semel</strong></span> <span class='ocrx_word' id='word_1_84' title='bbox 798 1440 1048 1503; x_wconf 88' lang='lat' dir='ltr'><strong>tantum,</strong></span> <span class='ocrx_word' id='word_1_85' title='bbox 1083 1432 1188 1493; x_wconf 90' lang='lat' dir='ltr'><strong>sed</strong></span> <span class='ocrx_word' id='word_1_86' title='bbox 1216 1433 1431 1513; x_wconf 63' lang='lat' dir='ltr'><strong>saepius</strong></span> <span class='ocrx_word' id='word_1_87' title='bbox 1463 1434 1700 1500; x_wconf 83' lang='lat' dir='ltr'><strong>accidit.</strong></span> <span class='ocrx_word' id='word_1_88' title='bbox 1740 1444 1804 1497; x_wconf 93' lang='lat' dir='ltr'><strong>ut</strong></span> <span class='ocrx_word' id='word_1_89' title='bbox 1834 1437 1937 1511; x_wconf 86' lang='lat' dir='ltr'><strong>qui</strong></span> <span class='ocrx_word' id='word_1_90' title='bbox 1969 1457 2067 1517; x_wconf 86' lang='lat' dir='ltr'><strong>po-</strong></span> 
     </span>
    </p>
   </div>
   <div class='ocr_carea' id='block_1_17' title="bbox 436 1519 2070 1602">
    <p class='ocr_par' dir='ltr' id='par_1_17' title="bbox 436 1519 2070 1602">
     <span class='ocr_line' id='line_1_17' title="bbox 436 1519 2070 1602; baseline 0.002 -20"><span class='ocrx_word' id='word_1_91' title='bbox 436 1521 560 1602; x_wconf 88' lang='lat' dir='ltr'><strong>puli</strong></span> <span class='ocrx_word' id='word_1_92' title='bbox 620 1519 854 1582; x_wconf 80' lang='lat' dir='ltr'><strong>turbam</strong></span> <span class='ocrx_word' id='word_1_93' title='bbox 916 1520 1151 1582; x_wconf 89' lang='lat' dir='ltr'><strong>eminus</strong></span> <span class='ocrx_word' id='word_1_94' title='bbox 1212 1521 1523 1595; x_wconf 86' lang='lat' dir='ltr'><strong>cernebat,</strong></span> <span class='ocrx_word' id='word_1_95' title='bbox 1587 1524 1883 1585; x_wconf 88' lang='lat' dir='ltr'><strong>civitatem</strong></span> <span class='ocrx_word' id='word_1_96' title='bbox 1940 1544 2070 1586; x_wconf 87' lang='lat' dir='ltr'><strong>esse</strong></span> 
     </span>
    </p>
   </div>
   <div class='ocr_carea' id='block_1_18' title="bbox 435 1610 2070 1694">
    <p class='ocr_par' dir='ltr' id='par_1_18' title="bbox 435 1610 2070 1694">
     <span class='ocr_line' id='line_1_18' title="bbox 435 1610 2070 1694; baseline 0.002 -23"><span class='ocrx_word' id='word_1_97' title='bbox 435 1610 804 1689; x_wconf 86' lang='lat' dir='ltr'><strong>conjiceret;</strong></span> <span class='ocrx_word' id='word_1_98' title='bbox 864 1610 1137 1670; x_wconf 89' lang='lat' dir='ltr'><strong>cominus</strong></span> <span class='ocrx_word' id='word_1_99' title='bbox 1197 1617 1394 1672; x_wconf 91' lang='lat' dir='ltr'><strong>autem</strong></span> <span class='ocrx_word' id='word_1_100' title='bbox 1457 1612 1768 1674; x_wconf 84' lang='lat' dir='ltr'><strong>accedenti</strong></span> <span class='ocrx_word' id='word_1_101' title='bbox 1805 1633 1919 1674; x_wconf 90' lang='lat' dir='ltr'><strong>non</strong></span> <span class='ocrx_word' id='word_1_102' title='bbox 1947 1615 2070 1694; x_wconf 87' lang='lat' dir='ltr'><strong>jam</strong></span> 
     </span>
    </p>
   </div>
   <div class='ocr_carea' id='block_1_19' title="bbox 433 1697 2066 1780">
    <p class='ocr_par' dir='ltr' id='par_1_19' title="bbox 433 1697 2066 1780">
     <span class='ocr_line' id='line_1_19' title="bbox 433 1697 2066 1780; baseline 0.002 -18"><span class='ocrx_word' id='word_1_103' title='bbox 433 1701 658 1779; x_wconf 77' lang='lat' dir='ltr'><strong>civitas,</strong></span> <span class='ocrx_word' id='word_1_104' title='bbox 723 1699 829 1759; x_wconf 72' lang='lat' dir='ltr'><strong>sed</strong></span> <span class='ocrx_word' id='word_1_105' title='bbox 890 1698 1205 1760; x_wconf 88' lang='lat' dir='ltr'><strong>multarum</strong></span> <span class='ocrx_word' id='word_1_106' title='bbox 1267 1697 1502 1760; x_wconf 87' lang='lat' dir='ltr'><strong>urbium</strong></span> <span class='ocrx_word' id='word_1_107' title='bbox 1558 1704 1938 1780; x_wconf 76' lang='lat' dir='ltr'><strong>congregatio</strong></span> <span class='ocrx_word' id='word_1_108' title='bbox 1971 1722 2066 1765; x_wconf 91' lang='lat' dir='ltr'><strong>se-</strong></span> 
     </span>
    </p>
   </div>
   <div class='ocr_carea' id='block_1_20' title="bbox 2156 541 3788 622">
    <p class='ocr_par' dir='ltr' id='par_1_20' title="bbox 2156 541 3788 622">
     <span class='ocr_line' id='line_1_20' title="bbox 2156 541 3788 622; baseline 0.001 -24"><span class='ocrx_word' id='word_1_109' title='bbox 2156 544 2240 598; x_wconf 77' lang='grc' dir='ltr'><strong>καὶ</strong></span> <span class='ocrx_word' id='word_1_110' title='bbox 2296 543 2392 611; x_wconf 79' lang='grc' dir='ltr'>τὴν</span> <span class='ocrx_word' id='word_1_111' title='bbox 2444 541 2696 601; x_wconf 80' lang='grc' dir='ltr'><strong>ἐπάνοδον</strong></span> <span class='ocrx_word' id='word_1_112' title='bbox 2732 560 2745 576; x_wconf 88' lang='grc'><strong>·</strong></span> <span class='ocrx_word' id='word_1_113' title='bbox 2801 542 2938 599; x_wconf 80' lang='grc' dir='ltr'><strong>ἀλλά</strong></span> <span class='ocrx_word' id='word_1_114' title='bbox 2972 544 3177 619; x_wconf 80' lang='grc' dir='ltr'>στυγνοὶ</span> <span class='ocrx_word' id='word_1_115' title='bbox 3211 544 3296 600; x_wconf 80' lang='grc' dir='ltr'><strong>καὶ</strong></span> <span class='ocrx_word' id='word_1_116' title='bbox 3327 556 3585 622; x_wconf 73' lang='grc' dir='ltr'>κατηφεῖς</span> <span class='ocrx_word' id='word_1_117' title='bbox 3613 544 3788 622; x_wconf 58' lang='lat' dir='ltr'><strong>k916-</strong></span> 
     </span>
    </p>
   </div>
   <div class='ocr_carea' id='block_1_21' title="bbox 2155 630 3786 712">
    <p class='ocr_par' dir='ltr' id='par_1_21' title="bbox 2155 630 3786 712">
     <span class='ocr_line' id='line_1_21' title="bbox 2155 630 3786 712; baseline -0.001 -25"><span class='ocrx_word' id='word_1_118' title='bbox 2155 653 2328 706; x_wconf 86' lang='grc' dir='ltr'>μενοι,</span> <span class='ocrx_word' id='word_1_119' title='bbox 2387 630 2592 712; x_wconf 78' lang='grc' dir='ltr'>φαιδροὶ</span> <span class='ocrx_word' id='word_1_120' title='bbox 2651 633 2738 688; x_wconf 82' lang='grc' dir='ltr'><strong>καὶ</strong></span> <span class='ocrx_word' id='word_1_121' title='bbox 2795 645 3114 712; x_wconf 77' lang='grc' dir='ltr'>περιχαρεῖς</span> <span class='ocrx_word' id='word_1_122' title='bbox 3189 631 3620 706; x_wconf 75' lang='grc' dir='ltr'><strong>ἀπηλλάττοντο,</strong></span> <span class='ocrx_word' id='word_1_123' title='bbox 3679 640 3786 689; x_wconf 86' lang='grc' dir='ltr'><strong>τῶν</strong></span> 
     </span>
    </p>
   </div>
   <div class='ocr_carea' id='block_1_22' title="bbox 2155 721 3784 801">
    <p class='ocr_par' dir='ltr' id='par_1_22' title="bbox 2155 721 3784 801">
     <span class='ocr_line' id='line_1_22' title="bbox 2155 721 3784 801; baseline 0.001 -25"><span class='ocrx_word' id='word_1_124' title='bbox 2155 721 2516 801; x_wconf 69' lang='grc' dir='ltr'>ἐνοχλούντων</span> <span class='ocrx_word' id='word_1_125' title='bbox 2571 722 2795 786; x_wconf 75' lang='grc' dir='ltr'>ἕκαστος</span> <span class='ocrx_word' id='word_1_126' title='bbox 2855 721 3001 778; x_wconf 87' lang='grc' dir='ltr'>λύσιν</span> <span class='ocrx_word' id='word_1_127' title='bbox 3056 721 3319 799; x_wconf 73' lang='grc' dir='ltr'>εὕρόντες,</span> <span class='ocrx_word' id='word_1_128' title='bbox 3385 723 3471 778; x_wconf 85' lang='grc' dir='ltr'>καὶ</span> <span class='ocrx_word' id='word_1_129' title='bbox 3525 725 3621 789; x_wconf 68' lang='grc' dir='ltr'>τὴν</span> <span class='ocrx_word' id='word_1_130' title='bbox 3682 723 3784 778; x_wconf 81' lang='grc' dir='ltr'><strong>ἑπ-</strong></span> 
     </span>
    </p>
   </div>
   <div class='ocr_carea' id='block_1_23' title="bbox 2155 809 3784 890">
    <p class='ocr_par' dir='ltr' id='par_1_23' title="bbox 2155 809 3784 890">
     <span class='ocr_line' id='line_1_23' title="bbox 2155 809 3784 890; baseline 0 -25"><span class='ocrx_word' id='word_1_131' title='bbox 2155 809 2333 886; x_wconf 66' lang='grc' dir='ltr'>ήρειαν</span> <span class='ocrx_word' id='word_1_132' title='bbox 2390 814 2506 868; x_wconf 62' lang='grc' dir='ltr'>ἐκεῖ</span> <span class='ocrx_word' id='word_1_133' title='bbox 2561 817 2737 867; x_wconf 79' lang='grc' dir='ltr'>πᾶσαν</span> <span class='ocrx_word' id='word_1_134' title='bbox 2811 813 2896 867; x_wconf 79' lang='grc' dir='ltr'><strong>καὶ</strong></span> <span class='ocrx_word' id='word_1_135' title='bbox 2953 813 3054 878; x_wconf 76' lang='grc' dir='ltr'>τὴν</span> <span class='ocrx_word' id='word_1_136' title='bbox 3114 833 3387 890; x_wconf 66' lang='grc' dir='ltr'>συμφοράν</span> <span class='ocrx_word' id='word_1_137' title='bbox 3442 811 3784 890; x_wconf 69' lang='grc' dir='ltr'><strong>ἀποθέμενοι,</strong></span> 
     </span>
    </p>
   </div>
   <div class='ocr_carea' id='block_1_24' title="bbox 2155 901 3786 981">
    <p class='ocr_par' dir='ltr' id='par_1_24' title="bbox 2155 901 3786 981">
     <span class='ocr_line' id='line_1_24' title="bbox 2155 901 3786 981; baseline 0.002 -26"><span class='ocrx_word' id='word_1_138' title='bbox 2155 901 2238 956; x_wconf 83' lang='grc' dir='ltr'><strong>καὶ</strong></span> <span class='ocrx_word' id='word_1_139' title='bbox 2290 901 2383 964; x_wconf 77' lang='grc' dir='ltr'><strong>τας</strong></span> <span class='ocrx_word' id='word_1_140' title='bbox 2441 901 2780 978; x_wconf 72' lang='grc' dir='ltr'>εὖχαριστίας</span> <span class='ocrx_word' id='word_1_141' title='bbox 2834 902 3059 980; x_wconf 73' lang='grc' dir='ltr'>εὐφήμῳ</span> <span class='ocrx_word' id='word_1_142' title='bbox 3114 901 3209 958; x_wconf 71' lang='grc' dir='ltr'>καὶ</span> <span class='ocrx_word' id='word_1_143' title='bbox 3265 907 3417 981; x_wconf 74' lang='grc' dir='ltr'>φωνῇ</span> <span class='ocrx_word' id='word_1_144' title='bbox 3450 905 3536 958; x_wconf 86' lang='grc' dir='ltr'>καὶ</span> <span class='ocrx_word' id='word_1_145' title='bbox 3567 901 3786 979; x_wconf 74' lang='grc' dir='ltr'>γλώττῃ</span> 
     </span>
    </p>
   </div>
   <div class='ocr_carea' id='block_1_25' title="bbox 2155 991 3788 1066">
    <p class='ocr_par' dir='ltr' id='par_1_25' title="bbox 2155 991 3788 1066">
     <span class='ocr_line' id='line_1_25' title="bbox 2155 991 3788 1066; baseline 0.001 -21"><span class='ocrx_word' id='word_1_146' title='bbox 2155 995 2271 1062; x_wconf 84' lang='grc' dir='ltr'><strong>Θεῷ</strong></span> <span class='ocrx_word' id='word_1_147' title='bbox 2329 992 2414 1046; x_wconf 83' lang='grc' dir='ltr'><strong>καὶ</strong></span> <span class='ocrx_word' id='word_1_148' title='bbox 2464 999 2541 1064; x_wconf 83' lang='grc' dir='ltr'>τῷ</span> <span class='ocrx_word' id='word_1_149' title='bbox 2580 993 2801 1066; x_wconf 86' lang='grc' dir='ltr'>Συμεὼν</span> <span class='ocrx_word' id='word_1_150' title='bbox 2855 991 3282 1064; x_wconf 81' lang='grc' dir='ltr'>ἀναπέμποντες,</span> <span class='ocrx_word' id='word_1_151' title='bbox 3341 998 3488 1046; x_wconf 87' lang='grc' dir='ltr'>Πᾶσα</span> <span class='ocrx_word' id='word_1_152' title='bbox 3542 993 3641 1066; x_wconf 81' lang='grc' dir='ltr'>μὲν</span> <span class='ocrx_word' id='word_1_153' title='bbox 3697 999 3788 1049; x_wconf 87' lang='grc' dir='ltr'>οὖν</span> 
     </span>
    </p>
   </div>
   <div class='ocr_carea' id='block_1_26' title="bbox 2157 1077 3779 1159">
    <p class='ocr_par' dir='ltr' id='par_1_26' title="bbox 2157 1077 3779 1159">
     <span class='ocr_line' id='line_1_26' title="bbox 2157 1077 3779 1159; baseline 0.001 -24"><span class='ocrx_word' id='word_1_154' title='bbox 2157 1077 2272 1143; x_wconf 75' lang='grc' dir='ltr'>ὁδὸς</span> <span class='ocrx_word' id='word_1_155' title='bbox 2327 1077 2412 1136; x_wconf 76' lang='grc' dir='ltr'>διὰ</span> <span class='ocrx_word' id='word_1_156' title='bbox 2465 1089 2622 1138; x_wconf 69' lang='grc' dir='ltr'>τοὸτο</span> <span class='ocrx_word' id='word_1_157' title='bbox 2681 1082 2812 1159; x_wconf 86' lang='grc' dir='ltr'>πρὸς</span> <span class='ocrx_word' id='word_1_158' title='bbox 2869 1082 2956 1138; x_wconf 77' lang='grc' dir='ltr'><strong>τὸν</strong></span> <span class='ocrx_word' id='word_1_159' title='bbox 3021 1081 3199 1158; x_wconf 77' lang='grc' dir='ltr'>ἰατρὸν</span> <span class='ocrx_word' id='word_1_160' title='bbox 3255 1080 3486 1158; x_wconf 78' lang='grc' dir='ltr'>πέρουσα</span> <span class='ocrx_word' id='word_1_161' title='bbox 3544 1079 3779 1150; x_wconf 75' lang='grc' dir='ltr'>πλήθους</span> 
     </span>
    </p>
   </div>
   <div class='ocr_carea' id='block_1_27' title="bbox 2151 1168 3781 1249">
    <p class='ocr_par' dir='ltr' id='par_1_27' title="bbox 2151 1168 3781 1249">
     <span class='ocr_line' id='line_1_27' title="bbox 2151 1168 3781 1249; baseline -0.001 -25"><span class='ocrx_word' id='word_1_162' title='bbox 2151 1169 2348 1246; x_wconf 78' lang='grc' dir='ltr'>ἀγορὰν</span> <span class='ocrx_word' id='word_1_163' title='bbox 2405 1169 2656 1244; x_wconf 72' lang='grc' dir='ltr'><strong>ἐμιμεῖτο</strong></span> <span class='ocrx_word' id='word_1_164' title='bbox 2691 1190 2705 1205; x_wconf 89' lang='grc'><strong>·</strong></span> <span class='ocrx_word' id='word_1_165' title='bbox 2765 1173 2828 1228; x_wconf 83' lang='grc' dir='ltr'>τὸ</span> <span class='ocrx_word' id='word_1_166' title='bbox 2896 1168 2951 1226; x_wconf 74' lang='grc' dir='ltr'>δὲ</span> <span class='ocrx_word' id='word_1_167' title='bbox 3007 1171 3206 1249; x_wconf 78' lang='grc' dir='ltr'>χωρίον</span> <span class='ocrx_word' id='word_1_168' title='bbox 3265 1169 3318 1226; x_wconf 71' lang='grc' dir='ltr'>ἐν</span> <span class='ocrx_word' id='word_1_169' title='bbox 3377 1174 3422 1243; x_wconf 78' lang='grc' dir='ltr'>ᾧ</span> <span class='ocrx_word' id='word_1_170' title='bbox 3477 1171 3540 1226; x_wconf 78' lang='grc' dir='ltr'>τὸ</span> <span class='ocrx_word' id='word_1_171' title='bbox 3594 1168 3781 1248; x_wconf 76' lang='grc' dir='ltr'>περιρσ</span> 
     </span>
    </p>
   </div>
   <div class='ocr_carea' id='block_1_28' title="bbox 2149 1257 3783 1338">
    <p class='ocr_par' dir='ltr' id='par_1_28' title="bbox 2149 1257 3783 1338">
     <span class='ocr_line' id='line_1_28' title="bbox 2149 1257 3783 1338; baseline 0 -24"><span class='ocrx_word' id='word_1_172' title='bbox 2149 1258 2265 1336; x_wconf 80' lang='grc' dir='ltr'>ῥέον</span> <span class='ocrx_word' id='word_1_173' title='bbox 2323 1257 2631 1338; x_wconf 73' lang='grc' dir='ltr'>συνελέγετο</span> <span class='ocrx_word' id='word_1_174' title='bbox 2715 1261 2944 1335; x_wconf 69' lang='grc' dir='ltr'>πλῆθος,</span> <span class='ocrx_word' id='word_1_175' title='bbox 3017 1260 3225 1323; x_wconf 88' lang='grc' dir='ltr'>πόλεως</span> <span class='ocrx_word' id='word_1_176' title='bbox 3285 1259 3408 1334; x_wconf 78' lang='grc' dir='ltr'>ὄψιν</span> <span class='ocrx_word' id='word_1_177' title='bbox 3465 1260 3783 1338; x_wconf 82' lang='grc' dir='ltr'>παρείχετο,</span> 
     </span>
    </p>
   </div>
   <div class='ocr_carea' id='block_1_29' title="bbox 2149 1346 3788 1424">
    <p class='ocr_par' dir='ltr' id='par_1_29' title="bbox 2149 1346 3788 1424">
     <span class='ocr_line' id='line_1_29' title="bbox 2149 1346 3788 1424; baseline 0 -20"><span class='ocrx_word' id='word_1_178' title='bbox 2149 1349 2236 1406; x_wconf 82' lang='grc' dir='ltr'><strong>καὶ</strong></span> <span class='ocrx_word' id='word_1_179' title='bbox 2295 1346 2505 1411; x_wconf 87' lang='grc' dir='ltr'>πόλεως</span> <span class='ocrx_word' id='word_1_180' title='bbox 2562 1357 2651 1405; x_wconf 78' lang='grc' dir='ltr'><strong>νῦν</strong></span> <span class='ocrx_word' id='word_1_181' title='bbox 2728 1349 2825 1424; x_wconf 68' lang='grc' dir='ltr'>μὲν</span> <span class='ocrx_word' id='word_1_182' title='bbox 2899 1349 3000 1417; x_wconf 73' lang='grc' dir='ltr'>τὴν</span> <span class='ocrx_word' id='word_1_183' title='bbox 3075 1350 3231 1406; x_wconf 88' lang='grc' dir='ltr'>νόσον</span> <span class='ocrx_word' id='word_1_184' title='bbox 3298 1349 3542 1414; x_wconf 67' lang='grc' dir='ltr'>ἑλεεινῶς</span> <span class='ocrx_word' id='word_1_185' title='bbox 3598 1347 3788 1422; x_wconf 81' lang='grc' dir='ltr'>ὀδυρο-</span> 
     </span>
    </p>
   </div>
   <div class='ocr_carea' id='block_1_30' title="bbox 2153 1437 3789 1517">
    <p class='ocr_par' dir='ltr' id='par_1_30' title="bbox 2153 1437 3789 1517">
     <span class='ocr_line' id='line_1_30' title="bbox 2153 1437 3789 1517; baseline 0 -23"><span class='ocrx_word' id='word_1_186' title='bbox 2153 1439 2352 1516; x_wconf 76' lang='grc' dir='ltr'>μένων,</span> <span class='ocrx_word' id='word_1_187' title='bbox 2384 1446 2471 1495; x_wconf 74' lang='grc' dir='ltr'>νῦν</span> <span class='ocrx_word' id='word_1_188' title='bbox 2506 1437 2555 1494; x_wconf 71' lang='grc' dir='ltr'>δὲ</span> <span class='ocrx_word' id='word_1_189' title='bbox 2587 1439 3053 1517; x_wconf 74' lang='grc' dir='ltr'>πανηγυριζόντων</span> <span class='ocrx_word' id='word_1_190' title='bbox 3102 1441 3196 1506; x_wconf 70' lang='grc' dir='ltr'>τὴν</span> <span class='ocrx_word' id='word_1_191' title='bbox 3257 1439 3424 1498; x_wconf 81' lang='grc' dir='ltr'>ἴασιν.</span> <span class='ocrx_word' id='word_1_192' title='bbox 3482 1438 3579 1496; x_wconf 79' lang='grc' dir='ltr'>Καὶ</span> <span class='ocrx_word' id='word_1_193' title='bbox 3633 1440 3789 1494; x_wconf 82' lang='grc' dir='ltr'>τοῦτο</span> 
     </span>
    </p>
   </div>
   <div class='ocr_carea' id='block_1_31' title="bbox 2153 1526 3789 1607">
    <p class='ocr_par' dir='ltr' id='par_1_31' title="bbox 2153 1526 3789 1607">
     <span class='ocr_line' id='line_1_31' title="bbox 2153 1526 3789 1607; baseline -0.002 -23"><span class='ocrx_word' id='word_1_194' title='bbox 2153 1529 2258 1607; x_wconf 61' lang='grc' dir='ltr'><strong>οὑχ</strong></span> <span class='ocrx_word' id='word_1_195' title='bbox 2314 1528 2475 1602; x_wconf 77' lang='grc' dir='ltr'>ἅπαξ,</span> <span class='ocrx_word' id='word_1_196' title='bbox 2537 1527 2674 1584; x_wconf 84' lang='grc' dir='ltr'><strong>ἀλλά</strong></span> <span class='ocrx_word' id='word_1_197' title='bbox 2723 1530 2810 1584; x_wconf 83' lang='grc' dir='ltr'>καὶ</span> <span class='ocrx_word' id='word_1_198' title='bbox 2863 1527 3120 1593; x_wconf 78' lang='grc' dir='ltr'>πολλάκις</span> <span class='ocrx_word' id='word_1_199' title='bbox 3180 1528 3411 1606; x_wconf 78' lang='grc' dir='ltr'>ἐγένετο,</span> <span class='ocrx_word' id='word_1_200' title='bbox 3473 1530 3561 1583; x_wconf 84' lang='grc' dir='ltr'>καὶ</span> <span class='ocrx_word' id='word_1_201' title='bbox 3632 1526 3789 1582; x_wconf 80' lang='grc' dir='ltr'>πόλιν</span> 
     </span>
    </p>
   </div>
   <div class='ocr_carea' id='block_1_32' title="bbox 2155 1614 3789 1698">
    <p class='ocr_par' dir='ltr' id='par_1_32' title="bbox 2155 1614 3789 1698">
     <span class='ocr_line' id='line_1_32' title="bbox 2155 1614 3789 1698; baseline -0.002 -25"><span class='ocrx_word' id='word_1_202' title='bbox 2155 1619 2254 1692; x_wconf 76' lang='grc' dir='ltr'>μὲν</span> <span class='ocrx_word' id='word_1_203' title='bbox 2296 1619 2362 1683; x_wconf 78' lang='grc' dir='ltr'><strong>ἧν</strong></span> <span class='ocrx_word' id='word_1_204' title='bbox 2395 1619 2600 1674; x_wconf 70' lang='grc' dir='ltr'>εἰκάσαι</span> <span class='ocrx_word' id='word_1_205' title='bbox 2632 1616 2894 1694; x_wconf 80' lang='grc' dir='ltr'>πόῤῥωθεν</span> <span class='ocrx_word' id='word_1_206' title='bbox 2942 1619 3036 1673; x_wconf 82' lang='grc' dir='ltr'>τὸν</span> <span class='ocrx_word' id='word_1_207' title='bbox 3089 1616 3258 1698; x_wconf 80' lang='grc' dir='ltr'>ὄχλον</span> <span class='ocrx_word' id='word_1_208' title='bbox 3300 1616 3483 1695; x_wconf 72' lang='grc' dir='ltr'>ἰδόντι,</span> <span class='ocrx_word' id='word_1_209' title='bbox 3549 1614 3789 1682; x_wconf 76' lang='grc' dir='ltr'>πλησιά-</span> 
     </span>
    </p>
   </div>
   <div class='ocr_carea' id='block_1_33' title="bbox 2156 1704 3788 1777">
    <p class='ocr_par' dir='ltr' id='par_1_33' title="bbox 2156 1704 3788 1777">
     <span class='ocr_line' id='line_1_33' title="bbox 2156 1704 3788 1777; baseline -0.001 -15"><span class='ocrx_word' id='word_1_210' title='bbox 2156 1729 2305 1763; x_wconf 86' lang='grc' dir='ltr'>σαντι</span> <span class='ocrx_word' id='word_1_211' title='bbox 2336 1705 2390 1762; x_wconf 76' lang='grc' dir='ltr'>δὲ</span> <span class='ocrx_word' id='word_1_212' title='bbox 2435 1709 2529 1764; x_wconf 70' lang='grc' dir='ltr'><strong>οὒκ</strong></span> <span class='ocrx_word' id='word_1_213' title='bbox 2558 1707 2633 1764; x_wconf 79' lang='grc' dir='ltr'>ἔτι</span> <span class='ocrx_word' id='word_1_214' title='bbox 2666 1707 2845 1777; x_wconf 81' lang='grc' dir='ltr'>πόλις,</span> <span class='ocrx_word' id='word_1_215' title='bbox 2895 1707 3032 1762; x_wconf 84' lang='grc' dir='ltr'><strong>ἀλλά</strong></span> <span class='ocrx_word' id='word_1_216' title='bbox 3089 1706 3305 1764; x_wconf 81' lang='grc' dir='ltr'>πολλῶν</span> <span class='ocrx_word' id='word_1_217' title='bbox 3362 1704 3532 1762; x_wconf 65' lang='grc' dir='ltr'>ἐδόκει</span> <span class='ocrx_word' id='word_1_218' title='bbox 3583 1705 3788 1774; x_wconf 76' lang='grc' dir='ltr'>συστήο</span> 
     </span>
    </p>
   </div>
   <div class='ocr_carea' id='block_1_34' title="bbox 434 1781 2071 1874">
    <p class='ocr_par' dir='ltr' id='par_1_34' title="bbox 434 1787 2068 1854">
     <span class='ocr_line' id='line_1_34' title="bbox 434 1787 2068 1854; baseline 0.002 -3"><span class='ocrx_word' id='word_1_219' title='bbox 434 1789 694 1852; x_wconf 90' lang='lat' dir='ltr'><strong>cundum</strong></span> <span class='ocrx_word' id='word_1_220' title='bbox 730 1787 1168 1849; x_wconf 88' lang='lat' dir='ltr'><strong>multitudinem</strong></span> <span class='ocrx_word' id='word_1_221' title='bbox 1205 1788 1616 1852; x_wconf 80' lang='lat' dir='ltr'><strong>distinctarum</strong></span> <span class='ocrx_word' id='word_1_222' title='bbox 1651 1809 1782 1852; x_wconf 90' lang='lat' dir='ltr'><strong>esse</strong></span> <span class='ocrx_word' id='word_1_223' title='bbox 1834 1792 2068 1854; x_wconf 90' lang='lat' dir='ltr'><strong>videre-</strong></span> 
     </span>
    </p>
   </div>
   <div class='ocr_carea' id='block_1_35' title="bbox 2161 1781 3790 1874">
    <p class='ocr_par' dir='ltr' id='par_1_35' title="bbox 2161 1792 3790 1874">
     <span class='ocr_line' id='line_1_35' title="bbox 2161 1792 3790 1874; baseline -0.002 -22"><span class='ocrx_word' id='word_1_224' title='bbox 2161 1819 2299 1871; x_wconf 86' lang='grc' dir='ltr'>ματα</span> <span class='ocrx_word' id='word_1_225' title='bbox 2329 1795 2537 1853; x_wconf 89' lang='grc' dir='ltr'>πόλεων</span> <span class='ocrx_word' id='word_1_226' title='bbox 2566 1797 2700 1852; x_wconf 79' lang='grc' dir='ltr'>κατὰ</span> <span class='ocrx_word' id='word_1_227' title='bbox 2743 1794 2941 1864; x_wconf 64' lang='grc' dir='ltr'>πλῆθος</span> <span class='ocrx_word' id='word_1_228' title='bbox 2996 1796 3222 1854; x_wconf 73' lang='grc' dir='ltr'>ἑκάστου</span> <span class='ocrx_word' id='word_1_229' title='bbox 3273 1802 3341 1872; x_wconf 79' lang='grc' dir='ltr'>τῇ</span> <span class='ocrx_word' id='word_1_230' title='bbox 3383 1794 3608 1874; x_wconf 77' lang='grc' dir='ltr'>γλώττῃ·</span> <span class='ocrx_word' id='word_1_231' title='bbox 3645 1792 3790 1850; x_wconf 79' lang='grc' dir='ltr'>διαι-</span> 
     </span>
    </p>
   </div>
   <div class='ocr_carea' id='block_1_36' title="bbox 435 1889 552 1942">
    <p class='ocr_par' dir='ltr' id='par_1_36' title="bbox 435 1889 552 1942">
     <span class='ocr_line' id='line_1_36' title="bbox 435 1889 552 1942; baseline 0.009 -1"><span class='ocrx_word' id='word_1_232' title='bbox 435 1889 552 1942; x_wconf 92' lang='lat' dir='ltr'><strong>tur.</strong></span> 
     </span>
    </p>
   </div>
   <div class='ocr_carea' id='block_1_37' title="bbox 514 1967 2075 2049">
    <p class='ocr_par' dir='ltr' id='par_1_37' title="bbox 514 1967 2075 2049">
     <span class='ocr_line' id='line_1_37' title="bbox 514 1967 2075 2049; baseline 0.001 -18"><span class='ocrx_word' id='word_1_233' title='bbox 514 1970 614 2031; x_wconf 83' lang='grc'>16.</span> <span class='ocrx_word' id='word_1_234' title='bbox 650 1968 802 2041; x_wconf 86' lang='lat' dir='ltr'><strong>Quid</strong></span> <span class='ocrx_word' id='word_1_235' title='bbox 839 1967 1013 2030; x_wconf 92' lang='lat' dir='ltr'><strong>modo</strong></span> <span class='ocrx_word' id='word_1_236' title='bbox 1070 1967 1282 2030; x_wconf 89' lang='lat' dir='ltr'><strong>attinet</strong></span> <span class='ocrx_word' id='word_1_237' title='bbox 1341 1967 1514 2049; x_wconf 76' lang='lat' dir='ltr'><strong>Syros</strong></span> <span class='ocrx_word' id='word_1_238' title='bbox 1572 1977 1671 2030; x_wconf 91' lang='lat' dir='ltr'><strong>aut</strong></span> <span class='ocrx_word' id='word_1_239' title='bbox 1702 1971 1940 2045; x_wconf 86' lang='lat' dir='ltr'><strong>Cilices,</strong></span> <span class='ocrx_word' id='word_1_240' title='bbox 1975 1979 2075 2032; x_wconf 91' lang='lat' dir='ltr'><strong>aut</strong></span> 
     </span>
    </p>
   </div>
   <div class='ocr_carea' id='block_1_38' title="bbox 434 2059 2073 2142">
    <p class='ocr_par' dir='ltr' id='par_1_38' title="bbox 434 2059 2073 2142">
     <span class='ocr_line' id='line_1_38' title="bbox 434 2059 2073 2142; baseline 0.001 -20"><span class='ocrx_word' id='word_1_241' title='bbox 434 2059 790 2122; x_wconf 72' lang='lat' dir='ltr'><strong>thnicum</strong></span> <span class='ocrx_word' id='word_1_242' title='bbox 825 2076 1037 2137; x_wconf 75' lang='lat' dir='ltr'><strong>greges</strong></span> <span class='ocrx_word' id='word_1_243' title='bbox 1069 2075 1452 2132; x_wconf 84' lang='lat' dir='ltr'><strong>enumerare,</strong></span> <span class='ocrx_word' id='word_1_244' title='bbox 1485 2068 1582 2119; x_wconf 90' lang='lat' dir='ltr'><strong>aut</strong></span> <span class='ocrx_word' id='word_1_245' title='bbox 1614 2060 2073 2142; x_wconf 90' lang='lat' dir='ltr'><strong>quibuscunque</strong></span> 
     </span>
    </p>
   </div>
   <div class='ocr_carea' id='block_1_39' title="bbox 433 2146 2072 2228">
    <p class='ocr_par' dir='ltr' id='par_1_39' title="bbox 433 2146 2072 2228">
     <span class='ocr_line' id='line_1_39' title="bbox 433 2146 2072 2228; baseline 0.001 -18"><span class='ocrx_word' id='word_1_246' title='bbox 433 2147 830 2210; x_wconf 81' lang='lat' dir='ltr'><strong>Romanorum</strong></span> <span class='ocrx_word' id='word_1_247' title='bbox 865 2147 1124 2208; x_wconf 89' lang='lat' dir='ltr'><strong>innotuit</strong></span> <span class='ocrx_word' id='word_1_248' title='bbox 1152 2146 1498 2228; x_wconf 85' lang='lat' dir='ltr'><strong>sceptrum?</strong></span> <span class='ocrx_word' id='word_1_249' title='bbox 1525 2147 1709 2209; x_wconf 87' lang='lat' dir='ltr'><strong>Etiam</strong></span> <span class='ocrx_word' id='word_1_250' title='bbox 1746 2150 2072 2211; x_wconf 86' lang='lat' dir='ltr'><strong>lsu-aelita-</strong></span> 
     </span>
    </p>
   </div>
   <div class='ocr_carea' id='block_1_40' title="bbox 432 2235 2071 2316">
    <p class='ocr_par' dir='ltr' id='par_1_40' title="bbox 432 2235 2071 2316">
     <span class='ocr_line' id='line_1_40' title="bbox 432 2235 2071 2316; baseline 0.003 -18"><span class='ocrx_word' id='word_1_251' title='bbox 432 2255 565 2298; x_wconf 89' lang='lat' dir='ltr'><strong>rum</strong></span> <span class='ocrx_word' id='word_1_252' title='bbox 586 2237 834 2310; x_wconf 90' lang='lat' dir='ltr'><strong>natio,et</strong></span> <span class='ocrx_word' id='word_1_253' title='bbox 851 2235 1458 2309; x_wconf 73' lang='lat' dir='ltr'><strong>Arabum,Persarum</strong></span> <span class='ocrx_word' id='word_1_254' title='bbox 1485 2241 2071 2316; x_wconf 86' lang='lat' dir='ltr'><strong>quoque,Armenio-</strong></span> 
     </span>
    </p>
   </div>
   <div class='ocr_carea' id='block_1_41' title="bbox 434 2323 2072 2406">
    <p class='ocr_par' dir='ltr' id='par_1_41' title="bbox 434 2323 2072 2406">
     <span class='ocr_line' id='line_1_41' title="bbox 434 2323 2072 2406; baseline 0.005 -21"><span class='ocrx_word' id='word_1_255' title='bbox 434 2343 567 2388; x_wconf 89' lang='lat' dir='ltr'><strong>rum</strong></span> <span class='ocrx_word' id='word_1_256' title='bbox 629 2337 687 2386; x_wconf 91' lang='lat' dir='ltr'><strong>et</strong></span> <span class='ocrx_word' id='word_1_257' title='bbox 744 2327 1080 2406; x_wconf 82' lang='lat' dir='ltr'><strong>quicunque</strong></span> <span class='ocrx_word' id='word_1_258' title='bbox 1140 2323 1392 2387; x_wconf 88' lang='lat' dir='ltr'><strong>lberiam</strong></span> <span class='ocrx_word' id='word_1_259' title='bbox 1459 2327 1712 2406; x_wconf 85' lang='lat' dir='ltr'><strong>populus</strong></span> <span class='ocrx_word' id='word_1_260' title='bbox 1742 2329 1967 2405; x_wconf 80' lang='lat' dir='ltr'><strong>incolit,</strong></span> <span class='ocrx_word' id='word_1_261' title='bbox 2002 2350 2072 2392; x_wconf 91' lang='lat' dir='ltr'><strong>eo</strong></span> 
     </span>
    </p>
   </div>
   <div class='ocr_carea' id='block_1_42' title="bbox 440 2414 2073 2487">
    <p class='ocr_par' dir='ltr' id='par_1_42' title="bbox 440 2414 2073 2487">
     <span class='ocr_line' id='line_1_42' title="bbox 440 2414 2073 2487; baseline 0.001 -8"><span class='ocrx_word' id='word_1_262' title='bbox 440 2414 963 2487; x_wconf 84' lang='lat' dir='ltr'><strong>conﬂuebat.Quin</strong></span> <span class='ocrx_word' id='word_1_263' title='bbox 996 2415 1115 2474; x_wconf 90' lang='lat' dir='ltr'><strong>imo</strong></span> <span class='ocrx_word' id='word_1_264' title='bbox 1149 2423 1204 2475; x_wconf 92' lang='lat' dir='ltr'><strong>et</strong></span> <span class='ocrx_word' id='word_1_265' title='bbox 1235 2416 1559 2476; x_wconf 72' lang='lat' dir='ltr'><strong>Homeritte</strong></span> <span class='ocrx_word' id='word_1_266' title='bbox 1589 2425 1646 2476; x_wconf 92' lang='lat' dir='ltr'><strong>et</strong></span> <span class='ocrx_word' id='word_1_267' title='bbox 1677 2417 1770 2477; x_wconf 85' lang='lat' dir='ltr'><strong>his</strong></span> <span class='ocrx_word' id='word_1_268' title='bbox 1800 2422 2073 2481; x_wconf 83' lang='lat' dir='ltr'><strong>remotio-</strong></span> 
     </span>
    </p>
   </div>
   <div class='ocr_carea' id='block_1_43' title="bbox 435 2504 2074 2584">
    <p class='ocr_par' dir='ltr' id='par_1_43' title="bbox 435 2504 2074 2584">
     <span class='ocr_line' id='line_1_43' title="bbox 435 2504 2074 2584; baseline 0.001 -16"><span class='ocrx_word' id='word_1_269' title='bbox 435 2507 743 2584; x_wconf 83' lang='lat' dir='ltr'><strong>res,ltujus</strong></span> <span class='ocrx_word' id='word_1_270' title='bbox 775 2504 1160 2580; x_wconf 75' lang='lat' dir='ltr'><strong>multilingute</strong></span> <span class='ocrx_word' id='word_1_271' title='bbox 1193 2505 1586 2567; x_wconf 90' lang='lat' dir='ltr'><strong>multitudinis</strong></span> <span class='ocrx_word' id='word_1_272' title='bbox 1620 2525 1931 2569; x_wconf 88' lang='lat' dir='ltr'><strong>numerum</strong></span> <span class='ocrx_word' id='word_1_273' title='bbox 1966 2510 2074 2570; x_wconf 86' lang='lat' dir='ltr'><strong>im-</strong></span> 
     </span>
    </p>
   </div>
   <div class='ocr_carea' id='block_1_44' title="bbox 437 2593 2077 2678">
    <p class='ocr_par' dir='ltr' id='par_1_44' title="bbox 437 2593 2077 2678">
     <span class='ocr_line' id='line_1_44' title="bbox 437 2593 2077 2678; baseline 0.002 -22"><span class='ocrx_word' id='word_1_274' title='bbox 437 2594 696 2675; x_wconf 85' lang='lat' dir='ltr'><strong>plebant.</strong></span> <span class='ocrx_word' id='word_1_275' title='bbox 731 2593 1140 2656; x_wconf 85' lang='lat' dir='ltr'><strong>Adventabant</strong></span> <span class='ocrx_word' id='word_1_276' title='bbox 1169 2611 1240 2656; x_wconf 83' lang='lat' dir='ltr'><strong>ex</strong></span> <span class='ocrx_word' id='word_1_277' title='bbox 1274 2593 1603 2656; x_wconf 87' lang='lat' dir='ltr'><strong>Occidente</strong></span> <span class='ocrx_word' id='word_1_278' title='bbox 1639 2615 1755 2657; x_wconf 85' lang='lat' dir='ltr'><strong>non</strong></span> <span class='ocrx_word' id='word_1_279' title='bbox 1787 2598 1979 2678; x_wconf 88' lang='lat' dir='ltr'><strong>pauci,</strong></span> <span class='ocrx_word' id='word_1_280' title='bbox 2015 2609 2077 2660; x_wconf 92' lang='lat' dir='ltr'><strong>ut</strong></span> 
     </span>
    </p>
   </div>
   <div class='ocr_carea' id='block_1_45' title="bbox 436 2682 2077 2763">
    <p class='ocr_par' dir='ltr' id='par_1_45' title="bbox 436 2682 2077 2763">
     <span class='ocr_line' id='line_1_45' title="bbox 436 2682 2077 2763; baseline 0.001 -16"><span class='ocrx_word' id='word_1_281' title='bbox 436 2683 732 2757; x_wconf 85' lang='lat' dir='ltr'><strong>Britanni,</strong></span> <span class='ocrx_word' id='word_1_282' title='bbox 766 2682 1010 2763; x_wconf 85' lang='lat' dir='ltr'><strong>llispani</strong></span> <span class='ocrx_word' id='word_1_283' title='bbox 1067 2693 1125 2744; x_wconf 89' lang='lat' dir='ltr'><strong>et</strong></span> <span class='ocrx_word' id='word_1_284' title='bbox 1182 2684 1354 2755; x_wconf 87' lang='lat' dir='ltr'><strong>Galli,</strong></span> <span class='ocrx_word' id='word_1_285' title='bbox 1425 2693 1482 2744; x_wconf 89' lang='lat' dir='ltr'><strong>et</strong></span> <span class='ocrx_word' id='word_1_286' title='bbox 1541 2685 1887 2763; x_wconf 80' lang='lat' dir='ltr'><strong>quicunque</strong></span> <span class='ocrx_word' id='word_1_287' title='bbox 1921 2689 2077 2749; x_wconf 86' lang='lat' dir='ltr'><strong>inter</strong></span> 
     </span>
    </p>
   </div>
   <div class='ocr_carea' id='block_1_46' title="bbox 438 2772 1432 2850">
    <p class='ocr_par' dir='ltr' id='par_1_46' title="bbox 438 2772 1432 2850">
     <span class='ocr_line' id='line_1_46' title="bbox 438 2772 1432 2850; baseline -0.002 -14"><span class='ocrx_word' id='word_1_288' title='bbox 438 2774 668 2836; x_wconf 89' lang='lat' dir='ltr'><strong>medias</strong></span> <span class='ocrx_word' id='word_1_289' title='bbox 699 2773 973 2850; x_wconf 82' lang='lat' dir='ltr'><strong>regiones</strong></span> <span class='ocrx_word' id='word_1_290' title='bbox 1005 2772 1432 2835; x_wconf 87' lang='lat' dir='ltr'><strong>inhabitabant.</strong></span> 
     </span>
    </p>
   </div>
   <div class='ocr_carea' id='block_1_47' title="bbox 521 2860 2074 2942">
    <p class='ocr_par' dir='ltr' id='par_1_47' title="bbox 521 2860 2074 2942">
     <span class='ocr_line' id='line_1_47' title="bbox 521 2860 2074 2942; baseline 0.002 -18"><span class='ocrx_word' id='word_1_291' title='bbox 521 2865 619 2924; x_wconf 76' lang='grc' dir='ltr'>Π.</span> <span class='ocrx_word' id='word_1_292' title='bbox 661 2861 766 2924; x_wconf 80' lang='lat' dir='ltr'><strong>Vix</strong></span> <span class='ocrx_word' id='word_1_293' title='bbox 799 2860 995 2923; x_wconf 81' lang='lat' dir='ltr'><strong>verbis</strong></span> <span class='ocrx_word' id='word_1_294' title='bbox 1026 2861 1836 2942; x_wconf 77' lang='lat' dir='ltr'><strong>exprimerelicet,quantum</strong></span> <span class='ocrx_word' id='word_1_295' title='bbox 1862 2867 1920 2927; x_wconf 90' lang='lat' dir='ltr'><strong>in</strong></span> <span class='ocrx_word' id='word_1_296' title='bbox 1955 2866 2074 2927; x_wconf 84' lang='lat' dir='ltr'><strong>[ta-</strong></span> 
     </span>
    </p>
   </div>
   <div class='ocr_carea' id='block_1_48' title="bbox 2155 1886 2448 1960">
    <p class='ocr_par' dir='ltr' id='par_1_48' title="bbox 2155 1886 2448 1960">
     <span class='ocr_line' id='line_1_48' title="bbox 2155 1886 2448 1960; baseline -0.01 -18"><span class='ocrx_word' id='word_1_297' title='bbox 2155 1886 2448 1960; x_wconf 82' lang='grc' dir='ltr'>ρουμὲνων,</span> 
     </span>
    </p>
   </div>
   <div class='ocr_carea' id='block_1_49' title="bbox 2239 1973 3791 2052">
    <p class='ocr_par' dir='ltr' id='par_1_49' title="bbox 2239 1973 3791 2052">
     <span class='ocr_line' id='line_1_49' title="bbox 2239 1973 3791 2052; baseline -0.002 -22"><span class='ocrx_word' id='word_1_298' title='bbox 2239 1974 2334 2046; x_wconf 78' lang='grc' dir='ltr'><strong>ιζ’.</strong></span> <span class='ocrx_word' id='word_1_299' title='bbox 2400 1977 2497 2034; x_wconf 76' lang='grc' dir='ltr'><strong>Καὶ</strong></span> <span class='ocrx_word' id='word_1_300' title='bbox 2554 1977 2604 2032; x_wconf 86' lang='grc' dir='ltr'><strong>τί</strong></span> <span class='ocrx_word' id='word_1_301' title='bbox 2675 1973 2762 2032; x_wconf 78' lang='grc' dir='ltr'><strong>δεῖ</strong></span> <span class='ocrx_word' id='word_1_302' title='bbox 2815 1976 3008 2052; x_wconf 83' lang='grc' dir='ltr'>Σύρους</span> <span class='ocrx_word' id='word_1_303' title='bbox 3067 1975 3103 2042; x_wconf 75' lang='grc' dir='ltr'><strong>ἢ</strong></span> <span class='ocrx_word' id='word_1_304' title='bbox 3167 1973 3384 2036; x_wconf 77' lang='grc' dir='ltr'>Κίλικας</span> <span class='ocrx_word' id='word_1_305' title='bbox 3437 1974 3473 2042; x_wconf 77' lang='grc' dir='ltr'><strong>ἢ</strong></span> <span class='ocrx_word' id='word_1_306' title='bbox 3528 1973 3791 2030; x_wconf 82' lang='grc' dir='ltr'>Φοινίκων</span> 
     </span>
    </p>
   </div>
   <div class='ocr_carea' id='block_1_50' title="bbox 2159 2053 3792 2141">
    <p class='ocr_par' dir='ltr' id='par_1_50' title="bbox 2159 2053 3792 2141">
     <span class='ocr_line' id='line_1_50' title="bbox 2159 2053 3792 2141; baseline -0.002 -21"><span class='ocrx_word' id='word_1_307' title='bbox 2159 2064 2470 2140; x_wconf 80' lang='grc' dir='ltr'>καταλέγειν</span> <span class='ocrx_word' id='word_1_308' title='bbox 2531 2063 2749 2141; x_wconf 80' lang='grc' dir='ltr'>ἀγέλας,</span> <span class='ocrx_word' id='word_1_309' title='bbox 2783 2063 2817 2131; x_wconf 72' lang='grc' dir='ltr'>ἢ</span> <span class='ocrx_word' id='word_1_310' title='bbox 2870 2066 2957 2119; x_wconf 81' lang='grc' dir='ltr'><strong>καὶ</strong></span> <span class='ocrx_word' id='word_1_311' title='bbox 3009 2065 3156 2126; x_wconf 85' lang='grc' dir='ltr'>ὃσοις</span> <span class='ocrx_word' id='word_1_312' title='bbox 3187 2063 3372 2127; x_wconf 69' lang='grc' dir='ltr'>ἄλλοις</span> <span class='ocrx_word' id='word_1_313' title='bbox 3417 2066 3478 2119; x_wconf 77' lang='grc' dir='ltr'>τὸ</span> <span class='ocrx_word' id='word_1_314' title='bbox 3516 2053 3792 2136; x_wconf 59' lang='grc' dir='ltr'><strong>ρΡωμαίων</strong></span> 
     </span>
    </p>
   </div>
   <div class='ocr_carea' id='block_1_51' title="bbox 2157 2151 3794 2230">
    <p class='ocr_par' dir='ltr' id='par_1_51' title="bbox 2157 2151 3794 2230">
     <span class='ocr_line' id='line_1_51' title="bbox 2157 2151 3794 2230; baseline -0.002 -20"><span class='ocrx_word' id='word_1_315' title='bbox 2157 2155 2463 2227; x_wconf 87' lang='grc' dir='ltr'>ὠνόμασται</span> <span class='ocrx_word' id='word_1_316' title='bbox 2519 2158 2842 2230; x_wconf 72' lang='grc' dir='ltr'>σκῆπτρονς</span> <span class='ocrx_word' id='word_1_317' title='bbox 2924 2151 3090 2209; x_wconf 67' lang='grc' dir='ltr'>Ἀλλὰ</span> <span class='ocrx_word' id='word_1_318' title='bbox 3147 2155 3236 2209; x_wconf 82' lang='grc' dir='ltr'><strong>καὶ</strong></span> <span class='ocrx_word' id='word_1_319' title='bbox 3296 2152 3658 2226; x_wconf 80' lang='grc' dir='ltr'>Ἰσμαηλιτῶν</span> <span class='ocrx_word' id='word_1_320' title='bbox 3705 2153 3794 2207; x_wconf 79' lang='grc' dir='ltr'><strong>καὶ</strong></span> 
     </span>
    </p>
   </div>
   <div class='ocr_carea' id='block_1_52' title="bbox 2158 2239 3796 2319">
    <p class='ocr_par' dir='ltr' id='par_1_52' title="bbox 2158 2239 3796 2319">
     <span class='ocr_line' id='line_1_52' title="bbox 2158 2239 3796 2319; baseline -0.002 -21"><span class='ocrx_word' id='word_1_321' title='bbox 2158 2241 2394 2319; x_wconf 79' lang='grc' dir='ltr'>Ἀράϐων</span> <span class='ocrx_word' id='word_1_322' title='bbox 2455 2241 2600 2316; x_wconf 77' lang='grc' dir='ltr'>ἔθνη,</span> <span class='ocrx_word' id='word_1_323' title='bbox 2663 2245 2876 2318; x_wconf 81' lang='grc' dir='ltr'>Περσῶν</span> <span class='ocrx_word' id='word_1_324' title='bbox 2933 2263 2990 2298; x_wconf 89' lang='grc' dir='ltr'><strong>τε</strong></span> <span class='ocrx_word' id='word_1_325' title='bbox 3051 2244 3139 2298; x_wconf 79' lang='grc' dir='ltr'><strong>καὶ</strong></span> <span class='ocrx_word' id='word_1_326' title='bbox 3197 2241 3514 2319; x_wconf 82' lang='grc' dir='ltr'>Ἀρμενίων,</span> <span class='ocrx_word' id='word_1_327' title='bbox 3575 2242 3662 2297; x_wconf 85' lang='grc' dir='ltr'>καὶ</span> <span class='ocrx_word' id='word_1_328' title='bbox 3695 2239 3796 2296; x_wconf 82' lang='grc' dir='ltr'><strong>ὅσα</strong></span> 
     </span>
    </p>
   </div>
   <div class='ocr_carea' id='block_1_53' title="bbox 2156 2329 3796 2408">
    <p class='ocr_par' dir='ltr' id='par_1_53' title="bbox 2156 2329 3796 2408">
     <span class='ocr_line' id='line_1_53' title="bbox 2156 2329 3796 2408; baseline -0.002 -20"><span class='ocrx_word' id='word_1_329' title='bbox 2156 2332 2251 2399; x_wconf 74' lang='grc' dir='ltr'><strong>τὴν</strong></span> <span class='ocrx_word' id='word_1_330' title='bbox 2310 2329 2540 2408; x_wconf 79' lang='grc' dir='ltr'>Ἰϐηρίαν</span> <span class='ocrx_word' id='word_1_331' title='bbox 2584 2331 2799 2405; x_wconf 78' lang='grc' dir='ltr'>νέμεται</span> <span class='ocrx_word' id='word_1_332' title='bbox 2856 2331 3010 2408; x_wconf 81' lang='grc' dir='ltr'>γένη.</span> <span class='ocrx_word' id='word_1_333' title='bbox 3062 2333 3157 2388; x_wconf 82' lang='grc' dir='ltr'>Καὶ</span> <span class='ocrx_word' id='word_1_334' title='bbox 3203 2330 3268 2398; x_wconf 82' lang='grc' dir='ltr'>δὴ</span> <span class='ocrx_word' id='word_1_335' title='bbox 3326 2331 3418 2386; x_wconf 64' lang='grc' dir='ltr'>καὶ</span> <span class='ocrx_word' id='word_1_336' title='bbox 3476 2330 3796 2406; x_wconf 79' lang='grc' dir='ltr'>οἱὈμηρϊ-</span> 
     </span>
    </p>
   </div>
   <div class='ocr_carea' id='block_1_54' title="bbox 2154 2419 3796 2499">
    <p class='ocr_par' dir='ltr' id='par_1_54' title="bbox 2154 2419 3796 2499">
     <span class='ocr_line' id='line_1_54' title="bbox 2154 2419 3796 2499; baseline 0 -23"><span class='ocrx_word' id='word_1_337' title='bbox 2154 2443 2241 2477; x_wconf 87' lang='grc' dir='ltr'><strong>ται</strong></span> <span class='ocrx_word' id='word_1_338' title='bbox 2271 2423 2356 2478; x_wconf 78' lang='grc' dir='ltr'><strong>καὶ</strong></span> <span class='ocrx_word' id='word_1_339' title='bbox 2392 2424 2437 2477; x_wconf 75' lang='grc' dir='ltr'>οἱ</span> <span class='ocrx_word' id='word_1_340' title='bbox 2467 2421 2666 2477; x_wconf 75' lang='grc' dir='ltr'>τούτων</span> <span class='ocrx_word' id='word_1_341' title='bbox 2698 2419 2985 2499; x_wconf 81' lang='grc' dir='ltr'>ὲνδότεροι,</span> <span class='ocrx_word' id='word_1_342' title='bbox 3045 2419 3315 2498; x_wconf 80' lang='grc' dir='ltr'>πλήρωμα</span> <span class='ocrx_word' id='word_1_343' title='bbox 3354 2423 3446 2476; x_wconf 83' lang='grc' dir='ltr'>καὶ</span> <span class='ocrx_word' id='word_1_344' title='bbox 3504 2422 3646 2476; x_wconf 81' lang='grc' dir='ltr'>οὗτοι</span> <span class='ocrx_word' id='word_1_345' title='bbox 3701 2428 3796 2476; x_wconf 73' lang='grc' dir='ltr'>τοῦ</span> 
     </span>
    </p>
   </div>
   <div class='ocr_carea' id='block_1_55' title="bbox 2158 2506 3799 2588">
    <p class='ocr_par' dir='ltr' id='par_1_55' title="bbox 2158 2506 3799 2588">
     <span class='ocr_line' id='line_1_55' title="bbox 2158 2506 3799 2588; baseline -0.002 -22"><span class='ocrx_word' id='word_1_346' title='bbox 2158 2509 2544 2586; x_wconf 72' lang='grc' dir='ltr'>πολυγλώσσου</span> <span class='ocrx_word' id='word_1_347' title='bbox 2620 2509 2854 2576; x_wconf 67' lang='grc' dir='ltr'>πλήθους</span> <span class='ocrx_word' id='word_1_348' title='bbox 2926 2509 3128 2565; x_wconf 75' lang='grc' dir='ltr'>ἐκείνου</span> <span class='ocrx_word' id='word_1_349' title='bbox 3197 2508 3458 2586; x_wconf 80' lang='grc' dir='ltr'>ἐγίνοντο.</span> <span class='ocrx_word' id='word_1_350' title='bbox 3517 2506 3799 2588; x_wconf 73' lang='grc' dir='ltr'>Ἀφίιιοντο</span> 
     </span>
    </p>
   </div>
   <div class='ocr_carea' id='block_1_56' title="bbox 2158 2596 3791 2676">
    <p class='ocr_par' dir='ltr' id='par_1_56' title="bbox 2158 2596 3791 2676">
     <span class='ocr_line' id='line_1_56' title="bbox 2158 2596 3791 2676; baseline -0.002 -22"><span class='ocrx_word' id='word_1_351' title='bbox 2158 2598 2210 2656; x_wconf 72' lang='grc' dir='ltr'>δὲ</span> <span class='ocrx_word' id='word_1_352' title='bbox 2241 2603 2328 2656; x_wconf 84' lang='grc' dir='ltr'>καὶ</span> <span class='ocrx_word' id='word_1_353' title='bbox 2370 2605 2476 2655; x_wconf 85' lang='grc' dir='ltr'><strong>τῶν</strong></span> <span class='ocrx_word' id='word_1_354' title='bbox 2520 2596 2809 2675; x_wconf 83' lang='grc' dir='ltr'>Ἐσπερίων</span> <span class='ocrx_word' id='word_1_355' title='bbox 2855 2599 2948 2654; x_wconf 66' lang='grc' dir='ltr'><strong>οὐκ</strong></span> <span class='ocrx_word' id='word_1_356' title='bbox 2979 2596 3173 2676; x_wconf 86' lang='grc' dir='ltr'>ὀλίγοι,</span> <span class='ocrx_word' id='word_1_357' title='bbox 3209 2601 3486 2675; x_wconf 82' lang='grc' dir='ltr'>Βρεττανοὶ</span> <span class='ocrx_word' id='word_1_358' title='bbox 3516 2598 3658 2675; x_wconf 78' lang='grc' dir='ltr'>λέγω</span> <span class='ocrx_word' id='word_1_359' title='bbox 3695 2598 3791 2652; x_wconf 67' lang='grc' dir='ltr'>καὶ</span> 
     </span>
    </p>
   </div>
   <div class='ocr_carea' id='block_1_57' title="bbox 2161 2681 3793 2761">
    <p class='ocr_par' dir='ltr' id='par_1_57' title="bbox 2161 2681 3793 2761">
     <span class='ocr_line' id='line_1_57' title="bbox 2161 2681 3793 2761; baseline -0.004 -14"><span class='ocrx_word' id='word_1_360' title='bbox 2161 2681 2394 2747; x_wconf 75' lang='grc' dir='ltr'>Ἰσπανοὶ</span> <span class='ocrx_word' id='word_1_361' title='bbox 2452 2690 2537 2744; x_wconf 84' lang='grc' dir='ltr'><strong>καὶ</strong></span> <span class='ocrx_word' id='word_1_362' title='bbox 2571 2686 2826 2761; x_wconf 82' lang='grc' dir='ltr'>Γαλάται,</span> <span class='ocrx_word' id='word_1_363' title='bbox 2875 2689 2961 2743; x_wconf 86' lang='grc' dir='ltr'><strong>καὶ</strong></span> <span class='ocrx_word' id='word_1_364' title='bbox 3016 2686 3130 2743; x_wconf 77' lang='grc' dir='ltr'>ὅσοι</span> <span class='ocrx_word' id='word_1_365' title='bbox 3188 2689 3286 2755; x_wconf 74' lang='grc' dir='ltr'>τὴν</span> <span class='ocrx_word' id='word_1_366' title='bbox 3341 2685 3536 2760; x_wconf 78' lang='grc' dir='ltr'>μεταξὺ</span> <span class='ocrx_word' id='word_1_367' title='bbox 3592 2689 3793 2742; x_wconf 82' lang='grc' dir='ltr'>τούτων</span> 
     </span>
    </p>
   </div>
   <div class='ocr_carea' id='block_1_58' title="bbox 2158 2780 2595 2858">
    <p class='ocr_par' dir='ltr' id='par_1_58' title="bbox 2158 2780 2595 2858">
     <span class='ocr_line' id='line_1_58' title="bbox 2158 2780 2595 2858; baseline 0.002 -23"><span class='ocrx_word' id='word_1_368' title='bbox 2158 2781 2342 2858; x_wconf 77' lang='grc' dir='ltr'>χώραν</span> <span class='ocrx_word' id='word_1_369' title='bbox 2373 2780 2595 2836; x_wconf 75' lang='grc' dir='ltr'>οἰκοῦσι.</span> 
     </span>
    </p>
   </div>
   <div class='ocr_carea' id='block_1_59' title="bbox 2238 2858 3796 2941">
    <p class='ocr_par' dir='ltr' id='par_1_59' title="bbox 2238 2858 3796 2941">
     <span class='ocr_line' id='line_1_59' title="bbox 2238 2858 3796 2941; baseline -0.003 -19"><span class='ocrx_word' id='word_1_370' title='bbox 2238 2858 2339 2932; x_wconf 71' lang='grc' dir='ltr'>ιη’.</span> <span class='ocrx_word' id='word_1_371' title='bbox 2390 2859 2452 2922; x_wconf 74' lang='grc' dir='ltr'><strong>Ἠ</strong></span> <span class='ocrx_word' id='word_1_372' title='bbox 2512 2866 2611 2941; x_wconf 78' lang='grc' dir='ltr'><strong>γάρ</strong></span> <span class='ocrx_word' id='word_1_373' title='bbox 2669 2863 2867 2922; x_wconf 79' lang='grc' dir='ltr'>Ἰταλία</span> <span class='ocrx_word' id='word_1_374' title='bbox 2925 2863 3040 2921; x_wconf 71' lang='grc' dir='ltr'>ουδὲ</span> <span class='ocrx_word' id='word_1_375' title='bbox 3092 2873 3148 2922; x_wconf 85' lang='grc' dir='ltr'>εὖ</span> <span class='ocrx_word' id='word_1_376' title='bbox 3209 2866 3378 2920; x_wconf 78' lang='grc' dir='ltr'>εἰπεῖν</span> <span class='ocrx_word' id='word_1_377' title='bbox 3453 2888 3545 2921; x_wconf 91' lang='grc' dir='ltr'><strong>σον</strong></span> <span class='ocrx_word' id='word_1_378' title='bbox 3597 2866 3632 2931; x_wconf 77' lang='grc' dir='ltr'><strong>ἡ</strong></span> <span class='ocrx_word' id='word_1_379' title='bbox 3702 2868 3796 2918; x_wconf 75' lang='grc' dir='ltr'>τοῦ</span> 
     </span>
    </p>
   </div>
   <div class='ocr_carea' id='block_1_60' title="bbox 439 2950 2071 3030">
    <p class='ocr_par' dir='ltr' id='par_1_60' title="bbox 439 2950 2071 3030">
     <span class='ocr_line' id='line_1_60' title="bbox 439 2950 2071 3030; baseline 0.002 -17"><span class='ocrx_word' id='word_1_380' title='bbox 439 2951 520 3013; x_wconf 84' lang='lat' dir='ltr'><strong>lia</strong></span> <span class='ocrx_word' id='word_1_381' title='bbox 583 2955 756 3028; x_wconf 86' lang='lat' dir='ltr'><strong>hujus</strong></span> <span class='ocrx_word' id='word_1_382' title='bbox 811 2951 922 3012; x_wconf 89' lang='lat' dir='ltr'><strong>viri</strong></span> <span class='ocrx_word' id='word_1_383' title='bbox 975 2951 1161 3012; x_wconf 79' lang='lat' dir='ltr'><strong>virtus</strong></span> <span class='ocrx_word' id='word_1_384' title='bbox 1191 2950 1564 3030; x_wconf 88' lang='lat' dir='ltr'><strong>splenduerit</strong></span> <span class='ocrx_word' id='word_1_385' title='bbox 1593 2974 1606 3016; x_wconf 87' lang='lat'>:</span> <span class='ocrx_word' id='word_1_386' title='bbox 1637 2957 1856 3016; x_wconf 87' lang='lat' dir='ltr'><strong>etenim</strong></span> <span class='ocrx_word' id='word_1_387' title='bbox 1889 2955 2071 3017; x_wconf 70' lang='lat' dir='ltr'><strong>Rotua</strong></span> 
     </span>
    </p>
   </div>
   <div class='ocr_carea' id='block_1_61' title="bbox 2161 2950 3794 3030">
    <p class='ocr_par' dir='ltr' id='par_1_61' title="bbox 2161 2953 3794 3030">
     <span class='ocr_line' id='line_1_61' title="bbox 2161 2953 3794 3030; baseline -0.003 -20"><span class='ocrx_word' id='word_1_388' title='bbox 2161 2954 2340 3030; x_wconf 79' lang='grc' dir='ltr'>ἀνδρὸς</span> <span class='ocrx_word' id='word_1_389' title='bbox 2389 2954 2552 3030; x_wconf 73' lang='grc' dir='ltr'>ἀρετ-η</span> <span class='ocrx_word' id='word_1_390' title='bbox 2613 2954 2665 3009; x_wconf 78' lang='grc' dir='ltr'>ἐν</span> <span class='ocrx_word' id='word_1_391' title='bbox 2721 2955 2885 3020; x_wconf 82' lang='grc' dir='ltr'>ταύτη</span> <span class='ocrx_word' id='word_1_392' title='bbox 2917 2953 3183 3028; x_wconf 79' lang='grc' dir='ltr'>ἐξέλαμψε</span> <span class='ocrx_word' id='word_1_393' title='bbox 3217 2973 3232 2988; x_wconf 89' lang='grc'><strong>·</strong></span> <span class='ocrx_word' id='word_1_394' title='bbox 3269 2954 3357 3009; x_wconf 80' lang='grc' dir='ltr'>καὶ</span> <span class='ocrx_word' id='word_1_395' title='bbox 3387 2954 3488 3030; x_wconf 83' lang='grc' dir='ltr'>γὰρ</span> <span class='ocrx_word' id='word_1_396' title='bbox 3544 2954 3794 3008; x_wconf 81' lang='grc' dir='ltr'>τοσοῦτον</span> 
     </span>
    </p>
   </div>
   <div class='ocr_carea' id='block_1_62' title="bbox 437 3036 2071 3122">
    <p class='ocr_par' dir='ltr' id='par_1_62' title="bbox 437 3039 2070 3122">
     <span class='ocr_line' id='line_1_62' title="bbox 437 3039 2070 3122; baseline 0.001 -20"><span class='ocrx_word' id='word_1_397' title='bbox 437 3041 568 3122; x_wconf 85' lang='lat' dir='ltr'><strong>ipsa</strong></span> <span class='ocrx_word' id='word_1_398' title='bbox 601 3049 825 3102; x_wconf 86' lang='lat' dir='ltr'><strong>tantum</strong></span> <span class='ocrx_word' id='word_1_399' title='bbox 863 3041 1019 3101; x_wconf 90' lang='lat' dir='ltr'><strong>hunc</strong></span> <span class='ocrx_word' id='word_1_400' title='bbox 1056 3039 1468 3102; x_wconf 88' lang='lat' dir='ltr'><strong>admirabilem</strong></span> <span class='ocrx_word' id='word_1_401' title='bbox 1505 3042 1692 3104; x_wconf 92' lang='lat' dir='ltr'><strong>virum</strong></span> <span class='ocrx_word' id='word_1_402' title='bbox 1745 3045 2070 3122; x_wconf 88' lang='lat' dir='ltr'><strong>obstupuit,</strong></span> 
     </span>
    </p>
   </div>
   <div class='ocr_carea' id='block_1_63' title="bbox 2161 3036 3790 3122">
    <p class='ocr_par' dir='ltr' id='par_1_63' title="bbox 2161 3036 3790 3119">
     <span class='ocr_line' id='line_1_63' title="bbox 2161 3036 3790 3119; baseline -0.004 -18"><span class='ocrx_word' id='word_1_403' title='bbox 2161 3047 2190 3111; x_wconf 77' lang='grc' dir='ltr'>ἡ</span> <span class='ocrx_word' id='word_1_404' title='bbox 2238 3036 2420 3117; x_wconf 74' lang='grc' dir='ltr'>Ῥώμη</span> <span class='ocrx_word' id='word_1_405' title='bbox 2464 3045 2554 3098; x_wconf 83' lang='grc' dir='ltr'>τὸν</span> <span class='ocrx_word' id='word_1_406' title='bbox 2583 3045 2888 3116; x_wconf 81' lang='grc' dir='ltr'>θαυμαστὸν</span> <span class='ocrx_word' id='word_1_407' title='bbox 2919 3043 3256 3119; x_wconf 81' lang='grc' dir='ltr'>κατεπλάγη,</span> <span class='ocrx_word' id='word_1_408' title='bbox 3303 3044 3390 3098; x_wconf 83' lang='grc' dir='ltr'><strong>καὶ</strong></span> <span class='ocrx_word' id='word_1_409' title='bbox 3437 3042 3575 3098; x_wconf 70' lang='grc' dir='ltr'>οὕτω</span> <span class='ocrx_word' id='word_1_410' title='bbox 3617 3038 3790 3109; x_wconf 78' lang='grc' dir='ltr'>πολλή</span> 
     </span>
    </p>
   </div>
   <div class='ocr_carea' id='block_1_64' title="bbox 442 3129 2071 3210">
    <p class='ocr_par' dir='ltr' id='par_1_64' title="bbox 442 3130 2071 3210">
     <span class='ocr_line' id='line_1_64' title="bbox 442 3130 2071 3210; baseline -0.001 -16"><span class='ocrx_word' id='word_1_411' title='bbox 442 3140 790 3210; x_wconf 86' lang='lat' dir='ltr'><strong>tantumque</strong></span> <span class='ocrx_word' id='word_1_412' title='bbox 821 3130 874 3190; x_wconf 88' lang='lat' dir='ltr'><strong>ei</strong></span> <span class='ocrx_word' id='word_1_413' title='bbox 908 3130 1152 3191; x_wconf 82' lang='lat' dir='ltr'><strong>honoris</strong></span> <span class='ocrx_word' id='word_1_414' title='bbox 1180 3137 1238 3188; x_wconf 85' lang='lat' dir='ltr'><strong>et</strong></span> <span class='ocrx_word' id='word_1_415' title='bbox 1271 3131 1670 3192; x_wconf 88' lang='lat' dir='ltr'><strong>venerationis</strong></span> <span class='ocrx_word' id='word_1_416' title='bbox 1694 3132 1974 3208; x_wconf 84' lang='lat' dir='ltr'><strong>exhibuit,</strong></span> <span class='ocrx_word' id='word_1_417' title='bbox 2012 3147 2071 3193; x_wconf 75' lang='lat' dir='ltr'><strong>ut</strong></span> 
     </span>
    </p>
   </div>
   <div class='ocr_carea' id='block_1_65' title="bbox 2161 3129 3790 3210">
    <p class='ocr_par' dir='ltr' id='par_1_65' title="bbox 2161 3129 3790 3206">
     <span class='ocr_line' id='line_1_65' title="bbox 2161 3129 3790 3206; baseline 0.001 -18"><span class='ocrx_word' id='word_1_418' title='bbox 2161 3156 2236 3196; x_wconf 83' lang='grc' dir='ltr'><strong>τις</strong></span> <span class='ocrx_word' id='word_1_419' title='bbox 2267 3134 2332 3200; x_wconf 77' lang='grc' dir='ltr'>ἦν</span> <span class='ocrx_word' id='word_1_420' title='bbox 2363 3139 2571 3205; x_wconf 83' lang='grc' dir='ltr'>τιμῶσα</span> <span class='ocrx_word' id='word_1_421' title='bbox 2600 3138 2785 3188; x_wconf 81' lang='grc' dir='ltr'>τοῦτον</span> <span class='ocrx_word' id='word_1_422' title='bbox 2818 3132 2904 3187; x_wconf 83' lang='grc' dir='ltr'><strong>καὶ</strong></span> <span class='ocrx_word' id='word_1_423' title='bbox 2936 3129 3224 3206; x_wconf 74' lang='grc' dir='ltr'>σεϐομένη,</span> <span class='ocrx_word' id='word_1_424' title='bbox 3279 3134 3352 3195; x_wconf 85' lang='grc' dir='ltr'><strong>ὡς</strong></span> <span class='ocrx_word' id='word_1_425' title='bbox 3416 3134 3503 3187; x_wconf 79' lang='grc' dir='ltr'><strong>καὶ</strong></span> <span class='ocrx_word' id='word_1_426' title='bbox 3559 3129 3790 3189; x_wconf 74' lang='grc' dir='ltr'>πολλαῖς</span> 
     </span>
    </p>
   </div>
   <div class='ocr_carea' id='block_1_66' title="bbox 439 3218 2070 3300">
    <p class='ocr_par' dir='ltr' id='par_1_66' title="bbox 439 3218 2070 3300">
     <span class='ocr_line' id='line_1_66' title="bbox 439 3218 2070 3300; baseline 0 -18"><span class='ocrx_word' id='word_1_427' title='bbox 439 3221 641 3282; x_wconf 90' lang='lat' dir='ltr'><strong>multis</strong></span> <span class='ocrx_word' id='word_1_428' title='bbox 678 3218 893 3300; x_wconf 87' lang='lat' dir='ltr'><strong>passim</strong></span> <span class='ocrx_word' id='word_1_429' title='bbox 946 3219 1262 3288; x_wconf 80' lang='lat' dir='ltr'><strong>columnis,</strong></span> <span class='ocrx_word' id='word_1_430' title='bbox 1299 3220 1644 3296; x_wconf 88' lang='lat' dir='ltr'><strong>porticibus,</strong></span> <span class='ocrx_word' id='word_1_431' title='bbox 1681 3221 2070 3282; x_wconf 87' lang='lat' dir='ltr'><strong>thalamorum</strong></span> 
     </span>
    </p>
   </div>
   <div class='ocr_carea' id='block_1_67' title="bbox 437 3306 2074 3391">
    <p class='ocr_par' dir='ltr' id='par_1_67' title="bbox 437 3306 2074 3391">
     <span class='ocr_line' id='line_1_67' title="bbox 437 3306 2074 3391; baseline -0.001 -19"><span class='ocrx_word' id='word_1_432' title='bbox 437 3312 644 3391; x_wconf 82' lang='lat' dir='ltr'><strong>septis,</strong></span> <span class='ocrx_word' id='word_1_433' title='bbox 680 3307 938 3388; x_wconf 88' lang='lat' dir='ltr'><strong>denique</strong></span> <span class='ocrx_word' id='word_1_434' title='bbox 971 3306 1180 3383; x_wconf 88' lang='lat' dir='ltr'><strong>quovis</strong></span> <span class='ocrx_word' id='word_1_435' title='bbox 1210 3307 1334 3368; x_wconf 79' lang='lat' dir='ltr'><strong>fere</strong></span> <span class='ocrx_word' id='word_1_436' title='bbox 1367 3308 1498 3368; x_wconf 87' lang='lat' dir='ltr'><strong>loco</strong></span> <span class='ocrx_word' id='word_1_437' title='bbox 1529 3309 1660 3387; x_wconf 84' lang='lat' dir='ltr'><strong>ejus</strong></span> <span class='ocrx_word' id='word_1_438' title='bbox 1693 3309 1949 3386; x_wconf 79' lang='lat' dir='ltr'><strong>effigiem</strong></span> <span class='ocrx_word' id='word_1_439' title='bbox 1985 3311 2074 3371; x_wconf 90' lang='lat' dir='ltr'><strong>in-</strong></span> 
     </span>
    </p>
   </div>
   <div class='ocr_carea' id='block_1_68' title="bbox 437 3396 2069 3478">
    <p class='ocr_par' dir='ltr' id='par_1_68' title="bbox 437 3396 2069 3478">
     <span class='ocr_line' id='line_1_68' title="bbox 437 3396 2069 3478; baseline 0 -18"><span class='ocrx_word' id='word_1_440' title='bbox 437 3399 759 3478; x_wconf 85' lang='lat' dir='ltr'><strong>sculperet,</strong></span> <span class='ocrx_word' id='word_1_441' title='bbox 793 3397 958 3477; x_wconf 89' lang='lat' dir='ltr'><strong>quasi</strong></span> <span class='ocrx_word' id='word_1_442' title='bbox 991 3396 1354 3456; x_wconf 86' lang='lat' dir='ltr'><strong>intinitorum</strong></span> <span class='ocrx_word' id='word_1_443' title='bbox 1390 3397 1684 3458; x_wconf 88' lang='lat' dir='ltr'><strong>honorum</strong></span> <span class='ocrx_word' id='word_1_444' title='bbox 1730 3399 2069 3460; x_wconf 86' lang='lat' dir='ltr'><strong>thesaurum</strong></span> 
     </span>
    </p>
   </div>
   <div class='ocr_carea' id='block_1_69' title="bbox 437 3489 1025 3552">
    <p class='ocr_par' dir='ltr' id='par_1_69' title="bbox 437 3489 1025 3552">
     <span class='ocr_line' id='line_1_69' title="bbox 437 3489 1025 3552; baseline -0.01 0"><span class='ocrx_word' id='word_1_445' title='bbox 437 3489 579 3552; x_wconf 87' lang='lat' dir='ltr'><strong>inde</strong></span> <span class='ocrx_word' id='word_1_446' title='bbox 611 3495 1025 3549; x_wconf 84' lang='lat' dir='ltr'><strong>consecutura.</strong></span> 
     </span>
    </p>
   </div>
   <div class='ocr_carea' id='block_1_70' title="bbox 520 3573 2070 3654">
    <p class='ocr_par' dir='ltr' id='par_1_70' title="bbox 520 3573 2070 3654">
     <span class='ocr_line' id='line_1_70' title="bbox 520 3573 2070 3654; baseline 0.002 -16"><span class='ocrx_word' id='word_1_447' title='bbox 520 3576 706 3638; x_wconf 85' lang='lat' dir='ltr'><strong>t8.Ea</strong></span> <span class='ocrx_word' id='word_1_448' title='bbox 739 3577 796 3637; x_wconf 89' lang='lat' dir='ltr'><strong>in</strong></span> <span class='ocrx_word' id='word_1_449' title='bbox 826 3576 988 3636; x_wconf 83' lang='lat' dir='ltr'><strong>vultu</strong></span> <span class='ocrx_word' id='word_1_450' title='bbox 1023 3573 1332 3654; x_wconf 79' lang='lat' dir='ltr'><strong>Symeonis</strong></span> <span class='ocrx_word' id='word_1_451' title='bbox 1362 3577 1548 3653; x_wconf 81' lang='lat' dir='ltr'><strong>gratia</strong></span> <span class='ocrx_word' id='word_1_452' title='bbox 1581 3585 1638 3637; x_wconf 90' lang='lat' dir='ltr'><strong>et</strong></span> <span class='ocrx_word' id='word_1_453' title='bbox 1668 3577 1852 3640; x_wconf 87' lang='lat' dir='ltr'><strong>decor</strong></span> <span class='ocrx_word' id='word_1_454' title='bbox 1881 3578 2070 3641; x_wconf 89' lang='lat' dir='ltr'><strong>eluce-</strong></span> 
     </span>
    </p>
   </div>
   <div class='ocr_carea' id='block_1_71' title="bbox 2156 3218 3786 3298">
    <p class='ocr_par' dir='ltr' id='par_1_71' title="bbox 2156 3218 3786 3298">
     <span class='ocr_line' id='line_1_71' title="bbox 2156 3218 3786 3298; baseline -0.002 -21"><span class='ocrx_word' id='word_1_455' title='bbox 2156 3220 2220 3289; x_wconf 80' lang='grc' dir='ltr'><strong>δὴ</strong></span> <span class='ocrx_word' id='word_1_456' title='bbox 2279 3220 2492 3293; x_wconf 80' lang='grc' dir='ltr'>πύλαις,</span> <span class='ocrx_word' id='word_1_457' title='bbox 2549 3221 2634 3276; x_wconf 82' lang='grc' dir='ltr'><strong>καὶ</strong></span> <span class='ocrx_word' id='word_1_458' title='bbox 2688 3218 3058 3296; x_wconf 67' lang='grc' dir='ltr'>προπυλαίοις,</span> <span class='ocrx_word' id='word_1_459' title='bbox 3118 3222 3205 3276; x_wconf 84' lang='grc' dir='ltr'><strong>καὶ</strong></span> <span class='ocrx_word' id='word_1_460' title='bbox 3269 3219 3523 3293; x_wconf 76' lang='grc' dir='ltr'>θαλάμων</span> <span class='ocrx_word' id='word_1_461' title='bbox 3552 3219 3786 3298; x_wconf 84' lang='grc' dir='ltr'>τοίχοις,</span> 
     </span>
    </p>
   </div>
   <div class='ocr_carea' id='block_1_72' title="bbox 2157 3307 3789 3388">
    <p class='ocr_par' dir='ltr' id='par_1_72' title="bbox 2157 3307 3789 3388">
     <span class='ocr_line' id='line_1_72' title="bbox 2157 3307 3789 3388; baseline -0.003 -20"><span class='ocrx_word' id='word_1_462' title='bbox 2157 3313 2241 3368; x_wconf 84' lang='grc' dir='ltr'><strong>καὶ</strong></span> <span class='ocrx_word' id='word_1_463' title='bbox 2298 3311 2578 3388; x_wconf 75' lang='grc' dir='ltr'>πανταχοῦ</span> <span class='ocrx_word' id='word_1_464' title='bbox 2625 3309 2722 3375; x_wconf 75' lang='grc' dir='ltr'><strong>την</strong></span> <span class='ocrx_word' id='word_1_465' title='bbox 2779 3309 2956 3365; x_wconf 78' lang='grc' dir='ltr'>εἰκόνα</span> <span class='ocrx_word' id='word_1_466' title='bbox 3011 3310 3108 3376; x_wconf 82' lang='grc' dir='ltr'><strong>τὴν</strong></span> <span class='ocrx_word' id='word_1_467' title='bbox 3166 3311 3316 3385; x_wconf 81' lang='grc' dir='ltr'>ἁγίαν</span> <span class='ocrx_word' id='word_1_468' title='bbox 3373 3309 3576 3366; x_wconf 79' lang='grc' dir='ltr'>ἐκείνου</span> <span class='ocrx_word' id='word_1_469' title='bbox 3603 3307 3789 3387; x_wconf 86' lang='grc' dir='ltr'>διαχα-</span> 
     </span>
    </p>
   </div>
   <div class='ocr_carea' id='block_1_73' title="bbox 2157 3397 3789 3478">
    <p class='ocr_par' dir='ltr' id='par_1_73' title="bbox 2157 3397 3789 3478">
     <span class='ocr_line' id='line_1_73' title="bbox 2157 3397 3789 3478; baseline -0.001 -24"><span class='ocrx_word' id='word_1_470' title='bbox 2157 3399 2328 3478; x_wconf 80' lang='grc' dir='ltr'>ράξαι,</span> <span class='ocrx_word' id='word_1_471' title='bbox 2386 3399 2564 3476; x_wconf 81' lang='grc' dir='ltr'>ὥσπερ</span> <span class='ocrx_word' id='word_1_472' title='bbox 2607 3399 2725 3454; x_wconf 76' lang='grc' dir='ltr'>τινα</span> <span class='ocrx_word' id='word_1_473' title='bbox 2783 3399 2979 3473; x_wconf 83' lang='grc' dir='ltr'>μυρίων</span> <span class='ocrx_word' id='word_1_474' title='bbox 3034 3400 3270 3454; x_wconf 75' lang='grc' dir='ltr'>ἒντεύθεν</span> <span class='ocrx_word' id='word_1_475' title='bbox 3316 3397 3528 3476; x_wconf 80' lang='grc' dir='ltr'>ἀγαθῶν</span> <span class='ocrx_word' id='word_1_476' title='bbox 3581 3402 3789 3465; x_wconf 79' lang='grc' dir='ltr'>θησαυ-</span> 
     </span>
    </p>
   </div>
   <div class='ocr_carea' id='block_1_74' title="bbox 2154 3489 2663 3566">
    <p class='ocr_par' dir='ltr' id='par_1_74' title="bbox 2154 3489 2663 3566">
     <span class='ocr_line' id='line_1_74' title="bbox 2154 3489 2663 3566; baseline 0.004 -22"><span class='ocrx_word' id='word_1_477' title='bbox 2154 3491 2244 3566; x_wconf 83' lang='grc' dir='ltr'>ρὸν</span> <span class='ocrx_word' id='word_1_478' title='bbox 2277 3489 2663 3562; x_wconf 63' lang='grc' dir='ltr'>ἐπισπώμενοι.</span> 
     </span>
    </p>
   </div>
   <div class='ocr_carea' id='block_1_75' title="bbox 2243 3573 3789 3654">
    <p class='ocr_par' dir='ltr' id='par_1_75' title="bbox 2243 3573 3789 3654">
     <span class='ocr_line' id='line_1_75' title="bbox 2243 3573 3789 3654; baseline -0.004 -16"><span class='ocrx_word' id='word_1_479' title='bbox 2243 3576 2343 3644; x_wconf 76' lang='grc' dir='ltr'>ιη’.</span> <span class='ocrx_word' id='word_1_480' title='bbox 2402 3573 2501 3634; x_wconf 79' lang='grc' dir='ltr'>Ἦν</span> <span class='ocrx_word' id='word_1_481' title='bbox 2559 3578 2728 3636; x_wconf 85' lang='grc' dir='ltr'>τοίνυν</span> <span class='ocrx_word' id='word_1_482' title='bbox 2771 3578 2805 3644; x_wconf 82' lang='grc' dir='ltr'><strong>ἡ</strong></span> <span class='ocrx_word' id='word_1_483' title='bbox 2848 3581 2914 3652; x_wconf 81' lang='grc' dir='ltr'>τῇ</span> <span class='ocrx_word' id='word_1_484' title='bbox 2965 3576 3086 3652; x_wconf 74' lang='grc' dir='ltr'><strong>’ὁψέι</strong></span> <span class='ocrx_word' id='word_1_485' title='bbox 3129 3583 3222 3634; x_wconf 81' lang='grc' dir='ltr'><strong>τοῦ</strong></span> <span class='ocrx_word' id='word_1_486' title='bbox 3279 3578 3502 3651; x_wconf 85' lang='grc' dir='ltr'>Συμεὼν</span> <span class='ocrx_word' id='word_1_487' title='bbox 3541 3575 3789 3654; x_wconf 79' lang='grc' dir='ltr'>προλάμ-</span> 
     </span>
    </p>
   </div>
   <div class='ocr_carea' id='block_1_76' title="bbox 438 3663 2071 3745">
    <p class='ocr_par' dir='ltr' id='par_1_76' title="bbox 438 3663 2071 3744">
     <span class='ocr_line' id='line_1_76' title="bbox 438 3663 2071 3744; baseline 0.001 -16"><span class='ocrx_word' id='word_1_488' title='bbox 438 3667 632 3736; x_wconf 87' lang='lat' dir='ltr'><strong>bat,ut</strong></span> <span class='ocrx_word' id='word_1_489' title='bbox 660 3667 708 3725; x_wconf 82' lang='lat' dir='ltr'><strong>si</strong></span> <span class='ocrx_word' id='word_1_490' title='bbox 740 3665 878 3744; x_wconf 87' lang='lat' dir='ltr'><strong>quis</strong></span> <span class='ocrx_word' id='word_1_491' title='bbox 911 3664 1081 3726; x_wconf 90' lang='lat' dir='ltr'><strong>alteri</strong></span> <span class='ocrx_word' id='word_1_492' title='bbox 1115 3663 1383 3724; x_wconf 84' lang='lat' dir='ltr'><strong>infensus</strong></span> <span class='ocrx_word' id='word_1_493' title='bbox 1415 3674 1472 3724; x_wconf 94' lang='lat' dir='ltr'><strong>et</strong></span> <span class='ocrx_word' id='word_1_494' title='bbox 1504 3665 1810 3740; x_wconf 90' lang='lat' dir='ltr'><strong>inimicus,</strong></span> <span class='ocrx_word' id='word_1_495' title='bbox 1845 3668 1902 3728; x_wconf 77' lang='lat' dir='ltr'><strong>in</strong></span> <span class='ocrx_word' id='word_1_496' title='bbox 1937 3688 2071 3729; x_wconf 88' lang='lat' dir='ltr'><strong>eum</strong></span> 
     </span>
    </p>
   </div>
   <div class='ocr_carea' id='block_1_77' title="bbox 2161 3663 3790 3745">
    <p class='ocr_par' dir='ltr' id='par_1_77' title="bbox 2161 3665 3790 3745">
     <span class='ocr_line' id='line_1_77' title="bbox 2161 3665 3790 3745; baseline -0.001 -23"><span class='ocrx_word' id='word_1_497' title='bbox 2161 3689 2328 3723; x_wconf 89' lang='grc' dir='ltr'>πουσα</span> <span class='ocrx_word' id='word_1_498' title='bbox 2398 3668 2582 3745; x_wconf 69' lang='grc' dir='ltr'>χάρις,</span> <span class='ocrx_word' id='word_1_499' title='bbox 2643 3665 2736 3721; x_wconf 81' lang='grc' dir='ltr'>ο’ία</span> <span class='ocrx_word' id='word_1_500' title='bbox 2809 3667 2897 3721; x_wconf 82' lang='grc' dir='ltr'><strong>καὶ</strong></span> <span class='ocrx_word' id='word_1_501' title='bbox 2968 3665 3130 3722; x_wconf 83' lang='grc' dir='ltr'>ἰδόντι</span> <span class='ocrx_word' id='word_1_502' title='bbox 3192 3667 3294 3722; x_wconf 86' lang='grc' dir='ltr'>τινὶ</span> <span class='ocrx_word' id='word_1_503' title='bbox 3351 3666 3604 3745; x_wconf 77' lang='grc' dir='ltr'>ἀπεχθῶς</span> <span class='ocrx_word' id='word_1_504' title='bbox 3657 3667 3790 3736; x_wconf 76' lang='grc' dir='ltr'>πρὸς</span> 
     </span>
    </p>
   </div>
   <div class='ocr_carea' id='block_1_78' title="bbox 437 3753 2071 3836">
    <p class='ocr_par' dir='ltr' id='par_1_78' title="bbox 437 3753 2070 3834">
     <span class='ocr_line' id='line_1_78' title="bbox 437 3753 2070 3834; baseline 0.001 -17"><span class='ocrx_word' id='word_1_505' title='bbox 437 3755 798 3834; x_wconf 87' lang='lat' dir='ltr'><strong>conjecisset</strong></span> <span class='ocrx_word' id='word_1_506' title='bbox 827 3755 1249 3828; x_wconf 86' lang='lat' dir='ltr'><strong>oculos,omue</strong></span> <span class='ocrx_word' id='word_1_507' title='bbox 1282 3753 1438 3814; x_wconf 90' lang='lat' dir='ltr'><strong>illico</strong></span> <span class='ocrx_word' id='word_1_508' title='bbox 1479 3755 1680 3816; x_wconf 90' lang='lat' dir='ltr'><strong>odium</strong></span> <span class='ocrx_word' id='word_1_509' title='bbox 1716 3767 1772 3816; x_wconf 88' lang='lat' dir='ltr'><strong>et</strong></span> <span class='ocrx_word' id='word_1_510' title='bbox 1806 3757 2070 3818; x_wconf 72' lang='lat' dir='ltr'><strong>inimici-</strong></span> 
     </span>
    </p>
   </div>
   <div class='ocr_carea' id='block_1_79' title="bbox 2161 3753 3786 3836">
    <p class='ocr_par' dir='ltr' id='par_1_79' title="bbox 2161 3753 3786 3836">
     <span class='ocr_line' id='line_1_79' title="bbox 2161 3753 3786 3836; baseline 0.001 -24"><span class='ocrx_word' id='word_1_511' title='bbox 2161 3755 2332 3836; x_wconf 74' lang='grc' dir='ltr'>ἕτερον</span> <span class='ocrx_word' id='word_1_512' title='bbox 2389 3755 2573 3835; x_wconf 76' lang='grc' dir='ltr'>ἔχοντι</span> <span class='ocrx_word' id='word_1_513' title='bbox 2628 3756 2713 3810; x_wconf 77' lang='grc' dir='ltr'><strong>καὶ</strong></span> <span class='ocrx_word' id='word_1_514' title='bbox 2772 3753 3089 3832; x_wconf 74' lang='grc' dir='ltr'>ἀδιαφόρως,</span> <span class='ocrx_word' id='word_1_515' title='bbox 3156 3753 3303 3810; x_wconf 86' lang='grc' dir='ltr'>λύσιν</span> <span class='ocrx_word' id='word_1_516' title='bbox 3349 3755 3446 3829; x_wconf 76' lang='grc' dir='ltr'>μὲν</span> <span class='ocrx_word' id='word_1_517' title='bbox 3497 3756 3640 3828; x_wconf 74' lang='grc' dir='ltr'>αὑτῷ</span> <span class='ocrx_word' id='word_1_518' title='bbox 3688 3759 3786 3820; x_wconf 77' lang='grc' dir='ltr'>τῆς</span> 
     </span>
    </p>
   </div>
   <div class='ocr_carea' id='block_1_80' title="bbox 441 3841 2071 3926">
    <p class='ocr_par' dir='ltr' id='par_1_80' title="bbox 441 3841 2070 3926">
     <span class='ocr_line' id='line_1_80' title="bbox 441 3841 2070 3926; baseline 0 -20"><span class='ocrx_word' id='word_1_519' title='bbox 441 3847 578 3906; x_wconf 90' lang='lat' dir='ltr'><strong>tiam</strong></span> <span class='ocrx_word' id='word_1_520' title='bbox 615 3845 668 3904; x_wconf 87' lang='lat' dir='ltr'><strong>ei</strong></span> <span class='ocrx_word' id='word_1_521' title='bbox 701 3863 770 3904; x_wconf 82' lang='lat' dir='ltr'><strong>ex</strong></span> <span class='ocrx_word' id='word_1_522' title='bbox 801 3843 1000 3904; x_wconf 84' lang='lat' dir='ltr'><strong>animo</strong></span> <span class='ocrx_word' id='word_1_523' title='bbox 1062 3841 1332 3902; x_wconf 85' lang='lat' dir='ltr'><strong>eraderet</strong></span> <span class='ocrx_word' id='word_1_524' title='bbox 1363 3843 1448 3902; x_wconf 90' lang='lat' dir='ltr'><strong>vel</strong></span> <span class='ocrx_word' id='word_1_525' title='bbox 1484 3862 1633 3903; x_wconf 84' lang='lat' dir='ltr'><strong>unus</strong></span> <span class='ocrx_word' id='word_1_526' title='bbox 1666 3845 1824 3905; x_wconf 85' lang='lat' dir='ltr'><strong>illius</strong></span> <span class='ocrx_word' id='word_1_527' title='bbox 1855 3865 2070 3926; x_wconf 82' lang='lat' dir='ltr'><strong>aspec-</strong></span> 
     </span>
    </p>
   </div>
   <div class='ocr_carea' id='block_1_81' title="bbox 2161 3841 3792 3926">
    <p class='ocr_par' dir='ltr' id='par_1_81' title="bbox 2161 3841 3792 3925">
     <span class='ocr_line' id='line_1_81' title="bbox 2161 3841 3792 3925; baseline -0.003 -24"><span class='ocrx_word' id='word_1_528' title='bbox 2161 3847 2447 3925; x_wconf 69' lang='grc' dir='ltr'>ἀπεχθείας</span> <span class='ocrx_word' id='word_1_529' title='bbox 2508 3845 2595 3900; x_wconf 85' lang='grc' dir='ltr'><strong>καὶ</strong></span> <span class='ocrx_word' id='word_1_530' title='bbox 2653 3845 2751 3909; x_wconf 73' lang='grc' dir='ltr'>τῆς</span> <span class='ocrx_word' id='word_1_531' title='bbox 2811 3841 3064 3922; x_wconf 70' lang='grc' dir='ltr'>διαφορᾶς</span> <span class='ocrx_word' id='word_1_532' title='bbox 3115 3842 3434 3919; x_wconf 77' lang='grc' dir='ltr'>ἐμποιῆσαι,</span> <span class='ocrx_word' id='word_1_533' title='bbox 3499 3845 3676 3918; x_wconf 83' lang='grc' dir='ltr'>δεσμῷ</span> <span class='ocrx_word' id='word_1_534' title='bbox 3737 3841 3792 3897; x_wconf 78' lang='grc' dir='ltr'>δὲ</span> 
     </span>
    </p>
   </div>
   <div class='ocr_carea' id='block_1_82' title="bbox 439 3931 2071 4014">
    <p class='ocr_par' dir='ltr' id='par_1_82' title="bbox 439 3931 2071 4014">
     <span class='ocr_line' id='line_1_82' title="bbox 439 3931 2071 4014; baseline 0 -17"><span class='ocrx_word' id='word_1_535' title='bbox 439 3944 558 4010; x_wconf 87' lang='lat' dir='ltr'><strong>tus;</strong></span> <span class='ocrx_word' id='word_1_536' title='bbox 591 3945 763 4014; x_wconf 85' lang='lat' dir='ltr'><strong>atque</strong></span> <span class='ocrx_word' id='word_1_537' title='bbox 793 3931 1516 4001; x_wconf 71' lang='lat' dir='ltr'><strong>atnicitim,consensionis</strong></span> <span class='ocrx_word' id='word_1_538' title='bbox 1547 3953 1615 3993; x_wconf 91' lang='lat' dir='ltr'><strong>ac</strong></span> <span class='ocrx_word' id='word_1_539' title='bbox 1648 3934 2071 3997; x_wconf 73' lang='lat' dir='ltr'><strong>benevolentia:</strong></span> 
     </span>
    </p>
   </div>
   <div class='ocr_carea' id='block_1_83' title="bbox 2161 3931 3782 4014">
    <p class='ocr_par' dir='ltr' id='par_1_83' title="bbox 2161 3933 3782 4011">
     <span class='ocr_line' id='line_1_83' title="bbox 2161 3933 3782 4011; baseline -0.001 -22"><span class='ocrx_word' id='word_1_540' title='bbox 2161 3934 2406 4001; x_wconf 75' lang='grc' dir='ltr'>συνδῆσαι</span> <span class='ocrx_word' id='word_1_541' title='bbox 2464 3933 2638 4011; x_wconf 73' lang='grc' dir='ltr'>φιλίας</span> <span class='ocrx_word' id='word_1_542' title='bbox 2696 3933 2747 3988; x_wconf 81' lang='grc' dir='ltr'><strong>εἴ</strong></span> <span class='ocrx_word' id='word_1_543' title='bbox 2805 3954 2925 3987; x_wconf 88' lang='grc' dir='ltr'>τουν</span> <span class='ocrx_word' id='word_1_544' title='bbox 2982 3933 3275 4002; x_wconf 78' lang='grc' dir='ltr'>συμπνοίας</span> <span class='ocrx_word' id='word_1_545' title='bbox 3342 3935 3431 3988; x_wconf 78' lang='grc' dir='ltr'><strong>καὶ</strong></span> <span class='ocrx_word' id='word_1_546' title='bbox 3488 3935 3737 4006; x_wconf 84' lang='grc' dir='ltr'>ὁμονοίας</span> <span class='ocrx_word' id='word_1_547' title='bbox 3769 3948 3782 3961; x_wconf 91' lang='grc'><strong>·</strong></span> 
     </span>
    </p>
   </div>
   <div class='ocr_carea' id='block_1_84' title="bbox 439 4019 2071 4100">
    <p class='ocr_par' dir='ltr' id='par_1_84' title="bbox 439 4019 2071 4100">
     <span class='ocr_line' id='line_1_84' title="bbox 439 4019 2071 4100; baseline 0.002 -17"><span class='ocrx_word' id='word_1_548' title='bbox 439 4023 673 4084; x_wconf 88' lang='lat' dir='ltr'><strong>vinculo</strong></span> <span class='ocrx_word' id='word_1_549' title='bbox 707 4021 932 4081; x_wconf 92' lang='lat' dir='ltr'><strong>amicos</strong></span> <span class='ocrx_word' id='word_1_550' title='bbox 989 4019 1237 4078; x_wconf 89' lang='lat' dir='ltr'><strong>invicem</strong></span> <span class='ocrx_word' id='word_1_551' title='bbox 1273 4021 1689 4100; x_wconf 86' lang='lat' dir='ltr'><strong>adstringeret.</strong></span> <span class='ocrx_word' id='word_1_552' title='bbox 1729 4023 1895 4095; x_wconf 81' lang='lat' dir='ltr'><strong>Quod</strong></span> <span class='ocrx_word' id='word_1_553' title='bbox 1936 4025 2071 4086; x_wconf 90' lang='lat' dir='ltr'><strong>inde</strong></span> 
     </span>
    </p>
   </div>
   <div class='ocr_carea' id='block_1_85' title="bbox 2161 4019 3790 4100">
    <p class='ocr_par' dir='ltr' id='par_1_85' title="bbox 2161 4020 3790 4100">
     <span class='ocr_line' id='line_1_85' title="bbox 2161 4020 3790 4100; baseline -0.001 -22"><span class='ocrx_word' id='word_1_554' title='bbox 2161 4025 2244 4078; x_wconf 82' lang='grc' dir='ltr'><strong>καὶ</strong></span> <span class='ocrx_word' id='word_1_555' title='bbox 2292 4023 2636 4088; x_wconf 69' lang='grc' dir='ltr'>τοῦτοδῆλον</span> <span class='ocrx_word' id='word_1_556' title='bbox 2666 4025 2924 4084; x_wconf 61' lang='grc' dir='ltr'>ὶντεὺθεν,</span> <span class='ocrx_word' id='word_1_557' title='bbox 2959 4020 3139 4077; x_wconf 81' lang='grc' dir='ltr'>Πολλά</span> <span class='ocrx_word' id='word_1_558' title='bbox 3187 4023 3286 4100; x_wconf 81' lang='grc' dir='ltr'>γὰρ</span> <span class='ocrx_word' id='word_1_559' title='bbox 3348 4023 3448 4078; x_wconf 85' lang='grc' dir='ltr'><strong>τῶν</strong></span> <span class='ocrx_word' id='word_1_560' title='bbox 3493 4023 3632 4094; x_wconf 74' lang='grc' dir='ltr'><strong>αύτῷ</strong></span> <span class='ocrx_word' id='word_1_561' title='bbox 3686 4041 3790 4077; x_wconf 77' lang='grc' dir='ltr'>πε-</span> 
     </span>
    </p>
   </div>
   <div class='ocr_carea' id='block_1_86' title="bbox 439 4108 2071 4194">
    <p class='ocr_par' dir='ltr' id='par_1_86' title="bbox 439 4108 2071 4194">
     <span class='ocr_line' id='line_1_86' title="bbox 439 4108 2071 4194; baseline 0.002 -24"><span class='ocrx_word' id='word_1_562' title='bbox 439 4115 677 4192; x_wconf 84' lang='lat' dir='ltr'><strong>planuru</strong></span> <span class='ocrx_word' id='word_1_563' title='bbox 713 4110 798 4170; x_wconf 81' lang='lat' dir='ltr'><strong>tit.</strong></span> <span class='ocrx_word' id='word_1_564' title='bbox 835 4108 1026 4168; x_wconf 72' lang='lat' dir='ltr'><strong>Varize</strong></span> <span class='ocrx_word' id='word_1_565' title='bbox 1058 4127 1126 4169; x_wconf 85' lang='lat' dir='ltr'><strong>ex</strong></span> <span class='ocrx_word' id='word_1_566' title='bbox 1160 4108 1231 4168; x_wconf 92' lang='lat' dir='ltr'><strong>iis</strong></span> <span class='ocrx_word' id='word_1_567' title='bbox 1261 4109 1555 4186; x_wconf 78' lang='lat' dir='ltr'><strong>gentibus,</strong></span> <span class='ocrx_word' id='word_1_568' title='bbox 1617 4133 1748 4192; x_wconf 66' lang='lat' dir='ltr'><strong>quae</strong></span> <span class='ocrx_word' id='word_1_569' title='bbox 1778 4113 1849 4174; x_wconf 92' lang='lat' dir='ltr'><strong>ad</strong></span> <span class='ocrx_word' id='word_1_570' title='bbox 1880 4115 2071 4194; x_wconf 89' lang='lat' dir='ltr'><strong>ipsum</strong></span> 
     </span>
    </p>
   </div>
   <div class='ocr_carea' id='block_1_87' title="bbox 2161 4108 3790 4194">
    <p class='ocr_par' dir='ltr' id='par_1_87' title="bbox 2161 4110 3790 4190">
     <span class='ocr_line' id='line_1_87' title="bbox 2161 4110 3790 4190; baseline -0.001 -23"><span class='ocrx_word' id='word_1_571' title='bbox 2161 4111 2464 4190; x_wconf 75' lang='grc' dir='ltr'>ριῤῥεόντων</span> <span class='ocrx_word' id='word_1_572' title='bbox 2523 4115 2681 4167; x_wconf 73' lang='grc' dir='ltr'>ἒθνῶν</span> <span class='ocrx_word' id='word_1_573' title='bbox 2733 4118 2811 4184; x_wconf 84' lang='grc' dir='ltr'>τῷ</span> <span class='ocrx_word' id='word_1_574' title='bbox 2868 4110 3223 4179; x_wconf 77' lang='grc' dir='ltr'>καταλλήλιυν</span> <span class='ocrx_word' id='word_1_575' title='bbox 3279 4112 3536 4190; x_wconf 86' lang='grc' dir='ltr'>πρότερον</span> <span class='ocrx_word' id='word_1_576' title='bbox 3599 4111 3790 4186; x_wconf 78' lang='grc' dir='ltr'>α’ίματι</span> 
     </span>
    </p>
   </div>
   <div class='ocr_carea' id='block_1_88' title="bbox 441 4197 2071 4280">
    <p class='ocr_par' dir='ltr' id='par_1_88' title="bbox 441 4197 2071 4279">
     <span class='ocr_line' id='line_1_88' title="bbox 441 4197 2071 4279; baseline 0.002 -18"><span class='ocrx_word' id='word_1_577' title='bbox 441 4197 848 4267; x_wconf 85' lang='lat' dir='ltr'><strong>conﬂuebant,</strong></span> <span class='ocrx_word' id='word_1_578' title='bbox 917 4198 1080 4272; x_wconf 76' lang='lat' dir='ltr'><strong>prius</strong></span> <span class='ocrx_word' id='word_1_579' title='bbox 1141 4209 1346 4259; x_wconf 90' lang='lat' dir='ltr'><strong>mutuo</strong></span> <span class='ocrx_word' id='word_1_580' title='bbox 1404 4202 1693 4278; x_wconf 82' lang='lat' dir='ltr'><strong>sanguine</strong></span> <span class='ocrx_word' id='word_1_581' title='bbox 1725 4202 2071 4279; x_wconf 87' lang='lat' dir='ltr'><strong>gaudentes,</strong></span> 
     </span>
    </p>
   </div>
   <div class='ocr_carea' id='block_1_89' title="bbox 2161 4197 3794 4280">
    <p class='ocr_par' dir='ltr' id='par_1_89' title="bbox 2161 4199 3794 4280">
     <span class='ocr_line' id='line_1_89' title="bbox 2161 4199 3794 4280; baseline -0.001 -24"><span class='ocrx_word' id='word_1_582' title='bbox 2161 4203 2438 4280; x_wconf 79' lang='grc' dir='ltr'>χαίροντα,</span> <span class='ocrx_word' id='word_1_583' title='bbox 2529 4199 2740 4256; x_wconf 72' lang='grc' dir='ltr'>ἐπειδὰν</span> <span class='ocrx_word' id='word_1_584' title='bbox 2807 4199 3006 4256; x_wconf 74' lang='grc' dir='ltr'>ἔλθοιεν</span> <span class='ocrx_word' id='word_1_585' title='bbox 3085 4201 3158 4264; x_wconf 78' lang='grc' dir='ltr'>εἷς</span> <span class='ocrx_word' id='word_1_586' title='bbox 3243 4200 3366 4274; x_wconf 79' lang='grc' dir='ltr'>ὄψιν</span> <span class='ocrx_word' id='word_1_587' title='bbox 3425 4199 3645 4277; x_wconf 78' lang='grc' dir='ltr'>ἑκάτερα</span> <span class='ocrx_word' id='word_1_588' title='bbox 3715 4201 3794 4273; x_wconf 77' lang='grc' dir='ltr'><strong>τῷ</strong></span> 
     </span>
    </p>
   </div>
   <div class='ocr_carea' id='block_1_90' title="bbox 443 4285 2071 4370">
    <p class='ocr_par' dir='ltr' id='par_1_90' title="bbox 443 4285 2071 4370">
     <span class='ocr_line' id='line_1_90' title="bbox 443 4285 2071 4370; baseline 0.001 -20"><span class='ocrx_word' id='word_1_589' title='bbox 443 4295 751 4370; x_wconf 89' lang='lat' dir='ltr'><strong>postquam</strong></span> <span class='ocrx_word' id='word_1_590' title='bbox 784 4287 1064 4367; x_wconf 88' lang='lat' dir='ltr'><strong>utrinque</strong></span> <span class='ocrx_word' id='word_1_591' title='bbox 1096 4285 1154 4348; x_wconf 88' lang='lat' dir='ltr'><strong>iu</strong></span> <span class='ocrx_word' id='word_1_592' title='bbox 1208 4288 1405 4350; x_wconf 82' lang='lat' dir='ltr'><strong>Sancti</strong></span> <span class='ocrx_word' id='word_1_593' title='bbox 1455 4301 1838 4370; x_wconf 86' lang='lat' dir='ltr'><strong>conspectum</strong></span> <span class='ocrx_word' id='word_1_594' title='bbox 1875 4295 2071 4352; x_wconf 88' lang='lat' dir='ltr'><strong>venis-</strong></span> 
     </span>
    </p>
   </div>
   <div class='ocr_carea' id='block_1_91' title="bbox 2161 4285 3791 4370">
    <p class='ocr_par' dir='ltr' id='par_1_91' title="bbox 2161 4287 3791 4369">
     <span class='ocr_line' id='line_1_91' title="bbox 2161 4287 3791 4369; baseline -0.001 -25"><span class='ocrx_word' id='word_1_595' title='bbox 2161 4291 2314 4368; x_wconf 81' lang='grc' dir='ltr'>ἀγίῳ,</span> <span class='ocrx_word' id='word_1_596' title='bbox 2373 4287 2675 4344; x_wconf 83' lang='grc' dir='ltr'>διελύσαντο</span> <span class='ocrx_word' id='word_1_597' title='bbox 2731 4290 2830 4364; x_wconf 73' lang='grc' dir='ltr'>μὲν</span> <span class='ocrx_word' id='word_1_598' title='bbox 2878 4290 2939 4344; x_wconf 83' lang='grc' dir='ltr'><strong>τὸ</strong></span> <span class='ocrx_word' id='word_1_599' title='bbox 2971 4287 3152 4369; x_wconf 75' lang='grc' dir='ltr'>ἔχθος,</span> <span class='ocrx_word' id='word_1_600' title='bbox 3185 4291 3272 4344; x_wconf 84' lang='grc' dir='ltr'><strong>καὶ</strong></span> <span class='ocrx_word' id='word_1_601' title='bbox 3307 4288 3563 4358; x_wconf 80' lang='grc' dir='ltr'>ἀλλήλοις</span> <span class='ocrx_word' id='word_1_602' title='bbox 3607 4289 3791 4345; x_wconf 82' lang='grc' dir='ltr'>ἐσπεί-</span> 
     </span>
    </p>
   </div>
   <div class='ocr_carea' id='block_1_92' title="bbox 444 4375 2071 4457">
    <p class='ocr_par' dir='ltr' id='par_1_92' title="bbox 444 4375 2071 4457">
     <span class='ocr_line' id='line_1_92' title="bbox 444 4375 2071 4457; baseline 0.001 -17"><span class='ocrx_word' id='word_1_603' title='bbox 444 4387 602 4452; x_wconf 91' lang='lat' dir='ltr'><strong>sent,</strong></span> <span class='ocrx_word' id='word_1_604' title='bbox 638 4377 978 4437; x_wconf 81' lang='lat' dir='ltr'><strong>inimicitias</strong></span> <span class='ocrx_word' id='word_1_605' title='bbox 1008 4375 1201 4457; x_wconf 90' lang='lat' dir='ltr'><strong>primo</strong></span> <span class='ocrx_word' id='word_1_606' title='bbox 1234 4378 1469 4456; x_wconf 85' lang='lat' dir='ltr'><strong>quidem</strong></span> <span class='ocrx_word' id='word_1_607' title='bbox 1513 4377 1930 4454; x_wconf 84' lang='lat' dir='ltr'><strong>dissolvebant,</strong></span> <span class='ocrx_word' id='word_1_608' title='bbox 1967 4383 2071 4442; x_wconf 73' lang='lat' dir='ltr'><strong>foe-</strong></span> 
     </span>
    </p>
   </div>
   <div class='ocr_carea' id='block_1_93' title="bbox 2161 4375 3790 4457">
    <p class='ocr_par' dir='ltr' id='par_1_93' title="bbox 2161 4377 3790 4456">
     <span class='ocr_line' id='line_1_93' title="bbox 2161 4377 3790 4456; baseline 0 -21"><span class='ocrx_word' id='word_1_609' title='bbox 2161 4401 2342 4436; x_wconf 80' lang='grc' dir='ltr'>σαντο.</span> <span class='ocrx_word' id='word_1_610' title='bbox 2410 4382 2541 4434; x_wconf 81' lang='grc' dir='ltr'>Εἶτα</span> <span class='ocrx_word' id='word_1_611' title='bbox 2600 4380 2686 4434; x_wconf 82' lang='grc' dir='ltr'><strong>καὶ</strong></span> <span class='ocrx_word' id='word_1_612' title='bbox 2739 4380 2811 4440; x_wconf 82' lang='grc' dir='ltr'>εἷς</span> <span class='ocrx_word' id='word_1_613' title='bbox 2865 4378 3070 4455; x_wconf 70' lang='grc' dir='ltr'>ἀγαθὴν</span> <span class='ocrx_word' id='word_1_614' title='bbox 3126 4377 3234 4456; x_wconf 75' lang='grc' dir='ltr'>ἔριν</span> <span class='ocrx_word' id='word_1_615' title='bbox 3288 4377 3577 4456; x_wconf 77' lang='grc' dir='ltr'>ἐτρέψαντο</span> <span class='ocrx_word' id='word_1_616' title='bbox 3607 4380 3790 4443; x_wconf 68' lang='grc' dir='ltr'>αὑτοῖς</span> 
     </span>
    </p>
   </div>
   <div class='ocr_carea' id='block_1_94' title="bbox 441 4465 2071 4551">
    <p class='ocr_par' dir='ltr' id='par_1_94' title="bbox 441 4465 2071 4548">
     <span class='ocr_line' id='line_1_94' title="bbox 441 4465 2071 4548; baseline 0.001 -20"><span class='ocrx_word' id='word_1_617' title='bbox 441 4469 553 4528; x_wconf 88' lang='lat' dir='ltr'><strong>dus</strong></span> <span class='ocrx_word' id='word_1_618' title='bbox 585 4467 724 4528; x_wconf 89' lang='lat' dir='ltr'><strong>dein</strong></span> <span class='ocrx_word' id='word_1_619' title='bbox 781 4465 938 4526; x_wconf 88' lang='lat' dir='ltr'><strong>inter</strong></span> <span class='ocrx_word' id='word_1_620' title='bbox 968 4483 1032 4526; x_wconf 92' lang='lat' dir='ltr'><strong>se</strong></span> <span class='ocrx_word' id='word_1_621' title='bbox 1091 4465 1554 4545; x_wconf 87' lang='lat' dir='ltr'><strong>percutiebant;</strong></span> <span class='ocrx_word' id='word_1_622' title='bbox 1614 4471 1672 4528; x_wconf 91' lang='lat' dir='ltr'><strong>in</strong></span> <span class='ocrx_word' id='word_1_623' title='bbox 1735 4470 2071 4548; x_wconf 75' lang='lat' dir='ltr'><strong>praeclaram</strong></span> 
     </span>
    </p>
   </div>
   <div class='ocr_carea' id='block_1_95' title="bbox 2161 4465 3792 4551">
    <p class='ocr_par' dir='ltr' id='par_1_95' title="bbox 2161 4465 3792 4546">
     <span class='ocr_line' id='line_1_95' title="bbox 2161 4465 3792 4546; baseline 0 -23"><span class='ocrx_word' id='word_1_624' title='bbox 2161 4469 2253 4531; x_wconf 78' lang='grc' dir='ltr'><strong>τὰς</strong></span> <span class='ocrx_word' id='word_1_625' title='bbox 2311 4465 2600 4544; x_wconf 78' lang='grc' dir='ltr'>διαλλαγὰς</span> <span class='ocrx_word' id='word_1_626' title='bbox 2653 4466 2874 4530; x_wconf 75' lang='grc' dir='ltr'>ἕκαστος</span> <span class='ocrx_word' id='word_1_627' title='bbox 2947 4467 3118 4522; x_wconf 73' lang='grc' dir='ltr'>αὑτῶν</span> <span class='ocrx_word' id='word_1_628' title='bbox 3173 4470 3489 4546; x_wconf 74' lang='grc' dir='ltr'>προφθάναι,</span> <span class='ocrx_word' id='word_1_629' title='bbox 3551 4469 3639 4523; x_wconf 79' lang='grc' dir='ltr'>καὶ</span> <span class='ocrx_word' id='word_1_630' title='bbox 3695 4469 3792 4535; x_wconf 79' lang='grc' dir='ltr'><strong>την</strong></span> 
     </span>
    </p>
   </div>
   <div class='ocr_carea' id='block_1_96' title="bbox 442 4553 2071 4636">
    <p class='ocr_par' dir='ltr' id='par_1_96' title="bbox 442 4555 2071 4636">
     <span class='ocr_line' id='line_1_96' title="bbox 442 4555 2071 4636; baseline 0.002 -19"><span class='ocrx_word' id='word_1_631' title='bbox 442 4556 726 4636; x_wconf 88' lang='lat' dir='ltr'><strong>deinceps</strong></span> <span class='ocrx_word' id='word_1_632' title='bbox 756 4555 1197 4616; x_wconf 85' lang='lat' dir='ltr'><strong>contentionem</strong></span> <span class='ocrx_word' id='word_1_633' title='bbox 1233 4557 1475 4636; x_wconf 85' lang='lat' dir='ltr'><strong>antiqua</strong></span> <span class='ocrx_word' id='word_1_634' title='bbox 1506 4567 1917 4618; x_wconf 86' lang='lat' dir='ltr'><strong>convertentes</strong></span> <span class='ocrx_word' id='word_1_635' title='bbox 1945 4559 2071 4620; x_wconf 90' lang='lat' dir='ltr'><strong>dis-</strong></span> 
     </span>
    </p>
   </div>
   <div class='ocr_carea' id='block_1_97' title="bbox 2161 4553 3791 4636">
    <p class='ocr_par' dir='ltr' id='par_1_97' title="bbox 2161 4553 3791 4636">
     <span class='ocr_line' id='line_1_97' title="bbox 2161 4553 3791 4636; baseline -0.002 -23"><span class='ocrx_word' id='word_1_636' title='bbox 2161 4563 2250 4614; x_wconf 81' lang='grc' dir='ltr'>τοῦ</span> <span class='ocrx_word' id='word_1_637' title='bbox 2309 4554 2494 4632; x_wconf 78' lang='grc' dir='ltr'>ἀνδρὸς</span> <span class='ocrx_word' id='word_1_638' title='bbox 2551 4554 2794 4632; x_wconf 76' lang='grc' dir='ltr'>εὐλογίαν</span> <span class='ocrx_word' id='word_1_639' title='bbox 2843 4555 3052 4631; x_wconf 87' lang='grc' dir='ltr'>πρῶτος</span> <span class='ocrx_word' id='word_1_640' title='bbox 3109 4553 3394 4624; x_wconf 75' lang='grc' dir='ltr'>ἀξιωθῆναι</span> <span class='ocrx_word' id='word_1_641' title='bbox 3426 4555 3791 4636; x_wconf 73' lang='grc' dir='ltr'>φιλονεικούν-</span> 
     </span>
    </p>
   </div>
   <div class='ocr_carea' id='block_1_98' title="bbox 441 4643 2071 4725">
    <p class='ocr_par' dir='ltr' id='par_1_98' title="bbox 441 4643 2071 4725">
     <span class='ocr_line' id='line_1_98' title="bbox 441 4643 2071 4725; baseline 0.002 -19"><span class='ocrx_word' id='word_1_642' title='bbox 441 4645 617 4725; x_wconf 88' lang='lat' dir='ltr'><strong>sidia,</strong></span> <span class='ocrx_word' id='word_1_643' title='bbox 652 4645 789 4705; x_wconf 87' lang='lat' dir='ltr'><strong>dum</strong></span> <span class='ocrx_word' id='word_1_644' title='bbox 821 4644 1075 4724; x_wconf 89' lang='lat' dir='ltr'><strong>quisque</strong></span> <span class='ocrx_word' id='word_1_645' title='bbox 1109 4643 1254 4705; x_wconf 90' lang='lat' dir='ltr'><strong>alios</strong></span> <span class='ocrx_word' id='word_1_646' title='bbox 1319 4655 1691 4707; x_wconf 87' lang='lat' dir='ltr'><strong>antevertere</strong></span> <span class='ocrx_word' id='word_1_647' title='bbox 1720 4666 1787 4708; x_wconf 91' lang='lat' dir='ltr'><strong>ac</strong></span> <span class='ocrx_word' id='word_1_648' title='bbox 1819 4648 1926 4710; x_wconf 88' lang='lat' dir='ltr'><strong>viri</strong></span> <span class='ocrx_word' id='word_1_649' title='bbox 1962 4649 2071 4709; x_wconf 91' lang='lat' dir='ltr'><strong>be-</strong></span> 
     </span>
    </p>
   </div>
   <div class='ocr_carea' id='block_1_99' title="bbox 2161 4643 3790 4725">
    <p class='ocr_par' dir='ltr' id='par_1_99' title="bbox 2161 4643 3790 4724">
     <span class='ocr_line' id='line_1_99' title="bbox 2161 4643 3790 4724; baseline 0 -23"><span class='ocrx_word' id='word_1_650' title='bbox 2161 4668 2268 4710; x_wconf 91' lang='grc' dir='ltr'>τες.</span> <span class='ocrx_word' id='word_1_651' title='bbox 2306 4647 2373 4702; x_wconf 80' lang='grc' dir='ltr'><strong>Τὸ</strong></span> <span class='ocrx_word' id='word_1_652' title='bbox 2415 4644 2589 4700; x_wconf 76' lang='grc' dir='ltr'>δὲκαὶ</span> <span class='ocrx_word' id='word_1_653' title='bbox 2647 4649 2750 4699; x_wconf 89' lang='grc' dir='ltr'><strong>τῶν</strong></span> <span class='ocrx_word' id='word_1_654' title='bbox 2805 4643 2968 4720; x_wconf 84' lang='grc' dir='ltr'>ἁγίων</span> <span class='ocrx_word' id='word_1_655' title='bbox 3031 4643 3232 4700; x_wconf 77' lang='grc' dir='ltr'>ἐκείνου</span> <span class='ocrx_word' id='word_1_656' title='bbox 3291 4643 3468 4700; x_wconf 73' lang='grc' dir='ltr'>ποδῶν</span> <span class='ocrx_word' id='word_1_657' title='bbox 3501 4647 3706 4724; x_wconf 83' lang='grc' dir='ltr'>χείλεσι</span> <span class='ocrx_word' id='word_1_658' title='bbox 3756 4647 3790 4713; x_wconf 75' lang='grc' dir='ltr'><strong>ἢ</strong></span> 
     </span>
    </p>
   </div>
   <div class='ocr_carea' id='block_1_100' title="bbox 444 4732 2073 4812">
    <p class='ocr_par' dir='ltr' id='par_1_100' title="bbox 444 4732 2073 4812">
     <span class='ocr_line' id='line_1_100' title="bbox 444 4732 2073 4812; baseline 0.001 -17"><span class='ocrx_word' id='word_1_659' title='bbox 444 4732 839 4795; x_wconf 90' lang='lat' dir='ltr'><strong>nedictionem</strong></span> <span class='ocrx_word' id='word_1_660' title='bbox 878 4732 1038 4811; x_wconf 89' lang='lat' dir='ltr'><strong>prior</strong></span> <span class='ocrx_word' id='word_1_661' title='bbox 1065 4732 1350 4812; x_wconf 78' lang='lat' dir='ltr'><strong>consequi</strong></span> <span class='ocrx_word' id='word_1_662' title='bbox 1383 4751 1616 4795; x_wconf 91' lang='lat' dir='ltr'><strong>summo</strong></span> <span class='ocrx_word' id='word_1_663' title='bbox 1666 4735 1861 4796; x_wconf 81' lang='lat' dir='ltr'><strong>studio</strong></span> <span class='ocrx_word' id='word_1_664' title='bbox 1893 4735 2073 4797; x_wconf 88' lang='lat' dir='ltr'><strong>eniti-</strong></span> 
     </span>
    </p>
   </div>
   <div class='ocr_carea' id='block_1_101' title="bbox 442 4821 2074 4900">
    <p class='ocr_par' dir='ltr' id='par_1_101' title="bbox 442 4821 2074 4900">
     <span class='ocr_line' id='line_1_101' title="bbox 442 4821 2074 4900; baseline 0.001 -16"><span class='ocrx_word' id='word_1_665' title='bbox 442 4832 557 4885; x_wconf 92' lang='lat' dir='ltr'><strong>tur.</strong></span> <span class='ocrx_word' id='word_1_666' title='bbox 593 4821 792 4884; x_wconf 88' lang='lat' dir='ltr'><strong>Sancti</strong></span> <span class='ocrx_word' id='word_1_667' title='bbox 825 4839 1062 4900; x_wconf 91' lang='lat' dir='ltr'><strong>quoque</strong></span> <span class='ocrx_word' id='word_1_668' title='bbox 1091 4821 1200 4881; x_wconf 91' lang='lat' dir='ltr'><strong>viri</strong></span> <span class='ocrx_word' id='word_1_669' title='bbox 1247 4823 1430 4900; x_wconf 84' lang='lat' dir='ltr'><strong>pedes</strong></span> <span class='ocrx_word' id='word_1_670' title='bbox 1461 4823 1643 4884; x_wconf 90' lang='lat' dir='ltr'><strong>labris</strong></span> <span class='ocrx_word' id='word_1_671' title='bbox 1675 4834 1773 4886; x_wconf 91' lang='lat' dir='ltr'><strong>aut</strong></span> <span class='ocrx_word' id='word_1_672' title='bbox 1798 4827 2074 4886; x_wconf 87' lang='lat' dir='ltr'><strong>maninus</strong></span> 
     </span>
    </p>
   </div>
   <div class='ocr_carea' id='block_1_102' title="bbox 439 4910 2072 4995">
    <p class='ocr_par' dir='ltr' id='par_1_102' title="bbox 439 4910 2072 4995">
     <span class='ocr_line' id='line_1_102' title="bbox 439 4910 2072 4995; baseline 0 -21"><span class='ocrx_word' id='word_1_673' title='bbox 439 4917 786 4989; x_wconf 84' lang='lat' dir='ltr'><strong>contingere</strong></span> <span class='ocrx_word' id='word_1_674' title='bbox 819 4928 1093 4987; x_wconf 81' lang='lat' dir='ltr'><strong>magnum</strong></span> <span class='ocrx_word' id='word_1_675' title='bbox 1150 4910 1480 4972; x_wconf 75' lang='lat' dir='ltr'><strong>videbatur.</strong></span> <span class='ocrx_word' id='word_1_676' title='bbox 1527 4914 1690 4974; x_wconf 80' lang='lat' dir='ltr'><strong>Multi</strong></span> <span class='ocrx_word' id='word_1_677' title='bbox 1724 4915 1820 4993; x_wconf 87' lang='lat' dir='ltr'><strong>qui</strong></span> <span class='ocrx_word' id='word_1_678' title='bbox 1857 4915 2072 4995; x_wconf 85' lang='lat' dir='ltr'><strong>pellem</strong></span> 
     </span>
    </p>
   </div>
   <div class='ocr_carea' id='block_1_103' title="bbox 2159 4731 3795 4814">
    <p class='ocr_par' dir='ltr' id='par_1_103' title="bbox 2159 4731 3795 4814">
     <span class='ocr_line' id='line_1_103' title="bbox 2159 4731 3795 4814; baseline 0.001 -25"><span class='ocrx_word' id='word_1_679' title='bbox 2159 4738 2245 4791; x_wconf 68' lang='grc' dir='ltr'><strong>καὶ</strong></span> <span class='ocrx_word' id='word_1_680' title='bbox 2303 4735 2487 4814; x_wconf 78' lang='grc' dir='ltr'>χερσὶν</span> <span class='ocrx_word' id='word_1_681' title='bbox 2543 4733 2778 4808; x_wconf 72' lang='grc' dir='ltr'>ἅψασθαι</span> <span class='ocrx_word' id='word_1_682' title='bbox 2831 4731 2969 4810; x_wconf 67' lang='grc' dir='ltr'>μέγα</span> <span class='ocrx_word' id='word_1_683' title='bbox 3029 4731 3223 4796; x_wconf 75' lang='grc' dir='ltr'>ἐδόκει,</span> <span class='ocrx_word' id='word_1_684' title='bbox 3278 4735 3337 4791; x_wconf 78' lang='grc' dir='ltr'><strong>Οἱ</strong></span> <span class='ocrx_word' id='word_1_685' title='bbox 3396 4733 3586 4791; x_wconf 85' lang='grc' dir='ltr'>πολλοὶ</span> <span class='ocrx_word' id='word_1_686' title='bbox 3639 4733 3693 4790; x_wconf 75' lang='grc' dir='ltr'>δὲ</span> <span class='ocrx_word' id='word_1_687' title='bbox 3751 4737 3795 4791; x_wconf 80' lang='grc' dir='ltr'><strong>εἰ</strong></span> 
     </span>
    </p>
   </div>
   <div class='ocr_carea' id='block_1_104' title="bbox 2158 4821 3791 4900">
    <p class='ocr_par' dir='ltr' id='par_1_104' title="bbox 2158 4821 3791 4900">
     <span class='ocr_line' id='line_1_104' title="bbox 2158 4821 3791 4900; baseline 0.003 -24"><span class='ocrx_word' id='word_1_688' title='bbox 2158 4825 2244 4881; x_wconf 74' lang='grc' dir='ltr'><strong>καὶ</strong></span> <span class='ocrx_word' id='word_1_689' title='bbox 2304 4829 2398 4889; x_wconf 77' lang='grc' dir='ltr'>τῆς</span> <span class='ocrx_word' id='word_1_690' title='bbox 2456 4821 2633 4898; x_wconf 79' lang='grc' dir='ltr'>δορᾶς,</span> <span class='ocrx_word' id='word_1_691' title='bbox 2690 4821 2754 4889; x_wconf 70' lang='grc' dir='ltr'>ἢν</span> <span class='ocrx_word' id='word_1_692' title='bbox 2798 4832 2948 4886; x_wconf 76' lang='grc' dir='ltr'>οὗτος</span> <span class='ocrx_word' id='word_1_693' title='bbox 3004 4822 3324 4900; x_wconf 79' lang='grc' dir='ltr'>περιέκειτο,</span> <span class='ocrx_word' id='word_1_694' title='bbox 3367 4825 3627 4898; x_wconf 80' lang='grc' dir='ltr'>ψαύσειαν</span> <span class='ocrx_word' id='word_1_695' title='bbox 3684 4824 3791 4897; x_wconf 90' lang='grc' dir='ltr'>μό-</span> 
     </span>
    </p>
   </div>
   <div class='ocr_carea' id='block_1_105' title="bbox 2159 4909 3795 4992">
    <p class='ocr_par' dir='ltr' id='par_1_105' title="bbox 2159 4909 3795 4992">
     <span class='ocr_line' id='line_1_105' title="bbox 2159 4909 3795 4992; baseline 0.003 -28"><span class='ocrx_word' id='word_1_696' title='bbox 2159 4933 2270 4984; x_wconf 86' lang='grc' dir='ltr'>νον,</span> <span class='ocrx_word' id='word_1_697' title='bbox 2302 4913 2454 4989; x_wconf 56' lang='lat' dir='ltr'><strong>(«sca</strong></span> <span class='ocrx_word' id='word_1_698' title='bbox 2488 4912 2584 4989; x_wconf 82' lang='grc' dir='ltr'><strong>γὰρ</strong></span> <span class='ocrx_word' id='word_1_699' title='bbox 2633 4915 2699 4979; x_wconf 79' lang='grc' dir='ltr'><strong>ἧν</strong></span> <span class='ocrx_word' id='word_1_700' title='bbox 2739 4909 2930 4985; x_wconf 80' lang='grc' dir='ltr'>ἐνδυμα</span> <span class='ocrx_word' id='word_1_701' title='bbox 2979 4919 3054 4986; x_wconf 84' lang='grc' dir='ltr'>τῷ</span> <span class='ocrx_word' id='word_1_702' title='bbox 3102 4912 3284 4992; x_wconf 82' lang='grc' dir='ltr'>ἁγίῳ),</span> <span class='ocrx_word' id='word_1_703' title='bbox 3331 4919 3508 4968; x_wconf 82' lang='grc' dir='ltr'>πᾶσαν</span> <span class='ocrx_word' id='word_1_704' title='bbox 3536 4916 3795 4992; x_wconf 77' lang='grc' dir='ltr'>τρυγήσαι</span> 
     </span>
    </p>
   </div>
   <div class='ocr_carea' id='block_1_106' title="bbox 441 4999 2071 5080">
    <p class='ocr_par' dir='ltr' id='par_1_106' title="bbox 441 4999 2071 5080">
     <span class='ocr_line' id='line_1_106' title="bbox 441 4999 2071 5080; baseline 0.001 -17"><span class='ocrx_word' id='word_1_705' title='bbox 441 5009 668 5063; x_wconf 83' lang='lat' dir='ltr'><strong>tantum</strong></span> <span class='ocrx_word' id='word_1_706' title='bbox 698 5017 812 5080; x_wconf 89' lang='lat' dir='ltr'><strong>qua</strong></span> <span class='ocrx_word' id='word_1_707' title='bbox 844 4999 1207 5060; x_wconf 85' lang='lat' dir='ltr'><strong>vestiebatur</strong></span> <span class='ocrx_word' id='word_1_708' title='bbox 1255 5001 1340 5071; x_wconf 90' lang='lat' dir='ltr'><strong>(id</strong></span> <span class='ocrx_word' id='word_1_709' title='bbox 1379 5001 1535 5062; x_wconf 91' lang='lat' dir='ltr'><strong>enim</strong></span> <span class='ocrx_word' id='word_1_710' title='bbox 1570 5004 1624 5064; x_wconf 88' lang='lat' dir='ltr'><strong>ei</strong></span> <span class='ocrx_word' id='word_1_711' title='bbox 1673 5005 1861 5064; x_wconf 92' lang='lat' dir='ltr'><strong>solum</strong></span> <span class='ocrx_word' id='word_1_712' title='bbox 1894 5005 2071 5065; x_wconf 90' lang='lat' dir='ltr'><strong>indu-</strong></span> 
     </span>
    </p>
   </div>
   <div class='ocr_carea' id='block_1_107' title="bbox 2161 4999 3794 5080">
    <p class='ocr_par' dir='ltr' id='par_1_107' title="bbox 2161 4999 3794 5080">
     <span class='ocr_line' id='line_1_107' title="bbox 2161 4999 3794 5080; baseline -0.001 -24"><span class='ocrx_word' id='word_1_713' title='bbox 2161 5003 2256 5068; x_wconf 78' lang='grc' dir='ltr'><strong>την</strong></span> <span class='ocrx_word' id='word_1_714' title='bbox 2287 4999 2527 5079; x_wconf 81' lang='grc' dir='ltr'>εὺλογίαν</span> <span class='ocrx_word' id='word_1_715' title='bbox 2575 5000 2836 5072; x_wconf 76' lang='grc' dir='ltr'>ἐνόμιζον.</span> <span class='ocrx_word' id='word_1_716' title='bbox 2897 5003 2968 5060; x_wconf 79' lang='grc' dir='ltr'><strong>Τὸ</strong></span> <span class='ocrx_word' id='word_1_717' title='bbox 3027 5002 3206 5076; x_wconf 82' lang='grc' dir='ltr'>μέντοι</span> <span class='ocrx_word' id='word_1_718' title='bbox 3270 5003 3453 5080; x_wconf 82' lang='grc' dir='ltr'>χειρὸς</span> <span class='ocrx_word' id='word_1_719' title='bbox 3498 5004 3694 5078; x_wconf 89' lang='grc' dir='ltr'>θίγειν,</span> <span class='ocrx_word' id='word_1_720' title='bbox 3757 5004 3794 5071; x_wconf 73' lang='grc' dir='ltr'><strong>ἢ</strong></span> 
     </span>
    </p>
   </div>
   <div class='ocr_carea' id='block_1_108' title="bbox 440 5088 2071 5169">
    <p class='ocr_par' dir='ltr' id='par_1_108' title="bbox 440 5088 2071 5168">
     <span class='ocr_line' id='line_1_108' title="bbox 440 5088 2071 5168; baseline 0.001 -15"><span class='ocrx_word' id='word_1_721' title='bbox 440 5098 709 5153; x_wconf 88' lang='lat' dir='ltr'><strong>mentum</strong></span> <span class='ocrx_word' id='word_1_722' title='bbox 741 5089 895 5166; x_wconf 89' lang='lat' dir='ltr'><strong>erat)</strong></span> <span class='ocrx_word' id='word_1_723' title='bbox 947 5088 1394 5168; x_wconf 84' lang='lat' dir='ltr'><strong>contingebant,</strong></span> <span class='ocrx_word' id='word_1_724' title='bbox 1445 5110 1684 5154; x_wconf 91' lang='lat' dir='ltr'><strong>omnem</strong></span> <span class='ocrx_word' id='word_1_725' title='bbox 1739 5096 1980 5154; x_wconf 92' lang='lat' dir='ltr'><strong>omnino</strong></span> <span class='ocrx_word' id='word_1_726' title='bbox 2012 5112 2071 5155; x_wconf 90' lang='lat' dir='ltr'><strong>se</strong></span> 
     </span>
    </p>
   </div>
   <div class='ocr_carea' id='block_1_109' title="bbox 2161 5088 3789 5169">
    <p class='ocr_par' dir='ltr' id='par_1_109' title="bbox 2161 5089 3789 5169">
     <span class='ocr_line' id='line_1_109' title="bbox 2161 5089 3789 5169; baseline 0 -24"><span class='ocrx_word' id='word_1_727' title='bbox 2161 5091 2296 5146; x_wconf 85' lang='grc' dir='ltr'><strong>κατά</strong></span> <span class='ocrx_word' id='word_1_728' title='bbox 2371 5091 2544 5165; x_wconf 86' lang='grc' dir='ltr'>στόμα</span> <span class='ocrx_word' id='word_1_729' title='bbox 2627 5090 3079 5169; x_wconf 86' lang='grc' dir='ltr'>προπτύσσεσθαι,</span> <span class='ocrx_word' id='word_1_730' title='bbox 3137 5091 3196 5146; x_wconf 73' lang='grc' dir='ltr'>οὗ</span> <span class='ocrx_word' id='word_1_731' title='bbox 3263 5096 3369 5145; x_wconf 85' lang='grc' dir='ltr'><strong>τῶν</strong></span> <span class='ocrx_word' id='word_1_732' title='bbox 3427 5089 3643 5148; x_wconf 81' lang='grc' dir='ltr'>πολλῶν</span> <span class='ocrx_word' id='word_1_733' title='bbox 3699 5091 3789 5165; x_wconf 83' lang='grc' dir='ltr'><strong>ἧν,</strong></span> 
     </span>
    </p>
   </div>
   <div class='ocr_carea' id='block_1_110' title="bbox 441 5175 2071 5259">
    <p class='ocr_par' dir='ltr' id='par_1_110' title="bbox 441 5175 2071 5256">
     <span class='ocr_line' id='line_1_110' title="bbox 441 5175 2071 5256; baseline 0.002 -15"><span class='ocrx_word' id='word_1_734' title='bbox 441 5176 921 5242; x_wconf 89' lang='lat' dir='ltr'><strong>benedictionem</strong></span> <span class='ocrx_word' id='word_1_735' title='bbox 981 5175 1229 5256; x_wconf 89' lang='lat' dir='ltr'><strong>adeptos</strong></span> <span class='ocrx_word' id='word_1_736' title='bbox 1261 5179 1440 5240; x_wconf 85' lang='lat' dir='ltr'><strong>fuisse</strong></span> <span class='ocrx_word' id='word_1_737' title='bbox 1472 5180 1912 5246; x_wconf 87' lang='lat' dir='ltr'><strong>existimabant.</strong></span> <span class='ocrx_word' id='word_1_738' title='bbox 1946 5185 2071 5244; x_wconf 90' lang='lat' dir='ltr'><strong>Ve-</strong></span> 
     </span>
    </p>
   </div>
   <div class='ocr_carea' id='block_1_111' title="bbox 2161 5175 3794 5259">
    <p class='ocr_par' dir='ltr' id='par_1_111' title="bbox 2161 5176 3794 5259">
     <span class='ocr_line' id='line_1_111' title="bbox 2161 5176 3794 5259; baseline -0.001 -24"><span class='ocrx_word' id='word_1_739' title='bbox 2161 5179 2279 5235; x_wconf 72' lang='grc' dir='ltr'>ὸλλ⁹</span> <span class='ocrx_word' id='word_1_740' title='bbox 2312 5179 2402 5242; x_wconf 77' lang='grc' dir='ltr'>οἷς</span> <span class='ocrx_word' id='word_1_741' title='bbox 2431 5180 2466 5246; x_wconf 80' lang='grc' dir='ltr'><strong>ἡ</strong></span> <span class='ocrx_word' id='word_1_742' title='bbox 2500 5179 2559 5234; x_wconf 77' lang='grc' dir='ltr'>ἐκ</span> <span class='ocrx_word' id='word_1_743' title='bbox 2592 5180 2685 5245; x_wconf 77' lang='grc' dir='ltr'><strong>τῆς</strong></span> <span class='ocrx_word' id='word_1_744' title='bbox 2717 5179 2908 5256; x_wconf 80' lang='grc' dir='ltr'>ἀρετῆς</span> <span class='ocrx_word' id='word_1_745' title='bbox 2964 5179 3229 5246; x_wconf 75' lang='grc' dir='ltr'>οἰκειότης</span> <span class='ocrx_word' id='word_1_746' title='bbox 3270 5176 3658 5259; x_wconf 72' lang='grc' dir='ltr'>δαψιλεστὲραν</span> <span class='ocrx_word' id='word_1_747' title='bbox 3689 5185 3794 5237; x_wconf 88' lang='grc' dir='ltr'><strong>τῶν</strong></span> 
     </span>
    </p>
   </div>
   <div class='ocr_carea' id='block_1_112' title="bbox 437 5265 2071 5348">
    <p class='ocr_par' dir='ltr' id='par_1_112' title="bbox 437 5267 2071 5348">
     <span class='ocr_line' id='line_1_112' title="bbox 437 5267 2071 5348; baseline 0.002 -16"><span class='ocrx_word' id='word_1_748' title='bbox 437 5287 570 5332; x_wconf 85' lang='lat' dir='ltr'><strong>rum</strong></span> <span class='ocrx_word' id='word_1_749' title='bbox 605 5284 843 5329; x_wconf 90' lang='lat' dir='ltr'><strong>manum</strong></span> <span class='ocrx_word' id='word_1_750' title='bbox 876 5267 1010 5346; x_wconf 81' lang='lat' dir='ltr'><strong>ejus</strong></span> <span class='ocrx_word' id='word_1_751' title='bbox 1031 5275 1402 5330; x_wconf 89' lang='lat' dir='ltr'><strong>contrectare</strong></span> <span class='ocrx_word' id='word_1_752' title='bbox 1431 5279 1532 5331; x_wconf 90' lang='lat' dir='ltr'><strong>aut</strong></span> <span class='ocrx_word' id='word_1_753' title='bbox 1561 5289 1667 5333; x_wconf 93' lang='lat' dir='ltr'><strong>ore</strong></span> <span class='ocrx_word' id='word_1_754' title='bbox 1697 5273 1978 5348; x_wconf 89' lang='lat' dir='ltr'><strong>osculari,</strong></span> <span class='ocrx_word' id='word_1_755' title='bbox 2012 5273 2071 5334; x_wconf 90' lang='lat' dir='ltr'><strong>id</strong></span> 
     </span>
    </p>
   </div>
   <div class='ocr_carea' id='block_1_113' title="bbox 2161 5265 2992 5348">
    <p class='ocr_par' dir='ltr' id='par_1_113' title="bbox 2161 5265 2992 5346">
     <span class='ocr_line' id='line_1_113' title="bbox 2161 5265 2992 5346; baseline 0 -20"><span class='ocrx_word' id='word_1_756' title='bbox 2161 5267 2333 5326; x_wconf 68' lang='grc' dir='ltr'>ἄλλων</span> <span class='ocrx_word' id='word_1_757' title='bbox 2357 5269 2456 5335; x_wconf 74' lang='grc' dir='ltr'><strong>τὴν</strong></span> <span class='ocrx_word' id='word_1_758' title='bbox 2484 5268 2778 5346; x_wconf 67' lang='grc' dir='ltr'>παρρησίαν</span> <span class='ocrx_word' id='word_1_759' title='bbox 2806 5265 2992 5326; x_wconf 72' lang='grc' dir='ltr'>ἐδίδου.</span> 
     </span>
    </p>
   </div>
   <div class='ocr_carea' id='block_1_114' title="bbox 439 5355 2071 5436">
    <p class='ocr_par' dir='ltr' id='par_1_114' title="bbox 439 5355 2071 5436">
     <span class='ocr_line' id='line_1_114' title="bbox 439 5355 2071 5436; baseline 0.002 -16"><span class='ocrx_word' id='word_1_760' title='bbox 439 5375 644 5420; x_wconf 91' lang='lat' dir='ltr'><strong>eorum</strong></span> <span class='ocrx_word' id='word_1_761' title='bbox 677 5364 805 5418; x_wconf 90' lang='lat' dir='ltr'><strong>erat</strong></span> <span class='ocrx_word' id='word_1_762' title='bbox 833 5355 1052 5436; x_wconf 85' lang='lat' dir='ltr'><strong>quibus</strong></span> <span class='ocrx_word' id='word_1_763' title='bbox 1101 5356 1469 5420; x_wconf 77' lang='lat' dir='ltr'><strong>familiaritas</strong></span> <span class='ocrx_word' id='word_1_764' title='bbox 1533 5377 1604 5420; x_wconf 86' lang='lat' dir='ltr'><strong>ex</strong></span> <span class='ocrx_word' id='word_1_765' title='bbox 1658 5358 1871 5422; x_wconf 88' lang='lat' dir='ltr'><strong>virtute</strong></span> <span class='ocrx_word' id='word_1_766' title='bbox 1921 5381 2071 5424; x_wconf 90' lang='lat' dir='ltr'><strong>con-</strong></span> 
     </span>
    </p>
   </div>
   <div class='ocr_carea' id='block_1_115' title="bbox 440 5443 1940 5512">
    <p class='ocr_par' dir='ltr' id='par_1_115' title="bbox 440 5443 1940 5512">
     <span class='ocr_line' id='line_1_115' title="bbox 440 5443 1940 5512; baseline 0.004 -6"><span class='ocrx_word' id='word_1_767' title='bbox 440 5453 623 5506; x_wconf 86' lang='lat' dir='ltr'><strong>tracta</strong></span> <span class='ocrx_word' id='word_1_768' title='bbox 655 5444 996 5508; x_wconf 88' lang='lat' dir='ltr'><strong>uberiorem</strong></span> <span class='ocrx_word' id='word_1_769' title='bbox 1029 5443 1160 5506; x_wconf 90' lang='lat' dir='ltr'><strong>aliis</strong></span> <span class='ocrx_word' id='word_1_770' title='bbox 1189 5445 1520 5510; x_wconf 88' lang='lat' dir='ltr'><strong>libertatem</strong></span> <span class='ocrx_word' id='word_1_771' title='bbox 1553 5449 1940 5512; x_wconf 88' lang='lat' dir='ltr'><strong>concedebat.</strong></span> 
     </span>
    </p>
   </div>
  </div>
