4062 6194
1425 325 1615 391 VITA
1661 324 1725 388 S.
1771 323 2157 388 SYMEONIS
2201 319 2574 387 STYLIT/E.
3574 314 3693 384 350

1881 456 2113 517 CAPUT
2143 456 2234 514 IV.

1384 586 1731 644 Columnaris
1786 583 1969 653 statio,
2008 583 2235 657 probata
2274 599 2311 641 α
2351 582 2625 641 Pati-ibus.

296 290 423 394 349

394 699 488 769 ιϐ’.
550 707 768 777 Ἐπειδὴ
831 709 887 767 δὲ
947 710 1171 789 ἀριθμου
1234 710 1501 789 κρείττους
1558 714 1695 777 ἦσαν
1766 714 1813 770 οἱ
1856 713 1963 792 ἀφ-

2131 710 2230 771 19.
2259 710 2404 773 Cum
2429 726 2566 771 vero
2593 707 2955 770 accedentes
2984 725 3222 770 omnem
3246 723 3563 768 numerum
3596 722 3697 767 ex-

304 800 637 874 ικνούμενοι,
695 805 880 878 πρῶτα
939 801 1038 876 μὲν
1097 798 1354 856 ἒκκλίνων
1396 802 1458 856 τὸ
1518 798 1653 857 πολὺ
1696 802 1793 869 τῆς
1851 807 1967 879 περὶ

2053 802 2361 871 cederent,
2401 797 2656 875 primum
2690 804 2751 858 ut
2776 797 3064 859 honorem
3096 795 3444 869 declinaret,
3478 793 3696 858 deinde

304 888 471 946 αὖτὸν
522 889 710 965 τιμῆς,
744 888 927 947 ἔπειτα
985 890 1076 947 καί
1122 892 1214 946 τοῦ
1270 890 1579 971 πράγματος
1613 892 1675 947 τὸ
1719 891 1967 950 ἐπίπονον

2053 887 2212 971 quod
2266 887 2539 950 molestia
2581 885 2975 965 gravabatur;
3027 893 3147 947 tum
3194 884 3333 967 quia
3374 883 3546 958 calo,
3582 901 3695 964 qua

306 976 698 1059 δυσχεραίνων,
745 977 925 1044 ἄλλως
979 1000 1037 1035 τε
1083 982 1170 1036 καὶ
1228 982 1359 1058 πρὸς
1418 982 1661 1059 οὐρανὸν,
1708 984 1782 1046 ὡς
1844 983 1964 1039 οἷόν

2053 990 2302 1063 poterat,
2333 998 2451 1042 non
2477 986 2698 1041 tantum
2725 986 2923 1041 mente
2943 986 3001 1041 et
3030 977 3402 1057 cogitatione.
3429 976 3534 1037 sed
3566 994 3697 1037 cor-

304 1090 367 1125 τε
416 1069 498 1143 μή
530 1067 818 1147 λογισμοῖς
878 1069 1040 1142 μόνον
1071 1070 1158 1125 καὶ
1214 1070 1474 1144 θεωρίαις,
1507 1068 1646 1127 ἀλλὰ
1676 1072 1763 1128 καὶ
1822 1074 1964 1147 αὖτῷ

2053 1089 2192 1153 pore
2211 1088 2450 1152 quoque
2472 1070 2863 1150 ipso,tantum
2890 1085 3022 1130 esse
3043 1066 3293 1131 vicinior
3316 1073 3694 1147 percuperet,

304 1159 522 1231 σώματι
570 1158 886 1231 πλησιάζειν
944 1157 1305 1234 ἐσπουδακὼς,
1353 1160 1452 1227 τὴν
1511 1161 1595 1216 επὶ
1645 1168 1738 1218 τοῦ
1792 1163 1964 1228 κίονος

2053 1165 2204 1222 illam
2236 1163 2585 1235 excogitavit
2617 1164 2671 1217 in
2707 1161 2976 1219 columna
3011 1159 3414 1219 stationem.Et
3448 1158 3695 1231 primum

307 1247 709 1329 ἐμηχανήσατο
769 1249 977 1311 στάσιν.
1029 1248 1126 1307 Καὶ
1161 1250 1347 1327 πρῶτα
1377 1250 1499 1329 μὲν,
1549 1251 1623 1314 εἷς
1680 1248 1733 1315 ἓξ
1766 1252 1794 1307 ὁ
1836 1251 1966 1308 κίων

307 1337 457 1412 αύτῷ
511 1338 806 1394 ἆνετείνετο
848 1339 1077 1418 πήχειςο
1131 1338 1255 1394 εἶτα
1284 1339 1360 1401 εἷς
1417 1337 1507 1396 δύο
1538 1338 1825 1419 ἀνατρέχει
1876 1342 1963 1397 καὶ

306 1426 463 1491 τέλος
524 1426 576 1493 ἔξ
634 1428 837 1507 πήχεις
896 1429 956 1483 τὸ
1008 1433 1113 1484 πᾶν
1173 1427 1311 1505 ἂψος
1368 1428 1457 1487 ἐπὶ
1512 1435 1624 1487 τῶν
1683 1430 1965 1506 τριάκοντα

306 1517 499 1596 ἔσχεν.

392 1605 451 1661 κ’
461 1654 477 1668 ,
531 1608 587 1663 Εἰ
642 1604 697 1661 δὲ
752 1607 838 1662 καὶ
895 1606 1031 1676 «uti,
1085 1604 1377 1685 παράδοξος
1408 1608 1442 1675 ἡ
1490 1607 1719 1683 ἒπίνοια,
1752 1611 1963 1683 θαυμα-

311 1698 438 1754 στὸν
494 1693 664 1755 οὐδέν·
698 1692 912 1752 πολλῶν
955 1696 1057 1773 γὰρ
1115 1694 1407 1773 ἔμπροσθεν
1438 1698 1527 1753 καὶ
1569 1695 1842 1775 μεγάλων,
1877 1702 1964 1761 οἷς

313 1788 410 1844 οὐκ
468 1784 582 1842 ἔστι
615 1786 839 1861 μίμησις
883 1784 993 1841 οὔδ’
1036 1783 1331 1862 ὑπόδειγμα
1362 1786 1437 1860 τῷ
1500 1785 1707 1863 ἀθλητῇ
1737 1784 1970 1864 προδιη-

310 1875 616 1950 νυσμένων,
646 1875 736 1931 καὶ
764 1876 791 1931 ὁ
838 1876 1073 1942 κιονίτης
1111 1876 1264 1938 οὗτος
1311 1875 1424 1949 βίος
1452 1876 1559 1954 οὐχ
1588 1873 1668 1932 ὅτι
1700 1876 1779 1951 μὴ
1824 1874 1968 1956 ἔχων

2046 1250 2289 1333 quidem
2326 1248 2605 1312 columna
2633 1246 2707 1309 ad
2739 1265 2841 1309 sex
2875 1255 3075 1309 erecta
3104 1245 3333 1309 cubitos
3356 1244 3693 1317 est,deinde

2045 1340 2120 1403 ad
2152 1339 2636 1419 duodecim,post
2654 1335 2725 1398 ad
2753 1335 2958 1415 viginti
2989 1335 3141 1398 duos
3169 1348 3411 1398 extensa
3439 1342 3693 1409 est,tan-

2050 1429 2185 1492 dem
2219 1436 2343 1492 tota
2373 1426 2631 1489 altitudo
2665 1424 2904 1505 triginta
2937 1443 3041 1488 sex
3074 1426 3342 1489 constitit
3371 1424 3603 1487 cubitis.

2127 1518 2229 1581 20.
2260 1517 2320 1581 Si
2343 1515 2694 1598 quibusdam
2732 1533 2946 1577 novum
2979 1515 3092 1578 hoc
3121 1533 3190 1577 ac
3222 1533 3405 1596 prope
3425 1512 3692 1576 incredi-

2048 1607 2169 1670 bile
2192 1608 2460 1670 videatur
2492 1605 2708 1667 mirum
2733 1623 2853 1665 non
2887 1614 2977 1668 est
3003 1623 3017 1668 :
3042 1622 3178 1667 cum
3201 1605 3358 1668 enim
3388 1604 3570 1666 multa
3590 1621 3690 1667 ea-

2051 1716 2167 1779 que
2192 1715 2423 1777 magua,
2450 1712 2700 1777 quorum
2727 1693 2956 1755 nullum
2993 1699 3158 1774 prius
3178 1694 3480 1776 exemplar
3509 1702 3698 1757 exsta-

2052 1786 2175 1857 bat,
2213 1785 2286 1848 ab
2339 1786 2453 1847 hoc
2503 1783 2702 1865 pugile
2754 1782 3011 1864 primum
3057 1791 3337 1865 suscepta
3364 1785 3521 1860 sint;
3574 1792 3694 1845 tum

2051 1886 2215 1939 certe
2244 1875 2608 1937 columnaria
2638 1872 2740 1934 illa
2776 1873 2905 1949 vita,
2942 1891 3061 1934 non
3090 1873 3280 1935 solum
3323 1873 3459 1955 quia
3487 1891 3696 1936 exem-

312 1964 616 2042 ὖπόδειτμα
672 1963 1009 2041 περιοπτέος·
1070 1961 1192 2019 ἀλλ’
1264 1962 1345 2020 ὅτι
1391 1962 1597 2039 μᾶλλον
1649 1966 1808 2030 αὐτὸς
1866 1966 1967 2021 ὓπ-

2053 1965 2147 2045 ρΙο
2180 1974 2347 2027 caret
2377 1962 2819 2026 contemnenda
2843 1979 2963 2023 non
2994 1971 3105 2038 est,
3132 1980 3335 2026 verum
3365 1963 3539 2024 etiam
3561 1961 3701 2043 quia

314 2055 508 2134 ἄρχων
550 2053 877 2115 ἐπαινετέον
910 2051 1085 2117 ἄλλως
1115 2074 1172 2109 τε
1227 2055 1324 2109 καὶ
1359 2054 1433 2119 ὡς
1489 2057 1585 2113 οὐκ
1615 2052 1737 2112 ἄνευ
1793 2055 1967 2134 κρείτ-

2054 2054 2185 2117 sine
2216 2053 2338 2116 ullo
2388 2051 2663 2133 exemplo
2696 2051 2756 2112 in
2789 2051 3128 2132 exemplum
3176 2052 3372 2134 potius
3399 2051 3704 2133 proposita

310 2164 469 2207 τονος
543 2142 841 2211 ἰπισκοπῆς
902 2144 1058 2202 τοῦτὸ
1115 2164 1177 2221 γε
1238 2143 1325 2198 καὶ
1380 2142 1649 2221 θειοτέρας
1718 2144 1786 2199 τὰ
1847 2142 1964 2212 ἑξῆς

2053 2143 2287 2207 steteris
2345 2150 2461 2223 est,
2493 2140 2817 2204 laudanda.
2859 2139 3193 2204 Praesertim
3235 2141 3391 2223 quod
3424 2159 3541 2204 non
3571 2140 3701 2203 sine

313 2233 672 2313 μαρτυρείτω,
722 2232 853 2298 Τοὺς
909 2233 1009 2310 γὰρ
1066 2229 1413 2309 ’ίσμαηλίτας
1484 2234 1556 2298 εἷς
1611 2232 1819 2298 πολλὰς
1866 2234 1966 2310 μὲν

2054 2242 2282 2296 matura
2308 2230 2795 2295 consideratione
2822 2250 2892 2294 ac
2924 2230 3124 2294 divino
3158 2231 3438 2294 instinctu
3477 2230 3699 2294 factum

313 2322 749 2398 πληθύνομένους
807 2320 1081 2402 μυριάδας,
1133 2319 1263 2396 τῷδε
1323 2327 1420 2389 τῆς
1482 2320 1721 2387 ἀσεϐείας
1786 2324 1960 2381 σκότει

2054 2340 2351 2403 esse,qu:e
2373 2321 2659 2400 deinceps
2679 2330 3030 2401 sequuntur,
3059 2329 3332 2382 testatum
3358 2318 3696 2398 facient;Is-

313 2410 827 2490 συγκεκλεισμένους
853 2456 872 2488 ,
933 2413 962 2467 ὁ
1019 2412 1205 2474 καινὸς
1277 2410 1426 2475 οὗτος
1489 2410 1575 2467 ἐπὶ
1631 2420 1723 2470 τοῦ
1799 2414 1965 2476 κίονος

2055 2412 2328 2475 maelitas
2349 2411 2509 2473 enim
2535 2411 2587 2491 (1
2602 2410 2679 2486 Ἰ),
2715 2409 2817 2490 qui
2841 2413 2913 2470 ad
2948 2410 3146 2490 plures
3169 2409 3463 2491 myriadas
3483 2427 3692 2472 excre-

313 2500 432 2575 βίος
490 2499 695 2556 ἐκεῖθέν
766 2522 825 2556 τε
882 2500 1208 2575 ἀνεσώσατο,
1276 2501 1363 2556 καὶ
1436 2504 1579 2576 αὐτῷ
1649 2504 1754 2559 τῶν
1818 2502 1967 2559 θείων

2053 2510 2281 2574 verant,
2303 2519 2372 2563 ac
2404 2499 2727 2580 impietatis
2752 2499 3017 2561 tenebris
3047 2503 3221 2562 erant
3250 2498 3518 2572 involuti,
3547 2517 3695 2561 nova

315 2589 499 2667 λόγων
556 2591 690 2669 φωτὶ
719 2590 814 2653 τὰς
861 2592 1032 2648 αὐτῶν
1083 2588 1319 2653 διανοίας
1374 2596 1771 2670 περιαστράψας
1830 2592 1967 2656 υἱοὺς

2053 2593 2183 2655 haec
2206 2589 2451 2671 agendae
2473 2589 2534 2651 in
2554 2588 2833 2650 columna
2862 2587 2993 2649 vita:
3016 2588 3165 2649 ratio
3195 2587 3338 2649 inde
3363 2586 3605 2667 eripuit,
3629 2606 3700 2650 ac

315 2680 497 2757 φωτὸς
557 2680 644 2735 καὶ
704 2678 907 2757 ἡμέρας
965 2679 1090 2744 τοὺς
1154 2679 1267 2758 πρὶν
1333 2680 1431 2747 τῆς
1497 2681 1681 2745 νυκτὸς
1736 2682 1824 2737 καὶ
1877 2687 1967 2737 τοῦ

2053 2680 2238 2743 divini
2265 2678 2428 2742 verbi
2449 2677 2683 2740 lumine
2714 2695 2920 2739 eorum
2946 2685 3175 2739 mentes
3196 2677 3518 2751 illustrans,
3545 2677 3699 2738 ﬁlios

316 2768 543 2832 σκότους
588 2766 799 2834 ἔδειξεν,
835 2765 1050 2844 Ἀμέλει
1095 2769 1183 2825 καὶ
1242 2768 1436 2843 νόμους
1481 2771 1622 2848 παρὰ
1679 2776 1775 2838 τῆς
1819 2773 1959 2848 ίερας

312 2858 525 2923 ὶκείνης
602 2856 885 2937 δεχόμενοι
954 2857 1226 2935 γλώττης,
1288 2857 1395 2914 τῶν
1470 2864 1568 2926 τῆς
1649 2858 1961 2939 Ἀφροδίτης

316 2947 511 3025 ὀργίων
566 2947 813 3026 (πάτριος
862 2948 963 3026 γὰρ
1021 2947 1239 3010 ἐκείνοις
1272 2948 1305 3015 ἡ
1369 2945 1570 3023 δαίμων
1612 2950 1746 3016 αὐτὴ
1804 2947 1958 3029 Θεὸς)

316 3036 601 3113 προωμως
661 3036 967 3116 ἀφίσταντο.
1037 3036 1236 3095 Πολλοὶ
1302 3034 1357 3093 δὲ
1428 3039 1516 3094 καὶ
1572 3034 1822 3116 Ἰϐήρων,
1887 3040 1961 3102 ὡς

316 3123 478 3203 ἔφην,
512 3128 597 3184 καὶ
645 3132 860 3205 Περσῶν
891 3128 977 3183 καὶ
1024 3126 1317 3207 Ἀρμενίων
1358 3128 1559 3207 μακρὸν
1607 3131 1707 3194 τῆς
1765 3129 1961 3193 οίκείας

318 3213 534 3281 ἀπάτης
603 3214 811 3292 γέλωτα
886 3216 1252 3295 καταχέαντες
1325 3221 1394 3291 τῇ
1486 3213 1808 3295 εὖαγγελικῇ
1880 3218 1961 3273 καὶ

318 3304 467 3359 αὐτοὶ
495 3301 804 3374 διδασκαλίᾳ
845 3304 1139 3367 συνέθεντο,

2044 2771 2199 2834 lucis
2239 2778 2298 2832 et
2329 2769 2471 2849 diei,
2507 2767 2607 2849 qui
2653 2769 2844 2828 noctis
2877 2768 3039 2847 prius
3082 2777 3143 2829 et
3173 2765 3554 2830 tenebrarum
3589 2765 3698 2828 lilii

2044 2867 2235 2934 erant,
2262 2857 2586 2922 constituit.
2624 2855 2896 2937 Denique
2929 2856 3226 2936 susceptis
3277 2875 3310 2918 a
3341 2855 3542 2918 divino
3593 2855 3697 2917 illo

2044 2970 2149 3016 ore
2168 2946 2692 3029 legibus,Veneris
2718 2946 2883 3024 orgia
2911 2946 3032 3027 (hic
3053 2948 3212 3008 enim
3247 2945 3481 3008 daemon
3504 2946 3698 3028 patria

2044 3041 2125 3103 iis
2163 3041 2277 3102 dea
2305 3047 2435 3101 erat
2462 3038 2619 3119 (t8))
2656 3044 2924 3119 prompte
2956 3034 3333 3099 abdicarunt.
3368 3034 3531 3098 Multi
3556 3053 3696 3098 vero

2045 3130 2377 3202 lberorum,
2404 3127 2485 3189 uti
2517 3127 2742 3190 dictum
2775 3135 2886 3201 est,
2924 3125 3241 3188 Persarum
3272 3144 3340 3187 ac
3369 3124 3697 3188 Armonio-

2045 3238 2204 3294 rum,
2239 3219 2455 3281 avitum
2504 3235 2768 3278 errorem
2803 3215 3063 3277 ludibrio
3106 3214 3421 3292 habentes,
3454 3233 3700 3296 evange-

2046 3304 2180 3371 licae
2197 3316 2253 3370 et
2273 3307 2390 3384 ipsi
2413 3306 2703 3370 doctrinae
2724 3305 2995 3385 adjuncti
3014 3314 3173 3367 sunt.

401 3392 514 3452 κα⁹.
580 3383 764 3449 Ἠνίκα
806 3390 859 3448 δὲ
888 3392 987 3461 τὴν
1041 3395 1229 3462 καινὴν
1284 3393 1481 3463 ταύτην
1537 3396 1565 3451 ὁ
1596 3396 1813 3471 Συμεὼν
1871 3394 1962 3453 ἐπὶ

2130 3404 2194 3460 2t
2215 3445 2229 3461 .
2260 3395 2445 3477 Igitur
2466 3396 2606 3458 dum
2645 3383 2855 3457 novam
2881 3395 3035 3457 hanc
3062 3398 3317 3477 Symeon
3346 3393 3407 3455 in
3423 3393 3701 3456 columna

319 3490 415 3539 τοῦ
444 3483 618 3543 κίονος
662 3480 935 3538 πολινείαν
994 3482 1345 3558 έπενοήσατο,
1388 3492 1663 3565 πανταχοῦ
1704 3485 1800 3553 τῆς
1847 3485 1967 3541 κατ’

320 3570 482 3627 αὐτον
544 3571 730 3651 φήμης
763 3569 925 3637 ὀξέως
983 3570 1309 3638 διαδοθείσης
1361 3571 1535 3652 (φιλεῖ
1589 3574 1689 3653 γὰρ
1719 3573 1773 3629 ἐν
1830 3573 1968 3631 οὕτω

321 3672 533 3722 καινοῖς
596 3660 904 3739 πράγμασιν
995 3661 1124 3728 αὕτη
1215 3662 1495 3741 ταχυτέρῳ
1576 3661 1807 3739 μάλιστα
1893 3670 1967 3738 τῷ

323 3756 502 3828 πτερῷ
556 3748 905 3829 κεχρῆσθαι),
963 3751 1010 3806 οἱ
1072 3750 1172 3817 τὴν
1231 3748 1430 3829 ἔρημον
1473 3765 1589 3814 τοῖς
1650 3751 1967 3820 ἆσκητικοϊς

319 3838 504 3902 ἄθλοις
575 3840 664 3895 καὶ
724 3838 909 3900 πόνοις
992 3840 1229 3916 ούράνιον
1286 3839 1720 3919 ἀπεργασάμενοι
1808 3841 1966 3898 πόλιν

315 3932 459 3985 θεῖοι
522 3926 774 4004 Πατέρες,
834 3932 913 4001 τῷ
953 3941 1266 4007 καινοφανεϊ
1308 3930 1477 4003 τούτῳ
1534 3929 1967 4008 καταπλαγέντες

316 4020 412 4075 καὶ
498 4016 683 4091 ξενίοιῷ
776 4024 870 4073 τοῦ
953 4016 1395 4093 ἒπιτηδεύμανος,
1469 4018 1744 4077 στέλλουσί
1822 4042 1969 4084 τινας

318 4108 466 4183 παρᾶ
520 4107 613 4161 τὸν
662 4105 947 4184 μετάρσιον
1004 4106 1209 4163 ἐκεῖνον
1264 4104 1560 4185 ἄνθρωπον·
1627 4109 1710 4166 καθ
1770 4109 1970 4171 τούτοις

320 4193 657 4252 ἐντέλλονται
713 4199 810 4262 τῆς
844 4193 996 4262 ξένης
1050 4194 1147 4269 μὲν
1179 4195 1320 4269 αὐτῷ
1370 4196 1601 4262 ἐπινοίας
1632 4196 1967 4273 ἐπιτιμῆσαι,

320 4282 532 4348 διδάξαι
586 4281 640 4337 δὲ
696 4284 797 4350 τὴν
836 4284 1192 4361 τετριμμένην
1246 4285 1333 4339 καὶ
1380 4286 1581 4355 συνήθη
1626 4299 1746 4350 τοῖς
1800 4287 1970 4365 ἇγίοις

321 4372 664 4452 πορεύεσθαι,
706 4374 795 4428 καὶ
858 4372 935 4447 μὴ
999 4373 1199 4438 ταύτης
1257 4386 1637 4452 καταφρονεῖν,
1691 4374 1756 4442 ἢν
1807 4376 1969 4454 χορὸς

2049 3486 2286 3549 vivendi
2310 3486 2604 3548 rationem
2630 3484 3210 3564 excogitasset,fama
3237 3484 3368 3564 ejus
3388 3501 3564 3565 quam
3594 3501 3662 3545 ce
3680 3517 3701 3531 -

2050 3575 2297 3639 lerrime
2320 3592 2790 3656 quaquaversum
2818 3574 3048 3653 vulgata
3072 3574 3225 3655 (ipsa
3250 3573 3409 3634 enim
3431 3573 3491 3632 in
3520 3570 3700 3633 rebus

2049 3665 2200 3729 adeo
2226 3664 2396 3725 novis
2426 3662 2820 3725 celerioribus
2845 3662 3285 3744 quodammodo
3318 3662 3402 3722 uti
3430 3661 3541 3723 alis
3562 3680 3698 3723 con-

2050 3760 2283 3827 suevit),
2313 3753 2517 3815 Patres
2548 3752 2649 3834 qui
2698 3752 3112 3833 spiritualibus
3141 3750 3438 3812 exercitiis
3474 3750 3598 3831 (10)
3631 3769 3700 3813 ac

2050 3844 2359 3906 laboribus
2388 3861 2457 3904 ex
2486 3861 2687 3904 eremo
2719 3841 3025 3903 caelestem
3057 3841 3377 3921 quamdam
3405 3837 3695 3902 civitatem

2052 3932 2369 4007 faciebant,
2397 3933 2510 3993 hoc
2544 3940 2659 3993 tam
2686 3930 2968 3992 inusitato
2993 3949 3061 3993 ac
3086 3928 3400 4011 peregrino
3424 3926 3700 4008 obstupe-

2052 4020 2188 4082 facti
2221 4020 2353 4080 vitze
2384 4020 2679 4101 instituto,
2713 4037 3043 4099 quosquam
3076 4017 3149 4079 ad
3191 4016 3507 4078 sublimem
3540 4016 3701 4077 hunc

2056 4109 2358 4170 hominem
2412 4107 2673 4186 mittunt,
2706 4106 2899 4189 iisque
2949 4107 3318 4189 praecipiunt,
3353 4113 3416 4166 ut
3461 4104 3536 4166 ob
3585 4113 3698 4166 tam

2058 4198 2403 4279 peregrinas
2429 4198 2802 4260 inventiones
2830 4216 2963 4259 eum
2999 4194 3543 4278 reprehendant,ac
3561 4214 3701 4256 con-

2055 4301 2277 4349 suetam
2303 4306 2364 4347 ac
2380 4291 2571 4348 tritam
2587 4292 2855 4347 omnibus
2882 4291 3086 4347 sanctis
3104 4292 3252 4345 viam
3278 4289 3423 4345 inire
3436 4288 3702 4355 doceant,

2054 4394 2250 4457 neque
2330 4394 2458 4438 eam
2493 4383 2903 4451 contemnere,
2938 4394 3111 4457 quam
3165 4382 3361 4437 tantus
3392 4375 3700 4436 beatorum

321 4461 591 4518 τοσούτων
640 4462 916 4540 μακαρίων
948 4458 1167 4524 ὁδεύσας
1219 4462 1351 4540 πρὸς
1407 4462 1626 4540 οὐρανόν
1654 4484 1710 4519 τε
1771 4463 1967 4531 ἀνελη-

2057 4469 2280 4526 chorus
2298 4465 2809 4545 calcavit,quaque
2831 4465 2901 4525 ad
2924 4464 3137 4527 coelum
3163 4464 3705 4544 pervenit.aeterna-

323 4549 471 4606 λύθει
539 4552 632 4606 καί
695 4553 907 4617 σκηνῶν
980 4551 1195 4607 ἐκείνων
1263 4557 1370 4607 τῶν
1439 4550 1624 4608 ἀϊδίων
1680 4550 1969 4620 ἐπέϐησαν⁹

324 4641 453 4697 εἶτα
512 4639 775 4705 δείσαντες
836 4643 913 4718 μὴ
971 4644 1029 4698 τὸ
1090 4642 1325 4717 ἐννόημα
1396 4641 1676 4721 θεάρεστον
1735 4642 1798 4722 ἦ,
1858 4642 1972 4699 οἵδε

325 4729 665 4799 ἀνθρωπίνως
743 4732 804 4785 τὸ
891 4737 1113 4808 πρᾶγμα
1187 4730 1568 4809 στοχάζοντα,
1658 4732 1745 4788 καὶ
1817 4739 1973 4790 τοῦτο

326 4817 712 4886 ἐπισκήπτουσι
765 4823 878 4885 τοῖς
937 4817 1387 4893 ἀπεσταλμένοις,
1419 4821 1492 4885 ὡς
1552 4822 1595 4876 εἰ
1649 4821 1747 4895 μὲν
1806 4819 1972 4878 ἴδοιεν

323 4910 419 4964 τὸν
474 4904 637 4983 ἄνδρα
688 4916 782 4963 του
853 4908 1043 4965 οίκείου
1101 4906 1403 4981 θελήματος
1480 4907 1819 4984 ἐξιστάμενον
1881 4910 1973 4967 καί

327 4998 459 5073 πρὸς
500 4995 598 5063 τήν
656 4995 855 5053 ἐκεῖθεν
910 4995 1127 5053 εἴκοντα
1186 4993 1429 5068 κάθοδον,
1486 4996 1728 5078 ἐπίσχειν
1789 5006 1972 5056 τοῦτον

328 5086 475 5150 εὒθὺς
530 5085 628 5141 καί
695 5084 926 5142 κελεύειν
1003 5085 1218 5165 ἔχεσθαι
1275 5092 1375 5152 τῆς
1446 5087 1766 5165 προθέσεως,
1829 5086 1968 5165 μηδὲ

332 5173 557 5251 ἀμελεῖν
613 5180 705 5231 τοῦ
748 5184 971 5239 σκοποῦ.
1030 5174 1180 5233 Οὕτω
1238 5175 1338 5253 γὰρ
1387 5176 1450 5231 ἃν
1512 5177 1655 5233 θείαν
1725 5199 1781 5234 τε
1827 5182 1967 5235 εἶναι

400 5344 515 5413 (17)
547 5343 757 5401 Fusius
786 5343 906 5401 haec
936 5341 1165 5400 deducit
1222 5342 1632 5410 Theodoretus,
1663 5353 1718 5403 et
1766 5343 1970 5403 Cedre-

332 5429 443 5472 nus
473 5415 545 5471 ad
575 5429 793 5471 annum
822 5413 892 5470 25
921 5414 1225 5472 Theodosii
1252 5414 1525 5484 iunioris.

403 5486 519 5555 (t8)
549 5488 701 5542 Idem
733 5498 953 5542 constat
977 5498 1048 5541 ex
1083 5485 1330 5556 Evagrio
1360 5485 1456 5541 lib.
1489 5497 1571 5553 Vl,
1594 5500 1718 5556 cap.
1755 5486 1843 5551 21,
1872 5488 1968 5545 ubi

330 5557 526 5625 retrrt,
556 5570 790 5614 auream
839 5556 1077 5613 Veneris
1106 5567 1352 5613 statuam
1390 5573 1419 5613 a
1458 5557 1751 5615 Naamane
1800 5557 1972 5616 Sara-

332 5642 608 5687 cenorum
634 5627 797 5696 duco,
832 5628 962 5701 igne
990 5626 1381 5700 liquefactam,
1412 5637 1703 5698 erogatatn
1734 5631 1793 5687 tn
1826 5644 1974 5701 pau-

2056 4572 2175 4635 que
2200 4554 2301 4616 illa
2334 4553 2550 4616 subivit
2580 4554 2984 4616 tabernacula.
3020 4552 3203 4616 Veriti
3236 4553 3455 4615 deinde
3485 4572 3560 4615 ne
3592 4553 3704 4615 hoc

2057 4646 2186 4725 ejus
2216 4644 2543 4705 institutum
2580 4661 2790 4705 revera
2821 4643 2942 4705 Deo
2964 4641 3248 4723 placeret,
3275 4644 3427 4704 hanc
3458 4643 3590 4723 ejus
3610 4661 3701 4705 ac-

2056 4736 2266 4795 tionem
2294 4736 2609 4807 periclitari
2639 4737 3081 4807 cupientes,hoc
3114 4735 3227 4791 illis
3252 4750 3395 4807 quos
3416 4735 3486 4792 ad
3511 4737 3697 4808 ipsum

2058 4820 2379 4881 mittebant
2403 4818 2779 4894 mandarunt,
2806 4819 2940 4881 utsi
2964 4821 3157 4881 virum
3182 4820 3703 4901 viderentpropria

2054 4910 2261 4972 relicta
2278 4909 2578 4971 voluntate
2601 4928 2633 4970 e
2654 4909 2903 4971 sublimi
2931 4909 3081 4970 velle
3104 4909 3694 4985 descendere,statim

2056 5016 2121 5060 se
2144 5008 2522 5079 opponerent
2557 5016 2625 5059 ac
2652 4998 2841 5079 primo
2867 4999 3169 5080 proposito
3194 4998 3250 5059 in
3277 4999 3507 5060 haerere
3528 4997 3700 5078 jube-

2052 5097 2209 5169 rent,
2245 5105 2437 5167 neque
2467 5106 2712 5164 sco;-tttn
2759 5088 3059 5168 negligere
3094 5087 3533 5169 permitterent.
3577 5085 3698 5147 Hac

2052 5176 2213 5239 enim
2242 5177 2470 5239 ratione
2493 5176 2551 5239 id
2576 5176 2706 5239 vita:
2732 5176 3064 5239 institutum
3098 5175 3332 5238 nonnisi
3354 5194 3388 5237 a
3411 5174 3528 5237 Deo
3552 5192 3694 5257 pro-

2099 5359 2246 5403 (³1⁸83.

2283 5415 2594 5495 Deest_hoc
2612 5415 3008 5495 Iheodoretp.
3060 5415 3325 5473 Refertur
3354 5414 3695 5495 et‘Evagrio

2055 5484 2155 5545 lib.
2192 5501 2231 5547 ι.
2254 5502 2383 5558 cap.
2412 5487 2497 5554 13,
2526 5496 2581 5545 et
2611 5486 2929 5558 Nicephoro
2954 5486 3050 5558 ltb.
3074 5498 3187 5552 xtv,
3211 5499 3339 5553 cap.
3360 5486 3465 5558 >517.
3488 5484 3695 5558 Suidas

2052 5560 2226 5617 Verbo
2253 5555 2474 5630 Syincou
2504 5559 2660 5624 dicit,
2690 5555 2761 5613 ali
2786 5555 3065 5628 [Egyptits
3099 5556 3405 5630 monachis
3440 5557 3591 5617 banc
3622 5557 3694 5616 ad

2051 5631 2240 5690 virum
2271 5625 2534 5689 sanctum
2567 5630 2794 5689 missam
2831 5625 2954 5686 esse
2990 5625 3362 5700 legationem.
