4062 6194
436 326 553 396 355

1718 330 1997 397 MENSIS
2047 324 2497 397 IANUARIUS.

3685 330 3791 400 356

434 466 637 539 ἑκείνη,
673 466 761 523 καί
818 467 916 535 τὴν
946 467 1128 548 ψυχὴν
1184 468 1265 540 τῷ
1297 470 1411 539 Θεῷ
1463 465 1817 545 προστίθεται,
1852 469 2082 548 μακαρία
2112 470 2218 526 σὸν
2269 471 2382 546 βίοι
2426 471 2501 534 ὠς
2546 466 2786 543 ἀληθῶς,
2818 464 3005 547 πολλῷ
3056 475 3149 529 τοῦ
3178 464 3361 536 τέλους
3413 472 3795 551 μακαριωτέρα,

433 553 514 611 ὃτι
548 556 785 612 τοιούτου
826 554 1012 617 παιδὸς
1043 559 1242 624 ἢκουσε
1292 557 1496 634 μήτηρ,
1530 558 1618 612 καὶ
1649 558 1724 619 εἰς
1755 564 1908 613 τοῦτο
1938 560 2131 636 ἀρετῆς
2162 558 2387 637 έλγόντα
2415 560 2507 616 τὸν
2539 560 2648 616 υἱὸν
2676 559 3088 622 καταλέλοιπεν.

513 644 614 706 25.
649 642 890 705 Divinus
941 661 1085 706 vero
1132 647 1389 724 Symeon
1425 643 1579 704 intra
1614 644 1921 706 mandram
1977 646 2136 726 (itaA

2245 639 2346 709 κε’.
2389 641 2446 707 Ὀ
2502 652 2648 712 θεῖος
2678 647 2732 704 δὲ
2777 650 2999 724 Συμεὼν
3029 650 3121 707 τὸν
3175 651 3371 717 ταύτης
3416 651 3597 719 νεκρὸν
3643 649 3694 705 ἐν
3723 656 3795 725 τῷ

435 733 729 796 columna:
763 731 1023 793 ambitus
1072 731 1418 813 vocabatur)
1467 733 1595 812 ejus
1624 752 1842 814 corpus
1871 733 2066 796 interr:

2163 743 2261 806 τῆς
2335 735 2565 814 μάνδρας
2630 737 2808 817 (τεῦτο
2879 739 2978 818 γαρ
3050 739 3076 794 ὁ
3145 748 3240 795 του
3293 737 3483 796 στύλου
3532 736 3797 815 περίϐολος

430 819 628 901 jussit,
659 828 785 884 erat
815 821 972 882 enim
1007 821 1230 883 circum
1264 823 1604 884 columnam
1653 841 1857 884 murus
1887 823 2076 886 sedili-

432 918 616 979 catus,
648 917 711 970 ut
743 908 1096 972 mulieribus
1128 911 1362 990 ingredi
1395 910 1483 975 fas
1516 930 1633 973 non
1676 919 1854 975 esset.
1904 915 2077 974 Post-

433 1016 605 1078 quam
640 997 816 1075 igitur
847 1006 1037 1060 mater
1085 999 1244 1062 illata
1294 1008 1496 1074 esset;
1546 1000 1690 1062 vidit
1718 1018 1844 1063 eam
1895 1001 2071 1077 ﬁlius,

432 1086 932 1166 quemadmodum
966 1088 1130 1167 prius
1165 1088 1467 1170 pollicitus
1497 1090 1686 1151 fuerat
1722 1111 1735 1152 :
1785 1088 1880 1152 cui
1913 1100 2072 1170 post-

432 1194 606 1256 quam
639 1184 922 1238 consueta
954 1177 1267 1258 impendit,
1305 1197 1634 1260 precesque
1665 1197 1772 1261 pro
1802 1198 1871 1242 ea
1900 1179 2072 1254 fudit,

422 1265 591 1343 juxta
640 1266 980 1328 columnam
1040 1269 1363 1348 sepulturae
1419 1270 1738 1332 mandavit.
1791 1271 1875 1333 lta
1906 1275 2075 1331 matri

429 1353 698 1417 debitum
739 1356 1027 1418 honorem
1058 1356 1395 1439 impertitus
1428 1367 1539 1435 est,
1590 1367 1647 1420 et
1695 1358 2073 1421 Dominicum

431 1452 793 1523 prmeeptum
828 1463 947 1506 non
982 1453 1206 1507 tantum
1240 1446 1581 1523 custodivit,
1613 1447 1716 1509 scd
1754 1457 1810 1509 et
1837 1451 2074 1529 proprio

431 1532 703 1613 profectu
735 1551 957 1614 augere
989 1540 1271 1616 perrexit.

2162 825 2437 906 ἐκαλεῖτο)
2512 828 2882 906 εἰσενεχθῆναι
2962 828 3299 904 προστάττει,
3358 825 3801 907 περιῳκοδομεϊτο

2160 918 2261 996 γάρ
2292 940 2343 974 τι
2388 917 2644 973 πάντοθεν
2688 918 2895 996 τειχίον
2952 922 3029 989 τῷ
3078 917 3244 997 κίονι,
3279 918 3415 972 ὥστε
3446 917 3524 992 μὴ
3578 915 3797 994 γυναιξὶν

2160 1008 2425 1074 εἰσιτητὸν
2487 1006 2655 1067 εἶναι,
2738 1007 3091 1086 Εἱσαχθείσης
3161 1012 3441 1084 τοιγαροῦν
3513 1011 3653 1078 αὖτῷ
3704 1011 3798 1072 τῆς

2159 1095 2390 1173 μητέρος
2448 1098 2782 1169 τεθνηκυίας,
2818 1096 3070 1152 ὲθεάσατο
3123 1094 3287 1163 αὐτὴν
3343 1095 3478 1151 κατά
3519 1095 3585 1150 τὰ
3626 1094 3796 1171 ἐπηγ-

2159 1184 2415 1262 γελμένα,
2478 1185 2566 1240 καὶ
2623 1185 2687 1240 τὰ
2756 1184 2973 1241 εἰωθότα
3036 1183 3255 1248 τελέσας
3317 1185 3404 1240 καὶ
3466 1183 3599 1260 αὐτῇ
3641 1183 3794 1240 ἐπευ-

2159 1272 2406 1348 ξάμενος,
2446 1273 2602 1330 αὐτοῦ
2658 1295 2759 1330 που
2815 1274 3000 1330 θάπτει
3061 1274 3201 1352 παρά
3264 1276 3342 1347 τῷ
3396 1271 3592 1347 στύλῳ.
3654 1270 3797 1330 Οὕτω

2160 1364 2249 1420 καί
2311 1367 2381 1439 κῇ
2412 1364 2576 1439 μητρὶ
2634 1363 2732 1431 τὴν
2763 1362 2924 1438 τιμήν
2983 1360 3249 1441 ἀπεδίδου,
3286 1363 3373 1418 καὶ
3403 1363 3495 1429 τὴν
3538 1372 3796 1419 Δεσποτι-

2158 1453 2256 1520 κήν
2302 1450 2518 1519 ἐντολὴν
2550 1452 2644 1509 οὐκ
2688 1453 2761 1514 εἰς
2791 1450 2944 1514 τέλος
2988 1451 3088 1530 ἦγε
3122 1452 3308 1527 μόνον,
3357 1449 3494 1508 ἀλλά
3524 1452 3615 1507 καὶ
3652 1448 3796 1515 ἰδίαις

2157 1539 2326 1607 αὒξων
2358 1540 2620 1599 ἐδείκνυτο
2650 1553 2974 1621 προκοπατς.

1916 1696 2142 1756 CAPUT
2209 1698 2295 1755 VI.

1604 1793 1768 1851 Varia
1806 1795 2101 1854 Ismaelitis
2127 1796 2325 1854 collata
2357 1794 2633 1867 beneﬁcia.

503 1917 607 1982 26.
627 1917 858 1981 Exinde
877 1918 1092 1981 iterum
1114 1919 1284 2001 quasi
1305 1919 1393 1981 fax
1417 1919 1751 1983 clarissima
1773 1921 1936 1982 omni
1959 1921 2072 1982 vir-

2232 1924 2369 1997 κςε.
2425 1923 2693 1980 Ἐντεῦθεν
2762 1923 2858 1980 οἷά
2929 1944 3011 1989 τις
3072 1925 3267 2003 πυρσὸς
3335 1923 3602 2004 διαφανὴς
3671 1935 3792 1983 ταῖς

424 2014 616 2099 tutum
659 2007 1010 2099 eximiarum
1049 2026 1278 2099 genere
1319 2009 1732 2090 resplenduit:
1768 2009 1983 2090 quibus
2013 2018 2066 2073 et

2155 2011 2432 2091 ὑπερφυέσι
2517 2012 2771 2071 πάντοθεν
2870 2012 3088 2089 ἀρεταῖς
3160 2013 3474 2089 ἐγλάμπων,
3551 2013 3674 2078 τοὺς
3741 2011 3794 2067 ἒν

427 2096 488 2160 in
510 2096 885 2159 densissimis
901 2098 1094 2160 noctis
1116 2098 1402 2176 tenebris,
1428 2104 1718 2179 quasique
1741 2101 1924 2161 maris
1938 2119 2071 2181 pro-

426 2186 620 2262 cellis,
649 2184 975 2264 impietatis
999 2187 1262 2268 inquam,
1281 2187 1581 2267 jacentes,
1606 2186 1676 2247 ad
1702 2205 1907 2250 verum
1934 2188 2069 2252 reli-

426 2275 620 2355 gionis
652 2284 885 2355 portum
917 2276 1285 2359 perducebat
1313 2296 1327 2339 :
1361 2276 1696 2358 multosque
1722 2278 1924 2340 videre
1945 2286 2071 2340 erat

427 2381 535 2438 ope
555 2366 855 2439 Symeonis
875 2367 1181 2425 sereniorls
1206 2383 1361 2425 aurae
1385 2369 1793 2440 tranquillitate
1826 2372 2064 2441 perlrui,

426 2449 610 2513 Erant
638 2450 961 2533 aliquando
993 2451 1169 2514 simul
1195 2452 1327 2514 duae
1349 2454 1480 2532 ejus
1511 2453 1654 2531 (23),
1686 2472 1859 2536 quam
1896 2456 2066 2535 paulo

425 2550 568 2602 ante
601 2539 1085 2616 commemoravi,
1136 2544 1328 2620 gentis
1372 2540 1800 2604 Ismaelitarum
1834 2542 2062 2619 tribus;

423 2637 674 2711 utraque
697 2628 943 2711 supplex
975 2647 1046 2692 ex
1076 2630 1204 2710 ejus
1229 2649 1332 2693 ore
1362 2629 1833 2693 benedictionem
1858 2641 2061 2714 postu-

422 2717 603 2796 labat,
637 2726 700 2780 ut
730 2737 860 2780 eam
890 2724 1056 2799 quasi
1087 2718 1307 2782 donum
1328 2719 1760 2801 amplissimum
1784 2740 1890 2784 suo
1915 2724 2063 2805 phy-

421 2807 625 2871 larclio
647 2805 931 2869 deferret:
955 2826 1157 2870 verum
1182 2809 1343 2871 circa
1362 2814 1552 2889 ipsum
1578 2810 1799 2871 donum
1819 2820 2063 2874 conten-

417 2898 501 2959 tio
532 2905 783 2977 repente
813 2914 880 2958 ac
910 2896 1121 2959 seditio
1154 2897 1311 2961 inter
1354 2916 1456 2959 eos
1496 2916 1610 2959 non
1648 2896 1798 2960 levis
1856 2899 2065 2962 oborta

418 2994 508 3047 est
535 3005 550 3066 ;
578 3003 695 3045 una
718 3003 853 3065 pars
882 3004 989 3047 suo
1019 2987 1277 3068 primum
1311 2986 1549 3049 tribuno
1581 2986 2060 3051 benedictionem

420 3073 806 3137 deferendam
832 3075 1330 3151 censebat,altera
1353 3094 1522 3137 suum
1548 3075 1895 3156 praeferebat
1917 3096 2064 3159 pra:-

418 3163 663 3240 fectum,
712 3181 781 3225 ac
831 3166 1155 3246 praeripere
1210 3163 1688 3227 benedictionem
1740 3165 2059 3229 nitebatur.

417 3253 625 3335 Itaque
657 3251 935 3315 tribubus
966 3254 1125 3316 inter
1154 3272 1219 3315 se
1261 3250 1716 3324 dissidentibus,
1750 3254 1812 3315 in
1844 3254 2058 3318 barba-

2151 2102 2530 2181 χαλεπωτάτῳ
2559 2104 2745 2167 νυκτὸς
2790 2100 3012 2159 κλύδωνι
3057 2108 3154 2170 τῆς
3212 2101 3450 2166 ἀσεϐείας
3494 2101 3789 2176 κειμένους,

2149 2189 2327 2266 ὤσπερ
2406 2190 2491 2248 ἐπὶ
2548 2188 2744 2266 λιμένα
2802 2191 2902 2259 τὴν
2973 2190 3240 2248 εὐσέϐειαν
3313 2189 3639 2269 καοωδήγει,
3709 2191 3794 2247 καὶ

2149 2278 2381 2345 πολλοὺς
2440 2281 2505 2348 ἧν
2567 2277 2634 2335 δι’
2697 2283 2855 2339 αὐτοῦ
2917 2280 3160 2358 γαλήνῆς
3224 2283 3348 2359 ὁρᾷν
3405 2279 3791 2344 ἀπολαύοντας.

2149 2371 2285 2427 Ποτὲ
2335 2372 2481 2449 γοῦν·
2540 2368 2683 2443 αὐτῷ
2742 2367 2832 2427 δύο
2889 2371 3026 2428 κατά
3081 2371 3271 2428 ταύτὸν
3329 2376 3422 2429 τοῦ
3484 2374 3663 2450 μικρῷ
3705 2391 3792 2445 μοι

2148 2458 2371 2537 πρόσθεν
2443 2457 2724 2537 εἰρημένου
2793 2457 2967 2523 ἔθνους
3056 2462 3156 2515 vth
3227 2457 3590 2535 Ἰσμαηλιτῶν
3655 2480 3791 2537 παρ-

2149 2549 2283 2617 ἦσαν
2367 2546 2544 2627 φυλαί·
2620 2546 2858 2626 λιπαρῶς
2947 2549 3170 2628 ἑκατέρα
3230 2547 3623 2627 προσκειμένῃ,
3696 2546 3792 2604 καί

2148 2638 2248 2705 τὴν
2305 2637 2389 2693 διὰ
2420 2636 2651 2717 χειλέων
2687 2636 2930 2716 εὐλογίαν
2961 2637 3200 2714 αἰτοῦσα,
3238 2637 3373 2694 ὥστε
3430 2635 3602 2715 δῶρον
3631 2634 3793 2706 ἡδέως

2149 2726 2312 2793 αὐνὴν
2341 2726 2418 2801 τῷ
2458 2726 2719 2806 φυλάρχῳ
2752 2727 2989 2800 κομίσαι·
3036 2728 3122 2783 καὶ
3173 2728 3289 2805 περὶ
3347 2728 3406 2783 τὸ
3462 2725 3633 2804 δῶρον
3693 2726 3792 2801 ἔρις

2146 2815 2336 2877 αὐταῖς
2393 2816 2645 2890 ὲμπίπιει
2706 2814 2927 2896 σφόδρα,
2979 2814 3074 2872 καῖ
3118 2816 3300 2879 στάσις
3357 2815 3635 2895 ἐγγίνεται
3692 2837 3791 2892 με-

2146 2903 2293 2969 ταξύ·
2351 2906 2416 2960 Ἠ
2450 2904 2550 2979 μὲν
2611 2905 2711 2983 γὰρ
2741 2907 2832 2961 τὸν
2883 2906 3084 2963 οἰκεῖον
3128 2903 3277 2982 ἔλεγε
3310 2903 3585 2985 φύλαρχον
3644 2904 3789 2986 χγῆ-

2145 3016 2226 3050 ναι
2300 2992 2556 3072 πρότερον
2628 2991 2891 3059 ἀξιοῦσθαι
2966 2999 3062 3061 τῆς
3134 2992 3397 3072 εὐ).ογία;’
3474 2996 3506 3061 ἡ
3579 2993 3636 3051 δὲ
3703 2996 3790 3050 τὸν

2145 3084 2339 3149 ἑαυτῆς
2396 3083 2676 3161 προετίθει,
2727 3083 2811 3140 καὶ
2868 3084 3223 3164 προαρπάζειν
3283 3085 3425 3157 αὐτῷ
3482 3086 3582 3149 τὴν
3640 3082 3787 3141 εὐλο-

2145 3172 2261 3248 γίαν
2306 3168 2642 3242 ἐσπούδαζεν,
2705 3171 2855 3228 Οὕτω
2925 3174 3054 3251 πρὸς
3108 3171 3373 3242 ἀλλήλους
3438 3178 3545 3229 τῶν
3610 3175 3782 3251 φυλῶν

2142 3257 2532 3340 διαφερομένων
2588 3261 2659 3324 εἰς
2728 3259 3053 3339 βαρϐαρικὴν
3107 3262 3169 3317 ἃν
3228 3261 3486 3336 ὠμότητα
3544 3263 3582 3329 ἡ
3630 3260 3784 3343 φιλο-

414 3342 605 3406 ricam
630 3342 1052 3405 crudelitatem
1067 3362 1164 3406 res
1188 3342 1509 3423 erupisset,
1537 3342 1651 3407 nisi
1674 3344 1952 3423 Symeon,
1977 3346 2064 3407 vir

2155 3350 2313 3406 νεικία
2363 3348 2566 3410 τούτοις
2597 3346 2903 3429 ἒχώρησεν,
2938 3352 2982 3407 εἰ
3036 3350 3114 3425 μὴ
3144 3352 3172 3406 ὁ
3228 3358 3325 3421 τῆς
3356 3350 3570 3428 εἰρήνης
3606 3342 3786 3414 αὐτοῖς

419 3433 583 3515 pacis
610 3438 669 3495 et
696 3431 1035 3494 concordiae
1055 3432 1521 3507 amantissimus,
1546 3432 1706 3510 gravi
1728 3434 2062 3496 commina—

421 3523 580 3585 tione
605 3521 922 3583 tumultum
949 3521 1215 3583 sedasset
1237 3521 1388 3603 (ﬁt),
1410 3531 1469 3583 et
1492 3521 1701 3602 aequali
1721 3523 2064 3602 precatione

420 3622 481 3673 et.
521 3610 941 3673 benedictione
969 3611 1272 3688 impertita
1301 3610 1363 3672 in
1395 3628 1539 3692 pace
1571 3628 1674 3672 eos
1717 3611 2060 3677 dimisisset.

419 3698 569 3762 Tum
606 3699 850 3762 demum
895 3699 1169 3774 vidisses,
1226 3699 1392 3780 prius
1433 3699 1731 3777 inﬁdeles,
1760 3718 1828 3763 ac
1857 3709 2066 3764 contra

420 3789 698 3870 pietatem
734 3789 993 3869 linguam
1038 3788 1205 3869 quasi
1253 3788 1478 3850 hastam
1529 3788 1854 3867 vibrantes,
1902 3810 2065 3855 nunc

417 3897 524 3961 pro
556 3878 667 3941 viri
695 3878 885 3941 sancti
920 3878 1346 3941 benedictione
1376 3879 1597 3960 quaevis
1629 3878 1827 3943 facere
1857 3889 1915 3942 et
1943 3882 2064 3960 pati

419 3969 738 4049 eligentes.
772 3970 981 4048 Neque
1014 3967 1192 4029 etiam
1226 3968 1284 4029 in
1317 3967 1569 4030 invicem
1604 3970 1686 4031 ita
1710 3972 2060 4049 smviissent,

419 4056 534 4118 nisi
567 4056 753 4117 divini
806 4055 985 4136 hujus
1035 4055 1145 4117 viri
1207 4056 1693 4121 benedictionem
1746 4059 2062 4124 maximam

419 4144 533 4206 vim
571 4142 789 4206 habere
821 4144 995 4225 plane
1039 4145 1457 4210 credidissent.

490 4233 769 4295 27.Nunc
794 4231 947 4295 alius
963 4232 1274 4314 praefectus
1300 4235 1360 4296 in
1388 4236 1649 4299 medium
1673 4237 2060 4322 prodeat,Sa-

415 4340 772 4387 racenorum
820 4329 881 4385 et
922 4324 1050 4405 ipse
1076 4324 1376 4407 princeps.
1410 4324 1465 4387 Is
1494 4328 1788 4389 accedens
1827 4349 2060 4393 sacrum

418 4412 564 4477 illud
582 4412 917 4476 obtestatur
936 4424 1134 4494 caput,
1157 4422 1219 4476 ut
1241 4433 1317 4476 ne
1337 4423 1615 4494 gravetur
1632 4418 1906 4497 opitulari
1935 4420 2059 4481 viro

418 4509 477 4564 in
503 4507 592 4564 vis
622 4506 895 4563 membris
917 4509 1180 4579 corporis
1200 4507 1425 4565 soluto:
1450 4508 1675 4567 dicebat
1695 4522 1883 4569 autem
1906 4514 2061 4571 hunc

411 4592 586 4672 juxta
613 4590 967 4654 Callinicum
1004 4593 1154 4673 (haec
1182 4602 1309 4655 erat
1340 4610 1445 4656 arx
1479 4594 1764 4677 maxima)
1803 4596 2060 4662 subiisse

2145 3440 2232 3493 καὶ
2322 3436 2420 3506 τῆς
2515 3438 2762 3509 ὁμονοίας
2834 3436 3075 3515 ἄνθρωπο
3106 3437 3403 3507 ἀπειλήσας
3487 3436 3786 3496 διεσκέδασε

2146 3527 2364 3606 ταύτας,
2399 3528 2487 3582 καί
2530 3531 2630 3593 τῆς
2684 3527 2873 3602 ὁμοίας
2930 3527 3157 3593 ἀξιώσας
3203 3527 3371 3607 εὐχῆς
3402 3547 3456 3582 τε
3500 3529 3592 3585 καὶ
3637 3528 3787 3587 εὐλο-

2146 3616 2265 3694 γίας
2324 3614 2585 3672 ἀπέλυσεν
2649 3615 2702 3673 ἐν
2760 3617 2968 3695 εἰρήνῃ,
3031 3618 3127 3674 Καὶ
3183 3615 3277 3694 ὅρα
3336 3638 3428 3692 μοι
3494 3617 3618 3684 τοὺς
3676 3618 3787 3693 πρὶν

2145 3705 2417 3778 ἀπίστους,
2477 3707 2564 3762 καὶ
2643 3704 2764 3761 κατ’
2837 3706 2995 3778 αὐτῆς
3058 3706 3156 3772 τὴν
3221 3704 3463 3785 γλῶτταν
3518 3706 3618 3764 οἶα
3673 3707 3789 3784 δόρυ

2144 3796 2410 3858 κινούντες
2474 3793 2568 3862 τῆς
2657 3791 2943 3869 εὐσεϐείας,
2992 3796 3077 3850 νῦν
3149 3794 3278 3871 ὑπὲρ
3334 3799 3431 3862 τῆς
3490 3803 3586 3853 τοῦ
3643 3797 3788 3876 ἁγίου

2145 3882 2385 3962 εὐλογίας
2441 3884 2615 3942 πάντα
2659 3885 2745 3940 καὶ
2802 3882 2992 3962 πρᾶξαι
3051 3882 3144 3939 καὶ
3194 3887 3381 3940 παθεῖν
3426 3886 3785 3963 αἰρουμένουςο

2144 3976 2202 4032 οὐ
2255 3973 2355 4052 γὰρ
2386 3973 2447 4029 ἃν
2508 3972 2644 4030 οὕτω
2673 3972 2794 4030 κατ’
2842 3971 3094 4041 ἀλλῆλων
3153 3972 3451 4048 ἐμάνησαν,
3484 3974 3529 4029 εἰ
3557 3975 3641 4050 μὴ
3690 3996 3789 4050 με-

2143 4063 2329 4140 γίστην
2383 4061 2534 4142 ἔχειν
2584 4061 2802 4138 δύναμιν
2859 4064 2956 4129 τὴν
3013 4069 3106 4120 τοῦ
3162 4061 3300 4118 θείου
3357 4062 3544 4121 τούτου
3605 4062 3787 4143 ἀνδρὸς

2146 4150 2386 4227 εὐλογίαν
2416 4173 2629 4229 πῃντως
2660 4150 2956 4211 ἐπίστευον.

2223 4239 2307 4312 κζ’
2321 4289 2334 4303 .
2370 4240 2537 4298 Ἀλλά
2569 4242 2669 4318 γὰρ
2700 4239 2947 4296 ἐπεισίτω
2980 4240 3055 4315 τῷ
3082 4238 3229 4317 λόγῷ
3279 4239 3551 4319 φύλαρχος
3582 4243 3782 4321 ἔτερος,

2144 4336 2468 4407 Σαρακηνῶν
2529 4326 2583 4385 δὲ
2617 4330 2704 4385 καὶ
2764 4328 2920 4393 αὐτὸς
2976 4327 3185 4409 ἄρχων,
3237 4329 3401 4391 Οὗτος
3445 4328 3510 4397 δὴ
3541 4352 3785 4409 παραγε-

2143 4418 2335 4496 γονὼς,
2381 4418 2481 4486 τὴν
2538 4418 2676 4475 θείαν
2736 4417 2942 4485 ἐκείνην
3002 4418 3201 4474 ἱκέτευε
3254 4417 3492 4497 κεφαλὴν
3536 4418 3785 4478 ἐπανῦναι

2143 4505 2284 4584 ἀνδρὶ
2338 4507 2474 4564 κατά
2506 4507 2601 4573 τὴν
2664 4503 2783 4562 ὁδὸν
2830 4505 3137 4585 παρελθέντι
3172 4507 3235 4563 τά
3288 4506 3428 4581 μέλη
3459 4514 3551 4564 τοῦ
3593 4509 3784 4583 σώμα-

2142 4611 2252 4660 τος’
2315 4594 2467 4674 ἔλεγε
2511 4593 2563 4651 δέ
2616 4594 2770 4652 τοῦτο
2826 4596 2963 4651 κατά
3004 4595 3099 4661 τὴ)
3162 4593 3474 4653 Καλλίνικον
3514 4595 3786 4677 (φρούριον

418 4679 854 4760 aegritudidem,
877 4698 1008 4743 eam
1036 4701 1174 4743 vero
1206 4681 1267 4743 in
1295 4681 1496 4762 vigore
1523 4690 1579 4744 et
1601 4684 1872 4748 adhucin
1896 4705 2064 4751 exor-

2155 4682 2201 4740 δὲ
2259 4685 2390 4751 αὐτη
2442 4682 2718 4762 μέγιστον)
2781 4681 3218 4757 ὑπομεμνηκέναι
3261 4686 3322 4739 τὸ
3380 4681 3567 4757 πάθος,
3603 4683 3783 4760 ἀκμά-

415 4769 515 4859 dio
539 4787 700 4847 esse;
722 4778 789 4859 et
807 4769 1081 4859 morbum
1096 4771 1149 4833 ei
1167 4789 1299 4834 esse
1315 4772 1726 4851 gravissimum
1741 4827 1748 4846 ,
1762 4783 1881 4838 tum
1908 4779 2063 4859 quod

417 4857 823 4921 decumbendi
855 4858 1145 4931 insuetus,
1180 4868 1301 4921 tum
1336 4860 1498 4941 quod
1520 4862 1901 4928 vehementes
1928 4857 2065 4932 illas

416 4946 686 5038 laborum
712 4946 1320 5038 molestiassuperare
1341 4958 1592 5031 optaret.
1619 4951 1757 5015 Haec
1777 4954 1877 5019 ille
1900 4975 2066 5038 roga-

416 5037 557 5113 bat;
607 5036 911 5117 simulque
947 5035 1121 5117 jubet
1153 5037 1458 5100 hominem
1495 5041 1782 5106 membris
1811 5035 2061 5109 fractum

415 5124 745 5203 introduci,
765 5132 943 5207 atque
968 5125 1316 5191 admirando
1344 5125 1623 5210 Symeoni
1642 5131 1884 5212 dignum
1905 5152 2061 5197 com-

417 5215 804 5279 miseratione
849 5215 1252 5297 spectaculum
1299 5220 1574 5299 proponi,
1611 5220 1659 5280 si
1691 5240 1804 5301 qua
1833 5224 2061 5288 ratione

415 5306 544 5387 ipso
575 5303 925 5368 calamitatis
945 5312 1189 5385 aspectu
1209 5324 1344 5368 eum
1379 5305 1452 5368 ad
1485 5308 1955 5375 misericordiam
1975 5313 2060 5376 in-

416 5392 822 5459 ﬂecteretJlle
841 5411 979 5456 vero
1002 5394 1329 5475 productus
1346 5394 1407 5458 in
1431 5398 2056 5478 medium,immissum

498 5560 622 5654 (ἓᾷ)
669 5563 1083 5654 Theodoretus
1114 5585 1181 5654 se
1212 5577 1565 5654 praesentem
1619 5569 1799 5634 fuisse
1843 5572 1945 5654 ait,
1998 5582 2056 5635 ct

415 5641 691 5704 conatum
722 5641 916 5706 verbis
948 5641 1267 5709 tumultum
1308 5649 1542 5712 sedare.

2146 4781 2254 4847 ζειν
2297 4771 2352 4830 δὲ
2385 4775 2471 4830 καὶ
2502 4772 2556 4828 ὲν
2600 4772 2898 4851 προοιμίοις
2931 4771 3104 4828 οὐκέτι
3165 4771 3331 4843 εἶναι,
3367 4773 3438 4834 ὼς
3469 4770 3564 4828 καί
3621 4774 3786 4852 βαρυ-

2147 4864 2314 4931 τόίτην
2372 4860 2436 4931 δή
2497 4882 2598 4919 που
2654 4861 2754 4927 τὴν
2813 4862 2967 4917 νόσον
2996 4864 3074 4934 τῷ
3116 4881 3173 4917 τε
3222 4860 3351 4931 ἀήθε
3394 4860 3491 4927 τῆς
3530 4861 3786 4919 κατακλί-

2149 4974 2307 5031 σεως,
2367 4951 2460 5007 καί
2516 4963 2639 5013 ταῖς
2685 4948 2939 5030 σφοδραῖς
2985 4948 3205 5015 ἐκείναις
3259 4951 3366 5006 τῶν
3429 4952 3599 5009 πόνωι
3661 4951 3785 5007 ὀδύ-

2148 5063 2261 5105 ναις
2330 5040 2594 5120 ὕπάρχειν
2636 5043 2713 5112 τῷ
2765 5039 3052 5115 κάμνοντι.
3104 5042 3277 5097 Ταῦτά
3337 5061 3393 5096 τε
3444 5039 3640 5097 taetro‘
3699 5039 3788 5095 καὶ

2145 5128 2349 5187 κελεύει
2432 5130 2525 5186 τὸν
2598 5126 2836 5185 ένεθέντα
2907 5129 2998 5184 τὸν
3068 5128 3496 5208 παρακείμενον,
3558 5128 3786 5186 ἐλεεινὸν

2143 5218 2313 5295 θέαμα
2361 5222 2438 5293 τῷ
2478 5222 2757 5291 θαυκαστῷ
2814 5217 3033 5293 Συμεὼν
3078 5221 3416 5298 προτεθῆναι,
3449 5218 3504 5274 εἴ
3546 5239 3657 5282 πως
3715 5221 3784 5292 τῇ

2142 5308 2239 5376 τῆς
2298 5313 2570 5389 συμφορᾶς
2627 5306 2750 5383 ὄψει
2803 5306 2978 5363 έκύσει
3038 5307 3128 5363 τὸν
3186 5305 3357 5366 ἔλεον.
3418 5309 3479 5365 Ὀ
3545 5308 3642 5380 μὲν
3695 5305 3783 5362 οὖν

2143 5395 2439 5478 προτεθεῖς,
2513 5399 2574 5453 τὸ
2643 5396 2998 5472 κατασκῆψαν
3068 5396 3143 5459 εἰς
3216 5396 3372 5452 αὐτὸν
3451 5397 3612 5453 κακὸν
3680 5394 3782 5453 ἆν-

2211 5579 2343 5722 ἑῇ)
2380 5579 2560 5643 Addit
2586 5577 3027 5654 Theodoretus,
3065 5579 3198 5643 illos
3242 5595 3422 5642 canes
3466 5578 3540 5640 ab
3573 5595 3642 5642 eo
3672 5592 3779 5638 vo-

2234 5679 2327 5722 os.

2138 5679 2300 5725 catos
2312 5705 2327 5723 ο
