4062 6194
263 366 378 436 361
1377 363 1567 435 VITA
1612 363 1675 436 S.
1724 372 2108 437 SYMEONIS
2153 368 2527 435 STYLIT/E.
3524 374 3641 441 362

257 530 367 563 νων
426 506 832 584 λαμπρότητος,
860 504 998 561 ἀλλά
1047 504 1258 572 καὶτῆς
1317 507 1489 563 αὐτῶν
1519 503 1672 573 δόξης
1708 506 1903 587 αἰσχύ-

1991 505 2286 585 nibusque
2308 505 2457 568 adeo
2477 504 2828 586 propinquis
2842 512 3176 568 extremum
3209 506 3472 572 dedecus
3498 510 3644 574 alla-

255 619 383 674 νην,
442 597 530 651 καὶ
599 608 717 656 τοῖς
787 595 1145 672 προσήκουσιν
1215 590 1412 670 ὕϐρεως
1484 593 1731 670 πρόξενον
1817 601 1908 662 τῆς

2003 604 2152 658 tura.
2188 597 2333 657 Cum
2371 604 2648 676 parentes
2678 593 2868 656 dolori
2900 594 3031 675 plus
3068 613 3236 676 aaquo
3266 596 3641 678 indulgentes

252 685 504 766 ἐσχάτης
576 687 759 743 οὖσαν.
838 681 1057 750 Ἐπειδὴ
1115 682 1170 741 δὲ
1242 682 1492 746 ἀλύοντες
1552 681 1712 739 πλέον
1769 684 1917 741 0733‘“

251 774 443 849 ἤνυον,
498 772 886 854 καταφεύγουσι
947 772 1109 830 πάλιν
1164 775 1251 830 Eni
1308 774 1400 828 τὸν
1457 778 1562 828 τῶν
1614 772 1916 853 ἀμηχάνων

252 868 577 945 εὐμήχανον
648 865 851 942 ἰατρὸν,
912 864 1000 920 καὶ
1069 860 1370 920 ἀποδιδῶσι
1443 862 1539 937 μὲν
1613 862 1755 937 αὗτῷ
1822 868 1919 930 τῆς

251 954 563 1033 εὖεργεσίας
623 954 718 1014 τὰς
778 951 1026 1031 χάριτας,
1088 950 1292 1009 δέονται
1351 949 1405 1006 δὲ
1477 952 1563 1006 καὶ
1631 952 1918 1008 ἱκετεύουσι

254 1046 338 1118 μὴ
380 1042 524 1099 οὕτω
555 1040 904 1117 διακειμένην
933 1041 1000 1109 ἢν
1056 1039 1219 1098 ἔδωκε
1251 1038 1422 1097 παῖδα
1464 1038 1722 1117 περιιδεῖν
1782 1041 1918 1097 ὥστε

251 1136 318 1189 τὸ
380 1131 552 1211 δῶρον
582 1133 655 1194 εἰς
682 1131 943 1210 ἐντροπὴν
973 1129 1179 1205 μᾶλλον
1224 1129 1407 1194 abtng
1437 1129 1579 1185 εἶναι
1605 1131 1695 1186 καὶ
1746 1127 1917 1207 ὕϐριν,

254 1224 398 1285 τίνος
459 1225 556 1279 οὒκ
593 1219 966 1298 ἀλγεινοτέραν
1025 1233 1142 1282 τοῖς
1175 1218 1371 1282 ἀθλίοις
1418 1222 1765 1297 εργαζόμενον
1820 1220 1917 1286 τὴν

250 1313 403 1383 ζωήν
444 1330 462 1386 ς
521 1309 643 1365 ἀλλ’
672 1311 897 1386 ὑγιῶσαι
960 1311 1057 1383 μὲν
1088 1308 1221 1384 αὐτῇ
1250 1308 1316 1363 τὰ
1365 1309 1658 1382 παρειμένα
1688 1314 1780 1364 τοῦ
1811 1319 1919 1364 σώ-

250 1422 457 1474 ματος,
518 1398 814 1476 ὀλόκληρον
873 1395 928 1453 δὲ
983 1399 1168 1461 αὐτοῖς
1229 1398 1327 1463 τὴν
1371 1396 1538 1453 παῖδα
1597 1394 1770 1455 δοῦναι
1829 1397 1916 1453 καὶ

252 1491 461 1566 ἄρτιον.
496 1490 671 1546 Ταῦτα
720 1487 895 1562 οἱμὲν
947 1487 1039 1541 σὺν
1094 1484 1338 1562 δάκρυσιν
1396 1486 1580 1558 εἶπον,
1610 1487 1698 1542 καὶ
1743 1507 1913 1563 προσ-

257 1578 475 1656 ηδρευον
550 1577 641 1633 τόν
685 1576 832 1632 ἔλεον
892 1573 1263 1655 ἐκδεχόμενοι·
1329 1578 1355 1630 ὁ
1428 1572 1482 1629 δὲ
1525 1580 1624 1642 τῆς
1696 1596 1911 1651 συμπα-

246 1670 395 1729 θείας
450 1667 738 1744 θησαυρὸς,
785 1664 967 1743 λόγοις
1027 1666 1126 1738 μὲν
1181 1664 1315 1728 τέως
1383 1668 1740 1744 παρεμυθεῖτο
1812 1665 1911 1721 αὖ·

248 1772 375 1821 τοῖς
435 1759 535 1823 τὴν
568 1777 865 1834 συμφοριξν,
901 1755 988 1811 καὶ
1029 1754 1210 1811 τέλεον
1239 1754 1463 1830 ἀθυμεῖν
1523 1758 1616 1813 οὐκ
1652 1753 1735 1817 ἔα.
1782 1752 1796 1777 ⁷
1804 1752 1911 1810 E6-

250 1846 398 1922 δόμη
459 1846 516 1902 δὲ
573 1846 763 1902 λοιπὸν
821 1845 874 1909 ἐξ
909 1844 1109 1901 ἐκείνου
1164 1843 1361 1922 ἡμέρα,
1392 1845 1508 1900 επεὶ
1560 1844 1791 1913 ἀνήνυτα
1846 1843 1912 1910 ἧν

250 1940 440 2001 αὐτοῖς
512 1937 578 1992 τὰ
636 1936 733 2002 τῆς
800 1932 1133 2011 προσεδρίας,
1185 1934 1521 1989 παντάπασιν
1584 1933 1909 2011 ἀπογνόντες

249 2030 352 2090 τῆς
412 2024 705 2101 σωτηρίας,
760 2021 946 2079 οἴκαδε
1007 2025 1095 2078 καὶ
1154 2022 1296 2087 αὖθις
1354 2021 1674 2101 ἀνέστρεφον
1716 2024 1907 2078 επικο-

250 2115 538 2188 μιζόμενοι
596 2134 658 2170 το
714 2110 1014 2189 θυγάτριοι,
1062 2113 1360 2188 σκυθρωποὶ
1418 2111 1516 2187 μὲν
1572 2113 1667 2175 τὰς
1732 2111 1906 2186 ὄψεις,

251 2205 443 2277 μεστοὶ
502 2200 558 2257 δὲ
608 2201 708 2267 τὴν
767 2200 954 2279 ψυχὴν
1004 2199 1250 2279 ἀθυμίας,
1281 2199 1456 2257 πολλά
1501 2201 1676 2279 σφίσιν
1724 2200 1909 2263 αὐτοῖς

252 2298 353 2359 τῆς
412 2298 521 2348 τῶν
581 2289 859 2367 λογισμῷν
901 2289 1143 2368 ἀκαιρίας
1188 2289 1615 2370 ἐπιμεμφόμενοι
1675 2290 1756 2345 ὃτι
1826 2290 1914 2346 καί

251 2381 460 2438 παίδων
540 2381 641 2447 τὴν
712 2380 892 2458 ἀρχὴν
973 2378 1234 2447 κληθῆναι
1318 2379 1538 2458 πατέρες
1621 2377 1909 2446 ἠθέλησαν.

251 2469 481 2536 Ἐπειδὴ
510 2468 567 2526 δὲ
617 2475 865 2525 τοσοῦτον
923 2467 1120 2535 ἤνυσαν
1162 2472 1260 2536 τῆς
1313 2466 1457 2543 ὁδοῦ,
1489 2467 1541 2533 ἐξ
1597 2466 1723 2525 ὅσου
1775 2469 1913 2543 μηδὲ

1999 685 2147 745 nihil
2177 685 2420 747 omnino
2453 683 2835 765 proﬁcerent,
2860 682 3073 745 iterum
3097 686 3167 746 ad
3194 703 3392 747 rerum
3426 688 3647 752 imme—

1999 773 2348 836 dicabilium
2397 771 2770 852 ingeniosum
2805 779 2864 835 et
2906 772 3265 835 industrium
3313 785 3648 842 curatorem

2003 864 2373 944 confugiunt,
2395 871 2453 925 et
2473 864 2689 943 gratias
2720 863 2772 924 ei
2794 861 3041 940 quidem
3078 882 3183 943 pro
3207 862 3517 929 beneﬁciis
3545 888 3648 932 re-

2006 952 2296 1028 pendunt,
2323 960 2533 1032 rogant
2552 959 2750 1014 autem
2785 961 2842 1012 et
2874 950 3260 1015 vehementer
3284 955 3643 1037 supplicant,

2004 1061 2080 1103 ne
2113 1041 2338 1122 prolem
2368 1060 2402 1102 a
2436 1058 2501 1102 se
2530 1039 2813 1101 divinitus
2842 1039 3215 1120 impetratam
3260 1042 3373 1105 hoc
3402 1044 3463 1105 in
3492 1056 3645 1110 statu

2003 1148 2134 1193 esse
2166 1130 2394 1193 diutius
2421 1128 2744 1209 permittat,
2779 1137 2842 1189 ut
2871 1128 3090 1190 donum
3125 1132 3312 1210 magis
3338 1136 3557 1213 probro
3587 1147 3647 1199 et

2001 1219 2285 1283 dedecori
2311 1218 2459 1300 ipsis
2476 1237 2607 1280 esse
2630 1218 3091 1297 videatur,unde
3116 1226 3175 1280 et
3200 1223 3482 1301 majorem
3504 1244 3649 1287 mm-

1999 1329 2196 1372 rorem
2221 1318 2281 1372 et
2312 1306 2609 1370 tristitiam
2642 1326 2816 1388 quam
2840 1308 3118 1386 gaudium
3155 1318 3214 1371 et
3242 1311 3501 1376 laetitiam
3528 1315 3645 1378 vita

1999 1404 2216 1469 pariat;
2254 1414 2450 1458 verum
2478 1400 2870 1457 membrorum
2901 1400 3242 1458 solutionem
3269 1402 3484 1471 tollere,
3507 1420 3648 1477 pro-

1998 1487 2239 1567 lemque
2272 1487 2557 1564 integram
2593 1492 2652 1545 et
2683 1484 3002 1565 perlectam
3054 1485 3309 1549 reddere
3340 1487 3642 1567 dignetur.

1998 1577 2134 1639 Haec
2162 1593 2295 1637 cum
2321 1574 2595 1654 lacrymis
2618 1572 2917 1647 dicebant,
2952 1581 3010 1635 et
3029 1576 3497 1655 perseverabant
3526 1581 3645 1643 mi-

1996 1664 2385 1727 sericordiam
2412 1671 2847 1743 exspectantes.
2870 1665 3442 1745 Symeon,tanquam
3477 1687 3644 1732 com.

1997 1758 2381 1816 miserationis
2404 1757 2730 1822 thesaurus,
2754 1756 2936 1813 verbis
2978 1759 3239 1815 tantister
3258 1758 3642 1821 calamitatem

1957 1880 1971 1927 Ξ
1996 1843 2484 1922 leniebat,neque
2509 1841 2609 1902 diu
2629 1842 2830 1903 animo
2858 1841 3113 1902 cruciari
3138 1860 3345 1922 passus
3365 1853 3473 1907 est:
3499 1865 3642 1928 sep-

1996 1934 2137 1994 tima
2157 1931 2374 1995 exinde
2396 1930 2681 2011 agebatur
2703 1929 3175 2011 dies,postquam
3203 1950 3408 1995 eorum
3438 1953 3645 2015 perse-

1992 2021 2265 2083 verantia
2294 2018 2463 2081 irrita
2494 2037 2627 2082 esse
2648 2018 2970 2095 videretur;
2998 2020 3230 2098 penitus
3252 2020 3327 2083 de
3352 2023 3541 2086 salute
3568 2024 3642 2086 tl-

1992 2111 2086 2172 liaa
2106 2108 2704 2191 desperantes,animi
2733 2126 2986 2170 maerore
3008 2108 3356 2187 pleni,vultu
3386 2110 3643 2176 inamoe-

1997 2219 2073 2261 no
2106 2199 2350 2261 domum
2377 2205 2776 2272 revertuntur,
2805 2197 2982 2258 ﬁliam
3016 2216 3218 2259 secum
3248 2203 3641 2280 reportantes,

1994 2288 2109 2351 sibi
2132 2289 2207 2351 ob
2229 2289 2642 2367 intempestiva
2664 2286 2915 2347 consilia
2939 2292 3551 2370 succensentes,quod
3584 2301 3644 2355 et

1998 2388 2277 2458 parentes
2298 2376 2495 2440 vocari
2519 2374 2592 2438 ab
2615 2375 2785 2436 initio
2809 2375 3124 2438 voluerint.
3157 2377 3479 2459 Postquam
3504 2399 3642 2443 vero

2000 2477 2223 2529 tantum
2252 2465 2482 2528 itineris
2504 2464 3000 2541 confecissent,ut
3021 2465 3352 2528 columnam
3387 2468 3641 2548 amplius

248 2562 478 2621 δυνατὸν
534 2560 601 2628 ἦν
664 2560 753 2615 τὸν
811 2559 999 2615 στύλον
1053 2560 1294 2634 ὁρᾶσθαι,
1340 2558 1725 2637 ἐπιστραφεϊσα
1781 2559 1908 2635 πρὸς

1996 2555 2203 2618 videre
2233 2573 2352 2616 non
2386 2554 2617 2635 liceret,
2653 2552 2849 2634 puella
2877 2553 2948 2615 ad
2982 2572 3110 2614 eam
3142 2554 3397 2633 plagam,
3431 2557 3491 2617 in
3526 2575 3643 2636 qua

247 2650 434 2708 ἐκεῖνό
486 2651 549 2705 τὸ
580 2647 739 2725 μέρος
799 2649 853 2702 ἓν
883 2650 929 2721 ᾧ
975 2649 1067 2704 τὸν
1099 2646 1286 2703 στύλον
1339 2648 1552 2704 ἑστάναι
1613 2643 1908 2703 συνέϐαινεν

1995 2643 2191 2706 stabat
2214 2643 2513 2718 columna,
2540 2643 2924 2718 convertitur,
2961 2649 3019 2703 et
3050 2643 3371 2723 improviso
3405 2645 3638 2707 vinculo

246 2742 311 2797 ἐκ
368 2740 463 2796 to?)
493 2736 749 2817 αἰφνιδίου
779 2738 815 2804 ἦ
859 2749 1016 2809 παῖς,
1049 2735 1227 2792 λύεται
1284 2737 1382 2809 μὲν
1430 2758 1534 2792 των
1566 2741 1663 2801 τῆς
1726 2734 1907 2813 γλώτ-

1993 2734 2211 2814 lingum
2238 2732 2503 2803 solvitur,
2532 2741 2614 2794 et:
2640 2733 2790 2792 Lans
2824 2731 2927 2792 tibi
2961 2740 3023 2794 ct
3051 2731 3260 2810 gloria,
3294 2744 3498 2796 sancte
3528 2734 3639 2815 Sy—

244 2836 350 2896 τῆς
408 2828 643 2902 δεσμῶν,
698 2828 810 2901 καὶ,
847 2825 981 2892 Δόξα
1027 2848 1133 2899 σοι,
1169 2824 1287 2904 ἅγιε
1334 2826 1579 2900 Συμεὼν⁹
1614 2824 1754 2901 μέγα
1809 2826 1905 2879 ἀν.

1994 2843 2193 2897 meon,
2230 2821 2542 2885 exclamat.
2577 2821 2792 2883 Motum
2853 2820 3068 2882 deinde
3098 2829 3155 2883 et
3184 2819 3367 2883 robur
3417 2823 3638 2904 pedum

248 2920 469 2997 ἑκραγε*
533 2916 798 2985 κινήσεως
827 2912 879 2970 δὲ
938 2913 1115 2978 καλῶς
1147 2914 1302 2993 εἶχε,
1334 2916 1423 2970 καὶ
1451 2914 1637 2992 ῥώμης
1697 2912 1897 2987 ποδῶν,

1991 2913 2393 2993 adepta,recta
2416 2912 2656 2973 domum
2685 2908 2897 2990 pergit,
2924 2908 3270 2991 parentibus
3292 2913 3639 2975 suavissime

247 3009 371 3064 εὗθύ
428 3027 488 3062 τε
542 3002 716 3061 ἔϐαινε
772 3010 865 3061 τοῦ
916 3003 1068 3061 οἴκου
1116 3016 1231 3068 τοῖς
1286 3010 1525 3060 τεκοῦσιν
1555 3005 1627 3066 ὡς
1692 3000 1901 3069 ἥδιστον

1991 3002 2142 3064 inter
2195 3001 2458 3062 eundum
2489 2998 2807 3062 assultans.
2871 2999 2963 3061 llli
2995 2999 3318 3080 improviso
3348 3001 3638 3065 miraculo

245 3095 707 3176 παρασκαίρουσα.
768 3093 900 3171 Οἴγε
957 3095 1064 3167 μὴν
1132 3092 1354 3171 πατέρες
1396 3096 1471 3167 τῷ
1516 3090 1901 3169 ἀπροσδοκήτῳ

1991 3090 2324 3172 stupefacti,
2352 3096 2453 3151 vix
2485 3091 2609 3151 suis
2639 3089 2753 3170 ipsi
2778 3089 2968 3151 oculis
3002 3089 3353 3165 credebant,
3380 3091 3482 3153 sed
3520 3110 3641 3173 prae

247 3184 690 3263 καταπλαγέντες
744 3191 836 3240 τού
864 3185 1131 3259 θαύματος
1186 3182 1303 3240 οὔδε
1361 3185 1545 3245 αὐτοῖς
1598 3183 1760 3262 εἶχον
1804 3206 1899 3239 πι-

1991 3180 2275 3243 desiderii
2300 3178 2729 3259 magnitudine,
2767 3196 2841 3239 ne
2870 3198 2985 3240 non
3009 3197 3145 3241 vere
3174 3188 3375 3241 sanata
3402 3179 3521 3242 ﬁlia
3551 3199 3643 3243 es-

245 3280 457 3337 στεύειν
519 3241 636 3340 τοῖς
670 3274 869 3329 ἑαυτῶν
903 3241 1132 3349 ὄμμασι,
1165 3272 1302 3329 ἀλλά
1357 3278 1426 3349 τῇ
1466 3241 1807 3351 πολλῇᾱπερὶ
1846 3274 1907 3328 τὸ

1993 3278 2106 3352 set,
2130 3241 2514 3344 verebantur,
2549 3267 2654 3330 sed
2689 3269 2996 3329 oculorum
3029 3269 3474 3332 fascinationem
3508 3288 3641 3334 esse

246 3373 479 3445 πρᾶγμα
549 3362 751 3441 inpiast,
803 3361 882 3436 μὴ
932 3362 1026 3417 οὐκ
1068 3361 1272 3428 ἀληθὴς
1329 3362 1365 3427 ἡ
1425 3365 1521 3427 τῆς
1572 3358 1759 3422 παιδὸς
1816 3358 1908 3427 εἴη

1994 3364 2313 3441 quamdam
2342 3357 2776 3421 existimabant.
2813 3358 3043 3421 Deinde
3064 3377 3129 3421 re
3160 3357 3480 3440 diligenter
3509 3370 3641 3441 post

248 3459 417 3536 ῥὼοις
490 3452 823 3525 ὒπώπτευον,
870 3449 1009 3507 ἀλλᾶ
1065 3451 1323 3529 φαντασίά
1379 3472 1459 3513 τις
1515 3450 1580 3505 τά
1640 3449 1903 3526 δρώμενα.

1995 3452 2774 3524 accurataminquisltionem
2797 3452 3178 3523 cognita,cum
3203 3453 3376 3510 ﬁliam
3400 3454 3639 3513 omnino

249 3534 395 3605 Εἶτα
465 3542 947 3620 περιεργασάμενοι
1008 3542 1104 3596 καί
1158 3538 1415 3614 μαθόντες
1475 3536 1705 3617 ἀκριϐῶς
1765 3537 1908 3603 ὅπως

1993 3556 2198 3599 sanam
2224 3536 2909 3618 deprehenderent,tum
2932 3535 3117 3597 Deum
3150 3534 3226 3598 ob
3248 3538 3507 3618 praestita
3527 3537 3638 3600 be-

244 3638 419 3715 ὑγιῶς
447 3634 483 3700 ἡ
515 3642 645 3692 παῖς
680 3628 864 3708 εἶχεν,
898 3626 1091 3703 ὕμνουν
1123 3628 1219 3704 μὲν
1260 3628 1351 3685 τὸν
1384 3625 1475 3684 ἐπὶ
1508 3628 1717 3684 πάντων
1748 3629 1902 3707 Θεὸν,

1991 3626 2206 3689 nelicia
2227 3623 2854 3715 laudare,Symeonem
2876 3626 3007 3703 ejus
3029 3625 3315 3686 famulum
3350 3627 3641 3707 depraadi-

245 3713 583 3802 ἐμεγάλυνον
639 3716 692 3774 δὲ
730 3721 815 3774 τὸν
862 3719 1020 3774 αὖτού
1072 3719 1369 3795 θεράποντα
1414 3717 1659 3792 Συμεών*
1719 3716 1906 3772 ἐνίκων

1991 3736 2123 3779 care
2145 3723 2473 3796 cmperunt:
2510 3723 2569 3776 et
2598 3713 2997 3775 natalitiorum
3032 3715 3436 3776 ﬁliaelaetitiam
3459 3716 3637 3796 longe

241 3814 349 3880 τὴν
379 3814 488 3867 τῶν
530 3807 780 3888 γενεσίων
836 3809 931 3875 τῆς
964 3808 1216 3886 θυγατρὸς
1272 3805 1484 3886 ἑορτὴν,
1516 3806 1604 3871 οἷς
1648 3811 1734 3862 νῦν
1788 3805 1906 3883 περὶ

1991 3806 2288 3888 superavit
2319 3804 2394 3866 ob
2427 3803 2557 3884 ejus
2591 3803 2957 3865 curationem
2994 3805 3260 3865 instituta
3293 3805 3633 3870 celebritas.

241 3904 348 3971 τὴν
402 3900 611 3965 ἐκείνης
642 3896 919 3975 θεραπείαν
978 3895 1212 3953 ἐποίουνο
1267 3896 1585 3974 ἐμακάριζον
1614 3901 1714 3961 τῆς
1769 3918 1903 3951 παι-

241 3993 331 4056 δὲς
393 3991 632 4052 ἑαυτούς’
668 3984 976 4062 εὐδαίμονας
1007 3985 1228 4044 ἐκάλουν
1260 3999 1353 4043 του
1410 3985 1590 4061 τόκου,
1623 3986 1709 4043 καὶ
1770 3983 1903 4042 οὕτω

1987 3898 2202 3960 Beatos
2231 3912 2297 3957 se
2327 3894 2567 3956 demum
2601 3893 2736 3954 filia:
2770 3903 2937 3975 partu
2972 3893 3410 3974 praedicabant:
3445 3904 3505 3956 et
3534 3912 3639 3958 eos

1986 3985 2231 4065 quidem
2289 4002 2422 4046 cum
2482 3983 2696 4062 gaudio
2759 3991 2818 4043 et
2872 3981 3189 4045 festivitate
3246 3990 3365 4045 tota
3422 3983 3636 4049 domus

243 4082 369 4161 μεθ’
429 4077 625 4147 ἡδονῆς
656 4076 844 4140 αὐτοὺς
875 4077 959 4134 καὶ
1009 4074 1361 4156 φαιδρότητα
1392 4074 1421 4131 ό
1450 4074 1605 4141 οἶκος
1652 4071 1892 4154 ἐδέχετο.

1991 4074 2343 4138 exhilaratos
2374 4072 2629 4153 excepit.

1720 4209 1955 4270 CAPUT
1996 4211 2136 4269 VIII.

984 4310 1189 4370 Mulier
1220 4309 1459 4369 nonduin
1493 4308 1780 4368 mandras:
1815 4309 1934 4381 ejus
1970 4310 2236 4383 ingressa,
2268 4311 2461 4384 agnita
2501 4316 2550 4366 et
2590 4310 2892 4368 benedicta.

330 4425 444 4489 λα’.
498 4423 647 4484 Ἀλλ’
692 4425 812 4482 οἶόν
874 4445 941 4502 με
1000 4431 1190 4505 μικροῦ
1240 4423 1352 4481 δεῖν
1408 4428 1515 4480 τῶν
1567 4433 1661 4483 τοῦ
1715 4421 1899 4499 ἀνδρὸς

2064 4421 2127 4486 31
2148 4423 2390 4485 .Verum
2418 4439 2599 4484 unum
2627 4440 2721 4484 me
2743 4423 2867 4483 fere
2890 4418 3203 4502 Symeonis
3233 4419 3448 4482 factum
3471 4436 3631 4500 pras-

251 4516 630 4597 παρελήλυθεῑ
722 4516 887 4578 Πόθος
972 4515 1103 4572 ποτὲ
1174 4518 1316 4579 θεῖος
1387 4528 1615 4592 γυναῖκα
1698 4513 1903 4593 εἰλήφει

251 4610 550 4688 ὀφθαλμοῖς
609 4613 794 4664 τοῦτον
824 4604 982 4679 ἰδεῖν,
1017 4604 1111 4661 καί
1154 4605 1250 4672 τῆς
1310 4602 1433 4683 παρ’
1466 4605 1623 4663 αὐτοῦ
1683 4607 1901 4684 χάριτος

248 4699 341 4754 καί
396 4697 496 4763 τῆς
528 4694 767 4774 εὐλογίας
826 4693 1148 4751 ἀπολαύων
1212 4694 1334 4749 ἀλλ’
1363 4694 1426 4761 ἧν
1484 4692 1579 4749 καί
1613 4696 1746 4769 αὖτῇ
1801 4699 1900 4761 τῆς

248 4785 529 4863 ἰπιθυμίας
587 4783 840 4860 ἐμπόδιον
899 4786 926 4840 ὁ
985 4779 1286 4861 περίϐολος,
1346 4780 1574 4861 γυναιξὶν
1634 4782 1899 4861 ἀπείργων

249 4878 352 4944 τὴν
407 4872 647 4933 εἴσοδον.
724 4866 783 4929 Ἠ
842 4871 1121 4952 φιλάρετος
1182 4872 1353 4928 τοίνυν
1407 4872 1582 4939 ἐκείνη
1650 4872 1727 4934 τῷ
1783 4871 1903 4949 πυρὶ

251 4972 349 5022 τοῦ
402 4970 571 5020 καλοῦ
609 4963 796 5019 τούτου
853 4961 1047 5041 ἔρωτος
1102 4959 1458 5035 ἁλισκομένη,
1506 4960 1795 5040 λογισμοὺς
1844 4983 1903 5018 τε

253 5056 459 5116 πάντας
519 5052 745 5110 ἀνεκίνει
794 5053 924 5131 πρός
970 5051 1190 5125 ἑαυτὴν,
1248 5052 1337 5108 καί
1376 5051 1533 5107 τινών
1579 5072 1709 5108 ποτε
1767 5051 1903 5107 κατὰ

253 5146 378 5201 θέαν
461 5142 556 5199 τοῦ
640 5140 826 5219 ἀνδρὸς
905 5141 1277 5216 πορευομένων
1359 5141 1721 5219 στρατιωτῶν,
1802 5140 1901 5209 τὴν

247 5234 442 5309 ὁμοίαν
500 5232 704 5294 τούτοις
762 5227 1029 5298 ἀναϐολὴν
1085 5230 1424 5308 περιθεμένη,
1482 5229 1585 5297 ὅλη
1654 5251 1712 5286 τε
1769 5232 1901 5309 πρὸς

250 5326 312 5381 τὸ
399 5323 617 5379 ἐκείνων
670 5322 866 5400 σχῆμα
921 5316 1317 5395 μεταϐαλοῦσα,
1375 5322 1463 5377 καὶ
1536 5325 1711 5377 πᾶσαν
1763 5319 1901 5376 ὑπό-

250 5435 397 5471 νοιαν
458 5410 725 5487 κλέψασα,
780 5409 864 5467 ἐπὶ
946 5411 1036 5466 τὸν
1098 5411 1267 5468 ’ἱππον
1325 5408 1563 5467 ἀναϐᾶσα
1620 5411 1902 5467 συνίππευέ

251 5523 309 5559 τε
402 5503 590 5566 αὐτοῖς
670 5501 761 5558 καὶ
859 5499 960 5566 τὴν
1044 5495 1161 5556 ὁδον
1261 5500 1333 5565 εἷς
1414 5499 1587 5580 τάχος
1670 5497 1899 5569 διήνυεν.

256 5589 473 5661 Ἐπειδῇ
546 5589 602 5646 δέ
671 5586 961 5646 κατέλαϐον
1019 5589 1111 5645 τὸν
1182 5585 1484 5665 περίϐολον,
1560 5586 1899 5647 ἀποϐαίνωσι

256 5688 357 5739 τῶν
415 5681 604 5737 ’ἵππων
675 5680 721 5735 οἱ
779 5683 1115 5749 στρατιῶται,
1175 5681 1264 5736 καὶ
1334 5679 1545 5743 τούτους
1605 5679 1702 5736 οἶα
1757 5679 1898 5756 παρά

493 5788 756 5852 Parnm“
793 5786 908 5849 Gn.
953 5787 1161 5850 CXIV.

1989 4514 2271 4575 teriisset.
2320 4512 2629 4575 Mulierem
2661 4520 2932 4573 sanctum
2978 4510 3160 4571 viram
3192 4526 3391 4571 coram
3443 4507 3631 4571 oculis

1986 4602 2282 4677 intuendi,
2320 4604 2568 4683 ejusque
2598 4602 2785 4680 gratia
2826 4609 2882 4661 et
2910 4599 3326 4662 benedictione
3369 4597 3626 4672 fruendi,

1987 4691 2187 4754 divina
2214 4691 2513 4755 invaserat
2544 4691 2881 4772 cupiditas:
2919 4707 3121 4751 verum
3155 4689 3293 4749 huic
3324 4685 3629 4749 desiderio

1986 4781 2216 4843 obicem
2243 4780 2494 4862 ponebat
2521 4788 2754 4860 septum
2778 4776 3501 4860 oppositum,mulieribus
3520 4775 3631 4837 ad-

1984 4871 2130 4933 itum
2165 4889 2403 4932 omneni
2441 4869 2945 4951 prmcludensPia
2968 4875 3236 4930 matrona
3264 4868 3376 4929 hoc
3406 4865 3629 4929 amoris

1984 4962 2121 5041 igne
2142 4969 2660 5041 correpta,omnes
2681 4978 2884 5022 sccum
2916 4960 3037 5021 vias
3064 4968 3120 5021 et
3146 4958 3409 5020 rationes
3428 4956 3627 5018 animo

1984 5049 2265 5131 agitabat.
2298 5050 2773 5128 Milites_interea
2795 5049 3034 5131 quidam
3062 5046 3293 5110 visendi
3314 5043 3628 5126 Symeonis

1982 5139 2173 5218 gratia
2199 5139 2647 5221 capessiverunt
2696 5139 2814 5201 iter
2840 5161 2855 5202 :
2892 5138 3107 5199 mulier
3135 5135 3319 5199 simili
3345 5140 3623 5212 suscepto

1986 5228 2294 5305 habitu,ad
2309 5247 2547 5291 omnem
2573 5247 2639 5292 se
2659 5228 2897 5291 illorum
2920 5229 3182 5309 speciem
3207 5223 3620 5287 conformavit:

1983 5319 2057 5381 ad
2092 5319 2220 5382 haec
2250 5319 2450 5381 omnia
2482 5328 2607 5384 tuta
2635 5317 2864 5392 videns,
2891 5336 3046 5398 equo
3066 5332 3313 5377 ascenso
3339 5328 3457 5374 una
3487 5328 3623 5372 cum

1984 5414 2073 5474 eis
2104 5409 2421 5491 equitando
2449 5409 2598 5472 viam
2631 5410 2909 5483 celeriter
2955 5405 3233 5469 confecit.
3268 5403 3357 5466 Ad
3390 5409 3623 5491 septum

1983 5498 2084 5561 ubi
2117 5490 2463 5580 perventum
2487 5507 2679 5575 est,ex
2709 5498 2881 5575 equis
2902 5493 3354 5573 descendentes,
3380 5509 3484 5553 eos
3507 5490 3625 5552 mi-

1982 5593 2109 5652 lites
2122 5593 2356 5653 mulieri
2371 5604 2640 5666 tanquam
2656 5592 2757 5650 uni
2768 5586 3227 5648 commilitonum
3241 5588 3624 5655 committunt,

1981 5697 2117 5741 cum
2169 5679 2433 5741 nondum
2475 5678 2787 5740 mulierem
2840 5691 2974 5735 esse
3035 5670 3414 5734 manifestum
3439 5680 3619 5735 esset.

2953 5780 3025 5845 12
