4062 6194
444 372 562 450 367

1726 382 2004 445 MENSIS
2062 380 2515 447 JANUARIUS.

3676 385 3779 455 368

444 536 579 582 rum
605 518 764 601 ignis
786 517 888 581 ille
917 516 1413 597 inextinguibilis,
1448 522 1506 578 et
1545 516 1839 578 cruciatus
1864 534 2045 596 perpe

2131 519 2212 572 ιεὶ
2270 521 2347 593 μὴ
2402 523 2462 576 τὸ
2521 525 2622 597 πῦρ
2676 521 2853 578 ἐκεῖνο
2904 524 2963 578 τὸ
3010 519 3264 578 ἄσϐεστον
3320 522 3405 580 καὶ
3459 524 3492 591 ἡ
3550 521 3781 593 διηνεκὴς

445 608 762 683 tuus,mihi
787 608 1059 670 timorem
1087 607 1322 686 incutit,
1356 606 1627 686 adeoque
1653 606 1986 686 perturbat,
2020 626 2045 665 ι]

2162 608 2426 675 ἡπείλητο
2496 611 2745 684 βάσανος,
2807 612 2833 665 ὃ
2894 633 2960 685 με
3027 612 3112 668 καὶ
3178 610 3354 691 φοϐεῖ,
3403 614 3487 668 καὶ
3529 616 3777 691 ταράττει,

446 705 672 762 tantum
695 717 814 759 non
833 697 1019 758 animi
1042 695 1448 776 impotentiam
1475 694 1875 774 inducatzejus
1898 695 2084 755 melli-

443 787 666 850 tatione
689 795 843 848 totus
890 786 1273 860 cohorresco,
1309 802 1442 865 quat
1488 784 1766 846 intimum
1800 785 1941 846 mihi
1978 803 2083 845 cor

438 876 719 957 lancinat;
744 875 939 937 adhuc
969 874 1128 936 enim
1150 892 1361 936 manus
1378 874 1703 936 fraternum
1727 874 2076 952 sanguinem

437 964 750 1043 distillant,
781 970 1056 1027 recentes
1087 962 1386 1025 sociorum
1420 963 1617 1025 caedes
1645 963 1842 1025 adhuc
1878 964 2078 1023 animo

434 1055 843 1117 obversantur.
880 1052 1167 1126 Quaenam
1217 1052 1396 1131 igitur
1448 1052 1593 1114 mihi
1654 1051 2042 1113 consolationi

2160 1054 2349 1133 φόνους
2384 1073 2397 1087 ⁸
2449 1058 2705 1132 ποίαγοῦν
2768 1060 3091 1132 παραμυθίας
3148 1058 3296 1120 ἒλπίς
3331 1078 3346 1130 ς

2162 698 2248 751 καὶ
2311 701 2382 762 εἷς
2442 699 2756 779 ἀμηχανίαν
2843 699 3095 772 ἐμϐάλλει
3135 718 3148 731 ·
3213 703 3239 756 ὃ
3294 704 3382 757 καὶ
3450 700 3647 759 δέδοικα
3699 705 3781 759 ἐν-

2163 794 2322 858 νοῶν,
2381 789 2467 844 καὶ
2525 789 2553 843 δ
2611 789 2781 862 μέσης
2856 790 3017 856 αότῆς
3077 791 3298 846 ἅπτεταί
3357 814 3458 865 μου
3512 798 3606 859 τῆς
3659 816 3783 872 καρο

2163 873 2272 939 δίας
2313 897 2325 910 ⁸
2390 877 2467 932 ἔτι
2517 880 2615 955 γὰρ
2680 880 2729 933 αἱ
2811 894 2997 958 χεῖρες
3074 878 3358 960 ἆδελφικου
3416 904 3515 955 μου
3573 884 3779 954 στάζου-

2162 987 2240 1020 σιν
2300 966 2533 1041 α’ίματος
2567 983 2581 998 ⁸
2646 967 2719 1023 ἔτι
2781 991 2881 1043 μου
2944 970 3067 1032 τοὺς
3128 969 3410 1047 ἐμφυλίους
3488 973 3783 1049 φαντάζεται

3384 1060 3509 1118 ποία
3540 1084 3627 1134 μοι
3680 1084 3779 1115 σω-

435 1152 603 1227 spes?
629 1163 764 1227 qum
792 1144 1001 1207 salutis
1022 1142 1144 1203 via‘?
1173 1142 1334 1204 Aﬂ‘er
1364 1160 1561 1224 opem,
1597 1160 1765 1205 serve
1786 1142 2036 1216 Dei,con

2159 1145 2341 1221 τηρίας
2401 1144 2569 1225 ὁδός,
2628 1153 2785 1203 ιἐνοῡ
2839 1170 2930 1221 μοι
2991 1149 3181 1221 βοηθὸς
3228 1149 3598 1225 ἀπορουμένῳ,
3641 1148 3779 1207 δοῦλε

431 1234 550 1297 silii
586 1235 779 1297 omnis
807 1233 1016 1315 inopi;
1058 1232 1293 1313 porrige
1346 1251 1583 1295 manum
1615 1232 1830 1294 animae
1858 1232 1917 1293 in
1953 1250 2063 1293 ex-

427 1332 684 1388 tremum
705 1325 979 1386 interitus
1009 1320 1337 1384 discrimen
1365 1322 1660 1385 adductae.

513 1414 759 1479 33.Haac
775 1422 832 1477 et
854 1413 1069 1475 similia
1089 1413 1228 1474 dum
1255 1430 1453 1474 coram
1476 1419 1679 1473 sancto
1701 1412 1822 1474 viro
1838 1411 2061 1473 lamen-

432 1511 978 1575 tatur,vehementer
999 1522 1129 1565 eum
1155 1505 1226 1563 ad
1242 1520 1478 1563 suarum
1499 1506 2061 1564 commiserationem

425 1595 823 1660 calamitatum
843 1591 1363 1670 commovit;quiet
1379 1598 1693 1671 antequam
1721 1608 2061 1653 sermonem

429 1685 754 1760 ordiretur,
774 1682 968 1745 intimi
1001 1681 1198 1744 cordis
1230 1680 1666 1761 paenitudinem
1699 1679 2058 1743 intuebatur.

2160 1241 2313 1305 Θεοῦ,
2347 1236 2434 1291 καὶ
2465 1233 2640 1313 ὄρεξον
2673 1250 2839 1316 χεῖρα
2872 1242 3027 1316 ψυχῇ
3080 1239 3212 1316 πρὸς
3248 1237 3482 1318 ἔσχατον
3530 1238 3779 1303 ἂπωλείας

2145 1324 2521 1403 κατενεχθείσῃ
2531 1370 2548 1386 .

2226 1412 2343 1490 λγ¹.
2392 1421 2567 1471 Ταῦτα
2610 1417 2698 1471 καὶ
2740 1417 2806 1472 τὰ
2855 1424 3073 1473 τοιαῦτα
3126 1418 3680 1496 προσανακλαιόμενος
3708 1424 3778 1493 τῷ

2146 1503 2303 1579 ἁγίῳ,
2335 1502 2483 1560 ἕλεοθ
2516 1505 2658 1576 αὐτῷ
2688 1511 2794 1561 τῶν
2824 1506 3028 1562 οἰκείων
3060 1507 3342 1586 συμφορῶν
3399 1505 3640 1580 ἐμποιεῖ,
3689 1508 3775 1564 καί

2146 1590 2277 1659 δῆτα
2339 1594 2366 1648 ὁ
2412 1594 2497 1649 καὶ
2541 1596 2641 1670 πρὸ
2672 1600 2778 1651 τῶν
2809 1594 3008 1651 ἐκείννυ
3056 1594 3233 1673 λόγων
3281 1597 3381 1662 τὴν
3435 1596 3489 1652 ἐν
3522 1602 3598 1669 τῷ
3642 1598 3777 1673 βάθει

2146 1688 2242 1750 τῆς
2305 1679 2516 1758 καρδίας
2579 1684 2862 1758 μετάνοιαν
2918 1687 3135 1758 ὲιορῶν,
3199 1684 3508 1761 συν-ἤλγησε
3565 1692 3639 1759 τῷ
3679 1685 3777 1763 λῃ-

421 1775 764 1841 Condolens
787 1774 986 1856 itaque
1015 1772 1476 1849 latroni,magna
1499 1773 1818 1835 verborum
1844 1772 2045 1833 huma-

2145 1777 2269 1849 στῇ,
2318 1773 2519 1849 ῥήμασί
2568 1794 2624 1829 τε
2663 1774 2820 1830 αὖτὸν
2865 1772 3196 1848 ἀνελάμϐανε
3254 1773 3645 1855 φιλανθρώποις
3697 1777 3780 1834 καὶ

421 1867 604 1928 nitate
621 1864 888 1927 animum
907 1863 1036 1943 ejus
1051 1879 1327 1923 recreare
1348 1861 1626 1941 coapit,ac
1645 1861 1805 1923 bene
1820 1877 2045 1940 sperart

2145 1862 2389 1940 χρηστὰς
2449 1862 2688 1919 ὑπέτεινε
2743 1865 2837 1929 τὰς
2895 1862 3135 1927 ἐλπίδας.
3197 1864 3288 1921 Ἐν
3351 1863 3464 1936 ὅσῳ
3513 1863 3568 1921 δὲ
3625 1873 3776 1923 ταῦτα

384 1982 389 1987 ε
413 1956 617 2035 jussit.
652 1956 805 2018 Dum
836 1954 964 2015 hac
1016 1959 1093 2013 ita
1122 1958 1463 2030 agerentur,
1502 1950 1717 2012 milites
1752 1967 1886 2011 eum
1942 1968 2061 2011 non

419 2044 679 2127 amplius
709 2044 1030 2117 latronum,
1061 2042 1166 2103 sed
1192 2042 1527 2122 supplicum
1564 2058 1729 2102 more
1757 2057 1970 2103 manus
1998 2040 2060 2101 in

416 2134 599 2197 altum
623 2133 989 2215 protendere
1010 2128 1895 2211 conspicientes,crudelissime
1921 2148 2057 2190 eum

418 2225 492 2286 ad
516 2224 875 2306 supplicium
902 2222 1258 2303 deposcunt;
1284 2238 1474 2299 usque
1504 2219 1745 2294 adeo,ut
1770 2218 1925 2299 apud
1956 2236 2057 2280 sa-

421 2332 588 2376 crum
620 2321 796 2394 caput
825 2311 1169 2374 incredibili
1186 2329 1355 2390 ausu,
1394 2328 1510 2371 non
1538 2309 1858 2372 convenire
1885 2306 2055 2370 dice-

417 2411 575 2485 rent,
601 2419 799 2483 neque
828 2419 961 2464 esse
990 2400 1235 2463 humani
1260 2399 1496 2479 judicii,
1530 2397 1655 2460 viro
1684 2397 1784 2479 qui
1817 2397 2057 2478 propria

418 2511 597 2555 manu
622 2500 703 2554 tot
726 2491 1001 2553 homines
1024 2490 1441 2568 interfecisset,
1469 2487 1748 2550 auxiliari
1778 2488 1855 2549 At
1887 2497 2055 2548 tran-

415 2582 665 2665 quillum
691 2580 835 2644 illud
861 2598 928 2642 ac
950 2586 1325 2641 mansuetum
1345 2597 1412 2640 os
1435 2578 1596 2659 parvi
1617 2577 1821 2656 longas
1844 2594 2048 2639 eorum

415 2691 604 2752 nugas
632 2670 881 2747 faciens,
915 2670 1003 2731 ita
1033 2670 1187 2732 fatur
1220 2690 1233 2727 :
1269 2667 1379 2741 Qui
1412 2677 1793 2749 peccatorum
1818 2684 2057 2747 semper

414 2761 822 2843 paenitentiam
844 2758 1196 2839 cupit,idem
1222 2766 1279 2819 et
1301 2758 1463 2819 hunc
1482 2758 1541 2818 in
1556 2756 1908 2837 perditionis
1928 2756 2052 2835 jam

414 2849 756 2911 barathrum
785 2856 1087 2927 ruentem,
1113 2857 1328 2927 praeter
1346 2864 1584 2907 omnem
1616 2845 2053 2925 spem,incolu-

416 2955 572 2999 mem
598 2955 835 2999 servans
861 2938 975 2998 huc
1010 2936 1432 3017 perduxit,non
1458 2935 1913 3015 ego.Quomodo
1936 2935 2049 3013 igi-

412 3035 509 3088 tur
529 3026 1030 3107 quispiam,quem
1058 3025 1186 3105 ipse
1210 3024 1469 3106 propriis
1495 3023 1773 3085 manibus
1796 3025 2047 3085 advoca-

410 3115 802 3192 vit,eumdem
829 3123 1117 3179 tortorum
1143 3115 1418 3175 manibus
1440 3113 1659 3175 tradat?
1680 3113 1924 3175 Militum
1951 3114 2051 3175 illa

413 3224 624 3269 manus
653 3204 744 3267 his
775 3203 993 3266 auditis
1045 3203 1315 3277 recessit,
1351 3201 1460 3264 viri
1493 3203 1650 3264 enim
1685 3201 1960 3263 virtutem
1993 3212 2051 3266 et

410 3295 527 3378 ipsi
548 3292 1209 3371 verebantur,licettoto
1237 3293 1459 3373 impetu
1483 3293 1538 3352 in
1555 3292 1917 3354 Antiochum
1936 3291 2109 3355 fer-G
2133 3315 2300 3372 ρησαν
2334 3312 2351 3329 ο

408 3393 640 3449 rentur.
675 3386 806 3466 ipse
834 3402 973 3446 vero
995 3382 1331 3446 Antiochus
1356 3400 1605 3463 pronum
1639 3399 1703 3443 se
1734 3382 1793 3442 in
1827 3390 2043 3443 terram

403 3476 605 3551 jactat,
639 3473 864 3536 calidas
895 3472 1149 3534 fundens
1174 3473 1485 3552 lacrymas,
1525 3478 1583 3533 et
1610 3488 1811 3532 amare
1842 3471 2043 3553 suspi-

403 3562 779 3642 rans.Magno
806 3562 1068 3643 denique
1094 3562 1529 3641 aﬂ'ectu,instar
1553 3560 1878 3621 latronisin
1900 3579 2042 3622 cru-

405 3669 533 3713 cem
569 3671 699 3713 cum
736 3651 967 3715 Christo
1002 3653 1138 3725 acti,
1176 3659 1235 3712 et
1266 3650 1696 3728 paenitudinem
1721 3650 2043 3712 ostendens

403 3741 612 3823 animi,
647 3759 830 3803 noxas
850 3741 974 3803 Deo
1002 3739 1347 3822 aperiebat:
1376 3739 1479 3801 sed
1514 3739 1847 3800 facinorum
1883 3739 2044 3800 mul-

403 3830 586 3891 titudo
610 3848 848 3893 omnem
873 3829 960 3893 illi
982 3830 1053 3891 ad
1075 3829 1291 3891 divinae
1311 3828 1647 3890 clementiae
1671 3837 1875 3889 nutum
1898 3846 2044 3908 prae-

398 3918 678 3981 cludebat
731 3937 1070 3982 accessum.
1105 3919 1327 3981 Verum
1362 3916 1502 3977 dum
1537 3924 1848 3997 sequestro
1878 3916 2036 3979 bono

396 4008 797 4084 utitur,divini
828 4009 1147 4088 Symeonis
1178 4006 1649 4088 precibus,brevi
1674 4016 1732 4069 et
1763 4006 1892 4088 ipse
1921 4008 2035 4068 de-

398 4098 677 4161 lictorum
738 4101 973 4161 veniam
1026 4098 1305 4162 obtinuit.
1360 4097 1564 4175 Itaque
1636 4117 1748 4161 vox
1806 4100 2035 4163 caelitus

395 4186 595 4249 audita
625 4187 780 4250 sacri
810 4187 932 4249 oris
956 4188 1297 4266 suffragium
1330 4188 2032 4269 conﬁrmavit,acceptam

394 4294 615 4357 nempe
642 4295 777 4339 esse
817 4276 1071 4339 latronis
1103 4276 1537 4356 ptenitentiam,
1573 4277 1869 4356 simulque
1903 4279 2037 4339 vitaa

393 4366 616 4428 exitum
648 4366 703 4427 ei
754 4364 1077 4427 imminere
1109 4373 1167 4426 et
1195 4365 1512 4426 instantem
1545 4365 1616 4425 ad
1652 4383 2031 4427 communem

390 4455 656 4517 omnium
689 4456 1008 4519 Dominum
1045 4454 1375 4516 discessum
1424 4453 1798 4534 promittens,
1836 4464 1894 4515 et
1922 4455 2034 4518 hoc

2087 1932 2124 1982 Β

2144 1953 2328 2007 τοῦτον
2386 1955 2512 2030 εἶχε
2544 1954 2633 2008 τὸν
2675 1954 2883 2032 τρόπον,
2917 1956 2979 2009 τὸ
3038 1956 3422 2031 στρατιωτικὸν
3453 1954 3627 2013 ἐκεῖνο
3655 1956 3777 2012 ἐπι-

2144 2062 2386 2115 σταντες,
2422 2044 2496 2105 ὡς
2555 2044 2728 2099 οὒκετι
2786 2042 3103 2122 λῃστηρίους
3139 2043 3374 2123 ἐκεῖνος,
3411 2043 3531 2100 ἀλλ’
3564 2046 3776 2110 ἱκεσίους

2144 2143 2338 2210 χεῖρας
2393 2130 2564 2211 ἔφερε,
2623 2133 2918 2210 θρασύτατα
2971 2140 3156 2190 τοῦτον
3214 2136 3286 2196 εἷς
3347 2135 3604 2213 τιμωρίαν
3657 2134 3776 2205 ἐζή-

2140 2242 2286 2299 τουν,
2344 2224 2432 2276 καὶ
2488 2220 2627 2277 οὕτω
2655 2221 2851 2300 σφόδρα
2882 2225 2954 2283 ὡς
2984 2221 3079 2279 καί
3111 2224 3242 2300 πρὸς
3290 2222 3456 2289 αυτὴν
3487 2221 3654 2293 δήπου
3685 2223 3775 2290 τὴν

2139 2308 2281 2387 ἱεράν
2339 2310 2784 2387 ἀποθρασύνεσθαι
2829 2311 3089 2390 κεφαλὴν,
3158 2314 3237 2369 καὶ
3293 2312 3373 2386 μὴ
3433 2310 3545 2367 δεῖν
3600 2313 3773 2392 φάναι,

2141 2397 2277 2474 μηδὲ
2330 2402 2552 2477 γνώμης
2586 2404 2724 2456 εἶναι
2777 2402 3170 2480 φιλανθρώπου,
3212 2401 3477 2457 τοσούτων
3511 2405 3771 2483 αὐτόχειρι

2139 2490 2311 2567 φόνων
2367 2487 2510 2567 ἀνδρὶ
2595 2491 2836 2565 βοηθεῖν.
2903 2494 2974 2548 Τὸ
3052 2492 3233 2565 μέντοι
3293 2491 3555 2569 γαλήνιον
3605 2493 3770 2549 ἐκεῖνο

2140 2579 2311 2652 στόμα
2369 2580 2457 2633 καὶ
2517 2585 2708 2657 πρᾶον,
2769 2581 2932 2657 μικρὰ
2990 2587 3096 2635 τῶν
3158 2587 3375 2657 μακρῶν
3431 2581 3642 2637 ἐκείνων
3671 2580 3769 2650 λή-

2138 2691 2241 2745 ρων
2299 2670 2603 2748 φροντίσας,
2644 2661 2700 2726 Ὀ
2758 2671 2856 2736 τὴν
2912 2670 3219 2743 μετάνοιαν,
3273 2672 3428 2750 φησὶ,
3462 2678 3567 2726 τῶν
3598 2672 3758 2747 ἀμαρ-

2137 2756 2401 2813 τανόντων
2431 2758 2595 2814 θέλω-ο
2641 2759 2742 2833 ἀεί,
2805 2759 2954 2824 οὗτος
3012 2760 3101 2816 καί
3159 2763 3345 2816 τοῦτον
3402 2768 3480 2833 τῷ
3536 2761 3766 2839 βαράθρῳ

2135 2848 2229 2914 τῆς
2273 2846 2541 2912 ἀπωλείας
2585 2849 2955 2907 καταπεσόντα
2999 2847 3121 2924 παρ’
3172 2848 3360 2906 ἒλπίδα
3419 2857 3589 2905 πᾶσαν
3635 2850 3761 2906 ἂνα-

2135 2937 2444 3010 σωσάμενος
2503 2938 2720 2994 ἐνταῦθα
2764 2938 2989 3017 ἤγαγεν,
3049 2942 3143 2995 οὐκ
3196 2938 3323 3015 ἐγώ.
3368 2944 3487 3004 Πιῦς
3538 2939 3637 3017 ἇρεί
3692 2962 3762 3004 τις

2134 3026 2325 3098 τοίνυν,
2365 3025 2422 3079 ὃν
2481 3026 2688 3090 ἐκεῖνος
2735 3029 2920 3105 χερσίν
2967 3026 3119 3092 ἰδίαις
3151 3028 3536 3103 ἀνεκαλέσατο,
3594 3036 3763 3086 τοῦτον

2132 3112 2418 3170 θλιϐόντων
2471 3118 2624 3194 χερσί
2680 3116 2993 3193 παραδοίη,
3053 3119 3123 3175 Τὸ
3167 3117 3220 3172 δὲ
3280 3118 3386 3174 τῶν
3437 3124 3764 3196 στρατιωτῶν

2134 3203 2310 3260 ἐκεῖνο
2344 3217 2531 3282 στῖφος
2573 3206 2774 3262 τούτων
2817 3208 3164 3279 ἀκούσαντες,
3223 3209 3343 3264 τότε
3395 3210 3496 3281 μὲν
3556 3206 3764 3287 ὑπεχώ-

2411 3292 2628 3370 ᾓδεισαν
2678 3296 2779 3373 γὰρ
2828 3296 3012 3375 ἀνδρὸς
3042 3297 3238 3369 ἀρετὴν
3269 3295 3534 3354 αἰδεῖσθαι
3565 3297 3650 3354 καί
3675 3297 3764 3353 οὗ·

2127 3404 2230 3461 τοι,
2265 3382 2363 3438 κᾶν
2407 3385 2450 3438 εἰ
2481 3384 2569 3439 καί
2613 3392 2688 3458 τῷ
2741 3386 2900 3442 παντί
2947 3390 3097 3461 θυμῷ
3154 3386 3292 3443 κατὰ
3344 3389 3442 3443 τοῦ
3491 3386 3765 3466 Ἀντιόχου

2126 3471 2395 3550 ἐφέροντο.
2450 3474 2513 3530 Ὀ
2572 3473 2754 3549 μέντοι
2814 3475 3094 3554 Ἀντίοχος
3156 3481 3336 3549 πρηνῆ
3393 3477 3592 3552 ῥίπτων
3642 3478 3761 3532 ἐαυ-

2124 3562 2237 3641 τὸν,
2298 3564 2386 3618 καί
2414 3564 2581 3640 θερμὰ
2611 3562 2808 3641 δάκρυα
2866 3565 3140 3644 προχέων,
3199 3567 3289 3622 καί
3347 3567 3539 3646 πικρὸν
3592 3567 3760 3625 κάτω-

2126 3654 2212 3707 θεν
2274 3652 2558 3727 στενάζων,
2604 3655 2693 3709 καί
2723 3653 2863 3717 ὅλως
2897 3654 3106 3722 πολλὴν
3152 3656 3255 3722 τὴν
3300 3657 3605 3733 θερμότητα
3633 3655 3759 3712 κατὰ

2126 3756 2218 3798 τον
2269 3743 2323 3800 ἐν
2366 3751 2443 3818 τῷ
2473 3751 2682 3822 σταυρῷ
2712 3744 2918 3821 λῃστὴν
2948 3748 3038 3802 καί
3086 3748 3374 3821 μετάνοιαν
3434 3746 3757 3822 ἐνδεικνύμε-

2128 3853 2239 3907 νος,
2275 3833 2669 3912 ἐξωμολογεῖτο
2726 3843 2802 3909 τῴ
2855 3843 3025 3915 Κυρίῳ
3054 3836 3119 3893 τὰ
3149 3835 3595 3913 πλημμελήματα
3629 3854 3643 3869 ⁸
3675 3836 3757 3894 καί

2126 3921 2337 4001 εἴργετο
2396 3924 2492 3998 μὲν
2548 3931 2626 3997 τῷ
2684 3925 2873 3995 πλήθει
2922 3933 3029 3983 τῶν
3059 3926 3478 3999 τετολμημένων
3512 3929 3638 4004 πρὸς
3660 3926 3755 3993 τὴν

2119 4017 2218 4079 τῆς
2274 4013 2664 4093 φιλανθρωπίας
2711 4014 2907 4089 ῥοπήν.
2957 4017 3157 4093 Μεσίτῃ
3213 4013 3269 4071 δὲ
3328 4014 3478 4091 ὅμως
3536 4022 3754 4096 χρηστῷ

2116 4109 2185 4178 τῇ
2225 4112 2319 4162 τοῦ
2367 4104 2505 4159 θείου
2549 4105 2770 4180 Συμεὼν
2823 4106 3089 4185 προσευχῆ
3120 4106 3428 4185 χρώμενος,
3463 4108 3604 4187 ταχὺ
3635 4103 3753 4183 παρ’

2118 4192 2279 4249 αὐτοῦ
2335 4194 2425 4249 καί
2476 4196 2623 4259 οὗτος
2685 4192 2944 4270 λαμϐάνει
3000 4195 3102 4262 τὴν
3157 4194 3366 4275 ἄφεσιν.
3410 4197 3633 4263 Καίτην
3660 4199 3753 4261 τῆς

2117 4284 2258 4357 ἱερᾶς
2304 4280 2552 4359 γλώττης
2586 4282 2791 4350 ἐκείνης
2823 4288 3004 4363 ψῆφον
3061 4284 3214 4363 φωνὴ
3258 4283 3455 4341 ἄνωθεν
3509 4284 3752 4360 ἐπεκύρου

2116 4371 2253 4444 θεία,
2298 4369 2697 4449 προσδεχθῆναι
2728 4374 2827 4446 μὲν
2857 4372 3085 4451 λέγουσα
3114 4380 3207 4429 τοῦ
3264 4371 3471 4448 λῃστοῦ
3528 4375 3625 4440 τὴν
3653 4393 3751 4445 με-

2115 4459 2351 4530 τάνοιαν,
2411 4462 2549 4516 κατὰ
2600 4458 2767 4524 πόδας
2823 4460 2877 4516 δὲ
2908 4464 2969 4517 τὸ
3018 4472 3110 4521 τοῦ
3139 4464 3253 4537 βίου
3280 4461 3436 4527 τέλος
3469 4465 3631 4542 αὐτῷ,
3667 4461 3751 4518 καί

391 4546 628 4624 signum
652 4544 796 4609 satis
820 4543 1107 4606 idoneum
1133 4544 1347 4606 divinae
1369 4562 1512 4623 erga
1534 4549 1726 4623 ipsum
1751 4543 2031 4623 benigni-

2131 4548 2211 4614 τὴν
2264 4550 2396 4627 πρὸς
2461 4551 2551 4604 τὸν
2610 4550 2789 4607 κοινὸν
2863 4551 3110 4607 ἁπάντων
3163 4554 3441 4619 Δεσπότην
3499 4551 3749 4627 ἔκδημίαν

387 4619 522 4697 tatis
544 4634 995 4717 praebens.Cum
1018 4634 1201 4713 igitur
1224 4643 1283 4695 et
1303 4634 1429 4695 haec
1446 4619 1581 4715 ipsa
1598 4633 1843 4695 latronis
1867 4619 2025 4695 auri-

2131 4619 2493 4715 ταρεγγυῶσα,
2553 4640 2643 4695 καί
2705 4647 2861 4697 τοῦτο
2937 4642 3226 4717 τεκμήριον
3286 4644 3467 4699 ἱκανὸν
3523 4619 3641 4710 τῆς.
3689 4639 3745 4695 ἑο

386 4722 983 4803 bus,insonarent,ad
1010 4724 1375 4804 pcenitentiaa
1392 4723 1605 4785 ducem
1628 4741 1694 4785 se
1714 4724 2025 4801 convertit,

386 4812 599 4895 illique
621 4815 956 4877 inusitatam
987 4832 1189 4877 vocem
1228 4814 1613 4876 narrat.Dum
1634 4812 1813 4875 verba
1833 4814 2028 4877 adhuc

382 4902 543 4967 inter
572 4903 739 4967 labra
766 4902 1492 4977 cunctantur,Antiochus
1517 4921 1729 4965 manus
1749 4904 2027 4966 attollens

382 4992 446 5054 in
479 4993 695 5056 caelum
733 4994 859 5055 [nec
888 4992 951 5053 in
982 4993 1165 5055 verba
1189 4993 1522 5074 prorumpit
1553 5010 1566 5052 :
1604 4993 1856 5055 Domine
1883 4996 2021 5055 Jesu

379 5085 629 5153 Christe.
659 5084 986 5158 inquit,Fili
1023 5085 1206 5143 Patris
1236 5084 1520 5156 principio
1551 5086 1800 5143 carentis
1823 5087 2028 5158 unige-

380 5169 643 5249 nite,qui
676 5187 795 5232 non
822 5171 1118 5249 justorum
1152 5168 1479 5249 gratia,sed
1512 5186 1617 5249 pro
1644 5179 2023 5249 peccatorum

378 5259 727 5340 penitentia
750 5260 1237 5341 venisti,suscipe
1261 5256 1541 5339 spiritum
1567 5276 1765 5321 meum
1794 5281 1810 5332 ;
1849 5269 1907 5321 et
1934 5262 2023 5323 si-

373 5351 497 5413 mul
516 5356 672 5413 hunc
692 5354 754 5412 in
797 5354 1035 5412 modum
1056 5361 1317 5414 orantem
1343 5368 1373 5410 e
1397 5353 1637 5425 vestigio
1657 5352 1768 5411 vita
1794 5354 2022 5421 defecit.

374 5446 427 5497 et
443 5438 744 5497 manifesta
760 5438 885 5496 viro
897 5437 1318 5497 admirabiliter
1338 5436 1502 5496 venia
1527 5439 2025 5509 tndulgetur.Qua-

378 5532 619 5603 propter
632 5524 848 5603 ingens
861 5541 1073 5587 omnes
1089 5524 1276 5586 tenuit
1294 5522 1605 5585 admiratio
1619 5526 2025 5589 etcommunis

371 5617 673 5689 pmnitudo
693 5617 893 5690 populi
915 5618 1140 5676 animos
1159 5618 1457 5689 occupavit
1483 5633 1498 5668 :
1522 5618 1809 5676 theatrum
1830 5621 2021 5689 ipsum

375 5701 590 5785 partim
622 5702 1159 5784 lacrymis,partini
1196 5703 1496 5785 voluptate
1520 5703 2021 5785 perfundebatur:

2113 4727 2284 4782 κείνου
2336 4729 2469 4805 πρὸς
2528 4730 2685 4786 αὐτὸν
2742 4728 3011 4804 εὐμενείας
3064 4732 3439 4810 παρεχομένη.
3479 4737 3749 4809 Περιηχη-

2108 4818 2209 4881 θείς
2262 4816 2352 4872 οὖν
2408 4826 2572 4876 ταῦτα
2624 4820 2713 4874 καί
2777 4820 2804 4873 ὁ
2846 4818 3079 4896 λῃστὴς,
3129 4821 3369 4897 πρόσεισι
3411 4825 3490 4893 τῷ
3518 4825 3615 4887 τῆς
3645 4840 3742 4894 με-

2109 4905 2321 4969 τανοίας
2352 4903 2556 4985 ὁδηγῷ,
2588 4908 2677 4963 καί
2707 4909 2805 4975 τὴν
2831 4906 2983 4975 ξένην
3027 4911 3170 4982 αὐτῷ
3200 4908 3368 4976 ἀκοὴν
3417 4907 3693 4986 καταλέγει
3724 4922 3738 4937 ⁸

2108 4994 2186 5050 ἔτι
2244 4992 2296 5049 δὲ
2351 4996 2470 5073 περί
2526 4997 2592 5052 τὰ
2630 4996 2789 5076 χείλη
2853 4997 2949 5065 τῆς
3009 4996 3310 5077 διηγήσεως
3359 4999 3739 5078 στρεφομένης,

2112 5086 2186 5149 εἰς
2247 5085 2496 5161 οὐρανοὺς
2526 5086 2621 5149 τὰς
2653 5100 2846 5166 χεῖρας
2903 5087 3158 5167 ἀνασχὼν
3200 5090 3228 5143 ὁ
3271 5084 3552 5168 Ἀντίοχος
3590 5108 3604 5123 ⁸
3637 5088 3739 5145 K6—

2110 5195 2186 5252 ριε
2247 5173 2425 5240 Ἰησοῦ
2482 5176 2697 5255 Χριστὲ,
2761 5180 2923 5255 φησί,
3004 5183 3111 5235 Παϊ
3168 5177 3456 5256 μονογενὲς
3511 5178 3740 5257 ἀναρχου

2111 5263 2336 5340 Πατρός,
2377 5264 2405 5319 ί)
2461 5265 2538 5340 μὴ
2595 5264 2814 5331 δικαίοις
2869 5265 3056 5346 ἐλθὼν,
3115 5266 3254 5324 ἀλλὰ
3303 5266 3638 5346 ἀμαρτώλοις
3667 5268 3737 5327 είς

2111 5354 2417 5429 μετάνοιαν,
2474 5353 2613 5420 δέξαι
2663 5358 2724 5412 τὸ
2780 5356 2986 5431 πνεῦμά
3065 5378 3167 5432 μου
3199 5372 3213 5389 ⁸
3275 5357 3364 5414 καί
3433 5358 3567 5431 μετὰ
3638 5359 3734 5422 τῆς

2106 5441 2410 5523 προσευχῆς
2464 5444 2652 5506 εὐθέως
2685 5446 2843 5502 αὐτὸν
2885 5447 2973 5501 καί
3029 5447 3063 5513 ἡ
3118 5447 3273 5526 ψυχὴ
3322 5445 3622 5520 ἀπολείπει,
3655 5443 3738 5500 καί

2105 5534 2302 5610 φανερὰ
2331 5540 2407 5607 τῷ
2461 5532 2607 5613 ἀνδρί
2665 5533 2970 5613 παραδόξως
3011 5536 3045 5603 ἡ
3102 5537 3284 5615 ἁφεσις
3345 5534 3563 5598 δίδοται.
3592 5533 3733 5607 Θαμ-

2105 5620 2197 5682 ϐος
2257 5628 2347 5678 οὖν
2403 5622 2487 5679 ἐπί
2544 5623 2713 5696 τούτῳ
2754 5624 2955 5687 πάντας
3000 5624 3152 5704 εἶχε,
3200 5626 3361 5696 κοινή
3392 5647 3450 5682 τε
3479 5624 3734 5701 μετάνοια

2107 5712 2342 5792 κατέσχε
2395 5714 2488 5770 τὸν
2539 5714 2733 5789 δῆμον,
2792 5714 2878 5770 καί
2933 5712 3100 5792 ἡδονῇ
3145 5717 3207 5773 τὸ
3240 5715 3453 5797 θέατρον
3495 5720 3581 5771 καί
3635 5710 3730 5768 δά-
