4094 6196
369 303 498 372 369

1487 305 1673 368 VITA
1719 305 1777 367 S.
1827 297 2212 370 SYMEONIS
2251 300 2624 364 STYLIT/E.

3625 296 3743 364 370

367 466 558 522 κρυσιν
615 442 885 519 ἐμερίζετο
920 455 935 472 ⁸
983 442 1048 498 τὰ
1087 439 1184 514 μέν
1232 463 1292 519 γε
1350 441 1416 508 ἦν
1458 439 1554 508 τῆς
1615 441 1920 514 μετανοίας,
1985 437 2014 504 ἥ

2106 436 2225 498 haec
2252 435 2413 497 enim
2474 453 2509 497 a
2561 433 2916 497 delictorum
2946 433 3328 516 remissione,
3373 435 3477 497 illa
3531 452 3672 499 vero
3702 455 3738 500 a

367 533 428 590 δὲ
477 537 576 600 τῆς
609 531 851 612 ἀφέσεως
887 551 899 564 ⁸
935 533 1023 588 καὶ
1053 529 1137 586 διὰ
1181 530 1396 586 πάντων
1425 532 1454 586 ὁ
1485 529 1576 585 ἐπὶ
1609 535 1767 585 πᾶσιν
1797 530 2018 603 ὑμνεῖτο

369 627 523 696 Θεὸς,
587 623 674 678 καὶ
713 621 893 697 σωτήρ
949 624 976 677 ὃ
1049 619 1248 676 ἐκείνου
1302 623 1544 698 θεράπων
1602 619 2012 698 ἀνεκηρύττετο.

366 714 473 774 Ὠς
506 711 561 768 δὲ
610 711 772 766 ταῦτα
823 713 857 778 ἡ
914 711 1110 767 ἄνωθεν
1163 709 1426 784 ᾣκονόμει
1473 710 1720 784 Πρόνοια,
1782 711 1869 764 καὶ
1925 709 2015 763 τὸν

363 803 538 880 μέγαν
585 801 670 857 ἐπὶ
715 799 876 856 πλέον
924 801 1144 874 Συμεὼν
1203 800 1592 877 μεγαλύνουσα,
1656 799 1740 853 καὶ
1797 798 1863 853 τᾶ
1919 801 2015 862 τῆς

361 893 652 967 μετανοίας
717 890 883 946 ἅπασι
935 889 1104 953 πύλας
1165 891 1239 953 εἰς
1284 889 1345 944 τὸ
1403 892 1500 954 τῆς
1549 887 1814 962 σωτηρίας
1840 886 2014 965 ἀπρο-

362 982 638 1061 φασίστως
665 979 788 1055 ἐρᾷν
817 978 1178 1058 διανοίγουσα,

451 1159 562 1220 λε’.
612 1162 684 1219 τὸ
743 1159 1148 1234 στρατιωτικὸν,
1185 1154 1400 1233 ἄγνοιαν
1461 1155 1680 1236 ἔχοντες
1725 1159 1832 1210 τῶν
1862 1175 2014 1231 γεγε-

368 1250 620 1326 νημένων
650 1249 811 1326 (πρὸς
861 1247 959 1325 γὰρ
1017 1249 1079 1302 τὸ
1136 1243 1559 1319 σπουδαζόμενον
1618 1244 1756 1300 ὥστε
1814 1241 2016 1300 συλλα-

369 1339 495 1397 ϐεῖν
538 1341 627 1395 τὸν
661 1336 966 1416 Ἀντίοχον,
1013 1335 1186 1400 ἄλλως
1237 1356 1295 1389 τε
1352 1334 1448 1390 καί
1485 1339 1580 1402 τῆς
1610 1332 1704 1390 τοῦ
1759 1332 2014 1410 πράγμα-

366 1453 462 1493 τος
515 1427 700 1508 φήμης
731 1426 814 1483 διὰ
843 1429 903 1482 τὸ
952 1423 1246 1501 παράδοξον
1294 1427 1389 1482 οὒκ
1432 1423 1755 1502 ἐξαρκούσης
1815 1423 1888 1485 εἰς
1921 1422 2015 1477 πί-

371 1543 519 1591 στιν,
557 1521 599 1573 εἷ
659 1519 734 1591 μή
793 1537 874 1578 τις
935 1517 1060 1571 αὗτὸ
1114 1514 1208 1570 καὶ
1270 1515 1550 1590 γινόμενον
1605 1511 1761 1591 ἴδοι),
1816 1513 2014 1586 μείζονι

373 1609 717 1688 γβησᾶμενοι
769 1604 948 1680 τόλμῃ
1007 1605 1094 1659 καὶ
1138 1601 1393 1681 ἀναιδείᾳ,
1433 1605 1563 1679 πρὸς
1593 1603 1684 1658 τὸν
1717 1600 1886 1678 μέγαν
1922 1603 2015 1655 αὗ-

369 1703 454 1760 θις
512 1697 730 1760 Συμεὼν
798 1693 1162 1773 ἆρικνοῦνται,
1221 1694 1334 1770 καὶ,
1368 1695 1467 1748 Τὸν
1499 1693 1564 1747 τὰ
1597 1689 1873 1746 δεινότατα
1904 1691 2014 1765 εἷρ-

2104 525 2444 604 poenitentia
2476 523 3008 604 proficiscebatur;
3059 533 3235 607 atque
3264 523 3340 586 ob
3370 525 3502 588 haec
3532 525 3737 589 omnia

2101 613 2454 674 laudabatur
2509 614 2668 675 Deus
2722 611 2796 674 ab
2847 612 3150 691 omnibus,
3203 621 3264 676 et
3289 613 3546 676 salvator
3574 612 3735 676 illius

2102 701 2356 764 famulus
2413 704 2671 782 Symeon
2729 700 3166 764 celebrabatur.
3205 701 3300 765 Sic
3350 712 3546 766 autem
3607 703 3735 767 haec

2101 809 2358 872 superna
2411 789 2867 852 administrabat
2905 789 3298 866 Providentia,
3352 809 3485 872 quae
3513 799 3572 854 et
3603 809 3734 855 ma-

2098 899 2278 962 gnum
2313 879 2666 960 Symeonem
2719 880 2902 958 magis
2962 880 3300 957 extollebat,
3337 878 3737 960 omnibusque

2102 971 2476 1054 paenitentiae
2508 977 2735 1050 portam
2780 969 2854 1032 ad
2909 969 3160 1032 salutem
3189 970 3320 1032 sine
3350 972 3734 1036 excusatione

2097 1059 2572 1141 amplectendam
2606 1058 2934 1137 aperiebat.

2181 1151 2282 1213 34.
2316 1148 2528 1211 Milites
2559 1165 2762 1210 eorum
2795 1167 2930 1229 qum
2974 1147 3344 1228 contigerant
3363 1147 3553 1229 ignari
3577 1152 3733 1225 (nam

2101 1242 2159 1302 in
2183 1240 2242 1302 id
2266 1246 2543 1314 unum,ut
2569 1238 2926 1300 Antiochum
2959 1237 3564 1320 comprehenderent,
3599 1256 3734 1301 om-
3772 1297 3783 1320 ,

2102 1349 2208 1391 nes
2238 1329 2394 1390 vires
2421 1327 2811 1390 conferebant
2837 1346 2852 1404 ;
2887 1327 3214 1408 prmsertim
3247 1345 3382 1390 cum
3414 1347 3620 1392 rumor
3648 1329 3736 1392 rei

2098 1428 2280 1498 gesta;
2311 1426 2549 1500 propter
2573 1417 2712 1480 facti
2760 1417 3144 1480 insolentiam
3173 1418 3629 1499 haudquaquam
3661 1418 3736 1481 ad

2100 1510 2277 1571 ﬁdem
2297 1507 2627 1570 faciendam
2651 1508 2931 1571 sufﬁcere
2952 1507 3398 1584 videretur,nisi
3421 1509 3552 1590 quis
3573 1509 3731 1591 quod

2101 1598 2316 1660 factum
2341 1604 2468 1658 erat
2491 1596 2679 1658 oculis
2702 1598 2830 1677 ipse
2853 1597 2978 1660 suis
2997 1599 3370 1678 spectasset):
3394 1599 3593 1681 itaque
3611 1618 3734 1662 ma-

2095 1686 2211 1767 jori
2243 1705 2418 1767 quam
2443 1693 2620 1748 antea
2665 1687 2998 1750 temeritate
3026 1695 3086 1749 et
3114 1687 3483 1767 impudentia
3509 1689 3584 1752 ad
3612 1707 3737 1752 ma-

366 1787 638 1866 γασμένον
694 1785 783 1840 τὸν
840 1785 905 1839 τὰ
965 1782 1192 1860 μέγιστα
1250 1780 1548 1848 ἠδικηκότα
1579 1782 1665 1836 καὶ
1694 1779 2016 1856 συγγνώμης

2106 1795 2279 1858 gnum
2315 1774 2670 1856 Symeonem
2701 1775 3090 1854 accedunt,et
3119 1777 3422 1840 hominem
3451 1779 3732 1859 gravissi-

367 1878 588 1942 ἀπάσης
645 1875 881 1948 μείζονα,
928 1874 1019 1928 τὸν
1081 1871 1174 1926 ἒπί
1227 1883 1344 1935 τοῖς
1393 1870 1645 1949 ἐσχάτοις
1678 1867 1876 1925 ἁλόντα
1911 1890 2018 1924 κα-

362 1980 519 2037 κοῖς,
553 1967 642 2020 τὸν
673 1965 852 2019 κοινὸν
881 1968 979 2028 τῆς
1010 1961 1218 2026 πόλεως
1251 1960 1557 2037 ἐιναιρέτην,
1594 1955 1823 2034 παράδος
1850 1959 2010 2031 ἡμῖν,

365 2053 602 2122 ἐϐόησαν
641 2072 654 2088 ³
690 2054 738 2108 τί
769 2054 856 2110 καὶ
885 2052 993 2108 τῶν
1025 2050 1288 2126 κειμένοιν
1317 2048 1498 2124 νόμων
1524 2049 1622 2116 τήν
1653 2050 1751 2116 σὴν
1791 2047 2010 2127 γνώμην

366 2143 517 2222 ἄγεις
587 2142 974 2220 προτιμοτέραν
1008 2186 1024 2215 ,
1080 2141 1166 2196 καὶ
1249 2142 1341 2195 τὸν
1421 2136 1732 2215 ὑπεριδόντα
1785 2139 2008 2216 τούτων,

2101 1885 2336 1928 morum
2371 1867 2698 1929 facinorum
2745 1875 3126 1942 patratorem,
3159 1869 3259 1948 qui
3291 1868 3543 1949 injurias
3573 1870 3731 1932 omni

2095 1957 2270 2019 venia
2295 1957 2552 2036 majores
2572 1956 2962 2034 intulisset,in
2991 1957 3267 2020 maximis
3285 1959 3614 2022 sceleribus
3629 1959 3736 2022 de-

2100 2047 2482 2128 prehensum,
2518 2047 2782 2128 denique
2833 2047 2998 2110 urbis
3043 2047 3338 2111 universas
3365 2065 3746 2126 eversorem,

2101 2155 2311 2214 magno
2344 2136 2606 2198 clamore
2637 2137 2788 2200 tradi
2817 2137 2932 2200 sibi
2966 2136 3489 2219 postulabant,ista
3513 2137 3736 2200 vocife-

364 2232 724 2316 φιλανθρώπῳ
794 2232 1120 2306 συμπαθείας
1191 2227 1420 2302 ὄμματι,
1481 2229 1572 2295 τῆς
1637 2227 2017 2316 ἐπηρτημένης

2106 2236 2301 2316 rantes
2337 2245 2350 2289 :
2389 2229 2554 2290 ltane
2610 2227 2843 2306 legibus
2874 2227 3152 2290 omnibus
3180 2246 3250 2291 ac
3279 2227 3538 2291 decretis
3569 2236 3732 2290 tuum

361 2307 485 2388 τοῖς
548 2323 863 2399 κακούργοις
910 2321 1167 2398 τιμωρίας
1217 2317 1482 2384 ἐξελέσθαι
1519 2317 1896 2396 φιλονεικεϊςς
1960 2307 2016 2373 Ὀ

2106 2315 2382 2392 iudicium
2399 2315 2831 2396 praeferendum
2847 2334 3081 2391 censes,
3093 2335 3422 2400 eorumque
3438 2324 3740 2397 contemp-

369 2413 424 2469 δὲ
485 2410 621 2488 μηδὲ
667 2413 887 2468 ἐνταῦθα
943 2416 1044 2476 τῆς
1101 2412 1355 2480 συνήθους
1417 2408 1719 2486 πραότητος
1773 2403 2016 2480 μεταϐα-

2106 2413 2286 2466 lorem
2321 2403 2580 2484 benigno
2622 2405 2696 2467 ad
2749 2405 3338 2468 commiserationem
3359 2415 3602 2487 aspectu
3634 2407 3731 2468 in-

370 2503 508 2576 λὼν,
554 2501 753 2579 ἱλαρῶς
799 2498 938 2556 οὕτω
979 2499 1076 2555 καῖ
1135 2499 1316 2576 πράως
1375 2499 1558 2560 αὐτοῖς
1625 2495 1963 2574 ἀποκρίνεται
1999 2509 2012 2524 ⁸

373 2594 498 2652 Ὀτι
543 2593 643 2667 μὲν
687 2593 781 2649 οὒκ
823 2589 931 2668 ἐγὼ
987 2589 1076 2644 τὸν
1135 2585 1292 2662 ἄνδρα
1348 2585 1804 2662 μετεστειλάμην,
1837 2581 1958 2638 ἀλλ’
1994 2585 2018 2638 ὃ

372 2683 553 2744 κοινὸς
598 2681 847 2736 ἁπάντων
908 2679 1184 2744 Δεσπότης
1253 2675 1442 2732 τοῦτον
1501 2675 1719 2731 ἐνταῦθα
1789 2672 2014 2750 ἤγαγεν,

371 2773 483 2850 ἐγώ
511 2794 569 2828 τε
616 2771 869 2848 πρότερον
913 2772 1071 2824 εἷπον
1101 2769 1229 2841 ὑμῖν
1261 2765 1386 2838 ἤδη,
1431 2767 1515 2820 καὶ
1562 2771 1645 2819 νῦν
1678 2771 1799 2839 γοῦν
1829 2764 1857 2818 ὁ
1888 2760 2021 2817 ὲκεί-

375 2885 467 2920 νου
510 2863 677 2940 τάφος
736 2858 1137 2936 ἆπαραγράπτῳ
1184 2857 1438 2934 μαρτυρίᾳ
1489 2853 1587 2920 τὴν
1641 2851 1892 2922 ἀλήθειαν
1923 2851 2018 2926 βε-

374 2950 616 3010 ϐαιοῦται
653 2967 666 2980 ⁸
719 2952 746 3006 ὁ
789 2949 888 3028 γὰρ
922 2948 1077 3006 αυτὸν
1105 2947 1238 3022 πρὸς
1287 2945 1570 3020 μετάνοιαν
1621 2942 1879 3016 καλέσας,
1927 2947 2020 2998 οὗ·

375 3063 468 3096 του
513 3040 668 3097 αυτὸν
711 3039 933 3096 καὶτῶν
980 3033 1175 3092 ἐνθένδε
1234 3033 1559 3110 μετέστησε,
1591 3035 1680 3088 καὶ
1711 3033 1842 3109 πρὸς
1891 3030 2022 3086 ἑαυ-

2102 2493 2331 2556 tueris?
2355 2494 2584 2556 meritis
2606 2495 2917 2575 suppliciis
2945 2494 3206 2558 eximere
3235 2495 3549 2558 contendis
3575 2495 3601 2558 ?
3631 2494 3737 2558 Ille

2101 2600 2242 2643 vero
2276 2581 2423 2644 nihil
2485 2582 2561 2644 de
2617 2583 2792 2645 solita
2845 2583 3086 2646 lenitate
3127 2584 3440 2647 remittens
3471 2584 3646 2647 hilari
3675 2595 3735 2648 et

2106 2679 2410 2732 mansueto
2437 2671 2597 2732 vultu
2635 2673 2944 2752 respondit
2978 2693 2992 2736 :
3027 2671 3318 2746 Quoniam
3351 2689 3471 2735 nou
3502 2692 3610 2753 ego
3642 2675 3733 2736 vi-

2101 2779 2233 2822 rum
2265 2761 2384 2822 huc
2411 2761 2716 2835 accersivi,
2749 2762 2854 2824 sed
2877 2761 3212 2824 communis
3240 2763 3507 2826 omnium
3535 2763 3740 2827 Domi-

2102 2868 2214 2911 nus
2243 2850 2359 2911 huc
2394 2867 2530 2912 eum
2552 2851 3016 2932 perduxit,quod
3047 2851 3308 2932 primum
3337 2871 3451 2934 ego
3481 2855 3732 2932 asserui,

2102 2939 2359 3020 idipsum
2385 2957 2546 3002 nunc
2563 2941 2693 3020 ejus
2717 2942 2976 3003 tumulus
2996 2941 3309 3004 indelebili
3327 2942 3591 3006 veritatis
3615 2952 3736 3007 tes-

2105 3027 2352 3090 timonio
2385 3029 2697 3092 conﬁrmat
2729 3050 2743 3093 :
2777 3031 2880 3111 qui
2911 3031 2986 3093 ad
3019 3029 3426 3111 paenitentiam
3459 3050 3596 3096 eum
3627 3051 3734 3096 vo-

374 3132 467 3186 τὸν
519 3129 579 3185 ἐκ
623 3135 728 3185 τῶν
783 3127 1052 3204 ἐπικήρων
1124 3123 1544 3200 μετεκαλέσατο.
1600 3123 1775 3180 Ταῦτα
1833 3117 2017 3186 ἐπειδὴ

2106 3119 2276 3193 cavit,
2303 3117 2462 3181 idem
2497 3129 2559 3182 et
2587 3120 2730 3181 hinc
2759 3120 3146 3198 transtulit,et
3165 3120 3240 3182 ad
3272 3139 3338 3185 se
3359 3139 3434 3184 ex
3460 3122 3736 3186 humanis

373 3222 404 3274 ὀ
455 3223 758 3294 θαυμαστὸς
811 3219 1031 3292 Συμεὼν
1063 3217 1242 3288 εἶπεν,
1278 3215 1367 3272 καὶ
1415 3211 1750 3269 ὕπεδείκνδτο
1798 3207 1901 3276 ἤδη
1931 3209 2018 3264 καὶ

373 3309 402 3364 ὀ
446 3309 614 3388 τάφος
658 3310 865 3379 αὺτοῖς,
923 3306 1119 3384 τρόμος
1165 3326 1220 3360 τε
1278 3305 1398 3368 τοὺς
1431 3300 1616 3380 ἄνδρας
1652 3297 2018 3363 ἀνυπόστατος

375 3398 522 3474 εἷλε,
587 3399 674 3454 καὶ
717 3397 1083 3474 χαλεπώτατα
1115 3397 1239 3474 εἶχε
1274 3410 1288 3424 ⁸
1325 3394 1451 3449 εἶτα
1484 3391 1659 3448 πολλὰ
1695 3389 2017 3466 συγγνώμην

373 3487 806 3562 ἒξαιτησάμενον,
854 3486 941 3540 καὶ
985 3485 1126 3562 παρὰ
1168 3489 1267 3549 τῆς
1329 3482 1594 3560 μακαρίας
1652 3478 1858 3544 ἐκείνης
1914 3477 2018 3533 λα-

374 3573 560 3640 ϐόντες
621 3581 832 3655 ψυχῆς,
867 3572 1081 3652 ἄγγελοί
1126 3594 1182 3630 τε
1216 3579 1306 3630 τοῦ
1337 3573 1601 3647 θαύματος
1635 3565 1883 3644 ἀψευδεῖς
1933 3569 2020 3624 καὶ

374 3667 604 3744 κήρυκες
634 3665 955 3741 ἐπανῄεσαν,

2103 3208 2342 3289 eripuit.
2377 3207 2481 3270 His
2507 3209 2704 3286 dictis,
2731 3227 2864 3272 cum
2898 3210 3072 3271 funus
3095 3209 3214 3273 illis
3243 3211 3610 3275 admirabilis
3635 3215 3738 3294 Sy-

2104 3317 2279 3358 meon
2307 3317 2508 3360 coram
2541 3299 2911 3375 ostenderet,
2947 3300 3212 3364 omnium
3246 3302 3478 3364 animos
3505 3310 3738 3366 tremor

2101 3387 2474 3449 incredibilis
2504 3389 2835 3469 occupavit,
2863 3408 2932 3452 ex
2963 3409 3080 3472 quo
3123 3391 3431 3454 indentem
3463 3391 3733 3454 dolorem

2102 3496 2454 3558 concepere,
2490 3477 2711 3541 deinde
2769 3480 2990 3541 erroris
3019 3480 3112 3542 sui
3141 3499 3176 3543 ιι
3205 3479 3376 3543 beata
3407 3480 3507 3544 illa
3535 3481 3731 3544 anima

2101 3567 2275 3628 venia
2305 3567 2570 3645 obtenta,
2608 3569 2786 3650 hujus
2817 3569 3090 3631 miraculi
3138 3569 3634 3652 promulgatores,
3667 3589 3736 3635 ac

2107 3655 2356 3718 minime
2385 3656 2628 3720 fallaces
2661 3676 2966 3738 praecones
2993 3657 3290 3724 abierunt.

1891 3840 2130 3900 CAPUT
2165 3840 2228 3897 Χ.

1443 4011 1704 4071 Absentia
1743 4016 1792 4069 et
1837 4010 2031 4080 futura
2073 4003 2338 4064 divinitus
2383 4010 2670 4081 cognoscit.

458 4186 569 4248 λε’,
622 4177 788 4261 ἠμῖν
844 4184 897 4241 δὲ
945 4188 1036 4242 καὶ
1082 4191 1205 4246 ναῦς
1253 4184 1310 4240 ὲν
1352 4191 1428 4254 τῷ
1457 4183 1648 4240 τούτου
1677 4186 1784 4238 τῶν
1815 4179 2017 4255 θαυμά·

375 4301 481 4332 των
545 4275 772 4355 πελάγει
816 4276 1053 4356 φερέσθω
1101 4273 1444 4354 μυριορρόρος,
1505 4274 1595 4329 καὶ
1637 4273 1737 4340 τὴν
1793 4269 1853 4326 ἐκ
1911 4275 2015 4326 τῶν

375 4367 578 4422 ἐκείνου
633 4371 950 4445 προσευχῶν
1001 4365 1265 4442 σωτηρίαν
1315 4363 1434 4428 τοῖς
1467 4363 1523 4419 ἐν
1567 4364 1710 4436 αὒτῷ
1756 4358 2016 4416 κινδυνεύο

376 4479 491 4512 ουσι
523 4455 848 4534 παρεχέσθω
881 4474 894 4488 ⁸
945 4453 1333 4533 χαλεπώτατον
1379 4454 1478 4527 μὲν
1523 4454 1624 4531 γὰρ
1653 4451 1854 4517 ταύτην
1888 4448 2018 4506 κλύ-

376 4543 564 4600 δώνιον
608 4545 746 4600 κατὰ
810 4543 983 4617 μέσην
1032 4543 1160 4600 ποτὲ
1223 4543 1321 4609 την
1375 4541 1641 4599 θάλασσαν
1687 4541 1842 4620 εἶχε,
1887 4561 2017 4595 κατ·

377 4633 555 4690 εδυετο
585 4632 639 4688 3‘3
666 4631 791 4703 ἤδη,
843 4631 1190 4711 σφοδρότερον
1240 4637 1376 4706 αὒτῇ
1425 4639 1526 4688 τῶν
1560 4631 1812 4705 κυμάτων
1846 4651 2018 4706 προσ-

378 4723 746 4800 ρηγνυμένων,
806 4725 901 4780 Καὶ
959 4723 1006 4778 οἱ
1059 4721 1311 4783 πλέοντες
1373 4722 1550 4788 πάσης
1635 4722 1732 4795 μὲν
1791 4720 2020 4800 τέχνης,

380 4815 556 4878 πάσης
642 4811 696 4866 δὲ
767 4813 1015 4891 χρηστῆς
1105 4811 1426 4890 ἀπογνόντες
1507 4810 1744 4889 ἑλπίδος,
1805 4812 1866 4866 τὸ
1923 4809 2019 4865 ἕσ-

381 4924 552 4982 χατον
596 4899 861 4968 ἀλλήλους
920 4902 1298 4978 προσειπόντες
1373 4901 1461 4958 καὶ
1517 4900 1862 4963 ’ἐπιϐαλόντες
1935 4903 2023 4955 καὶ

380 4995 468 5048 τὸν
525 4988 757 5046 κίνδυνον
815 4989 1088 5068 μένοντες,
1173 4990 1274 5064 ὀψὲ
1332 4993 1432 5056 τὴν
1500 4989 1742 5069 ἐσχάτην
1790 4989 2022 5067 ἄγκυραν

379 5080 693 5156 βάλλονται,
739 5080 826 5134 καὶ
880 5081 964 5136 τοῦ
1004 5078 1223 5153 Συμεὼν
1269 5087 1398 5156 πρὸς
1443 5080 1532 5134 τὸν
1586 5079 1760 5134 κοινὸν
1809 5078 2021 5134 Δεσπό-

378 5192 478 5236 την
535 5167 978 5242 ἐπιμνησθέντες,
1019 5169 1153 5242 ὁμοῦ
1209 5189 1267 5224 τε
1320 5169 1474 5226 αὐτὸν
1535 5167 1618 5224 ἐπὶ
1680 5167 1872 5224 στόλου
1933 5169 2024 5224 εἴ·

380 5281 483 5338 χον
533 5259 668 5332 ὒπέρ
723 5262 822 5324 τῆς
873 5257 1043 5316 αὖτῶν
1103 5259 1368 5336 σωτηρίας
1429 5254 1704 5331 δεόμενον,
1766 5258 2025 5333 καὶὸμοῦ

377 5349 586 5410 τούτοις
616 5349 703 5402 επὶ
735 5353 832 5414 τῆς
857 5349 989 5408 νεὼς
1015 5345 1174 5402 πάλιν
1200 5347 1628 5426 ἐπιφαινόμενον
1664 5350 1752 5404 καὶ
1782 5358 2024 5428 χρηστοῦ

380 5437 476 5511 μὲν
509 5437 657 5497 εὖθὺς
693 5435 1018 5495 ἀπολαύουσι
1047 5443 1141 5494 τοῦ
1170 5435 1460 5514 πελάγους,
1494 5437 1667 5506 λεπτῆ
1697 5435 1753 5494 δέ
1782 5460 1859 5500 τις
1893 5437 2022 5515 αὔρα

380 5527 655 5602 περιέπνει
688 5527 929 5599 τούτους,
965 5527 1051 5582 καὶ
1084 5525 1272 5602 πλήρει
1305 5528 1624 5606 φερομένους
1657 5535 1731 5601 τῷ
1759 5527 1909 5584 ίστίω
1939 5524 2023 5583 διὰ

381 5619 638 5694 σταθερᾶς
669 5616 766 5684 της
797 5615 1067 5682 θαλάσσης
1100 5617 1133 5683 ἡ
1164 5615 1357 5693 χέρσος
1389 5615 1630 5694 ἐδέχετο.

2178 4174 2273 4238 35.
2312 4176 2497 4241 Nobis
2518 4178 2577 4241 in
2597 4179 2709 4245 hoc
2733 4183 3154 4248 miraculorum
3179 4185 3385 4267 pelago
3409 4187 3572 4248 navis
3593 4186 3738 4252 infi-

2099 4266 2222 4360 nita
2252 4267 2453 4329 ferens
2504 4269 2862 4360 proferatur,
2895 4266 3291 4357 salutemque,
3325 4266 3573 4358 precum
3607 4279 3740 4360 ejus

2102 4355 2464 4435 interventu,
2496 4359 2968 4440 periclitantibus
3000 4362 3060 4424 in
3089 4355 3238 4427 mari
3272 4355 3739 4444 praebeatﬂanc

2105 4448 2262 4538 enim
2296 4449 2614 4528 aliquando
2648 4450 2709 4512 in
2741 4451 2939 4515 medio
2967 4453 3114 4514 mari
3144 4455 3484 4532 gravissima
3512 4457 3741 4538 procel-

2106 4537 2163 4597 la
2191 4537 2488 4620 invasit,et
2511 4540 2634 4620 jam
2671 4540 2842 4604 illisis
2871 4541 2944 4602 ad
2977 4559 3107 4604 eam
3137 4562 3349 4624 magna
3377 4547 3429 4608 vi
3462 4537 3738 4612 {lactibus

2108 4645 2293 4709 prope
2319 4630 2644 4710 mergenda
2666 4630 3360 4712 videbatur.Navigantes
3393 4636 3556 4698 omni
3586 4647 3737 4714 arte,

2108 4720 2390 4808 omnique
2412 4727 2498 4780 rei
2521 4719 2676 4782 bene
2697 4721 2973 4798 gerendae
2998 4740 3104 4802 spe
3136 4723 3744 4808 deposita,postrema

2106 4806 2222 4868 sibi
2254 4809 2506 4871 invicem
2541 4810 2748 4872 salutis
2780 4810 2957 4874 verba
2982 4812 3139 4874 inter
3153 4806 3743 4900 amplexandum,pe-

2105 4897 2358 4958 riculuai
2406 4909 2841 4978 exspectantes,
2901 4901 3448 4982 impertiebantur:
3503 4897 3741 4970 tandem

2105 4987 2374 5048 ultimam
2407 4989 2724 5052 anchoram
2751 4990 3002 5070 jaciunt,
3039 4999 3098 5052 et
3126 4991 3438 5071 Symeonis
3466 4995 3540 5056 ad
3569 5012 3742 5056 com-

2107 5093 2347 5137 munem
2383 5077 2704 5139 Dominum
2748 5080 3094 5141 memoriam
3125 5079 3494 5154 refricantes,
3529 5081 3744 5143 simul-

2107 5185 2223 5247 que
2253 5185 2389 5228 eum
2424 5167 2482 5228 in
2547 5168 2825 5232 columna
2879 5169 3217 5232 habuerunt
3267 5188 3372 5250 pro
3419 5187 3528 5231 sua
3555 5169 3745 5234 salute

2107 5257 2553 5337 deprecantem,
2586 5267 2647 5320 et
2673 5258 2851 5319 simul
2880 5264 3022 5339 ipsis
3052 5277 3258 5320 rursus
3301 5259 3358 5318 in
3389 5257 3517 5318 navi
3558 5277 3746 5340 appa-

2107 5357 2388 5408 rentem:
2449 5356 2510 5408 et
2563 5366 2698 5410 mox
2753 5367 2916 5410 mare
2970 5349 3237 5410 sedatum
3300 5355 3748 5427 perceperunt;

2108 5455 2242 5496 nam
2277 5436 2393 5498 leni
2429 5455 2562 5497 mox
2593 5455 2736 5499 aura
2763 5438 3016 5511 alllante,
3048 5436 3236 5515 plenis
3267 5435 3412 5498 velis
3441 5453 3549 5516 per
3581 5443 3739 5500 tran-

2107 5523 2356 5605 quillum
2397 5524 2634 5605 pelagus
2673 5525 2934 5598 deducti,
2970 5523 3042 5586 ad
3080 5523 3490 5588 continentem
3525 5545 3741 5611 perve-

2109 5627 2349 5679 nerunt.
