4094 6196
396 303 506 374 371

1687 306 1848 369 ΜΕΝ
1853 305 1966 369 SIS
2019 299 2475 368 JANUARIUS.

3648 293 3759 361 372

452 445 687 511 36.Nec
708 441 853 508 illud
875 443 950 507 de
971 461 1039 506 eo
1058 439 1701 525 praetereaturﬂirgam
1717 437 2017 520 aliquandi

2203 428 2341 512 λςΙ-
2374 437 2539 525 ,Ἀλν
2584 437 2731 503 ὅπως
2778 458 2845 514 με
2877 434 3013 510 μηδὲ
3047 443 3200 495 τοῦτο
3244 437 3350 495 τῶν
3381 435 3578 495 ἐκείνου
3623 456 3762 525 παρ-

398 555 432 598 e
461 538 611 602 coelo
635 536 939 615 delapsam
967 534 1170 594 videre
1196 537 1359 592 visus
1380 533 1660 609 Symeon:
1686 528 2036 607 Flagellum,

397 625 615 708 inquit,
644 624 817 686 nobis
840 626 996 684 Deus
1019 629 1149 701 post
1189 620 1339 682 duos
1362 637 1552 708 annos
1580 619 1877 681 immittet.
1911 619 2038 708 iam

404 705 638 796 tempus
669 712 742 774 ab
775 731 844 772 eo
896 712 1301 789 praescriptum
1355 707 1586 781 aderat,
1619 718 1677 768 et
1704 716 1860 768 terra
1892 705 2040 796 nihil

399 794 644 865 omnino
677 800 830 878 tulit,
866 797 1160 858 imbribus
1209 815 1423 859 carens
1450 816 1467 872 ;
1500 795 1709 875 ingens
1740 794 2037 876 siquidem

399 890 637 953 siccitas
669 906 797 949 eam
832 895 1169 965 occuparat,
1213 892 1272 947 et
1300 885 1480 946 simul
1515 886 1699 948 fames
1724 904 1796 947 ac
1828 884 2036 965 pestis,

397 978 544 1040 mala
572 976 708 1039 inde
743 974 1181 1055 provenientia,
1217 974 1424 1055 quavis
1446 992 1619 1055 poena
1643 974 1877 1054 gravius
1905 990 2036 1036 eam

393 1066 756 1146 afﬂigebant,
812 1063 1210 1145 hominesque
1241 1081 1443 1126 amare
1474 1064 1839 1125 cruciabant.
1860 1061 2038 1125 Tales

391 1157 569 1235 igitur
596 1152 853 1217 habebat
871 1152 1080 1215 oculos
1103 1153 1318 1215 mentis
1337 1152 1704 1233 Symeonita
1725 1153 1888 1213 omni
1912 1159 2033 1213 ter-

389 1262 535 1306 rena
565 1243 819 1322 caligine
852 1249 1261 1323 perpurgatos,
1297 1253 1360 1303 ut
1390 1241 1584 1303 futura
1633 1242 1835 1303 omnia
1865 1242 2031 1321 quasi

382 1342 504 1416 jam
528 1334 830 1416 prasentia
854 1332 1426 1416 intueretur.Deinde
1446 1331 1704 1402 prmdixit
1725 1345 2030 1416 erucarutn

392 1414 650 1497 plagam.
691 1415 907 1479 Verum
969 1434 1087 1477 non
1120 1416 1197 1477 ita
1228 1415 1287 1477 in
1321 1416 1425 1478 Dei
1458 1416 1547 1477 ira
1577 1414 2031 1495 praanuntianda

391 1506 554 1569 celer
576 1516 633 1568 et
663 1524 971 1587 prompzus
1002 1513 1224 1578 erat,ut
1253 1504 1324 1566 ad
1362 1505 1578 1566 malum
1604 1504 2027 1584 depellendum

2125 526 2265 585 έλθοι
2300 544 2315 560 ·
2373 519 2587 587 (Ράϐδον
2628 528 2759 585 ποτὲ
2803 528 2895 584 τοῦ
2938 531 3158 604 οὐρανοῦ
3201 526 3639 607 καταφερομένην
3671 522 3762 580 δό-

2128 615 2219 682 ξας
2262 616 2417 688 ἰδεῖν,
2454 619 2723 695 Μάστιγα,
2758 619 2939 685 εἶπεν,
2974 619 3111 691 ἡμῖν
3142 620 3170 673 ὁ
3203 618 3330 681 Θεὸς
3363 617 3497 691 μετά
3526 612 3763 691 δεύτερον

2123 705 2238 769 ἔτος
2284 705 2572 786 ἐπαφήσει.
2623 705 2827 783 Ἐπὴγε
2877 706 3047 762 τοίνυν
3101 707 3129 761 ὁ
3173 705 3369 784 χρόνος
3412 704 3509 771 τὴν
3568 705 3761 777 προθε-

2123 794 2303 868 σμίαν,
2349 795 2443 851 καὶ
2488 797 2522 863 ἡ
2572 800 2644 872 γῆ
2689 796 2788 869 μὲν
2831 793 2977 852 οὐδὲν
3023 792 3265 852 ἐδεδώκει
3310 797 3628 869 στερηθεῖσα
3670 797 3761 847 τοῦ

2121 882 2318 940 ἄνωθεν
2362 880 2573 957 ὕδατος,
2623 885 2834 963 αὐχμὸς
2879 883 2933 938 δὲ
2979 885 3143 949 αὐτὴν
3204 882 3510 961 κατειλήφει
3567 881 3757 958 μέγας,

2120 973 2207 1029 καὶ
2238 970 2397 1046 λιμὸς
2428 974 2561 1047 ὁμοῦ
2593 974 2680 1028 καὶ
2710 971 2923 1047 λοιμὸς,
2956 972 3019 1028 τὰ
3050 971 3252 1030 ἐκεῖθεν
3281 972 3565 1047 τικτόμενα
3595 970 3755 1040 κακὰ,

2118 1060 2373 1138 τιμωρίας
2414 1082 2472 1116 τε
2529 1062 2708 1127 πάσης
2770 1060 3151 1140 χαλεπώτερον
3194 1060 3394 1127 ταύτην
3449 1059 3754 1137 ἐμάστιζον,

2116 1150 2203 1206 καὶ
2246 1150 2367 1213 τοὺς
2432 1150 2734 1229 ἀνθρώπους
2788 1153 2989 1227 πικρῶς
3047 1149 3373 1225 ἐμερίζοντο.
3430 1155 3649 1206 Τοιοῦτο
3690 1152 3758 1213 ἧν

2115 1243 2258 1306 αὐτῷ
2312 1241 2375 1295 τὰ
2417 1243 2517 1308 τῆς
2562 1239 2746 1318 ψυχῆς
2808 1238 2981 1313 ἅμμα,
3027 1238 3205 1305 πάσης
3247 1237 3448 1317 ἀχλύος
3490 1236 3757 1314 περιγείου

2114 1327 2529 1406 κεκαθαρμένον,
2589 1329 2678 1385 καὶ
2751 1330 2822 1393 ὡς
2907 1327 3139 1406 παρόντα
3198 1325 3300 1394 ἤδη
3358 1328 3422 1384 τὰ
3493 1324 3759 1400 μέλλοντα

2111 1420 2374 1495 προορῶν,
2442 1418 2579 1475 Εἶτα
2623 1416 2718 1473 καὶ
2788 1417 3008 1492 κάμπης
3064 1414 3367 1495 προσϐολὴν
3425 1417 3753 1493 προμηνύει.

2112 1504 2280 1563 Ἀλλά
2325 1507 2425 1584 γὰρ
2456 1510 2560 1585 οὔχ
2603 1505 2741 1562 ὥστε
2787 1506 2883 1581 μὲν
2928 1506 3092 1583 ὀργὴν
3137 1519 3440 1584 προειπεῖν,
3485 1504 3622 1563 οὕτω
3652 1527 3757 1560 τα-

392 1594 707 1674 negligens
739 1604 839 1656 aut
864 1595 1162 1674 impotens
1184 1600 1363 1668 esset;
1389 1594 1494 1656 sed
1529 1611 1659 1656 eam
1693 1593 1769 1655 ob
1792 1611 2017 1655 causam

2111 1595 2214 1674 χὺς
2258 1593 2324 1661 ἧν
2355 1596 2441 1652 καὶ
2472 1596 2789 1674 πρόχειρος,
2823 1594 2963 1651 ὥστε
3017 1593 3070 1650 δὲ
3101 1595 3163 1650 τὸ
3193 1592 3361 1651 δεινὸν
3396 1599 3584 1661 στῆσαι
3615 1594 3757 1669 ἀμευ-

389 1687 873 1756 praamonebatmt
889 1689 1123 1757 praevisa
1150 1686 1345 1744 minus
1364 1696 1658 1744 nocerent:
1680 1684 1826 1741 Intra
1850 1685 2004 1742 enim

2112 1682 2212 1751 λης
2241 1683 2277 1752 ἢ
2306 1681 2556 1746 ἀδύνατος
2595 1701 2608 1714 ·
2642 1683 2761 1741 ἀλλ’
2818 1683 3136 1762 ἐπήνεγκεν,
3174 1686 3248 1749 ὡς
3293 1683 3439 1740 οὒδὲν
3483 1683 3623 1761 μέγα
3654 1682 3752 1739 λυ-

386 1770 719 1852 inquiebat,
756 1769 947 1831 minas
976 1770 1171 1832 adhuc
1199 1770 1439 1831 decreta
1469 1777 1583 1830 stat
1613 1786 1806 1850 poena:
1834 1768 2017 1832 solum

2112 1786 2361 1841 μανεϊται
2391 1792 2405 1807 ⁸
2440 1774 2605 1853 μέχρι
2656 1774 2757 1851 γὰρ
2813 1779 2912 1841 τῆς
2949 1772 3176 1840 ἀπειλῆς
3206 1777 3242 1844 ἡ
3286 1774 3539 1848 βάσανος,
3591 1773 3754 1845 μόνον

387 1878 521 1941 quae
544 1859 918 1941 peccavimus
936 1865 1306 1937 corrigamus
1336 1858 1459 1922 Hoc
1474 1877 1612 1919 vero
1625 1856 2017 1939 dicebat,pro-

2113 1863 2203 1919 ὲάν
2253 1862 2647 1940 ἁμαρτάνοντες
2704 1861 3129 1942 ἐπιστρέφωμεν.
3209 1869 3371 1920 Τοῦτο
3455 1860 3509 1917 δὲ
3570 1862 3753 1933 εἶπεν,

390 1949 654 2030 priorum
689 1948 959 2010 laborum
995 1957 1158 2010 recte
1189 1947 1340 2009 facta
1367 1957 1610 2028 tegens:
1647 1947 1786 2009 hinc
1819 1956 1879 2009 et
1910 1965 2027 2009 non

353 2047 504 2099 otam
531 2057 700 2100 suam
727 2056 868 2117 erga
892 2041 1076 2101 Deum
1103 2037 1590 2116 ﬁduciam,quam
1624 2037 1860 2098 illorum
1895 2054 2024 2116 pm-

387 2129 696 2195 nitentiam
732 2136 1001 2190 testatam
1035 2144 1169 2188 esse
1211 2125 1468 2201 volebat;
1507 2134 1749 2189 noverat
1775 2125 1933 2188 enim
1961 2144 2026 2187 se

388 2217 633 2297 indigna
666 2235 870 2298 passos
901 2235 1018 2277 non
1067 2215 1498 2294 neglecturum,
1528 2215 1634 2277 sed
1668 2215 1749 2277 ita
1777 2214 1928 2290 fore,
1960 2224 2027 2275 ut

389 2308 629 2388 propria
659 2305 1140 2386 interpellatione
1171 2305 1318 2367 iram
1351 2304 1531 2366 divini
1563 2304 1838 2367 Numinis
1858 2306 2023 2367 seda-

383 2397 945 2473 rel,imminensque
973 2394 1270 2473 flagellum
1295 2394 1508 2456 sistere
1530 2413 1594 2455 se
1626 2412 1799 2474 posse
1830 2394 2021 2456 conﬁ-

310 2529 314 2533 «
384 2483 585 2548 debat.
620 2484 892 2547 Nondum
955 2483 1133 2562 igitur
1182 2483 1417 2560 triginta
1448 2482 1577 2545 dies
1608 2483 1796 2564 elapsi
1827 2492 2017 2557 erant,

380 2589 513 2633 cum
535 2591 669 2634 ecce
693 2578 896 2648 ingens
912 2590 1215 2632 erucarum
1240 2576 1589 2633 circumfusa
1607 2576 1791 2633 nubes
1815 2590 2021 2645 parum

381 2660 723 2741 abfuitquin
750 2669 931 2722 totam
949 2671 1125 2722 terrm
1147 2660 1355 2722 faciem
1381 2660 2021 2741 occuparet.Homines

386 2768 581 2831 neque
605 2750 744 2831 quid
773 2751 908 2811 boni
932 2750 1008 2813 de
1033 2750 1226 2812 futuro
1252 2748 2019 2830 sperarenthabebant,ue-

383 2857 502 2920 que
537 2839 756 2913 vero,si
792 2857 924 2920 quae
956 2840 1092 2900 mali
1118 2838 1333 2901 solutio
1364 2838 1561 2901 futura
1590 2848 2021 2915 esset,cogno-

382 2945 557 2991 scere
580 2928 1144 3009 poterant;denique
1165 2928 1413 2990 detanto
1429 2927 1728 3007 reptilium
1756 2927 2019 3006 periculo

380 3016 688 3080 evadendo
720 3020 956 3099 penitus
1001 3019 1126 3099 jam
1178 3015 1600 3098 desperabant,
1636 3034 1831 3097 neque
1861 3016 2017 3078 aliud

378 3123 551 3187 quam
577 3107 1111 3188 prasentissimum
1134 3106 1276 3168 inde
1301 3104 1544 3168 exitium
1569 3104 2016 3185 exspectabant,

380 3204 552 3258 terra;
573 3197 866 3259 fructibus
895 3196 1106 3275 partim
1135 3196 1399 3257 nondum
1418 3192 2016 3274 enascentibus,par-

379 3285 480 3347 tim
533 3284 607 3348 ab
637 3286 836 3347 erucis
885 3286 1010 3366 jam
1038 3284 1430 3364 consumptis.
1466 3282 1723 3365 Symeon
1754 3301 1891 3346 vero
1924 3284 2017 3344 vix

375 3374 565 3438 Deum
598 3388 731 3437 erat
751 3375 1281 3455 deprecatus,cum
1315 3392 1460 3436 ecce
1487 3374 1682 3435 omnis
1707 3389 2016 3436 erucarum

374 3466 702 3546 copia,quaa
725 3466 1131 3543 jumentorum
1164 3463 1445 3543 pabulum
1475 3462 1599 3524 fere
1633 3462 2021 3525 labefactave-

372 3554 791 3636 rat,extemplo
821 3562 1171 3634 consumpta
1193 3561 1490 3627 est,terras
1517 3550 1783 3630 frugibus
1806 3551 1867 3613 in
1901 3552 2014 3614 ho-

373 3643 600 3705 minum
636 3660 777 3707 usus
805 3642 1273 3706 accommodatis
1322 3641 1484 3704 nullo
1539 3642 1772 3722 penitus
1823 3660 2012 3704 nocu-

373 3741 578 3794 mento
610 3732 792 3796 illato.

450 3822 551 3885 37.
581 3823 834 3902 Dignum
868 3820 1027 3904 quod
1060 3820 1154 3882 his
1184 3818 1433 3883 addatur
1462 3827 1520 3883 et
1548 3819 1717 3883 illud.
1742 3818 1884 3882 Duae
1904 3820 2013 3883 ali—

371 3911 612 3988 quando
629 3912 803 3989 virgae
816 3911 955 3973 huic
972 3909 1356 3971 invisibilium
1373 3910 1614 3973 istarum
1630 3929 1828 3972 rerum
1844 3929 2009 3991 spec-

371 4003 541 4062 tatori
590 4018 622 4061 e
651 4000 806 4062 cwlo
836 3999 1053 4061 deferri
1114 3999 1254 4061 visaa
1303 4000 1560 4074 fuerant,
1618 4018 1864 4079 quarum
1896 4018 2014 4061 una

369 4106 573 4150 versus
598 4089 888 4149 orientem
922 4088 1109 4149 solem
1166 4087 1571 4161 incumbebat,
1600 4089 1783 4150 altera
1814 4107 2015 4151 versus

369 4175 887 4257 aquilonem.Eam
912 4176 1204 4239 visionem
1235 4179 1551 4239 Persarum
1578 4188 1634 4239 et
1657 4176 2011 4256 Scytharum

366 4269 426 4327 in
455 4268 1141 4340 Romanosirruptionem
1176 4270 1433 4328 indicare
1453 4270 1843 4333 declat-minet
1867 4272 2015 4329 hanc

366 4355 649 4417 visionem
684 4354 1072 4436 praesentibus
1103 4356 1357 4418 narravit
1391 4355 1660 4435 (31-32).
1705 4358 1839 4437 Ipse
1873 4374 2011 4418 vero

2110 1956 2216 2007 τῶν
2260 1953 2467 2008 οἰκείων
2523 1954 2703 2007 πόνων
2760 1953 3004 2030 κρύπτων
3061 1953 3128 2008 τὰ
3196 1951 3579 2029 κατορθώματα
3609 1974 3623 1989 υ
3670 1950 3757 2007 διὰ

2107 2048 2264 2096 τοῦτο
2321 2042 2423 2118 γὰρ
2466 2042 2553 2096 καὶ
2584 2046 2680 2107 τῆς
2710 2040 2925 2099 ἐκείνων
2971 2044 3280 2121 μετανοίας,
3328 2043 3389 2099 οὐ
3434 2043 3531 2108 της
3567 2042 3755 2101 ἑαυτοῦ

2108 2131 2237 2207 πρὸς
2269 2132 2359 2186 τὸν
2413 2131 2543 2186 Θεὸν
2601 2130 2918 2210 παρρησίας,
2964 2132 3025 2187 τὸ
3066 2138 3289 2208 πρᾶγμα
3340 2131 3536 2188 ἐτίθετο
3572 2147 3585 2161 ⁸
3635 2128 3753 2207 ᾔδει

2108 2220 2209 2296 γὰρ
2255 2220 2329 2282 ὡς
2387 2220 2446 2274 οὔ
2511 2221 2829 2297 περιόψεται
2886 2219 3075 2282 αὐτοὺς
3160 2226 3340 2283 κακῶς
3412 2221 3748 2300 πάσχοντας,

2107 2306 2243 2365 ἀλλὰ
2302 2315 2371 2384 τῇ
2428 2310 2594 2381 οἰκείᾳ
2642 2311 2773 2387 πρὸς
2818 2311 2909 2365 τὸν
2956 2312 3235 2377 Δεσπότην
3279 2308 3509 2376 ἐντεύξει
3546 2311 3748 2386 κοιμή-

2106 2418 2215 2453 σειε
2272 2396 2462 2454 λοιπὸν
2513 2399 2610 2467 τὴν
2656 2399 2843 2476 ὀργὴν,
2897 2397 2992 2455 καί
3037 2400 3222 2469 στήσει
3286 2399 3402 2455 κατ’
3436 2399 3607 2456 αὐτῶν
3648 2399 3753 2456 ἐπ-

2106 2486 2519 2560 ανατεινομένην
2575 2488 2674 2555 τὴν
2733 2489 2991 2566 μάστιγα.
3042 2487 3202 2545 Οὔπω
3243 2489 3416 2549 τοίνυν
3461 2491 3754 2567 τριάκοντα

2105 2577 2165 2632 τὸ
2223 2575 2320 2632 ἀπ’
2349 2576 2549 2633 ἐκείνου
2580 2581 2848 2653 παρῆλθον
2907 2576 3131 2654 ἡμέραι,
3191 2579 3278 2633 καὶ
3335 2582 3556 2654 καμπης
3615 2578 3754 2635 πολύ

2105 2686 2154 2720 τι
2187 2665 2341 2743 νέφος
2396 2665 2683 2745 περιχυθὲν
2733 2674 2924 2742 μιαροῦ
2966 2662 3078 2721 δεῖν
3140 2667 3199 2722 τὸ
3258 2667 3550 2745 πρόσωπον
3608 2666 3751 2721 ἅπαν

2105 2752 2308 2832 ἐπέσχε
2355 2758 2454 2820 τῆς
2486 2761 2612 2831 γῆς.
2647 2757 2752 2812 Καὶ
2784 2758 2831 2810 οἱ
2862 2754 2960 2829 μὲν
3010 2755 3274 2831 ἅνθρωποι
3325 2754 3437 2812 οὐδὲ
3472 2754 3600 2833 ὑπὲρ
3641 2762 3749 2812 τῶν

2104 2840 2413 2914 μελλόντων
2445 2840 2655 2919 θαῤῥεῐν
2686 2843 2872 2921 εἶχον,
2922 2840 3039 2898 οὒδὲ
3072 2841 3259 2899 εἰδέναι
3306 2847 3487 2923 σαφῶς
3520 2844 3573 2900 εἴ
3616 2845 3750 2902 ποτέ

2102 2950 2182 2993 τις
2213 2928 2359 2986 ἔσται
2413 2938 2506 2986 τοῦ
2564 2934 2731 2987 κακοῦ
2761 2930 2905 2993 λύσις
2942 2947 2956 2961 ⁹
3011 2930 3198 3006 ἀμέλει
3229 2934 3315 2987 καὶ
3372 2934 3588 2997 ἑαυτοὺς
3632 2933 3742 2990 ἀπ-

2103 3018 2415 3095 εγίνωσκον,
2463 3020 2536 3084 ὡς
2596 3020 2656 3075 οὒ
2699 3021 2789 3077 τὸν
2831 3022 2894 3077 εκ
2949 3022 3051 3088 τῖλς
3105 3022 3328 3096 κάμπης
3360 3020 3593 3078 κίνδυνον
3624 3022 3745 3079 δια-

2102 3104 2414 3188 δράσοντας,
2474 3106 2612 3165 ἀλλά
2666 3110 2848 3174 κακῶς
2902 3109 3320 3189 ἀπολουμένους,
3369 3122 3607 3190 καρπῶν,
3641 3118 3746 3168 τῶν

2099 3196 2197 3270 μὲν
2228 3194 2345 3254 οὖδὲ
2373 3197 2705 3278 ἀναφύντων,
2737 3205 2844 3257 τῶν
2898 3198 2954 3256 δὲ
3003 3202 3105 3257 ὑπὸ
3148 3202 3245 3267 τῆς
3278 3201 3495 3277 κάμπης
3528 3200 3744 3258 ἀναλω-

2097 3284 2319 3350 θέντων.
2378 3278 2433 3345 Ὀ
2487 3288 2542 3344 δὲ
2598 3293 2799 3368 χρῆται
2832 3294 2900 3367 τῇ
2931 3291 3062 3368 πρὸς
3108 3292 3198 3347 τὸν
3247 3292 3378 3348 Θεὸν
3409 3289 3611 3364 δεήσει,
3658 3293 3749 3348 καὶ

2101 3375 2135 3442 ἡ
2166 3374 2357 3450 κάμπη
2390 3376 2533 3443 etot»;
2563 3379 2625 3435 ὲκ
2669 3376 2867 3453 ποδῶν,
2901 3381 2994 3435 τὸν
3024 3380 3129 3436 τῶν
3161 3378 3372 3457 ἀλόγων
3406 3379 3569 3460 χιλὸν
3610 3383 3743 3460 βρα-

2101 3462 2205 3551 χέα
2236 3462 2615 3541 λυμηναμένη,
2648 3467 2744 3535 τῆς
2795 3490 2855 3545 γε
2904 3468 3015 3543 μὴν
3063 3470 3169 3525 τῶν
3200 3468 3485 3548 ἀνθρώπων
3544 3476 3740 3551 τροφῆς

2098 3550 2204 3610 ούδ⁹
2248 3552 2394 3617 ὅπως
2426 3558 2514 3611 οὗν
2558 3555 2835 3633 ἁψαμένη,
2884 3556 3000 3617 οὖδέ
3032 3580 3085 3615 τι
3141 3556 3339 3636 βλάϐος
3397 3559 3582 3624 αὐτοῖς
3642 3560 3741 3637 έμ-

2096 3644 2400 3713 ποιήσασα,

2172 3819 2257 3892 λζ.
2315 3822 2529 3887 Τούτοις
2588 3823 2730 3890 ἄξιον
2773 3829 2952 3884 ὲκεϊνο
3014 3831 3327 3908 προσθεῖναι
3363 3846 3376 3862 ο
3417 3829 3517 3885 Δύο
3562 3826 3738 3907 ῥάϐδοι

2093 3911 2223 3966 ποτὲ
2281 3918 2356 3986 τῷ
2425 3918 2529 3969 τῶν
2615 3914 2852 3972 ἀθεάτων
2930 3917 3101 3993 τούτῳ
3167 3921 3328 3994 θεατῇ
3409 3917 3460 3984 ἐξ
3518 3918 3738 3995 ούρανοῦ

2093 3999 2517 4080 καταφερόμεναι
2548 4002 2801 4083 ὤφθησαν
2837 4021 2851 4036 ⁸
2905 4009 2979 4061 ὡν
3035 4009 3069 4076 ἡ
3116 4008 3214 4082 μὲν
3263 4010 3394 4082 πρὸς
3448 4007 3737 4087 ἀνίσχοντα

2097 4088 2431 4157 ἐπέσκηπτεν
2495 4091 2669 4169 ἥλιον,
2736 4096 2770 4162 ἡ
2831 4093 2885 4151 δὲ
2957 4099 3088 4174 πρὸς
3143 4095 3352 4175 βορρᾶν,
3433 4098 3634 4174 Πέρσας
3679 4095 3734 4152 δὲ

2096 4176 2194 4253 ἄρα
2252 4180 2338 4235 καὶ
2422 4185 2622 4245 Σκύθας
2680 4185 2817 4240 κατά
2893 4175 3173 4261 Ῥωμαίων
3227 4187 3532 4263 στρατεύειν
3591 4208 3732 4263 παρ-

2095 4264 2286 4337 εδήλου
2316 4269 2380 4324 τά
2423 4274 2520 4335 τῆς
2560 4271 2680 4335 θέας
2713 4288 2726 4301 ⁵
2764 4275 2850 4329 καὶ
2874 4275 2973 4341 τὴν
3006 4275 3104 4348 μὲν
3134 4275 3257 4350 ὄψιν
3287 4273 3584 4352 διητήσατο
3617 4289 3732 4337 τοῖς

2093 4365 2373 4431 παροῦσιν.
2450 4361 2615 4425 Αὐτὸς
2675 4358 2729 4417 δὲ
2789 4360 3003 4441 δάκρυσι
3063 4366 3153 4421 καὶ
3219 4364 3588 4439 παρακλήσεσι
3648 4367 3733 4421 καὶ

365 4445 550 4506 multa
604 4444 996 4525 lacrymarum
1058 4445 1403 4525 profusione
1457 4453 1517 4507 et
1575 4446 1852 4525 precibus
1884 4448 2007 4509 Deo

2105 4446 2340 4510 ,xsts’atc
2390 4448 2451 4503 τὸ
2508 4455 2667 4506 Θεϊον
2747 4450 3083 4530 ἐξελιπάρει’
3167 4456 3257 4510 καὶ
3337 4457 3396 4513 οὐ
3479 4456 3733 4531 πρότερον

362 4532 781 4613 supplicabat:
844 4552 1037 4614 neque
1091 4536 1254 4615 prius
1311 4536 1384 4596 ab
1443 4534 1712 4596 oratione
1759 4535 2003 4610 destitit,

360 4640 538 4699 quam
572 4625 771 4685 Persas
802 4623 862 4685 in
913 4625 1215 4687 Romanos
1266 4624 1520 4698 incitati,
1559 4623 1719 4686 civili
1753 4625 1910 4687 inter
1941 4644 2008 4688 se

360 4710 736 4774 dissensione
785 4711 1017 4788 oborta,
1050 4721 1396 4793 apparatum
1433 4713 1754 4777 militarem
1787 4715 2007 4777 dissol-

360 4808 587 4865 verent.
648 4803 880 4881 Scythas
932 4819 1096 4873 vero,
1131 4802 1368 4881 cognita
1401 4805 1717 4866 Persarum
1753 4813 1999 4866 cuncta-

361 4889 543 4962 tione,
578 4898 638 4951 et
694 4890 808 4969 ipsi
855 4890 1236 4969 quieverunt,
1301 4910 1494 4973 neque
1545 4891 1719 4969 vulgo
1757 4910 1999 4955 sensum

359 4979 782 5059 commotionis
805 4979 1217 5059 praebuerunt.

398 5114 407 5121 .
437 5058 706 5122 38.Talis
731 5058 857 5121 erat
892 5059 1263 5123 admirabilis
1281 5059 1384 5123 ille
1403 5059 1658 5142 Symeon
1682 5082 1694 5123 :
1717 5060 1797 5122 ita
1827 5079 1998 5124 com-

430 5225 646 5298 (31-32)
703 5227 883 5285 Aliter
934 5228 1351 5295 Theodoretus.
1391 5249 1414 5280 ι
1466 5229 1532 5287 In
1565 5239 1776 5287 terram
1806 5240 1997 5288 autem

358 5296 697 5357 orientalem
718 5299 997 5357 cadebant
1017 5299 1550 5359 otoccidentalema
1576 5302 1865 5358 Baronius
1885 5302 1999 5359 haec

358 5369 428 5425 ad
442 5383 660 5443 annum
675 5370 779 5426 £20
792 5371 1213 5443 refert,quando
1229 5380 1453 5431 mortuo
1465 5372 1753 5443 Isdigerde
1773 5388 1999 5431 succes-

356 5455 454 5513 sor
483 5440 805 5513 Vararanes
837 5440 1021 5500 fmdus
1067 5444 1243 5513 rupit,
1275 5444 1426 5500 malo
1457 5440 1689 5500 suofAt
1720 5457 1836 5500 non
1871 5456 1993 5501 tum

355 5508 686 5585 in_exordio
717 5512 838 5585 ipso
869 5514 1119 5583 sopitum
1143 5508 1237 5571 est
1262 5516 1336 5571 ob
1363 5514 1562 5585 civiles
1597 5514 1994 5585 dissensiones

356 5577 594 5650 bellum,
628 5590 687 5639 ut
717 5577 864 5653 p'atet
886 5577 954 5640 ci
980 5585 1047 5641 iis
1069 5599 1191 5659 quae
1234 5592 1435 5643 narrat
1462 5583 1727 5642 Socrates
1754 5583 1855 5643 lib.
1891 5598 1990 5654 vn,

2090 4534 2255 4600 ἀνῆκε
2315 4533 2586 4612 δεόμενος,
2626 4537 2728 4604 ἕως
2762 4541 2822 4597 οὗ
2866 4545 2913 4597 οἱ
2968 4543 3104 4598 κατά
3158 4535 3431 4616 Ῥωμαίων
3482 4545 3729 4610 κινηθέν-

2088 4644 2174 4689 τες
2219 4625 2418 4701 Πέρσαι
2485 4627 2581 4688 μὲν
2640 4629 2824 4686 στάσει
2891 4634 2996 4688 τινὶ
3052 4631 3289 4711 ἐμφυλίῳ
3342 4634 3413 4697 εἰς
3462 4631 3730 4698 ἀλλήλους

2088 4712 2391 4769 διελύσαντο
2460 4717 2558 4782 τὴν
2615 4720 2977 4795 παρασκευὴν,
3047 4722 3109 4778 τὸ
3177 4719 3231 4776 δὲ
3288 4723 3566 4799 Σκυθικὸν,
3629 4722 3730 4787 τὴν

2087 4808 2196 4858 τῶν
2232 4809 2445 4880 Περσῶν
2476 4804 2740 4874 συστολὴν
2785 4810 3067 4888 μαθόντες,
3100 4810 3376 4888 ἠρέμησαν
3419 4810 3507 4867 καὶ
3555 4812 3722 4883 αύτοὶ,

2084 4893 2173 4948 καὶ
2205 4889 2320 4947 οὐδὲ
2365 4891 2622 4960 αἴσθησιν
2653 4896 2929 4978 παρέσχον
2971 4899 3093 4963 τοῖς
3153 4897 3377 4963 πολλοῖς
3424 4906 3512 4956 τοῦ
3563 4922 3725 4966 κινη-

2083 5002 2249 5056 ματος
2259 5025 2271 5039 .

2160 5067 2274 5137 λη’.
2338 5079 2582 5134 Τοιοῦτος
2656 5077 2723 5143 ἦν
2785 5075 2815 5131 ὅ
2864 5077 3155 5152 θαυμάσιος
3216 5080 3393 5151 οὗτος,
3453 5081 3539 5136 καὶ
3587 5081 3731 5139 οὕτω

2082 5237 2517 5320 εορλςϐιιμιιοᾲ
2582 5240 2674 5296 hic
2723 5241 2778 5299 S.
2835 5243 3139 5320 Symeonis
3178 5245 3447 5320 precibus
3510 5246 3726 5320 factum

2080 5308 2711 5391 scribitTheodoretus
2769 5322 2826 5372 et
2879 5308 3312 5391 ltletaphrastes.
3368 5318 3449 5374 De
3482 5318 3728 5391 regibus

2082 5379 2387 5452 Persarum
2446 5380 2799 5452 Isdigerdem
2834 5395 2887 5441 et
2921 5379 3265 5444 Vararancm
3316 5379 3730 5447 secutis'vide

2078 5451 2383 5575 gg‘miam
2416 5451 2579 5509 iib.tv
2608 5461 2661 5510 et
2694 5454 2925 5512 Petrum
2958 5456 3282 5516 Teixeiram
3317 5459 3418 5517 lib.
3455 5472 3471 5514 ι
3502 5460 3567 5516 de
3592 5458 3724 5534 Reg.

2124 5536 2213 5581 01⁵8
2219 5565 2231 5578 .
