4094 6196
437 310 553 379 375

445 562 578 605 cum
600 541 893 623 Symeone
916 539 1175 619 suscepit
1202 546 1527 609 certamen,
1553 536 1802 617 ejusque
1826 537 2089 616 pr0phe-

443 639 574 695 ticae
622 632 839 709 linguae
890 629 947 690 in
993 648 1056 689 se
1088 626 1446 689 charismata
1498 627 1829 707 patefaciat.
1890 625 2095 687 Adhuc

445 725 602 787 enim
627 720 736 783 sub
760 719 1037 795 magistro
1063 725 1120 777 et
1151 725 1384 795 pastore
1401 716 1673 778 asceticae
1693 714 2094 778 concertatio-

443 813 540 875 nis
566 809 800 871 labores
822 804 1138 869 exercebat
1164 804 1393 878 Daniel,
1431 814 1489 866 et
1521 807 1728 885 ingens
1759 823 1893 868 eum
1929 803 2091 865 desi-

442 899 669 962 derium
701 896 920 959 invasit
942 894 1308 957 ascendendi
1342 894 1704 965 columnam.
1734 906 1949 956 etcum
1982 891 2091 973 Sy-

442 1004 655 1050 meone
685 1005 882 1048 coram
918 984 1155 1064 agendi.
1196 984 1537 1066 Aliquando
1581 984 1761 1064 igitur
1790 1002 1928 1045 cum
1962 1001 2090 1042 ma-

441 1078 628 1157 gistro
660 1094 765 1137 suo
797 1073 869 1138 ad
904 1076 1264 1153 Symeonem
1302 1093 1433 1135 cum
1466 1074 1857 1156 pervenisset,
1884 1070 2093 1132 ambos

442 1166 702 1228 maxime
750 1165 1000 1245 rogavit,
1055 1164 1212 1228 hunc
1261 1162 1527 1244 quidem,
1560 1172 1624 1226 ut
1655 1163 1770 1225 sibi
1801 1162 2095 1224 columnae

437 1274 753 1319 ascensum
790 1254 1201 1333 permitteret:
1255 1255 1391 1316 (lein
1442 1254 1812 1332 magistrum,
1866 1259 1929 1312 ut
1979 1248 2092 1309 sibi

438 1364 755 1408 ascensum
807 1356 1122 1406 annueret.
1178 1342 1500 1426 Utriusque
1551 1345 1613 1405 tit
1662 1359 1907 1421 compos
1949 1338 2088 1410 voti,

439 1436 778 1498 columnam
828 1436 986 1495 enim
1024 1431 1210 1493 libere
1243 1432 1537 1495 ascendit.
1572 1433 1761 1505 Quem
1793 1430 1933 1491 dum
1980 1427 2091 1507 Sy-

422 1543 617 1587 .meon
645 1522 1073 1586 convenienter
1091 1521 1424 1583 venientem
1452 1522 1691 1602 excipit,
1722 1520 2092 1593 Confortare,

446 1619 551 1693 ait,
578 1624 635 1677 et
665 1614 853 1674 virum
878 1618 935 1673 te
968 1610 1187 1689 praebe,
1216 1611 1297 1671 fili
1324 1608 1569 1672 Daniel:
1609 1611 1776 1672 multi
1800 1610 1959 1672 enim
1989 1604 2093 1670 tibi

445 1707 522 1769 ob
554 1720 933 1768 communem
958 1700 1278 1762 Dominum
1304 1699 1541 1761 labores
1566 1699 1905 1780 perferendi
1926 1706 2087 1761 sunt.

1720 315 2001 378 MENSIS
2055 310 2506 377 JANUARIUS.

521 450 622 512 40.
669 446 925 513 Prodeat
954 450 1015 511 in
1051 450 1311 512 medium
1363 447 1570 509 Daniel
1615 447 1766 526 (35),
1801 453 1898 528 qui
1933 446 2092 508 idem
2117 454 2157 501 Α

3691 300 3806 367 376

2259 446 2340 511 μ’.
2372 447 2540 507 Ἀλλὰ
2579 453 2782 527 παρίτω
2814 455 2888 522 τῷ
2919 447 3064 525 λόγῳ
3091 448 3179 503 καὶ
3215 444 3416 514 Δανιὴλ
3458 448 3487 501 ὁ
3529 446 3621 501 τὸν
3662 446 3814 501 αὑτὸν

2173 547 2249 614 τῷ
2319 541 2539 615 Συμεὼν
2602 537 2970 613 διαδεξάμενος
3040 535 3218 611 ἆθλον,
3287 536 3372 593 uti
3415 532 3666 591 δεικνύτω
3719 535 3817 601 τῆς

2179 634 2511 708 προφητικῆς
2561 628 2767 695 ἐκείνης
2796 627 3041 705 γλώττης
3076 626 3130 682 ἐν
3178 626 3351 698 ἐαυτῷ
3392 625 3456 681 τὰ
3485 624 3811 703 χαρίσματα.

2178 710 2311 776 ’Υπὸ
2353 722 2639 797 καθηγητῇ
2699 719 2796 792 μὲν
2826 718 2926 795 γὰρ
2974 716 3051 772 ἔτι
3098 717 3184 772 καὶ
3217 714 3435 789 ποιμένι
3475 715 3599 777 τοὺς
3642 714 3816 780 ἀσκη-

2176 810 2357 873 τικοὺς
2420 811 2447 864 ὁ
2484 806 2684 875 Δανιὴλ
2741 806 3063 884 ἐγυμνάζετο
3119 804 3337 878 πόνους,
3371 805 3457 861 καὶ
3488 803 3616 881 ἔρως
3663 805 3818 863 αὐτὸν

2176 897 2342 955 εἰσέόυ
2396 895 2616 977 σφοδρὸς
2647 895 2729 952 ἐπὶ
2779 898 2872 952 τὸν
2931 895 3118 951 στύλον
3159 915 3217 951 τε
3268 894 3400 973 πρὸς
3452 895 3542 949 τὸν
3600 894 3816 966 Συμεὼν

2176 986 2458 1062 ἀναϐῆναι,
2522 988 2610 1044 xui
2656 985 2979 1061 ζᾶπολαῦσαι
3048 985 3144 1051 τῆς
3186 990 3278 1040 τοῦ
3346 981 3530 1055 ἀνδρὸς
3573 981 3813 1058 ὁμιλίας·

2176 1079 2313 1135 Ποτὲ
2356 1078 2528 1135 τοίνυν
2558 1078 2649 1133 σὺν
2707 1080 2786 1136 τῷ
2837 1075 3012 1149 οἰκείῳ
3054 1074 3266 1149 ποιμένι
3319 1074 3451 1151 πρὸς
3507 1074 3665 1131 αὐτὸν
3705 1094 3815 1129 πα-

2180 1169 2507 1247 ραγεγονὼς,
2542 1165 2715 1223 ἐδεῖτο
2768 1166 2969 1245 ἀμῖοῐν
2997 1166 3068 1229 ὡς
3125 1163 3380 1238 μάλιστα,
3415 1161 3508 1218 τοῦ
3537 1162 3633 1236 μὲν
3678 1161 3814 1219 ὥστε

2181 1256 2275 1324 τὴν
2335 1259 2408 1317 εἰς
2467 1257 2623 1312 αὺτὸν
2680 1251 2863 1311 ἄνοδον
2915 1251 3217 1329 ἐπιτρέψαι,
3262 1257 3355 1307 τοῦ
3417 1247 3473 1306 δὲ
3535 1249 3813 1323 ποιμένος,

2177 1346 2314 1402 ὥστε
2373 1344 2719 1402 συλλαϐέσθαι
2773 1348 2915 1416 αὒτῷ
2954 1345 3052 1410 τῆς
3110 1337 3416 1404 ἀναϐάσεως
3472 1340 3567 1407 τῆς
3597 1339 3683 1395 ἐπὶ
3723 1340 3816 1394 τὸν

2178 1434 2390 1508 στόλον,
2445 1435 2710 1515 Τυγχάνει
2771 1436 2860 1489 οὗν
2914 1433 3009 1499 τῆς
3065 1428 3322 1503 σπουδῆς,
3359 1429 3449 1486 καὶ
3505 1432 3533 1485 δ
3577 1429 3674 1504 μὲν
3729 1430 3818 1484 ὶπὶ

2177 1528 2269 1583 τὸν
2322 1525 2506 1582 στύλον
2552 1526 2739 1584 ἄνεισι.
2807 1521 3200 1596 Αεξιωσάμενος
3257 1517 3311 1575 δὲ
3380 1520 3533 1578 αὐτὸν
3590 1520 3617 1575 ὁ
3670 1521 3816 1580 θεῖος

2178 1617 2398 1691 Συμεὼν
2477 1616 2542 1671 τὰ
2626 1615 2827 1692 εἰκότα,
2890 1613 3076 1690 "laxus
3146 1611 3235 1666 καὶ
3306 1607 3560 1687 ἀνδρίζου,
3631 1609 3815 1662 τέκνσν

2179 1706 2401 1779 Δανιὴλ,
2438 1705 2561 1785 ἔφη’
2621 1704 2853 1767 πολλοὺς
2896 1702 2997 1780 γὰρ
3039 1699 3121 1756 διὰ
3164 1701 3254 1755 τὸν
3312 1700 3487 1754 κοινὸν
3538 1700 3816 1762 Δεσπότην

442 1796 664 1858 Verum
698 1791 925 1874 gaude;
977 1790 1109 1869 ejus
1139 1789 1294 1850 enim
1329 1789 1515 1867 gratia
1545 1792 1881 1862 roboratus,
1918 1808 2088 1850 com-

2181 1800 2454 1874 ὕποστήσῃ
2510 1797 2800 1871 καμάτους,
2834 1792 2980 1859 Πλὴν
3036 1790 3173 1846 ἀλλὰ
3230 1802 3417 1869 χαῖρε’
3464 1795 3532 1865 τῇ
3575 1789 3673 1865 γὰρ
3727 1790 3820 1845 αὖ·

444 1885 612 1946 muni
663 1884 833 1945 hoste
866 1880 1167 1960 superato,
1203 1878 1421 1939 frueris
1456 1879 1692 1940 tandem
1725 1897 1813 1953 ea,
1847 1897 1979 1956 quae
2009 1879 2088 1940 ita

2181 1894 2264 1945 τοῦ
2321 1889 2497 1968 χάριτι
2532 1894 2625 1943 τοῦ
2668 1884 2847 1941 κοινοῦ
2889 1882 3145 1956 πολεμίου
3176 1882 3446 1959 κρατήσας
3491 1877 3816 1939 ἀπολαύσεις

441 1974 677 2037 fortiter
712 1970 1070 2032 dimicantes
1102 1975 1319 2037 manet,
1352 1966 1739 2029 beatitudine.
1776 1967 2090 2049 Simulque

446 2083 625 2127 manu
681 2061 858 2141 capiti
903 2056 1132 2120 Danleli
1165 2056 1463 2136 imposita,
1503 2056 1780 2136 precibus
1812 2077 1844 2119 a
1873 2076 1938 2122 se
1963 2061 2084 2139 jam

444 2156 603 2218 dicta
633 2149 1021 2231 consignavit.

527 2245 593 2307 41
614 2292 629 2306 .
668 2242 803 2303 Haec
826 2240 908 2301 ila
932 2238 1117 2312 dicta,
1143 2254 1323 2318 opere
1344 2236 1562 2299 deinde
1592 2236 1769 2300 fidem
1794 2238 2087 2305 fecerunt.

448 2334 703 2415 Symeon
728 2330 886 2391 enim
914 2326 1218 2389 Danielem
1243 2345 1275 2387 a
1297 2344 1360 2388 se
1386 2327 1571 2404 gratia
1593 2336 1649 2387 et
1672 2326 2091 2392 benedictione

442 2425 737 2506 repletum
763 2419 1012 2491 dimisit,
1036 2428 1093 2479 et
1121 2418 1306 2496 magis
1330 2436 1467 2478 eum
1493 2418 1737 2497 posthac
1762 2418 1821 2479 in
1845 2420 2073 2483 visceri

448 2514 560 2576 bus
579 2511 809 2591 habuit,
846 2526 1183 2588 magnoque
1213 2507 1343 2587 ejus
1375 2525 1491 2569 non
1523 2516 1747 2570 tantum
1781 2513 2092 2590 praesentis

446 2604 644 2667 adhuc
674 2617 903 2675 amore,
955 2597 1058 2660 sed
1095 2606 1226 2677 post
1257 2595 1587 2659 discessum
1620 2605 1795 2667 etiam
1829 2600 2094 2662 absentis

446 2694 748 2759 desiderio
804 2690 1042 2754 exarsit.
1078 2690 1222 2753 Cum
1255 2688 1571 2770 aliquando
1608 2709 1637 2749 e
1669 2691 2095 2772 Mesopotamia

447 2783 921 2864 Hierosolymam
979 2778 1130 2860 (36),
1163 2779 1293 2840 loca
1324 2787 1530 2840 sancta
1560 2779 1851 2842 adorandi
1882 2782 2087 2861 gratia,

445 2874 652 2938 Daniel
679 2871 1182 2952 proﬁcisceretur,
1206 2866 1346 2928 inde
1374 2876 1571 2930 autem
1599 2888 1863 2930 eremum
1895 2880 2096 2950 petere

449 2969 732 3040 cuperet;
765 2977 907 3022 ecce
942 2959 1221 3037 Symeon,
1257 2967 1565 3037 assumpto
1597 2957 1833 3019 viatoris
1862 2959 2089 3037 habitu,

447 3067 733 3133 praesens,
788 3046 860 3108 ab
909 3066 978 3108 eo
1011 3046 1245 3117 itinere,
1282 3045 1439 3127 quod
1468 3045 1591 3125 jam
1640 3046 1762 3108 fere
1817 3047 2086 3120 iniverat,

2168 1983 2267 2046 τῆς
2326 1967 2447 2039 τοὺς
2521 1976 2686 2039 οὕτως
2749 1975 3036 2036 ἀθλοῦντας
3099 1970 3485 2048 περιμενούσης
3545 1967 3814 2042 μακαριόο

2170 2091 2354 2135 τητος.
2406 2069 2502 2123 Σαὶ
2540 2067 2635 2133 τὴν
2667 2078 2833 2145 χεῖρα
2884 2070 2952 2139 τῇ
3004 2072 3097 2119 10-3
3160 2058 3358 2128 Δανιὴλ
3416 2057 3625 2137 κεφαλῆ
3685 2056 3817 2113 ἐπιο

2172 2160 2300 2230 θεὶς,
2329 2160 2523 2238 εὐχαῖς
2554 2158 2617 2213 τὰ
2650 2154 2902 2233 εἰρημένα
2945 2151 3387 2232 ἐπεσφραγίδατο,

2251 2247 2369 2323 μα’.
2402 2237 2569 2304 ’Ἀλλὰ
2599 2252 2763 2303 ταῦτα
2821 2244 2916 2319 μὲν
2946 2242 3010 2309 δὴ
3041 2241 3178 2298 οὕτω
3220 2240 3479 2320 λεχθέντα
3508 2238 3679 2316 ἔργοις
3708 2237 3813 2305 τὴν

2170 2339 2345 2395 πίστιν
2399 2338 2613 2416 ὕστερον
2670 2334 2917 2401 εἴληφεν,
2978 2331 3232 2410 Εὖλογίας
3289 2352 3389 2409 γαρ
3452 2331 3574 2387 τότε
3628 2329 3661 2385 ὅ
3712 2335 3817 2382 Συ-

2174 2430 2315 2502 μεὼν
2372 2427 2554 2505 πλήρη
2610 2427 2697 2481 καὶ
2751 2424 2973 2503 χάριτος
3031 2424 3121 2478 τὸν
3184 2420 3384 2487 Δανιὴλ
3454 2418 3810 2493 ἀποπέμψας,

2175 2518 2252 2575 ἔτι
2284 2516 2488 2594 μᾶλλον
2519 2517 2672 2572 αὑτὸν
2707 2514 2792 2571 ἐπὶ
2846 2518 2951 2568 τῶν
2983 2509 3313 2589 σπλάγχνων
3344 2510 3433 2589 εἴ]
3449 2532 3494 2579 ε,
3541 2510 3628 2565 καὶ
3673 2507 3814 2584 σφό-

2176 2607 2267 2684 δρα
2302 2608 2486 2665 τούτου
2538 2605 2890 2683 περιεκαίετο,
2942 2606 3000 2660 οὗ
3055 2601 3253 2676 περιὼν
3310 2599 3387 2655 ’ἐτι
3446 2598 3629 2674 μόνον,
3674 2595 3817 2651 ἀλλά

2175 2700 2262 2754 καὶ
2319 2698 2454 2771 μετὰ
2496 2697 2592 2763 τὴν
2650 2695 2881 2752 ἐντεῦθεν
2937 2690 3263 2764 ἀποδημίαν.
3314 2689 3447 2744 Ποτὲ
3504 2688 3674 2743 τοίνδν
3726 2686 3817 2742 ἐπὶ

2175 2789 2242 2846 τὰ
2300 2779 2640 2865 Ἱεροσόλυμα
2698 2786 2789 2839 τὸν
2853 2783 3051 2849 Δανιὴλ
3121 2783 3184 2837 ὲκ
3256 2778 3667 2851 Μεσοποταμίας
3711 2776 3818 2830 ἀπ-

2177 2879 2398 2954 άραντα,
2432 2873 2515 2953 ἔφ’
2564 2877 2609 2948 ᾧ
2637 2874 2757 2937 τοὺς
2802 2873 2971 2949 ἱερούς
3003 2871 3102 2946 μὲν
3153 2870 3205 2927 ἐν
3238 2873 3418 2930 ςῦτοϊς
3450 2870 3817 2945 προσκυνῆσαι

2174 2967 2386 3041 τόπους,
2421 2964 2521 3030 τὴν
2576 2963 2777 3040 ἔρημον
2834 2960 2888 3018 δὲ
2947 2962 3151 3017 ἐκεῖθεν
3206 2955 3554 3035 καταλαϐεῖν,
3587 2957 3820 3030 ὑποιρι-

2173 3054 2393 3126 ναίμενος
2444 3054 2535 3109 τὸν
2578 3050 2949 3129 συνοδοιπόρον
3006 3053 3033 3107 ὁ
3085 3050 3324 3125 Συμεὼν,
3373 3047 3602 3126 ἐπέσχεν
3659 3044 3825 3104 αὐτὸν

449 3140 731 3220 detinuit,
756 3155 892 3200 cum
926 3136 1001 3198 ob
1026 3136 1235 3198 multas
1260 3135 1541 3209 rationes,
1568 3144 1688 3197 tum
1716 3137 2088 3216 potissimum

2181 3143 2276 3211 ἤδη
2334 3140 2608 3218 ἁψάμενον
2681 3138 2823 3218 ὁδοῦ,
2874 3140 3089 3197 πολλῶν
3131 3162 3188 3195 τε
3244 3138 3418 3195 ἄλλων
3469 3135 3665 3205 ἕνεκεν,
3728 3134 3823 3189 καὶ

447 3249 524 3294 ne
572 3247 708 3291 cum
738 3225 1245 3291 Samaritanorum
1277 3224 1404 3301 (37)
1454 3224 1735 3304 pravitate
1769 3227 2090 3308 quidquam

453 3315 1078 3383 communehaberet:
1110 3331 1242 3375 nam
1263 3313 1476 3392 ingens
1499 3322 1638 3375 tunc
1667 3324 1724 3376 et
1744 3316 1904 3378 ferox
1926 3317 2092 3380 sedi-

448 3411 531 3473 tio
554 3410 717 3471 inter
746 3425 851 3469 eos
878 3403 1127 3466 excitata
1147 3403 1296 3463 viam
1330 3402 1877 3484 Hierosolymorum
1903 3407 2091 3469 male-

445 3498 772 3562 factoribus
796 3495 1070 3556 infestam
1096 3493 1340 3561 fecerat,
1367 3492 1468 3571 qui
1493 3495 1710 3574 passim
1738 3497 2095 3558 transeunti-

449 3583 976 3667 busdeprmdation
987 3601 1079 3643 em
1096 3590 1152 3643 et
1171 3581 1397 3643 caedem
1422 3582 2095 3650 minitabantnr.Contra

446 3694 590 3739 vero
625 3673 877 3749 Danieli,
926 3679 990 3731 ut
1035 3670 1376 3753 Byzantium
1424 3689 1630 3734 versus
1661 3675 1772 3736 iter
1802 3687 2089 3757 capessat,

451 3763 792 3849 persuadet,
818 3759 920 3823 ubi
942 3760 1089 3822 nihil
1112 3762 1268 3842 quod
1294 3760 1363 3821 ad
1391 3762 1641 3824 salutem
1670 3764 1885 3827 animae
1909 3769 2092 3846 perti-

415 3924 419 3929 ,
444 3863 583 3920 neat
605 3854 659 3917 ei
682 3852 1019 3915 defuturum
1036 3849 1189 3912 .Erat
1209 3857 1407 3911 autem
1434 3852 1594 3913 circa
1617 3870 1669 3912 Vt
1687 3872 2090 3935 speram,cum

448 3952 687 4009 sanctus
719 3943 999 4024 Symeon,
1036 3939 1280 4001 viatoris
1312 3957 1567 4019 persona
1595 3952 1917 4023 assumpta,
1968 3946 2095 4009 haec

450 4033 680 4099 Danieli
702 4029 1126 4112 prmcepit.Qui
1147 4046 1282 4090 cum
1305 4029 1376 4090 ad
1403 4030 1721 4110 hospitium
1748 4033 2090 4115 diverteret,

452 4131 512 4185 et
538 4120 773 4183 itineris
802 4124 1080 4182 comitem
1109 4116 1181 4178 ad
1217 4117 1478 4198 quietem
1510 4139 1626 4181 una
1655 4133 2020 4200 expectaret,
2047 4128 2096 4187 is

454 4227 745 4292 nusquam
782 4207 1132 4289 comparuit.
1161 4208 1380 4268 Verum
1410 4207 1643 4271 Danieli
1664 4222 1898 4293 sumpta
1930 4233 2100 4277 ccena

455 4317 732 4363 somnum
792 4297 1070 4377 capienti,
1136 4297 1352 4358 iterum
1401 4297 1652 4377 Symeon
1699 4303 1994 4383 apparuit,
2026 4323 2097 4365 ac

453 4387 830 4463 eadem,quae
857 4387 1044 4466 prius,
1071 4384 1385 4466 prmcepit:
1413 4387 1510 4448 hic
1529 4405 1668 4449 vero
1690 4390 1891 4451 animo
1912 4391 2096 4471 vigili,

458 4496 666 4539 somno
696 4473 769 4537 ab
800 4473 987 4536 OCllllS
1018 4491 1297 4547 GXCDSSO,
1334 4476 1605 4536 mandata
1637 4490 1951 4543 exsecutus
1983 4491 2092 4544 85L

2177 3232 2321 3293 ὅπως
2380 3232 2457 3306 μὴ
2502 3236 2607 3288 τῶν
2662 3233 2840 3287 κακῶν
2896 3231 3219 3300 κοινωνήσοι
3265 3241 3381 3293 τοῖς
3440 3225 3821 3303 Σαμαρείταις.

2181 3322 2276 3379 Καὶ
2332 3322 2431 3401 γὰρ
2462 3321 2645 3383 στάσις
2705 3318 2917 3399 μεγάλη
2974 3320 3091 3376 τότε
3137 3317 3261 3395 παρ’
3320 3319 3492 3374 αὒτῶν
3548 3315 3636 3371 καὶ
3690 3315 3819 3391 βάρ-

2176 3409 2333 3487 ϐαρος
2390 3409 2846 3489 ἀναῤῥιπισθεϊσα,
2877 3409 3186 3487 κακούργων
3226 3429 3283 3463 τε
3340 3407 3439 3473 τὴν
3486 3410 3591 3462 τῶν
3648 3402 3824 3479 Ἰερο-

2177 3500 2425 3575 σολύμων
2483 3497 2820 3573 ἐμπεπλήκει
2865 3497 3010 3573 ὁδὸν,
3042 3500 3131 3555 καὶ
3186 3496 3437 3574 λῃστείας
3495 3496 3582 3551 καὶ
3627 3495 3822 3573 φόνους

2175 3601 2294 3651 τοῖς
2351 3595 2626 3667 παριοῦσιν
2672 3587 2865 3666 ἐπῆγε,
2925 3588 3233 3646 Τούναντίον
3291 3586 3387 3661 μὲν
3431 3585 3518 3643 οὖν
3567 3586 3654 3641 καὶ
3684 3605 3827 3657 τρα-

2180 3678 2364 3735 πέσθαι
2395 3679 2495 3745 τὴν
2525 3677 2612 3734 ἐπὶ
2668 3679 2729 3734 τὸ
2787 3678 3065 3749 Βυζάντιον
3110 3677 3201 3733 τὸν
3264 3674 3461 3743 Δανιὴλ
3521 3673 3820 3752 ἀναπείθει,

2176 3772 2236 3825 οὗ
2264 3766 2329 3835 δὴ
2362 3768 2765 3847 παραγεγονότα
2797 3764 3026 3843 μηδενος
3060 3771 3165 3822 τῶν
3220 3764 3318 3847 de:
3348 3766 3447 3832 τὴν
3502 3769 3598 3831 τῆς
3634 3767 3827 3842 ψυχῆς

2177 3844 2452 3934 προξενεϊ-
2479 3844 2743 3934 σὼτηρίαν
2816 3855 3150 3933 διαμαρτεῖν.
3223 3844 3320 3912 Ἠν
3390 3856 3520 3933 πρὸς
3591 3854 3825 3930 ἑσπέραν

2177 3945 2281 4015 ἤδη
2341 3945 2428 4002 ὅτε
2487 3949 2515 4002 ὁ
2585 3949 2728 4010 θεῖος
2790 3947 3010 4023 Συμεὼν
3070 3947 3161 4002 τὸν
3219 3943 3591 4022 συνοδοιπόρον
3646 3965 3828 4020 προσ-

2177 4038 2426 4103 ποιηθε“ις
2510 4034 2814 4103 ἐπέσκηπτε
2898 4041 3060 4093 ταῦτα
3160 4057 3237 4108 τῳ
3324 4033 3549 4105 Δανιὴλ.
3637 4042 3831 4091 Κατα-

2178 4125 2393 4181 λύσαντι
2450 4122 2503 4181 δὲ
2562 4126 2731 4198 τούτῳ
2790 4125 2932 4191 εὐθὺς
2982 4127 3068 4181 καὶ
3128 4125 3527 4182 ἀναπαύσασθαι
3591 4121 3826 4199 προσδο-

2179 4215 2399 4281 κήσαντι
2458 4216 2486 4270 ὁ
2543 4212 2912 4292 συνοδοιπόρος
2970 4215 3035 4282 ἦν
3088 4213 3337 4288 οὐδαμοῦ,
3382 4215 3586 4271 ’Ὕπνου
3641 4232 3834 4289 τοιγα-

2180 4312 2300 4383 ροῦν
2343 4305 2478 4379 μετὰ
2506 4305 2706 4384 τροφὴν
2761 4310 2835 4378 τῷ
2870 4303 3070 4372 Δανιὴλ
3101 4307 3428 4384 μετασχόντι
3486 4304 3608 4382 ὄναρ
3640 4306 3665 4359 ὁ
3721 4310 3830 4357 Συ-

2182 4395 2324 4468 μεὼν
2386 4394 2472 4450 καὶ
2529 4394 2688 4449 πάλιν
2743 4394 3014 4473 ἐφίστατο,
3047 4396 3134 4449 καὶ
3193 4394 3352 4450 πάλιν
3410 4395 3476 4449 τὰ
3533 4394 3661 4450 αὖτὰ
3720 4391 3827 4447 £1:-

2182 4483 2435 4549 έσκηπτε·
2470 4486 2496 4539 ὁ
2552 4482 2605 4539 δὲ
2660 4486 2898 4563 νηφούσῃ
2957 4490 3024 4560 τῇ
3066 4483 3218 4564 ψυχῇ
3270 4487 3362 4540 τὸν
3417 4484 3578 4540 ὕπνον
3635 4481 3832 4538 αὐτίκα

461 4566 714 4647 Symeon
737 4565 919 4626 multo
943 4572 1074 4643 post
1094 4563 1301 4626 relicto
1334 4566 1689 4645 corpusculo
1714 4576 1772 4629 et
1795 4571 2091 4651 columna,

2181 4578 2283 4629 τῶν
2367 4571 2652 4651 οφθαλμῶν
2724 4573 3214 4648 ἀποτιναξάμενος,
3274 4575 3345 4639 εἷς
3417 4573 3564 4651 ἔργον
3649 4572 3833 4628 πάντα

455 4657 528 4719 ad
589 4653 1018 4717 immortalium
1078 4673 1145 4716 ac
1206 4654 1512 4715 beatarum
1573 4657 1862 4719 mentium
1922 4659 2096 4722 sedes

454 4744 806 4818 translatus,
866 4742 1094 4805 Danieli
1152 4761 1391 4804 rursum
1451 4745 1778 4807 secundum
1838 4749 2095 4828 quietem

455 4843 648 4896 astare
697 4833 855 4895 visus
887 4844 1013 4906 est,
1067 4850 1328 4912 eumque
1354 4832 1427 4893 ad
1463 4833 1866 4897 columnarem
1919 4838 2093 4899 vitam

458 4931 793 4998 evocatum,
815 4923 1152 4984 columnam
1182 4939 1416 5003 quoque
1437 4923 1764 4985 ascendere
1794 4928 2096 5008 praecepit.

456 5013 561 5076 His
619 5012 761 5075 visis
820 5031 853 5074 e
906 5011 1124 5074 lectulo
1183 5030 1578 5090 consurgens,
1634 5014 1828 5075 statim
1861 5025 1925 5078 ut
1954 5016 2100 5080 visio

459 5104 575 5184 ipsi
610 5102 972 5173 declarabat,
1023 5102 1106 5162 sic
1137 5102 1464 5164 ascendere
1493 5101 1553 5162 in
1582 5103 1915 5167 columnam
1950 5124 2097 5168 con-

531 5235 819 5309 (3A5)A‘Ha;c
852 5234 972 5309 ipsa
1007 5234 1192 5309 fusius
1225 5245 1536 5309 narrantur
1561 5249 1619 5293 XI
1650 5238 1918 5297 Decemb.
1951 5242 2007 5298 in
2038 5241 2093 5298 S.

460 5304 716 5365 Danielis
752 5305 975 5377 Stylttte
1006 5305 1155 5372 Vita,
1196 5315 1249 5362 et
1283 5305 1418 5372 alia,
1457 5322 1587 5376 quae
1617 5310 1856 5367 interius
1888 5314 2099 5372 refere-

459 5393 610 5443 mus,
652 5378 722 5433 de
749 5376 1140 5449 S.’Symconis
1169 5377 1450 5449 reliquiis.

530 5449 865 5531 (36).Paulo
916 5448 1083 5505 aliter
1128 5449 1185 5504 in
1216 5448 1340 5531 \{ita
1384 5451 1564 5508 sancti
1618 5451 1919 5531 Danielis_:
1953 5454 2100 5511 dici-

456 5529 551 5577 tur
580 5522 757 5584 enim,
791 5533 922 5575 cum
962 5535 995 5576 e
1032 5522 1380 5577 monasterio
1414 5536 1517 5578 suo
1549 5525 1801 5580 venisset
1830 5525 1899 5579 ad
1931 5540 2097 5583 man-

458 5589 845 5717 gzartgr‘i’ssancti
876 5590 1194 5662 Symeonis,
1233 5592 1366 5650 inde
1400 5591 1611 5650 abiisse
1644 5593 2098 5668 Hierosolymam

2180 4661 2443 4738 ἐπέραινε,
2492 4661 2678 4741 Χρόνῳ
2732 4684 2788 4718 τε
2840 4661 3025 4738 πολλῷ
3079 4672 3171 4722 τοῦ
3215 4664 3434 4739 Συμεὼν
3491 4663 3704 4739 ὕστερον
3759 4664 3830 4718 τὸ

2180 4756 2335 4825 σῶμα
2392 4752 2479 4806 καὶ
2536 4751 2625 4807 τόν
2684 4751 2871 4807 στόλον
2939 4750 3319 4821 ἀπολιπόντος,
3380 4754 3467 4809 καὶ
3524 4753 3655 4829 πρὸς
3726 4753 3828 4813 τάς

2179 4839 2474 4907 ἀκηράτους
2533 4841 2735 4903 ἐκείνας
2792 4843 2883 4908 κηῖ
2951 4841 3090 4904 θείας
3146 4839 3472 4916 μεταϐάντος
3531 4839 3828 4916 διατριϐἆς,

2183 4930 2381 5005 γίνεται
2437 4936 2513 5002 τῷ
2546 4929 2746 4999 Δανιὴλ
2803 4930 2925 5009 ὄναρ
2964 4928 3187 5006 τοιονδε.
3247 4929 3450 4988 Ἐδόκει
3483 4932 3571 4987 τὸν
3604 4930 3829 5004 Συμεὼν

2182 5020 2517 5092 μεταστάντα
2594 5020 2677 5077 ἐπὶ
2736 5022 2825 5076 τὸν
2882 5019 3128 5087 στυλίτην
3198 5023 3309 5098 βίον
3379 5029 3561 5078 τοῦτον
3634 5018 3827 5076 καλεῖν

2182 5109 2270 5164 καὶ
2318 5106 2647 5181 ἀναϐιϐάζειν
2679 5109 2763 5165 ἐπὶ
2798 5112 2886 5165 τὸν
2939 5111 3110 5171 κίονα.
3172 5121 3347 5170 Ταῦτα
3377 5111 3513 5185 εἶδε,
3545 5111 3631 5167 καὶ
3689 5110 3825 5167 ἀναο

2251 5242 2356 5312 (37)
2381 5241 2460 5325 De
2489 5243 2990 5326 Samaritanorum.
3024 5244 3472 5326 ﬂagitii‘stusius
3502 5261 3739 5326 agemus
3762 5248 3820 5326 in

2179 5313 2481 5390 §ymeonis
2533 5314 3025 5390 Stylittejunioris
3075 5313 3186 5390 Vita
3220 5316 3290 5390 24
3331 5318 3478 5390 Maii.
3519 5313 3626 5375 Sed
3667 5321 3821 5390 quod

2180 5385 2468 5460 Baronius
2490 5385 2685 5460 κάμοι).
2717 5385 2846 5460 L51.
2873 5401 2932 5442 n.
2964 5388 3138 5452 27,ait
3170 5388 3524 5460 prohibitum
3550 5385 3825 5447 esse'Da-

2179 5457 2392 5530 r_tiele.n
2453 5456 2735 5528 [roﬂtzisci
2771 5456 3215 5530 Hie'osolymam
3276 5461 3351 5517 ob
3384 5461 3692 5518 tumultum
3753 5461 3825 5519 ab

2181 5527 2886 5609 Etttychianislnonachis
2917 5527 3218 5609 excitatum
3248 5542 3453 5609 contra
3488 5531 3821 5609 iuvenalem

2182 5601 2513 5671 episcopum
2569 5600 3171 5671 Hierosolytnitanum,
3206 5604 3262 5660 id
3296 5604 3353 5660 in
3409 5601 3667 5661 Daniclts
3694 5604 3821 5661 Vita

2183 5684 2300 5728 non
2336 5670 2567 5739 dicitur,
2601 5671 2731 5731 licet
2760 5670 2887 5730 eam
2919 5674 3072 5729 citet.
