4094 6196
338 309 468 377 377

1462 272 1660 370 VITA~
1695 302 1755 367 s.
1803 301 2187 367 smaoms
2228 301 2602 366 STYLITIE.
2686 381 2693 387 ν

3608 304 3725 377 378

336 449 479 514 στὰς
525 448 696 522 εὒθὺς,
741 448 817 511 ὡς
858 446 892 514 ἡ
924 443 1055 521 ἅψις
1086 443 1231 517 αὒτῷ
1262 439 1475 514 ἐδήλου,
1510 439 1649 528 οὕτω
1675 440 1775 510 τὴν
1806 439 1991 497 ἄνοδον

2077 436 2288 513 stituit,
2319 437 2722 520 eamdemque
2756 437 2891 502 vitae
2919 439 3236 521 rationem,
3262 463 3442 523 quam
3464 442 3719 528 Symeou

333 540 603 598 διετίθετο
639 540 741 606 τὴν
772 538 860 594 ἐπὶ
890 538 982 593 τὸν
1024 533 1237 609 στύλον,
1271 522 1541 590 πολιτείαν
1588 529 1644 587 δὲ
1686 532 1786 599 τὴν
1829 533 1990 600 αὒτὴν

328 632 533 705 ἒκείνῳ
560 627 775 705 μετῇιι,
821 627 910 685 καὶ
968 623 1130 689 ἄλλος
1187 625 1255 691 ἦν
1300 620 1611 689 Ἐλισσαῖος
1654 623 1746 678 τὸν
1807 612 1989 679 Ἠλίαν

334 720 702 797 μιμούμενος.
741 718 839 776 Καὶ
880 714 1046 773 ταῦτα
1079 714 1176 788 μὲν
1205 712 1272 781 δὴ
1302 711 1471 777 οὕτως
1502 711 1687 792 ἔσχεν.

419 808 546 887 μβ’.
582 797 642 867 Ὀ
694 806 874 883 μέντοι
924 810 1140 882 Περσῶν
1179 802 1429 880 βασιλεὺς
1470 800 1702 878 μηδενὸς
1732 803 1989 870 ἡττᾶσθαι

328 899 812 981 φιλοτιμούμενος,
874 895 992 958 ἑνὸς
1035 894 1225 951 τούτου
1284 893 1452 969 μόνου
1508 896 1609 959 τῆς
1656 900 1750 950 τοό
1810 890 1994 970 ἀνδρὸς

332 991 531 1070 φήμης
615 985 848 1065 δεύτερος
931 983 1121 1058 πολλῷ
1197 988 1397 1060 γίνεται
1434 998 1449 1013 ⁸
1527 982 1616 1039 καὶ
1691 982 1799 1039 τῶν
1857 984 1991 1061 πρὸς

334 1080 503 1135 αὑτὸν
561 1076 868 1158 φοιτώντων
932 1071 1203 1147 ἐπιμελῶς
1260 1071 1575 1129 ἐπυνθάνετο
1642 1070 1723 1136 τίς
1781 1092 1839 1128 τε
1897 1072 1991 1139 εἴη

337 1175 440 1226 τοῦ
481 1167 664 1242 ἀνδρὸς
722 1166 923 1243 δβίος,
969 1164 1058 1220 καὶ
1116 1165 1283 1219 ὁποῖα
1338 1161 1405 1219 τὰ
1457 1162 1732 1235 θαύματα⁶
1786 1162 1876 1218 καὶ
1924 1166 1990 1230 ἦν

339 1260 489 1332 αὗτῷ
544 1258 654 1314 τῶν
709 1254 981 1330 δημοσίων
1040 1249 1324 1332 φροντίδων
1363 1253 1460 1309 οὐκ
1503 1250 1737 1308 ἐλάττων
1783 1253 1819 1320 ἠ
1877 1252 1994 1331 περῖ

338 1354 441 1404 τοῦ
498 1348 721 1420 Συμεὼν
766 1345 984 1420 μνήμη,
1031 1344 1121 1400 καὶ
1164 1343 1231 1398 τὰ
1272 1348 1367 1399 τοῦ
1415 1338 1600 1418 ἀνδρὸς
1653 1340 1988 1419 διηγήματα’

339 1440 445 1495 οὑκ
496 1439 655 1495 αὐτὸν
684 1434 739 1493 δὲ
772 1436 935 1511 μόνον
964 1431 1102 1490 οὕτω
1144 1430 1264 1489 κατ’
1292 1430 1458 1508 ἄκρας
1510 1430 1659 1488 εἷλεν
1714 1433 1749 1499 ἡ
1808 1431 1988 1509 φήμη,

338 1526 487 1583 ἀλλὰ
535 1528 624 1583 καὶ
690 1528 727 1594 ἡ
784 1525 972 1582 τούτου
1044 1519 1266 1600 σύζυγος
1351 1521 1438 1578 ἐπὶ
1493 1533 1612 1586 τοῖς
1673 1518 1992 1598 παραδόξοις

341 1618 580 1692 θαύμασι
669 1622 746 1690 τῷ
831 1613 973 1692 ἀνδρὶ
1058 1609 1605 1686 συνεκπληττομὲνη,
1684 1608 1865 1666 ἔλαιόν
1935 1630 1992 1665 τε

339 1709 522 1787 ᾔτησε
569 1709 698 1786 παρ’
751 1702 953 1762 ἑκείνου
1003 1701 1314 1781 εὓλογηθὲν,
1366 1702 1455 1757 καὶ
1489 1702 1561 1765 ὡς
1587 1698 1776 1766 ἥδιστα
1805 1698 1994 1787 ἐκομί-

340 1821 477 1856 σατο
509 1812 526 1828 ⁸
573 1796 641 1853 δι’
673 1796 734 1854 οὗ
762 1793 939 1851 πολλὰ
966 1794 1024 1851 οὗ
1051 1797 1160 1850 τῶν
1190 1790 1396 1848 οἰκείων
1426 1790 1590 1866 μόνον
1621 1792 1799 1847 παθῶν
1846 1786 1994 1846 οἶδεν
2017 1822 2054 1872 Β

330 1887 631 1967 ἶασαμένη,
694 1883 828 1942 ἀλλὰ
870 1887 958 1940 vati
1013 1880 1243 1945 πολλοῖς
1314 1886 1421 1937 τῶν
1475 1887 1569 1937 τοῦ
1626 1878 1992 1967 γένουςᾼαίγιῇ

332 1965 761 2052 κοινωνούντων,
818 1973 965 2037 ὅσοις
1023 1994 1074 2028 τι
1127 1970 1298 2027 δεινὸν
1359 1969 1623 2050 ἠνώχλει,
1690 1965 1989 2043 μεταδοῦσα

331 2074 441 2136 τῆς
491 2066 794 2146 θεραπείας.
843 2062 948 2122 Καί
994 2065 1043 2120 οἱ
1097 2062 1218 2139 περὶ
1271 2059 1492 2137 βασιλέα
1525 2057 1580 2115 δὲ
1641 2058 1841 2121 πάντες
1886 2058 1988 2114 ὑπὸ

2075 529 2242 618 prius
2268 536 2628 618 servaverat,
2662 528 2855 604 iuivit,
2908 530 3066 594 visus
3112 553 3298 597 novus
3345 535 3592 600 Elisaaus
3621 539 3722 618 qui

2072 614 2217 709 lilia;
2262 617 2378 680 sibi
2428 618 2768 700 exemplum
2819 623 3152 701 preposuit.
3197 624 3266 686 Et
3321 626 3446 695 haec
3478 614 3719 709 quidem

2076 707 2388 769 hactenus.

2152 796 2253 859 42.
2303 796 2621 859 Persarum
2656 814 2758 861 rex
2790 801 3080 864 hactenus
3121 822 3155 864 a
3200 805 3440 869 nemine
3474 825 3538 869 se
3567 807 3718 871 vinci

2078 905 2290 969 passus
2307 886 2429 977 (38}
2448 937 2462 964 ,
2480 887 2666 950 solius
2688 889 2868 971 hujus
2886 892 2995 954 viri
3015 893 3169 955 fama
3189 894 3389 956 audita
3408 905 3721 977 superatus

2078 984 2164 1069 est
2193 993 2207 1040 :
2242 977 2331 1069 ita
2356 976 2675 1056 diligenter
2697 998 2906 1043 omnes
2935 982 3036 1063 qui
3064 986 3419 1063 Symeonem
3450 976 3723 1069 frequen-

2077 1066 2280 1130 tabant
2301 1067 2375 1129 de
2398 1085 2469 1130 eo
2491 1077 2914 1148 percunctatus
2938 1082 3051 1147 est,
3080 1081 3140 1136 et
3157 1093 3429 1155 quaenam
3454 1066 3718 1154 viri'vita,

2075 1156 2273 1236 qualia
2292 1156 2599 1219 miracula:
2621 1167 2869 1237 eratque
2885 1160 3139 1241 publicis
3161 1163 3322 1225 curis
3335 1183 3454 1226 non
3474 1165 3722 1228 inferior

2079 1244 2389 1327 Symeonis
2412 1246 2724 1320 memoria;
2752 1267 2946 1330 neque
2978 1268 3116 1313 vero
3141 1251 3246 1313 viri
3277 1261 3502 1316 tantum
3532 1264 3718 1333 gesta,

2077 1336 2180 1426 sed
2213 1343 2272 1397 et
2303 1336 2608 1426 famaipsa
2641 1337 3028 1418 percellebat.
3076 1339 3298 1406 Verum
3333 1351 3391 1404 et
3413 1362 3563 1406 uxcr
3590 1346 3720 1426 ejus

2075 1425 2444 1488 admirandis
2461 1424 2774 1507 Symeouis
2793 1427 3097 1492 miraculis
3110 1431 3287 1495 simul
3306 1452 3442 1495 cum
3465 1424 3718 1515 conjuge

2076 1515 2506 1595 obstupefacta,
2537 1515 2736 1578 oleum
2768 1516 3152 1583 benedictum
3177 1521 3249 1583 ab
3281 1523 3383 1585 illo
3416 1523 3532 1586 sibi
3566 1524 3719 1587 mitti

2082 1605 2417 1687 postulavit,
2447 1613 2506 1667 et
2524 1604 2917 1669 libentissime
2939 1611 3207 1693 accepit:
3242 1630 3359 1692 quo
3387 1632 3506 1675 non
3527 1613 3718 1675 solum

2081 1696 2359 1776 proprios
2393 1696 2636 1757 morbos
2664 1698 2908 1773 curavit,
2939 1700 3042 1761 sed
3077 1709 3134 1763 et
3169 1702 3367 1765 multis
3395 1721 3429 1765 e
3457 1722 3716 1766 consan-

2078 1785 2332 1864 guineis,
2367 1804 2726 1866 quocunque
2758 1788 2911 1849 malo
2945 1800 3381 1869 premerentur,
3425 1793 3718 1856 medelam

2075 1873 2377 1937 adhibuit.
2414 1879 2487 1938 At
2516 1893 2654 1937 vero
2679 1875 2838 1955 regis
2870 1879 3060 1958 ipsius
3084 1881 3309 1943 subditi
3334 1900 3543 1945 omnes
3565 1882 3720 1945 fama

2074 1964 2180 2027 viri
2210 1964 2398 2046 capti,
2429 1974 2707 2027 accurate
2738 1967 2919 2029 rebus
2956 1970 3086 2048 ejus
3112 1972 3292 2048 gestis
3322 1972 3595 2050 cognitis,
3621 1972 3720 2033 di-

2076 2055 2277 2118 vinum
2314 2054 2499 2115 virum
2536 2056 2755 2135 passim
2786 2058 3164 2138 appellabant
3193 2058 3573 2140 Symeonem.

331 2164 439 2227 τῆς
519 2158 681 2223 αὒιιῆς
739 2154 1078 2235 χειρούμενοι
1150 2150 1364 2230 φήμης,
1424 2150 1512 2206 καὶ
1576 2146 1807 2227 ἀκριεῶς
1865 2147 1931 2204 τὰ
1991 2148 2125 2205 κατὰ
2189 2163 2282 2203 τον
2365 2147 2586 2222 Συμεὼν
2644 2146 3038 2230 διδασκόμενοι,
3097 2153 3242 2207 θετον
3296 2150 3455 2231 ἄνδρα
3534 2154 3719 2211 τοῦτον

332 2247 640 2323 ὠνόμαζον.

422 2335 542 2415 μγ’,
609 2327 672 2391 Ἠ
729 2332 784 2389 δὲ
840 2338 947 2388 τῶν
1007 2329 1368 2406 Ἰσμαηλιτῶν
1454 2327 1737 2406 βασίλισσα
1801 2339 1990 2404 στετρα

334 2414 494 2501 οὖσα,
529 2423 624 2480 καί
653 2429 722 2500 τῇ
751 2427 849 2488 τῆς
882 2419 1128 2485 ἀπαιδίας
1187 2418 1346 2495 ὀδύνῃ
1404 2415 1602 2497 σφόδρα
1660 2414 1988 2495 δακνομένη,

334 2518 427 2573 καὶ
458 2514 689 2591 μηδενὸς
748 2512 1001 2577 αἴσθησιν
1042 2513 1148 2566 τῶν
1202 2507 1373 2577 ἡδέων
1403 2504 1775 2583 λαμϐάνουσα,
1809 2507 1991 2583 πρώτα

335 2606 441 2682 μέν
468 2627 617 2668 τινας
657 2603 765 2659 τῶν
807 2600 1245 2679 ἀξιολογωτάτων
1299 2596 1681 2673 ἆποστείλασα,
1748 2594 1989 2673 γενέσθαι

337 2695 528 2773 μήτηρ
586 2692 841 2752 ἱκέτευεν.
904 2688 1125 2755 Ἐπειδὴ
1179 2686 1235 2744 δὲ
1293 2686 1452 2767 ἔτυχε
1526 2690 1625 2752 τῆς
1698 2686 1987 2773 αἰτήσεως,

336 2772 666 2843 ἁπολύθεϊσα
719 2781 817 2849 τῆς
887 2778 1134 2855 ἂθυμίας,
1191 2779 1278 2835 καὶ
1332 2778 1430 2845 τὴν
1488 2775 1676 2855 ψυχὴν
1742 2772 1988 2850 γαλήνης

332 2876 518 2953 ὥσπερ
591 2873 682 2929 καὶ
756 2869 953 2940 ἡδονῆς
1035 2867 1405 2948 πληρωθεῖσα,
1487 2868 1580 2922 τὸν
1665 2862 1989 2953 γεννηθέντα

268 2981 285 2993 ⁸
329 2952 572 3021 λαϐοὗσα
627 2959 872 3040 βασιλέα,
932 2961 1064 3039 πρὸς
1123 2960 1214 3015 τὸν
1290 2962 1437 3015 θεῖον
1505 2954 1677 3033 ἤγαγε
1738 2952 1981 3028 Συμεών⁸

333 3057 425 3112 καὶ
483 3053 599 3110 ἐπεὶ
662 3053 754 3108 οὔκ
837 3050 1103 3116 εἶσιτητὸς
1161 3048 1227 3115 ἧν
1287 3045 1519 3123 γυναιξὶν
1592 3046 1621 3100 ὁ
1675 3039 1982 3120 περίϐολος,

2155 2325 2255 2388 43.
2296 2326 2535 2403 Regina
2565 2326 2993 2388 lsmaelitarum
3025 2327 3245 2390 sterilis
3276 2347 3408 2392 cum
3442 2339 3620 2405 esset,
3651 2351 3720 2395 ac

2074 2411 2398 2477 liberorum
2417 2414 2743 2476 carentiam
2764 2433 2966 2478 amaro
2982 2416 3177 2482 animo
3191 2418 3391 2491 ferret,
3408 2438 3520 2483 nec
3534 2421 3712 2483 ullam

2074 2521 2108 2565 e
2130 2503 2311 2566 rebus
2333 2503 2549 2566 creatis
2569 2504 2926 2586 voluptatem
2951 2506 3234 2581 hauriret,
3264 2509 3459 2589 primo
3478 2508 3715 2588 quidem

2073 2593 2229 2655 viros
2260 2593 2547 2674 quosdam
2595 2593 2853 2656 illustres
2882 2594 3179 2671 submisit,
3233 2598 3334 2678 qui
3377 2605 3441 2659 ut
3489 2597 3714 2679 prolem

2074 2684 2391 2764 concipere
2410 2691 2466 2744 et
2491 2700 2699 2765 parere
2722 2693 2922 2763 posset
2940 2685 3378 2768 supplicabant;
3406 2696 3714 2768 postquam

2075 2791 2217 2833 vero
2238 2788 2485 2852 compos
2505 2773 2625 2835 voti
2648 2773 2799 2836 facta
2819 2784 2931 2849 est,
2949 2776 3139 2838 soluta
3160 2776 3324 2839 omni
3348 2775 3718 2853 mmstitia,et

2073 2861 2289 2923 anima:
2309 2861 2755 2943 tranquillitate,
2782 2868 2934 2925 sicut
2954 2874 3013 2926 et
3035 2866 3330 2945 voluptate
3354 2864 3716 2946 repleta,na-

2070 2964 2188 3013 tum
2205 2970 2398 3027 regem
2414 2957 2800 3027 accipiens,ad
2820 2959 3429 3031 sanctumSymeonem
3443 2959 3710 3025 accurrit;

2070 3050 2288 3103 etcum
2310 3049 2543 3121 septum
2577 3042 2709 3121 ejus
2742 3042 3097 3105 mulieribus
3126 3044 3500 3106 inaccessum
3533 3051 3711 3112 esset,

330 3144 598 3219 πέμψασα
646 3142 779 3220 πρὸς
841 3139 1004 3195 αὗτὸν
1077 3139 1139 3194 τὸ
1201 3135 1420 3217 βρέφος,
1478 3131 2007 3228 τῖι’λς“πσιρ⁹-αὐτοι“54

2077 3130 2253 3192 misso
2287 3130 2359 3192 ad
2393 3132 2589 3210 ipsum
2625 3131 2774 3212 tilio,
2806 3132 2939 3213 ejus
2970 3132 3391 3197 benedictione
3421 3133 3716 3215 impertiri

329 3245 523 3312 τυχεῖν
566 3219 809 3307 εὔλογίας
850 3226 1030 3295 ἠξίου.
1069 3227 1194 3305 Σόν,
1230 3228 1355 3304 γὰρ,
1391 3224 1517 3304 ἔφη,
1543 3220 1662 3279 τόδε
1691 3223 1753 3278 τὸ
1783 3221 1978 3299 δρᾶμαο

2077 3219 2311 3300 rogabat
2343 3237 2357 3283 ε
2389 3224 2575 3295 Tuus,
2621 3220 2724 3293 ait,
2763 3221 2863 3284 ille
2899 3228 2989 3284 est
3019 3223 3377 3303 manipulus;
3409 3241 3518 3303 ego
3551 3221 3711 3285 enim

327 3322 438 3400 ἐγὼ
491 3322 592 3394 μὲν
642 3319 743 3398 γὰρ
787 3317 923 3393 μετὰ
964 3315 1204 3394 δακρύων
1245 3318 1307 3372 τὸ
1336 3319 1433 3380 τῆς
1488 3313 1661 3392 εὐχῆς
1711 3312 1984 3400 προσενή-

326 3399 471 3491 νοχα
505 3408 720 3487 σπέρμα
755 3429 770 3444 ’
805 3408 867 3464 σὺ
909 3405 963 3462 δὲ
1021 3408 1082 3462 τὸ
1131 3405 1343 3483 σπέρμα
1396 3403 1698 3469 πεποίηκας
1732 3399 1941 3491 δράγμα
1968 3420 1983 3436 ⁸

488 3499 631 3564 θείας
672 3497 898 3578 χάριτος
935 3493 1020 3551 διὰ
1070 3497 1398 3574 προσεδχῶν
1428 3492 1652 3555 ἑλκύσας
1686 3492 1778 3546 τὸν
1811 3490 1985 3549 ὑετόν.

329 3587 566 3655 Κάκείνη
626 3588 724 3664 μὲν
768 3586 841 3642 ὧν
893 3585 1069 3643 ἐπόθει
1114 3590 1376 3664 τυχοῦσα,
1409 3585 1649 3648 ἓπανῆκε
1709 3581 1840 3658 πρὸς
1889 3580 1989 3646 τὴν

332 3677 506 3735 οἰκίαν
540 3696 555 3713 ο
593 3679 761 3752 ἡμεῖς
818 3673 873 3731 δὲ
916 3675 1082 3753 μέχρι
1124 3674 1269 3740 τίνος
1327 3672 1733 3752 φιλόνεικοῦμεν
1791 3671 1859 3728 τὰ
1901 3671 1989 3726 καὶ

334 3768 516 3835 πάσης
576 3768 906 3845 ἀνθρωπίνης
963 3765 1164 3831 ἐννοίας
1220 3765 1443 3844 κρείττω
1518 3760 1767 3841 διηγήσει
1826 3782 1986 3839 περι-

335 3854 527 3915 λαϐεῖν
564 3876 583 3933 ;

2069 3327 2204 3372 cum
2238 3310 2510 3392 lacrymis
2535 3320 2591 3373 et
2619 3311 2895 3391 precibus
2925 3330 3131 3373 semen
3155 3312 3411 3393 conjeci;
3435 3322 3497 3375 tu
3517 3312 3713 3375 mani-

2071 3400 2278 3479 pulum
2312 3399 2526 3462 divina:
2569 3401 2781 3479 gratia)
2830 3402 3100 3484 effecisti,
3153 3401 3429 3483 precibus
3459 3402 3716 3482 desuper

2072 3489 2331 3569 pluviam
2350 3490 2593 3551 elicens.
2619 3489 2832 3552 Mulier
2853 3492 3071 3573 itaque,
3094 3511 3225 3574 quae
3245 3510 3461 3569 magno
3482 3492 3715 3556 deside-

2070 3579 2160 3639 rio
2187 3580 2542 3660 quaesiverat
2564 3588 2903 3653 consecuta,
2930 3580 3171 3642 domum
3200 3600 3363 3643 suam
3388 3581 3523 3646 laata
3544 3582 3714 3644 redi-

2069 3669 2169 3731 vit.
2195 3670 2315 3732 Nos
2339 3685 2477 3729 vero
2503 3687 2822 3745 quousque
2843 3687 3161 3750 pergamus
3190 3689 3286 3733 res
3316 3673 3477 3733 omni
3496 3671 3714 3734 buma-

2069 3776 2148 3819 no
2177 3757 2417 3837 ingenio
2442 3756 2834 3820 sublimiores
2854 3763 3127 3823 oratione
3151 3759 3477 3841 prosequi?

1827 3942 2065 4002 CAPUT
2092 3941 2213 3999 XII.

1195 4054 1534 4125 Quotidiama
1559 4055 1670 4128 ejus
1709 4055 2155 4115 exercitationes:
2199 4060 2472 4128 praecepta
2497 4053 2674 4111 variis
2715 4051 2861 4112 data.

416 4187 528 4263 μδ’.
589 4185 841 4256 Ἐστήκει
898 4185 997 4263 γὰρ
1057 4185 1262 4262 νύκτωρ
1317 4186 1404 4242 καὶ
1461 4183 1579 4258 μεθ’
1630 4182 1838 4263 ἡμέραν
1881 4186 2007 4242 ὑπὸ

2146 4183 2248 4247 44.
2288 4180 2489 4246 Stabat
2517 4182 2617 4244 ille
2647 4189 2852 4245 noctes
2894 4191 2953 4245 et
3000 4182 3131 4245 dies
3160 4182 3440 4246 omnibus
3474 4186 3716 4267 conspi-

337 4278 552 4335 πάντων
612 4276 907 4351 ὁρώμενος,
966 4276 1055 4331 καὶ
1111 4276 1205 4340 τὰς
1261 4275 1417 4351 ίθύρας
1466 4273 1701 4354 ἀφελὼν,
1764 4277 1850 4331 καὶ
1892 4282 1987 4331 τοῦ

332 4366 619 4439 περιϐόλου
679 4365 839 4439 μέρος
902 4366 994 4421 οὒκ
1067 4364 1361 4444 ἐλάχιστον
1433 4363 1763 4437 καταλύσας,
1820 4362 1987 4441 upon-

334 4479 481 4512 κειτο
541 4462 674 4512 πᾶσι
732 4454 928 4529 θέαμα,
990 4456 1260 4529 θαύματος
1333 4453 1496 4531 λόγον
1552 4454 1762 4509 ἅπαντα
1819 4456 1986 4531 ὑπερ-

338 4543 553 4619 ϐαῐνον,
616 4554 705 4602 νῦν
760 4544 856 4617 μὲν
903 4543 1068 4609 ἑστὼς
1128 4544 1294 4622 μέχρι
1333 4541 1558 4621 πολλοῦ,
1593 4548 1682 4598 νῦν
1730 4541 1785 4598 δὲ
1815 4543 1984 4599 πύκνὰ

339 4632 887 4708 κατακαμπτόμενος,
949 4636 1037 4689 καὶ
1115 4640 1232 4705 Θεῴ
1307 4633 1616 4710 προσφέρων
1674 4633 1985 4709 προσκύνη-

342 4747 449 4787 σιν,
513 4721 711 4779 Πολλοὶ
766 4721 823 4778 δὲ
880 4724 968 4779 καὶ
1043 4722 1334 4798 ἀριθμῆσαι
1420 4722 1515 4784 τὰς
1601 4722 1986 4797 προσκυνήσεις

340 4812 704 4893 ἐπεχείρησαν
756 4812 952 4874 ταύτας
989 4828 1001 4840 ·
1077 4810 1217 4877 ἅπαξ
1294 4809 1348 4868 δέ
1414 4833 1495 4874 τις
1552 4817 1659 4868 τῶν
1722 4812 1862 4891 παρὰ
1911 4818 1987 4885 τῷ

342 4901 614 4982 φιλαρέτῳ
705 4900 1031 4979 Θιοδωρήτῳ
1111 4903 1296 4981 χιλίας
1382 4902 1470 4957 καὶ
1540 4898 1808 4963 διακοσίας
1901 4900 1987 4958 ἐπὶ

340 4992 739 5069 τεσσαράκοντα
810 4992 897 5047 καὶ
968 4991 1182 5068 τέσσαρι
1254 4990 1578 5067 ἀριθμήσας,
1640 4995 1762 5048 εἶτα
1818 4990 1985 5048 ὀκλσί-

416 5150 533 5219 (38)
564 5149 697 5207 Hzee
733 5148 908 5220 paulo
939 5148 1105 5207 aliter
1141 5160 1337 5208 narrat
1371 5148 1794 5219 Theodoretus,
1821 5158 1992 5220 atque

342 5222 499 5279 unde
529 5219 895 5295 sibi_cognita
928 5224 1038 5295 sint
1060 5221 1443 5295 ostendit,_ita
1476 5220 1770 5295 scribens:
1805 5244 1825 5273 ο
1854 5219 1992 5295 Ejus

341 5307 575 5365 quoque
634 5291 734 5348 fuit
768 5294 1150 5365 magnanima
1196 5292 1351 5362 apud
1388 5307 1585 5364 regem
1628 5291 1936 5350 Persarum
1976 5315 1988 5348 :

345 5363 407 5422 ut
433 5363 588 5421 enim
633 5371 945 5421 narrarunt
986 5364 1153 5435 legati
1187 5365 1284 5434 qui
1336 5365 1406 5420 ad
1457 5363 1649 5434 ipsum
1687 5373 1989 5429 venerunt,

346 5436 655 5507 diligenter
696 5434 1100 5492 sciscitabatur
1138 5450 1404 5506 quaenam
1457 5446 1605 5492 esset
1646 5435 1794 5507 eius
1862 5443 1989 5497 vita,

348 5515 399 5564 et
446 5506 711 5577 quaenam
769 5507 1073 5579 miracula.
1112 5507 1557 5579 immutantem
1607 5506 1732 5579 ejus
1764 5520 1995 5579 quoque

350 5576 678 5650 coniugem,
715 5587 768 5636 et
796 5576 1028 5649 petiisse
1065 5576 1264 5650 uicum
1320 5576 1996 5650 dignatum'ejus'bene-

351 5648 624 5715 dictione,
657 5648 713 5710 et
736 5648 1009 5724 tauquam
1048 5648 1266 5709 donum
1306 5648 1623 5710 maximum
1675 5648 1991 5722 accepisse.

2070 4293 2218 4336 cuus
2245 4274 2388 4348 (39),
2410 4280 2467 4334 et
2488 4272 2638 4334 ostio
2664 4283 2973 4353 aperto,ac
2992 4274 3143 4354 septi
3157 4282 3321 4355 parte
3335 4294 3452 4339 non
3475 4275 3722 4338 minima

2070 4363 2378 4437 dissoluta,
2405 4362 2686 4424 omnibus
2720 4363 3064 4444 propositus
3087 4372 3214 4426 erat
3234 4364 3393 4428 velut
3415 4375 3724 4444 spectacu-

2070 4454 2193 4515 lum
2227 4470 2464 4514 omnem
2498 4451 2955 4514 admirationem
2993 4472 3304 4534 superans,
3341 4472 3499 4516 nunc
3531 4455 3718 4518 multo

2074 4556 2330 4617 tempore
2349 4544 2574 4612 stando,
2595 4559 2753 4602 nunc
2778 4547 3110 4619 frequenter
3122 4562 3334 4615 corpus
3353 4548 3720 4614 inﬂectendo,

2072 4634 2316 4711 Deoque
2328 4630 2531 4692 adorat
2546 4631 2742 4693 ionem
2757 4632 3261 4694 oll'erendo.Multi
3276 4652 3413 4695 vero
3430 4635 3725 4696 adoratio-

2070 4739 2180 4782 nes
2203 4719 2336 4782 illas
2356 4737 2700 4793 numerare,
2729 4721 2925 4782 conati
2947 4731 3124 4785 sunt:
3155 4726 3338 4786 semel
3367 4733 3562 4786 autem
3589 4725 3722 4804 qui-

2070 4810 2204 4871 dam
2237 4808 2393 4888 apud
2416 4809 2647 4870 virtutis
2677 4819 2977 4872 amantem
3002 4812 3444 4877 Theodoretum
3469 4833 3536 4877 se
3560 4814 3722 4875 mille

2069 4899 2358 4961 ducentas
2389 4908 2449 4961 et
2478 4899 2869 4977 quadraginta
2889 4910 3148 4978 quatuor
3175 4903 3552 4965 adorationes
3575 4921 3720 4965 enu-

2072 5005 2335 5051 merasse
2358 4988 2586 5051 retulit.
2608 4988 2929 5052 Flectendo
2953 4991 3212 5054 frontem
3236 5010 3480 5071 semper
3500 4992 3716 5071 pedum

2074 5150 2231 5219 Quin
2263 5150 2433 5222 etiam
2456 5163 2661 5207 omnes
2685 5150 2837 5222 regis
2861 5150 3091 5207 assuetae
3113 5157 3168 5209 et
3187 5166 3218 5207 a
3248 5151 3393 5209 fama
3415 5151 3684 5222 commoti
3702 5192 3716 5217 ,

2076 5219 2371 5294 et_mult_as
2411 5222 2643 5294 inueum
2695 5240 2723 5277 a
2756 5219 2963 5294 'magis
3009 5225 3320 5280 adornatas
3368 5220 3716 5294 accipientes

2076 5291 2417 5371 calumnias,
2451 5291 2756 5371 diligenter
2791 5288 3073 5371 rogabant
3099 5310 3119 5371 ;_
3148 5304 3200 5350 et
3232 5308 3363 5371 cum
3394 5288 3716 5349 intellexis-

2076 5373 2232 5431 sent,
2294 5363 2476 5420 virum
2555 5365 2814 5421 divinum
2862 5363 3266 5425 nominabant.
3316 5363 3527 5423 Caetera
3580 5375 3714 5421 vero

2076 5434 2266 5495 turba.
2303 5443 2358 5489 et
2385 5437 2455 5490 ad
2503 5436 2790 5492 muliono-s
2827 5436 3163 5495 accedentes
3193 5443 3250 5491 et
3284 5437 3353 5491 ad
3383 5432 3630 5489 famulos
3663 5443 3717 5490 et

2078 5504 2315 5571 milites,
2353 5518 2407 5561 et
2460 5510 2763 5575 pecuniam
2816 5506 3153 5572 offerebant,
3212 5515 3266 5562 et
3327 5505 3603 5576 rogabant
3652 5515 3715 5564 ut

2078 5588 2276 5636 essent
2310 5578 2622 5636 participes
2653 5578 2763 5634 olei
2786 5576 3231 5634 benedictionis.
3268 5596 3291 5629 ι

2151 5649 2264 5721 (39)
2304 5646 2488 5707 Habet
2517 5646 2640 5706 haec
2671 5646 3085 5709 Theodoretus.
