4062 6194
419 263 544 332 379

1694 260 1972 327 MENSiS
2030 234 2494 329 JANUABIUS.

3670 263 3785 334 380

416 400 627 481 digitis
655 399 1024 483 applicabat;
1057 396 1224 460 facile
1253 393 1411 456 enim
1442 400 1649 483 venter
1673 392 1748 457 ob
1780 392 2048 457 alimenti

2144 420 2227 463 ἀς
2276 400 2453 483 ἀφῆκε
2515 400 2614 472 τὴν
2656 402 2855 483 ψῆφον,
2912 402 3267 462 κατακύπτων
3325 402 3380 461 δὲ
3424 404 3483 461 τὸ
3532 404 3789 480 μέτωπον

418 482 727 557 defectum
752 493 989 554 dorsum
1019 487 1235 567 inﬂecti
1269 482 1649 563 permittebat
1684 483 1819 562 (40).

503 762 606 824 45.
639 763 820 820 Porro
844 773 911 817 ex
935 756 1032 816 illa
1057 760 1338 831 perpetua
1362 761 1422 814 et
1453 769 1631 830 supra
1655 758 1920 812 naturam
1942 750 2053 811 ad-

418 848 679 910 mirabili
711 847 960 907 statione
985 843 1283 920 eﬂ‘ectum,
1303 842 1444 903 utin
1462 841 1646 903 altero
1666 839 1818 920 pede
1846 840 2055 918 ingens

412 936 589 998 ulcus
612 933 991 1005 contraxerit,
1019 950 1053 994 e
1077 938 1195 1011 quo
1221 930 1477 1011 plurima
1505 931 1702 991 sanies
1732 928 2050 991 deﬂuebat.

411 1023 637 1085 Verum
673 1022 816 1083 nihil
850 1022 1062 1084 borum
1096 1022 1229 1102 ejus
1261 1020 1696 1101 philosophiam
1727 1018 2053 1096 repressit;

411 1112 616 1174 omnia
628 1112 788 1174 enim
803 1130 1092 1190 generose
1108 1110 1613 1191 pertulit,lahores
1624 1107 1803 1169 animi
1820 1125 1981 1185 prum
1993 1126 2050 1186 p-

408 1201 668 1263 titudine
685 1201 1139 1266 vincens.Ulcus
1156 1219 1291 1262 vero
1307 1198 1458 1261 istud
1482 1198 1714 1260 cuidam
1732 1196 2049 1278 aliquando

414 1292 743 1354 ostendere
765 1299 1003 1355 coactus
1026 1291 1285 1353 estErat
1308 1290 1467 1352 enim
1490 1292 1576 1349 vir
1604 1287 1841 1368 quidam
1865 1284 2053 1365 digni-

408 1385 532 1445 tate
554 1381 1100 1454 diaconus,virtutis
1117 1380 1417 1443 studiosus
1443 1397 1456 1442 :
1488 1379 1538 1439 is
1564 1376 1874 1457 Symeonis
1898 1376 2052 1438 fama

411 1471 664 1544 excitus,
690 1473 848 1533 venit
881 1472 1329 1547 Ravennaﬂl),
1357 1476 1415 1531 et
1446 1468 1615 1531 collis
1646 1466 1802 1526 illius
1830 1464 2050 1529 vertice

412 1580 767 1628 conscenso.
796 1564 899 1625 Dic
929 1563 1095 1633 mihi,
1122 1561 1224 1637 ait,
1261 1578 1366 1640 per
1394 1559 1581 1631 ipsam
1612 1556 1947 1631 veritatem,
1975 1574 2049 1615 an

414 1660 474 1714 tu
509 1652 688 1714 homo
716 1671 803 1725 es,
830 1671 903 1715 an
936 1670 1072 1713 vero
1100 1651 1215 1714 alia
1245 1648 1512 1730 quaedam
1546 1655 1755 1709 natura
1783 1644 2050 1724 corporis

2135 487 2213 545 ἀεὶ
2271 505 2388 556 τοῖς
2447 497 2557 549 τῶν
2620 494 2791 552 ποδῶν
2848 491 3129 557 δακτύλοις
3173 492 3490 571 προσήρειδε
3519 511 3534 524 ·
3574 490 3663 550 διὰ
3691 494 3793 573 γὰρ

2135 580 2232 646 τὴν
2285 583 2383 649 τῆς
2442 585 2644 661 τροφῆς
2688 581 2889 640 ἔνδειαν
2933 582 2969 650 ἠ
3029 583 3238 662 γαστὴρ
3298 584 3534 648 εὐπετῶς
3598 583 3794 640 ἐπικύ-

2134 675 2356 728 πτεσθαι
2387 680 2461 745 τῷ
2492 680 2645 746 νώτῳ
2674 686 2964 752 παρεῖχεν.

2217 751 2328 834 με’.
2375 759 2515 818 Ἀπὸ
2573 762 2822 839 μέντοιγε
2876 768 2973 830 τῆς
3030 763 3327 843 ὑπερφυοῦς
3385 761 3595 830 ἐκείνης
3660 764 3795 818 στά-

2136 868 2272 913 σεως
2331 852 2555 928 χρόνιον
2598 850 2751 914 ἕλκος
2811 850 3015 929 θατέρῳ
3073 850 3195 909 ποδὶ
3253 851 3607 930 ἐγγενόμενον
3646 851 3801 909 πλεῖ-

2136 957 2259 992 στον
2319 941 2525 997 ἒκεϊθεν
2609 943 2785 1021 ἰχῶρα
2870 940 3153 1015 ἐξέκρινεν.
3222 941 3376 999 Ἀλλ’
3432 941 3583 1016 ὅμως
3646 940 3797 998 οὖδὲν

2136 1027 2338 1084 τούτων
2397 1028 2634 1110 ἤλεγχεν
2697 1032 2858 1088 αὒτοῦ
2915 1032 3016 1099 τὴν
3094 1032 3411 1111 φιλοσοφίαν
3447 1047 3460 1059 ⁸
3519 1031 3679 1111 ἔφερε
3740 1029 3795 1086 δέ

2133 1115 2306 1173 πάντα
2360 1121 2638 1195 γενναίως,
2685 1128 2753 1197 τῇ
2812 1123 3077 1199 προθυμία
3136 1128 3244 1177 τῶν
3297 1122 3476 1177 πόνων
3506 1123 3796 1198 περιγινό-

2132 1226 2314 1279 μενος.
2363 1209 2528 1266 Τοῦτο
2571 1208 2625 1266 δὲ
2687 1212 2749 1268 τὸ
2806 1210 2961 1274 ἕλκος
3020 1212 3105 1268 καὶ
3162 1209 3437 1277 ὑποδεῖξαί
3490 1211 3600 1267 τινί
3660 1232 3794 1267 ποτε

2132 1292 2471 1373 ἠναγκάσθη.
2508 1299 2667 1376 Ἀνὴρ
2696 1300 2795 1377 γάρ
2839 1322 2917 1364 τις
2978 1303 3066 1357 τὸν
3108 1302 3312 1377 βαθμὸν
3357 1300 3639 1373 διάκονος,
3700 1301 3790 1356 τὸν

2133 1384 2329 1461 τρόπον
2376 1386 2677 1467 φιλᾶρετος,
2746 1395 2813 1465 τῇ
2874 1391 2990 1468 περὶ
3049 1392 3139 1447 τὸν
3188 1392 3409 1465 Συμεὼν
3467 1392 3631 1471 φήμῃ
3693 1410 3791 1444 κεν

2133 1476 2443 1556 κινημένος,
2503 1479 2720 1555 ἀῳίκετό
2778 1501 2907 1535 ποτε
2989 1480 3096 1537 ἀπὸ
3172 1473 3479 1559 Ῥαϐέννης,
3539 1482 3636 1537 καὶ
3694 1480 3792 1546 τὴν

2133 1567 2368 1645 κορυφὴν
2412 1567 2620 1635 ἐκείνην
2678 1566 3000 1625 καταλαϐών
3037 1586 3050 1599 ⁸
3118 1570 3246 1628 Εἰπέ
3299 1592 3414 1649 μοι,
3472 1570 3605 1650 ἔφη,
3656 1568 3791 1647 πρὸς

2134 1661 2232 1723 τῆς
2286 1656 2559 1732 ἀληθείας,
2628 1659 2784 1721 αὒτὸς
2844 1659 2944 1733 ἆρά
2997 1680 3058 1737 γε
3119 1657 3392 1735 ἅνθρωπος
3456 1661 3536 1738 εἷ,
3611 1658 3649 1728 ἥ
3711 1678 3792 1723 τις

414 1760 652 1822 expers,
670 1751 729 1804 et
750 1742 1065 1804 humanam
1086 1740 1342 1819 efﬁgiem
1362 1737 1662 1800 ementita.
1689 1737 1855 1798 Hanc
1872 1735 2050 1796 inter-

2144 1745 2287 1823 ἑτέρα
2346 1747 2495 1826 φύσις
2555 1746 2864 1822 ἀσώματος,
2925 1749 3020 1816 τὴν
3101 1748 3433 1825 ἀνθρωπίνην
3490 1751 3792 1827 ὑποκρινο-

414 1832 782 1910 rogationem
814 1850 947 1893 cum
980 1838 1238 1893 astantes
1275 1828 1525 1891 moleste
1546 1828 1790 1898 ferrent,
1819 1824 2051 1886 divinus

416 1923 670 2002 Symeon
705 1922 1017 1983 tumultum
1050 1919 1292 1994 sedavit,
1330 1918 1478 1981 etad
1504 1918 1669 1978 illum
1705 1933 2049 1996 conversus,

420 2011 596 2086 Quid,
631 2012 844 2089 inquit,
881 2030 975 2072 me
1019 2021 1079 2071 tu
1112 2010 1224 2072 hoc
1255 2014 1474 2086 rogas?
1516 2004 1824 2069 Subnectit
1850 2005 2001 2067 alter
2034 2026 2048 2065 :

416 2100 588 2175 Quia,
610 2118 1003 2181 quoscunque
1021 2100 1094 2160 de
1114 2107 1169 2161 te
1188 2097 1366 2160 audio
1385 2113 1720 2159 sermonem
1742 2094 2049 2169 facientes,

417 2209 528 2253 nec
562 2189 760 2252 cibum
793 2208 1052 2264 sumere,
1089 2207 1200 2251 nec
1230 2205 1504 2248 somnum
1539 2202 1752 2263 capere
1786 2192 1840 2245 te
1885 2185 2050 2246 affir-

419 2287 581 2342 mant
610 2301 626 2355 ;
655 2288 975 2360 utrumque
1022 2296 1164 2340 vero
1208 2274 1436 2339 homini
1472 2275 1817 2355 proprium:
1856 2292 2052 2354 neque

423 2368 580 2432 enim
610 2369 905 2450 quispiam
941 2368 1093 2430 banc
1126 2366 1354 2429 habens
1384 2372 1650 2425 naturam
1683 2364 1811 2424 sine
1841 2382 2052 2425 somno

421 2467 519 2520 aut
551 2460 915 2521 nutrimento
957 2457 1116 2521 vivit.
1164 2456 1251 2518 Ad
1285 2454 1411 2516 hanc
1442 2452 1695 2533 Symeon
1727 2452 1914 2513 scalas
1945 2470 2052 2514 co-

420 2549 637 2611 lumnae
658 2546 930 2611 adhiberi
947 2546 1138 2628 jubet,
1164 2554 1220 2608 et
1243 2544 1317 2606 ad
1338 2562 1403 2606 se
1425 2551 1488 2604 ut
1508 2542 1787 2604 ascendat
1816 2550 2049 2605 monet:

420 2658 539 2720 quo
571 2656 705 2700 cum
742 2640 1029 2718 pervenit,
1065 2636 1257 2715 primo
1288 2632 1526 2713 quidem
1564 2651 1772 2693 manus
1795 2650 2053 2708 cognos-

424 2747 562 2791 cere
586 2726 888 2809 prazcepit,
913 2725 1131 2789 deinde
1150 2726 1307 2785 intra
1333 2730 1555 2783 vestem
1582 2721 1891 2800 pelliceam
1925 2721 2048 2801 (4'2)

420 2835 659 2879 manum
693 2817 960 2892 injicere,
1008 2833 1203 2892 neque
1234 2811 1427 2874 solum
1464 2810 1645 2891 pedes
1693 2810 1913 2887 videre,
1947 2810 2053 2872 sed

417 2915 476 2967 et
501 2905 914 2983 gravissimum
951 2902 1097 2966 illud
1128 2903 1298 2964 ulcus
1328 2899 1619 2981 aspicere.
1650 2899 1758 2962 Vix
1791 2901 1915 2962 visa
1956 2901 2051 2962 ul-

421 2994 578 3056 ceris
601 2992 977 3056 scaturientis
1002 2989 1425 3071 magnitudine,
1452 3007 1483 3049 e.
1509 2988 1785 3051 columna
1806 2990 2052 3053 descen-

2136 1835 2271 1911 μένη
2311 1834 2594 1893 διάπλασιν
2629 1855 2644 1912 ;
2685 1837 3159 1916 Δυσχεραινάντων
3194 1836 3247 1893 δὲ
3280 1840 3409 1913 πρὸς
3436 1838 3537 1905 τὴν
3570 1837 3792 1912 ἐρώτη-

2135 1948 2216 1982 σιν
2261 1933 2364 1983 τῶν
2410 1926 2709 2003 παρόντων,
2756 1927 2846 1982 τὸν
2903 1924 3125 2003 θόρυϐον
3188 1930 3373 1991 αὖτοῖς
3409 1929 3433 1985 ὃ
3467 1931 3618 1993 θεῖος
3678 1935 3790 1983 Eu-

2135 2017 2280 2090 μεὼν
2340 2013 2714 2093 γαταςτείλας,
2775 2016 2862 2071 καὶ
2904 2016 3031 2094 πρὸς
3086 2014 3296 2072 ἐκεῖνον
3343 2015 3699 2094 ἐπιστρέψας,
3740 2016 3796 2074 Τί

2136 2128 2288 2181 ποτε,
2324 2106 2477 2185 φησὶ,
2512 2126 2667 2162 τουτο
2698 2126 2765 2180 με
2796 2104 2951 2183 ἤρου;
2983 2115 3085 2164 Τοῦ
3115 2104 3169 2161 δὲ
3193 2107 3496 2187 ετρηκότος,
3521 2106 3605 2163 ὅτι
3643 2107 3794 2166 Πάν-

2134 2218 2240 2252 των
2286 2194 2463 2251 ἀκούω
2518 2194 2867 2274 θρυλούντων,
2910 2196 2982 2257 ὡς
3030 2194 3148 2251 οὕτε
3212 2195 3424 2275 ἐσθίεις,
3473 2196 3597 2253 οὔτε
3656 2199 3796 2253 καθ-

2135 2283 2300 2349 εύδεις
2336 2301 2350 2315 ⁸
2414 2283 2662 2361 ἑκάτερον
2708 2282 2762 2339 δὲ
2806 2284 3068 2362 ἀνθρώπῳ
3112 2282 3251 2343 ἴδιον
3287 2300 3301 2314 ⁵
3350 2289 3411 2344 οὗ
3470 2287 3572 2363 γὰρ
3605 2286 3669 2344 ἄν
3713 2305 3794 2347 τις

2132 2374 2331 2440 ταύτην
2362 2373 2506 2453 ἔχων
2536 2375 2633 2441 τὴν
2666 2373 2819 2453 φύσιν
2850 2378 3050 2452 τροφῆς
3082 2370 3174 2453 δίχ
3180 2397 3208 2428 α
3261 2375 3351 2433 καὶ
3396 2373 3563 2431 ὕπνου
3594 2376 3741 2451 βιῴη
3777 2391 3794 2411 ⁸

2133 2464 2437 2530 ἐπιτεθῆναι
2496 2464 2813 2542 προστάττει
2870 2468 2946 2536 τῷ
3002 2466 3137 2520 κίονι
3209 2462 3471 2538 κλίμακα,
3534 2464 3796 2522 κάκεῖνον

2135 2557 2206 2617 ὡς
2254 2555 2410 2613 aiat-5v
2468 2552 2735 2621 ἀναϐῆναι
2774 2571 2788 2586 ‘
2852 2553 2966 2610 ἐπεὶ
3038 2550 3093 2610 δὲ
3148 2551 3251 2620 ἤδη
3307 2552 3539 2626 ἀνέλθοι,
3602 2560 3795 2633 πρῶτα

2137 2646 2234 2720 μὲν
2287 2647 2621 2719 καταμαθεῖν
2677 2665 2771 2707 τας
2830 2656 3027 2722 χεῖρας
3094 2643 3415 2720 ὲπετρὲπετο
3452 2660 3464 2674 '
3495 2644 3624 2701 εἶτα
3657 2643 3793 2700 εἴσω

2134 2738 2227 2792 “ro-5
2284 2732 2593 2811 ὃερματῖνου
2661 2730 3000 2811 περιϐολαίου
3058 2733 3154 2800 τὴν
3199 2747 3367 2812 χε⁶ρα
3425 2732 3644 2812 βαλεῖν,
3704 2734 3791 2790 καὶ

2135 2824 2268 2881 ἰδεῖν
2300 2825 2377 2898 μὴ
2410 2824 2527 2884 τοὺς
2579 2821 2745 2885 πόδας
2804 2824 2992 2897 μόνον,
3030 2821 3169 2879 ἀλλά
3200 2823 3288 2879 καὶ
3347 2825 3406 2879 τὸ
3446 2822 3790 2902 χαλεπώτα-

2133 2937 2226 2971 τον
2285 2912 2438 2976 ἕλκος
2477 2911 2678 2975 ἐκεῖνο,
2715 2910 2861 2969 Ἰδὼν
2906 2909 2960 2967 δὲ
3019 2912 3116 2980 τὴν
3173 2921 3266 2971 τοῦ
3318 2910 3505 2977 ἕλκους
3550 2911 3830 2990 ian-596w.

2134 3003 2260 3083 λήν,
2321 3010 2411 3060 τοῦ
2464 3000 2656 3058 στύλου
2691 3024 2748 3058 τε
2792 2999 3166 3078 κατεληλύθει,
3198 3002 3287 3058 καὶ
3317 3002 3447 3079 πρὸς
3476 2999 3536 3057 ὅν
3571 3004 3596 3058 ἱ,
3632 3003 3792 3081 λόγος

421 3083 529 3179 dit,
561 3091 617 3145 et
649 3082 719 3145 ad
739 3081 1221 3179 ATheodoretum,
1257 3082 1331 3141 de
1360 3097 1475 3159 quo
1521 3077 1683 3157 prius
1714 3098 1916 3179 sermo
1954 3080 2050 3142 in-

2144 3077 2335 3173 ρθάσας
2404 3089 2639 3162 ἐδήλωσε
2727 3089 3067 3179 Θεοδώρητον
3165 3077 3517 3169 ἀφικόμενος,
3613 3077 3792 3149 πάντα

422 3173 587 3247 cidit,
623 3172 942 3254 profectus,
994 3170 1193 3232 omnia
1237 3176 1507 3230 accurate
1568 3169 1849 3234 narravit.
1910 3172 2053 3234 [nde

418 3262 478 3325 in
510 3262 756 3343 patriam
785 3259 1103 3324 revertitur
1138 3278 1329 3340 praeco
1353 3257 1782 3319 disertissimus
1813 3277 2052 3321 omnem

417 3360 684 3414 naturam
729 3347 1141 3411 excedentium
1177 3346 1284 3409 viri
1320 3346 1492 3425 huius
1515 3352 1928 3409 certaminum.

499 3442 596 3503 46.
645 3440 800 3505 Aliis
829 3439 988 3503 enim
1025 3436 1417 3500 certatoribns
1455 3435 1687 3498 dierum
1717 3436 2052 3499 circumvo-

416 3529 676 3592 lutiones
724 3538 889 3601 grata
935 3526 1186 3610 quadam
1226 3523 1580 3588 remissione
1623 3524 1857 3587 labores
1887 3526 2052 3588 exci-

420 3619 612 3702 piunt;
644 3620 781 3681 huic
810 3638 947 3683 vero
972 3619 1264 3680 continua:
1292 3615 1450 3677 illius
1477 3616 1837 3696 pmnitentize
1859 3617 2052 3696 quies.

417 3719 543 3772 erat
583 3708 854 3771 laborum
891 3708 1160 3773 mutatio.
1212 3705 1309 3771 Sol
1350 3706 1471 3786 jam
1506 3705 1871 3768 occubuerat
1905 3706 2052 3787 M3),

416 3798 518 3862 ille
542 3800 612 3862 ad
658 3798 1096 3877 intelligibilem
1131 3816 1163 3859 e
1204 3796 1582 3858 inocciduum
1615 3794 1815 3857 Solem
1851 3815 2056 3858 manus

417 3900 537 3952 tum
599 3889 950 3963 extendens,
1013 3898 1223 3951 noctes
1278 3885 1537 3965 integras
1588 3884 1796 3960 stabat,
1859 3905 2056 3965 neque

414 3998 622 4040 somno
651 3978 956 4051 delinitus,
987 3995 1180 4057 neque
1210 3975 1441 4054 ignavia
1472 3975 1681 4049 victus,
1730 3975 1919 4039 donec
1952 3975 2053 4038 ille

411 4068 627 4129 iterum
680 4067 750 4128 ad
801 4067 1048 4128 orientis
1102 4066 1465 4127 horizun'em
1519 4074 1940 4134 reverteretur.
1997 4074 2055 4128 et

415 4157 606 4218 noctis
638 4155 930 4217 tristitiam
987 4155 1105 4217 diei
1155 4156 1495 4217 ammnitate
1547 4156 1910 4218 terminaret.
1954 4154 2055 4219 His

413 4245 632 4307 deinde
659 4244 1081 4307 certaminibus
1114 4244 1399 4306 exercitia
1445 4245 1581 4316 alia,
1637 4245 1768 4307 alia;
1818 4264 2052 4325 praxes,

415 4334 662 4396 aliarum
696 4334 958 4412 denique
998 4351 1239 4414 precum
1284 4332 1442 4394 modi
1475 4334 1657 4396 multo
1689 4333 2056 4397 difﬁciliores

415 4422 840 4488 succedebant.

500 4617 604 4679 4⁵1.
636 4613 722 4675 Ita
753 4613 853 4675 ille
877 4614 936 4675 in
959 4612 1135 4674 tantis
1160 4610 1469 4685 molestiis,
1499 4618 1659 4672 tanta
1690 4617 1889 4672 rerum
1917 4631 2064 4692 prae-

419 4706 575 4768 clare
608 4713 911 4786 gestarum
943 4702 1120 4777 mole,
1150 4709 1310 4764 tanta
1343 4700 1763 4764 miraculorum
1802 4701 2064 4764 multitu-

419 4794 823 4870 dine,virtutis
847 4794 1101 4855 culmine
1120 4790 1604 4867 ascenso,multis
1627 4790 1829 4872 spatiis
1852 4810 2063 4855 omnes

425 4885 704 4948 mortales
725 4884 901 4964 longe
922 4900 1367 4964 supergressus,
1403 4881 1481 4943 ita
1514 4890 1639 4943 erat
1668 4882 1851 4945 animi
1877 4903 2061 4948 sensu

494 5064 605 5136 (t0)
629 5062 827 5120 Paullo
849 5059 1465 5136 aliterATheodoretus:
1500 5080 1521 5110 ι
1548 5059 1685 5136 Nam
1711 5074 1839 5136 cum
1873 5077 2070 5125 ien'er

425 5128 603 5194 semel
631 5138 687 5192 in
723 5131 1437 5205 hebdomadaalimentum
1462 5133 1725 5200 accipiat,
1749 5128 1923 5205 idque
1944 5141 2067 5196 exi.

428 5221 632 5281 gnum,
657 5215 938 5281 quantum
956 5223 971 5259 t
991 5211 1040 5261 st
1062 5204 1395 5281 divinorum
1409 5204 2069 5281 sacramentorum)”-

425 5273 710 5349 t‘icipatio‘,
730 5277 903 5335 dorso
923 5275 1188 5349 concedit
1204 5273 1458 5349 uttacile
1481 5275 1826 5349 inﬂectutur.
1857 5297 1883 5349 ν
1903 5273 2071 5349 Uade

426 5345 743 5424 colligitur,
773 5363 905 5407 eum
930 5346 1180 5474 singulis
1202 5346 1576 5428 hebdomadis
1598 5345 1828 5404 solitum
1856 5347 2068 5411 Christi

428 5437 642 5474 cornus
673 5424 991 5474 nerciuere.
1069 5433 1156 5474 am
1189 5422 1235 5474 si
1269 5419 1337 5474 de
1366 5418 1478 5474 alio
1502 5418 1630 5474 ctbo
1664 5430 1855 5474 atteret
1886 5417 2068 5474 Τί]ρο-

428 5417 642 5496 οογρῖιε
673 5417 991 5496 percipere.
1023 5417 1156 5475 Nam
1189 5422 1235 5475 si
1269 5419 1337 5475 de
1366 5418 1478 5475 alio
1502 5418 1630 5496 cibo
1664 5430 1860 5496 ageret
1886 5417 2072 5483 ‘l'beo-

428 5491 694 5562 dor'etus,
732 5491 926 5549 secum
963 5493 1084 5563 ipse
1119 5499 1417 5564 pugnaret,
1453 5491 1549 5564 qui
1588 5498 1719 5564 ante
1748 5492 2072 5564 scripserit,

429 5576 563 5620 eum
608 5560 1052 5635 quadragesimo
1104 5560 1293 5620 Solum
1335 5561 1426 5618 die
1461 5560 1590 5635 cibo
1614 5560 1779 5635 refici
1825 5560 2077 5625 (cusuc;

429 5629 872 5695 vissefﬂataau's
914 5640 1071 5692 certe
1129 5635 1239 5693 sibi
1305 5629 1673 5699 contradicit,
1707 5633 1843 5692 dum
1883 5642 2076 5709 primo

2135 3184 2406 3261 διηγεῖται
2452 3181 2542 3237 σὺν
2588 3179 2846 3259 ἀκριϐείᾳ,
2908 3178 3148 3238 Ἐκεῖθὲν
3220 3202 3278 3237 τε
3338 3183 3469 3260 πρὸς
3514 3181 3614 3248 τὴν
3676 3204 3789 3237 πα-

2135 3272 2279 3352 τρίδα
2310 3272 2575 3345 ἐπάνεισι,
2620 3269 2781 3350 κήρυξ
2828 3276 2928 3327 τῶν
2959 3272 3236 3350 ὑπερφυῶν
3268 3280 3361 3330 τοῦ
3394 3266 3580 3347 ἀνδρὸς
3614 3269 3791 3329 ἄθλων

2136 3362 2510 3439 λαμπρότατος
2523 3403 2537 3420 .

2215 3451 2361 3527 pg".
2408 3461 2537 3515 Τοῖς
2599 3448 2694 3524 μὲν
2739 3447 2923 3514 ἄλλοις
2965 3454 3072 3506 τῶν
3102 3448 3283 3506 καλῶιι
3333 3450 3666 3526 ἀγωνισταῖς
3702 3470 3791 3507 πε-

2138 3541 2299 3622 ρίοδοί
2358 3562 2496 3605 τινες
2558 3542 2775 3619 ἡμερῶν
2833 3540 2922 3596 καὶ
2994 3540 3309 3618 προθεσμίαν.
3399 3539 3612 3596 ἀνέσεσι
3698 3538 3789 3595 δε-

2139 3632 2365 3699 ξιουνται
2424 3631 2545 3695 τοὺς
2602 3629 2793 3691 πόνους
2830 3645 2844 3660 '
2904 3634 2981 3702 τῷ
3038 3626 3092 3684 δὲ
3136 3630 3235 3695 τῆς
3285 3635 3545 3709 συνεχοῦς
3578 3629 3789 3696 ἐκείνης

2140 3722 2413 3801 καρτερίας
2457 3719 2753 3784 ἀνάπαυσις
2808 3719 2877 3785 ἦν
2931 3719 2967 3786 ἡ
3027 3718 3158 3795 πρὸς
3208 3717 3419 3796 ἐτέρους
3470 3719 3576 3773 τῶν
3608 3718 3788 3774 πόνων

2139 3809 2437 3890 μεταϐολή.
2495 3806 2655 3866 τἘδυε
2723 3808 2819 3881 μὲν
2888 3808 2989 3886 γὰρ
3048 3810 3075 3864 ὁ
3133 3805 3308 3881 ἥλιος,
3357 3808 3385 3862 ὃ
3428 3805 3477 3862 δὲ
3530 3809 3665 3885 πρὸς
3696 3808 3788 3864 τὸν

2137 3903 2328 3970 νοητὸν
2358 3903 2445 3957 καὶ
2476 3897 2658 3955 ἄδυτον
2717 3895 2907 3953 Ἠλιον
2960 3896 3052 3961 τὰς
3102 3909 3297 3976 χεῖρας
3327 3895 3541 3975 ἀνέχων
3574 3897 3779 3952 παννύ-

2137 4015 2261 4075 χιον
2291 3992 2509 4063 ἕστηκε,
2556 3986 2673 4045 ούτε
2729 3986 2877 4060 ὕπνῳ
2917 3984 3259 4064 θελγόμενος,
3320 3983 3438 4041 οὔτε
3495 3985 3636 4056 ὄκνῳ
3694 4007 3779 4041 νι-

2136 4074 2402 4158 κώμενος,
2451 4079 2549 4145 ἕως
2603 4076 2665 4134 ἂν
2720 4074 2873 4139 οὗτος
2936 4075 3007 4136 εἷς
3058 4077 3148 4131 τὸν
3203 4075 3336 4149 ἑῷον
3367 4074 3513 4137 αὖθις
3545 4074 3783 4152 ὁρίζοντα

2139 4174 2373 4252 γένοιτο,
2433 4171 2519 4226 καὶ
2576 4169 2636 4225 τὸ
2678 4172 2778 4233 τῆς
2832 4166 3016 4228 νυκτὸς
3049 4166 3358 4244 σκυθρωπὸν
3401 4171 3480 4238 τῷ
3512 4169 3606 4231 τῆς
3639 4163 3782 4237 ἡμέ-

2140 4286 2233 4336 ρας
2288 4260 2549 4319 διαλύσειε
2611 4254 2942 4331 μειδιάματι.
3009 4254 3146 4311 Εἶτα
3205 4256 3295 4310 τὸν
3358 4254 3539 4331 ἀγῶνα
3595 4261 3784 4311 τοῦτον

2140 4354 2315 4424 ἕτεραι
2385 4347 2545 4405 πάὶιν
2605 4345 2859 4414 ἀσκήσεις
2895 4391 2909 4416 ,
2972 4344 3057 4400 καὶ
3144 4341 3361 4421 πράξεις
3415 4343 3620 4421 ἕτεραι,
3695 4343 3784 4399 καὶ

2073 4445 2454 4523 υπροσευχῶν
2517 4434 2694 4491 ἄλλων
2763 4433 2951 4510 τρόποι
3011 4430 3201 4507 πολλῷ
3276 4432 3554 4511 βαρύτεροι
3617 4428 3785 4488 διεδέ-

2189 4552 2310 4588 οντο
2321 4578 2334 4591 ο

2189 4559 2334 4591 οντα).

2144 4559 2186 4615 χ
2228 4609 2340 4697 μζ’,
2388 4615 2539 4675 Οῧτω
2595 4613 2766 4672 τοίνυν
2839 4612 2926 4668 καὶ
2985 4611 3037 4667 ἐν
3098 4611 3369 4673 τοσούτοις
3443 4609 3629 4675 πόνοις
3701 4609 3788 4666 καὶ

2148 4707 2571 4787 κατορθωμάτων
2615 4703 2759 4782 ὄγκῳ
2801 4703 2889 4759 καὶ
2949 4699 3140 4768 πλήθει
3197 4700 3479 4775 θαυμάτων
3536 4700 3637 4766 τὴν
3680 4699 3785 4756 τῶν

2145 4800 2353 4881 ἀρετῶν
2400 4795 2632 4873 κορυφὴν
2712 4788 3216 4871 ὺπεραναϐεϐηκὼς,
3281 4790 3370 4846 καὶ
3455 4788 3646 4863 πολλῷ
3712 4788 3788 4861 τῷ

2147 4878 2293 4967 μέσῳ
2354 4888 2557 4948 πάντας
2616 4882 2915 4961 ἀνθρώπως
2972 4880 3338 4959 παρενεγκὼν,
3391 4878 3559 4943 οὕτως
3603 4878 3669 4947 ἧν
3730 4879 3783 4934 τὸ

2150 5060 2865 5160 ηοῐλῠὶεῖιαιιεὰῐθεεεὶωο
2890 5058 3003 5160 die.
3034 5054 3531 5160 postgafemelmin
3568 5053 3780 5160 διεὶὴῇἶῖ

2152 5139 2311 5196 mada
2341 5126 2533 5193 cibum
2577 5126 2807 5190 sumere
2854 5126 3088 5189 solitum
3141 5127 3362 5185 scribit.
3424 5126 3584 5184 Idem
3616 5126 3787 5185 habet

2152 5211 2480 5281 Alphongus
2516 5205 2843 5281 Yillegas.__
3013 5273 3024 5281 _
3142 5269 3156 5281 _
3224 5269 3238 5281 _
3329 5269 3343 5281 _
3514 5269 3537 5281 -
3681 5268 3692 5281 ε

2225 5268 2337 5350 '(tt)
2368 5268 2765 5337 Theodoreius
2801 5273 3052 5344 Hervcti,
3102 5269 3167 5327 ab
3197 5269 3485 5338 Arabum;
3513 5268 3715 5342 Longi,
3755 5282 3787 5325 a

2153 5351 2430 5408 Rhamnus.

2227 5425 2340 5494 (t2)
2367 5420 2621 5493 Villegas
2653 5428 2706 5477 et
2739 5416 2934 5494 llibad.
2978 5414 3268 5494 cilicium».

2228 5483 2341 5564 (43')
2363 5483 2760 5553 'l‘bcodoretus
2792 5491 2911 5546 haec
2931 5502 3063 5547 eum
3086 5488 3245 5545 {usus
3269 5484 3526 5545 factitare
3557 5483 3788 5542 solitum

2157 5568 2374 5627 scribit.
