4094 6196
279 320 401 392 381

1342 286 1345 293 “
1406 321 1594 387 VITA
1639 320 1701 383 s.
1750 318 2134 385 SYMEONIS
2184 290 2555 385 suum.

3551 314 3668 385 382

280 464 545 544 φρόνημα
606 458 819 540 μέτριος
904 461 994 518 καὶ
1074 457 1267 539 γλυκὺς
1344 458 1431 515 καὶ
1508 457 1782 537 ἐπίχαρις,
1856 458 1933 515 καί

2026 456 2394 529 moderatus,
2426 456 2507 517 ita
2536 454 2731 518 suavis
2761 461 2819 518 et
2864 455 3181 536 gratus,ita
3208 452 3458 535 singulis
3486 471 3666 518 acce-

276 555 428 629 πρὸς
516 551 739 608 ἕκαστον
828 551 934 606 τῶν
1009 546 1408 626 διαλεγομένων
1494 546 1941 626 ἀποκρινόμενος,

281 641 409 699 εἴτε
458 641 843 722 χειροτέχνης,
891 638 1004 696 εἴτε
1049 638 1367 716 προσαίτης,
1414 635 1527 692 εἴτε
1570 658 1650 693 τις
1692 635 1941 715 ἄγροικος

283 732 441 807 αὗτῳ
483 732 716 811 προσίοι,
763 729 942 807 ὥσπερ
974 726 1157 801 πελλῷ
1198 726 1412 784 πάντων
1455 727 1592 783 κατά
1621 748 1681 803 γε
1710 727 1809 794 τὴν
1841 730 1941 793 τῆς

288 822 492 900 ἀρετ-ἦς
526 820 680 877 ἀσίαν
724 817 1065 893 λειπόμενος,
1099 816 1190 873 ἐπῖ
1247 816 1426 892 μέντοι
1468 829 1584 879 τοῖς
1634 813 1815 879 ἄλλοις
1845 818 1938 871 καὶ

286 910 476 989 λόγων
534 912 696 990 χάρις
764 912 1140 982 πνευματικῶν
1200 920 1319 971 τοῖς
1376 904 1617 985 χείλεσιν
1701 904 1939 979 ἐπήνθει,

288 1003 383 1057 καὶ
442 999 610 1057 πειθώ
650 1022 733 1063 τις
790 997 1091 1064 ἐπεκάθητο
1140 995 1275 1067 θεία,
1323 997 1397 1059 ὡς
1453 992 1528 1057 δὶς
1572 993 1670 1069 μὲν
1716 993 1946 1060 ἑκάστης

285 1089 503 1168 ἡμέρας
560 1092 832 1145 ποιεῖσθαι
894 1087 988 1151 τὰς
1041 1083 1381 1158 παραινέσεις
1445 1082 1581 1139 πολὺ
1638 1083 1699 1138 τὸ
1757 1083 1946 1162 χάριεν

288 1179 435 1254 μετᾶ
491 1184 583 1234 τοῦ
640 1175 872 1257 ὠτελετν
926 1173 1180 1255 ἐχούσας,
1229 1174 1322 1229 κ-ιὶ
1368 1171 1638 1228 ἀνανεύειν
1681 1173 1756 1236 εἰς
1790 1171 1937 1248 οὖρα·

286 1268 439 1342 νοὺς,
494 1274 584 1324 καί
632 1265 878 1323 πέτεσθαι
940 1270 1019 1335 τῷ
1077 1264 1177 1330 τῆς
1232 1262 1425 1340 ἀρετῆς
1485 1264 1663 1338 πτερῷ
1732 1281 1938 1338 παρεγ-

284 1361 449 1435 γυᾷν,
495 1360 595 1423 τῆς
640 1360 741 1435 γῆς
790 1375 848 1409 τε
902 1350 1329 1410 ἀπαλλάττεσθαι
1391 1349 1485 1407 καί
1545 1352 1644 1418 τὴν
1706 1347 1938 1429 προσδο-

282 1445 548 1521 κωμένην
633 1443 983 1523 φαντάζεσθαι
1061 1440 1359 1520 βασιλείαν,
1419 1440 1506 1496 καὶ
1567 1440 1664 1509 τῆς
1720 1438 1938 1518 γεέννης

282 1532 517 1591 δεδιέναι
561 1534 662 1597 τὴν
708 1532 963 1612 ἀπειλὴν,
1022 1533 1112 1591 καὶ
1156 1542 1511 1611 καταφρονεῖν
1555 1535 1661 1587 τῶν
1704 1532 1935 1609 γηίνων,

281 1626 373 1682 καὶ
407 1623 725 1703 προσμένειν
756 1624 817 1678 τὰ
850 1620 1142 1697 μέλλοντα.

369 1712 502 1789 μη¹.
548 1708 648 1770 Ἦν
690 1711 744 1769 δὲ
789 1713 946 1768 αὸτὸν
977 1710 1110 1768 ἰδεῖν
1169 1710 1261 1767 καί
1307 1707 1612 1781 δικάζοντα·
1659 1708 1826 1785 ταύτῃ
1858 1728 1938 1764 τοι

2025 546 2061 608 (1
2083 545 2318 608 entibus
2340 563 2626 627 responsa
2654 543 2850 617 dabat,
2885 545 3008 609 sive
3047 546 3292 628 Opiﬁces
3316 545 3669 620 essent,sive

2024 644 2300 715 agrestes
2329 635 2430 715 qui
2461 635 2629 697 illum
2652 634 3106 710 accederent,ac
3137 640 3185 698 si
3212 635 3444 698 caeteris
3468 634 3669 697 omni-

2026 723 2137 785 bus
2166 724 2407 785 virtutis
2437 722 2728 804 dignitate
2785 724 2962 804 longe
2990 724 3240 787 inferior
3269 732 3447 787 esset.
3482 726 3666 787 Porro

2027 822 2245 894 praeter
2271 813 2387 876 alia
2447 831 2792 875 sermonum
2833 832 3070 895 quoque
3116 813 3513 895 spiritualium
3566 831 3669 876 ve-

2033 911 2243 965 nustas
2272 905 2328 964 in
2360 903 2487 982 ejus
2516 902 2703 965 labris
2735 903 3169 976 el'ilorescebat,
3201 912 3259 965 et
3283 903 3484 965 divina
3506 921 3671 982 quae-

2037 991 2174 1053 dam
2212 991 2476 1068 suadela,
2511 1002 2575 1053 ut
2606 991 2699 1054 bis
2729 991 2994 1074 quotidie
3040 992 3486 1054 adhortationes
3516 992 3670 1054 face-

2037 1091 2156 1163 ret,
2189 1087 2378 1162 gratia
2407 1080 2657 1163 quadam
2687 1081 2969 1162 singulari
2995 1082 3284 1156 conditas,
3325 1082 3672 1162 plurimum-

2024 1190 2144 1251 que
2175 1173 2495 1234 aﬂ‘erentes
2520 1170 2794 1234 utilitatis
2829 1191 2842 1233 :
2877 1181 2934 1233 et
2967 1171 3119 1234 utin
3154 1170 3367 1233 ccelum
3402 1171 3671 1253 suspice-

2024 1269 2181 1333 rent,
2217 1269 2395 1343 atque
2452 1261 2560 1323 alis
2612 1260 2889 1322 virtutum
2940 1279 3176 1324 sursum
3228 1260 3666 1323 evolarentco-

2024 1348 2422 1428 hortabatur;
2474 1358 2531 1412 et
2560 1358 2717 1413 terra
2747 1350 2957 1412 relicta
2984 1358 3376 1432 praeparatum
3410 1352 3543 1413 coeli
3573 1370 3669 1415 re-

2021 1458 2202 1520 gnum
2236 1439 2638 1520 contemplari
2663 1439 3104 1521 jubebat;alias
3132 1441 3343 1503 iterum
3379 1441 3671 1520 gehennae

2025 1529 2217 1591 minas
2251 1538 2546 1604 metuere,
2604 1536 2843 1593 terrena
2894 1538 3301 1607 contemnere,
3339 1530 3532 1594 futura
3560 1532 3670 1595 de-

2021 1618 2206 1700 nique
2239 1628 2609 1701 exspectare.

2103 1708 2202 1772 48.
2235 1707 2374 1769 Erat
2404 1709 2581 1769 etiam
2618 1710 2810 1791 ipsum
2847 1709 3053 1772 videre
3071 1709 3440 1790 judicantem
3477 1732 3490 1770 :
3528 1729 3665 1773 nam

285 1804 379 1859 καὶ
424 1801 615 1860 πολλοὶ
672 1801 899 1865 πολλοῖς
957 1800 1212 1880 πρότερον
1254 1812 1449 1863 κακοῖς
1495 1801 1584 1855 τὸν
1627 1800 1740 1876 βίον
1790 1795 1933 1876 ὑϐρί-

2027 1796 2339 1879 multi,qui
2372 1796 2535 1879 prius
2559 1799 2736 1860 variis
2770 1799 3005 1878 probris
3031 1799 3207 1863 vitam
3235 1817 3400 1861 suam
3426 1801 3668 1863 infama-

283 1899 497 1965 ζοντες,
555 1890 891 1959 δικαιοσύνης
937 1891 1070 1966 μετᾶ
1117 1890 1215 1958 τὴν
1273 1889 1475 1945 ἐκείνου
1531 1890 1700 1968 κρίσιν
1749 1886 1933 1968 ὤφθη-

2027 1895 2261 1963 verant,
2300 1894 2434 1968 post
2466 1887 2598 1967 ejus
2647 1887 2940 1967 judicium
2977 1889 3240 1968 insignes
3259 1889 3506 1968 justitiae
3534 1888 3666 1952 cul-

282 2002 386 2036 σαν
420 1980 657 2060 ἐρασταὶ,
694 1983 786 2037 καί
817 1985 963 2059 ὥπερ
1009 1977 1072 2034 ἄν
1106 1981 1141 2048 ἡ
1200 1978 1400 2035 ἐκείνου
1445 1982 1625 2058 ψῆφος
1673 1979 1735 2033 τὸ
1778 1978 1933 2047 ἦττον

2028 1984 2184 2038 tores
2218 1977 2415 2039 ell‘ecti
2467 1985 2603 2038 sunt
2639 1996 2653 2036 :
2685 1985 2743 2038 et
2787 1995 2963 2057 quem
2993 1978 3123 2058 ejus
3153 1978 3417 2040 calculus
3448 1978 3664 2041 victum

281 2069 603 2141 ἀπένειμεν,
666 2068 812 2130 οὐδὲν
900 2068 1119 2127 ἔλαττον
1202 2068 1353 2129 οὗτος
1434 2074 1528 2124 tot”)
1600 2066 1939 2134 νενικηγότος

281 2161 497 2239 χαίρων
566 2160 747 2237 ἀπῄει.
817 2159 986 2217 Ἀλλὰ
1063 2165 1227 2216 ταῦτα
1300 2160 1397 2232 μὲν
1448 2158 1536 2215 καὶ
1601 2157 1665 2213 τὰ
1720 2163 1936 2213 τοιαῦτα

282 2249 445 2329 ’ἔργον
489 2250 633 2326 αύτῷ
677 2250 813 2326 μετὰ
854 2250 954 2316 τὴν
1014 2249 1237 2315 ἐννάτην
1295 2247 1430 2315 ἦσαν
1481 2246 1625 2324 ὥραν
1660 2265 1676 2283 ο
1708 2247 1807 2313 τὴν
1836 2246 1935 2323 γὰρ

284 2342 454 2396 νύκτα
511 2346 688 2397 πᾶσαν
739 2340 825 2396 καὶ
881 2342 943 2395 τὸ
1015 2337 1207 2417 μέχρις
1280 2336 1502 2403 ἐννάτης
1573 2340 1673 2403 τῆς
1730 2334 1936 2411 ἡμέρας

284 2426 560 2505 διαστημα
597 2430 1036 2509 προσευχόμενος
1095 2426 1313 2483 διετέλει
1350 2442 1363 2456 ”
1401 2426 1536 2501 μετὰ
1565 2423 1619 2481 δὲ
1653 2425 1745 2491 τὴν
1778 2421 1935 2480 ἐννά-

281 2539 386 2584 την
437 2523 623 2596 πρῶτα
679 2518 777 2592 μὲν
838 2519 932 2584 τὴν
976 2517 1120 2574 θείαν
1163 2513 1501 2573 διδασκαλίαν
1545 2527 1663 2577 τοῖς
1713 2520 1936 2588 παροῦσι

281 2608 553 2686 προσῆγε,
614 2608 700 2663 καὶ
760 2607 886 2663 εἶτα
941 2607 1073 2681 πρὸς
1130 2604 1230 2673 τὴν
1286 2605 1513 2663 ἑκάστου
1582 2603 1802 2671 α’ίτησιν
1846 2604 1938 2668 τὰς

281 2697 456 2760 ἷάσὲις
524 2695 910 2776 ἐπιμετρήσας,
988 2696 1197 2752 εὐθεῖάν
1253 2717 1311 2752 τε
1366 2694 1463 2762 τὴν
1523 2692 1698 2773 κρίσιν
1755 2689 1934 2769 ἐξῆγε,

282 2788 374 2841 καὶ
432 2798 549 2851 τοῖς
596 2784 989 2865 ἀμφισϐητοῦσι
1053 2786 1149 2850 τὰς
1192 2785 1401 2849 στάσεις
1449 2781 1616 2840 διέλυε
1647 2799 1662 2814 ⁶
1722 2782 1841 2860 περὶ
1883 2779 1937 2838 δὲ

282 2872 436 2942 ἡλίου
466 2872 621 2930 δύσιν
652 2879 750 2942 τῆς
788 2876 917 2953 πρὸς
962 2875 1056 2931 τὸν
1101 2874 1231 2931 Θεὸν
1275 2873 1464 2930 λοιπὸν
1506 2871 1711 2952 ἤρχετο
1753 2869 1935 2928 διαλέ-

283 2961 439 3028 ξεως.

365 3042 479 3126 μθ’.
542 3050 694 3110 Ἀλλ’
750 3053 805 3110 ἐν
849 3054 1051 3117 τούτοις
1083 3054 1159 3112 ὢν
1195 3055 1279 3111 καὶ
1310 3053 1448 3111 οὕτω
1494 3051 1720 3118 πολλοῖς
1777 3073 1937 3128 μερι-

2028 2064 2393 2140 declarabat,
2430 2064 2531 2127 ille
2554 2066 2947 2129 nihilominus
2977 2067 3200 2129 victore
3227 2066 3394 2129 laetus
3419 2067 3663 2130 recede-

2025 2156 2143 2217 bat.
2179 2154 2295 2218 Sed
2322 2156 2447 2217 haec
2477 2156 2718 2237 quidem
2755 2167 2813 2218 et
2870 2156 3089 2219 similia
3120 2164 3255 2237 post
3285 2157 3492 2219 horam
3547 2176 3662 2220 no-

2025 2261 2156 2305 nam
2191 2244 2528 2319 exercebat,
2566 2264 2701 2307 nam
2749 2254 2983 2308 noctem
3025 2264 3263 2308 omnem
3293 2254 3352 2308 et
3379 2246 3662 2310 diurnum

2020 2333 2277 2413 spatium
2310 2352 2497 2415 usque
2531 2334 2590 2395 in
2653 2335 2857 2396 horam
2908 2353 3126 2396 nonam
3162 2334 3462 2415 precando
3494 2343 3663 2398 tran-

2020 2421 2268 2501 sigebat.
2304 2421 2443 2484 Post
2505 2441 2721 2484 nonam
2778 2424 2979 2485 horam
3018 2426 3210 2505 primo
3241 2423 3482 2505 quidem
3514 2425 3665 2488 doc-

2021 2512 2235 2572 trinam
2273 2529 2500 2573 sacram
2560 2512 2956 2593 prazsentibus
3015 2511 3381 2594 explicabat;
3442 2512 3664 2576 deinde

2021 2600 2388 2681 singulorum
2443 2602 2758 2683 postulatis
2811 2602 3104 2664 medelam
3153 2601 3479 2664 adhibebat
3507 2603 3658 2683 (44),

2022 2697 2081 2750 et
2107 2698 2335 2752 rectum
2362 2691 2657 2772 judicium
2711 2690 2961 2765 ferebat,
3027 2690 3437 2753 dubitantibus
3465 2709 3534 2753 ac
3567 2691 3665 2752 in-

2024 2787 2114 2841 ter
2171 2798 2236 2841 se
2296 2779 2730 2842 dissidentibus
2788 2780 3224 2842 controversias
3276 2779 3658 2843 dissolvebat.

2021 2868 2189 2932 Circa
2220 2868 2362 2933 solis
2393 2888 2675 2934 occasum
2711 2870 2927 2933 iterum
2976 2887 3111 2933 cum
3146 2868 3268 2932 Deo
3298 2868 3661 2950 colloquium

2019 2958 2233 3021 inibat.

2098 3046 2204 3111 49.
2240 3049 2439 3130 Atque
2470 3050 2529 3110 in
2560 3049 2655 3110 his
2685 3066 2819 3111 cum
2867 3054 3046 3123 esset,
3080 3055 3257 3129 atque
3286 3046 3365 3110 ita
3393 3047 3455 3109 in
3483 3047 3665 3111 multa

283 3142 535 3223 ζόμενος,
598 3142 712 3200 οὒδέ
771 3149 871 3211 τῆς
926 3151 1030 3200 τῶν
1118 3144 1282 3223 ἁγίων
1354 3140 1691 3210 Ἐκκλησιῶν
1744 3140 1933 3217 ἠμέλει

2024 3135 2267 3213 divisus,
2318 3157 2515 3219 neque
2571 3139 2962 3201 ecclesiarum
3022 3155 3230 3200 curam
3290 3136 3657 3218 negligebat,

284 3230 587 3311 φροντίδος,
645 3240 733 3289 νῦν
777 3234 876 3308 μὲν
937 3233 1235 3310 Ἑλληνικῇ
1284 3229 1555 3305 δυστεϐείᾳ
1599 3231 1932 3311 μαχόμενος,

285 3326 375 3377 νῦν
459 3318 515 3376 δὲ
568 3321 667 3387 τὴν
746 3329 851 3378 τῶν
923 3319 1187 3381 Ἰουδαίων
1262 3319 1540 3378 καταλύων
1610 3320 1931 3398 θρασύτητα,

290 3408 487 3466 ἄλλοτε
545 3408 601 3465 δὲ
650 3411 749 3474 τὰς
796 3415 898 3467 τῶν
944 3412 1220 3489 αἱρετικῶν
1263 3408 1544 3473 σκεδαννὺς
1587 3410 1881 3487 συμμορίας
1916 3426 1929 3442 ·

283 3499 375 3555 καὶ
403 3506 561 3556 τοῦτο
620 3499 715 3573 μὲν
760 3498 978 3576 βασιλεῖ
1033 3503 1147 3579 περὶ
1190 3500 1364 3556 ἁῦτῶν
1396 3497 1747 3571 ἐπιστέλλων,
1780 3504 1936 3554 τοῦτο

284 3585 338 3643 δὲ
368 3588 493 3652 τοὺς
536 3588 806 3669 ἄρχοντας
868 3591 941 3652 είς
1000 3592 1093 3646 τὸν
1152 3598 1245 3649 τοῦ
1275 3595 1406 3646 Θεοῦ
1433 3586 1594 3659 ζῆλον
1623 3585 1926 3659 διανιστῶν,

287 3676 400 3733 ἔστι
442 3674 498 3731 δὲ
542 3674 631 3733 ὅτε
663 3676 756 3734 καί
789 3676 974 3741 αὖτοτς
1005 3684 1110 3734 τῶν
1167 3675 1504 3744 Ἐκκλησιών
1549 3689 1670 3737 τοῖς
1713 3673 1932 3749 ποιμέσι

285 3765 509 3823 πλείονα
579 3770 851 3824 ποιεῖσθαι
914 3773 1231 3845 παρεγγυῶν
1312 3768 1417 3822 τῶν
1501 3766 1760 3839 ποιμνίων
1833 3764 1932 3831 τὴν

284 3854 600 3929 ἒπιμέλειαν
631 3871 647 3886 ⁶
696 3854 836 3922 ἄξιον
870 3855 925 3914 δέ
956 3879 1096 3922 τινος
1149 3858 1236 3913 καὶ
1282 3855 1390 3912 τῶν
1446 3853 1727 3933 ἐπιμὲρους
1784 3876 1931 3930 μνη-

285 3948 501 4011 σθῆναι.

363 4033 443 4097 ν’,
483 4031 762 4099 Θεοδόσιος
809 4037 836 4092 ὁ
882 4034 1010 4099 Νέος
1056 4036 1128 4099 εἷς
1161 4036 1220 4090 ὃν
1250 4032 1650 4114 καταδιαδοχὴν
1693 4032 1758 4087 τὰ
1791 4023 1927 4090 Ῥω-

282 4123 456 4196 μαίων
509 4128 757 4201 σκῆπτρα
801 4123 1062 4200 μετέπεσε
1124 4123 1261 4202 (νέος
1322 4145 1378 4178 τε
1437 4124 1535 4200 γὰρ
1564 4120 1711 4199 ἦρξε,
1745 4124 1831 4176 καί
1860 4126 1929 4197 τῇ

281 4214 411 4288 πρὸς
454 4215 547 4269 τὸν
593 4212 812 4269 πάππον
858 4211 1233 4289 αντιῗιαστολῇ
1264 4211 1394 4276 Νέος
1426 4209 1726 4282 ἐκαλεῖτο),
1774 4212 1926 4272 οὗτος

284 4301 370 4357 οὖν
429 4303 459 4357 ὁ
505 4304 744 4380 χρηστὸς
786 4300 1062 4365 Θεοδόσιος
1108 4302 1379 4380 μοχθηρίᾳ
1438 4306 1594 4356 τινῶν
1625 4299 1924 4378 χρήμασιν,

284 4390 338 4446 οἵ
370 4413 486 4465 μοι,
519 4391 618 4457 τὴν
651 4389 920 4449 εὖσέόειαν
976 4389 1313 4471 προϊεμένων
1372 4389 1704 4450 ἀναπεισθεὶς
1762 4390 1928 4467 ἐφῆκε

284 4492 401 4542 τοῖς
425 4480 564 4536 κατα
596 4485 695 4547 τὴν
724 4479 1070 4559 Ἀντιόχειαν
1099 4476 1369 4542 Ἰουδαίοις
1401 4479 1497 4543 τὰς
1525 4478 1782 4557 προτέρας
1815 4498 1931 4533 συδ-

287 4568 527 4646 αγωγάς,
577 4576 741 4628 Τοῦτο
798 4571 980 4636 μαθὼν
1039 4571 1066 4625 ὃ
1110 4567 1275 4633 πολὺς
1319 4570 1384 4624 τὰ
1441 4571 1560 4625 θεῖα
1622 4567 1710 4624 καὶ
1737 4568 1927 4643 θερμὸς

284 4664 382 4725 τὴν
430 4655 701 4715 εύσέϐειαν
755 4660 972 4734 Συμεὼν
1030 4659 1353 4727 ἆνοσιότητά
1384 4679 1439 4714 τε
1471 4660 1630 4716 αὐτοῦ
1659 4659 1755 4721 τῆς
1790 4657 1929 4733 πρά-

287 4744 413 4811 ξεως
476 4747 891 4825 καταγινώσκει,
953 4750 1038 4805 καὶ
1096 4746 1232 4822 μετὰ
1290 4745 1495 4814 πολλῆς
1556 4750 1656 4812 τῆς
1714 4743 1926 4824 παρῤη-

286 4837 399 4901 σίας
457 4834 702 4909 ἐπιτιμᾷ.
764 4829 822 4893 ’0
869 4836 922 4893 δὲ
978 4837 1163 4894 αὐτίκα
1209 4834 1529 4913 παλινῳδίαν
1584 4856 1641 4914 τε
1671 4835 1793 4914 ἧσε,
1840 4836 1927 4891 καὶ

285 4924 376 4988 τὰς
433 4925 632 4991 οἰκείας
677 4925 1032 4983 ἀνεκαλέσατο
1062 4925 1344 4998 διατάξεις,
1379 4927 1467 4983 καὶ
1511 4925 1571 4982 οὔ
1619 4925 1741 4988 τοὺς
1784 4923 1925 4981 Ἰου-

282 5010 454 5077 δαίους
509 5013 673 5089 μόνον
714 5016 909 5079 ταύτας
968 5014 1234 5095 ἀφείλετο,
1297 5014 1435 5071 ἀλλὰ
1491 5018 1579 5072 καὶ
1622 5014 1780 5070 αὐτὸν
1836 5014 1928 5069 τὸν

280 5099 525 5181 ὕπαρχον
591 5105 764 5178 (οὗτος
818 5105 919 5183 γὰρ
992 5107 1135 5178 αὖτῷ
1193 5106 1314 5169 τοὺς
1372 5105 1637 5183 πονηροὺς
1697 5103 1926 5164 ἐκείνους

281 5188 639 5262 ὗποϐεόλήκει
697 5192 1018 5274 λογισμοὺς)
1047 5200 1152 5250 τῶν
1208 5191 1478 5269 δημοσίων
1524 5213 1579 5249 τε
1641 5189 1926 5269 φροντίδων

346 5361 459 5443 (ιι)
496 5358 720 5418 Clarius
759 5361 1178 5431 Theodoretus,
1221 5381 1243 5413 α
1278 5375 1408 5419 cum
1455 5360 1678 5434 aliquas
1728 5359 1930 5418 fecerit

283 5442 630 5488 curationes.
669 5453 690 5483 ι

324 5503 463 5576 (45)
494 5503 654 5576 Idem
687 5514 925 5561 narrant
956 5504 1224 5576 Evagrius
1256 5502 1357 5560 lib.
1393 5516 1432 5572 ι,
1464 5518 1589 5573 cap.
1610 5503 1691 5576 713
1722 5525 1736 5570 ;
1762 5504 1929 5576 Nice—

292 5572 501 5646 phorus
532 5574 634 5631 lib.
668 5586 788 5640 xlv,
822 5590 948 5646 cap.
984 5575 1043 5631 5t
1068 5572 1385 5646 ,‘Baronius
1409 5572 1925 5641 tom.,V,ann.432,

296 5656 349 5699 ιι.
380 5644 467 5703 51.
502 5647 573 5704 At
602 5659 665 5705 ιι.
700 5647 769 5704 49
798 5644 1002 5706 recitat
1035 5645 1209 5721 (quod
1241 5647 1354 5705 huc
1382 5660 1613 5720 quoque
1655 5649 1927 5725 pertinet)

2022 3245 2181 3289 nunc
2235 3228 2543 3309 gentilium
2604 3228 2974 3311 impietatem
3020 3230 3449 3310 oppugnando,
3500 3245 3663 3289 nunc

2017 3315 2359 3380 Judaeorum
2416 3319 2796 3381 dissolvendo
2851 3317 3187 3391 audaciam,
3221 3315 3369 3379 alias
3396 3318 3663 3394 denique

2018 3406 2437 3470 bzerelicorum
2471 3410 2817 3471 societatem
2869 3406 3259 3488 dissipando;
3303 3414 3424 3467 tum
3455 3423 3660 3484 regem

2018 3494 2095 3556 de
2136 3497 2481 3577 hujusmodi
2536 3498 2788 3577 negotiis
2847 3516 2957 3578 per
3002 3496 3404 3559 internuntios
3446 3495 3659 3557 admo-

2018 3602 2187 3659 nens,
2219 3594 2339 3647 tum
2375 3587 2708 3667 principum
2742 3589 2975 3648 animos
3021 3590 3082 3646 ln
3117 3584 3217 3647 Del
3247 3602 3512 3647 amorem
3547 3601 3658 3645 ex-

2016 3674 2276 3750 citando,
2312 3684 2370 3737 et
2399 3674 2799 3737 Ecclesiarum
2831 3674 3170 3756 pastoribus
3202 3675 3488 3754 majorem
3518 3690 3659 3751 gre-

2015 3783 2151 3844 gum
2185 3782 2389 3826 curam
2422 3764 2926 3828 commendando.
2960 3763 3213 3841 Dignum
3245 3771 3438 3826 autem
3470 3771 3561 3824 est
3584 3762 3660 3824 de

2015 3854 2215 3935 aliquo
2248 3853 2308 3915 in
2344 3854 2684 3935 particulari
2720 3853 3088 3918 meminisse.

2091 4034 2193 4095 50.
2224 4031 2598 4095 Theodosius
2646 4033 2854 4095 Junior
2894 4033 3035 4111 (45),
3073 4031 3149 4094 ad
3179 4048 3354 4111 quem
3385 4031 3657 4094 Romana

2012 4128 2247 4201 sceptra
2275 4140 2381 4202 per
2406 4122 2853 4184 successionem
2887 4122 3160 4183 devoluta
3192 4126 3360 4181 erant
3394 4119 3657 4199 (juvenis

2012 4210 2171 4271 enim
2197 4210 2614 4291 imperavit,ac
2632 4212 2882 4292 proinde
2905 4213 2977 4275 ad
2999 4213 3085 4272 avi
3109 4209 3658 4273 discrimeuJunior

2012 4300 2346 4381 appellatus
2367 4311 2498 4365 est):
2523 4303 2653 4382 pius
2675 4303 2971 4382 igiturille
2984 4301 3355 4365 Theodosius
3376 4320 3659 4383 quemm-

2014 4389 2147 4452 dam
2188 4390 2597 4473 improbitate,
2644 4393 2746 4473 qui
2781 4393 3050 4473 pecuniis
3080 4392 3332 4475 (eheu!)
3371 4391 3649 4471 pietatem

2015 4479 2746 4559 prodebant,inductus,in
2771 4481 2918 4544 urbe
2940 4482 3258 4545 Antiochia
3286 4480 3529 4555 Judaeis,
3572 4480 3657 4542 uti

1953 4557 1994 4608 ο
2012 4557 2529 4651 prius,synagogas
2556 4571 2876 4634 concessit.
2914 4574 3034 4633 Hoc
3057 4571 3291 4648 cognito
3323 4588 3523 4632 rerum
3557 4570 3657 4631 di-

2016 4658 2281 4721 vinarum
2306 4671 2364 4722 et
2389 4661 2628 4741 pietatis
2654 4661 2920 4723 fervidus
2943 4662 3260 4723 admodum
3292 4660 3511 4721 relator
3541 4659 3654 4740 Sy-

2015 4749 2297 4816 meon.rei
2313 4749 2683 4831 impietatem
2706 4751 3100 4812 vehementer
3116 4749 3656 4829 arguit.etmaxima

2011 4835 2289 4899 libertate
2302 4838 2826 4921 reprehenditﬂic
2841 4840 3037 4902 statim
3061 4839 3413 4902 sententiam
3437 4849 3653 4916 mutat,

2011 4935 2069 4987 et
2099 4928 2370 5009 proprias
2392 4928 2853 4991 constitutiones
2876 4937 3359 5010 revocat,easque
3384 4948 3501 4990 non
3529 4939 3655 4990 tau-

2012 5023 2134 5077 tum
2167 5016 2385 5079 Iudaeis
2415 5019 2671 5097 sustulit,
2706 5017 2812 5080 sed
2845 5027 2902 5080 et
2930 5018 3125 5100 ipsum
3174 5028 3484 5100 praetorem
3528 5018 3655 5096 (hic

2012 5106 2171 5167 enim
2194 5107 2309 5186 ipsi
2333 5107 2620 5188 malignas
2644 5108 2776 5170 illas
2800 5108 3172 5171 inventiones
3190 5108 3592 5185 suggesserat)
3619 5122 3653 5165 a

2008 5211 2152 5256 cura
2185 5194 2422 5276 publica
2450 5196 2788 5280 removit,et
2811 5198 2868 5260 in
2898 5206 3119 5261 tantum
3147 5195 3481 5276 periculum
3507 5211 3654 5257 con-

2013 5362 2278 5435 ejusdem
2308 5366 2615 5438 Theodosii
2650 5365 2893 5435 litteras,
2933 5368 3140 5438 quibus
3170 5365 3517 5438 Symeonem
3540 5376 3652 5438 Διὀ-

2015 5432 2126 5504 gat,
2166 5445 2224 5492 ut
2254 5437 2325 5493 ad
2358 5451 2553 5505 pacem
2588 5432 2981 5495 Ecclesiar'um
3030 5432 3395 5494 sarcie'udam
3422 5432 3649 5491 allabe-

2013 5513 2121 5581 ret,
2158 5520 2224 5563 ac
2253 5511 2533 5581 praecipue
2562 5509 2927 5581 utiloannem
2950 5509 3371 5581 Antiochenam
3404 5509 3651 5577 patriar-

2011 5577 2181 5635 cbam
2213 5577 2514 5638 a'Nestorii
2546 5578 2906 5639 defendendo
2939 5577 3204 5652 dogmate
3234 5588 3482 5637 revocet.
