4094 6196
502 339 617 408 387

1788 341 2067 409 MENSIS
2112 343 2562 412 JANUARIUS.

3738 353 3848 421 388

499 499 596 544 mo
629 497 825 543 meum
855 478 1002 543 mihi
1025 480 1276 561 agellum
1311 478 1463 555 colo,
1497 475 1613 543 alio
1643 485 1838 542 autem
1873 487 2118 563 tempori

2226 481 2498 562 συλλέγων
2540 483 2594 538 δὲ
2639 482 2704 539 12':
2747 504 2802 539 τε
2849 484 2910 540 ὲκ
2965 486 3055 540 τοῦ
3105 484 3306 563 χωρίου
3357 506 3447 559 μοι
3490 484 3847 562 ἀναδιδόμενα,

500 571 678 633 etiam
703 570 891 633 cuivis
909 570 1122 633 volenti
1147 578 1315 650 pacta
1333 569 1609 631 mercede
1627 569 1844 645 servio;
1861 570 2113 648 colligen

2229 576 2315 630 καὶ
2382 575 2481 638 τὴν
2552 572 2612 628 ἐκ
2668 580 2763 644 τῆς
2821 574 3083 651 γεωργίαις
3142 574 3465 653 μισθοφορὰν
3525 576 3658 650 τρισί
3699 585 3848 634 ταῦτα

498 677 638 721 vero
655 671 778 720 tum
794 678 926 740 quae
949 677 1015 720 ex
1044 657 1280 738 proprio
1297 657 1579 738 praediolo
1596 659 1739 720 mihi
1763 660 2141 739 proveniunt,

497 757 620 811 tum
647 766 778 828 qnte
799 766 868 810 ex
892 755 1067 809 terrae
1089 747 1316 808 cultura
1353 753 1413 808 in
1441 748 1778 810 mercedem
1807 749 2059 829 accipio,
2081 750 2142 811 in

493 847 617 900 tres
660 855 731 899 ea
777 845 972 915 partes
1022 834 1354 908 dislribuo;
1423 837 1673 917 primam
1725 836 2141 918 indigentibus

497 925 961 1005 elargior,altera
982 942 1242 986 annuum
1267 926 1512 1004 vectigal
1538 927 1964 1002 solvo,tertiam
2000 946 2138 1009 par-

493 1027 612 1079 tem
644 1022 704 1076 in
737 1014 1105 1076 necessarios
1154 1033 1295 1076 usus
1341 1016 1636 1094 expendo.
1688 1014 1931 1078 Interim
1979 1037 2139 1079 nun-

491 1125 670 1188 quam
702 1107 758 1167 in
789 1103 903 1165 vita
937 1122 1030 1165 me
1059 1103 1278 1184 aliquid
1305 1104 1442 1165 boni
1468 1106 1662 1183 egisse
1695 1124 1975 1185 agnosco.
2004 1107 2140 1169 Hazc

494 1196 568 1259 ab
600 1196 918 1256 innumera
963 1193 1270 1254 hominum
1319 1193 1701 1256 multitudine
1732 1195 1929 1256 audita
1959 1205 2137 1272 sunt;

493 1304 622 1367 quas
652 1303 785 1346 cum
821 1283 969 1343 iram
1022 1283 1129 1346 Dei
1186 1283 1428 1362 placari,
1468 1284 1954 1364 flagellorumun
1996 1303 2136 1347 suc-

490 1392 722 1438 cessum
755 1372 880 1434 sisti
921 1371 1090 1448 vidit,
1139 1371 1570 1450 obstupefacta,
1626 1382 1687 1434 ut
1735 1373 1960 1435 decens
1985 1384 2132 1450 erat,

490 1469 678 1529 Deum
702 1482 833 1526 cum
873 1461 1148 1541 lacrymis
1181 1461 1570 1538 gloriticavit;
1618 1461 1896 1542 Symeoni
1926 1482 2138 1526 o.nnes

490 1554 704 1636 gratias
727 1562 1002 1632 egerunt,
1034 1550 1320 1614 rusticum
1367 1551 1530 1612 illum
1586 1552 1788 1614 faustis
1837 1555 2132 1616 acclama-

495 1643 758 1708 tionibus
791 1640 1290 1722 depraedicarunt,
1345 1641 1742 1716 deduxerunt,
1778 1644 2130 1718 salutarunt,

2228 661 2412 739 διαιρῶ
2457 663 2668 740 μοίραις
2705 679 2718 692 ⁶
2767 665 2856 721 καὶ
2906 665 3001 731 τὴν
3052 664 3150 737 μὲν
3179 663 3432 738 ἀπονέμω
3461 677 3575 725 τοῖς
3609 664 3847 740 ἐνδεέσιν,

2225 754 2258 819 ἡ
2290 750 2344 808 δὲ
2374 753 2466 808 τὸν
2511 752 2748 810 ἐπέτειον
2797 752 2910 808 λύει
2972 775 3062 827 μοι
3095 753 3276 832 φόρον,
3311 755 3379 829 τῇ
3413 751 3468 807 δὲ
3499 755 3568 814 εἰς
3598 754 3660 809 τὰ
3689 753 3848 832 ἀναγ-

2225 855 2355 898 καῖα
2414 848 2657 921 χρῶμαι,
2726 843 3086 921 Εὖαρεστῆσαι
3145 841 3200 897 δὲ
3272 846 3388 914 Θεῷ
3453 840 3596 898 οὐδὲν
3651 841 3851 916 ἐμαυτῷ

2226 929 2461 992 σύνοιδα,
2516 933 2724 989 Τούτων
2769 935 2828 988 τὸ
2875 933 3055 1009 μυρίον
3109 931 3286 988 ἐκεῖνο
3351 930 3549 998 πλῆθος
3600 933 3849 988 ἀκούσανο

2223 1040 2335 1099 τες,
2382 1020 2764 1101 ἐπισχεθεϊσάν
2812 1043 2865 1077 τε
2916 1022 3011 1088 τὴν
3067 1022 3231 1099 ὀργὴν
3297 1021 3482 1097 Κυρίου
3523 1018 3738 1092 ίδόντες,
3771 1022 3851 1076 καὶ

2224 1116 2422 1166 στᾶσαν
2483 1112 2578 1178 τὴν
2634 1111 2946 1168 ἀκολουθίαν
3003 1118 3107 1168 τῶν
3180 1111 3476 1186 μάστίγων,
3554 1109 3848 1178 κατεπλήτ-

2224 1221 2379 1256 τοντο
2424 1199 2544 1274 μὲν,
2586 1203 2658 1261 ὼς
2705 1204 2870 1275 εἱκὸς,
2906 1198 3146 1271 ἐδόξαζον
3197 1200 3248 1254 δὲ
3295 1202 3354 1255 τὸ
3401 1199 3563 1255 Θεῖον
3596 1197 3848 1273 δάκρυσιν·

2224 1292 2584 1368 ηύχαριστοὺν
2641 1296 2718 1363 τῷ
2759 1292 2883 1365 ἱερῴ
2929 1291 3172 1370 Συμεὼν,
3222 1291 3503 1367 ηὗφήμουν
3563 1291 3651 1343 τὸν
3696 1289 3846 1366 ἁγρὸ-

2221 1400 2344 1454 την,
2403 1380 2770 1459 προέπεμπον,
2816 1380 3138 1450 ἠσπάζοντο,
3206 1377 3579 1455 περιέϐαλλον,
3635 1378 3850 1456 χαριτας

2221 1467 2556 1548 ὡμολόγουν,
2604 1468 2824 1539 ἐζήλουν
2855 1469 2953 1536 τὴν
2987 1470 3202 1547 ἀρετὴν,
3237 1468 3610 1546 ἐπεμέμφοντο
3649 1469 3851 1526 ἑαυτοῖς

2216 1561 2315 1621 τῆς
2360 1559 2478 1633 περὶ
2523 1561 2580 1614 τὸ
2612 1559 2806 1637 ἀγαθὸν
2840 1557 3112 1637 ἄμελείας,
3156 1563 3242 1614 καὶ
3277 1557 3502 1621 πολλοῖς
3536 1555 3762 1617 ἐπίδοσις
3790 1555 3851 1622 ἦν

2219 1655 2312 1704 τοῦ
2341 1645 2633 1728 βελτίονος,
2681 1648 2837 1725 ἐγγὺς
2870 1648 3057 1727 ἔχουσι
3085 1649 3145 1704 τὸ
3176 1645 3496 1724 ὑπόδειγμα,

485 1731 742 1814 amplexi
791 1739 952 1805 sunt,
985 1730 1205 1809 gratias
1252 1741 1520 1809 egerunt,
1560 1731 1840 1794 virtutem
1877 1733 2133 1795 aemulati
2165 1742 2324 1808 sunt,
2359 1734 2593 1815 seipsos
2655 1736 3029 1815 negligentiae
3059 1738 3119 1797 in
3151 1735 3321 1797 bonis
3350 1733 3632 1815 operibus
3678 1751 3849 1794 accu-

485 1831 694 1889 sarunt
725 1842 739 1883 :
779 1820 979 1884 multis
1009 1819 1270 1900 denique
1303 1821 1361 1881 in
1393 1819 1607 1883 vicinia
1643 1821 2046 1884 habitantibus
2075 1821 2186 1884 fuit
2220 1823 2278 1884 id
2312 1823 2458 1887 utile
2487 1825 2559 1886 ad
2595 1825 2840 1888 meliora
2871 1825 3069 1888 animo
3100 1827 3466 1906 capessenda
3495 1822 3847 1902 exemplum.

1971 1956 2200 2016 CAPUT
2241 1959 2377 2016 XIV.

1409 2082 1646 2141 Moritur
1679 2082 1736 2140 S.
1767 2084 1984 2158 Symeon
2021 2099 2033 2138 τ
2072 2100 2267 2157 corpus
2296 2087 2642 2145 Antiochiam
2672 2086 2930 2160 defertur.

559 2207 659 2273 54.
687 2207 941 2289 Symeon
970 2205 1093 2285 (49)
1121 2205 1322 2268 multis
1339 2205 1527 2286 iisque
1545 2207 1774 2285 magnis
1797 2205 2118 2270 benefactis

2285 2206 2390 2268 νϐ’.
2455 2208 2682 2274 Πολλοῖς
2735 2208 2874 2267 οῧτω
2930 2207 3055 2286 γοῦν
3098 2209 3184 2264 καὶ
3245 2205 3503 2285 μεγάλοις
3557 2207 3584 2260 ὁ
3634 2202 3844 2278 Συμεὼν

479 2307 744 2373 ornatus,
797 2305 1113 2378 postquam
1163 2296 1491 2358 universim
1544 2297 1974 2377 quinquaginta
2027 2315 2118 2358 sei

2216 2300 2587 2374 κατορθώμασι
2620 2298 2938 2378 διαπρέψας,
2967 2299 3055 2354 καὶ
3087 2297 3185 2354 ὅλα
3243 2297 3338 2364 ἔτη
3393 2297 3595 2373 βιώσας
3658 2291 3710 2359 ’ἐξ
3757 2289 3846 2348 καί

477 2406 666 2450 annos
713 2387 952 2448 vixisset
983 2386 1135 2465 (50),
1186 2386 1378 2447 soluto
1431 2385 1697 2466 corporis
1749 2386 2009 2463 vinculo,
2057 2384 2118 2448 ad

2213 2389 2571 2460 πεντήκοντα,
2605 2388 2846 2452 λυθέντος
2891 2389 3033 2460 αὒτῷ
3091 2394 3181 2444 τοῦ
3223 2384 3536 2464 συνδέσμου,
3595 2385 3721 2460 πρὸς
3761 2382 3846 2436 τὸν

476 2478 758 2539 dilectum
793 2493 992 2547 suum,
1029 2476 1236 2556 purius
1288 2483 1347 2536 et
1397 2477 1644 2556 propius
1675 2475 1774 2537 illo
1811 2477 2118 2550 fruiturus,

2211 2476 2476 2554 ἐρώμενον
2521 2475 2806 2551 διαϐαίνει,
2864 2476 3229 2553 καθαρώτερον
3291 2475 3437 2549 αύτῷ
3509 2469 3842 2550 προσομιλή-

472 2564 1016 2629 transivit.Materia
1061 2564 1306 2638 fluente,
1331 2565 1510 2626 homo
1540 2565 1776 2626 tandem
1811 2565 1883 2626 ab
1919 2565 1989 2627 iis
2020 2565 2118 2643 qui

2211 2587 2318 2621 σων
2376 2567 2466 2622 καί
2527 2567 2902 2639 συνεσόμενος,
2957 2563 3133 2640 ’Ὕλῃς
3191 2562 3245 2618 δὲ
3297 2564 3523 2640 ῥεούσης
3584 2560 3844 2636 ἄνθρωπος

475 2663 614 2717 tunc
646 2655 706 2715 in
741 2653 913 2715 terris
947 2652 1265 2732 degebant,
1301 2653 1566 2715 creditus
1593 2663 1703 2727 est,
1752 2655 1908 2734 quod
1951 2664 2123 2716 antea

474 2753 718 2825 propter
740 2743 1035 2816 laborum,
1061 2761 1197 2823 quae
1216 2754 1484 2804 naturam
1513 2762 1752 2805 omnem
1779 2745 2118 2824 superabat,

472 2833 878 2904 tolerantiam,
925 2841 982 2893 et
1016 2841 1172 2893 tanta
1203 2831 1790 2912 pratclarissimarum
1838 2835 2117 2895 virtutum

470 2922 729 3002 insignia
762 2940 938 2984 nemo
964 2921 1075 2982 sibi
1113 2921 1478 3002 persuadere
1511 2929 1762 3002 poterat.
1791 2923 1839 2984 A
1870 2941 2120 3003 corpore

477 3019 788 3094 separatus
813 3020 922 3084 est,
947 3011 1045 3091 qui
1071 3011 1234 3091 prius
1256 3030 1352 3073 res
1371 3029 1690 3091 corporeus
1715 3029 1924 3073 omnes
1943 3012 2119 3073 abne-

480 3111 736 3181 gaverat,
767 3109 825 3161 et
847 3101 1057 3180 spiritu
1081 3101 1136 3160 in
1165 3099 1507 3162 (celestibus
1538 3105 1905 3174 versabatur,
1939 3120 2119 3181 ange-

469 3189 734 3269 licisque
767 3209 886 3251 non
943 3208 1075 3251 raro
1125 3188 1543 3268 splendoribus
1595 3190 1926 3266 intererat;
1964 3209 2118 3252 nunc

466 3288 663 3342 autem
697 3279 768 3341 ad
798 3279 994 3360 priora
1043 3297 1150 3340 sua
1200 3286 1326 3340 vota
1360 3277 1698 3340 revertitur.
1737 3280 1964 3359 Corpus
1989 3281 2112 3359 jam

470 3371 669 3432 anima
702 3387 954 3430 vacuum
991 3376 1138 3444 erat,
1167 3376 1224 3428 et
1255 3367 1383 3428 sine
1413 3367 1623 3446 spiritu
1657 3366 1968 3432 relictum:
2003 3389 2114 3431 ne-

470 3478 591 3536 que
625 3468 824 3520 tamen
855 3458 941 3519 vel
975 3457 1062 3520 sic
1095 3457 1285 3538 potuit
1324 3477 1356 3517 a
1387 3457 1688 3518 consuetis
1735 3460 2112 3520 exercitatio-

469 3547 646 3610 nibus
677 3548 982 3609 abstinere
1016 3569 1028 3605 :
1066 3537 1199 3608 nam
1235 3546 1325 3608 vel
1378 3547 1449 3608 ad
1500 3546 1794 3609 modicam
1845 3548 2108 3628 quietem
2133 3537 2172 3586 C

470 3637 818 3716 captandam
869 3637 930 3698 in
966 3650 1121 3698 terra
1151 3636 1431 3698 reclinari
1460 3637 1782 3710 recusavit,
1817 3656 2020 3700 verum
2054 3640 2110 3700 in

470 3726 748 3789 columna
777 3735 1041 3789 erectum
1076 3725 1421 3805 permansit,
1480 3724 1572 3786 sui
1621 3727 1834 3806 pugilis
1865 3728 2110 3807 figuram

468 3817 541 3880 ad
582 3817 772 3879 vivum
804 3815 1168 3896 exprimens.

547 3908 648 3972 55.
685 3907 1072 3987 Posteaquam
1105 3922 1241 3966 vero
1289 3904 1348 3966 in
1396 3905 1695 3986 pulverem
1728 3913 2111 3970 extenuatum

2205 2655 2371 2729 εἶναι,
2418 2670 2535 2718 τοῖς
2569 2655 2655 2711 ἐπὶ
2684 2660 2784 2733 γῆς
2814 2661 3106 2721 τηνικαῦτα
3134 2654 3466 2726 πιστεύεται,
3516 2652 3594 2727 μὴ
3631 2649 3839 2706 πώποτε

2204 2753 2359 2802 τοῦτο
2407 2747 2658 2823 πρότερον
2718 2743 2845 2821 παρ’
2891 2747 3072 2806 αὐτοῖς
3118 2745 3382 2817 νομισθεὶς
3449 2742 3535 2798 διὰ
3591 2742 3688 2806 τὴν
3742 2735 3840 2791 τῶν

2203 2834 2380 2890 πόνων
2423 2836 2659 2912 ὑπερφυῆ
2706 2835 3003 2912 καρτερίαν,
3051 2834 3233 2889 καὶτὰ
3291 2840 3524 2889 τοσαῦτα
3580 2831 3675 2896 τῆς
3719 2827 3837 2904 ἁρε-

2201 2923 2297 2990 τῆς
2344 2922 2757 3002 κατορθώματα,
2818 2924 3012 2991 Διὲστη
3073 2923 3169 2997 μὲν
3211 2925 3304 2978 τοῦ
3371 2926 3645 2998 σώματος,
3678 2919 3704 2972 ὁ
3755 2914 3837 2971 καὶ

2200 3015 2400 3090 προτοῦ
2458 3013 2524 3069 τὰ
2583 3019 2672 3069 τοῦ
2718 3013 2965 3084 σώματος
3028 3011 3422 3089 ἀρνησάμενος,
3483 3012 3572 3068 καὶ
3628 3013 3702 3080 τῷ
3745 3005 3836 3080 μὲν

2200 3103 2465 3176 πνεύματι
2528 3103 2592 3157 τὰ
2623 3102 2837 3180 οὒράνια
2868 3101 3198 3179 περιεπόλει,
3233 3099 3555 3179 ἀγγελιιιαῖς
3590 3120 3645 3154 τε
3682 3100 3833 3159 συνῆν

2198 3190 2562 3270 λαμπρότησι,
2626 3191 2721 3248 καί
2781 3194 2905 3268 περὶ
2965 3192 3090 3247 αὖτὸ
3148 3193 3209 3246 τὸ
3266 3191 3480 3268 πρῶτοι
3532 3189 3715 3268 ἐῳετὸν
3745 3185 3831 3239 ἀν-

2199 3281 2501 3360 εστρέφετο,
2535 3283 2604 3339 Τὸ
2651 3289 2798 3356 οῶμε
2849 3279 2902 3336 δὲ
2936 3282 3075 3353 αὖτῷ
3105 3279 3200 3335 καί
3259 3280 3446 3359 ψυχῆς
3515 3279 3711 3357 ἔρημον
3752 3273 3833 3328 καὶ

2200 3369 2394 3426 ἄπνουν
2425 3370 2772 3450 καταλειφθὲν
2819 3368 2935 3426 οῦδὲ
2993 3367 3128 3425 οὔτε)
3172 3375 3279 3426 τῶν
3324 3369 3567 3436 συνήθων
3599 3367 3834 3432 ἀποστῆ-

2200 3481 2281 3515 ναι
2340 3459 2524 3526 ἤθελεν
2589 3459 2783 3534 ἄθλων,
2846 3458 2962 3518 οὐδὲ
3020 3464 3088 3534 τῇ
3160 3458 3229 3535 γῆ
3289 3458 3703 3526 κατακλιθῆναι,
3755 3459 3840 3508 τοῦ

2198 3551 2316 3606 οἷον
2341 3551 2514 3628 βραχύ
2546 3573 2593 3606 τι
2624 3548 3102 3606 διαναπαύσασθαιο
3135 3547 3255 3605 αλλ’
3289 3548 3475 3624 ἔμενεν
3520 3548 3596 3604 ἔτι
3628 3545 3712 3601 ἐπὶ
3753 3547 3838 3598 τοῦ

2197 3639 2385 3696 στύλου
2418 3639 2608 3720 ἑστὼς,
2642 3639 2814 3717 ὄρθιον
2847 3639 3242 3718 χαρακτηρίζον
3273 3640 3363 3694 τὸν
3397 3638 3666 3707 ἀθλητήν.

2277 3908 2371 3971 γε’,
2425 3905 2643 3974 Ἐπειδὴ
2701 3905 2754 3963 δὲ
2800 3909 2872 3969 εἷς
2918 3914 3052 3986 χοῦν
3108 3905 3384 3974 ἐλεπτώθη
3445 3908 3538 3964 καὶ
3581 3911 3648 3981 τῇ
3680 3908 3747 3981 γῇ
3777 3901 3832 3956 τὸ

468 4008 642 4061 teme
669 3995 930 4058 debitum
967 3993 1271 4074 persolvit,
1325 4013 1522 4075 neque
1573 3995 1758 4058 lutum
1808 3998 1938 4073 ejus
1987 4015 2111 4058 cce-

2211 3998 2398 4055 ἲάνειον
2441 3995 2737 4072 διελύσατο,
2783 3994 2901 4055 οὔδε
2933 3995 3070 4052 οὕτω
3118 3997 3207 4051 τὸν
3251 3996 3452 4053 ἐκείνου
3501 3994 3701 4070 πηλὸν,
3745 3993 3835 4048 οἷα

467 4087 630 4149 lestis
660 4084 872 4164 Opifex
902 4086 1066 4164 quasi
1111 4083 1357 4145 honoris
1409 4104 1620 4166 expers
1670 4085 1951 4163 neglexit,
2006 4087 2110 4148 sed

2211 4087 2258 4156 ἴῆ
2303 4086 2476 4155 πηλὸν
2521 4085 2710 4162 ἄτιμον
2741 4087 2768 4141 ὁ
2805 4086 3138 4160 Δημιουργὸς
3169 4083 3433 4162 περιεῖδεν
3471 4105 3486 4119 ο
3522 4083 3662 4140 ἀλλὰ
3689 4081 3833 4157 τάφῳ

465 4174 790 4238 venerabili
826 4172 1055 4234 tumulo
1110 4173 1479 4235 reconditum
1542 4175 1743 4236 multis
1804 4175 2111 4238 miraculis

2211 4176 2494 4252 ῖεϐασμίως
2553 4173 2886 4254 παραδοθεὶς,
2931 4174 3158 4249 θαύμασι
3230 4175 3373 4250 βρύει
3435 4173 3666 4236 πολλοῖς
3702 4185 3714 4200 ⁸
3776 4167 3832 4223 οὗ

466 4263 680 4329 claruit
712 4283 725 4322 :
756 4281 887 4344 quae
915 4281 1031 4323 non
1066 4272 1294 4324 tantum
1328 4261 1484 4327 circa
1514 4265 1855 4342 sepult-rum
1883 4272 2108 4342 patrata

2211 4269 2307 4345 τερὶ
2366 4267 2523 4322 αὒτὸν
2565 4261 2619 4320 δὲ
2675 4266 2764 4320 τὸν
2822 4263 2987 4343 τάφον
3041 4264 3106 4319 τὰ
3162 4265 3400 4336 θαύματα
3463 4265 3652 4340 μόνον,
3701 4256 3830 4314 ἀλλὰ

464 4361 608 4417 sunt
636 4353 782 4433 (54),
817 4370 1020 4414 verum
1050 4353 1226 4414 etiam
1252 4352 1313 4413 in
1342 4353 1796 4436 quibuscunqne
1822 4354 1966 4416 locis
1997 4356 2105 4417 mi-

2211 4357 2276 4412 ιαὶ
2335 4355 2479 4420 ὅσοις
2540 4355 2567 4410 ὁ
2622 4353 2913 4428 θαυμάσιος
2999 4350 3335 4431 ἐνδιατρίψειε
3396 4354 3641 4430 χωρίοις,
3712 4347 3827 4406 τοὺς

460 4445 662 4508 rificus
687 4443 789 4504 ille
819 4442 907 4503 vir
938 4451 1205 4504 versatus
1236 4443 1478 4522 egregia
1508 4444 1609 4504 illa
1638 4444 1967 4505 certamina
1999 4463 2102 4506 su-

463 4534 713 4608 biverat,
745 4550 816 4594 ea
845 4531 1046 4594 omnia
1075 4532 1242 4612 quasi
1291 4533 1598 4612 specimen
1630 4533 1928 4611 quoddam
1967 4553 2102 4596 mu-

465 4633 580 4686 tuae
613 4622 1032 4691 miraculorum
1077 4620 1471 4683 amulationis
1527 4639 1645 4702 pra)
1703 4640 1766 4683 se
1824 4622 2095 4697 ferentia,

463 4713 708 4776 uberius
741 4711 1002 4792 undique
1033 4710 1249 4772 divinis
1275 4711 1446 4772 donis
1481 4711 1908 4775 efferebantur.

545 4804 643 4865 56.
675 4801 804 4863 Non
851 4801 1034 4862 multo
1072 4808 1340 4880 tempore
1373 4807 1521 4878 post,
1558 4819 1694 4861 cum
1726 4799 1843 4860 Leo
1877 4819 2100 4879 cogno-

2187 4445 2317 4521 ὑπὲρ
2397 4445 2599 4522 ’φύσεως
2676 4445 2748 4507 εἷς
2826 4441 3056 4506 ἐκείνους
3111 4442 3412 4520 ἠγωνίσατο
3459 4443 3685 4512 πόνους,
3743 4435 3826 4492 καὶ

2186 4541 2350 4591 ταῦτα
2400 4534 2578 4611 ὥσπερ
2640 4530 2886 4597 ἐπίδειξιν
2929 4534 3060 4609 πρὸς
3106 4531 3316 4598 ἄλληλα
3379 4532 3477 4600 τῆς
3537 4536 3646 4586 τῶν
3702 4531 3825 4583 θαυ-

2185 4624 2367 4700 μάτων
2424 4621 2725 4702 φιλοτιμίας
2784 4622 3096 4696 ποιούμενα,
3161 4620 3539 4699 δαψιλέστερον
3571 4620 3825 4676 πάντοθεν

2184 4727 2306 4775 ταῖς
2339 4713 2524 4792 χάρισι
2568 4716 2778 4786 κομῶσι
2810 4723 2931 4775 ταῖς
2974 4711 3156 4775 θείαις.

2265 4803 2393 4876 νς’,
2430 4803 2613 4880 Χρόνῳ
2653 4799 2706 4856 δὲ
2738 4802 2798 4857 οὗ
2841 4799 3026 4874 πολλῷ
3069 4800 3306 4880 ὕστερον,
3344 4800 3489 4857 Δέων
3523 4803 3623 4877 μὲν
3653 4803 3680 4857 ὁ
3714 4795 3819 4854 Μέ-

463 4899 662 4956 rnento
692 4888 1141 4970 Magnus(52)ad
1159 4888 1394 4968 imperii
1414 4888 1815 4967 gubernacula
1840 4891 2094 4968 sederet,

2211 4915 2282 4956 ἀς
2314 4893 2706 4967 ὀνομαζόμενος
2751 4889 2836 4946 ἐπὶ
2867 4891 2973 4946 τῶν
3005 4894 3101 4958 τῆς
3135 4891 3309 4970 ἀρχῆς
3369 4892 3656 4950 καθίστατο
3691 4885 3823 4952 σκή-

461 5002 578 5066 qua
603 4989 950 5062 tempestate
983 4989 1039 5040 et
1062 4979 1375 5059 Martyrius
1408 4979 1539 5061 (53)
1563 4998 1763 5041 rerum
1800 4998 2103 5043 sacrarum

2211 5005 2388 5061 ττρων,
2466 4985 2759 5058 Μαρτύριος
2823 4977 2877 5035 δὲ
2920 4980 3027 5036 τῶν
3070 4981 3223 5057 ἱερῶν
3279 4977 3447 5046 ἐπέϐη
3514 4975 3818 5060 φροντίδων,

461 5082 590 5137 erat
619 5070 1078 5146 administrator,
1115 5068 1428 5148 splendido
1453 5070 1773 5131 admodum
1819 5078 2101 5152 apparatu

2211 5075 2273 5127 ιαὶ
2303 5071 2594 5149 πανήγυρις
2626 5069 2841 5149 λαμπρὰ
2886 5071 2920 5136 ἦ
2980 5075 3072 5126 τοῦ
3117 5069 3252 5124 θείου
3311 5069 3560 5144 σώματος
3623 5066 3817 5124 ἐκείνου

535 5242 651 5314 (49)
681 5239 743 5314 Id
781 5253 1009 5314 quoque
1041 5239 1284 5314 refertur
1318 5240 1376 5314 in
1407 5238 1747 5298 TllBOdOl‘cll
1780 5238 2097 5306 Philomeo.

461 5310 564 5374 sed
605 5310 859 5370 additum
916 5310 988 5368 ab
1044 5310 1180 5381 alio,
1208 5312 1519 5381 quopiam;
1562 5325 1692 5367 cum
1731 5319 1990 5370 mortuus
2031 5316 2099 5367 sit

461 5397 593 5445 ante
623 5386 962 5456 Symeonam
995 5380 1405 5456 Theodoretus.
1432 5381 1515 5456 Et
1559 5384 1712 5439 abest
1736 5383 1792 5440 in
1827 5384 1967 5440 edit.
1988 5383 2094 5441 Su-

460 5460 553 5522 rii,
593 5453 1167 5524 ex'interpretatione
1195 5453 1444 5526 Alberici
1475 5454 1678 5526 Longi.

535 5530 652 5598 (50)
681 5527 740 5582 tn
767 5525 1172 5598 esercitatione
1189 5525 1413 5598 scilicet
1444 5527 1779 5584 monastica.
1810 5525 1950 5582 Vide
1971 5540 2093 5598 quae

461 5594 783 5656 dicta'sunt
822 5599 880 5653 in
921 5597 1142 5653 Ρεεθῗςιι.
1177 5597 1204 5665 §
1245 5594 1296 5651 3.

535 5670 652 5741 (51)
679 5667 740 5724 1n
775 5667 1132 5725 Theodoreto
1171 5669 1407 5724 habetur
1443 5684 1455 5723 :
1499 5687 1523 5719 ‹‹
1559 5665 1674 5725 Non
1707 5670 1894 5726 solum
1939 5674 2087 5740 apud

2185 5239 2401 5319 loculos
2424 5236 3158 5319 sanctarumreliquiarum,
3175 5235 3272 5319 sed
3291 5236 3459 5319 etiam
3482 5235 3817 5319 apudsum-

2184 5325 2290 5368 mae
2313 5311 2435 5383 ejus
2457 5311 2681 5368 virtutis
2713 5317 2766 5367 et
2797 5309 3037 5383 diuturae
3057 5309 3460 5383 decertationis
3493 5309 3817 5383 monimen-

2183 5393 2300 5440 tum
2328 5377 2357 5438 ε’
2376 5396 2664 5454 magnam.
2689 5383 2946 5454 inquam,
2974 5379 3139 5454 illam
3154 5388 3208 5454 et
3228 5379 3570 5454 celebratam
3594 5377 3814 5454 colum-

2177 5468 2309 5511 nam
2337 5451 2660 5525 hujusjusti
2686 5464 2738 5510 et
2760 5451 3027 5525 laudibus
3058 5452 3386 5525 celebrandi
3419 5451 3735 5525 Symeonis.
3779 5466 3800 5495 ι

2244 5525 2357 5596 (ὃῖ)
2392 5520 2684 5582 Ceifenus
2723 5538 2874 5581 anno
2915 5523 3122 5581 Leonis
3168 5526 3222 5590 ι,
3263 5520 3473 5581 Christi
3511 5520 3616 5577 460
3653 5531 3809 5578 mor-

2177 5605 2334 5653 tuum
2368 5597 2422 5654 S.
2466 5597 2596 5667 Sym
2641 5611 2804 5651 onem
2839 5596 3055 5653 scribit.

2247 5668 2366 5739 (53)
2387 5667 2487 5725 llic
2511 5665 2817 5740 Martyrius
2851 5680 3002 5725 anno
3038 5665 3140 5725 459
3171 5667 3364 5725 sedem
3394 5666 3808 5724 Antiochenam
