4062 6194
238 368 348 443 389

1340 372 1527 442 VITA
1573 372 1633 443 S.
1674 371 2056 447 SYMEONIS
2098 372 2467 445 STYLITAZ.

3477 372 3595 449 390

242 513 571 589 μετακομιδή
613 515 718 571 ἀπὸ
776 519 877 580 τῆς
907 511 1138 589 μάνδρας
1194 514 1329 591 πρὸς
1384 513 1484 582 τὴν
1535 512 1872 596 Ἀντιόχειαν

1969 514 2581 596 sacricorporisfunus
2604 531 2673 576 ex
2699 512 2947 575 mandra
2966 513 3023 573 in
3043 509 3252 573 urbem
3271 511 3588 579 Antioche-

237 602 413 681 ἤγετο,
469 605 550 676 τῷ
592 606 688 679 μὲν
729 609 837 660 τῶν
887 602 1182 679 λαμπάδων
1213 604 1347 682 φωτὶ
1376 606 1599 681 στυγνὸν
1629 602 1868 661 δεικνῦσα

235 694 317 747 τὸν
372 690 551 766 ἥλιον,
600 701 678 767 τῷ
724 691 779 748 δὲ
839 699 942 749 τῶν
1000 693 1427 771 προπεμπόντων
1490 691 1702 767 πλήθει,
1764 700 1869 750 τῶν

236 803 286 837 τε
354 784 818 859 προϋπαντώντων
847 830 864 856 ,
919 785 1003 838 καὶ
1063 789 1169 837 τῶν
1234 782 1485 842 πάντοθεν
1552 781 1603 848 ἐξ
1656 783 1870 849 ἀπάσης

236 870 437 937 ἦλι‹ίας
497 871 902 951 περιῤῥεόντων,
968 871 1090 929 αὑτό
1141 893 1198 927 τε
1242 874 1303 928 τὸ
1351 870 1470 946 ὄρος
1505 872 1599 929 καὶ
1630 874 1724 937 τὰς
1767 894 1867 928 πε·-

239 958 403 1025 διάδας
464 969 896 1041 στενοχωροῦσα,
960 967 1140 1038 Παρῆν
1201 959 1255 1017 δὲ
1325 960 1420 1017 καί
1477 963 1504 1018 ὁ
1574 969 1680 1018 τῶν
1725 961 1871 1036 ἑῴων

238 1051 522 1127 ταγμάτων
581 1054 881 1129 στρατηγὸς
938 1048 1331 1129 Ἀρδαϐούριος,
1388 1052 1506 1115 τοὺς
1554 1054 1667 1129 περὶ
1716 1051 1870 1107 αὐτὸν

241 1137 551 1217 δορυστόρους
613 1140 852 1219 φύλακας
899 1146 976 1212 τῷ
1018 1139 1257 1215 λειψάνῳ
1310 1140 1736 1218 ἐγκαταστήσας,
1788 1141 1874 1195 καὶ

240 1228 327 1293 τὴν
383 1229 606 1284 ἐκείνων
649 1228 891 1305 ιρυλακὴν
936 1228 1186 1306 μέγιστον
1216 1228 1438 1302 κώλυμα
1474 1242 1593 1292 ταῖς
1626 1234 1731 1285 τῶν
1765 1229 1870 1285 πό·

241 1315 363 1373 λεων
409 1315 625 1396 ἐφόδοις
672 1319 1014 1397 ἔπι-τειχίσας
1050 1336 1067 1354 ⁸
1130 1317 1482 1396 ἐφιλονείκουν
1531 1320 1630 1397 γὰρ
1673 1319 1873 1384 ἑκάστη

239 1409 318 1462 τὸν
343 1406 541 1463 ἄσυλον
574 1414 761 1463 τοῦτον
816 1409 1078 1486 θησαυρὸν
1129 1409 1513 1486 προαρπάσασα
1557 1409 1682 1487 παρ’
1714 1408 1875 1483 ἑαυτῇ

236 1499 538 1552 καταθεῖναι
550 1545 566 1558 ,

309 1585 403 1656 ιζ’,
455 1584 550 1643 Ἐν
596 1587 841 1665 ὀχήματι
885 1588 1057 1644 τοίνυν
1087 1586 1182 1641 τοῦ
1233 1587 1374 1651 ἱεροὸ
1417 1586 1663 1661 σώματος
1709 1606 1873 1664 φερο-

240 1674 408 1749 μένου,
444 1678 520 1739 ὡς
556 1674 663 1744 ἤδη
692 1676 830 1732 κατὰ
885 1676 984 1743 τὴν
1047 1676 1216 1752 Μερὸν
1267 1677 1328 1731 τὸ
1382 1676 1578 1755 χωρίον
1638 1675 1869 1755 ἐγένετο,

1955 623 2088 666 nam
2112 604 2484 684 deportatum
2502 604 2895 665 esLMmstum
2916 599 3357 683 quodammodo
3379 610 3439 666 et
3461 606 3593 667 tris-

1957 703 2071 755 tem
2097 694 2283 754 solem
2309 692 2609 754 efﬁciebat
2627 691 2920 752 luminum
2941 693 3149 768 ingens
3170 691 3365 769 copia,
3396 700 3590 756 comi-

1957 784 2201 845 tantium
2225 800 2395 859 asque
2442 789 2618 863 atque
2665 780 3053 859 obviantium;
3104 787 3165 839 et
3196 780 3594 865 undequaque

1956 873 2151 933 omnis
2182 874 2367 933 aetatis
2402 891 2471 934 eo
2522 872 2953 933 conﬂuentium
2996 868 3307 932 multitudo
3331 881 3591 935 montem

1954 961 2145 1040 ipsum
2180 969 2237 1023 et
2268 979 2511 1041 campos
2538 970 2815 1039 angustos
2836 956 3379 1020 reddebat.Aderat
3399 961 3597 1023 orien-

1957 1050 2158 1111 talium
2185 1051 2485 1129 copiarum
2507 1050 2624 1112 dux
2652 1045 3153 1127 Ardaburius,qui
3175 1065 3315 1109 suos
3333 1049 3597 1112 hastatos

1956 1139 2146 1202 sacris
2175 1139 2444 1219 reliquiis
2468 1140 2755 1201 adhibens
2785 1137 3157 1208 custodes,et
3189 1136 3425 1199 illorum
3451 1158 3593 1201 cus»

1958 1228 2175 1290 todiam
2213 1235 2489 1309 tanquam
2526 1246 2759 1289 murum
2807 1242 3137 1305 epponens,
3171 1224 3456 1290 adversus
3488 1246 3595 1291 ur-

1959 1318 2122 1379 bium
2176 1317 2499 1379 vicinarum
2553 1323 2857 1378 incursum
2911 1313 3213 1377 muniebat
3270 1334 3284 1376 :
3347 1318 3597 1397 singulae

1959 1409 2116 1469 enim
2152 1407 2418 1469 civitates
2447 1407 2563 1468 sibi
2593 1424 2829 1468 sacrum
2869 1405 3028 1466 hunc
3065 1404 3408 1468 thesaurum
3443 1426 3597 1489 pras-

1952 1498 2153 1577 ripere
2181 1506 2358 1576 atque
2388 1495 2543 1576 apud
2577 1514 2642 1557 se
2673 1495 2968 1557 collocare
2999 1490 3338 1558 studebant.

2034 1588 2287 1649 57.Cum
2310 1586 2535 1647 interea
2556 1585 2710 1648 sacri
2734 1584 3008 1664 corporis
3030 1582 3260 1644 sarcina
3280 1584 3467 1648 rheda
3494 1587 3598 1649 de-

1958 1678 2074 1738 lata
2105 1676 2176 1738 ad
2206 1694 2342 1736 eum
2377 1676 2570 1737 locum
2596 1675 2719 1755 (54)
2747 1673 2843 1736 cui
2867 1674 3062 1734 Meros
3088 1674 3447 1756 nomen,qui
3469 1677 3597 1740 An-

239 1764 358 1843 ὅπερ
414 1765 471 1820 ἐν
519 1762 663 1837 δεξιᾷ
708 1766 922 1821 εἰσιόντι
971 1767 1072 1831 τὴν
1104 1761 1448 1844 Ἀντιόχειαν
1492 1778 1695 1839 κεῖται,
1746 1763 1875 1831 ἔστη

1969 1765 2241 1828 tiochiam
2274 1764 2647 1826 venientibus
2696 1764 2767 1825 ad
2801 1763 3074 1824 dextrum
3110 1760 3263 1822 latus
3289 1766 3438 1825 situs
3483 1774 3595 1842 est,

242 1854 329 1928 μὲν
371 1855 562 1930 ἁθρόον
622 1856 684 1911 τὸ
741 1853 956 1934 ὄχημα,
991 1856 1079 1910 καὶ
1129 1859 1225 1921 τῆς
1269 1852 1355 1910 ἐπὶ
1401 1856 1501 1921 τὴν
1545 1854 1698 1911 πόλιν
1757 1855 1873 1932 εἴρ-

1969 1854 2354 1935 pervenisset,
2391 1872 2606 1917 currus
2635 1854 2829 1916 subito
2861 1849 3187 1913 immobilis
3214 1851 3402 1928 stetit,
3422 1861 3600 1935 atque

243 1966 358 2021 γετο
413 1945 660 2019 πορείας,
724 1943 1026 2009 Ἐκπληξις
1078 1941 1133 1999 δὲ
1176 1944 1379 2007 πάντας
1435 1945 1522 2000 καὶ
1581 1942 1696 2007 δέος
1753 1949 1880 2025 εἶχε

1969 1944 2036 2007 ab
2062 1963 2132 2006 eo
2154 1944 2314 2022 quod
2337 1944 2396 2005 in
2421 1942 2631 2006 urbem
2653 1941 2881 2005 ferebat
2902 1943 3110 2000 itinere
3149 1939 3385 2019 penitus
3418 1959 3598 2005 arce-

245 2039 309 2109 τῇ
346 2031 631 2109 παραδόξῳ
658 2034 751 2091 τοῦ
780 2035 1066 2113 ὀχήματος
1107 2032 1383 2113 ἐπισχέσει
1416 2051 1431 2065 ⁸
1483 2035 1573 2091 καί
1614 2055 1692 2097 τις
1748 2034 1882 2112 ἀνὴρ

1969 2033 2310 2098 batur.Haec
2335 2034 2638 2113 inopinata
2656 2047 2869 2095 currus
2897 2028 3152 2090 retentio
3183 2029 3461 2092 omnibus
3490 2031 3599 2093 ad-

244 2129 367 2195 τῶν,
413 2123 447 2176 ἃ
505 2120 689 2179 πολλὰ
744 2120 864 2178 κατ’
909 2121 1086 2177 ἐκεῖνο
1113 2122 1181 2187 ἦν
1211 2124 1274 2177 τὸ
1306 2124 1529 2203 χωρίον,
1588 2124 1882 2198 μνημάτων

250 2209 579 2292 ἑξορμτιθεῒς,
631 2210 812 2290 δρόμῳ
872 2212 1014 2288 παρὰ
1066 2212 1160 2279 τὴν
1220 2214 1363 2291 ἱεραν
1424 2211 1621 2292 ἐχώρει
1674 2214 1830 2291 σορόν
1865 2229 1880 2243 ⁸

254 2300 376 2357 ἄλλα
432 2323 492 2357 τε
550 2301 822 2379 περιπαθῆ
878 2302 1018 2378 βοῶν
1060 2303 1148 2357 καὶ
1198 2299 1581 2380 ὀλοφυρόμενος
1644 2310 1736 2360 τοῦ
1779 2304 1886 2378 μύ-

253 2411 366 2453 σους
419 2390 672 2454 ἒλεεινῶς
729 2391 915 2446 ἑαιτὸν
946 2438 962 2464 ,
1055 2389 1303 2456 ἀνεθῆναί
1354 2412 1409 2445 τε
1473 2397 1568 2457 τῆς
1625 2393 1885 2470 μάστιγος

253 2478 413 2537 ἐδεῖτο
454 2483 546 2536 καὶ
604 2485 711 2534 τῶν
767 2477 974 2554 δεσμων
1011 2499 1025 2513 ·
1073 2477 1137 2546 ἧν
1191 2479 1244 2534 δὲ
1298 2481 1332 2547 ἡ
1404 2479 1595 2556 μάστιξ
1652 2484 1882 2559 πονηρὸς

251 2568 402 2625 πάλαι
446 2568 657 2644 δαίμων
701 2568 1035 2638 ἐπιπηδήσας
1096 2570 1261 2649 αὗτῷ,
1316 2572 1389 2633 εἰς
1422 2573 1604 2646 νεκρόν
1634 2592 1683 2626 τι
1728 2578 1885 2647 σῶμα

250 2661 485 2735 γυναικὸς
518 2655 846 2736 Ιενδϐρίσαντι
888 2657 1225 2736 στρεϐλώσας
1275 2679 1332 2714 τε
1392 2659 1550 2715 αὐτοῦ
1606 2661 1698 2721 τὰς
1746 2673 1880 2738 χεῖ-

250 2767 333 2823 ρας
375 2748 519 2813 εὖθὺς
565 2745 775 2811 ἀλύτοις
804 2745 1045 2822 δεσμοῖς,
1092 2750 1180 2805 καὶ
1240 2749 1360 2812 τοὺς
1404 2746 1704 2827 ὀφθαλμοὺς
1759 2748 1880 2805 διαι-

252 2836 492 2914 στρὲψας,
557 2839 649 2893 καὶ
705 2837 902 2915 τρόμον
960 2840 1102 2906 αἰντῴ
1154 2837 1480 2916 ἐμποιήσας,
1526 2839 1612 2894 καὶ
1669 2836 1884 2914 δεσμώο

252 2946 338 2993 την
386 2929 527 3006 παρὰ
590 2934 667 3000 τῷ
710 2932 807 2993 τῆς
870 2925 1193 3005 ὀϐρισμένης
1221 2926 1371 3005 τάφῳ
1402 2928 1565 3006 μέχρι
1597 2929 1684 2984 καὶ
1726 2951 1882 2997 τηνι-

254 3021 404 3070 καῦτα
462 3014 742 3094 κατέχων,
787 3016 874 3071 καὶ
915 3021 1157 3095 συνεχῶς
1190 3017 1347 3075 αὐτὸν
1378 3014 1751 3073 γαταϐάλλων⁶
1785 3024 1883 3086 τῆς

252 3102 486 3181 χαλεπῆς
522 3104 711 3183 ὥσπερ
745 3102 944 3183 ὕϐρεως
995 3104 1203 3169 ἒκείνης
1260 3102 1406 3167 δίκας
1461 3110 1751 3166 ἐκτίνοντα.
1788 3097 1883 3165 τεέν

255 3190 313 3257 δὴ
353 3194 567 3251 πάντων
626 3192 844 3250 ἐλέλυτο
900 3192 1205 3271 παραδόξως
1254 3196 1322 3270 τῇ
1371 3201 1511 3273 σορῷ
1539 3194 1887 3274 προσδραμὼν

256 3284 333 3337 καὶ
377 3285 430 3339 τὸ
462 3285 566 3358 μὲν
602 3283 792 3363 ὄχημα
844 3281 1075 3339 ἐκινεῖτο
1133 3283 1343 3357 αὐτίκα,
1394 3285 1482 3341 καὶ
1536 3284 1885 3365 λαμπρότατα

258 3371 346 3438 τὴν
397 3373 558 3430 πόλιν
604 3373 792 3447 εἰσῄει,
847 3374 883 3440 ἡ
915 3369 969 3427 δὲ
1022 3374 1114 3428 τὸν
1159 3373 1483 3449 ποθούμενον
1522 3372 1763 3455 δέχεται,
1800 3379 1887 3433 καὶ

255 3476 363 3518 τοῖς
420 3464 640 3525 οἰκείοις
685 3460 905 3527 κόλποις
956 3461 1317 3519 ἐναποτίθεται
1370 3470 1437 3541 λῇ
1493 3467 1883 3545 ἔπινεανεστάτῃ

256 3559 339 3608 τοῦ
392 3559 695 3610 Κασσιανοῦ
744 3550 1023 3625 ἐγκλησίᾳ,
1102 3558 1286 3628 Μικρῳ
1350 3551 1405 3609 δὲ
1464 3553 1679 3633 ὕστερον
1748 3558 1886 3624 θείας

258 3642 414 3716 ὄψεώς
457 3642 915 3721 ἒπιφοιτησάσης,
948 3642 1088 3720 ἱερὸν
1144 3641 1320 3719 ἕτερον
1352 3642 1577 3711 πλησίον
1609 3643 1829 3718 ἱδρύεται
1867 3664 1881 3677 ⁸

258 3735 335 3789 καὶ
382 3735 446 3790 τὸ
488 3737 644 3789 θεῖον
699 3732 753 3787 ἐν
810 3734 951 3807 αὖτῷ
995 3733 1328 3806 μετατίθεται
1387 3732 1658 3811 λείψανον,
1709 3721 1772 3794 ”Ο
1826 3761 1887 3816 γε

259 3821 356 3893 μὴν
413 3828 505 3877 τοῦ
566 3826 734 3876 κακοῦ
792 3817 918 3898 παρ’
975 3818 1136 3875 αὐτοῦ
1209 3821 1308 3887 τὴν
1387 3820 1534 3878 λύσιν
1590 3823 1775 3903 έὺρὼν,
1830 3831 1891 3885 οὗ

258 3910 432 3986 μικρὸν
483 3909 540 3975 ἐξ
583 3909 788 3965 ἐκείνου
832 3907 988 3987 μέρος
1037 3909 1110 3973 εἷς
1142 3910 1337 3989 ἀρετὴν
1366 3910 1598 3986 ἐπιδοὺς,
1632 3915 1888 3994 νεωκόρος

253 3997 389 4055 τοῦδε
446 4001 651 4076 γίνεται
704 4005 797 4054 τοῦ
840 3999 966 4074 νεὼ,
1033 4000 1120 4055 καὶ
1187 4001 1288 4067 τὴν
1348 4008 1443 4058 τοῦ
1482 4002 1598 4078 βίου
1649 4006 1780 4083 πρὸς
1830 4008 1891 4062 τὸ

255 4087 450 4164 βέλτιον
511 4085 843 4168 μεταϐολὴν,
875 4086 1080 4144 δικαίαν
1123 4088 1359 4163 ἀμοιϐὴν
1387 4096 1465 4164 τῷ
1492 4093 1628 4171 ἁγίῳ
1655 4093 1843 4151 ἐκτίνει
1872 4117 1884 4130 ·

258 4176 402 4234 ὅκαὶ
445 4176 656 4254 μᾶλλον
699 4178 1071 4235 ποθεινότατον
1128 4182 1272 4255 αὐτῷ
1328 4178 1415 4261 ἧν,
1472 4184 1506 4249 ἡ
1565 4190 1662 4241 τοῦ
1716 4185 1890 4243 ἱκέτου

258 4270 500 4347 σωτηρία.

1969 2124 2346 2185 mirationem
2373 2140 2490 2183 non
2518 2121 2715 2182 minus
2734 2136 2912 2201 quam
2946 2126 3236 2180 terrorem
3262 2117 3606 2200 injecit.Vir

1968 2212 2209 2294 quidam
2244 2230 2277 2273 e
2329 2221 2744 2282 monumento,
2794 2206 2991 2290 qualia
3046 2225 3164 2268 non
3208 2226 3392 2288 pauca
3438 2211 3605 2291 juxta

1969 2303 2165 2364 locum
2194 2300 2358 2362 illum
2388 2309 2555 2361 erant
2578 2298 3069 2378 condita,impetu
3084 2314 3607 2380 egressus,magno

1967 2409 2143 2454 cursu
2164 2392 2234 2452 ad
2262 2409 2493 2452 sacrum
2521 2389 2781 2450 loculum
2808 2387 3111 2448 ferebatur
3135 2403 3149 2448 :
3176 2394 3234 2447 et
3256 2405 3388 2447 cum
3410 2390 3603 2453 varios

1966 2480 2151 2541 animi
2176 2479 2460 2539 tumultus
2480 2475 2811 2539 vociferans
2844 2482 3182 2548 testaretur,
3217 2481 3338 2535 tum
3372 2466 3604 2539 scelera

1966 2569 2095 2649 ipse
2107 2586 2212 2628 sua
2225 2563 3195 2642 miserabiliterlamentabatur;aJ
3212 2562 3336 2625 haec
3347 2565 3602 2629 vinculis

1967 2668 2026 2722 et
2046 2652 2276 2736 ﬂagello
2307 2656 2454 2717 solvi
2496 2653 2823 2737 postulabat
2858 2671 2871 2715 :
2914 2669 3090 2733 porro
3121 2652 3445 2730 flagellum,
3482 2673 3601 2737 quo

1965 2751 2475 2812 cruciabatur,erat
2495 2747 2712 2804 daemon
2737 2744 3150 2817 malignus,qui
3174 2744 3313 2800 olim
3330 2747 3385 2801 in
3412 2751 3600 2817 ipsum

1970 2836 2241 2899 mulieris
2265 2836 2534 2896 cadaveri
2560 2835 2896 2914 petulanter
2910 2829 3023 2890 vim
3052 2830 3431 2907 inferentem,
3453 2833 3599 2897 insi-

1968 2926 2515 3005 lierat,stalimque,
2544 2940 2754 2985 manus
2786 2921 2872 2982 illi
2904 2918 3324 2981 insolubilibus
3352 2923 3604 2986 vinculis

1969 3015 2408 3095 constringens,
2443 3022 2502 3075 et
2531 3012 2735 3074 oculos
2765 3010 2919 3072 {cede
2947 3016 3600 3089 contorquens,tremo-

1968 3120 2221 3183 remque
2242 3101 2833 3174 incutiens,vinctum
2857 3099 2979 3178 jam
3014 3095 3155 3159 inde
3182 3099 3346 3175 juxta
3376 3099 3603 3162 violata:

1971 3192 2240 3256 mulieris
2269 3190 2607 3272 sepulcrum
2640 3189 2757 3252 huc
2789 3206 2981 3268 usque
3001 3184 3360 3264 detinuerat,
3397 3196 3458 3250 et
3486 3196 3604 3251 tam

1970 3282 2222 3363 insignis
2258 3278 2636 3343 contumeliae
2667 3295 2868 3361 pmnas
2902 3274 3334 3357 persolventem
3366 3277 3604 3340 assidue

1970 3369 2574 3456 opprimens.Quibus
2595 3368 2849 3431 vinculis
2872 3385 3004 3428 mox
3030 3375 3094 3428 ut
3121 3365 3194 3428 ad
3218 3366 3479 3431 loculum
3503 3387 3602 3430 sa-

1970 3482 2137 3527 crum
2160 3460 2638 3527 accurrit,statim
2655 3459 2942 3523 liberatus
2962 3465 3195 3537 estzquo
3213 3456 3608 3525 facto.currus

1970 3554 2131 3617 illico
2162 3562 2356 3614 motus
2408 3558 2518 3625 est,
2571 3559 2628 3611 et
2675 3545 3160 3631 splendidissimo
3204 3557 3487 3628 apparatu
3544 3549 3605 3611 in

1971 3643 2182 3708 urbem
2206 3639 2840 3716 illatus,desideratum
2856 3637 3199 3699 thesaurum
3226 3637 3608 3718 propriogre-

1973 3735 2093 3797 mio
2117 3731 2477 3811 suscepit,ac
2507 3729 2569 3791 in
2600 3726 2817 3790 illustri
2846 3724 3110 3789 Cassiani
3140 3725 3398 3787 ecclesia
3418 3728 3607 3790 collo-

1974 3824 2143 3889 cavit.
2178 3821 2359 3886 Paulo
2404 3819 2622 3881 deinde
2672 3824 2805 3899 post
2831 3815 3029 3878 divina
3059 3814 3287 3877 visione
3313 3833 3604 3896 superve-

1973 3916 2198 3988 niente,
2232 3910 2389 3975 aliud
2427 3907 2710 3990 templum
2743 3908 2801 3968 in
2851 3904 3045 3967 vicino
3086 3904 3218 3967 loco
3248 3904 3603 3968 aedificatum

1974 4005 2106 4081 fuit,
2128 4004 2186 4064 in
2218 4020 2336 4082 quo
2367 4016 2534 4061 sacra
2556 3999 2786 4078 lipsana
2813 3995 3104 4057 collocata
3132 4003 3291 4058 sunt.
3326 3994 3435 4057 Ille
3465 4013 3607 4059 vero

1973 4094 2077 4177 qui
2110 4092 2247 4155 mali
2278 4092 2551 4153 levamen
2574 4086 2646 4150 ab
2690 4088 2820 4167 ipso
2851 4093 3213 4177 consecutus
3243 4085 3460 4167 fuerat,
3490 4104 3611 4149 non

1975 4176 2184 4263 exiguo
2214 4182 2288 4244 ab
2320 4180 2424 4242 illo
2455 4188 2723 4258 tempore
2746 4178 2806 4237 in
2831 4176 3044 4237 virtute
3087 4194 3407 4256 progressu
3431 4176 3607 4254 facto,

1973 4276 2084 4341 fuit
2116 4273 2292 4353 hujus
2327 4269 2532 4351 templi
2580 4267 3074 4340 redituus,etvitae
3096 4268 3156 4327 in
3191 4266 3406 4329 melius
3438 4285 3610 4328 com-

265 4358 670 4433 mutationem,
698 4357 917 4437 justam
952 4357 1292 4421 mercedem
1325 4367 1529 4423 saucto
1560 4365 1842 4443 persolvit
1874 4391 1888 4437 :
1951 4387 2068 4434 nec
2101 4364 2221 4428 ulla
2250 4360 2474 4442 gratior
2504 4357 2792 4442 supplicis
2821 4357 3010 4439 ipsius
3039 4355 3227 4420 salute
3254 4355 3529 4420 accidere
3560 4357 3617 4420 ei

262 4457 501 4528 poterat.

1743 4618 1972 4682 CAPUT
2011 4621 2121 4680 XV.

893 4764 1152 4840 Reliquias
1181 4783 1217 4824 a
1244 4766 1417 4826 Leone
1461 4770 1590 4844 imp.
1621 4772 1886 4845 expetita.
1933 4774 2212 4848 Templum
2240 4772 2302 4829 in
2338 4774 2524 4835 monte,
2575 4766 2639 4823 in
2669 4780 2770 4839 quo
2804 4766 2972 4823 stetit.

339 4938 404 4985 νη
417 4906 445 4979 ’.
478 4918 585 4987 Τῆς
645 4917 700 4975 δὲ
734 4925 839 4976 τῶν
884 4919 1151 4998 λειψάνων
1193 4929 1349 5000 σοροῦ
1380 4923 1549 4981 πάντα
1575 4926 1738 4982 τόπον
1768 4939 1882 4991 τοῖς

2031 4925 2284 4991 58.Cum
2300 4920 2517 4984 deinde
2529 4936 2697 4982 sacra
2709 4934 2858 4981 urna
2872 4934 3109 4979 omnem
3131 4912 3603 4998 circaregionem

268 5004 483 5079 θαύμασι
555 5005 1037 5084 διαλαμϐανούσης,
1098 5013 1126 5066 ὃ
1181 5012 1281 5079 τὴν
1338 5010 1699 5091 αὖτοκράτορα
1751 5016 1891 5072 Ῥω-

272 5096 432 5183 μαίοις
463 5096 655 5154 διέπων
690 5099 893 5179 ἀρχὴν,
954 5101 1014 5157 οὗ
1070 5100 1134 5170 δή
1193 5109 1367 5181 μικρῴ
1425 5103 1647 5180 πρόσθεν
1679 5106 1705 5161 ὁ
1733 5104 1892 5183 λόγος

272 5180 523 5262 ἐμνήσθη,
570 5188 861 5266 γράμματα
906 5188 1104 5264 πέμπει
1162 5180 1533 5271 Αντιοχεῦσιν,
1584 5191 1665 5273 ἐφ’
1715 5180 1894 5258 οἷςντὸ

276 5279 358 5327 τοῦ
413 5276 563 5352 ἁγίου
593 5284 751 5354 σῶμα
807 5279 934 5355 πρὸς
964 5279 1062 5346 τὴν
1094 5279 1335 5355 βασιλίδα
1362 5280 1519 5338 πόλιν
1549 5280 1890 5356 διακομίσαι.

284 5438 519 5512 adeptus,
553 5460 674 5502 eam
706 5459 856 5503 anno
888 5445 984 5502 ιη
1025 5447 1243 5507 dimisit
1275 5452 1348 5506 ob
1374 5449 1684 5508 seditiones
1716 5449 1895 5509 Zeno-

286 5517 608 5640 ἓίξοωίιίε
638 5525 693 5574 et
720 5517 868 5575 Petri
897 5517 1161 5576 Fullonis
1210 5536 1380 5593 opera
1411 5531 1610 5580 contra
1644 5538 1705 5580 se
1736 5524 1895 5580 exci-

354 5658 457 5738 ti»)
484 5661 550 5738 1n
580 5661 757 5721 altera
787 5662 917 5721 Vita
946 5673 1031 5722 est
1058 5660 1401 5738 Heroa.Nam
1431 5675 1637 5738 praeter
1668 5665 1894 5722 Meroen

294 5728 607 5819 Ethiopiaa,
640 5738 748 5796 ἔστι
782 5740 867 5796 καὶ
903 5738 1102 5817 Μερόη,
1157 5736 1346 5818 inquit
1376 5728 1727 5822 Stephanus,
1759 5739 1894 5796 κατᾶ

1978 5014 2396 5080 miraculorum
2431 5011 2590 5073 fama
2619 5007 3251 5090 complecteretur,qui
3284 5005 3615 5069 Romanum

1978 5107 2294 5188 imperium
2327 5096 2805 5174 administrabat,
2824 5097 2899 5159 de
2917 5116 3036 5178 quo
3057 5096 3233 5188 paulo
3257 5103 3394 5188 ante
3419 5113 3617 5188 sermo

1976 5184 2285 5276 incidit,ad
2310 5190 2713 5254 Antiochenos
2742 5188 2965 5251 litteras
2989 5184 3440 5276 scribit,quibus
3462 5186 3616 5247 sacri

1977 5275 2247 5367 corporis
2277 5281 2515 5345 exuvias
2537 5278 2608 5341 ad
2640 5278 2861 5359 regiam
2887 5276 3098 5339 urbem
3121 5275 3411 5355 asportari
3439 5292 3613 5336 man-

1978 5452 2235 5518 ἆνατολὰς
2295 5457 2392 5521 τῆς
2444 5453 2560 5529 περὶ
2625 5445 3257 5529 ΔάφνηνἈντιοχοςίμςἐ
3308 5466 3360 5529 r_
3391 5440 3494 5504 Est
3554 5450 3614 5507 et

1978 5538 2162 5594 Meroe
2192 5535 2263 5592 ad
2291 5522 2587 5606 orientem
2607 5522 2943 5606 Antiochiae»
2964 5522 3192 5594 quze‘ad
3222 5522 3501 5606 Daphnen
3536 5543 3550 5578 :
3590 5543 3617 5576 ι

1977 5613 2054 5667 ita
2095 5607 2220 5680 ille,
2253 5604 2354 5678 qui
2375 5604 2521 5680 alibi
2554 5601 2833 5680 paphnen
2870 5597 2950 5653 ait
2979 5609 3110 5680 esse
3148 5594 3619 5662 «celeberrimum

1977 5673 2326 5743 suburb'iuin
2359 5673 2670 5733 Antiochiae
2699 5682 2900 5729 versus
2928 5673 3228 5726 orientem.
3262 5689 3283 5719 ι
