  <div class='ocr_page' id='page_1' title='image "/cluster/home/n/w/nwhite01/storage/ocr_20150623/114/hvd.32044073502254/202.png"; bbox 0 0 4062 6194; ppageno 0'>
   <div class='ocr_carea' id='block_1_1' title="bbox 702 499 3121 599">
    <p class='ocr_par' dir='ltr' id='par_1_1' title="bbox 702 499 3121 599">
     <span class='ocr_line' id='line_1_1' title="bbox 702 499 3121 599; baseline 0.004 -11"><span class='ocrx_word' id='word_1_1' title='bbox 702 502 842 588; x_wconf 91' lang='lat' dir='ltr'><strong>DE</strong></span> <span class='ocrx_word' id='word_1_2' title='bbox 945 503 1038 586; x_wconf 85' lang='lat' dir='ltr'><strong>S.</strong></span> <span class='ocrx_word' id='word_1_3' title='bbox 1146 500 1630 587; x_wconf 87' lang='lat' dir='ltr'><strong>LUCIANO</strong></span> <span class='ocrx_word' id='word_1_4' title='bbox 1726 499 2456 586; x_wconf 80' lang='lat' dir='ltr'><strong>PRESBYTERO</strong></span> <span class='ocrx_word' id='word_1_5' title='bbox 2552 500 3121 599; x_wconf 80' lang='lat' dir='ltr'><strong>MARTYRE.</strong></span> 
     </span>
    </p>
   </div>
   <div class='ocr_carea' id='block_1_2' title="bbox 1326 700 2498 772">
    <p class='ocr_par' dir='ltr' id='par_1_2' title="bbox 1326 700 2498 772">
     <span class='ocr_line' id='line_1_2' title="bbox 1326 700 2498 772; baseline -0.002 -14"><span class='ocrx_word' id='word_1_6' title='bbox 1326 705 1498 772; x_wconf 81' lang='lat' dir='ltr'><strong>(Anno</strong></span> <span class='ocrx_word' id='word_1_7' title='bbox 1548 703 1673 768; x_wconf 76' lang='lat' dir='ltr'><strong>3t2,</strong></span> <span class='ocrx_word' id='word_1_8' title='bbox 1708 703 1839 762; x_wconf 81' lang='lat' dir='ltr'><strong>Acta</strong></span> <span class='ocrx_word' id='word_1_9' title='bbox 1867 702 1962 761; x_wconf 91' lang='lat' dir='ltr'><strong>SS.</strong></span> <span class='ocrx_word' id='word_1_10' title='bbox 2005 700 2237 760; x_wconf 77' lang='lat' dir='ltr'><strong>Bolland.</strong></span> <span class='ocrx_word' id='word_1_11' title='bbox 2269 701 2386 758; x_wconf 84' lang='lat' dir='ltr'><strong>Jan.</strong></span> <span class='ocrx_word' id='word_1_12' title='bbox 2418 701 2498 771; x_wconf 90' lang='lat'><strong>7.)</strong></span> 
     </span>
    </p>
   </div>
   <div class='ocr_carea' id='block_1_3' title="bbox 304 989 3599 1082">
    <p class='ocr_par' dir='ltr' id='par_1_3' title="bbox 304 989 3599 1082">
     <span class='ocr_line' id='line_1_3' title="bbox 304 989 3599 1082; baseline 0.003 -29"><span class='ocrx_word' id='word_1_13' title='bbox 304 995 332 1068; x_wconf 69' lang='grc' dir='ltr'><strong>ἔ</strong></span> <span class='ocrx_word' id='word_1_14' title='bbox 361 991 408 1056; x_wconf 92' lang='grc' dir='ltr'>Ι.</span> <span class='ocrx_word' id='word_1_15' title='bbox 440 1025 521 1038; x_wconf 90' lang='grc'><strong><em>-</em></strong></span> <span class='ocrx_word' id='word_1_16' title='bbox 551 992 808 1057; x_wconf 77' lang='lat' dir='ltr'><strong>Luciani</strong></span> <span class='ocrx_word' id='word_1_17' title='bbox 833 992 1152 1067; x_wconf 74' lang='lat' dir='ltr'><strong>sanctitas,</strong></span> <span class='ocrx_word' id='word_1_18' title='bbox 1184 992 1464 1054; x_wconf 76' lang='lat' dir='ltr'><strong>doctrina</strong></span> <span class='ocrx_word' id='word_1_19' title='bbox 1486 989 1806 1053; x_wconf 80' lang='lat' dir='ltr'><strong>catholica.</strong></span> <span class='ocrx_word' id='word_1_20' title='bbox 1897 998 1936 1046; x_wconf 81' lang='grc' dir='ltr'><strong>Α</strong></span> <span class='ocrx_word' id='word_1_21' title='bbox 1963 1006 2127 1082; x_wconf 83' lang='lat' dir='ltr'><strong>mum</strong></span> <span class='ocrx_word' id='word_1_22' title='bbox 2154 990 2385 1082; x_wconf 67' lang='lat' dir='ltr'><strong>attinet,</strong></span> <span class='ocrx_word' id='word_1_23' title='bbox 2417 990 2554 1082; x_wconf 84' lang='lat' dir='ltr'><strong>quia</strong></span> <span class='ocrx_word' id='word_1_24' title='bbox 2575 991 2635 1052; x_wconf 91' lang='lat' dir='ltr'><strong>id</strong></span> <span class='ocrx_word' id='word_1_25' title='bbox 2668 997 2856 1056; x_wconf 90' lang='lat' dir='ltr'><strong>nostri</strong></span> <span class='ocrx_word' id='word_1_26' title='bbox 2890 1013 3008 1058; x_wconf 92' lang='lat' dir='ltr'><strong>non</strong></span> <span class='ocrx_word' id='word_1_27' title='bbox 3040 1010 3128 1060; x_wconf 86' lang='lat' dir='ltr'><strong>est</strong></span> <span class='ocrx_word' id='word_1_28' title='bbox 3159 999 3436 1082; x_wconf 78' lang='lat' dir='ltr'><strong>instituti,</strong></span> <span class='ocrx_word' id='word_1_29' title='bbox 3467 1003 3599 1063; x_wconf 87' lang='lat' dir='ltr'><strong>sin-</strong></span> 
     </span>
    </p>
   </div>
   <div class='ocr_carea' id='block_1_4' title="bbox 317 1105 1878 1188">
    <p class='ocr_par' dir='ltr' id='par_1_4' title="bbox 317 1105 1878 1188">
     <span class='ocr_line' id='line_1_4' title="bbox 317 1105 1878 1188; baseline -0.003 -18"><span class='ocrx_word' id='word_1_30' title='bbox 317 1106 670 1172; x_wconf 85' lang='lat' dir='ltr'><strong>Celebratur</strong></span> <span class='ocrx_word' id='word_1_31' title='bbox 695 1109 993 1188; x_wconf 86' lang='lat' dir='ltr'><strong>gloriosus</strong></span> <span class='ocrx_word' id='word_1_32' title='bbox 1012 1107 1109 1169; x_wconf 91' lang='lat' dir='ltr'><strong>hic</strong></span> <span class='ocrx_word' id='word_1_33' title='bbox 1133 1115 1353 1186; x_wconf 88' lang='lat' dir='ltr'><strong>martyr</strong></span> <span class='ocrx_word' id='word_1_34' title='bbox 1381 1125 1448 1168; x_wconf 89' lang='lat' dir='ltr'><strong>ac</strong></span> <span class='ocrx_word' id='word_1_35' title='bbox 1480 1105 1689 1168; x_wconf 89' lang='lat' dir='ltr'><strong>doctor</strong></span> <span class='ocrx_word' id='word_1_36' title='bbox 1719 1107 1749 1166; x_wconf 80' lang='grc' dir='ltr'><strong><em>Ἰ</em></strong></span> <span class='ocrx_word' id='word_1_37' title='bbox 1777 1107 1878 1167; x_wconf 86' lang='lat' dir='ltr'><strong>Ja-</strong></span> 
     </span>
    </p>
   </div>
   <div class='ocr_carea' id='block_1_5' title="bbox 246 1194 1881 1273">
    <p class='ocr_par' dir='ltr' id='par_1_5' title="bbox 246 1194 1881 1273">
     <span class='ocr_line' id='line_1_5' title="bbox 246 1194 1881 1273; baseline 0 -15"><span class='ocrx_word' id='word_1_38' title='bbox 246 1198 428 1258; x_wconf 88' lang='lat' dir='ltr'><strong>nuarii</strong></span> <span class='ocrx_word' id='word_1_39' title='bbox 478 1216 512 1258; x_wconf 89' lang='lat' dir='ltr'><strong>a</strong></span> <span class='ocrx_word' id='word_1_40' title='bbox 539 1197 784 1273; x_wconf 82' lang='lat' dir='ltr'><strong>Latinis,</strong></span> <span class='ocrx_word' id='word_1_41' title='bbox 809 1217 842 1259; x_wconf 93' lang='lat' dir='ltr'><strong>a</strong></span> <span class='ocrx_word' id='word_1_42' title='bbox 865 1196 1086 1261; x_wconf 88' lang='lat' dir='ltr'><strong>Gracis</strong></span> <span class='ocrx_word' id='word_1_43' title='bbox 1113 1215 1274 1258; x_wconf 86' lang='lat' dir='ltr'><strong>nunc</strong></span> <span class='ocrx_word' id='word_1_44' title='bbox 1301 1197 1379 1258; x_wconf 76' lang='lat'><strong>15</strong></span> <span class='ocrx_word' id='word_1_45' title='bbox 1406 1194 1705 1268; x_wconf 79' lang='lat' dir='ltr'><strong>Octobris,</strong></span> <span class='ocrx_word' id='word_1_46' title='bbox 1730 1203 1792 1256; x_wconf 91' lang='lat' dir='ltr'><strong>ut</strong></span> <span class='ocrx_word' id='word_1_47' title='bbox 1811 1213 1881 1258; x_wconf 81' lang='lat' dir='ltr'><strong>ex</strong></span> 
     </span>
    </p>
   </div>
   <div class='ocr_carea' id='block_1_6' title="bbox 246 1284 1877 1368">
    <p class='ocr_par' dir='ltr' id='par_1_6' title="bbox 246 1284 1877 1368">
     <span class='ocr_line' id='line_1_6' title="bbox 246 1284 1877 1368; baseline 0.001 -23"><span class='ocrx_word' id='word_1_48' title='bbox 246 1286 572 1364; x_wconf 78' lang='lat' dir='ltr'><strong>Menologio</strong></span> <span class='ocrx_word' id='word_1_49' title='bbox 594 1298 651 1348; x_wconf 90' lang='lat' dir='ltr'><strong>et</strong></span> <span class='ocrx_word' id='word_1_50' title='bbox 677 1289 919 1350; x_wconf 87' lang='lat' dir='ltr'><strong>Menais</strong></span> <span class='ocrx_word' id='word_1_51' title='bbox 942 1295 1308 1368; x_wconf 86' lang='lat' dir='ltr'><strong>patet,atque</strong></span> <span class='ocrx_word' id='word_1_52' title='bbox 1327 1285 1682 1364; x_wconf 81' lang='lat' dir='ltr'><strong>Anthologio</strong></span> <span class='ocrx_word' id='word_1_53' title='bbox 1705 1304 1738 1345; x_wconf 90' lang='lat' dir='ltr'><strong>a</strong></span> <span class='ocrx_word' id='word_1_54' title='bbox 1761 1284 1877 1347; x_wconf 88' lang='lat' dir='ltr'><strong>Cle-</strong></span> 
     </span>
    </p>
   </div>
   <div class='ocr_carea' id='block_1_7' title="bbox 247 1373 1882 1457">
    <p class='ocr_par' dir='ltr' id='par_1_7' title="bbox 247 1373 1882 1457">
     <span class='ocr_line' id='line_1_7' title="bbox 247 1373 1882 1457; baseline -0.001 -22"><span class='ocrx_word' id='word_1_55' title='bbox 247 1374 580 1438; x_wconf 88' lang='lat' dir='ltr'><strong>menteVIlI</strong></span> <span class='ocrx_word' id='word_1_56' title='bbox 602 1376 1103 1457; x_wconf 87' lang='lat' dir='ltr'><strong>approbato;olim</strong></span> <span class='ocrx_word' id='word_1_57' title='bbox 1128 1393 1265 1437; x_wconf 89' lang='lat' dir='ltr'><strong>vero</strong></span> <span class='ocrx_word' id='word_1_58' title='bbox 1296 1375 1506 1436; x_wconf 91' lang='lat' dir='ltr'><strong>eodem</strong></span> <span class='ocrx_word' id='word_1_59' title='bbox 1522 1393 1638 1455; x_wconf 90' lang='lat' dir='ltr'><strong>quo</strong></span> <span class='ocrx_word' id='word_1_60' title='bbox 1663 1384 1718 1437; x_wconf 90' lang='lat' dir='ltr'><strong>et</strong></span> <span class='ocrx_word' id='word_1_61' title='bbox 1736 1373 1882 1436; x_wconf 85' lang='lat' dir='ltr'><strong>obiit</strong></span> 
     </span>
    </p>
   </div>
   <div class='ocr_carea' id='block_1_8' title="bbox 245 1463 1880 1546">
    <p class='ocr_par' dir='ltr' id='par_1_8' title="bbox 245 1463 1880 1546">
     <span class='ocr_line' id='line_1_8' title="bbox 245 1463 1880 1546; baseline 0.001 -22"><span class='ocrx_word' id='word_1_62' title='bbox 245 1464 334 1526; x_wconf 90' lang='lat' dir='ltr'><strong>die</strong></span> <span class='ocrx_word' id='word_1_63' title='bbox 363 1466 394 1526; x_wconf 86' lang='lat'><strong>&#39;7</strong></span> <span class='ocrx_word' id='word_1_64' title='bbox 417 1466 710 1539; x_wconf 82' lang='lat' dir='ltr'><strong>Januarii,</strong></span> <span class='ocrx_word' id='word_1_65' title='bbox 729 1475 792 1528; x_wconf 90' lang='lat' dir='ltr'><strong>ut</strong></span> <span class='ocrx_word' id='word_1_66' title='bbox 813 1467 996 1546; x_wconf 86' lang='lat' dir='ltr'><strong>liquet</strong></span> <span class='ocrx_word' id='word_1_67' title='bbox 1015 1484 1084 1526; x_wconf 85' lang='lat' dir='ltr'><strong>ex</strong></span> <span class='ocrx_word' id='word_1_68' title='bbox 1106 1463 1166 1526; x_wconf 91' lang='lat' dir='ltr'><strong>S.</strong></span> <span class='ocrx_word' id='word_1_69' title='bbox 1185 1464 1584 1544; x_wconf 81' lang='lat' dir='ltr'><strong>Chrysostomi</strong></span> <span class='ocrx_word' id='word_1_70' title='bbox 1603 1481 1880 1525; x_wconf 87' lang='lat' dir='ltr'><strong>sermone</strong></span> 
     </span>
    </p>
   </div>
   <div class='ocr_carea' id='block_1_9' title="bbox 247 1552 1873 1636">
    <p class='ocr_par' dir='ltr' id='par_1_9' title="bbox 247 1552 1873 1636">
     <span class='ocr_line' id='line_1_9' title="bbox 247 1552 1873 1636; baseline 0 -23"><span class='ocrx_word' id='word_1_71' title='bbox 247 1554 522 1632; x_wconf 86' lang='lat' dir='ltr'><strong>postridie</strong></span> <span class='ocrx_word' id='word_1_72' title='bbox 550 1553 1079 1636; x_wconf 87' lang='lat' dir='ltr'><strong>Theophaniorum</strong></span> <span class='ocrx_word' id='word_1_73' title='bbox 1113 1555 1173 1614; x_wconf 91' lang='lat' dir='ltr'><strong>in</strong></span> <span class='ocrx_word' id='word_1_74' title='bbox 1207 1553 1363 1614; x_wconf 91' lang='lat' dir='ltr'><strong>illius</strong></span> <span class='ocrx_word' id='word_1_75' title='bbox 1391 1553 1624 1614; x_wconf 90' lang='lat' dir='ltr'><strong>laudem</strong></span> <span class='ocrx_word' id='word_1_76' title='bbox 1653 1552 1873 1614; x_wconf 89' lang='lat' dir='ltr'><strong>habito.</strong></span> 
     </span>
    </p>
   </div>
   <div class='ocr_carea' id='block_1_10' title="bbox 244 1641 1870 1715">
    <p class='ocr_par' dir='ltr' id='par_1_10' title="bbox 244 1641 1870 1715">
     <span class='ocr_line' id='line_1_10' title="bbox 244 1641 1870 1715; baseline 0 -13"><span class='ocrx_word' id='word_1_77' title='bbox 244 1641 320 1703; x_wconf 89' lang='lat' dir='ltr'><strong>De</strong></span> <span class='ocrx_word' id='word_1_78' title='bbox 344 1661 411 1703; x_wconf 92' lang='lat' dir='ltr'><strong>eo</strong></span> <span class='ocrx_word' id='word_1_79' title='bbox 443 1642 790 1706; x_wconf 87' lang='lat' dir='ltr'><strong>Usuardus:</strong></span> <span class='ocrx_word' id='word_1_80' title='bbox 830 1667 850 1697; x_wconf 79' lang='grc' dir='ltr'><strong>σ</strong></span> <span class='ocrx_word' id='word_1_81' title='bbox 891 1643 1113 1704; x_wconf 90' lang='lat' dir='ltr'><strong>Eodem</strong></span> <span class='ocrx_word' id='word_1_82' title='bbox 1140 1643 1238 1704; x_wconf 91' lang='lat' dir='ltr'><strong>die</strong></span> <span class='ocrx_word' id='word_1_83' title='bbox 1269 1645 1332 1701; x_wconf 88' lang='grc' dir='ltr'><strong>Β.</strong></span> <span class='ocrx_word' id='word_1_84' title='bbox 1367 1642 1636 1715; x_wconf 90' lang='lat' dir='ltr'><strong>Luciani,</strong></span> <span class='ocrx_word' id='word_1_85' title='bbox 1671 1643 1870 1704; x_wconf 84' lang='lat' dir='ltr'><strong>Antio-</strong></span> 
     </span>
    </p>
   </div>
   <div class='ocr_carea' id='block_1_11' title="bbox 247 1731 1880 1812">
    <p class='ocr_par' dir='ltr' id='par_1_11' title="bbox 247 1731 1880 1812">
     <span class='ocr_line' id='line_1_11' title="bbox 247 1731 1880 1812; baseline 0 -20"><span class='ocrx_word' id='word_1_86' title='bbox 247 1732 439 1793; x_wconf 88' lang='lat' dir='ltr'><strong>chena</strong></span> <span class='ocrx_word' id='word_1_87' title='bbox 471 1733 758 1794; x_wconf 86' lang='lat' dir='ltr'><strong>Ecclesia</strong></span> <span class='ocrx_word' id='word_1_88' title='bbox 790 1731 1120 1812; x_wconf 84' lang='lat' dir='ltr'><strong>presbyteri</strong></span> <span class='ocrx_word' id='word_1_89' title='bbox 1161 1740 1218 1793; x_wconf 92' lang='lat' dir='ltr'><strong>et</strong></span> <span class='ocrx_word' id='word_1_90' title='bbox 1252 1733 1546 1812; x_wconf 81' lang='lat' dir='ltr'><strong>martyris,</strong></span> <span class='ocrx_word' id='word_1_91' title='bbox 1576 1731 1700 1810; x_wconf 89' lang='lat' dir='ltr'><strong>qui,</strong></span> <span class='ocrx_word' id='word_1_92' title='bbox 1735 1732 1880 1793; x_wconf 86' lang='lat' dir='ltr'><strong>satis</strong></span> 
     </span>
    </p>
   </div>
   <div class='ocr_carea' id='block_1_12' title="bbox 247 1819 1876 1902">
    <p class='ocr_par' dir='ltr' id='par_1_12' title="bbox 247 1819 1876 1902">
     <span class='ocr_line' id='line_1_12' title="bbox 247 1819 1876 1902; baseline 0 -20"><span class='ocrx_word' id='word_1_93' title='bbox 247 1821 429 1882; x_wconf 88' lang='lat' dir='ltr'><strong>clarus</strong></span> <span class='ocrx_word' id='word_1_94' title='bbox 457 1823 735 1884; x_wconf 85' lang='lat' dir='ltr'><strong>doctrina</strong></span> <span class='ocrx_word' id='word_1_95' title='bbox 757 1831 814 1883; x_wconf 90' lang='lat' dir='ltr'><strong>et</strong></span> <span class='ocrx_word' id='word_1_96' title='bbox 839 1822 1202 1898; x_wconf 86' lang='lat' dir='ltr'><strong>eloquentia,</strong></span> <span class='ocrx_word' id='word_1_97' title='bbox 1238 1840 1446 1902; x_wconf 88' lang='lat' dir='ltr'><strong>passus</strong></span> <span class='ocrx_word' id='word_1_98' title='bbox 1477 1830 1566 1883; x_wconf 90' lang='lat' dir='ltr'><strong>est</strong></span> <span class='ocrx_word' id='word_1_99' title='bbox 1594 1819 1876 1882; x_wconf 87' lang='lat' dir='ltr'><strong>Nicome-</strong></span> 
     </span>
    </p>
   </div>
   <div class='ocr_carea' id='block_1_13' title="bbox 252 1911 1876 1992">
    <p class='ocr_par' dir='ltr' id='par_1_13' title="bbox 252 1911 1876 1992">
     <span class='ocr_line' id='line_1_13' title="bbox 252 1911 1876 1992; baseline -0.001 -20"><span class='ocrx_word' id='word_1_100' title='bbox 252 1911 352 1972; x_wconf 88' lang='lat' dir='ltr'><strong>dia</strong></span> <span class='ocrx_word' id='word_1_101' title='bbox 376 1911 450 1972; x_wconf 89' lang='lat' dir='ltr'><strong>ob</strong></span> <span class='ocrx_word' id='word_1_102' title='bbox 484 1912 708 1974; x_wconf 80' lang='lat' dir='ltr'><strong>Christi</strong></span> <span class='ocrx_word' id='word_1_103' title='bbox 741 1912 1176 1974; x_wconf 84' lang='lat' dir='ltr'><strong>confessionem</strong></span> <span class='ocrx_word' id='word_1_104' title='bbox 1207 1911 1266 1972; x_wconf 88' lang='lat' dir='ltr'><strong>in</strong></span> <span class='ocrx_word' id='word_1_105' title='bbox 1302 1912 1719 1992; x_wconf 82' lang='lat' dir='ltr'><strong>persecutione</strong></span> <span class='ocrx_word' id='word_1_106' title='bbox 1749 1911 1876 1971; x_wconf 86' lang='lat' dir='ltr'><strong>Ma-</strong></span> 
     </span>
    </p>
   </div>
   <div class='ocr_carea' id='block_1_14' title="bbox 250 1999 1870 2082">
    <p class='ocr_par' dir='ltr' id='par_1_14' title="bbox 250 1999 1870 2082">
     <span class='ocr_line' id='line_1_14' title="bbox 250 1999 1870 2082; baseline 0 -22"><span class='ocrx_word' id='word_1_107' title='bbox 250 2000 483 2076; x_wconf 81' lang='lat' dir='ltr'><strong>ximini;</strong></span> <span class='ocrx_word' id='word_1_108' title='bbox 515 2002 906 2082; x_wconf 69' lang='lat' dir='ltr'><strong>sepultusque</strong></span> <span class='ocrx_word' id='word_1_109' title='bbox 959 2012 1056 2064; x_wconf 88' lang='lat' dir='ltr'><strong>est</strong></span> <span class='ocrx_word' id='word_1_110' title='bbox 1105 2001 1454 2080; x_wconf 85' lang='lat' dir='ltr'><strong>Helenopoli</strong></span> <span class='ocrx_word' id='word_1_111' title='bbox 1497 1999 1806 2079; x_wconf 88' lang='lat' dir='ltr'><strong>Bithynia.</strong></span> <span class='ocrx_word' id='word_1_112' title='bbox 1850 2023 1870 2054; x_wconf 77' lang='grc' dir='ltr'><strong>ι</strong></span> 
     </span>
    </p>
   </div>
   <div class='ocr_carea' id='block_1_15' title="bbox 253 2088 1873 2172">
    <p class='ocr_par' dir='ltr' id='par_1_15' title="bbox 253 2088 1873 2172">
     <span class='ocr_line' id='line_1_15' title="bbox 253 2088 1873 2172; baseline -0.002 -20"><span class='ocrx_word' id='word_1_113' title='bbox 253 2089 456 2152; x_wconf 88' lang='lat' dir='ltr'><strong>Eadem</strong></span> <span class='ocrx_word' id='word_1_114' title='bbox 487 2090 615 2153; x_wconf 80' lang='lat' dir='ltr'><strong>fere</strong></span> <span class='ocrx_word' id='word_1_115' title='bbox 647 2091 721 2152; x_wconf 92' lang='lat' dir='ltr'><strong>de</strong></span> <span class='ocrx_word' id='word_1_116' title='bbox 773 2109 842 2153; x_wconf 91' lang='lat' dir='ltr'><strong>eo</strong></span> <span class='ocrx_word' id='word_1_117' title='bbox 888 2090 1210 2172; x_wconf 90' lang='lat' dir='ltr'><strong>pradicant</strong></span> <span class='ocrx_word' id='word_1_118' title='bbox 1242 2091 1509 2152; x_wconf 91' lang='lat' dir='ltr'><strong>Bellinus</strong></span> <span class='ocrx_word' id='word_1_119' title='bbox 1551 2090 1628 2152; x_wconf 87' lang='lat' dir='ltr'><strong>de</strong></span> <span class='ocrx_word' id='word_1_120' title='bbox 1653 2088 1873 2162; x_wconf 84' lang='lat' dir='ltr'><strong>Padua,</strong></span> 
     </span>
    </p>
   </div>
   <div class='ocr_carea' id='block_1_16' title="bbox 252 2176 1878 2260">
    <p class='ocr_par' dir='ltr' id='par_1_16' title="bbox 252 2176 1878 2260">
     <span class='ocr_line' id='line_1_16' title="bbox 252 2176 1878 2260; baseline -0.001 -21"><span class='ocrx_word' id='word_1_121' title='bbox 252 2186 304 2239; x_wconf 91' lang='lat' dir='ltr'><strong>et</strong></span> <span class='ocrx_word' id='word_1_122' title='bbox 327 2178 802 2260; x_wconf 83' lang='lat' dir='ltr'><strong>Martyrologium</strong></span> <span class='ocrx_word' id='word_1_123' title='bbox 838 2179 1194 2254; x_wconf 80' lang='lat' dir='ltr'><strong>Romanum,</strong></span> <span class='ocrx_word' id='word_1_124' title='bbox 1252 2179 1364 2240; x_wconf 91' lang='lat' dir='ltr'><strong>nisi</strong></span> <span class='ocrx_word' id='word_1_125' title='bbox 1415 2178 1572 2260; x_wconf 90' lang='lat' dir='ltr'><strong>quod</strong></span> <span class='ocrx_word' id='word_1_126' title='bbox 1621 2197 1736 2240; x_wconf 82' lang='lat' dir='ltr'><strong>non</strong></span> <span class='ocrx_word' id='word_1_127' title='bbox 1768 2176 1878 2240; x_wconf 86' lang='lat' dir='ltr'><strong>sub</strong></span> 
     </span>
    </p>
   </div>
   <div class='ocr_carea' id='block_1_17' title="bbox 254 2268 1874 2349">
    <p class='ocr_par' dir='ltr' id='par_1_17' title="bbox 254 2268 1874 2349">
     <span class='ocr_line' id='line_1_17' title="bbox 254 2268 1874 2349; baseline -0.002 -19"><span class='ocrx_word' id='word_1_128' title='bbox 254 2269 594 2345; x_wconf 78' lang='lat' dir='ltr'><strong>Maximino,</strong></span> <span class='ocrx_word' id='word_1_129' title='bbox 628 2271 732 2331; x_wconf 86' lang='lat' dir='ltr'><strong>sed</strong></span> <span class='ocrx_word' id='word_1_130' title='bbox 777 2270 884 2331; x_wconf 92' lang='lat' dir='ltr'><strong>sub</strong></span> <span class='ocrx_word' id='word_1_131' title='bbox 936 2268 1293 2330; x_wconf 85' lang='lat' dir='ltr'><strong>Maximiano</strong></span> <span class='ocrx_word' id='word_1_132' title='bbox 1345 2287 1583 2349; x_wconf 90' lang='lat' dir='ltr'><strong>passum</strong></span> <span class='ocrx_word' id='word_1_133' title='bbox 1633 2268 1874 2343; x_wconf 83' lang='lat' dir='ltr'><strong>volunt;</strong></span> 
     </span>
    </p>
   </div>
   <div class='ocr_carea' id='block_1_18' title="bbox 1964 1078 3604 1163">
    <p class='ocr_par' dir='ltr' id='par_1_18' title="bbox 1964 1078 3604 1163">
     <span class='ocr_line' id='line_1_18' title="bbox 1964 1078 3604 1163; baseline 0.009 -23"><span class='ocrx_word' id='word_1_134' title='bbox 1964 1079 2235 1160; x_wconf 84' lang='lat' dir='ltr'><strong>gulorum</strong></span> <span class='ocrx_word' id='word_1_135' title='bbox 2267 1078 2374 1144; x_wconf 92' lang='lat' dir='ltr'><strong>SS.</strong></span> <span class='ocrx_word' id='word_1_136' title='bbox 2403 1079 2622 1159; x_wconf 89' lang='lat' dir='ltr'><strong>scripta</strong></span> <span class='ocrx_word' id='word_1_137' title='bbox 2660 1084 3024 1163; x_wconf 84' lang='lat' dir='ltr'><strong>expendere,</strong></span> <span class='ocrx_word' id='word_1_138' title='bbox 3066 1087 3205 1149; x_wconf 90' lang='lat' dir='ltr'><strong>dum</strong></span> <span class='ocrx_word' id='word_1_139' title='bbox 3238 1078 3473 1151; x_wconf 87' lang='lat' dir='ltr'><strong>constet</strong></span> <span class='ocrx_word' id='word_1_140' title='bbox 3500 1109 3604 1154; x_wconf 90' lang='lat' dir='ltr'><strong>eos</strong></span> 
     </span>
    </p>
   </div>
   <div class='ocr_carea' id='block_1_19' title="bbox 1965 1169 3603 1257">
    <p class='ocr_par' dir='ltr' id='par_1_19' title="bbox 1965 1169 3603 1257">
     <span class='ocr_line' id='line_1_19' title="bbox 1965 1169 3603 1257; baseline 0.008 -28"><span class='ocrx_word' id='word_1_141' title='bbox 1965 1169 2025 1230; x_wconf 89' lang='lat' dir='ltr'><strong>in</strong></span> <span class='ocrx_word' id='word_1_142' title='bbox 2059 1169 2348 1232; x_wconf 88' lang='lat' dir='ltr'><strong>catholica</strong></span> <span class='ocrx_word' id='word_1_143' title='bbox 2395 1169 2515 1232; x_wconf 92' lang='lat' dir='ltr'><strong>ﬁde</strong></span> <span class='ocrx_word' id='word_1_144' title='bbox 2567 1189 2698 1233; x_wconf 88' lang='lat' dir='ltr'><strong>esse</strong></span> <span class='ocrx_word' id='word_1_145' title='bbox 2750 1186 3015 1236; x_wconf 78' lang='lat' dir='ltr'><strong>mortuos</strong></span> <span class='ocrx_word' id='word_1_146' title='bbox 3047 1184 3220 1257; x_wconf 90' lang='lat' dir='ltr'><strong>atque</strong></span> <span class='ocrx_word' id='word_1_147' title='bbox 3250 1179 3309 1238; x_wconf 92' lang='lat' dir='ltr'><strong>in</strong></span> <span class='ocrx_word' id='word_1_148' title='bbox 3341 1179 3603 1242; x_wconf 84' lang='lat' dir='ltr'><strong>calitum</strong></span> 
     </span>
    </p>
   </div>
   <div class='ocr_carea' id='block_1_20' title="bbox 1967 1258 3604 1336">
    <p class='ocr_par' dir='ltr' id='par_1_20' title="bbox 1967 1258 3604 1336">
     <span class='ocr_line' id='line_1_20' title="bbox 1967 1258 3604 1336; baseline 0.007 -17"><span class='ocrx_word' id='word_1_149' title='bbox 1967 1276 2224 1320; x_wconf 88' lang='lat' dir='ltr'><strong>numero</strong></span> <span class='ocrx_word' id='word_1_150' title='bbox 2252 1258 2327 1320; x_wconf 91' lang='lat' dir='ltr'><strong>ab</strong></span> <span class='ocrx_word' id='word_1_151' title='bbox 2356 1259 2631 1322; x_wconf 87' lang='lat' dir='ltr'><strong>Ecclesia</strong></span> <span class='ocrx_word' id='word_1_152' title='bbox 2662 1264 2922 1336; x_wconf 90' lang='lat' dir='ltr'><strong>censeri,</strong></span> <span class='ocrx_word' id='word_1_153' title='bbox 2969 1264 3026 1325; x_wconf 88' lang='lat' dir='ltr'><strong>id</strong></span> <span class='ocrx_word' id='word_1_154' title='bbox 3077 1265 3254 1327; x_wconf 88' lang='lat' dir='ltr'><strong>verbo</strong></span> <span class='ocrx_word' id='word_1_155' title='bbox 3280 1268 3470 1329; x_wconf 91' lang='lat' dir='ltr'><strong>solum</strong></span> <span class='ocrx_word' id='word_1_156' title='bbox 3504 1269 3604 1330; x_wconf 93' lang='lat' dir='ltr'><strong>hic</strong></span> 
     </span>
    </p>
   </div>
   <div class='ocr_carea' id='block_1_21' title="bbox 1966 1347 3604 1432">
    <p class='ocr_par' dir='ltr' id='par_1_21' title="bbox 1966 1347 3604 1432">
     <span class='ocr_line' id='line_1_21' title="bbox 1966 1347 3604 1432; baseline 0.006 -23"><span class='ocrx_word' id='word_1_157' title='bbox 1966 1347 2366 1427; x_wconf 79' lang='lat' dir='ltr'><strong>attingemus;</strong></span> <span class='ocrx_word' id='word_1_158' title='bbox 2399 1349 2728 1430; x_wconf 85' lang='lat' dir='ltr'><strong>prasertim</strong></span> <span class='ocrx_word' id='word_1_159' title='bbox 2763 1370 2897 1412; x_wconf 91' lang='lat' dir='ltr'><strong>cum</strong></span> <span class='ocrx_word' id='word_1_160' title='bbox 2949 1351 3007 1413; x_wconf 91' lang='lat' dir='ltr'><strong>id</strong></span> <span class='ocrx_word' id='word_1_161' title='bbox 3061 1353 3296 1432; x_wconf 86' lang='lat' dir='ltr'><strong>plenius</strong></span> <span class='ocrx_word' id='word_1_162' title='bbox 3336 1365 3604 1419; x_wconf 91' lang='lat' dir='ltr'><strong>acturum</strong></span> 
     </span>
    </p>
   </div>
   <div class='ocr_carea' id='block_1_22' title="bbox 1965 1436 3602 1524">
    <p class='ocr_par' dir='ltr' id='par_1_22' title="bbox 1965 1436 3602 1524">
     <span class='ocr_line' id='line_1_22' title="bbox 1965 1436 3602 1524; baseline 0.008 -28"><span class='ocrx_word' id='word_1_163' title='bbox 1965 1455 2098 1499; x_wconf 77' lang='lat' dir='ltr'><strong>esse</strong></span> <span class='ocrx_word' id='word_1_164' title='bbox 2122 1436 2386 1500; x_wconf 82' lang='lat' dir='ltr'><strong>sciamus</strong></span> <span class='ocrx_word' id='word_1_165' title='bbox 2410 1439 2646 1500; x_wconf 88' lang='lat' dir='ltr'><strong>Petrum</strong></span> <span class='ocrx_word' id='word_1_166' title='bbox 2667 1438 2901 1503; x_wconf 85' lang='lat' dir='ltr'><strong>Halloix</strong></span> <span class='ocrx_word' id='word_1_167' title='bbox 2927 1454 3196 1504; x_wconf 88' lang='lat' dir='ltr'><strong>nostrum</strong></span> <span class='ocrx_word' id='word_1_168' title='bbox 3223 1464 3238 1524; x_wconf 86' lang='lat'><strong>;</strong></span> <span class='ocrx_word' id='word_1_169' title='bbox 3272 1445 3369 1506; x_wconf 90' lang='lat' dir='ltr'><strong>cui</strong></span> <span class='ocrx_word' id='word_1_170' title='bbox 3393 1446 3602 1508; x_wconf 88' lang='lat' dir='ltr'><strong>erudi-</strong></span> 
     </span>
    </p>
   </div>
   <div class='ocr_carea' id='block_1_23' title="bbox 1965 1526 3608 1608">
    <p class='ocr_par' dir='ltr' id='par_1_23' title="bbox 1965 1526 3608 1608">
     <span class='ocr_line' id='line_1_23' title="bbox 1965 1526 3608 1608; baseline 0.007 -22"><span class='ocrx_word' id='word_1_171' title='bbox 1965 1526 2190 1588; x_wconf 91' lang='lat' dir='ltr'><strong>tissimo</strong></span> <span class='ocrx_word' id='word_1_172' title='bbox 2223 1527 2344 1588; x_wconf 90' lang='lat' dir='ltr'><strong>viro</strong></span> <span class='ocrx_word' id='word_1_173' title='bbox 2376 1545 2590 1608; x_wconf 88' lang='lat' dir='ltr'><strong>precor</strong></span> <span class='ocrx_word' id='word_1_174' title='bbox 2622 1535 2684 1589; x_wconf 92' lang='lat' dir='ltr'><strong>ut</strong></span> <span class='ocrx_word' id='word_1_175' title='bbox 2715 1529 2931 1592; x_wconf 82' lang='lat' dir='ltr'><strong>multos</strong></span> <span class='ocrx_word' id='word_1_176' title='bbox 2964 1530 3122 1594; x_wconf 91' lang='lat' dir='ltr'><strong>Deus</strong></span> <span class='ocrx_word' id='word_1_177' title='bbox 3164 1533 3390 1596; x_wconf 88' lang='lat' dir='ltr'><strong>addere</strong></span> <span class='ocrx_word' id='word_1_178' title='bbox 3417 1553 3608 1598; x_wconf 87' lang='lat' dir='ltr'><strong>annos</strong></span> 
     </span>
    </p>
   </div>
   <div class='ocr_carea' id='block_1_24' title="bbox 1960 1615 3607 1706">
    <p class='ocr_par' dir='ltr' id='par_1_24' title="bbox 1960 1615 3607 1706">
     <span class='ocr_line' id='line_1_24' title="bbox 1960 1615 3607 1706; baseline 0.007 -32"><span class='ocrx_word' id='word_1_179' title='bbox 1960 1618 2125 1680; x_wconf 87' lang='lat' dir='ltr'><strong>velit.</strong></span> <span class='ocrx_word' id='word_1_180' title='bbox 2163 1615 2308 1679; x_wconf 89' lang='lat' dir='ltr'><strong>Nam</strong></span> <span class='ocrx_word' id='word_1_181' title='bbox 2341 1637 2473 1698; x_wconf 86' lang='lat' dir='ltr'><strong>qua</strong></span> <span class='ocrx_word' id='word_1_182' title='bbox 2496 1619 2821 1700; x_wconf 87' lang='lat' dir='ltr'><strong>ediditjam</strong></span> <span class='ocrx_word' id='word_1_183' title='bbox 2847 1620 2922 1684; x_wconf 90' lang='lat' dir='ltr'><strong>de</strong></span> <span class='ocrx_word' id='word_1_184' title='bbox 2957 1622 3308 1686; x_wconf 89' lang='lat' dir='ltr'><strong>Sanctorum</strong></span> <span class='ocrx_word' id='word_1_185' title='bbox 3343 1623 3607 1706; x_wconf 65' lang='lat' dir='ltr'><strong>scripto-</strong></span> 
     </span>
    </p>
   </div>
   <div class='ocr_carea' id='block_1_25' title="bbox 1960 1706 3607 1791">
    <p class='ocr_par' dir='ltr' id='par_1_25' title="bbox 1960 1706 3607 1791">
     <span class='ocr_line' id='line_1_25' title="bbox 1960 1706 3607 1791; baseline 0.006 -25"><span class='ocrx_word' id='word_1_186' title='bbox 1960 1724 2090 1768; x_wconf 92' lang='lat' dir='ltr'><strong>rum</strong></span> <span class='ocrx_word' id='word_1_187' title='bbox 2153 1707 2439 1768; x_wconf 86' lang='lat' dir='ltr'><strong>Ecclesia</strong></span> <span class='ocrx_word' id='word_1_188' title='bbox 2487 1706 2810 1772; x_wconf 85' lang='lat' dir='ltr'><strong>Orientalis</strong></span> <span class='ocrx_word' id='word_1_189' title='bbox 2845 1711 3025 1773; x_wconf 88' lang='lat' dir='ltr'><strong>rebus</strong></span> <span class='ocrx_word' id='word_1_190' title='bbox 3071 1713 3254 1791; x_wconf 89' lang='lat' dir='ltr'><strong>gestis</strong></span> <span class='ocrx_word' id='word_1_191' title='bbox 3281 1715 3607 1789; x_wconf 88' lang='lat' dir='ltr'><strong>volumina,</strong></span> 
     </span>
    </p>
   </div>
   <div class='ocr_carea' id='block_1_26' title="bbox 1961 1795 3608 1884">
    <p class='ocr_par' dir='ltr' id='par_1_26' title="bbox 1961 1795 3608 1884">
     <span class='ocr_line' id='line_1_26' title="bbox 1961 1795 3608 1884; baseline 0.007 -30"><span class='ocrx_word' id='word_1_192' title='bbox 1961 1804 2082 1858; x_wconf 90' lang='lat' dir='ltr'><strong>tum</strong></span> <span class='ocrx_word' id='word_1_193' title='bbox 2111 1804 2317 1858; x_wconf 87' lang='lat' dir='ltr'><strong>sancto</strong></span> <span class='ocrx_word' id='word_1_194' title='bbox 2343 1795 2427 1858; x_wconf 86' lang='lat' dir='ltr'><strong>illi</strong></span> <span class='ocrx_word' id='word_1_195' title='bbox 2451 1796 2831 1860; x_wconf 90' lang='lat' dir='ltr'><strong>Latiensium</strong></span> <span class='ocrx_word' id='word_1_196' title='bbox 2858 1799 3058 1863; x_wconf 88' lang='lat' dir='ltr'><strong>abbati</strong></span> <span class='ocrx_word' id='word_1_197' title='bbox 3083 1803 3346 1865; x_wconf 87' lang='lat' dir='ltr'><strong>Antonio</strong></span> <span class='ocrx_word' id='word_1_198' title='bbox 3369 1802 3608 1884; x_wconf 83' lang='lat' dir='ltr'><strong>Wingio</strong></span> 
     </span>
    </p>
   </div>
   <div class='ocr_carea' id='block_1_27' title="bbox 1961 1884 3606 1967">
    <p class='ocr_par' dir='ltr' id='par_1_27' title="bbox 1961 1884 3606 1967">
     <span class='ocr_line' id='line_1_27' title="bbox 1961 1884 3606 1967; baseline 0.005 -21"><span class='ocrx_word' id='word_1_199' title='bbox 1961 1885 2214 1947; x_wconf 88' lang='lat' dir='ltr'><strong>miriﬁce</strong></span> <span class='ocrx_word' id='word_1_200' title='bbox 2258 1884 2528 1967; x_wconf 88' lang='lat' dir='ltr'><strong>probata,</strong></span> <span class='ocrx_word' id='word_1_201' title='bbox 2587 1894 2708 1948; x_wconf 89' lang='lat' dir='ltr'><strong>tum</strong></span> <span class='ocrx_word' id='word_1_202' title='bbox 2741 1889 2814 1950; x_wconf 91' lang='lat' dir='ltr'><strong>ab</strong></span> <span class='ocrx_word' id='word_1_203' title='bbox 2846 1889 2978 1952; x_wconf 90' lang='lat' dir='ltr'><strong>aliis</strong></span> <span class='ocrx_word' id='word_1_204' title='bbox 3008 1891 3150 1952; x_wconf 90' lang='lat' dir='ltr'><strong>viris</strong></span> <span class='ocrx_word' id='word_1_205' title='bbox 3181 1891 3486 1954; x_wconf 90' lang='lat' dir='ltr'><strong>eruditiss.</strong></span> <span class='ocrx_word' id='word_1_206' title='bbox 3521 1893 3606 1954; x_wconf 89' lang='lat' dir='ltr'><strong>ita</strong></span> 
     </span>
    </p>
   </div>
   <div class='ocr_carea' id='block_1_28' title="bbox 1961 1973 3608 2062">
    <p class='ocr_par' dir='ltr' id='par_1_28' title="bbox 1961 1973 3608 2062">
     <span class='ocr_line' id='line_1_28' title="bbox 1961 1973 3608 2062; baseline 0.005 -28"><span class='ocrx_word' id='word_1_207' title='bbox 1961 1973 2190 2036; x_wconf 90' lang='lat' dir='ltr'><strong>laudari</strong></span> <span class='ocrx_word' id='word_1_208' title='bbox 2221 1984 2373 2052; x_wconf 88' lang='lat' dir='ltr'><strong>scto,</strong></span> <span class='ocrx_word' id='word_1_209' title='bbox 2405 1984 2468 2037; x_wconf 90' lang='lat' dir='ltr'><strong>ut</strong></span> <span class='ocrx_word' id='word_1_210' title='bbox 2499 1985 2674 2056; x_wconf 82' lang='lat' dir='ltr'><strong>neget</strong></span> <span class='ocrx_word' id='word_1_211' title='bbox 2704 1995 2768 2039; x_wconf 91' lang='lat' dir='ltr'><strong>se</strong></span> <span class='ocrx_word' id='word_1_212' title='bbox 2799 1979 2978 2040; x_wconf 90' lang='lat' dir='ltr'><strong>alium</strong></span> <span class='ocrx_word' id='word_1_213' title='bbox 3013 1981 3367 2062; x_wconf 88' lang='lat' dir='ltr'><strong>scriptorem</strong></span> <span class='ocrx_word' id='word_1_214' title='bbox 3395 1983 3608 2062; x_wconf 78' lang='lat' dir='ltr'><strong>majori</strong></span> 
     </span>
    </p>
   </div>
   <div class='ocr_carea' id='block_1_29' title="bbox 1963 2065 3607 2152">
    <p class='ocr_par' dir='ltr' id='par_1_29' title="bbox 1963 2065 3607 2152">
     <span class='ocr_line' id='line_1_29' title="bbox 1963 2065 3607 2152; baseline 0.004 -26"><span class='ocrx_word' id='word_1_215' title='bbox 1963 2065 2161 2141; x_wconf 80' lang='lat' dir='ltr'><strong>legere</strong></span> <span class='ocrx_word' id='word_1_216' title='bbox 2190 2065 2372 2126; x_wconf 90' lang='lat' dir='ltr'><strong>animi</strong></span> <span class='ocrx_word' id='word_1_217' title='bbox 2401 2065 2720 2146; x_wconf 83' lang='lat' dir='ltr'><strong>voluptate,</strong></span> <span class='ocrx_word' id='word_1_218' title='bbox 2747 2068 3038 2150; x_wconf 91' lang='lat' dir='ltr'><strong>quidquid</strong></span> <span class='ocrx_word' id='word_1_219' title='bbox 3061 2071 3242 2152; x_wconf 88' lang='lat' dir='ltr'><strong>aliqui</strong></span> <span class='ocrx_word' id='word_1_220' title='bbox 3263 2090 3438 2135; x_wconf 86' lang='lat' dir='ltr'><strong>secus</strong></span> <span class='ocrx_word' id='word_1_221' title='bbox 3462 2090 3607 2134; x_wconf 91' lang='lat' dir='ltr'><strong>sen-</strong></span> 
     </span>
    </p>
   </div>
   <div class='ocr_carea' id='block_1_30' title="bbox 1964 2152 3464 2224">
    <p class='ocr_par' dir='ltr' id='par_1_30' title="bbox 1964 2152 3464 2224">
     <span class='ocr_line' id='line_1_30' title="bbox 1964 2152 3464 2224; baseline 0.007 -10"><span class='ocrx_word' id='word_1_222' title='bbox 1964 2152 2132 2215; x_wconf 90' lang='lat' dir='ltr'><strong>tiant.</strong></span> <span class='ocrx_word' id='word_1_223' title='bbox 2166 2153 2285 2217; x_wconf 91' lang='lat' dir='ltr'><strong>Sed</strong></span> <span class='ocrx_word' id='word_1_224' title='bbox 2307 2153 2378 2216; x_wconf 85' lang='lat' dir='ltr'><strong>ad</strong></span> <span class='ocrx_word' id='word_1_225' title='bbox 2411 2163 2679 2218; x_wconf 87' lang='lat' dir='ltr'><strong>sanctum</strong></span> <span class='ocrx_word' id='word_1_226' title='bbox 2714 2157 3042 2220; x_wconf 90' lang='lat' dir='ltr'><strong>Lucianum</strong></span> <span class='ocrx_word' id='word_1_227' title='bbox 3073 2169 3464 2224; x_wconf 84' lang='lat' dir='ltr'><strong>revertamur.</strong></span> 
     </span>
    </p>
   </div>
   <div class='ocr_carea' id='block_1_31' title="bbox 2008 2251 3604 2324">
    <p class='ocr_par' dir='ltr' id='par_1_31' title="bbox 2008 2251 3604 2324">
     <span class='ocr_line' id='line_1_31' title="bbox 2008 2251 3604 2324; baseline 0.008 -11"><span class='ocrx_word' id='word_1_228' title='bbox 2008 2269 2012 2272; x_wconf 89' lang='grc'><strong>·</strong></span> <span class='ocrx_word' id='word_1_229' title='bbox 2043 2253 2101 2313; x_wconf 90' lang='grc'><strong>5.</strong></span> <span class='ocrx_word' id='word_1_230' title='bbox 2139 2251 2282 2315; x_wconf 87' lang='lat' dir='ltr'><strong>Cum</strong></span> <span class='ocrx_word' id='word_1_231' title='bbox 2332 2253 2626 2316; x_wconf 87' lang='lat' dir='ltr'><strong>acerrime</strong></span> <span class='ocrx_word' id='word_1_232' title='bbox 2674 2254 3154 2320; x_wconf 88' lang='lat' dir='ltr'><strong>Sabellianorum</strong></span> <span class='ocrx_word' id='word_1_233' title='bbox 3188 2277 3426 2323; x_wconf 90' lang='lat' dir='ltr'><strong>errores</strong></span> <span class='ocrx_word' id='word_1_234' title='bbox 3455 2280 3604 2324; x_wconf 87' lang='lat' dir='ltr'><strong>con-</strong></span> 
     </span>
    </p>
   </div>
   <div class='ocr_carea' id='block_1_32' title="bbox 253 2341 3610 2438">
    <p class='ocr_par' dir='ltr' id='par_1_32' title="bbox 253 2341 3610 2438">
     <span class='ocr_line' id='line_1_32' title="bbox 253 2341 3610 2438; baseline 0.004 -22"><span class='ocrx_word' id='word_1_235' title='bbox 253 2355 352 2418; x_wconf 80' lang='lat' dir='ltr'><strong>sub</strong></span> <span class='ocrx_word' id='word_1_236' title='bbox 380 2341 698 2420; x_wconf 74' lang='lat' dir='ltr'><strong>Maximino</strong></span> <span class='ocrx_word' id='word_1_237' title='bbox 725 2376 962 2438; x_wconf 89' lang='lat' dir='ltr'><strong>passum</strong></span> <span class='ocrx_word' id='word_1_238' title='bbox 992 2357 1213 2421; x_wconf 87' lang='lat' dir='ltr'><strong>habent</strong></span> <span class='ocrx_word' id='word_1_239' title='bbox 1233 2341 1392 2421; x_wconf 79' lang='lat' dir='ltr'><strong>Beda</strong></span> <span class='ocrx_word' id='word_1_240' title='bbox 1417 2367 1474 2419; x_wconf 92' lang='lat' dir='ltr'><strong>et</strong></span> <span class='ocrx_word' id='word_1_241' title='bbox 1504 2357 1630 2421; x_wconf 84' lang='lat' dir='ltr'><strong>Ado</strong></span> <span class='ocrx_word' id='word_1_242' title='bbox 1654 2341 1878 2418; x_wconf 81' lang='lat' dir='ltr'><strong>excusi.</strong></span> <span class='ocrx_word' id='word_1_243' title='bbox 1907 2351 1941 2400; x_wconf 77' lang='grc' dir='ltr'><strong>Β</strong></span> <span class='ocrx_word' id='word_1_244' title='bbox 1966 2342 2182 2403; x_wconf 60' lang='lat' dir='ltr'><strong>marci</strong></span> <span class='ocrx_word' id='word_1_245' title='bbox 2213 2341 2789 2438; x_wconf 50' lang='lat' dir='ltr'><strong>‘109i3“}133_3rd9&#39;e</strong></span> <span class='ocrx_word' id='word_1_246' title='bbox 2822 2346 3238 2438; x_wconf 56' lang='lat' dir='ltr'><strong>disputationi$</strong></span> <span class='ocrx_word' id='word_1_247' title='bbox 3259 2367 3330 2410; x_wconf 79' lang='grc' dir='ltr'>θο</span> <span class='ocrx_word' id='word_1_248' title='bbox 3355 2357 3444 2410; x_wconf 62' lang='grc' dir='ltr'><strong>θεῖ</strong></span> <span class='ocrx_word' id='word_1_249' title='bbox 3475 2369 3610 2430; x_wconf 66' lang='grc' dir='ltr'><strong>Ρτο·</strong></span> 
     </span>
    </p>
   </div>
   <div class='ocr_carea' id='block_1_33' title="bbox 323 2445 1881 2528">
    <p class='ocr_par' dir='ltr' id='par_1_33' title="bbox 323 2445 1881 2528">
     <span class='ocr_line' id='line_1_33' title="bbox 323 2445 1881 2528; baseline -0.003 -18"><span class='ocrx_word' id='word_1_250' title='bbox 323 2448 621 2510; x_wconf 83' lang='lat' dir='ltr'><strong>Prolixius</strong></span> <span class='ocrx_word' id='word_1_251' title='bbox 653 2449 781 2528; x_wconf 89' lang='lat' dir='ltr'><strong>ejus</strong></span> <span class='ocrx_word' id='word_1_252' title='bbox 811 2448 1066 2526; x_wconf 84' lang='lat' dir='ltr'><strong>elogium</strong></span> <span class='ocrx_word' id='word_1_253' title='bbox 1096 2449 1169 2509; x_wconf 87' lang='lat' dir='ltr'><strong>ab</strong></span> <span class='ocrx_word' id='word_1_254' title='bbox 1193 2448 1363 2519; x_wconf 78' lang='lat' dir='ltr'><strong>aclis,</strong></span> <span class='ocrx_word' id='word_1_255' title='bbox 1389 2447 1693 2528; x_wconf 85' lang='lat' dir='ltr'><strong>quainfra</strong></span> <span class='ocrx_word' id='word_1_256' title='bbox 1720 2445 1881 2509; x_wconf 85' lang='lat' dir='ltr'><strong>dabi-</strong></span> 
     </span>
    </p>
   </div>
   <div class='ocr_carea' id='block_1_34' title="bbox 255 2536 1875 2618">
    <p class='ocr_par' dir='ltr' id='par_1_34' title="bbox 255 2536 1875 2618">
     <span class='ocr_line' id='line_1_34' title="bbox 255 2536 1875 2618; baseline 0.001 -21"><span class='ocrx_word' id='word_1_257' title='bbox 255 2555 392 2612; x_wconf 89' lang='lat' dir='ltr'><strong>mus,</strong></span> <span class='ocrx_word' id='word_1_258' title='bbox 425 2537 670 2618; x_wconf 90' lang='lat' dir='ltr'><strong>paulum</strong></span> <span class='ocrx_word' id='word_1_259' title='bbox 701 2537 1264 2618; x_wconf 88' lang='lat' dir='ltr'><strong>discrepans,habet</strong></span> <span class='ocrx_word' id='word_1_260' title='bbox 1289 2536 1608 2612; x_wconf 90' lang='lat' dir='ltr'><strong>Notkerus,</strong></span> <span class='ocrx_word' id='word_1_261' title='bbox 1645 2545 1702 2597; x_wconf 92' lang='lat' dir='ltr'><strong>et</strong></span> <span class='ocrx_word' id='word_1_262' title='bbox 1734 2553 1875 2598; x_wconf 91' lang='lat' dir='ltr'><strong>mss.</strong></span> 
     </span>
    </p>
   </div>
   <div class='ocr_carea' id='block_1_35' title="bbox 254 2625 1882 2706">
    <p class='ocr_par' dir='ltr' id='par_1_35' title="bbox 254 2625 1882 2706">
     <span class='ocr_line' id='line_1_35' title="bbox 254 2625 1882 2706; baseline -0.002 -18"><span class='ocrx_word' id='word_1_263' title='bbox 254 2625 466 2688; x_wconf 86' lang='lat' dir='ltr'><strong>Adonis</strong></span> <span class='ocrx_word' id='word_1_264' title='bbox 487 2627 914 2706; x_wconf 84' lang='lat' dir='ltr'><strong>Martyrologia</strong></span> <span class='ocrx_word' id='word_1_265' title='bbox 946 2627 1444 2688; x_wconf 85' lang='lat' dir='ltr'><strong>monasteriorum</strong></span> <span class='ocrx_word' id='word_1_266' title='bbox 1479 2628 1538 2689; x_wconf 95' lang='grc'><strong>8.</strong></span> <span class='ocrx_word' id='word_1_267' title='bbox 1576 2625 1882 2687; x_wconf 87' lang='lat' dir='ltr'><strong>Laurentii</strong></span> 
     </span>
    </p>
   </div>
   <div class='ocr_carea' id='block_1_36' title="bbox 253 2714 1880 2778">
    <p class='ocr_par' dir='ltr' id='par_1_36' title="bbox 253 2714 1880 2778">
     <span class='ocr_line' id='line_1_36' title="bbox 253 2714 1880 2778; baseline -0.001 -2"><span class='ocrx_word' id='word_1_268' title='bbox 253 2715 441 2776; x_wconf 88' lang='lat' dir='ltr'><strong>Leodii</strong></span> <span class='ocrx_word' id='word_1_269' title='bbox 471 2724 530 2778; x_wconf 90' lang='lat' dir='ltr'><strong>et</strong></span> <span class='ocrx_word' id='word_1_270' title='bbox 563 2714 916 2777; x_wconf 89' lang='lat' dir='ltr'><strong>Lobtensis:</strong></span> <span class='ocrx_word' id='word_1_271' title='bbox 953 2739 977 2772; x_wconf 79' lang='grc' dir='ltr'>ι</span> <span class='ocrx_word' id='word_1_272' title='bbox 1006 2714 1381 2778; x_wconf 86' lang='lat' dir='ltr'><strong>EtNativitas</strong></span> <span class='ocrx_word' id='word_1_273' title='bbox 1403 2717 1464 2778; x_wconf 94' lang='lat' dir='ltr'><strong>S.</strong></span> <span class='ocrx_word' id='word_1_274' title='bbox 1501 2714 1740 2776; x_wconf 86' lang='lat' dir='ltr'><strong>Luciani</strong></span> <span class='ocrx_word' id='word_1_275' title='bbox 1764 2718 1880 2776; x_wconf 87' lang='lat' dir='ltr'><strong>An-</strong></span> 
     </span>
    </p>
   </div>
   <div class='ocr_carea' id='block_1_37' title="bbox 258 2803 1884 2886">
    <p class='ocr_par' dir='ltr' id='par_1_37' title="bbox 258 2803 1884 2886">
     <span class='ocr_line' id='line_1_37' title="bbox 258 2803 1884 2886; baseline 0.001 -22"><span class='ocrx_word' id='word_1_276' title='bbox 258 2805 533 2867; x_wconf 87' lang='lat' dir='ltr'><strong>tiochena</strong></span> <span class='ocrx_word' id='word_1_277' title='bbox 547 2804 833 2867; x_wconf 88' lang='lat' dir='ltr'><strong>Ecclesia</strong></span> <span class='ocrx_word' id='word_1_278' title='bbox 853 2803 1210 2886; x_wconf 88' lang='lat' dir='ltr'><strong>presbyteri,</strong></span> <span class='ocrx_word' id='word_1_279' title='bbox 1231 2814 1288 2867; x_wconf 90' lang='lat' dir='ltr'><strong>et</strong></span> <span class='ocrx_word' id='word_1_280' title='bbox 1307 2803 1602 2884; x_wconf 81' lang='lat' dir='ltr'><strong>martyris,</strong></span> <span class='ocrx_word' id='word_1_281' title='bbox 1618 2803 1729 2864; x_wconf 92' lang='lat' dir='ltr'><strong>viri</strong></span> <span class='ocrx_word' id='word_1_282' title='bbox 1748 2803 1884 2865; x_wconf 85' lang='lat' dir='ltr'><strong>doc-</strong></span> 
     </span>
    </p>
   </div>
   <div class='ocr_carea' id='block_1_38' title="bbox 257 2891 1882 2975">
    <p class='ocr_par' dir='ltr' id='par_1_38' title="bbox 257 2891 1882 2975">
     <span class='ocr_line' id='line_1_38' title="bbox 257 2891 1882 2975; baseline -0.001 -20"><span class='ocrx_word' id='word_1_283' title='bbox 257 2894 454 2956; x_wconf 89' lang='lat' dir='ltr'><strong>tissimi</strong></span> <span class='ocrx_word' id='word_1_284' title='bbox 501 2905 686 2975; x_wconf 89' lang='lat' dir='ltr'><strong>atque</strong></span> <span class='ocrx_word' id='word_1_285' title='bbox 734 2894 1234 2975; x_wconf 87' lang='lat' dir='ltr'><strong>eloquentissimi,</strong></span> <span class='ocrx_word' id='word_1_286' title='bbox 1279 2894 1379 2974; x_wconf 93' lang='lat' dir='ltr'><strong>qui</strong></span> <span class='ocrx_word' id='word_1_287' title='bbox 1413 2893 1776 2956; x_wconf 90' lang='lat' dir='ltr'><strong>Nicomedia</strong></span> <span class='ocrx_word' id='word_1_288' title='bbox 1807 2891 1882 2954; x_wconf 92' lang='lat' dir='ltr'><strong>ob</strong></span> 
     </span>
    </p>
   </div>
   <div class='ocr_carea' id='block_1_39' title="bbox 257 2983 1885 3064">
    <p class='ocr_par' dir='ltr' id='par_1_39' title="bbox 257 2983 1885 3064">
     <span class='ocr_line' id='line_1_39' title="bbox 257 2983 1885 3064; baseline -0.001 -20"><span class='ocrx_word' id='word_1_289' title='bbox 257 2983 683 3045; x_wconf 76' lang='lat' dir='ltr'><strong>confessionem</strong></span> <span class='ocrx_word' id='word_1_290' title='bbox 719 2983 934 3046; x_wconf 86' lang='lat' dir='ltr'><strong>Christi</strong></span> <span class='ocrx_word' id='word_1_291' title='bbox 969 3001 1196 3064; x_wconf 88' lang='lat' dir='ltr'><strong>passus,</strong></span> <span class='ocrx_word' id='word_1_292' title='bbox 1233 2991 1293 3045; x_wconf 89' lang='lat' dir='ltr'><strong>et</strong></span> <span class='ocrx_word' id='word_1_293' title='bbox 1322 2983 1381 3044; x_wconf 92' lang='lat' dir='ltr'><strong>in</strong></span> <span class='ocrx_word' id='word_1_294' title='bbox 1414 2991 1668 3063; x_wconf 85' lang='lat' dir='ltr'><strong>quatuor</strong></span> <span class='ocrx_word' id='word_1_295' title='bbox 1691 2989 1885 3062; x_wconf 90' lang='lat' dir='ltr'><strong>partes</strong></span> 
     </span>
    </p>
   </div>
   <div class='ocr_carea' id='block_1_40' title="bbox 259 3070 1890 3153">
    <p class='ocr_par' dir='ltr' id='par_1_40' title="bbox 259 3070 1890 3153">
     <span class='ocr_line' id='line_1_40' title="bbox 259 3070 1890 3153; baseline -0.001 -21"><span class='ocrx_word' id='word_1_296' title='bbox 259 3072 534 3135; x_wconf 85' lang='lat' dir='ltr'><strong>dissectus</strong></span> <span class='ocrx_word' id='word_1_297' title='bbox 559 3080 669 3134; x_wconf 89' lang='lat' dir='ltr'><strong>est:</strong></span> <span class='ocrx_word' id='word_1_298' title='bbox 699 3072 914 3153; x_wconf 82' lang='lat' dir='ltr'><strong>quibus</strong></span> <span class='ocrx_word' id='word_1_299' title='bbox 937 3073 996 3134; x_wconf 90' lang='lat' dir='ltr'><strong>in</strong></span> <span class='ocrx_word' id='word_1_300' title='bbox 1021 3073 1270 3152; x_wconf 80' lang='lat' dir='ltr'><strong>singulis</strong></span> <span class='ocrx_word' id='word_1_301' title='bbox 1294 3070 1890 3152; x_wconf 88' lang='lat' dir='ltr'><strong>Iapidibusligatis,et</strong></span> 
     </span>
    </p>
   </div>
   <div class='ocr_carea' id='block_1_41' title="bbox 259 3159 1888 3242">
    <p class='ocr_par' dir='ltr' id='par_1_41' title="bbox 259 3159 1888 3242">
     <span class='ocr_line' id='line_1_41' title="bbox 259 3159 1888 3242; baseline 0 -21"><span class='ocrx_word' id='word_1_302' title='bbox 259 3161 311 3222; x_wconf 91' lang='lat' dir='ltr'><strong>in</strong></span> <span class='ocrx_word' id='word_1_303' title='bbox 332 3180 484 3224; x_wconf 86' lang='lat' dir='ltr'><strong>mare</strong></span> <span class='ocrx_word' id='word_1_304' title='bbox 501 3164 823 3237; x_wconf 87' lang='lat' dir='ltr'><strong>demersis,</strong></span> <span class='ocrx_word' id='word_1_305' title='bbox 851 3162 963 3224; x_wconf 91' lang='lat' dir='ltr'><strong>alia</strong></span> <span class='ocrx_word' id='word_1_306' title='bbox 982 3161 1078 3224; x_wconf 93' lang='lat' dir='ltr'><strong>die</strong></span> <span class='ocrx_word' id='word_1_307' title='bbox 1101 3161 1457 3242; x_wconf 87' lang='lat' dir='ltr'><strong>Helenopoli</strong></span> <span class='ocrx_word' id='word_1_308' title='bbox 1478 3159 1769 3241; x_wconf 88' lang='lat' dir='ltr'><strong>Bithynia</strong></span> <span class='ocrx_word' id='word_1_309' title='bbox 1789 3160 1888 3222; x_wconf 91' lang='lat' dir='ltr'><strong>in-</strong></span> 
     </span>
    </p>
   </div>
   <div class='ocr_carea' id='block_1_42' title="bbox 265 3251 1893 3333">
    <p class='ocr_par' dir='ltr' id='par_1_42' title="bbox 265 3251 1893 3333">
     <span class='ocr_line' id='line_1_42' title="bbox 265 3251 1893 3333; baseline 0 -22"><span class='ocrx_word' id='word_1_310' title='bbox 265 3262 472 3331; x_wconf 80' lang='lat' dir='ltr'><strong>tegrum</strong></span> <span class='ocrx_word' id='word_1_311' title='bbox 502 3269 723 3332; x_wconf 87' lang='lat' dir='ltr'><strong>corpus</strong></span> <span class='ocrx_word' id='word_1_312' title='bbox 747 3270 880 3313; x_wconf 88' lang='lat' dir='ltr'><strong>cum</strong></span> <span class='ocrx_word' id='word_1_313' title='bbox 902 3251 1048 3333; x_wconf 91' lang='lat' dir='ltr'><strong>ipsis</strong></span> <span class='ocrx_word' id='word_1_314' title='bbox 1071 3251 1366 3332; x_wconf 88' lang='lat' dir='ltr'><strong>lapidibus</strong></span> <span class='ocrx_word' id='word_1_315' title='bbox 1383 3251 1689 3312; x_wconf 84' lang='lat' dir='ltr'><strong>inventum</strong></span> <span class='ocrx_word' id='word_1_316' title='bbox 1709 3252 1893 3312; x_wconf 86' lang='lat' dir='ltr'><strong>hono-</strong></span> 
     </span>
    </p>
   </div>
   <div class='ocr_carea' id='block_1_43' title="bbox 261 3338 1891 3422">
    <p class='ocr_par' dir='ltr' id='par_1_43' title="bbox 261 3338 1891 3422">
     <span class='ocr_line' id='line_1_43' title="bbox 261 3338 1891 3422; baseline -0.001 -21"><span class='ocrx_word' id='word_1_317' title='bbox 261 3342 413 3404; x_wconf 89' lang='lat' dir='ltr'><strong>riﬁce</strong></span> <span class='ocrx_word' id='word_1_318' title='bbox 445 3341 746 3422; x_wconf 87' lang='lat' dir='ltr'><strong>sepultum</strong></span> <span class='ocrx_word' id='word_1_319' title='bbox 774 3349 886 3404; x_wconf 90' lang='lat' dir='ltr'><strong>est.</strong></span> <span class='ocrx_word' id='word_1_320' title='bbox 913 3341 1098 3414; x_wconf 86' lang='lat' dir='ltr'><strong>Quam</strong></span> <span class='ocrx_word' id='word_1_321' title='bbox 1132 3341 1365 3420; x_wconf 86' lang='lat' dir='ltr'><strong>urbem,</strong></span> <span class='ocrx_word' id='word_1_322' title='bbox 1391 3357 1523 3401; x_wconf 87' lang='lat' dir='ltr'><strong>cum</strong></span> <span class='ocrx_word' id='word_1_323' title='bbox 1546 3339 1707 3420; x_wconf 90' lang='lat' dir='ltr'><strong>prius</strong></span> <span class='ocrx_word' id='word_1_324' title='bbox 1737 3338 1891 3400; x_wconf 91' lang='lat' dir='ltr'><strong>Dre-</strong></span> 
     </span>
    </p>
   </div>
   <div class='ocr_carea' id='block_1_44' title="bbox 266 3428 1893 3510">
    <p class='ocr_par' dir='ltr' id='par_1_44' title="bbox 266 3428 1893 3510">
     <span class='ocr_line' id='line_1_44' title="bbox 266 3428 1893 3510; baseline -0.002 -18"><span class='ocrx_word' id='word_1_325' title='bbox 266 3449 400 3509; x_wconf 83' lang='lat' dir='ltr'><strong>pana</strong></span> <span class='ocrx_word' id='word_1_326' title='bbox 425 3438 769 3504; x_wconf 85' lang='lat' dir='ltr'><strong>vocaretur,</strong></span> <span class='ocrx_word' id='word_1_327' title='bbox 790 3430 849 3490; x_wconf 90' lang='lat' dir='ltr'><strong>in</strong></span> <span class='ocrx_word' id='word_1_328' title='bbox 867 3431 1154 3492; x_wconf 88' lang='lat' dir='ltr'><strong>honorem</strong></span> <span class='ocrx_word' id='word_1_329' title='bbox 1171 3430 1442 3510; x_wconf 88' lang='lat' dir='ltr'><strong>ejusdem</strong></span> <span class='ocrx_word' id='word_1_330' title='bbox 1461 3429 1730 3509; x_wconf 88' lang='lat' dir='ltr'><strong>martyris</strong></span> <span class='ocrx_word' id='word_1_331' title='bbox 1743 3428 1893 3490; x_wconf 87' lang='lat' dir='ltr'><strong>Con-</strong></span> 
     </span>
    </p>
   </div>
   <div class='ocr_carea' id='block_1_45' title="bbox 266 3518 1894 3601">
    <p class='ocr_par' dir='ltr' id='par_1_45' title="bbox 266 3518 1894 3601">
     <span class='ocr_line' id='line_1_45' title="bbox 266 3518 1894 3601; baseline -0.001 -21"><span class='ocrx_word' id='word_1_332' title='bbox 266 3520 539 3583; x_wconf 86' lang='lat' dir='ltr'><strong>stantinus</strong></span> <span class='ocrx_word' id='word_1_333' title='bbox 575 3521 902 3601; x_wconf 85' lang='lat' dir='ltr'><strong>imperator</strong></span> <span class='ocrx_word' id='word_1_334' title='bbox 926 3521 1296 3594; x_wconf 86' lang='lat' dir='ltr'><strong>instaurans,</strong></span> <span class='ocrx_word' id='word_1_335' title='bbox 1319 3539 1388 3582; x_wconf 80' lang='lat' dir='ltr'><strong>ex</strong></span> <span class='ocrx_word' id='word_1_336' title='bbox 1422 3519 1666 3582; x_wconf 88' lang='lat' dir='ltr'><strong>nomine</strong></span> <span class='ocrx_word' id='word_1_337' title='bbox 1691 3518 1894 3580; x_wconf 89' lang='lat' dir='ltr'><strong>matris</strong></span> 
     </span>
    </p>
   </div>
   <div class='ocr_carea' id='block_1_46' title="bbox 263 3609 1887 3690">
    <p class='ocr_par' dir='ltr' id='par_1_46' title="bbox 263 3609 1887 3690">
     <span class='ocr_line' id='line_1_46' title="bbox 263 3609 1887 3690; baseline -0.001 -20"><span class='ocrx_word' id='word_1_338' title='bbox 263 3627 371 3672; x_wconf 82' lang='lat' dir='ltr'><strong>sua</strong></span> <span class='ocrx_word' id='word_1_339' title='bbox 397 3612 813 3690; x_wconf 88' lang='lat' dir='ltr'><strong>Helenopolim</strong></span> <span class='ocrx_word' id='word_1_340' title='bbox 850 3611 1234 3690; x_wconf 86' lang='lat' dir='ltr'><strong>nuncupavit.</strong></span> <span class='ocrx_word' id='word_1_341' title='bbox 1266 3633 1288 3668; x_wconf 74' lang='grc' dir='ltr'><strong><em>υ</em></strong></span> <span class='ocrx_word' id='word_1_342' title='bbox 1327 3610 1549 3672; x_wconf 89' lang='lat' dir='ltr'><strong>Eadem</strong></span> <span class='ocrx_word' id='word_1_343' title='bbox 1592 3609 1716 3672; x_wconf 79' lang='lat' dir='ltr'><strong>fere</strong></span> <span class='ocrx_word' id='word_1_344' title='bbox 1745 3626 1887 3669; x_wconf 92' lang='lat' dir='ltr'><strong>mss.</strong></span> 
     </span>
    </p>
   </div>
   <div class='ocr_carea' id='block_1_47' title="bbox 1963 2431 3607 2516">
    <p class='ocr_par' dir='ltr' id='par_1_47' title="bbox 1963 2431 3607 2516">
     <span class='ocr_line' id='line_1_47' title="bbox 1963 2431 3607 2516; baseline 0.006 -27"><span class='ocrx_word' id='word_1_345' title='bbox 1963 2437 2186 2504; x_wconf 89' lang='lat' dir='ltr'><strong>vectus,</strong></span> <span class='ocrx_word' id='word_1_346' title='bbox 2224 2438 2286 2491; x_wconf 92' lang='lat' dir='ltr'><strong>ut</strong></span> <span class='ocrx_word' id='word_1_347' title='bbox 2318 2431 2490 2508; x_wconf 90' lang='lat' dir='ltr'><strong>paulo</strong></span> <span class='ocrx_word' id='word_1_348' title='bbox 2521 2431 2797 2494; x_wconf 90' lang='lat' dir='ltr'><strong>licentius</strong></span> <span class='ocrx_word' id='word_1_349' title='bbox 2850 2436 2909 2494; x_wconf 91' lang='lat' dir='ltr'><strong>in</strong></span> <span class='ocrx_word' id='word_1_350' title='bbox 2970 2437 3326 2497; x_wconf 84' lang='lat' dir='ltr'><strong>contrariam</strong></span> <span class='ocrx_word' id='word_1_351' title='bbox 3381 2446 3607 2516; x_wconf 86' lang='lat' dir='ltr'><strong>partem</strong></span> 
     </span>
    </p>
   </div>
   <div class='ocr_carea' id='block_1_48' title="bbox 1966 2519 3610 2601">
    <p class='ocr_par' dir='ltr' id='par_1_48' title="bbox 1966 2519 3610 2601">
     <span class='ocr_line' id='line_1_48' title="bbox 1966 2519 3610 2601; baseline 0.005 -21"><span class='ocrx_word' id='word_1_352' title='bbox 1966 2519 2334 2598; x_wconf 87' lang='lat' dir='ltr'><strong>inclinasset,</strong></span> <span class='ocrx_word' id='word_1_353' title='bbox 2369 2528 2426 2582; x_wconf 88' lang='lat' dir='ltr'><strong>et</strong></span> <span class='ocrx_word' id='word_1_354' title='bbox 2457 2538 2590 2581; x_wconf 90' lang='lat' dir='ltr'><strong>cum</strong></span> <span class='ocrx_word' id='word_1_355' title='bbox 2646 2519 2732 2581; x_wconf 92' lang='lat' dir='ltr'><strong>illi</strong></span> <span class='ocrx_word' id='word_1_356' title='bbox 2785 2540 3174 2601; x_wconf 89' lang='lat' dir='ltr'><strong>personarum</strong></span> <span class='ocrx_word' id='word_1_357' title='bbox 3236 2526 3295 2586; x_wconf 92' lang='lat' dir='ltr'><strong>in</strong></span> <span class='ocrx_word' id='word_1_358' title='bbox 3323 2526 3610 2589; x_wconf 90' lang='lat' dir='ltr'><strong>Trinitate</strong></span> 
     </span>
    </p>
   </div>
   <div class='ocr_carea' id='block_1_49' title="bbox 1967 2608 3608 2694">
    <p class='ocr_par' dir='ltr' id='par_1_49' title="bbox 1967 2608 3608 2694">
     <span class='ocr_line' id='line_1_49' title="bbox 1967 2608 3608 2694; baseline 0.005 -26"><span class='ocrx_word' id='word_1_359' title='bbox 1967 2608 2245 2670; x_wconf 90' lang='lat' dir='ltr'><strong>tollerent</strong></span> <span class='ocrx_word' id='word_1_360' title='bbox 2275 2626 2454 2670; x_wconf 87' lang='lat' dir='ltr'><strong>omne</strong></span> <span class='ocrx_word' id='word_1_361' title='bbox 2481 2609 2830 2684; x_wconf 89' lang='lat' dir='ltr'><strong>discrimen,</strong></span> <span class='ocrx_word' id='word_1_362' title='bbox 2881 2611 2963 2674; x_wconf 90' lang='lat' dir='ltr'><strong>ita</strong></span> <span class='ocrx_word' id='word_1_363' title='bbox 3009 2612 3137 2693; x_wconf 92' lang='lat' dir='ltr'><strong>ipse</strong></span> <span class='ocrx_word' id='word_1_364' title='bbox 3170 2632 3453 2694; x_wconf 87' lang='lat' dir='ltr'><strong>personas</strong></span> <span class='ocrx_word' id='word_1_365' title='bbox 3481 2615 3608 2677; x_wconf 92' lang='lat' dir='ltr'><strong>dis-</strong></span> 
     </span>
    </p>
   </div>
   <div class='ocr_carea' id='block_1_50' title="bbox 1965 2696 3610 2785">
    <p class='ocr_par' dir='ltr' id='par_1_50' title="bbox 1965 2696 3610 2785">
     <span class='ocr_line' id='line_1_50' title="bbox 1965 2696 3610 2785; baseline 0.006 -28"><span class='ocrx_word' id='word_1_366' title='bbox 1965 2696 2212 2757; x_wconf 88' lang='lat' dir='ltr'><strong>tinxisse</strong></span> <span class='ocrx_word' id='word_1_367' title='bbox 2244 2696 2402 2758; x_wconf 84' lang='lat' dir='ltr'><strong>visus</strong></span> <span class='ocrx_word' id='word_1_368' title='bbox 2434 2697 2532 2779; x_wconf 91' lang='lat' dir='ltr'><strong>sit,</strong></span> <span class='ocrx_word' id='word_1_369' title='bbox 2566 2708 2627 2760; x_wconf 91' lang='lat' dir='ltr'><strong>ut</strong></span> <span class='ocrx_word' id='word_1_370' title='bbox 2673 2699 2858 2780; x_wconf 90' lang='lat' dir='ltr'><strong>ipsam</strong></span> <span class='ocrx_word' id='word_1_371' title='bbox 2891 2702 3329 2781; x_wconf 89' lang='lat' dir='ltr'><strong>quodammodo</strong></span> <span class='ocrx_word' id='word_1_372' title='bbox 3359 2723 3610 2785; x_wconf 86' lang='lat' dir='ltr'><strong>separa-</strong></span> 
     </span>
    </p>
   </div>
   <div class='ocr_carea' id='block_1_51' title="bbox 1967 2785 3612 2876">
    <p class='ocr_par' dir='ltr' id='par_1_51' title="bbox 1967 2785 3612 2876">
     <span class='ocr_line' id='line_1_51' title="bbox 1967 2785 3612 2876; baseline 0.007 -30"><span class='ocrx_word' id='word_1_373' title='bbox 1967 2795 2059 2876; x_wconf 86' lang='lat' dir='ltr'><strong>ret</strong></span> <span class='ocrx_word' id='word_1_374' title='bbox 2117 2785 2530 2850; x_wconf 87' lang='lat' dir='ltr'><strong>substantiam.</strong></span> <span class='ocrx_word' id='word_1_375' title='bbox 2611 2787 2777 2861; x_wconf 89' lang='lat' dir='ltr'><strong>Quod</strong></span> <span class='ocrx_word' id='word_1_376' title='bbox 2853 2790 3011 2853; x_wconf 89' lang='lat' dir='ltr'><strong>idem</strong></span> <span class='ocrx_word' id='word_1_377' title='bbox 3070 2800 3275 2854; x_wconf 80' lang='lat' dir='ltr'><strong>sancto</strong></span> <span class='ocrx_word' id='word_1_378' title='bbox 3338 2793 3612 2876; x_wconf 91' lang='lat' dir='ltr'><strong>Dionysio</strong></span> 
     </span>
    </p>
   </div>
   <div class='ocr_carea' id='block_1_52' title="bbox 1967 2875 3612 2964">
    <p class='ocr_par' dir='ltr' id='par_1_52' title="bbox 1967 2875 3612 2964">
     <span class='ocr_line' id='line_1_52' title="bbox 1967 2875 3612 2964; baseline 0.003 -25"><span class='ocrx_word' id='word_1_379' title='bbox 1967 2875 2374 2939; x_wconf 88' lang='lat' dir='ltr'><strong>Alexandrino</strong></span> <span class='ocrx_word' id='word_1_380' title='bbox 2404 2877 2508 2955; x_wconf 91' lang='lat' dir='ltr'><strong>(de</strong></span> <span class='ocrx_word' id='word_1_381' title='bbox 2538 2897 2654 2958; x_wconf 86' lang='lat' dir='ltr'><strong>quo</strong></span> <span class='ocrx_word' id='word_1_382' title='bbox 2686 2880 2760 2940; x_wconf 78' lang='lat' dir='ltr'><strong>l7</strong></span> <span class='ocrx_word' id='word_1_383' title='bbox 2805 2881 3146 2956; x_wconf 61' lang='lat' dir='ltr'><strong>Noveme,</strong></span> <span class='ocrx_word' id='word_1_384' title='bbox 3198 2875 3612 2964; x_wconf 82' lang='lat' dir='ltr'><strong>adversusip-</strong></span> 
     </span>
    </p>
   </div>
   <div class='ocr_carea' id='block_1_53' title="bbox 1968 2965 3612 3053">
    <p class='ocr_par' dir='ltr' id='par_1_53' title="bbox 1968 2965 3612 3053">
     <span class='ocr_line' id='line_1_53' title="bbox 1968 2965 3612 3053; baseline 0.006 -27"><span class='ocrx_word' id='word_1_385' title='bbox 1968 2984 2097 3053; x_wconf 88' lang='lat' dir='ltr'><strong>sum</strong></span> <span class='ocrx_word' id='word_1_386' title='bbox 2122 2965 2319 3045; x_wconf 80' lang='lat' dir='ltr'><strong>agenti</strong></span> <span class='ocrx_word' id='word_1_387' title='bbox 2345 2965 2704 3045; x_wconf 89' lang='lat' dir='ltr'><strong>Sabellium,</strong></span> <span class='ocrx_word' id='word_1_388' title='bbox 2733 2981 3030 3032; x_wconf 84' lang='lat' dir='ltr'><strong>evenerat.</strong></span> <span class='ocrx_word' id='word_1_389' title='bbox 3062 2970 3132 3032; x_wconf 87' lang='lat' dir='ltr'><strong>Et</strong></span> <span class='ocrx_word' id='word_1_390' title='bbox 3154 2972 3308 3034; x_wconf 89' lang='lat' dir='ltr'><strong>sicut</strong></span> <span class='ocrx_word' id='word_1_391' title='bbox 3334 2973 3612 3053; x_wconf 88' lang='lat' dir='ltr'><strong>Dionysio</strong></span> 
     </span>
    </p>
   </div>
   <div class='ocr_carea' id='block_1_54' title="bbox 1969 3052 3610 3138">
    <p class='ocr_par' dir='ltr' id='par_1_54' title="bbox 1969 3052 3610 3138">
     <span class='ocr_line' id='line_1_54' title="bbox 1969 3052 3610 3138; baseline 0.005 -23"><span class='ocrx_word' id='word_1_392' title='bbox 1969 3052 2042 3115; x_wconf 90' lang='lat' dir='ltr'><strong>ab</strong></span> <span class='ocrx_word' id='word_1_393' title='bbox 2076 3053 2374 3134; x_wconf 89' lang='lat' dir='ltr'><strong>episcopis</strong></span> <span class='ocrx_word' id='word_1_394' title='bbox 2404 3053 2600 3136; x_wconf 88' lang='lat' dir='ltr'><strong>Libya</strong></span> <span class='ocrx_word' id='word_1_395' title='bbox 2631 3057 2954 3119; x_wconf 78' lang='lat' dir='ltr'><strong>exhibitum</strong></span> <span class='ocrx_word' id='word_1_396' title='bbox 2988 3067 3080 3120; x_wconf 87' lang='lat' dir='ltr'><strong>est</strong></span> <span class='ocrx_word' id='word_1_397' title='bbox 3111 3060 3436 3138; x_wconf 89' lang='lat' dir='ltr'><strong>negotium,</strong></span> <span class='ocrx_word' id='word_1_398' title='bbox 3461 3052 3610 3123; x_wconf 87' lang='lat' dir='ltr'><strong>adeo</strong></span> 
     </span>
    </p>
   </div>
   <div class='ocr_carea' id='block_1_55' title="bbox 1971 3145 3615 3230">
    <p class='ocr_par' dir='ltr' id='par_1_55' title="bbox 1971 3145 3615 3230">
     <span class='ocr_line' id='line_1_55' title="bbox 1971 3145 3615 3230; baseline 0.006 -27"><span class='ocrx_word' id='word_1_399' title='bbox 1971 3152 2034 3203; x_wconf 89' lang='lat' dir='ltr'><strong>ut</strong></span> <span class='ocrx_word' id='word_1_400' title='bbox 2082 3160 2318 3204; x_wconf 83' lang='lat' dir='ltr'><strong>causam</strong></span> <span class='ocrx_word' id='word_1_401' title='bbox 2374 3145 2710 3224; x_wconf 90' lang='lat' dir='ltr'><strong>oportuerit</strong></span> <span class='ocrx_word' id='word_1_402' title='bbox 2755 3149 2826 3208; x_wconf 90' lang='lat' dir='ltr'><strong>ad</strong></span> <span class='ocrx_word' id='word_1_403' title='bbox 2889 3149 3223 3212; x_wconf 81' lang='lat' dir='ltr'><strong>Romanum</strong></span> <span class='ocrx_word' id='word_1_404' title='bbox 3271 3150 3615 3230; x_wconf 78' lang='lat' dir='ltr'><strong>pontificem</strong></span> 
     </span>
    </p>
   </div>
   <div class='ocr_carea' id='block_1_56' title="bbox 1975 3231 3610 3318">
    <p class='ocr_par' dir='ltr' id='par_1_56' title="bbox 1975 3231 3610 3318">
     <span class='ocr_line' id='line_1_56' title="bbox 1975 3231 3610 3318; baseline 0.006 -26"><span class='ocrx_word' id='word_1_405' title='bbox 1975 3231 2220 3306; x_wconf 85' lang='lat' dir='ltr'><strong>deferri,</strong></span> <span class='ocrx_word' id='word_1_406' title='bbox 2245 3232 2280 3292; x_wconf 69' lang='grc' dir='ltr'>ὰ</span> <span class='ocrx_word' id='word_1_407' title='bbox 2310 3252 2424 3312; x_wconf 90' lang='lat' dir='ltr'><strong>quo</strong></span> <span class='ocrx_word' id='word_1_408' title='bbox 2458 3235 2620 3296; x_wconf 91' lang='lat' dir='ltr'><strong>omni</strong></span> <span class='ocrx_word' id='word_1_409' title='bbox 2653 3237 2902 3298; x_wconf 85' lang='lat' dir='ltr'><strong>haresis</strong></span> <span class='ocrx_word' id='word_1_410' title='bbox 2945 3239 3289 3318; x_wconf 87' lang='lat' dir='ltr'><strong>suspicione</strong></span> <span class='ocrx_word' id='word_1_411' title='bbox 3314 3248 3402 3301; x_wconf 90' lang='lat' dir='ltr'><strong>est</strong></span> <span class='ocrx_word' id='word_1_412' title='bbox 3430 3239 3610 3302; x_wconf 90' lang='lat' dir='ltr'><strong>abso-</strong></span> 
     </span>
    </p>
   </div>
   <div class='ocr_carea' id='block_1_57' title="bbox 1977 3321 3611 3406">
    <p class='ocr_par' dir='ltr' id='par_1_57' title="bbox 1977 3321 3611 3406">
     <span class='ocr_line' id='line_1_57' title="bbox 1977 3321 3611 3406; baseline 0.006 -25"><span class='ocrx_word' id='word_1_413' title='bbox 1977 3321 2174 3395; x_wconf 79' lang='lat' dir='ltr'><strong>lutus;</strong></span> <span class='ocrx_word' id='word_1_414' title='bbox 2211 3322 2295 3383; x_wconf 90' lang='lat' dir='ltr'><strong>ita</strong></span> <span class='ocrx_word' id='word_1_415' title='bbox 2325 3322 2621 3386; x_wconf 90' lang='lat' dir='ltr'><strong>Lucianus</strong></span> <span class='ocrx_word' id='word_1_416' title='bbox 2650 3326 2858 3388; x_wconf 89' lang='lat' dir='ltr'><strong>eadem</strong></span> <span class='ocrx_word' id='word_1_417' title='bbox 2905 3345 3082 3390; x_wconf 87' lang='lat' dir='ltr'><strong>causa</strong></span> <span class='ocrx_word' id='word_1_418' title='bbox 3129 3330 3480 3406; x_wconf 81' lang='lat' dir='ltr'><strong>exagitatus,</strong></span> <span class='ocrx_word' id='word_1_419' title='bbox 3515 3338 3611 3392; x_wconf 87' lang='lat' dir='ltr'><strong>at-</strong></span> 
     </span>
    </p>
   </div>
   <div class='ocr_carea' id='block_1_58' title="bbox 1976 3411 3614 3500">
    <p class='ocr_par' dir='ltr' id='par_1_58' title="bbox 1976 3411 3614 3500">
     <span class='ocr_line' id='line_1_58' title="bbox 1976 3411 3614 3500; baseline 0.005 -30"><span class='ocrx_word' id='word_1_420' title='bbox 1976 3429 2094 3491; x_wconf 89' lang='lat' dir='ltr'><strong>que</strong></span> <span class='ocrx_word' id='word_1_421' title='bbox 2129 3429 2162 3470; x_wconf 90' lang='lat' dir='ltr'><strong>a</strong></span> <span class='ocrx_word' id='word_1_422' title='bbox 2205 3411 2396 3473; x_wconf 89' lang='lat' dir='ltr'><strong>tribus</strong></span> <span class='ocrx_word' id='word_1_423' title='bbox 2447 3411 2563 3475; x_wconf 90' lang='lat' dir='ltr'><strong>sibi</strong></span> <span class='ocrx_word' id='word_1_424' title='bbox 2619 3415 2876 3478; x_wconf 91' lang='lat' dir='ltr'><strong>invicem</strong></span> <span class='ocrx_word' id='word_1_425' title='bbox 2940 3417 3402 3480; x_wconf 90' lang='lat' dir='ltr'><strong>succedentibus</strong></span> <span class='ocrx_word' id='word_1_426' title='bbox 3452 3418 3614 3500; x_wconf 90' lang='lat' dir='ltr'><strong>epis-</strong></span> 
     </span>
    </p>
   </div>
   <div class='ocr_carea' id='block_1_59' title="bbox 1977 3501 3613 3590">
    <p class='ocr_par' dir='ltr' id='par_1_59' title="bbox 1977 3501 3613 3590">
     <span class='ocr_line' id='line_1_59' title="bbox 1977 3501 3613 3590; baseline 0.004 -28"><span class='ocrx_word' id='word_1_427' title='bbox 1977 3501 2582 3590; x_wconf 23' lang='lat' dir='ltr'><strong>copisiAntiochenis,</strong></span> <span class='ocrx_word' id='word_1_428' title='bbox 2647 3505 2719 3566; x_wconf 89' lang='lat' dir='ltr'><strong>ab</strong></span> <span class='ocrx_word' id='word_1_429' title='bbox 2775 3505 3042 3568; x_wconf 89' lang='lat' dir='ltr'><strong>Ecclesia</strong></span> <span class='ocrx_word' id='word_1_430' title='bbox 3099 3527 3337 3588; x_wconf 90' lang='lat' dir='ltr'><strong>quoque</strong></span> <span class='ocrx_word' id='word_1_431' title='bbox 3387 3509 3613 3590; x_wconf 88' lang='lat' dir='ltr'><strong>ejectus</strong></span> 
     </span>
    </p>
   </div>
   <div class='ocr_carea' id='block_1_60' title="bbox 1977 3589 3611 3678">
    <p class='ocr_par' dir='ltr' id='par_1_60' title="bbox 1977 3589 3611 3678">
     <span class='ocr_line' id='line_1_60' title="bbox 1977 3589 3611 3678; baseline 0.004 -26"><span class='ocrx_word' id='word_1_432' title='bbox 1977 3598 2086 3652; x_wconf 90' lang='lat' dir='ltr'><strong>est.</strong></span> <span class='ocrx_word' id='word_1_433' title='bbox 2140 3589 2305 3651; x_wconf 88' lang='lat' dir='ltr'><strong>Patet</strong></span> <span class='ocrx_word' id='word_1_434' title='bbox 2352 3591 2412 3652; x_wconf 89' lang='lat' dir='ltr'><strong>id</strong></span> <span class='ocrx_word' id='word_1_435' title='bbox 2471 3611 2540 3655; x_wconf 80' lang='lat' dir='ltr'><strong>ex</strong></span> <span class='ocrx_word' id='word_1_436' title='bbox 2597 3595 2849 3674; x_wconf 84' lang='lat' dir='ltr'><strong>epistola</strong></span> <span class='ocrx_word' id='word_1_437' title='bbox 2906 3595 2969 3660; x_wconf 94' lang='lat' dir='ltr'><strong>S.</strong></span> <span class='ocrx_word' id='word_1_438' title='bbox 3033 3597 3354 3661; x_wconf 86' lang='lat' dir='ltr'><strong>Alexandri</strong></span> <span class='ocrx_word' id='word_1_439' title='bbox 3415 3599 3611 3678; x_wconf 87' lang='lat' dir='ltr'><strong>Episc.</strong></span> 
     </span>
    </p>
   </div>
   <div class='ocr_carea' id='block_1_61' title="bbox 263 3679 1886 3773">
    <p class='ocr_par' dir='ltr' id='par_1_61' title="bbox 263 3679 1886 3773">
     <span class='ocr_line' id='line_1_61' title="bbox 263 3679 1886 3773; baseline 0 -13"><span class='ocrx_word' id='word_1_440' title='bbox 263 3698 558 3773; x_wconf 88' lang='lat' dir='ltr'><strong>Latiense,</strong></span> <span class='ocrx_word' id='word_1_441' title='bbox 589 3679 654 3762; x_wconf 71' lang='lat' dir='ltr'><strong>el</strong></span> <span class='ocrx_word' id='word_1_442' title='bbox 680 3700 744 3763; x_wconf 90' lang='lat' dir='ltr'><strong>S.</strong></span> <span class='ocrx_word' id='word_1_443' title='bbox 778 3700 1017 3763; x_wconf 85' lang='lat' dir='ltr'><strong>Martini</strong></span> <span class='ocrx_word' id='word_1_444' title='bbox 1048 3679 1332 3773; x_wconf 81' lang='lat' dir='ltr'><strong>&#39;l‘ornaci,</strong></span> <span class='ocrx_word' id='word_1_445' title='bbox 1356 3718 1424 3761; x_wconf 91' lang='lat' dir='ltr'><strong>ac</strong></span> <span class='ocrx_word' id='word_1_446' title='bbox 1446 3699 1799 3762; x_wconf 87' lang='lat' dir='ltr'><strong>Florarium.</strong></span> <span class='ocrx_word' id='word_1_447' title='bbox 1821 3698 1886 3760; x_wconf 84' lang='lat' dir='ltr'><strong>Al</strong></span> 
     </span>
    </p>
   </div>
   <div class='ocr_carea' id='block_1_62' title="bbox 1976 3679 3610 3773">
    <p class='ocr_par' dir='ltr' id='par_1_62' title="bbox 1978 3679 3610 3773">
     <span class='ocr_line' id='line_1_62' title="bbox 1978 3679 3610 3773; baseline 0.004 -33"><span class='ocrx_word' id='word_1_448' title='bbox 1978 3679 2390 3773; x_wconf 72' lang='lat' dir='ltr'><strong>Alexandrini,</strong></span> <span class='ocrx_word' id='word_1_449' title='bbox 2465 3700 2642 3762; x_wconf 90' lang='lat' dir='ltr'><strong>quam</strong></span> <span class='ocrx_word' id='word_1_450' title='bbox 2689 3685 2895 3773; x_wconf 78' lang='lat' dir='ltr'><strong>refert</strong></span> <span class='ocrx_word' id='word_1_451' title='bbox 2963 3685 3376 3748; x_wconf 86' lang='lat' dir='ltr'><strong>Theodoretus</strong></span> <span class='ocrx_word' id='word_1_452' title='bbox 3446 3687 3610 3750; x_wconf 78' lang='lat' dir='ltr'><strong>Hist.</strong></span> 
     </span>
    </p>
   </div>
   <div class='ocr_carea' id='block_1_63' title="bbox 265 3788 1886 3867">
    <p class='ocr_par' dir='ltr' id='par_1_63' title="bbox 265 3788 1886 3867">
     <span class='ocr_line' id='line_1_63' title="bbox 265 3788 1886 3867; baseline 0.001 -19"><span class='ocrx_word' id='word_1_453' title='bbox 265 3807 395 3852; x_wconf 86' lang='lat' dir='ltr'><strong>mss.</strong></span> <span class='ocrx_word' id='word_1_454' title='bbox 426 3788 483 3852; x_wconf 92' lang='lat' dir='ltr'><strong>S.</strong></span> <span class='ocrx_word' id='word_1_455' title='bbox 523 3788 764 3851; x_wconf 73' lang='lat' dir='ltr'><strong>Martini</strong></span> <span class='ocrx_word' id='word_1_456' title='bbox 811 3788 1074 3852; x_wconf 81' lang='lat' dir='ltr'><strong>Treviris</strong></span> <span class='ocrx_word' id='word_1_457' title='bbox 1118 3797 1178 3851; x_wconf 92' lang='lat' dir='ltr'><strong>et</strong></span> <span class='ocrx_word' id='word_1_458' title='bbox 1205 3788 1271 3854; x_wconf 93' lang='lat' dir='ltr'><strong>S.</strong></span> <span class='ocrx_word' id='word_1_459' title='bbox 1304 3789 1501 3851; x_wconf 88' lang='lat' dir='ltr'><strong>Maria</strong></span> <span class='ocrx_word' id='word_1_460' title='bbox 1531 3788 1837 3867; x_wconf 87' lang='lat' dir='ltr'><strong>Ultrajecti</strong></span> <span class='ocrx_word' id='word_1_461' title='bbox 1873 3807 1886 3850; x_wconf 91' lang='lat'><strong>:</strong></span> 
     </span>
    </p>
   </div>
   <div class='ocr_carea' id='block_1_64' title="bbox 270 3877 1895 3960">
    <p class='ocr_par' dir='ltr' id='par_1_64' title="bbox 270 3877 1895 3960">
     <span class='ocr_line' id='line_1_64' title="bbox 270 3877 1895 3960; baseline -0.001 -22"><span class='ocrx_word' id='word_1_462' title='bbox 270 3903 292 3932; x_wconf 76' lang='grc' dir='ltr'>α</span> <span class='ocrx_word' id='word_1_463' title='bbox 321 3880 378 3939; x_wconf 92' lang='lat' dir='ltr'><strong>Iu</strong></span> <span class='ocrx_word' id='word_1_464' title='bbox 403 3877 749 3942; x_wconf 86' lang='lat' dir='ltr'><strong>Nicomedia</strong></span> <span class='ocrx_word' id='word_1_465' title='bbox 771 3879 1014 3942; x_wconf 88' lang='lat' dir='ltr'><strong>Luciani</strong></span> <span class='ocrx_word' id='word_1_466' title='bbox 1037 3879 1392 3960; x_wconf 82' lang='lat' dir='ltr'><strong>presbyteri,</strong></span> <span class='ocrx_word' id='word_1_467' title='bbox 1419 3878 1520 3959; x_wconf 92' lang='lat' dir='ltr'><strong>qui</strong></span> <span class='ocrx_word' id='word_1_468' title='bbox 1551 3878 1612 3939; x_wconf 91' lang='lat' dir='ltr'><strong>in</strong></span> <span class='ocrx_word' id='word_1_469' title='bbox 1643 3886 1895 3958; x_wconf 90' lang='lat' dir='ltr'><strong>quatuor</strong></span> 
     </span>
    </p>
   </div>
   <div class='ocr_carea' id='block_1_65' title="bbox 267 3967 1893 4048">
    <p class='ocr_par' dir='ltr' id='par_1_65' title="bbox 267 3967 1893 4048">
     <span class='ocr_line' id='line_1_65' title="bbox 267 3967 1893 4048; baseline -0.001 -18"><span class='ocrx_word' id='word_1_470' title='bbox 267 3975 448 4048; x_wconf 86' lang='lat' dir='ltr'><strong>partes</strong></span> <span class='ocrx_word' id='word_1_471' title='bbox 467 3970 712 4038; x_wconf 79' lang='lat' dir='ltr'><strong>fractus,</strong></span> <span class='ocrx_word' id='word_1_472' title='bbox 740 3967 800 4029; x_wconf 90' lang='lat' dir='ltr'><strong>in</strong></span> <span class='ocrx_word' id='word_1_473' title='bbox 827 3986 987 4030; x_wconf 87' lang='lat' dir='ltr'><strong>mare</strong></span> <span class='ocrx_word' id='word_1_474' title='bbox 1009 3970 1342 4044; x_wconf 90' lang='lat' dir='ltr'><strong>demersus,</strong></span> <span class='ocrx_word' id='word_1_475' title='bbox 1367 3968 1599 4048; x_wconf 88' lang='lat' dir='ltr'><strong>integer</strong></span> <span class='ocrx_word' id='word_1_476' title='bbox 1619 3967 1893 4029; x_wconf 89' lang='lat' dir='ltr'><strong>inventus</strong></span> 
     </span>
    </p>
   </div>
   <div class='ocr_carea' id='block_1_66' title="bbox 270 4057 1894 4138">
    <p class='ocr_par' dir='ltr' id='par_1_66' title="bbox 270 4057 1894 4138">
     <span class='ocr_line' id='line_1_66' title="bbox 270 4057 1894 4138; baseline -0.001 -20"><span class='ocrx_word' id='word_1_477' title='bbox 270 4065 367 4120; x_wconf 85' lang='lat' dir='ltr'><strong>est.</strong></span> <span class='ocrx_word' id='word_1_478' title='bbox 405 4083 426 4114; x_wconf 78' lang='grc' dir='ltr'>ι</span> <span class='ocrx_word' id='word_1_479' title='bbox 452 4057 789 4122; x_wconf 79' lang='lat' dir='ltr'><strong>Meminero</strong></span> <span class='ocrx_word' id='word_1_480' title='bbox 819 4076 1060 4138; x_wconf 88' lang='lat' dir='ltr'><strong>quoque</strong></span> <span class='ocrx_word' id='word_1_481' title='bbox 1090 4061 1156 4121; x_wconf 85' lang='grc'><strong>8.</strong></span> <span class='ocrx_word' id='word_1_482' title='bbox 1191 4059 1434 4122; x_wconf 88' lang='lat' dir='ltr'><strong>Luciani</strong></span> <span class='ocrx_word' id='word_1_483' title='bbox 1467 4058 1578 4119; x_wconf 89' lang='lat' dir='ltr'><strong>hoc</strong></span> <span class='ocrx_word' id='word_1_484' title='bbox 1601 4057 1699 4119; x_wconf 87' lang='lat' dir='ltr'><strong>die</strong></span> <span class='ocrx_word' id='word_1_485' title='bbox 1723 4066 1894 4118; x_wconf 89' lang='lat' dir='ltr'><strong>vetus</strong></span> 
     </span>
    </p>
   </div>
   <div class='ocr_carea' id='block_1_67' title="bbox 268 4144 1893 4228">
    <p class='ocr_par' dir='ltr' id='par_1_67' title="bbox 268 4144 1893 4228">
     <span class='ocr_line' id='line_1_67' title="bbox 268 4144 1893 4228; baseline -0.001 -20"><span class='ocrx_word' id='word_1_486' title='bbox 268 4144 732 4228; x_wconf 71' lang='lat' dir='ltr'><strong>Martyrologium</strong></span> <span class='ocrx_word' id='word_1_487' title='bbox 793 4149 1154 4225; x_wconf 79' lang='lat' dir='ltr'><strong>Romanum,</strong></span> <span class='ocrx_word' id='word_1_488' title='bbox 1217 4166 1328 4210; x_wconf 91' lang='lat' dir='ltr'><strong>ms.</strong></span> <span class='ocrx_word' id='word_1_489' title='bbox 1389 4149 1453 4211; x_wconf 93' lang='lat' dir='ltr'><strong>S.</strong></span> <span class='ocrx_word' id='word_1_490' title='bbox 1523 4145 1893 4227; x_wconf 86' lang='lat' dir='ltr'><strong>Hieronymi,</strong></span> 
     </span>
    </p>
   </div>
   <div class='ocr_carea' id='block_1_68' title="bbox 269 4236 1852 4318">
    <p class='ocr_par' dir='ltr' id='par_1_68' title="bbox 269 4236 1852 4318">
     <span class='ocr_line' id='line_1_68' title="bbox 269 4236 1852 4318; baseline -0.001 -20"><span class='ocrx_word' id='word_1_491' title='bbox 269 4237 747 4312; x_wconf 87' lang='lat' dir='ltr'><strong>Wandelbertus,</strong></span> <span class='ocrx_word' id='word_1_492' title='bbox 783 4238 1174 4318; x_wconf 82' lang='lat' dir='ltr'><strong>Maurolycus,</strong></span> <span class='ocrx_word' id='word_1_493' title='bbox 1208 4236 1568 4312; x_wconf 90' lang='lat' dir='ltr'><strong>Galesinius,</strong></span> <span class='ocrx_word' id='word_1_494' title='bbox 1609 4237 1852 4317; x_wconf 89' lang='lat' dir='ltr'><strong>aliique.</strong></span> 
     </span>
    </p>
   </div>
   <div class='ocr_carea' id='block_1_69' title="bbox 335 4320 1897 4407">
    <p class='ocr_par' dir='ltr' id='par_1_69' title="bbox 335 4320 1897 4407">
     <span class='ocr_line' id='line_1_69' title="bbox 335 4320 1897 4407; baseline -0.001 -18"><span class='ocrx_word' id='word_1_495' title='bbox 335 4324 388 4390; x_wconf 88' lang='lat'><strong>3.</strong></span> <span class='ocrx_word' id='word_1_496' title='bbox 420 4326 481 4390; x_wconf 92' lang='lat' dir='ltr'><strong>S.</strong></span> <span class='ocrx_word' id='word_1_497' title='bbox 516 4325 918 4406; x_wconf 85' lang='lat' dir='ltr'><strong>Hieronymus</strong></span> <span class='ocrx_word' id='word_1_498' title='bbox 942 4320 1048 4387; x_wconf 90' lang='lat' dir='ltr'><strong>lib.</strong></span> <span class='ocrx_word' id='word_1_499' title='bbox 1080 4327 1168 4390; x_wconf 80' lang='lat' dir='ltr'><strong>De</strong></span> <span class='ocrx_word' id='word_1_500' title='bbox 1189 4325 1593 4407; x_wconf 80' lang='lat' dir='ltr'><strong>scriptoribus</strong></span> <span class='ocrx_word' id='word_1_501' title='bbox 1613 4325 1897 4388; x_wconf 77' lang='lat' dir='ltr'><strong>ecclesia-</strong></span> 
     </span>
    </p>
   </div>
   <div class='ocr_carea' id='block_1_70' title="bbox 273 4414 1900 4497">
    <p class='ocr_par' dir='ltr' id='par_1_70' title="bbox 273 4414 1900 4497">
     <span class='ocr_line' id='line_1_70' title="bbox 273 4414 1900 4497; baseline 0.001 -22"><span class='ocrx_word' id='word_1_502' title='bbox 273 4417 444 4491; x_wconf 77' lang='lat' dir='ltr'><strong>sticis,</strong></span> <span class='ocrx_word' id='word_1_503' title='bbox 473 4434 605 4497; x_wconf 87' lang='lat' dir='ltr'><strong>cap.</strong></span> <span class='ocrx_word' id='word_1_504' title='bbox 632 4417 732 4491; x_wconf 79' lang='lat'><strong>&#39;77,</strong></span> <span class='ocrx_word' id='word_1_505' title='bbox 767 4417 846 4476; x_wconf 89' lang='lat' dir='ltr'><strong>ita</strong></span> <span class='ocrx_word' id='word_1_506' title='bbox 869 4417 935 4477; x_wconf 93' lang='lat' dir='ltr'><strong>S.</strong></span> <span class='ocrx_word' id='word_1_507' title='bbox 956 4416 1280 4479; x_wconf 89' lang='lat' dir='ltr'><strong>Lucianum</strong></span> <span class='ocrx_word' id='word_1_508' title='bbox 1307 4416 1604 4479; x_wconf 90' lang='lat' dir='ltr'><strong>celebrat:</strong></span> <span class='ocrx_word' id='word_1_509' title='bbox 1637 4439 1656 4472; x_wconf 71' lang='grc' dir='ltr'><strong>ε</strong></span> <span class='ocrx_word' id='word_1_510' title='bbox 1691 4414 1900 4477; x_wconf 88' lang='lat' dir='ltr'><strong>Lucia-</strong></span> 
     </span>
    </p>
   </div>
   <div class='ocr_carea' id='block_1_71' title="bbox 276 4504 1900 4585">
    <p class='ocr_par' dir='ltr' id='par_1_71' title="bbox 276 4504 1900 4585">
     <span class='ocr_line' id='line_1_71' title="bbox 276 4504 1900 4585; baseline 0 -21"><span class='ocrx_word' id='word_1_511' title='bbox 276 4523 375 4565; x_wconf 86' lang='lat' dir='ltr'><strong>nus</strong></span> <span class='ocrx_word' id='word_1_512' title='bbox 404 4506 490 4568; x_wconf 79' lang='lat' dir='ltr'><strong>vir</strong></span> <span class='ocrx_word' id='word_1_513' title='bbox 519 4504 978 4580; x_wconf 86' lang='lat' dir='ltr'><strong>disertissimus,</strong></span> <span class='ocrx_word' id='word_1_514' title='bbox 1004 4505 1392 4569; x_wconf 86' lang='lat' dir='ltr'><strong>Autiochena</strong></span> <span class='ocrx_word' id='word_1_515' title='bbox 1417 4504 1698 4568; x_wconf 90' lang='lat' dir='ltr'><strong>Ecclesia</strong></span> <span class='ocrx_word' id='word_1_516' title='bbox 1728 4521 1900 4585; x_wconf 87' lang='lat' dir='ltr'><strong>pres-</strong></span> 
     </span>
    </p>
   </div>
   <div class='ocr_carea' id='block_1_72' title="bbox 277 4591 1899 4676">
    <p class='ocr_par' dir='ltr' id='par_1_72' title="bbox 277 4591 1899 4676">
     <span class='ocr_line' id='line_1_72' title="bbox 277 4591 1899 4676; baseline 0.002 -23"><span class='ocrx_word' id='word_1_517' title='bbox 277 4591 459 4672; x_wconf 85' lang='lat' dir='ltr'><strong>byter,</strong></span> <span class='ocrx_word' id='word_1_518' title='bbox 500 4601 732 4656; x_wconf 88' lang='lat' dir='ltr'><strong>tantum</strong></span> <span class='ocrx_word' id='word_1_519' title='bbox 766 4595 826 4654; x_wconf 91' lang='lat' dir='ltr'><strong>in</strong></span> <span class='ocrx_word' id='word_1_520' title='bbox 875 4593 1317 4676; x_wconf 86' lang='lat' dir='ltr'><strong>Scripturarum</strong></span> <span class='ocrx_word' id='word_1_521' title='bbox 1351 4596 1550 4656; x_wconf 87' lang='lat' dir='ltr'><strong>studio</strong></span> <span class='ocrx_word' id='word_1_522' title='bbox 1583 4592 1899 4668; x_wconf 90' lang='lat' dir='ltr'><strong>laboravit,</strong></span> 
     </span>
    </p>
   </div>
   <div class='ocr_carea' id='block_1_73' title="bbox 276 4684 1899 4765">
    <p class='ocr_par' dir='ltr' id='par_1_73' title="bbox 276 4684 1899 4765">
     <span class='ocr_line' id='line_1_73' title="bbox 276 4684 1899 4765; baseline 0 -22"><span class='ocrx_word' id='word_1_523' title='bbox 276 4690 334 4743; x_wconf 92' lang='lat' dir='ltr'><strong>ut</strong></span> <span class='ocrx_word' id='word_1_524' title='bbox 358 4701 537 4764; x_wconf 85' lang='lat' dir='ltr'><strong>usque</strong></span> <span class='ocrx_word' id='word_1_525' title='bbox 568 4701 730 4745; x_wconf 91' lang='lat' dir='ltr'><strong>nunc</strong></span> <span class='ocrx_word' id='word_1_526' title='bbox 760 4684 1029 4764; x_wconf 86' lang='lat' dir='ltr'><strong>quaedam</strong></span> <span class='ocrx_word' id='word_1_527' title='bbox 1062 4685 1427 4765; x_wconf 80' lang='lat' dir='ltr'><strong>exemplaria</strong></span> <span class='ocrx_word' id='word_1_528' title='bbox 1459 4685 1899 4761; x_wconf 85' lang='lat' dir='ltr'><strong>Scripturarum</strong></span> 
     </span>
    </p>
   </div>
   <div class='ocr_carea' id='block_1_74' title="bbox 279 4771 1903 4854">
    <p class='ocr_par' dir='ltr' id='par_1_74' title="bbox 279 4771 1903 4854">
     <span class='ocr_line' id='line_1_74' title="bbox 279 4771 1903 4854; baseline 0 -21"><span class='ocrx_word' id='word_1_529' title='bbox 279 4771 557 4838; x_wconf 89' lang='lat' dir='ltr'><strong>Lucianea</strong></span> <span class='ocrx_word' id='word_1_530' title='bbox 579 4775 1328 4854; x_wconf 83' lang='lat' dir='ltr'><strong>nuncupentur.Feruntur</strong></span> <span class='ocrx_word' id='word_1_531' title='bbox 1346 4775 1479 4854; x_wconf 87' lang='lat' dir='ltr'><strong>ejus</strong></span> <span class='ocrx_word' id='word_1_532' title='bbox 1505 4775 1579 4836; x_wconf 90' lang='lat' dir='ltr'><strong>de</strong></span> <span class='ocrx_word' id='word_1_533' title='bbox 1596 4774 1710 4835; x_wconf 90' lang='lat' dir='ltr'><strong>ﬁde</strong></span> <span class='ocrx_word' id='word_1_534' title='bbox 1735 4772 1903 4834; x_wconf 82' lang='lat' dir='ltr'><strong>libel-</strong></span> 
     </span>
    </p>
   </div>
   <div class='ocr_carea' id='block_1_75' title="bbox 283 4860 1906 4945">
    <p class='ocr_par' dir='ltr' id='par_1_75' title="bbox 283 4860 1906 4945">
     <span class='ocr_line' id='line_1_75' title="bbox 283 4860 1906 4945; baseline 0.001 -22"><span class='ocrx_word' id='word_1_535' title='bbox 283 4860 344 4936; x_wconf 91' lang='lat' dir='ltr'><strong>li,</strong></span> <span class='ocrx_word' id='word_1_536' title='bbox 365 4871 419 4924; x_wconf 91' lang='lat' dir='ltr'><strong>et</strong></span> <span class='ocrx_word' id='word_1_537' title='bbox 441 4863 651 4926; x_wconf 88' lang='lat' dir='ltr'><strong>breves</strong></span> <span class='ocrx_word' id='word_1_538' title='bbox 669 4863 739 4924; x_wconf 92' lang='lat' dir='ltr'><strong>ad</strong></span> <span class='ocrx_word' id='word_1_539' title='bbox 762 4864 1078 4926; x_wconf 88' lang='lat' dir='ltr'><strong>nonnullos</strong></span> <span class='ocrx_word' id='word_1_540' title='bbox 1096 4863 1604 4945; x_wconf 86' lang='lat' dir='ltr'><strong>epistola.Passus</strong></span> <span class='ocrx_word' id='word_1_541' title='bbox 1627 4871 1715 4925; x_wconf 88' lang='lat' dir='ltr'><strong>est</strong></span> <span class='ocrx_word' id='word_1_542' title='bbox 1734 4861 1906 4926; x_wconf 83' lang='lat' dir='ltr'><strong>Nico-</strong></span> 
     </span>
    </p>
   </div>
   <div class='ocr_carea' id='block_1_76' title="bbox 1977 3767 3612 3854">
    <p class='ocr_par' dir='ltr' id='par_1_76' title="bbox 1977 3767 3612 3854">
     <span class='ocr_line' id='line_1_76' title="bbox 1977 3767 3612 3854; baseline 0.004 -24"><span class='ocrx_word' id='word_1_543' title='bbox 1977 3768 2186 3830; x_wconf 82' lang='lat' dir='ltr'><strong>eccles.</strong></span> <span class='ocrx_word' id='word_1_544' title='bbox 2241 3767 2347 3832; x_wconf 92' lang='lat' dir='ltr'><strong>lib.</strong></span> <span class='ocrx_word' id='word_1_545' title='bbox 2400 3785 2440 3844; x_wconf 84' lang='grc' dir='ltr'><strong>ι,</strong></span> <span class='ocrx_word' id='word_1_546' title='bbox 2492 3789 2625 3852; x_wconf 88' lang='lat' dir='ltr'><strong>cap.</strong></span> <span class='ocrx_word' id='word_1_547' title='bbox 2666 3772 2728 3848; x_wconf 78' lang='grc'><strong>4,</strong></span> <span class='ocrx_word' id='word_1_548' title='bbox 2764 3773 2866 3834; x_wconf 89' lang='lat' dir='ltr'><strong>ubi</strong></span> <span class='ocrx_word' id='word_1_549' title='bbox 2898 3774 3006 3835; x_wconf 88' lang='lat' dir='ltr'><strong>ista</strong></span> <span class='ocrx_word' id='word_1_550' title='bbox 3039 3775 3316 3854; x_wconf 84' lang='lat' dir='ltr'><strong>leguntur</strong></span> <span class='ocrx_word' id='word_1_551' title='bbox 3348 3795 3362 3839; x_wconf 90' lang='lat'><strong>:</strong></span> <span class='ocrx_word' id='word_1_552' title='bbox 3399 3801 3422 3831; x_wconf 73' lang='grc' dir='ltr'>ει</span> <span class='ocrx_word' id='word_1_553' title='bbox 3460 3775 3612 3836; x_wconf 91' lang='lat' dir='ltr'><strong>Tum</strong></span> 
     </span>
    </p>
   </div>
   <div class='ocr_carea' id='block_1_77' title="bbox 1979 3858 3616 3944">
    <p class='ocr_par' dir='ltr' id='par_1_77' title="bbox 1979 3858 3616 3944">
     <span class='ocr_line' id='line_1_77' title="bbox 1979 3858 3616 3944; baseline 0.004 -24"><span class='ocrx_word' id='word_1_554' title='bbox 1979 3858 2328 3938; x_wconf 85' lang='lat' dir='ltr'><strong>pestiferum</strong></span> <span class='ocrx_word' id='word_1_555' title='bbox 2377 3859 2640 3922; x_wconf 91' lang='lat' dir='ltr'><strong>studium</strong></span> <span class='ocrx_word' id='word_1_556' title='bbox 2695 3861 2858 3923; x_wconf 91' lang='lat' dir='ltr'><strong>Pauli</strong></span> <span class='ocrx_word' id='word_1_557' title='bbox 2907 3863 3297 3934; x_wconf 90' lang='lat' dir='ltr'><strong>Samosateni,</strong></span> <span class='ocrx_word' id='word_1_558' title='bbox 3349 3864 3616 3944; x_wconf 87' lang='lat' dir='ltr'><strong>episcopi</strong></span> 
     </span>
    </p>
   </div>
   <div class='ocr_carea' id='block_1_78' title="bbox 1975 3947 3613 4032">
    <p class='ocr_par' dir='ltr' id='par_1_78' title="bbox 1975 3947 3613 4032">
     <span class='ocr_line' id='line_1_78' title="bbox 1975 3947 3613 4032; baseline 0.004 -24"><span class='ocrx_word' id='word_1_559' title='bbox 1975 3947 2332 4028; x_wconf 88' lang='lat' dir='ltr'><strong>Antiochia,</strong></span> <span class='ocrx_word' id='word_1_560' title='bbox 2368 3949 2469 4030; x_wconf 88' lang='lat' dir='ltr'><strong>qui</strong></span> <span class='ocrx_word' id='word_1_561' title='bbox 2512 3952 2766 4013; x_wconf 91' lang='lat' dir='ltr'><strong>concilio</strong></span> <span class='ocrx_word' id='word_1_562' title='bbox 2811 3953 3074 4014; x_wconf 91' lang='lat' dir='ltr'><strong>omnium</strong></span> <span class='ocrx_word' id='word_1_563' title='bbox 3123 3953 3344 4030; x_wconf 82' lang='lat' dir='ltr'><strong>ubique</strong></span> <span class='ocrx_word' id='word_1_564' title='bbox 3373 3952 3613 4032; x_wconf 88' lang='lat' dir='ltr'><strong>episco-</strong></span> 
     </span>
    </p>
   </div>
   <div class='ocr_carea' id='block_1_79' title="bbox 1979 4039 3605 4121">
    <p class='ocr_par' dir='ltr' id='par_1_79' title="bbox 1979 4039 3605 4121">
     <span class='ocr_line' id='line_1_79' title="bbox 1979 4039 3605 4121; baseline 0.002 -23"><span class='ocrx_word' id='word_1_565' title='bbox 1979 4054 2190 4118; x_wconf 90' lang='lat' dir='ltr'><strong>porum</strong></span> <span class='ocrx_word' id='word_1_566' title='bbox 2222 4045 2401 4117; x_wconf 91' lang='lat' dir='ltr'><strong>atque</strong></span> <span class='ocrx_word' id='word_1_567' title='bbox 2431 4039 2580 4101; x_wconf 90' lang='lat' dir='ltr'><strong>adeo</strong></span> <span class='ocrx_word' id='word_1_568' title='bbox 2603 4040 2834 4120; x_wconf 90' lang='lat' dir='ltr'><strong>judicio</strong></span> <span class='ocrx_word' id='word_1_569' title='bbox 2882 4041 3166 4104; x_wconf 87' lang='lat' dir='ltr'><strong>Ecclesia</strong></span> <span class='ocrx_word' id='word_1_570' title='bbox 3197 4043 3424 4121; x_wconf 89' lang='lat' dir='ltr'><strong>ejectus</strong></span> <span class='ocrx_word' id='word_1_571' title='bbox 3473 4050 3559 4105; x_wconf 92' lang='lat' dir='ltr'><strong>est</strong></span> <span class='ocrx_word' id='word_1_572' title='bbox 3591 4061 3605 4102; x_wconf 92' lang='lat'>:</span> 
     </span>
    </p>
   </div>
   <div class='ocr_carea' id='block_1_80' title="bbox 1978 4127 3612 4207">
    <p class='ocr_par' dir='ltr' id='par_1_80' title="bbox 1978 4127 3612 4207">
     <span class='ocr_line' id='line_1_80' title="bbox 1978 4127 3612 4207; baseline 0.005 -19"><span class='ocrx_word' id='word_1_573' title='bbox 1978 4127 2151 4206; x_wconf 91' lang='lat' dir='ltr'><strong>cujus</strong></span> <span class='ocrx_word' id='word_1_574' title='bbox 2184 4144 2483 4207; x_wconf 86' lang='lat' dir='ltr'><strong>perversa</strong></span> <span class='ocrx_word' id='word_1_575' title='bbox 2505 4128 2788 4194; x_wconf 84' lang='lat' dir='ltr'><strong>doctrina</strong></span> <span class='ocrx_word' id='word_1_576' title='bbox 2821 4131 3114 4194; x_wconf 87' lang='lat' dir='ltr'><strong>Lucianus</strong></span> <span class='ocrx_word' id='word_1_577' title='bbox 3144 4149 3457 4194; x_wconf 89' lang='lat' dir='ltr'><strong>successor</strong></span> <span class='ocrx_word' id='word_1_578' title='bbox 3487 4133 3612 4196; x_wconf 84' lang='lat' dir='ltr'><strong>fac-</strong></span> 
     </span>
    </p>
   </div>
   <div class='ocr_carea' id='block_1_81' title="bbox 1981 4217 3620 4305">
    <p class='ocr_par' dir='ltr' id='par_1_81' title="bbox 1981 4217 3620 4305">
     <span class='ocr_line' id='line_1_81' title="bbox 1981 4217 3620 4305; baseline 0.004 -26"><span class='ocrx_word' id='word_1_579' title='bbox 1981 4225 2097 4286; x_wconf 86' lang='lat' dir='ltr'><strong>tus,</strong></span> <span class='ocrx_word' id='word_1_580' title='bbox 2140 4217 2454 4280; x_wconf 90' lang='lat' dir='ltr'><strong>multorum</strong></span> <span class='ocrx_word' id='word_1_581' title='bbox 2486 4237 2779 4283; x_wconf 88' lang='lat' dir='ltr'><strong>annorum</strong></span> <span class='ocrx_word' id='word_1_582' title='bbox 2810 4224 3024 4302; x_wconf 90' lang='lat' dir='ltr'><strong>spatio,</strong></span> <span class='ocrx_word' id='word_1_583' title='bbox 3052 4223 3162 4284; x_wconf 90' lang='lat' dir='ltr'><strong>hoc</strong></span> <span class='ocrx_word' id='word_1_584' title='bbox 3183 4230 3295 4298; x_wconf 89' lang='lat' dir='ltr'><strong>est,</strong></span> <span class='ocrx_word' id='word_1_585' title='bbox 3328 4223 3620 4305; x_wconf 86' lang='lat' dir='ltr'><strong>tantisper</strong></span> 
     </span>
    </p>
   </div>
   <div class='ocr_carea' id='block_1_82' title="bbox 1983 4306 3618 4392">
    <p class='ocr_par' dir='ltr' id='par_1_82' title="bbox 1983 4306 3618 4392">
     <span class='ocr_line' id='line_1_82' title="bbox 1983 4306 3618 4392; baseline 0.004 -25"><span class='ocrx_word' id='word_1_586' title='bbox 1983 4306 2124 4368; x_wconf 87' lang='lat' dir='ltr'><strong>dum</strong></span> <span class='ocrx_word' id='word_1_587' title='bbox 2157 4315 2277 4368; x_wconf 91' lang='lat' dir='ltr'><strong>tres</strong></span> <span class='ocrx_word' id='word_1_588' title='bbox 2309 4307 2596 4390; x_wconf 84' lang='lat' dir='ltr'><strong>episcOpi,</strong></span> <span class='ocrx_word' id='word_1_589' title='bbox 2651 4310 2804 4372; x_wconf 91' lang='lat' dir='ltr'><strong>alius</strong></span> <span class='ocrx_word' id='word_1_590' title='bbox 2855 4319 2987 4392; x_wconf 90' lang='lat' dir='ltr'><strong>post</strong></span> <span class='ocrx_word' id='word_1_591' title='bbox 3033 4312 3239 4386; x_wconf 90' lang='lat' dir='ltr'><strong>alium,</strong></span> <span class='ocrx_word' id='word_1_592' title='bbox 3293 4311 3618 4376; x_wconf 86' lang='lat' dir='ltr'><strong>Ecclesiam</strong></span> 
     </span>
    </p>
   </div>
   <div class='ocr_carea' id='block_1_83' title="bbox 1983 4395 3619 4471">
    <p class='ocr_par' dir='ltr' id='par_1_83' title="bbox 1983 4395 3619 4471">
     <span class='ocr_line' id='line_1_83' title="bbox 1983 4395 3619 4471; baseline 0.004 -15"><span class='ocrx_word' id='word_1_593' title='bbox 1983 4395 2144 4457; x_wconf 91' lang='lat' dir='ltr'><strong>illam</strong></span> <span class='ocrx_word' id='word_1_594' title='bbox 2179 4412 2418 4471; x_wconf 84' lang='lat' dir='ltr'><strong>rexere,</strong></span> <span class='ocrx_word' id='word_1_595' title='bbox 2445 4399 2720 4461; x_wconf 80' lang='lat' dir='ltr'><strong>exclusus</strong></span> <span class='ocrx_word' id='word_1_596' title='bbox 2745 4399 2818 4462; x_wconf 90' lang='lat' dir='ltr'><strong>ab</strong></span> <span class='ocrx_word' id='word_1_597' title='bbox 2849 4400 3117 4463; x_wconf 90' lang='lat' dir='ltr'><strong>Ecclesia</strong></span> <span class='ocrx_word' id='word_1_598' title='bbox 3149 4402 3387 4463; x_wconf 87' lang='lat' dir='ltr'><strong>mansit.</strong></span> <span class='ocrx_word' id='word_1_599' title='bbox 3419 4427 3445 4459; x_wconf 73' lang='grc' dir='ltr'><strong>ι)</strong></span> <span class='ocrx_word' id='word_1_600' title='bbox 3472 4405 3619 4464; x_wconf 89' lang='lat' dir='ltr'><strong>Dum</strong></span> 
     </span>
    </p>
   </div>
   <div class='ocr_carea' id='block_1_84' title="bbox 1986 4486 3623 4570">
    <p class='ocr_par' dir='ltr' id='par_1_84' title="bbox 1986 4486 3623 4570">
     <span class='ocr_line' id='line_1_84' title="bbox 1986 4486 3623 4570; baseline 0.002 -24"><span class='ocrx_word' id='word_1_601' title='bbox 1986 4503 2128 4547; x_wconf 89' lang='lat' dir='ltr'><strong>vero</strong></span> <span class='ocrx_word' id='word_1_602' title='bbox 2159 4486 2399 4567; x_wconf 84' lang='lat' dir='ltr'><strong>scriptis</strong></span> <span class='ocrx_word' id='word_1_603' title='bbox 2431 4487 2652 4550; x_wconf 88' lang='lat' dir='ltr'><strong>libellis</strong></span> <span class='ocrx_word' id='word_1_604' title='bbox 2700 4491 2844 4552; x_wconf 88' lang='lat' dir='ltr'><strong>ﬁdei</strong></span> <span class='ocrx_word' id='word_1_605' title='bbox 2875 4509 3001 4551; x_wconf 92' lang='lat' dir='ltr'><strong>sua</strong></span> <span class='ocrx_word' id='word_1_606' title='bbox 3029 4490 3436 4570; x_wconf 83' lang='lat' dir='ltr'><strong>integritatem</strong></span> <span class='ocrx_word' id='word_1_607' title='bbox 3471 4491 3623 4553; x_wconf 90' lang='lat' dir='ltr'><strong>tueri</strong></span> 
     </span>
    </p>
   </div>
   <div class='ocr_carea' id='block_1_85' title="bbox 1987 4575 3624 4653">
    <p class='ocr_par' dir='ltr' id='par_1_85' title="bbox 1987 4575 3624 4653">
     <span class='ocr_line' id='line_1_85' title="bbox 1987 4575 3624 4653; baseline 0.003 -17"><span class='ocrx_word' id='word_1_608' title='bbox 1987 4582 2235 4636; x_wconf 90' lang='lat' dir='ltr'><strong>conatur</strong></span> <span class='ocrx_word' id='word_1_609' title='bbox 2283 4575 2603 4653; x_wconf 88' lang='lat' dir='ltr'><strong>Lucianus,</strong></span> <span class='ocrx_word' id='word_1_610' title='bbox 2654 4578 2790 4640; x_wconf 90' lang='lat' dir='ltr'><strong>dolo</strong></span> <span class='ocrx_word' id='word_1_611' title='bbox 2840 4580 3140 4642; x_wconf 86' lang='lat' dir='ltr'><strong>Pancratii</strong></span> <span class='ocrx_word' id='word_1_612' title='bbox 3201 4579 3528 4642; x_wconf 82' lang='lat' dir='ltr'><strong>Sabellisni</strong></span> <span class='ocrx_word' id='word_1_613' title='bbox 3562 4578 3624 4641; x_wconf 89' lang='lat' dir='ltr'><strong>in</strong></span> 
     </span>
    </p>
   </div>
   <div class='ocr_carea' id='block_1_86' title="bbox 1989 4666 3620 4752">
    <p class='ocr_par' dir='ltr' id='par_1_86' title="bbox 1989 4666 3620 4752">
     <span class='ocr_line' id='line_1_86' title="bbox 1989 4666 3620 4752; baseline 0.004 -25"><span class='ocrx_word' id='word_1_614' title='bbox 1989 4683 2200 4727; x_wconf 89' lang='lat' dir='ltr'><strong>manus</strong></span> <span class='ocrx_word' id='word_1_615' title='bbox 2241 4666 2403 4728; x_wconf 86' lang='lat' dir='ltr'><strong>venit</strong></span> <span class='ocrx_word' id='word_1_616' title='bbox 2433 4676 2881 4747; x_wconf 88' lang='lat' dir='ltr'><strong>persecutorum</strong></span> <span class='ocrx_word' id='word_1_617' title='bbox 2905 4716 2919 4745; x_wconf 94' lang='lat'><strong>,</strong></span> <span class='ocrx_word' id='word_1_618' title='bbox 2958 4678 3016 4731; x_wconf 91' lang='lat' dir='ltr'><strong>et</strong></span> <span class='ocrx_word' id='word_1_619' title='bbox 3046 4669 3306 4748; x_wconf 88' lang='lat' dir='ltr'><strong>glorioso</strong></span> <span class='ocrx_word' id='word_1_620' title='bbox 3339 4671 3620 4752; x_wconf 86' lang='lat' dir='ltr'><strong>martyrio</strong></span> 
     </span>
    </p>
   </div>
   <div class='ocr_carea' id='block_1_87' title="bbox 1985 4763 2442 4818">
    <p class='ocr_par' dir='ltr' id='par_1_87' title="bbox 1985 4763 2442 4818">
     <span class='ocr_line' id='line_1_87' title="bbox 1985 4763 2442 4818; baseline 0 0"><span class='ocrx_word' id='word_1_621' title='bbox 1985 4763 2302 4818; x_wconf 88' lang='lat' dir='ltr'><strong>coronatus</strong></span> <span class='ocrx_word' id='word_1_622' title='bbox 2333 4764 2442 4818; x_wconf 64' lang='grc' dir='ltr'><strong>θεῖ.</strong></span> 
     </span>
    </p>
   </div>
   <div class='ocr_carea' id='block_1_88' title="bbox 2067 4857 3629 4947">
    <p class='ocr_par' dir='ltr' id='par_1_88' title="bbox 2067 4857 3629 4947">
     <span class='ocr_line' id='line_1_88' title="bbox 2067 4857 3629 4947; baseline 0.003 -25"><span class='ocrx_word' id='word_1_623' title='bbox 2067 4859 2128 4922; x_wconf 89' lang='grc'><strong>6.</strong></span> <span class='ocrx_word' id='word_1_624' title='bbox 2178 4857 2292 4921; x_wconf 91' lang='lat' dir='ltr'><strong>Sed</strong></span> <span class='ocrx_word' id='word_1_625' title='bbox 2326 4877 2521 4940; x_wconf 91' lang='lat' dir='ltr'><strong>neque</strong></span> <span class='ocrx_word' id='word_1_626' title='bbox 2564 4859 2982 4943; x_wconf 85' lang='lat' dir='ltr'><strong>Hieronymus,</strong></span> <span class='ocrx_word' id='word_1_627' title='bbox 3037 4881 3230 4945; x_wconf 91' lang='lat' dir='ltr'><strong>neque</strong></span> <span class='ocrx_word' id='word_1_628' title='bbox 3280 4863 3429 4927; x_wconf 90' lang='lat' dir='ltr'><strong>alius</strong></span> <span class='ocrx_word' id='word_1_629' title='bbox 3460 4865 3629 4947; x_wconf 89' lang='lat' dir='ltr'><strong>quis-</strong></span> 
     </span>
    </p>
   </div>
   <div class='ocr_carea' id='block_1_89' title="bbox 287 4952 3632 5034">
    <p class='ocr_par' dir='ltr' id='par_1_89' title="bbox 287 4952 3632 5034">
     <span class='ocr_line' id='line_1_89' title="bbox 287 4952 3632 5034; baseline 0.001 -23"><span class='ocrx_word' id='word_1_630' title='bbox 287 4953 479 5014; x_wconf 89' lang='lat' dir='ltr'><strong>media</strong></span> <span class='ocrx_word' id='word_1_631' title='bbox 508 4953 583 5014; x_wconf 91' lang='lat' dir='ltr'><strong>ob</strong></span> <span class='ocrx_word' id='word_1_632' title='bbox 616 4952 1052 5016; x_wconf 78' lang='lat' dir='ltr'><strong>confessionem</strong></span> <span class='ocrx_word' id='word_1_633' title='bbox 1079 4953 1320 5028; x_wconf 77' lang='lat' dir='ltr'><strong>Christi,</strong></span> <span class='ocrx_word' id='word_1_634' title='bbox 1349 4953 1457 5015; x_wconf 93' lang='lat' dir='ltr'><strong>sub</strong></span> <span class='ocrx_word' id='word_1_635' title='bbox 1491 4955 1907 5034; x_wconf 89' lang='lat' dir='ltr'><strong>persecutione</strong></span> <span class='ocrx_word' id='word_1_636' title='bbox 1988 4967 2160 5026; x_wconf 87' lang='lat' dir='ltr'><strong>quam</strong></span> <span class='ocrx_word' id='word_1_637' title='bbox 2190 4953 2359 5010; x_wconf 85' lang='lat' dir='ltr'><strong>aliter</strong></span> <span class='ocrx_word' id='word_1_638' title='bbox 2387 4953 2458 5010; x_wconf 89' lang='lat' dir='ltr'><strong>de</strong></span> <span class='ocrx_word' id='word_1_639' title='bbox 2488 4969 2556 5010; x_wconf 89' lang='lat' dir='ltr'><strong>eo</strong></span> <span class='ocrx_word' id='word_1_640' title='bbox 2580 4956 2837 5026; x_wconf 85' lang='lat' dir='ltr'><strong>scripsit,</strong></span> <span class='ocrx_word' id='word_1_641' title='bbox 2861 4971 3034 5028; x_wconf 87' lang='lat' dir='ltr'><strong>quam</strong></span> <span class='ocrx_word' id='word_1_642' title='bbox 3062 4966 3124 5015; x_wconf 89' lang='lat' dir='ltr'><strong>ut</strong></span> <span class='ocrx_word' id='word_1_643' title='bbox 3154 4958 3223 5014; x_wconf 88' lang='lat' dir='ltr'><strong>de</strong></span> <span class='ocrx_word' id='word_1_644' title='bbox 3254 4960 3376 5016; x_wconf 83' lang='lat' dir='ltr'><strong>viro</strong></span> <span class='ocrx_word' id='word_1_645' title='bbox 3399 4960 3632 5030; x_wconf 79' lang='lat' dir='ltr'><strong>egregie</strong></span> 
     </span>
    </p>
   </div>
   <div class='ocr_carea' id='block_1_90' title="bbox 285 5036 3631 5133">
    <p class='ocr_par' dir='ltr' id='par_1_90' title="bbox 285 5036 3631 5133">
     <span class='ocr_line' id='line_1_90' title="bbox 285 5036 3631 5133; baseline 0.002 -31"><span class='ocrx_word' id='word_1_646' title='bbox 285 5037 592 5133; x_wconf 53' lang='lat' dir='ltr'><strong>yasimini,</strong></span> <span class='ocrx_word' id='word_1_647' title='bbox 648 5042 1040 5133; x_wconf 73' lang='lat' dir='ltr'><strong>sepultusque</strong></span> <span class='ocrx_word' id='word_1_648' title='bbox 1099 5043 1460 5133; x_wconf 9' lang='lat' dir='ltr'><strong>,HelenOpoli</strong></span> <span class='ocrx_word' id='word_1_649' title='bbox 1512 5043 1901 5133; x_wconf 60' lang='lat' dir='ltr'><strong>Bithynia._)</strong></span> <span class='ocrx_word' id='word_1_650' title='bbox 1932 5036 2446 5133; x_wconf 61' lang='lat' dir='ltr'><strong>DcalholiCO-__E)f</strong></span> <span class='ocrx_word' id='word_1_651' title='bbox 2497 5036 2810 5133; x_wconf 63' lang='lat' dir='ltr'><strong>discipulis</strong></span> <span class='ocrx_word' id='word_1_652' title='bbox 2862 5049 3054 5133; x_wconf 70' lang='lat' dir='ltr'><strong>tamen</strong></span> <span class='ocrx_word' id='word_1_653' title='bbox 3102 5042 3231 5133; x_wconf 72' lang='lat' dir='ltr'><strong>eius</strong></span> <span class='ocrx_word' id='word_1_654' title='bbox 3262 5042 3526 5133; x_wconf 71' lang='lat' dir='ltr'><strong>quidam,</strong></span> <span class='ocrx_word' id='word_1_655' title='bbox 3561 5059 3631 5133; x_wconf 65' lang='lat' dir='ltr'><strong>ac</strong></span> 
     </span>
    </p>
   </div>
   <div class='ocr_carea' id='block_1_91' title="bbox 284 5124 3631 5210">
    <p class='ocr_par' dir='ltr' id='par_1_91' title="bbox 284 5124 3631 5210">
     <span class='ocr_line' id='line_1_91' title="bbox 284 5124 3631 5210; baseline -0.001 -20"><span class='ocrx_word' id='word_1_656' title='bbox 284 5124 488 5193; x_wconf 81' lang='lat' dir='ltr'><strong>Eadem</strong></span> <span class='ocrx_word' id='word_1_657' title='bbox 549 5131 673 5194; x_wconf 82' lang='lat' dir='ltr'><strong>fere</strong></span> <span class='ocrx_word' id='word_1_658' title='bbox 723 5130 1020 5194; x_wconf 87' lang='lat' dir='ltr'><strong>Honorius</strong></span> <span class='ocrx_word' id='word_1_659' title='bbox 1077 5130 1654 5210; x_wconf 86' lang='lat' dir='ltr'><strong>Augustodunensis,</strong></span> <span class='ocrx_word' id='word_1_660' title='bbox 1703 5149 1756 5192; x_wconf 91' lang='lat' dir='ltr'><strong>c.</strong></span> <span class='ocrx_word' id='word_1_661' title='bbox 1808 5130 1906 5206; x_wconf 80' lang='lat'><strong>7&#39;7,</strong></span> <span class='ocrx_word' id='word_1_662' title='bbox 1932 5124 2110 5186; x_wconf 70' lang='grc' dir='ltr'><strong>Ἴθι-ε</strong></span> <span class='ocrx_word' id='word_1_663' title='bbox 2143 5137 2302 5185; x_wconf 88' lang='lat' dir='ltr'><strong>antea</strong></span> <span class='ocrx_word' id='word_1_664' title='bbox 2328 5127 2590 5185; x_wconf 82' lang='lat' dir='ltr'><strong>idolatria</strong></span> <span class='ocrx_word' id='word_1_665' title='bbox 2625 5129 2918 5196; x_wconf 86' lang='lat' dir='ltr'><strong>maculati,</strong></span> <span class='ocrx_word' id='word_1_666' title='bbox 2956 5132 3012 5186; x_wconf 92' lang='lat' dir='ltr'><strong>in</strong></span> <span class='ocrx_word' id='word_1_667' title='bbox 3045 5132 3164 5188; x_wconf 84' lang='lat' dir='ltr'><strong>Arii</strong></span> <span class='ocrx_word' id='word_1_668' title='bbox 3198 5141 3410 5189; x_wconf 88' lang='lat' dir='ltr'><strong>sectam</strong></span> <span class='ocrx_word' id='word_1_669' title='bbox 3452 5129 3631 5186; x_wconf 87' lang='lat' dir='ltr'><strong>decli-</strong></span> 
     </span>
    </p>
   </div>
   <div class='ocr_carea' id='block_1_92' title="bbox 289 5219 1908 5300">
    <p class='ocr_par' dir='ltr' id='par_1_92' title="bbox 289 5219 1908 5300">
     <span class='ocr_line' id='line_1_92' title="bbox 289 5219 1908 5300; baseline 0.005 -24"><span class='ocrx_word' id='word_1_670' title='bbox 289 5219 381 5279; x_wconf 88' lang='lat' dir='ltr'><strong>sed</strong></span> <span class='ocrx_word' id='word_1_671' title='bbox 409 5219 630 5283; x_wconf 82' lang='lat' dir='ltr'><strong>fallitur</strong></span> <span class='ocrx_word' id='word_1_672' title='bbox 663 5220 806 5282; x_wconf 90' lang='lat' dir='ltr'><strong>dum</strong></span> <span class='ocrx_word' id='word_1_673' title='bbox 838 5219 1207 5283; x_wconf 84' lang='lat' dir='ltr'><strong>Nicomedia</strong></span> <span class='ocrx_word' id='word_1_674' title='bbox 1241 5221 1437 5300; x_wconf 88' lang='lat' dir='ltr'><strong>Episc.</strong></span> <span class='ocrx_word' id='word_1_675' title='bbox 1468 5219 1648 5282; x_wconf 87' lang='lat' dir='ltr'><strong>fuisse</strong></span> <span class='ocrx_word' id='word_1_676' title='bbox 1679 5220 1908 5284; x_wconf 87' lang='lat' dir='ltr'><strong>scribit.</strong></span> 
     </span>
    </p>
   </div>
   <div class='ocr_carea' id='block_1_93' title="bbox 1994 5218 3632 5292">
    <p class='ocr_par' dir='ltr' id='par_1_93' title="bbox 1994 5218 3632 5292">
     <span class='ocr_line' id='line_1_93' title="bbox 1994 5218 3632 5292; baseline 0.001 -16"><span class='ocrx_word' id='word_1_677' title='bbox 1994 5225 2242 5276; x_wconf 83' lang='lat' dir='ltr'><strong>narunt:</strong></span> <span class='ocrx_word' id='word_1_678' title='bbox 2279 5226 2334 5276; x_wconf 91' lang='lat' dir='ltr'><strong>et</strong></span> <span class='ocrx_word' id='word_1_679' title='bbox 2364 5233 2504 5276; x_wconf 85' lang='lat' dir='ltr'><strong>suos</strong></span> <span class='ocrx_word' id='word_1_680' title='bbox 2537 5220 2708 5277; x_wconf 82' lang='lat' dir='ltr'><strong>Arius</strong></span> <span class='ocrx_word' id='word_1_681' title='bbox 2732 5220 3170 5278; x_wconf 85' lang='lat' dir='ltr'><strong>Collucianistas</strong></span> <span class='ocrx_word' id='word_1_682' title='bbox 3197 5220 3545 5292; x_wconf 82' lang='lat' dir='ltr'><strong>appellabat.</strong></span> <span class='ocrx_word' id='word_1_683' title='bbox 3571 5218 3632 5277; x_wconf 85' lang='lat' dir='ltr'><strong>Et</strong></span> 
     </span>
    </p>
   </div>
   <div class='ocr_carea' id='block_1_94' title="bbox 359 5307 3632 5389">
    <p class='ocr_par' dir='ltr' id='par_1_94' title="bbox 359 5307 3632 5389">
     <span class='ocr_line' id='line_1_94' title="bbox 359 5307 3632 5389; baseline -0.001 -18"><span class='ocrx_word' id='word_1_684' title='bbox 359 5308 414 5371; x_wconf 83' lang='grc'><strong>4.</strong></span> <span class='ocrx_word' id='word_1_685' title='bbox 448 5311 570 5370; x_wconf 91' lang='lat' dir='ltr'><strong>Duo</strong></span> <span class='ocrx_word' id='word_1_686' title='bbox 602 5310 676 5373; x_wconf 90' lang='lat' dir='ltr'><strong>de</strong></span> <span class='ocrx_word' id='word_1_687' title='bbox 707 5307 768 5374; x_wconf 89' lang='lat' dir='ltr'><strong>S.</strong></span> <span class='ocrx_word' id='word_1_688' title='bbox 804 5311 1072 5374; x_wconf 87' lang='lat' dir='ltr'><strong>Luciano</strong></span> <span class='ocrx_word' id='word_1_689' title='bbox 1103 5309 1369 5373; x_wconf 86' lang='lat' dir='ltr'><strong>revocari</strong></span> <span class='ocrx_word' id='word_1_690' title='bbox 1419 5310 1478 5372; x_wconf 90' lang='lat' dir='ltr'><strong>in</strong></span> <span class='ocrx_word' id='word_1_691' title='bbox 1511 5311 1914 5372; x_wconf 84' lang='lat' dir='ltr'><strong>controversia</strong></span> <span class='ocrx_word' id='word_1_692' title='bbox 1995 5308 2244 5389; x_wconf 86' lang='lat' dir='ltr'><strong>Niceph.</strong></span> <span class='ocrx_word' id='word_1_693' title='bbox 2274 5308 2548 5372; x_wconf 89' lang='lat' dir='ltr'><strong>Callistus</strong></span> <span class='ocrx_word' id='word_1_694' title='bbox 2570 5307 2675 5371; x_wconf 90' lang='lat' dir='ltr'><strong>lib.</strong></span> <span class='ocrx_word' id='word_1_695' title='bbox 2704 5326 2768 5386; x_wconf 78' lang='grc' dir='ltr'><strong>ιι,</strong></span> <span class='ocrx_word' id='word_1_696' title='bbox 2801 5328 2932 5389; x_wconf 91' lang='lat' dir='ltr'><strong>cap.</strong></span> <span class='ocrx_word' id='word_1_697' title='bbox 2967 5311 3025 5386; x_wconf 88' lang='lat'><strong>5,</strong></span> <span class='ocrx_word' id='word_1_698' title='bbox 3052 5311 3226 5372; x_wconf 85' lang='lat' dir='ltr'><strong>tradit</strong></span> <span class='ocrx_word' id='word_1_699' title='bbox 3252 5309 3391 5372; x_wconf 89' lang='lat' dir='ltr'><strong>ﬁdei</strong></span> <span class='ocrx_word' id='word_1_700' title='bbox 3412 5310 3632 5371; x_wconf 85' lang='lat' dir='ltr'><strong>[ormn-</strong></span> 
     </span>
    </p>
   </div>
   <div class='ocr_carea' id='block_1_95' title="bbox 296 5398 1913 5480">
    <p class='ocr_par' dir='ltr' id='par_1_95' title="bbox 296 5398 1913 5480">
     <span class='ocr_line' id='line_1_95' title="bbox 296 5398 1913 5480; baseline 0.002 -23"><span class='ocrx_word' id='word_1_701' title='bbox 296 5406 559 5476; x_wconf 84' lang='lat' dir='ltr'><strong>possnnt;</strong></span> <span class='ocrx_word' id='word_1_702' title='bbox 591 5401 874 5480; x_wconf 90' lang='lat' dir='ltr'><strong>primum,</strong></span> <span class='ocrx_word' id='word_1_703' title='bbox 903 5409 1147 5463; x_wconf 86' lang='lat' dir='ltr'><strong>rectene</strong></span> <span class='ocrx_word' id='word_1_704' title='bbox 1175 5399 1430 5462; x_wconf 88' lang='lat' dir='ltr'><strong>senserit</strong></span> <span class='ocrx_word' id='word_1_705' title='bbox 1461 5399 1537 5462; x_wconf 91' lang='lat' dir='ltr'><strong>de</strong></span> <span class='ocrx_word' id='word_1_706' title='bbox 1565 5398 1681 5461; x_wconf 91' lang='lat' dir='ltr'><strong>ﬁde</strong></span> <span class='ocrx_word' id='word_1_707' title='bbox 1704 5401 1913 5460; x_wconf 84' lang='lat' dir='ltr'><strong>ortho-</strong></span> 
     </span>
    </p>
   </div>
   <div class='ocr_carea' id='block_1_96' title="bbox 300 5482 1914 5571">
    <p class='ocr_par' dir='ltr' id='par_1_96' title="bbox 300 5482 1914 5571">
     <span class='ocr_line' id='line_1_96' title="bbox 300 5482 1914 5571; baseline 0.004 -27"><span class='ocrx_word' id='word_1_708' title='bbox 300 5482 452 5564; x_wconf 85' lang='lat' dir='ltr'><strong>doxa,</strong></span> <span class='ocrx_word' id='word_1_709' title='bbox 485 5488 757 5567; x_wconf 90' lang='lat' dir='ltr'><strong>alterum,</strong></span> <span class='ocrx_word' id='word_1_710' title='bbox 791 5507 908 5570; x_wconf 91' lang='lat' dir='ltr'><strong>quo</strong></span> <span class='ocrx_word' id='word_1_711' title='bbox 938 5499 1206 5571; x_wconf 91' lang='lat' dir='ltr'><strong>tempore</strong></span> <span class='ocrx_word' id='word_1_712' title='bbox 1233 5487 1472 5554; x_wconf 92' lang='lat' dir='ltr'><strong>obierit.</strong></span> <span class='ocrx_word' id='word_1_713' title='bbox 1502 5488 1672 5563; x_wconf 85' lang='lat' dir='ltr'><strong>Quod</strong></span> <span class='ocrx_word' id='word_1_714' title='bbox 1695 5489 1766 5551; x_wconf 86' lang='lat' dir='ltr'><strong>ad</strong></span> <span class='ocrx_word' id='word_1_715' title='bbox 1792 5488 1914 5569; x_wconf 89' lang='lat' dir='ltr'><strong>pri-</strong></span> 
     </span>
    </p>
   </div>
   <div class='ocr_carea' id='block_1_97' title="bbox 507 5649 1169 5717">
    <p class='ocr_par' dir='ltr' id='par_1_97' title="bbox 507 5649 1169 5717">
     <span class='ocr_line' id='line_1_97' title="bbox 507 5649 1169 5717; baseline -0.003 -3"><span class='ocrx_word' id='word_1_716' title='bbox 507 5649 767 5716; x_wconf 71' lang='lat' dir='ltr'><strong>PsrnOL.</strong></span> <span class='ocrx_word' id='word_1_717' title='bbox 801 5651 916 5716; x_wconf 81' lang='lat' dir='ltr'><strong>Gn.</strong></span> <span class='ocrx_word' id='word_1_718' title='bbox 961 5651 1169 5717; x_wconf 84' lang='lat' dir='ltr'><strong>CXIV.</strong></span> 
     </span>
    </p>
   </div>
   <div class='ocr_carea' id='block_1_98' title="bbox 1996 5398 3633 5479">
    <p class='ocr_par' dir='ltr' id='par_1_98' title="bbox 1996 5398 3633 5479">
     <span class='ocr_line' id='line_1_98' title="bbox 1996 5398 3633 5479; baseline 0 -19"><span class='ocrx_word' id='word_1_719' title='bbox 1996 5398 2114 5460; x_wconf 88' lang='lat' dir='ltr'><strong>lam</strong></span> <span class='ocrx_word' id='word_1_720' title='bbox 2137 5400 2478 5479; x_wconf 90' lang='lat' dir='ltr'><strong>quamdam,</strong></span> <span class='ocrx_word' id='word_1_721' title='bbox 2502 5399 2902 5462; x_wconf 79' lang='lat' dir='ltr'><strong>Arisnismum</strong></span> <span class='ocrx_word' id='word_1_722' title='bbox 2929 5399 3296 5461; x_wconf 91' lang='lat' dir='ltr'><strong>redolentem</strong></span> <span class='ocrx_word' id='word_1_723' title='bbox 3313 5399 3633 5461; x_wconf 68' lang='lat' dir='ltr'><strong>.cLuciano</strong></span> 
     </span>
    </p>
   </div>
   <div class='ocr_carea' id='block_1_99' title="bbox 2001 5497 3634 5570">
    <p class='ocr_par' dir='ltr' id='par_1_99' title="bbox 2001 5497 3634 5570">
     <span class='ocr_line' id='line_1_99' title="bbox 2001 5497 3634 5570; baseline 0.002 -18"><span class='ocrx_word' id='word_1_724' title='bbox 2001 5498 2126 5555; x_wconf 80' lang='lat' dir='ltr'><strong>viro</strong></span> <span class='ocrx_word' id='word_1_725' title='bbox 2157 5497 2372 5561; x_wconf 85' lang='lat' dir='ltr'><strong>divino,</strong></span> <span class='ocrx_word' id='word_1_726' title='bbox 2417 5508 2471 5555; x_wconf 92' lang='lat' dir='ltr'><strong>et</strong></span> <span class='ocrx_word' id='word_1_727' title='bbox 2499 5498 2555 5554; x_wconf 90' lang='lat' dir='ltr'><strong>in</strong></span> <span class='ocrx_word' id='word_1_728' title='bbox 2590 5499 2769 5556; x_wconf 88' lang='lat' dir='ltr'><strong>sacris</strong></span> <span class='ocrx_word' id='word_1_729' title='bbox 2793 5498 3022 5554; x_wconf 72' lang='lat' dir='ltr'><strong>Litteris</strong></span> <span class='ocrx_word' id='word_1_730' title='bbox 3052 5512 3226 5570; x_wconf 87' lang='lat' dir='ltr'><strong>supra</strong></span> <span class='ocrx_word' id='word_1_731' title='bbox 3253 5505 3486 5556; x_wconf 81' lang='lat' dir='ltr'><strong>cateros</strong></span> <span class='ocrx_word' id='word_1_732' title='bbox 3528 5513 3634 5570; x_wconf 82' lang='lat' dir='ltr'><strong>ap-</strong></span> 
     </span>
    </p>
   </div>
   <div class='ocr_carea' id='block_1_100' title="bbox 3251 5649 3319 5714">
    <p class='ocr_par' dir='ltr' id='par_1_100' title="bbox 3251 5649 3319 5714">
     <span class='ocr_line' id='line_1_100' title="bbox 3251 5649 3319 5714; baseline 0 0"><span class='ocrx_word' id='word_1_733' title='bbox 3251 5649 3319 5714; x_wconf 91' lang='grc'><strong>13</strong></span> 
     </span>
    </p>
   </div>
  </div>
