4094 6196
455 361 568 432 399
1732 355 2012 428 MENSIS

2153 364 2515 430 NUARIUS.
3678 357 3785 433 400

449 498 522 561 ab
549 500 793 558 ineunte
814 499 982 556 astate
999 491 1064 582 in
1087 491 1375 573 religione
1397 502 1456 558 et
1487 513 1627 576 erga
1655 494 1842 558 Deum
1868 499 2057 578 pietati

2167 500 2280 572 ϐείᾳ
2337 503 2668 578 ῥυθμίζεσοαι
2706 521 2720 536 °
2793 502 2877 558 καὶ
2941 499 3349 568 τελευτήσαντες
3438 500 3596 582 ἄμφω
3683 503 3789 559 νέον

445 584 848 646 instituerent.
883 581 1073 644 Ambo
1102 601 1239 644 vero
1273 600 1305 644 e
1338 583 1484 645 vivis
1525 585 1911 660 excedentes,
1947 606 2057 649 eun

2170 591 2325 647 αὔτὸν
2385 591 2791 651 καταλείπουσιν
2863 591 2980 654 ἔτος
3068 613 3169 649 που
3225 587 3516 646 δωδέκατον
3577 588 3784 668 ἄγοντα,

442 675 790 755 relinquunt
811 690 1062 752 puerum
1092 672 1411 734 duodocim
1444 691 1632 736 annos
1663 674 1954 736 natum.ls
1983 695 2056 737 au

2171 671 2226 737 Ὀ
2270 679 2322 735 δὲ
2367 682 2541 756 μόνην
2583 681 2762 759 ὥσπερ
2807 679 3142 758 παράκλησιν
3185 679 3270 736 ἐπὶ
3326 686 3393 756 τῇ
3441 683 3546 736 τῶν
3602 682 3791 759 γονέων

443 763 709 837 tem,hac
737 762 864 823 sola
893 761 1078 822 veluti
1113 761 1521 824 consolatione
1549 762 1807 837 inventa,
1839 775 2050 845 prapte

2167 767 2410 846 ἀποϐολῇ
2454 773 2544 826 τὸν
2590 771 2719 826 Θεὸν
2764 771 3044 848 εὑρηκὼς,
3119 768 3201 830 εἵς
3259 792 3374 825 τινα
3432 774 3576 827 θεῖον
3631 793 3791 827 κατα-

432 853 727 934 jacturam
753 860 1067 932 parentum
1094 850 1357 930 confugit
1375 851 1446 912 ad
1481 851 1746 914 divinum
1779 854 2078 934 quoddam

443 951 737 1023 tempum,
764 939 1042 1002 omnibus
1065 939 1190 1001 suis
1210 939 1430 1001 divitiis
1453 939 1786 1003 distributis
1809 944 2083 1023 pauperi-

440 1031 574 1107 bus,
611 1039 668 1093 et
697 1029 757 1090 in
789 1029 976 1109 prima
1007 1037 1179 1090 aetate
1209 1047 1344 1092 cum
1373 1027 1754 1112 Macario,qui
1780 1031 2084 1096 habitabat

438 1122 723 1185 Edessam
749 1119 927 1198 (2),et
945 1136 1147 1180 sacros
1166 1117 1376 1180 Libros
1400 1117 2082 1201 interpretabatur,con-

439 1228 680 1292 gressus
704 1217 763 1272 et
804 1216 1089 1282 versatus,
1119 1206 1407 1288 quidquid
1429 1215 1554 1270 erat
1584 1210 1643 1270 in
1676 1209 1762 1272 eis
1795 1210 2081 1290 pulcher-

2165 860 2340 937 φεύγει
2403 861 2550 938 ναὸν,
2583 860 2754 916 πάντα
2803 873 2917 921 τοῖς
2951 859 3262 933 πενομένοις
3296 860 3385 914 τὸν
3429 857 3650 915 πλοῦτον
3679 858 3792 915 δια-

2165 951 2507 1024 νειμάμενος,
2553 951 2641 1007 καὶ
2688 951 2830 1027 παρά
2888 951 2985 1015 τῆν
3030 950 3248 1028 πρώτην
3309 948 3526 1016 ἠλικίαν
3559 952 3792 1025 μακαρίω

2163 1039 2270 1094 τινί
2328 1042 2424 1106 τὴν
2484 1037 2708 1096 ’Ἑδεσαν
2775 1041 3026 1112 οἰκοῦντι,
3100 1039 3196 1095 καί
3239 1038 3331 1094 τὰς
3374 1038 3515 1116 ἱερὰς
3575 1037 3789 1117 διερμη-

2166 1128 2365 1184 νεύοντι
2421 1126 2628 1205 βίϐλους
2687 1126 2829 1207 ἀνδρὶ
2882 1127 3299 1206 συγγενόμενος,
3345 1133 3448 1183 πᾶν
3494 1126 3522 1182 ὅ
3578 1149 3626 1184 τι
3659 1128 3787 1187 κάλ-

2164 1216 2343 1273 λιστον
2391 1218 2443 1275 ἐν
2506 1217 2722 1280 ταύταις
2781 1217 3024 1296 ὑπῆρχεν
3082 1215 3137 1272 ὲν
3189 1213 3352 1294 ὀλίγῳ
3425 1217 3605 1296 χρόνῳ
3668 1239 3787 1274 συν-

436 1301 683 1375 rimum,
718 1317 904 1381 pauco
935 1305 1205 1378 tempore
1235 1296 1494 1376 collegit.

506 1394 630 1453 2.Et
652 1407 786 1451 cum
808 1392 1058 1464 primum
1081 1389 1316 1462 quidem
1341 1391 1676 1450 accessisset
1695 1393 1766 1450 ad
1783 1393 2077 1455 lavacrum

434 1477 1053 1560 regenerationis,per
1068 1494 1279 1556 aquam
1296 1485 1353 1539 et
1372 1476 1644 1556 spiritum
1661 1489 2068 1558 regeneratus,

437 1568 756 1633 declinavit
777 1567 852 1628 ad
873 1567 1050 1628 vitam
1103 1566 1488 1626 monasticam
1521 1565 1606 1644 (3)
1634 1587 1647 1630 :
1685 1567 1902 1630 deinde
1935 1589 2070 1632 cum

436 1661 489 1722 ei
521 1659 709 1721 visum
743 1664 924 1732 esset,
958 1675 991 1717 a
1021 1655 1155 1716 vino
1187 1662 1247 1716 et
1272 1653 1660 1716 obsoniorum
1688 1675 1793 1721 esu
1827 1661 2072 1722 omnino

431 1745 962 1820 abstinere,statim
995 1753 1270 1824 tanquam
1299 1761 1366 1805 ex
1399 1745 1744 1808 carceribus
1761 1746 2069 1827 depugna-

430 1838 531 1901 bat
561 1838 844 1900 adversus
875 1852 1086 1897 omnes
1143 1834 1339 1896 carnis
1383 1834 1732 1916 voluptates.
1787 1835 2057 1919 Seipsum

2152 1834 2340 1913 ἡδονᾶς
2374 1844 2547 1906 πάσας
2580 1845 2671 1908 τὰς
2715 1849 2813 1908 τῆς
2866 1845 3059 1922 σαρκὸς
3104 1843 3422 1922 ἀπεμάχετο
3459 1861 3471 1876 ⁸

431 1937 631 1990 autem
667 1928 928 1988 formans
953 1923 1301 2004 jejuniis,se
1331 1923 1400 1986 ad
1437 1925 1589 1987 hanc
1612 1926 1839 1989 ﬁrmam
1875 1936 1932 1990 et
1955 1937 2067 1991 sta-

427 2015 612 2080 bilem
640 2015 886 2079 deduxit
915 2012 1504 2095 consuetudinem,ut
1536 2034 1692 2077 nona
1717 2017 1863 2079 hora
1879 2019 2068 2083 semel

428 2108 491 2170 in
528 2108 625 2170 die
650 2106 1016 2169 conzederet.
1051 2105 1234 2168 Erant
1281 2115 1480 2168 autem
1516 2106 1572 2170 ei
1606 2106 1786 2170 etiam
1822 2109 2063 2186 quidam

429 2199 579 2268 certi
608 2197 837 2259 dierum
871 2194 1151 2269 ambitus,
1187 2195 1248 2256 in
1282 2195 1502 2276 quibus
1535 2204 1655 2258 tota
1686 2197 2066 2262 hebdomada

430 2286 817 2367 permanebat
860 2285 1129 2366 jejunus.
1189 2282 1521 2346 Plurimum
1551 2295 1747 2348 autem
1787 2288 1915 2348 vitae
1943 2307 2066 2350 suae

430 2383 665 2456 tempus
692 2373 1076 2454 impendebat
1099 2372 1378 2454 precibus
1410 2382 1470 2436 et
1496 2374 1857 2455 lacrymis.A
1890 2394 2064 2439 scur-

425 2465 644 2528 rilitate
657 2471 715 2525 et
734 2463 857 2524 risu
879 2471 1103 2524 tantum
1129 2462 1654 2543 aberat,quantum
1671 2465 1972 2543 judicabat
1996 2486 2066 2529 ea

424 2573 558 2618 esse
589 2572 726 2616 vere
755 2553 1030 2615 ridicula.
1065 2553 1287 2613 Contra
1318 2559 1515 2613 autem
1541 2573 1644 2615 eos
1665 2553 1764 2634 qui
1788 2555 2066 2635 lugebant

424 2643 701 2707 studebat
731 2641 1040 2716 imitari,et
1069 2641 1445 2703 existimabat
1468 2661 1604 2706 esse
1633 2643 1844 2723 dignos
1868 2645 2061 2709 beati-

421 2733 752 2796 tudinibus.
782 2731 1094 2794 Silentium
1127 2741 1324 2793 autem
1357 2732 1688 2812 amplexus,
1721 2743 1778 2794 et
1807 2734 2062 2797 assidua:

421 2822 660 2884 deditus
691 2819 1410 2896 meditationi,videbatur
1435 2840 1676 2902 semper
1705 2823 2056 2902 cogitabun-

421 2911 535 2972 dus
559 2921 615 2972 et
645 2910 888 2973 tristitia
932 2911 1142 2990 plenus
1187 2910 1258 2971 iis
1278 2909 1380 2991 qui
1405 2909 1478 2970 ad
1502 2929 1638 2972 eum
1669 2911 2058 2989 accedebant,

423 3001 653 3060 etiamsi
686 2999 900 3079 spiritu
926 3000 983 3058 in
1020 3016 1084 3058 se
1112 3006 1400 3078 perpetuo
1424 2999 2064 3062 exsultaretetlmtare-

417 3097 536 3151 tur.
571 3087 634 3150 Si
694 3087 930 3168 quando
980 3095 1177 3146 autem
1240 3087 1488 3147 verbum
1541 3087 1595 3148 ei
1629 3106 1698 3148 ex
1733 3107 1838 3150 ore
1871 3089 2060 3151 visum

2162 1305 2327 1370 έλεξε.

2240 1387 2315 1472 β’.
2368 1397 2464 1454 Καὶ
2521 1401 2704 1474 πρῶτα
2763 1395 2860 1470 μὲν
2891 1401 2967 1469 τῷ
2997 1400 3094 1462 τῆς
3145 1393 3550 1474 παλιγγενεσίας
3593 1394 3786 1472 λουτρῷ

2160 1485 2485 1564 προσελθὼν,
2521 1483 2590 1540 δι’
2631 1482 2816 1548 ὕδατός
2869 1506 2924 1542 τε
2977 1487 3075 1540 καὶ
3139 1483 3436 1558 πνεύματος
3496 1485 3779 1564 ἀναγεννη-

2153 1579 2283 1650 θεὶς,
2322 1578 2448 1654 πρὸς
2504 1577 2594 1632 τὸν
2654 1573 2937 1650 μοναδικὸν
2982 1574 3232 1631 ἀπέκλινε
3285 1577 3397 1652 βίον
3431 1591 3446 1608 °
3483 1575 3664 1633 ἔπειτα
3691 1575 3778 1632 δό-

2154 1666 2244 1732 ξαν
2289 1667 2432 1741 αὖτῷ
2458 1671 2550 1721 τοῦ
2580 1665 2728 1721 οἴνου
2759 1686 2814 1721 τε
2872 1667 2955 1721 καὶ
2999 1663 3094 1732 τῆς
3155 1666 3456 1744 ὀψοφαγίας
3511 1671 3579 1730 είς
3633 1664 3778 1730 τέλος

2152 1755 2482 1836 ἀπέχεσθαι,
2531 1755 2674 1816 εὐθὺς
2716 1755 2896 1832 ὥσπερ
2955 1754 3014 1810 ἐκ
3076 1755 3293 1833 πρώτης
3345 1759 3600 1832 γραμμῆς
3658 1758 3779 1831 πρὸς

3526 1845 3782 1910 νηστείαις

2150 1933 2204 1990 δὲ
2250 1933 2428 1990 τυπῶν
2481 1931 2667 1988 ἑαυτὸν
2717 1935 2790 1998 εἷς
2847 1932 2992 1996 ἔθους
3048 1931 3222 2011 ῆγαγε
3292 1930 3440 2000 πῆξιν
3498 1934 3634 1990 κατά
3689 1934 3780 2000 τὴν

2149 2022 2373 2091 ἐννάτην
2431 2022 2571 2101 ὥραν
2651 2021 2788 2086 ἅπαξ
2845 2023 2944 2089 τῆς
3002 2022 3200 2099 ἡμέρας
3259 2022 3560 2092 σιτίζεσθαι.
3619 2016 3782 2079 Ἦσαν

2149 2112 2203 2169 δὲ
2260 2112 2349 2168 καί
2391 2134 2533 2176 τινες
2576 2116 2716 2186 αὖτῷ
2773 2112 2988 2190 ἡμερῶν
3044 2110 3304 2190 περίοδοι,
3340 2111 3392 2167 ἐν
3426 2116 3514 2172 αἷς
3545 2114 3632 2168 καὶ
3685 2111 3780 2179 ὅλη

2147 2209 2332 2259 τοῦτον
2377 2202 2538 2281 εἶχεν
2580 2203 2614 2269 ἡ
2667 2198 2912 2275 ἐϐδομάς,
2976 2201 3077 2258 ἰ’ύν
3123 2220 3182 2278 γε
3242 2201 3347 2276 μὴν
3405 2199 3622 2258 πλείονα
3683 2203 3778 2267 τῆς

2147 2293 2289 2363 ζωῆς
2324 2291 2519 2370 χρόνον
2580 2303 2911 2369 προσευχαῖς
2971 2291 3056 2345 καὶ
3115 2288 3359 2366 δακρυσιν
3418 2289 3601 2365 ἔνεμεν
3636 2307 3651 2325 ο
3692 2293 3778 2346 εὖ-

2147 2381 2432 2459 τραπελίας
2493 2381 2590 2455 μὲν
2644 2379 2731 2436 οὖν
2776 2387 3028 2436 τοσοῦτον
3085 2379 3288 2459 ἀπεῖχε
3357 2380 3446 2435 καὶ
3527 2380 3776 2458 γέλωτος,

2148 2472 2256 2545 ὅσῳ
2285 2479 2449 2528 ταῦτα
2483 2472 2568 2527 καλ
2621 2469 2871 2548 γελώτων
2921 2468 3131 2536 ἀληθῶς
3189 2468 3390 2544 ἔκρινεν
3442 2467 3582 2534 ἄξια.
3649 2469 3777 2527 Τού-

2148 2563 2354 2620 ναντίον
2398 2559 2451 2616 δὲ
2496 2561 2615 2622 τοὺς
2669 2563 2982 2620 πενθοῦντᾱς
3039 2559 3124 2614 καὶ
3168 2556 3360 2628 ζηλοῦν
3419 2557 3662 2635 ἔσπευδε,
3696 2559 3776 2613 καὶ

2147 2657 2497 2729 μακαρισμῶν
2553 2649 2721 2714 ἀξίους
2781 2651 2972 2726 ἡγεῖτο
3007 2665 3022 2680 '
3083 2647 3181 2714 τῆν
3214 2646 3267 2701 δὲ
3300 2647 3508 2712 σιωπὴν
3548 2647 3774 2718 ἀσπαζό-

2146 2763 2326 2816 μενος,
2363 2743 2452 2796 cui
2510 2745 2576 2816 τῆ
2611 2752 2830 2818 συνεχεῖ
2891 2736 3089 2813 μελέτῃ
3121 2736 3500 2812 προσκείμενος
3539 2737 3621 2793 ἐπὶ
3653 2759 3776 2792 συν-

2147 2829 2285 2893 νοίας
2317 2831 2490 2906 ὁ)ρᾶτο
2521 2827 2633 2904 ἀεί,
2670 2830 2757 2884 καὶ
2789 2827 3076 2905 κατηφείας
3110 2825 3321 2902 πλήρης
3354 2838 3470 2889 τοῖς
3507 2824 3776 2905 παραϐάλ-

2146 2919 2352 2996 λοδσιν,
2389 2920 2432 2974 εἰ
2459 2920 2646 2990 καὶτῷ
2678 2919 2938 2991 πνεύματι
2973 2914 3056 2971 διὰ
3087 2917 3284 2979 παντὸς
3318 2915 3370 2970 ἐν
3404 2915 3580 2988 ἑαυτῷ
3611 2915 3781 2993 ῆγαλ-

2147 3006 2298 3062 λιατο
2329 3007 2424 3062 καὶ
2484 3005 2720 3084 ἔχαιρεν,
2760 3009 2813 3062 Εἰ
2845 3006 2898 3062 δέ
2931 3027 3057 3062 ποτε
3087 3007 3168 3060 καί
3205 3005 3350 3082 ῥῆμα
3408 3003 3604 3071 δόξειεν
3648 3005 3781 3080 αύτῷ

2147 3095 2396 3173 προέσθαι
2443 3105 2534 3154 τοῦ
2577 3096 2867 3172 στόματος,
2908 3098 2956 3151 αἱ
3017 3099 3158 3151 θεῖαι
3219 3096 3416 3173 Γραφαὶ
3470 3097 3532 3150 τὸ
3588 3094 3780 3151 λαλού-

421 3186 583 3272 esset
610 3175 1134 3272 emittere,divinae
1157 3175 1480 3272 Scripturae
1498 3185 1666 3272 erant
1697 3177 1752 3237 id
1788 3177 1942 3256 quod
1969 3178 2057 3240 lo-

2149 3206 2308 3260 μενον
2337 3185 2402 3252 ἦν
2435 3201 2449 3214 ⁸
2487 3193 2733 3248 τοσοῦτος
2765 3186 2864 3262 γὰρ
2924 3187 3065 3258 αὖτῷ
3106 3187 3250 3248 θεῖος
3284 3185 3484 3241 τούτων
3519 3184 3650 3264 ἔρως
3695 3184 3780 3241 έν-

420 3266 966 3346 quebatur.Tantus
990 3266 1150 3326 enim
1179 3282 1383 3353 earum
1410 3263 1648 3326 divinus
1677 3284 1845 3327 amor
1865 3268 2057 3348 ipsum

2147 3273 2409 3349 ἔσκηψεν,
2455 3276 2528 3338 ὡς
2575 3271 2710 3348 μηδὲ
2741 3274 2901 3330 ὕπνου
2957 3273 3152 3353 σχεδον
3194 3272 3392 3330 ἐθέλειν
3421 3279 3490 3350 τῆ
3521 3277 3640 3353 περὶ
3668 3274 3782 3330 ταύ-

419 3363 660 3435 ceperat
697 3364 760 3416 nt
792 3357 880 3418 vix
907 3372 1184 3416 somnum
1218 3352 1398 3415 vellet
1417 3373 1634 3436 capere
1659 3365 1901 3437 propter
1922 3377 2060 3420 con-

417 3445 638 3506 tinuam
675 3463 880 3506 earum
936 3442 1406 3505 meditationem.
1458 3443 1517 3506 Si
1568 3446 1808 3525 quando
1863 3455 2058 3510 autem

418 3552 638 3614 corpus
669 3532 902 3595 volebat
933 3532 1228 3594 modicum
1259 3533 1801 3615 requiescere,non
1831 3535 2060 3618 absque

417 3625 649 3685 intensa
684 3621 976 3697 oratione,
1013 3639 1124 3682 nec
1157 3621 1288 3683 sine
1320 3621 1531 3684 calidis
1555 3622 1830 3705 lacrymis
1862 3633 1920 3687 et
1947 3646 2056 3705 ge-

414 3731 597 3775 nuum
630 3713 884 3775 ﬂexione
940 3729 1216 3774 somnum
1247 3711 1540 3774 sumebat.
1597 3713 1716 3775 Sed
1759 3714 1883 3778 haec
1915 3715 2053 3796 qui-

415 3804 726 3878 dem,dum
752 3803 1041 3884 puerilem
1067 3802 1264 3864 adhuc
1291 3813 1494 3883 ageret
1523 3813 1820 3882 eetatem,a
1850 3817 2052 3870 sancto

409 3901 580 3957 recte
610 3903 776 3974 gesta
805 3902 964 3956 sunt.

488 3984 878 4063 3.Postquam
906 3991 1104 4046 autem
1137 3981 1209 4044 ab
1237 4000 1306 4043 ea
1331 3983 1453 4061 jam
1489 3985 1837 4060 excessit,et
1867 3987 2048 4069 cmpit

411 4090 542 4133 esse
563 4072 1191 4146 adolescens,carnem
1227 4070 1470 4152 quidem
1499 4072 1721 4134 nullam
1754 4094 1888 4137 cum
1919 4077 2048 4158 spi-

409 4160 523 4221 ritu
557 4161 873 4239 agitantem
907 4161 1262 4222 seditionem
1284 4160 1543 4222 reddidit
1569 4180 1676 4243 per
1708 4164 2050 4246 sanctiSpi-

410 4248 558 4309 ritus
575 4249 1014 4331 operationem;
1040 4248 1395 4330 quibusdam
1421 4258 1615 4312 autem
1645 4272 1775 4332 qua:
1803 4264 1942 4315 sunt
1974 4254 2047 4315 ad

411 4355 577 4398 esum
605 4337 774 4399 valde
797 4337 1225 4418 exilia,cor;-us
1249 4337 2049 4417 reﬁciebat,adeoutmultos

410 4424 539 4487 dies
569 4426 694 4488 solo
721 4445 870 4504 pane
891 4435 1255 4497 vesceretur,
1279 4435 1336 4488 et
1361 4446 1433 4489 ne
1461 4447 1612 4508 pane
1631 4430 1870 4509 quidem
1909 4433 2045 4511 plu-

405 4515 596 4590 ribus,
631 4515 736 4578 sed
769 4515 842 4576 iis
901 4534 1029 4596 quae
1086 4533 1156 4577 eo
1219 4526 1388 4578 erant
1445 4517 1516 4578 ad
1548 4518 1828 4580 alendum
1859 4523 2046 4600 magis

409 4603 787 4685 exilia.Aqua
811 4613 1006 4667 autem
1033 4613 1159 4667 erat
1190 4605 1244 4668 ei
1277 4618 1448 4686 potus
1477 4611 2047 4672 suavissimus.Nou-

407 4710 708 4773 nunquam
741 4703 937 4756 autem
970 4693 1307 4756 abstinebat
1339 4695 1514 4756 etiam
1564 4694 1639 4756 ab
1696 4715 1806 4758 usu
1864 4697 2043 4777 ignis.

483 4781 821 4860 4.Cumque
843 4784 927 4844 sic
957 4783 1326 4863 pervenisset
1356 4783 1427 4844 ad
1457 4803 1696 4846 omnem
1725 4785 2042 4850 humanam

402 4870 958 4948 virtutem,fuitcito
979 4872 1346 4934 clarissimus
1378 4873 1646 4934 omnium
1681 4875 1771 4936 sui
1807 4886 2043 4957 tempo—

401 4961 506 5022 ris.
543 4959 813 5041 Seipsum
849 4979 989 5040 ergo
1021 4961 1198 5023 tradit
1222 4960 1502 5023 Ecclesia:
1531 4963 1951 5042 Antiochense;
1989 4975 2045 5028 et

403 5069 536 5114 cum
573 5051 963 5132 processisset
994 5051 1066 5114 ad
1123 5051 1543 5126 sacerdotium,
1582 5055 1890 5116 constituit
1921 5057 2044 5118 illic

406 5142 728 5203 maximum
761 5141 968 5202 ludum
1003 5141 1354 5202 lltterarium
1389 5142 1508 5221 (4),
1542 5140 1616 5202 iis
1667 5143 1768 5222 qui
1816 5143 2041 5225 ubique

473 5307 792 5436 ggz‘tiﬁgiessa
825 5307 966 5366 urbs
1025 5308 1465 5379 Mesopotamiae,
1518 5310 1673 5368 haud
1704 5313 1906 5383 procul
1935 5315 2040 5373 Sa-

402 5394 658 5438 mosaus.

473 5452 548 5533 (3)
581 5450 686 5534 De
711 5450 1031 5534 monachis,
1092 5451 1327 5534 rituque
1361 5451 1494 5510 illos
1521 5452 1905 5534 consecrandi
1931 5468 2040 5534 aln-

400 5519 578 5595 tiquis
605 5522 722 5577 illis
747 5522 1122 5593 temporibus,
1160 5519 1493 5595 priusquam
1525 5524 1782 5595 cmnobia
1808 5525 2041 5595 publice

397 5593 908 5663 constituerentur,
967 5593 1198 5649 consuli
1257 5593 1468 5663 posset,
1521 5611 1568 5650 c.
1633 5595 1667 5650 6
1706 5593 2043 5653 Hieiarchr’w

395 5661 774 5734 ecclesiastica
795 5664 847 5717 S.
884 5662 1024 5721 Dion
1037 5666 1165 5734 ysii,
1195 5661 1626 5722 et'Batthasaris
1649 5665 1894 5724 Corderii
1930 5680 2041 5725 no-

397 5736 503 5791 stri
535 5735 592 5790 in
624 5732 769 5790 illud
804 5732 1236 5792 Animadversio
1263 5751 1278 5804 ;
1303 5737 1521 5794 notatio
1556 5738 1691 5794 item
1711 5735 1869 5799 Petri
1904 5737 2042 5798 Hal-

2067 4579 2113 4633 Ο

2142 3386 2238 3426 τας
2281 3361 2522 3430 διηνεκεῖ
2565 3364 2764 3440 μελέτη
2809 3360 3239 3438 μεταλαμϐάνειν
3272 3378 3285 3392 ⁶
3322 3360 3378 3419 εἴ
3426 3384 3560 3418 ποτε
3619 3362 3672 3418 δὲ
3722 3364 3780 3418 τὸ

2144 3460 2300 3529 σῶμα
2359 3455 2424 3510 τὰ
2480 3453 2668 3530 μέτρια
2724 3451 3098 3509 διαναπαύσειν
3157 3449 3438 3525 ἠϐούλετο,
3501 3457 3600 3512 οὒκ
3666 3453 3782 3508 ἄνευ

2142 3548 2450 3622 προσευχῆς
2523 3543 2789 3618 ἐκτενοῦς,
2851 3541 2965 3601 οὐδὲ
3045 3541 3166 3597 ἄνευ
3251 3545 3457 3620 θερμῶν
3518 3540 3774 3621 δακρύων,

2141 3633 2227 3689 καὶ
2285 3633 2522 3711 γονάτων
2579 3633 2798 3698 κλίσεως
2853 3631 3017 3688 ὕπνου
3074 3631 3362 3710 μετεῖχεν,
3417 3627 3586 3687 Ἀλλά
3620 3634 3777 3687 ταῦτα

2139 3722 2238 3797 μὲν
2266 3721 2482 3800 πρώτην
2517 3724 2602 3779 καὶ
2634 3720 2884 3788 παιδικὴν
2943 3719 3126 3800 ἄγοντι
3155 3721 3252 3788 τὴν
3283 3719 3494 3787 ἠλικίαν
3526 3728 3604 3797 τῷ
3635 3721 3768 3800 ἁγίῳ

2139 3810 2454 3889 κατώρθωτο
2465 3859 2478 3874 ,

2211 3987 2293 4065 γ’.
2327 3988 2477 4046 Ἐπεὶ
2507 3987 2562 4045 δὲ
2605 3985 2707 4057 ἠδη
2750 3988 2950 4056 ταύτην
2979 3989 3036 4045 τέ
3088 3984 3342 4066 ὑπερέϐη,
3399 3989 3486 4043 καὶ
3547 3991 3622 4053 εἷς
3680 4011 3769 4045 νε-

2133 4078 2375 4141 ανίσκους
2417 4076 2600 4134 τελεῖν
2652 4074 2869 4154 ἤρξατο,
2932 4077 3282 4133 ἀστασίαστον
3328 4079 3426 4148 μὲν
3474 4080 3576 4146 τὴν
3607 4080 3770 4157 σάρκα

2133 4169 2208 4239 τῷ
2274 4167 2530 4236 πνεύματι
2588 4173 2656 4242 τῇ
2700 4165 2930 4244 ἐνεργείᾳ
2975 4172 3065 4222 τοῦ
3096 4166 3246 4244 ἁγίου
3277 4167 3585 4240 ῐῙνεύματος
3631 4191 3769 4246 παρ-

2133 4257 2399 4324 εστήσατο
2431 4272 2446 4287 ⁸
2498 4260 2596 4312 τισί
2655 4254 2709 4311 δὲ
2768 4259 2872 4311 τῶν
2930 4257 3002 4320 εἰς
3047 4257 3242 4332 βρῶσιν
3274 4255 3486 4311 λεπτῶν
3525 4259 3586 4312 τὸ
3618 4263 3769 4331 σῶμα

2133 4344 2372 4414 συνίστη,
2434 4347 2506 4408 ὡς
2569 4345 2646 4425 ἐφ’
2693 4345 2909 4408 ἱκαναῖς
2959 4344 3184 4420 ἡμέραις
3217 4343 3358 4416 ἄρτῳ
3393 4347 3540 4419 μόνῳ
3570 4351 3772 4426 κεχρῆ-

2133 4437 2272 4505 σθαι,
2333 4435 2418 4490 καὶ
2476 4432 2613 4506 μηδέ
2669 4434 2810 4509 ἄρτῳ
2867 4447 2988 4496 ταῖς
3046 4432 3308 4507 πλειοσιν,
3361 4432 3496 4489 ἀλλά
3555 4439 3656 4492 τινὶ
3687 4435 3770 4490 καί

2131 4520 2313 4577 τούτου
2343 4523 2472 4600 πρὸς
2504 4525 2704 4602 τροφὴν
2736 4521 3059 4598 λεπτοτέρῳ.
3123 4522 3299 4602 ’Ὑδωρ
3353 4521 3406 4578 δέ
3468 4525 3614 4598 αὒτῷ
3666 4547 3764 4581 πο·-

2129 4612 2220 4666 τὸν
2269 4609 2473 4676 ἥδιστον
2505 4627 2518 4641 ’
2557 4610 2666 4668 ἔστι
2700 4609 2752 4667 δὲ
2785 4611 2871 4668 ὅτε
2905 4615 2994 4668 καί
3030 4618 3126 4680 τῆς
3178 4614 3268 4667 τοῦ
3315 4614 3472 4689 πυρὸς
3506 4613 3764 4694 ἀπείχετο

2129 4701 2400 4777 χρήσεως.

2208 4786 2283 4847 δ’.
2337 4790 2432 4846 Καὶ
2464 4789 2630 4855 οὕτως
2686 4791 2758 4851 είς
2819 4789 2960 4845 ἅπαν
3021 4794 3119 4856 τῆς
3169 4788 3284 4846 κατ’
3331 4788 3608 4868 ἄνθρωπον
3638 4791 3763 4868 ἀρε-

2128 4881 2226 4943 τῆς
2300 4877 2620 4956 ἀφικόμενος
2685 4881 2788 4934 τῶν
2863 4876 2944 4958 ἐφ’
3005 4878 3192 4935 ἑαυτοῦ
3263 4880 3493 4959 τάχιστα
3551 4881 3763 4936 πάντων

2128 4964 2352 5045 ὑπῆρξεν
2401 4967 2852 5041 ὀνομαστότατος.
2908 4973 2985 5039 Τῆ
3043 4970 3130 5024 οὗν
3191 4965 3518 5048 Ἀντιοχέων
3570 4968 3760 5034 ἐκκληο

2125 5055 2210 5127 σίᾳ
2241 5053 2410 5134 φέρων
2443 5055 2629 5110 ἑαυτὸν
2659 5053 2890 5128 δίδωσιν,
2924 5058 3009 5112 καὶ
3073 5056 3145 5119 εἷς
3204 5058 3491 5134 ἱερωσύνην
3537 5054 3758 5135 προϐὰς,

2123 5141 2495 5200 διδασκαλεῖον
2538 5145 2790 5222 μέγιστον
2832 5148 2949 5201 εκεῖ
2997 5146 3383 5225 συνεστήσατο,
3443 5151 3548 5202 τῶν
3592 5147 3760 5202 ἀπαν-

2124 5310 2245 5394 toi;
2265 5311 2449 5370 nostri
2482 5313 2539 5370 in
2573 5327 2700 5384 cap.
2736 5312 2766 5367 7
2796 5312 2934 5371 Vitae
2963 5312 3221 5384 ejusdem
3251 5312 3309 5370 S.
3348 5311 3602 5385 Dionysii
3630 5328 3660 5370 a
3694 5326 3756 5370 se

2125 5383 2538 5524 θὰίῗῖέοὴοιεε
2568 5455 2730 5526 olim,
2783 5455 3100 5526 praesertim
3161 5473 3337 5517 sacrae
3369 5456 3751 5516 catecheseos.

2124 5540 2154 5582 a
2220 5525 2561 5584 Christianis
2597 5525 2930 5584 doctoribus
2989 5529 3201 5595 aperiri
3261 5530 3478 5592 solitas.
3535 5533 3757 5583 constat

2125 5611 2196 5652 ex
2228 5597 2518 5677 Eusebio,_
2546 5598 2815 5677 Heronio.
2875 5597 3044 5677 Petro
3069 5601 3329 5677 ⁸ῌιιιιοὶιι
3359 5608 3401 5657 ι.
3435 5598 3490 5677 _lI
3519 5596 3591 5677 lle
3630 5596 3756 5677 vuig

2123 5669 2470 5740 scriptorum.
2507 5670 2563 5726 in
2616 5669 2912 5736 Pantaano,
2965 5675 3022 5726 et
3069 5671 3162 5730 hic
3209 5687 3372 5730 num.
3426 5672 3480 5739 t,
3531 5669 3753 5727 Macarii

2127 5738 2406 5799 Edesseni
2446 5741 2732 5814 exempto.
