4094 6196
365 294 481 362 401

1702 294 1889 360 VITA
1932 296 1993 359 S.
2042 297 2393 362 LUCIANI.

3620 298 3739 367 402

364 441 539 514 ταχοῦ
609 430 1064 508 σπουδαιοτάτων,
1126 433 1197 499 ὡς
1266 432 1423 490 αὒτὸν
1493 432 1796 514 ἀλλαχόθεν
1868 429 2054 505 ἅλλῳλ

2114 439 2270 494 arant
2326 430 2776 513 studiosissimi,
2807 430 3048 496 aliunde
3095 430 3168 496 ad
3201 429 3397 515 ipsum
3441 434 3738 499 acceden-

367 520 797 604 ἀφικνουμένων.
857 520 1105 589 ’Ἡσκητο
1159 519 1215 578 δὲ
1278 522 1377 590 τὴν
1420 521 1756 601 ὀξυγραφίαν,
1816 521 1903 576 καὶ
1959 521 2021 576 τὸ

366 610 573 668 ἒκεῖθεν
620 610 763 685 αὗτῷ
792 612 1165 687 ποριζόμενον,
1200 611 1312 684 ἅμα
1363 611 1463 683 μὲν
1507 611 1679 685 ἑαυτῷ
1708 611 1835 687 πρὸς
1891 635 2020 691 τρο·-

366 701 499 779 φὴν,
532 699 644 773 ἅμα
702 697 757 755 δὲ
787 702 873 756 καὶ
917 713 1036 763 τοϊς
1083 700 1304 767 πένησιν
1363 700 1642 779 ἔχορήγεισ
1705 703 1793 757 καὶ
1821 703 1921 781 γὰρ
1978 705 2022 760 εἷ

361 791 442 865 μὴ
501 790 622 861 πρὶν
661 789 697 857 ἢ
744 795 939 868 τροφῆς
1002 789 1155 854 οὗτος
1212 788 1530 865 μεταλάϐοι,
1589 788 1756 868 ἕτεροι
1787 798 1879 847 τοῦ
1916 790 2021 847 ἀπὸ

358 881 470 935 τῶν
524 880 684 936 αὐτοῦ
715 886 921 958 χειρῶν
974 879 1087 956 βίου
1133 879 1483 959 μετάσχοιεν,
1514 877 1718 936 ἀδικίαν
1774 881 1835 935 τὸ
1878 886 2022 957 πρᾶ-

362 991 479 1047 γμα
537 969 759 1027 ίετίθετο.
819 971 984 1034 Οὗτος
1030 970 1116 1024 οὖν
1177 970 1264 1025 καὶ
1320 970 1416 1033 τὰς
1454 969 1597 1047 ἱερὰς
1628 966 1842 1047 βίϐλους
1897 968 2020 1024 ἰδὼν

363 1057 504 1116 πολὺ
563 1059 625 1115 τὸ
657 1059 808 1114 νόθον
865 1055 1261 1133 εἰσδεξαμένας,
1296 1065 1389 1116 τοῦ
1418 1080 1476 1115 τε
1527 1059 1724 1138 χρόνου
1769 1057 2017 1134 λυμηνα-

368 1150 531 1222 μένου
590 1145 767 1203 πολλά
800 1153 905 1203 τῶν
971 1146 1026 1202 ἐν
1068 1148 1283 1223 αὐταῖς,
1319 1148 1410 1204 καί
1470 1148 1565 1216 τῆς
1623 1169 1877 1227 συνεχους
1924 1145 2013 1227 ἀφ’

369 1235 566 1312 ἐτέρων
621 1236 694 1299 είς
736 1234 891 1314 ἕτερα
951 1235 1306 1315 μεταθέσεως,
1346 1238 1433 1294 καὶ
1477 1236 1659 1312 μέντοι
1718 1238 1805 1292 καὶ
1860 1257 2020 1291 τινων

367 1323 661 1400 ἀνθρώπων
721 1325 1100 1400 πονηροτάτων
1163 1324 1216 1381 οἲ
1291 1332 1383 1382 τοῦ
1447 1324 1807 1400 Ἑλληνισμοῦ
1880 1346 2019 1402 προ-

372 1415 697 1493 εστήκεσαν,
761 1413 1094 1491 παρατρέψαι
1152 1415 1241 1470 τὸν
1308 1414 1362 1470 ἓν
1420 1413 1610 1480 αὐταῖς
1669 1416 1786 1470 νοῦν
1831 1434 2021 1491 πειρα-

373 1503 645 1579 σαμένων,
681 1503 768 1558 καὶ
812 1502 947 1558 πολὺ
981 1504 1040 1558 τὸ
1083 1500 1334 1570 κίϐδηλον
1394 1503 1448 1559 ἐν
1505 1504 1717 1567 ταύταις
1774 1501 2019 1559 διασπει-

372 1594 604 1671 ρέντων,
659 1592 814 1652 αὒτὸς
860 1592 1067 1652 ἁπάσας
1130 1590 1411 1648 ἀναλαϐὼν
1472 1592 1531 1647 ἐκ
1588 1598 1684 1659 τῆς
1744 1588 2021 1669 Ἐϐραΐδος

2106 520 2283 583 tibus.
2318 520 2384 583 In
2440 522 2714 584 celeriter
2741 529 2937 584 autem
2990 521 3311 585 scribendo
3341 531 3467 587 erat
3518 526 3741 589 exerci-

2104 617 2279 687 tatus,
2314 610 2472 692 quod
2536 630 2603 673 ex
2638 630 2709 673 eo
2769 610 3138 693 acquirebat,
3173 612 3352 674 simul
3382 613 3626 695 quidem
3686 621 3744 677 et

2103 697 2219 761 sibi
2269 699 2341 761 ad
2399 699 2775 773 alimentum,
2810 709 2867 762 et
2897 699 3258 783 pauperibus
3302 702 3741 784 suppeditabat.

2106 785 2336 849 Etenim
2372 790 2511 867 nisi,
2546 789 2888 870 priusquam
2922 790 3048 872 ipse
3079 789 3278 851 cibum
3325 801 3610 865 sumeret,
3642 792 3747 855 alii

2101 875 2318 951 victus,
2352 896 2528 957 quem
2584 878 2859 940 manibus
2890 876 3211 959 quaerebat,
3246 888 3449 941 essent
3495 880 3741 960 partici-

2103 982 2226 1045 pes,
2264 964 2538 1047 iniquum
2572 984 2703 1029 esse
2734 966 3014 1031 ducebat.
3066 970 3126 1030 1s
3152 985 3292 1046 ergo
3326 986 3459 1028 cum
3501 968 3745 1032 vidisset

2102 1071 2305 1115 sacros
2361 1053 2571 1116 Libros
2629 1073 2762 1117 esse
2815 1055 2984 1117 valde
3041 1055 3425 1131 adulteratos,
3472 1074 3609 1118 cum
3681 1067 3744 1121 et

2103 1149 2340 1222 tempus
2374 1142 2560 1205 multa
2592 1149 2653 1205 in
2685 1143 2772 1206 eis
2817 1144 3203 1225 corrupisset,
3239 1144 3641 1225 continuaque
3670 1145 3743 1208 ab

2103 1230 2233 1292 aliis
2265 1232 2323 1292 in
2357 1232 2472 1294 alia
2503 1232 2839 1308 translatio,
2870 1240 2929 1295 et
2961 1231 3198 1315 quidam
3241 1232 3516 1295 homines
3545 1233 3745 1297 scele-

2102 1320 2411 1396 ratissimi,
2444 1321 2546 1403 qui
2602 1321 2916 1402 gentilitati
2972 1329 3283 1403 praeerant,
3318 1322 3515 1384 conati
3546 1327 3747 1385 essent

2106 1416 2446 1489 pervertere
2502 1428 2709 1471 eorum
2778 1408 3278 1491 intelligentiam;
3352 1411 3479 1490 ipse
3534 1430 3745 1474 omnes

2105 1516 2312 1559 rursus
2346 1504 2621 1581 sumpsit,
2657 1508 2715 1561 et
2746 1517 2814 1560 ex
2868 1499 3067 1579 lingua
3098 1500 3398 1562 renovavit
3427 1498 3739 1577 Hebraica,

2106 1605 2281 1669 quam
2316 1587 2502 1668 ipsam
2532 1606 2768 1669 quoque
2796 1588 3021 1651 sciebat
3068 1589 3534 1665 accuratissime,
3566 1588 3626 1650 in
3656 1590 3746 1652 eis

372 1679 711 1736 ἀνενεώσατο
768 1675 1038 1755 γλώττης,
1100 1677 1165 1747 ἢν
1214 1680 1301 1736 καὶ
1360 1680 1522 1748 αὖτὴν
1579 1676 1891 1755 ἧκριὸωκὼς
1951 1678 2023 1741 είς

2114 1676 2477 1756 corrigendis
2512 1677 2831 1759 plurimum
2888 1676 3114 1740 laboris
3156 1678 3497 1741 conferens.
3559 1677 3742 1741 Porro

370 1771 438 1825 τὰ
493 1766 729 1844 μάλιστα
775 1770 865 1846 ἦν,
900 1766 1063 1824 πόνον
1124 1774 1192 1844 τῇ
1244 1769 1597 1845 ἓπανορθώσει
1629 1767 1709 1824 ὅτι
1768 1770 2054 1850 πλεῖστον,

2114 1774 2301 1828 autem
2363 1766 2698 1829 divinorum
2750 1785 2987 1850 quoque
3029 1767 3367 1848 dogmatum
3426 1768 3743 1848 puritatem

370 1858 838 1935 εἰσενεγκάμενος.
909 1859 981 1915 Οὒ
1038 1856 1147 1931 μὴν
1206 1855 1283 1931 δὲ,
1342 1856 1479 1914 ἀλλὰ
1534 1859 1622 1913 καὶ
1685 1855 2021 1935 καθαρότητα

2114 1856 2239 1936 quis
2269 1854 2343 1917 ab
2373 1856 2489 1919 alio
2519 1873 2590 1919 ex
2622 1856 2696 1919 iis
2725 1875 2826 1938 qui
2855 1856 3096 1920 fuerunt
3145 1856 3247 1918 illo
3278 1867 3575 1938 tempore,
3610 1874 3741 1919 me-

366 1953 477 2003 τῶν
530 1948 687 2004 θείων
745 1942 1050 2025 δογμάτων,
1108 1947 1183 2007 τίς
1248 1945 1312 2000 ἂν
1360 1945 1446 2026 ὑφ’
1513 1946 1690 2023 ἑτέρου
1742 1950 1847 2001 τῶν
1900 1942 2019 2001 κατ’

2114 1944 2220 2008 lius
2252 1964 2431 2025 quam
2464 1944 2539 2009 ab
2569 1946 2699 2028 ipso
2730 1946 2914 2009 fuisse
2955 1955 3246 2011 servatam
3276 1946 3570 2009 invenerit
3600 1943 3627 2009 ἲ

365 2036 580 2094 ἐκεῖνον
636 2038 727 2094 τὸν
760 2035 954 2115 χρόνον
995 2033 1296 2114 γενομὲνων
1346 2036 1477 2115 ὑπὲρ
1505 2043 1688 2093 τοῦτον
1718 2036 1857 2114 εὕροι
1918 2056 2017 2114 cpu-

365 2124 707 2201 λαττομὲνην
740 2144 758 2206 ς

1884 2240 2121 2301 CAPUT
2151 2241 2224 2299 ll.

1259 2368 1319 2426 S.
1372 2368 1602 2426 Lactant
1646 2366 2130 2442 comprehenditur.
2184 2365 2490 2423 Puerorum
2528 2366 2855 2423 constantia.

485 2497 502 2524 I

453 2497 528 2555 ε’.
597 2496 819 2564 Ἐπειδῆ
875 2494 929 2551 δὲ
990 2492 1315 2570 Μαξιμιανὸς
1378 2496 1405 2550 6
1452 2494 1703 2561 Βασιλεὺς
1773 2495 2027 2563 ἐλύττησε

2188 2494 2245 2558 5.
2284 2495 2429 2557 Cum
2483 2500 2681 2557 autem
2718 2492 3101 2556 Maximianus
3129 2493 3451 2572 imperator
3494 2494 3750 2555 maxima

369 2589 513 2645 κατὰ
570 2592 668 2654 τῆς
704 2583 1028 2654 Ἐκκλησίας
1085 2608 1181 2642 του
1210 2593 1435 2664 Χριστοῦ
1462 2588 1659 2643 λύσσαν
1714 2587 2023 2669 ἀμήχανον,

370 2679 499 2755 ῥᾷον
548 2678 790 2751 οἰόμενος
830 2675 883 2741 ἒξ
934 2675 1221 2753 ἀνθρώπων
1270 2677 1444 2733 θέσθαι
1500 2678 1560 2732 τὸ
1607 2683 1711 2732 τῶν
1771 2684 2026 2754 Χριστια-

374 2773 485 2822 νῶν
527 2765 721 2844 ὄνομα,
770 2766 814 2821 εἷ
870 2765 991 2827 τοὺς
1053 2764 1109 2820 ἐν
1163 2771 1322 2822 πᾶσιν
1397 2766 1720 2845 ἁκροτάτους
1787 2763 2027 2823 ἐκποδὼν

377 2854 630 2923 δυνηθείη
689 2856 1038 2931 ποιήσασθαι,
1084 2856 1302 2912 ἒπύθετο
1359 2855 1457 2932 μὲν
1497 2858 1615 2934 περὶ
1670 2858 1761 2912 τοῦ
1818 2853 2027 2934 ἀνδρὸς,

375 2945 474 3002 ἅτε
533 2943 743 3011 πολλῆς
774 2944 1055 3023 πανταχοῦ
1114 2945 1233 3020 περὶ
1268 2945 1421 3001 αὖτού
1477 2944 1574 3012 τῆς
1603 2945 1791 3023 φήμης
1849 2942 2027 3001 διαθε-

378 3038 572 3102 οὖσης·
632 3032 800 3098 δεινὸς
833 3032 887 3089 δὲ
945 3035 1103 3091 αὐτὸν
1136 3033 1268 3112 ἔρως
1299 3032 1509 3100 εἰσῆλθε
1566 3035 1657 3090 τὸν
1685 3033 1843 3112 ἄνδρα
1901 3055 2028 3113 χει-

377 3126 672 3204 ρωσασθαι.
738 3124 835 3181 Καὶ
864 3122 1065 3198 πέμπει
1117 3122 1182 3191 δὴ
1213 3124 1332 3188 τοὺς
1385 3124 1529 3203 χειρὶ
1569 3121 2025 3199 συλληψεμένους·

380 3218 409 3272 6
467 3212 521 3269 δὲ
575 3213 780 3291 μαθὼν,
844 3216 937 3271 οὐκ
1004 3211 1302 3286 αὐτόμολος
1359 3214 1433 3277 εἷς
1502 3215 1593 3269 τὸν
1660 3212 1895 3269 κίνδυνον
1936 3212 2025 3292 ἦν,

378 3302 521 3359 ἀλλά
582 3303 667 3359 οιὰ
704 3303 943 3382 φυλακῆς
986 3300 1224 3358 ἐποιεῖτο
1268 3303 1353 3358 καὶ
1402 3302 1688 3383 ἀσφαλείας
1746 3300 1937 3380 μηδὲν,
1968 3301 2029 3358 τό

378 3414 445 3470 γε
518 3394 592 3454 εἷς
664 3393 821 3448 αὐτὸν
889 3392 1022 3458 ἧκον
1078 3389 1439 3468 ῥιψοκίνδυνον
1494 3393 1781 3467 ὑπομεῖναι
1859 3389 2026 3470 δόξαι,

2110 2583 2365 2663 quadam
2396 2583 2565 2646 rabie
2594 2593 2753 2645 esset
2784 2582 3048 2664 percitus
3075 2581 3357 2644 adversus
3390 2580 3606 2644 Christi
3632 2580 3749 2642 Ec-

2111 2672 2375 2747 clesiam,
2401 2680 2838 2753 conareturque
2868 2672 3267 2735 Christianum
3297 2688 3516 2731 nomen
3544 2668 3751 2733 delere

2113 2779 2182 2822 ex
2216 2760 2582 2835 hominibus,
2616 2780 2720 2823 eos
2749 2763 2848 2842 qui
2881 2768 3049 2822 erant
3077 2758 3298 2824 summi
3328 2758 3485 2822 inter
3514 2776 3748 2836 omnes,

2098 2850 2457 2937 longissime
2486 2868 2796 2913 removere
2826 2850 3097 2923 studens,
3129 2848 3203 2911 de
3233 2848 3333 2910 illo
3365 2847 3605 2931 quidem
3636 2864 3751 2909 au-

2112 2938 2225 3011 dit,
2260 2947 2323 3000 ut
2355 2939 2431 3002 de
2458 2957 2573 3020 quo
2611 2958 2821 3019 magna
2872 2939 3028 3001 fama
3057 2939 3405 3019 pervaderet
3432 2938 3492 2999 in
3542 2954 3753 2999 omnes

2111 3036 2307 3109 partes
2341 3050 2354 3092 :
2418 3046 2694 3108 magnum
2731 3047 2871 3092 vero
2918 3047 3059 3091 eum
3093 3028 3337 3090 incessit
3378 3025 3752 3089 desiderium

2113 3117 2279 3180 illum
2311 3117 2372 3179 in
2405 3135 2571 3179 suam
2608 3116 2921 3196 redigendi
2955 3124 3331 3198 potestatem.
3364 3116 3540 3180 Mittit
3569 3115 3755 3195 igitur

2112 3207 2215 3287 qui
2244 3226 2380 3270 eum
2417 3208 3028 3286 comprehenderent.
3059 3205 3165 3268 Ille
3194 3224 3336 3269 vero
3367 3224 3502 3268 cum
3535 3206 3593 3268 id
3627 3223 3750 3269 res-

2113 3296 2369 3370 civisset,
2399 3314 2516 3360 non
2548 3315 2614 3359 se
2644 3315 2750 3359 sua
2780 3306 2992 3379 sponte
3011 3296 3270 3375 coniecit
3296 3294 3357 3357 in
3390 3294 3747 3376 periculum,

2111 3384 2214 3448 sed
2247 3385 2567 3466 diligenter
2597 3385 2864 3462 cavebat,
2890 3394 3176 3465 quantum
3209 3384 3270 3446 in
3300 3403 3371 3447 eo
3401 3388 3575 3447 situm
3602 3391 3749 3459 erat,

382 3465 523 3557 μηδὲ
580 3481 677 3547 τὴν
734 3479 1061 3548 Ἐκκλησίαν
1079 3465 1337 3558 ’μεγάλην
1397 3480 1494 3549 τήν
1540 3465 1623 3560 te"
1656 3481 1828 3555 ἑαυτῷ
1890 3465 2054 3537 κατὲε

2114 3493 2189 3536 ne
2220 3465 2524 3538 videretur
2553 3486 2780 3538 temere
2809 3474 2977 3538 adire
3002 3474 3289 3557 pericula,
3322 3492 3522 3553 neque
3550 3472 3755 3536 Eccle-

381 3574 579 3651 ἡφειαν
637 3568 979 3647 προξενῖψαι,
1041 3568 1318 3649 Ἀσφαλης
1376 3580 1501 3648 γοῦν
1558 3572 1631 3634 εἷς
1663 3567 1879 3645 δύναμιν
1937 3570 2028 3643 ἦν,

2114 3562 2218 3626 siae
2274 3573 2516 3646 propter
2565 3583 2631 3627 se
2684 3583 2953 3643 magnam
3008 3565 3224 3627 atierre
3274 3563 3594 3627 tristitiam.
3628 3562 3754 3626 Sibi

382 3663 460 3725 ὡς
517 3666 675 3717 τοῦτο
707 3664 801 3716 ιαὶ
864 3661 955 3716 τοῦ
987 3660 1173 3736 Κυρίου
1217 3658 1576 3727 πεποιηγότος
1627 3681 1683 3716 τε
1726 3660 1814 3717 καὶ
1849 3658 2027 3716 διαλε-

2115 3669 2254 3732 ergo
2287 3651 2528 3715 cavebat
2552 3671 2656 3734 pro
2689 3653 2938 3727 viribus,
2966 3660 3167 3734 utpote
3187 3652 3347 3730 quod
3377 3652 3490 3714 hoc
3517 3669 3754 3735 quoque

384 3749 641 3826 ξαμένου,
700 3749 787 3805 καὶ
854 3755 961 3805 τῶν
1008 3750 1162 3806 αὐτοῦ
1220 3752 1474 3824 μαθητῶν
1544 3749 1764 3821 ὁμοίως.
1828 3750 1925 3806 Καὶ
1966 3747 2031 3815 δὴ

2114 3739 2400 3803 Dominus
2446 3740 2713 3816 fecisset,
2749 3750 2808 3803 et
2861 3740 3125 3821 dixisset,
3170 3752 3232 3803 et
3283 3741 3414 3820 ejus
3470 3740 3751 3821 discipuli

388 3845 488 3907 τῆς
547 3836 756 3902 πόλεως
789 3837 1052 3901 δπεκστάς
1104 3836 1188 3893 ἐπ’
1234 3837 1398 3916 ἀγροῦ
1427 3859 1571 3901 τινος
1612 3838 1826 3916 ὑπῆρχε
1858 3858 2029 3894 κατα-

2114 3828 2413 3891 similiter.
2473 3829 2522 3892 E
2578 3830 2810 3893 civitate
2866 3829 3067 3911 itaque
3123 3830 3446 3903 excedens,
3493 3830 3552 3890 in
3611 3847 3752 3908 agro

384 3927 779 4006 κρυπτόμενος.
842 3926 1173 4004 Παγκράτιος
1225 3924 1278 3981 δὲ
1329 3948 1410 3991 τις
1468 3931 1565 3992 τῆς
1594 3930 1760 3993 αὗτῆς
1817 3926 2033 3983 Ἀντιο-

2116 3918 2371 4000 quodam
2424 3919 2663 3982 latebat.
2696 3918 3043 3982 Pancratius
3098 3928 3294 3981 autem
3327 3918 3568 3999 quidam
3623 3918 3754 3981 Au-

387 4017 571 4097 χείας,
601 4015 700 4082 τὴν
757 4015 854 4089 μὲν
884 4021 975 4071 τοῦ
1033 4011 1384 4093 πρεσϐυτέρου
1411 4017 1575 4089 τιμὴν
1630 4014 1796 4095 ἔχων,
1830 4020 1928 4082 τῆς
1982 4013 2036 4070 δὲ

2119 4008 2591 4097 tiuchenus,qui
2646 4008 2974 4089 presbyteri
3006 4008 3247 4097 quidem
3282 4016 3417 4097 erat,
3462 4007 3752 4097 honorem

389 4095 686 4162 έαϐελλίου
735 4104 1172 4181 ὑποφρονήμασιν
1224 4104 1677 4183 ὑπενηνεγμένος,
1724 4104 1783 4161 ἐκ
1840 4102 2042 4161 πολλοῦ

2123 4096 2624 4172 assecutus,idem
2658 4116 2794 4159 vero
2825 4095 3121 4159 sentiebat
3150 4097 3303 4176 quod
3330 4095 3620 4160 Sabellius
3646 4096 3756 4178 (5),

386 4199 456 4270 τῇ
508 4192 602 4250 τοῦ
657 4189 839 4269 ἀνδρὸς
893 4189 1017 4268 δόξῃ
1073 4189 1480 4267 διαϐασκαίνων,
1515 4190 1826 4272 προδίδωσιν
1882 4192 2039 4249 αὐτὸν

2114 4187 2235 4267 jam
2270 4185 2369 4248 diu
2402 4194 2539 4248 ante
2567 4187 2727 4250 illius
2754 4189 2952 4268 gloriae
3011 4187 3303 4264 invidens,
3337 4188 3532 4268 ipsum
3565 4188 3763 4268 prodit

386 4282 512 4347 τοῖς
539 4283 909 4351 ἀναζητοῦσιν.

2120 4276 2195 4338 iis
2225 4275 2324 4356 qui
2355 4276 2675 4356 qumrebat.

471 4370 583 4444 ς’.
621 4369 724 4428 Καὶ
767 4369 795 4425 6
827 4370 924 4443 μὲν
977 4367 1061 4425 ἐπὶ
1090 4369 1186 4428 τὴν
1234 4367 1591 4444 Νικομήδειαν
1620 4368 1805 4447 ἤγειτο
1848 4373 2038 4436 τεθνή-

2204 4366 2262 4428 6.
2299 4363 2368 4426 Et
2398 4364 2498 4426 ille
2523 4366 2760 4446 quidem
2787 4365 3199 4430 Nicomediam
3222 4365 3550 4429 ducebatur
3572 4368 3760 4431 mori-

390 4459 637 4533 ξάμενος·
697 4458 813 4515 ἐκεῖ
869 4461 968 4530 μὲν
1012 4480 1112 4535 γαρ
1162 4460 1190 4514 6
1248 4457 1574 4533 Μαξιμιανὸς
1630 4456 1715 4530 ἧν,
1777 4456 1941 4521 πολὺς
1984 4457 2039 4514 δὲ

2122 4453 2453 4517 turus.lllic
2479 4455 2637 4516 enim
2673 4464 2801 4517 erat
2835 4456 3249 4536 Maximianus,
3274 4455 3377 4533 qui
3399 4473 3668 4535 magnam
3699 4465 3761 4521 et

389 4550 482 4605 καὶ
532 4545 869 4609 παντοδαπὸς
900 4546 1102 4623 ἐγίνετο
1157 4550 1344 4626 φθόνος
1376 4550 1480 4603 τῶν
1536 4549 1625 4603 τὸν
1670 4549 1893 4625 Χριστὸν
1937 4547 2035 4627 ἆρ-

2124 4561 2302 4606 omne
2331 4560 2521 4621 genus
2546 4545 2767 4606 catdem
2794 4544 3042 4608 faciebat
3072 4563 3303 4619 eorum,
3329 4543 3429 4625 qui
3464 4544 3761 4609 Christum

392 4639 602 4692 νεῖσθαι
670 4635 748 4709 μὴ
814 4633 1178 4711 βουλομένων.
1240 4636 1344 4698 Καὶ
1402 4638 1556 4692 τοῦτο
1615 4636 1735 4710 μὲν,
1784 4636 2041 4711 νΑνθιμον

2125 4652 2242 4695 non
2267 4630 2545 4694 volebant
2567 4633 2959 4713 negare.Nam
2985 4632 3766 4715 etAnthimum(6).quierat

391 4726 494 4792 τῆς
524 4728 689 4792 αὐτῆς
721 4721 847 4780 ὄντα
879 4722 1236 4798 Νικομηδείας
1269 4724 1555 4787 ἐπίσκοπος
1588 4723 1791 4780 ἀνελὼν
1821 4725 1848 4779 6
1871 4724 2041 4792 Μαξι-

2126 4723 2444 4804 episcopus
2488 4723 2756 4803 ejusdem
2791 4724 3181 4803 Nicomediae,
3210 4722 3590 4786 interfectum
3641 4724 3766 4805 igni

394 4814 589 4889 μιανὸς
647 4813 764 4890 πδρὶ
795 4810 1184 4890 παραδέδωκεν·
1246 4821 1401 4869 τοῦτο
1432 4810 1486 4867 δὲ
1548 4814 1770 4886 Πέντρον
1800 4813 1889 4870 τόν
1946 4820 2041 4881 τῆς

2129 4810 2394 4884 tradidit,
2431 4819 2488 4873 et
2518 4810 2756 4875 Petrum
2790 4814 3107 4875 antistitem
3160 4813 3244 4889 (Ἰ)
3274 4811 3672 4887 Alexandriae,
3709 4820 3769 4874 et

398 4899 794 4979 Ἀλεξανδρείας
866 4901 1075 4978 ἔγορ;›ν⁸
1158 4904 1311 4959 τοῦτο
1380 4900 1458 4974 δὲ,
1518 4900 1748 4968 πολλοὺς
1823 4902 2047 4980 ἀγαθοὺς

2132 4905 2349 4967 multos
2370 4903 2517 4966 alios
2536 4901 2851 4982 praeclaros
2869 4910 2926 4964 et
2947 4902 3130 4965 fortes
3153 4901 3669 4976 viros.Quinetiam
3694 4900 3771 4964 ad

397 5014 453 5049 τε
518 4993 602 5049 καὶ
660 4992 931 5068 γενναίους
977 4989 1184 5070 ἄνδρας.
1249 4993 1345 5050 Καὶ
1427 4992 1498 5053 εἰς
1557 5000 1775 5049 τοσοῦτο
1847 4993 2047 5071 προέϐη

2134 5002 2349 5057 tantam
2375 4990 2667 5075 processit
2688 4992 3059 5059 saevitiammt
3083 5010 3156 5054 ne
3175 4990 3500 5052 infantibus
3524 4988 3766 5069 quidem

396 5082 498 5150 της
532 5081 627 5138 ἐπῖ
680 5081 888 5143 τούτοις
921 5081 1229 5155 ὠμότητος,
1262 5080 1394 5136 ὥστε
1443 5082 1638 5155 καὶμὴ
1688 5080 1888 5139 παίδων
1944 5106 2045 5150 νη-

2132 5093 2424 5162 parceret,
2454 5081 2560 5144 sed
2589 5080 2750 5161 ipsos
2781 5100 3016 5161 quoque
3048 5083 3455 5154 interimeret;
3484 5075 3766 5158 quoniam

396 5172 535 5228 πίων
593 5169 786 5245 κομιδῇ
846 5169 1138 5249 φείδεσθαι,
1198 5168 1337 5225 ἀλλὰ
1392 5171 1480 5227 καὶ
1537 5170 1722 5236 αὒτοῦς
1780 5173 2041 5250 ἀναιρεῖν·

2133 5191 2242 5234 nec
2266 5180 2493 5254 poterat
2525 5169 2764 5251 quidem
2781 5169 2871 5232 eis
2893 5169 3342 5251 persuadere,ut
3371 5171 3675 5246 gestarent
3695 5182 3769 5229 ea

477 5338 559 5463 $5)
588 5334 873 5394 Sabellius
914 5335 1148 5394 tollebat
1183 5350 1559 5407 personarum
1598 5345 1655 5395 tn
1686 5340 2043 5397 sanctissima

504 5409 681 5463 nitate
710 5407 1047 5463 discrimen.
1069 5408 1223 5463 unde
1247 5408 1610 5463 sequebatur.
1645 5409 1875 5463 Patrem
1902 5425 2043 5463 auo-

397 5407 681 5491 Trinjtate
710 5407 1047 5491 discrimen,
1069 5408 1223 5491 unde
1247 5408 1612 5491 sequebatur,
1645 5409 1875 5467 Patrem
1902 5425 2047 5491 quo-

399 5494 514 5550 que
542 5479 908 5534 incarnatum
943 5493 1069 5536 esse
1104 5487 1159 5535 et
1182 5493 1412 5545 passum
1448 5498 1461 5543 ;
1499 5479 1567 5535 ad
1601 5482 1717 5536 haec
1748 5479 2046 5538 materiam

404 5551 719 5621 ingenitam
754 5549 1066 5621 asserebat.
1106 5550 1245 5617 Quae
1284 5549 1467 5608 iusius
1526 5550 1700 5610 tradit
1761 5552 2049 5611 Batonius

407 5619 547 5679 tom.
579 5619 653 5679 ll.
684 5633 779 5679 an.
814 5619 941 5688 seu,
973 5634 1031 5679 n.
1063 5621 1127 5678 61
1164 5632 1217 5679 et
1250 5634 1373 5694 seq.

2200 5340 2280 5411 (6)
2337 5342 2418 5399 De
2474 5339 2531 5396 S.
2592 5338 2866 5411 Anthimo
2902 5338 3195 5411 episcopo
3253 5331 3677 5392 Nicomediensi
3715 5342 3772 5393 et

2129 5408 2379 5484 martyre
2408 5424 2645 5484 agemus
2666 5408 2740 5484 27
2774 5408 2956 5484 April.

2201 5473 2374 5553 (πε.
2440 5473 3024 5553 petriﬁlexandrini
3084 5475 3563 5553 episcopis/itam
3606 5473 3773 5533 debi-

2132 5545 2366 5613 mus'26
2406 5550 2677 5612 Novemb.
2710 5552 2806 5609 ubi
2842 5548 2913 5606 de
2943 5559 3197 5619 tempore
3254 5546 3418 5605 caedis
3447 5545 3573 5621 ejus
3630 5562 3772 5619 age-

2133 5640 2286 5683 mus.
