4062 6194
389 341 507 408 403
1673 344 1955 408 MENSIS
2009 347 2041 407 J

2127 343 2461 407 iUARIUS.
3645 339 3756 405 404

391 498 522 562 qua
541 479 1023 543 sacriﬁcabantur
1052 476 1579 540 daemonibus.Non
1605 477 1765 539 enim
1793 493 2034 558 persua-

2127 473 2252 532 Ξιότι
2297 476 2376 548 μὴ
2407 473 2624 539 δυνατὸς
2675 474 2740 542 ἧν
2783 472 2980 530 πείθειν
3038 473 3223 538 αὖτοὺς
3256 472 3610 552 ἀπογεύεσθαι
3665 477 3766 529 τῶν

392 560 590 645 debat,
624 571 727 632 sed
761 568 1113 631 resistebant
1145 567 1336 646 pueri,
1373 575 1575 647 aperte
1607 565 1971 627 corroborati
2004 583 2036 626 ιι

2127 578 2234 629 τοῖς
2297 562 2509 638 δαίμοσι
2560 562 2853 636 θυομένων.
2917 562 2988 620 Οὔ
3018 563 3117 640 γὰρ
3161 561 3392 635 ἔπειθεν,
3425 560 3547 617 ἀλλ’
3599 564 3769 619 ἀντετ-

392 661 668 740 quodam,
703 659 859 738 quod
892 656 1002 717 sub
1036 666 1343 734 aspectum
1376 663 1581 737 aperte
1612 675 1730 716 non
1762 653 2030 731 cadebat,

2127 677 2219 733 χον
2281 657 2327 709 οἱ
2361 651 2547 716 παῖδες
2607 652 2708 708 ὑπό
2738 675 2882 715 τινος
2939 650 3205 718 ἑπιόιίλώς
3241 651 3470 730 ἀοράτου
3527 651 3767 726 βοηθείας

391 738 712 822 auxilio,ad
743 746 929 814 magis
949 745 1308 824 arguendam
1337 745 1698 815 daemonum,
1739 752 1794 806 et
1827 762 2032 805 eorum

2127 744 2472 820 νευρούμενοι,
2526 743 2657 814 πρὸς
2717 739 2948 819 ἔλεγχον
3004 741 3216 814 μείζονα
3273 746 3379 806 τῆς
3427 747 3536 796 τῶν
3580 738 3766 813 δαιμό-

391 839 492 919 qui
523 837 610 898 eis
641 836 992 907 inserviunt,
1027 853 1144 895 non
1177 833 1369 894 solum
1424 832 1893 914 improbitatem,
1927 832 2030 894 sed

2127 854 2219 886 νων
2281 833 2369 886 καὶ
2438 836 2544 886 τῶν
2601 831 2805 895 τούτοις
2883 830 3322 906 ὃπηρετουμένων
3397 831 3458 888 οὔ
3523 829 3769 907 πονηρίας

391 916 563 988 etiam
589 923 1086 986 imbecillitatem:
1119 923 1413 1003 siquidem
1447 931 1672 1002 apertae
1695 921 2032 984 eratimbe-

2127 919 2219 988 ἤδη
2296 920 2480 998 μόνον,
2541 917 2679 974 ἀλλὰ
2748 920 2834 974 καὶ
2916 920 3205 983 ἀσθενείας·
3281 918 3442 996 εἴπερ
3516 916 3770 996 ἐμφανοῦς

391 1015 678 1093 cillitatis,
706 1033 822 1075 non
850 1031 1023 1093 posse
1050 1013 1277 1073 firmam
1312 1031 1380 1074 ac
1411 1012 1660 1072 validam
1697 1029 1863 1073 suam
1889 1011 1995 1071 red
2014 1044 2032 1054 -

2127 1009 2386 1071 Ξιτθενείας
2445 1009 2508 1075 ἦν
2558 1009 2618 1063 τὸ
2680 1006 2756 1082 μὴ
2815 1004 3058 1064 δύνασθαι
3113 1008 3324 1085 κυρείαν
3374 1003 3636 1071 ἐπιδεῖξαι
3678 1007 3772 1073 τὴν

389 1104 534 1165 dere
564 1091 945 1172 sententiam,
975 1101 1231 1162 maxime
1253 1120 1386 1162 cum
1421 1100 1618 1162 omnia
1651 1108 1958 1180 cuperent,
1979 1107 2035 1161 et

2127 1098 2318 1154 ἑαυτῶν
2379 1095 2604 1172 γνώμην
2663 1095 2834 1150 πάντα
2907 1094 3400 1173 προθυμουμένους,
3467 1091 3642 1158 ἄλλως
3695 1113 3770 1170 τε,

390 1197 579 1254 omnia
606 1195 1170 1266 experirentur.Fult
1202 1204 1392 1250 autem
1421 1196 1734 1250 maximum
1754 1195 2033 1250 auxilium

2127 1188 2205 1241 mi
2264 1192 2392 1241 πᾶσι
2424 1185 2524 1252 τὴν
2587 1198 2780 1262 πεῖραν
2835 1185 3230 1262 προσάγοντας·
3291 1185 3381 1239 καὶ
3431 1182 3531 1256 μὲν
3576 1180 3641 1248 δὴ
3696 1184 3776 1238 καὶ

387 1281 486 1360 iis,
514 1281 614 1360 qui
636 1281 1009 1342 considerate
1033 1287 1091 1340 et
1113 1298 1180 1339 ex
1202 1278 1431 1357 judicio
1466 1278 2033 1358 decertabant,pue-

2127 1277 2369 1349 βοήθημα
2400 1279 2650 1352 μέγιστον
2706 1275 2904 1352 ἐγίνετο
2947 1286 3064 1335 τοῖς
3099 1272 3157 1329 ἐκ
3215 1272 3482 1350 λογισμοῦ
3511 1271 3607 1326 καῖ
3661 1272 3774 1349 κρί-

387 1389 587 1432 rorum
615 1372 684 1429 ad
717 1378 965 1431 mortem
990 1386 1175 1449 usque
1200 1367 1480 1430 fortitudo
1512 1377 1567 1428 et
1597 1369 1950 1442 constantia,
1975 1376 2036 1428 ut

2127 1386 2250 1425 σεως
2282 1363 2692 1442 ἀγωνιζομένοις
2755 1365 2788 1432 ἡ
2820 1370 2926 1418 τῶν
2957 1360 3157 1418 παίδων
3205 1361 3334 1442 ἅρχι
3368 1362 3600 1417 θανάτου
3655 1382 3778 1437 καρ-

389 1460 490 1539 qui
522 1458 1028 1532 erubescerent,si
1052 1465 1444 1520 cernerentur
1459 1457 1662 1537 pueris
1695 1457 2033 1532 inferiores,

2127 1455 2261 1529 τερία
2317 1455 2404 1509 καὶ
2462 1453 2730 1531 ἔνστασις,
2765 1453 2819 1508 ἐν
2876 1453 3108 1530 αἰσχύνῃ
3169 1450 3542 1525 ποιουμένοις,
3577 1451 3622 1505 εί
3650 1450 3774 1506 παί-

387 1538 570 1608 rebus
591 1547 870 1625 gravibus
893 1556 952 1609 ct
977 1547 1205 1626 asperis
1227 1546 1591 1620 illatis,sicut
1609 1546 1833 1612 illi.non
1857 1547 2035 1608 resis-

2127 1540 2221 1598 δων
2283 1545 2492 1623 ὀφθεῖεν
2524 1541 2722 1607 ἥττους
2779 1547 2844 1616 τῇ
2873 1547 2980 1598 τῶν
3012 1538 3194 1596 δεινῶν
3238 1541 3506 1616 ἐπαγωγῆ
3536 1541 3609 1602 ὡς
3641 1538 3776 1595 ἐκεῖ·

391 1637 960 1716 tentes.Quicunque
984 1643 1183 1697 autem
1203 1653 1410 1696 rursus
1439 1635 1855 1713 frangerentur
1877 1636 2035 1716 peri-

2127 1655 2199 1688 vat
2259 1633 2336 1706 μὴ
2367 1631 2760 1704 ἀνθιστάμενοι.
2797 1631 2950 1688 ’Ὅσοι
2989 1629 3042 1686 δὲ
3087 1628 3248 1686 πάλιν
3307 1631 3444 1708 πρὸς
3477 1630 3600 1692 τοὶς
3659 1652 3774 1685 κιν-

391 1725 564 1798 culis,
602 1725 675 1785 iis
701 1743 1016 1804 puerorum
1047 1723 1466 1804 perpessiones
1488 1723 2037 1805 aﬂ‘erebantrcpre-

2127 1719 2296 1780 Ξύνους
2365 1719 2647 1777 ὀκλάσειαν
2717 1720 2924 1783 τούτους
2985 1721 3058 1782 είς
3117 1719 3448 1798 κατηγορίαν
3494 1717 3662 1774 ἐτέλει
3716 1718 3777 1775 τὰ

388 1813 938 1894 hensionem,qnod
967 1831 1080 1874 non
1111 1820 1225 1873 tam
1251 1822 1497 1894 propter
1529 1813 1818 1874 malorum
1843 1814 2034 1892 gravi-

2127 1815 2222 1865 τῶν
2272 1808 2468 1864 παίδων
2503 1811 2824 1886 παγήματα,
2872 1811 2944 1872 ὡς
3002 1809 3132 1888 οὒχί
3187 1809 3450 1886 βαρύτητι
3498 1815 3606 1863 τῶν
3671 1806 3774 1863 δει-

388 1910 596 1976 tatem,
636 1921 812 1982 quam
864 1911 1105 1981 propter
1135 1905 1315 1962 animi
1351 1901 1686 1976 mollitiem,
1721 1921 1824 1964 eos
1856 1903 2036 1964 victos

2127 1905 2222 1952 νῶν
2265 1897 2496 1979 μᾶλλον,
2548 1898 2584 1966 ἢ
2645 1897 2981 1978 χαλαρότητι
3041 1897 3317 1976 λογισμῶν
3381 1899 3616 1971 οἰκείων,
3681 1897 3777 1962 τὴν

389 1990 574 2052 fuisse
597 1990 1035 2070 appareret.Sic
1059 1991 1203 2052 nihil
1233 1998 1602 2068 temere,nec
1633 1991 1858 2072 absque
1879 1992 2035 2072 cpti-

2127 1989 2286 2054 httav
2344 1990 2814 2062 δπομεμενηκᾶτες
2878 1989 3191 2067 φανείησαν,
3253 1986 3439 2050 Οὕτως
3501 1985 3651 2042 ούδὲν
3710 1986 3776 2041 εί-

390 2097 486 2140 ma
515 2080 743 2140 ratione
776 2099 966 2160 neque
1001 2087 1112 2150 est,
1149 2097 1342 2159 neque
1373 2079 1503 2159 fuit,
1539 2099 1732 2160 neque
1776 2099 2034 2162 unquam

2127 2090 2277 2134 καῖον
2334 2075 2448 2133 οὐδὲ
2480 2076 2641 2154 λόγου
2705 2084 2797 2133 τοῦ
2827 2079 3101 2155 κρατίστου
3160 2078 3328 2156 χωρὶς
3362 2075 3483 2133 οὔτε
3541 2076 3632 2156 ἦν,
3665 2074 3775 2130 οὔτε

387 2167 564 2228 fuerit
595 2186 799 2228 eorum
845 2187 974 2249 quae
1003 2188 1036 2228 a
1058 2168 1180 2230 Deo
1213 2168 1620 2230 conceduntur
1648 2179 1708 2229 et
1736 2170 1866 2250 ejus
1900 2189 2035 2250 pro-

386 2256 647 2318 videntia
681 2277 694 2320 :
757 2259 1056 2338 quomodo
1089 2266 1226 2318 tunc
1285 2256 1470 2317 multa
1499 2257 1743 2337 quidem
1793 2261 1952 2320 varia
1984 2266 2042 2319 et

389 2345 744 2425 multiplicia
781 2355 1111 2408 evenerunt
1143 2346 1200 2407 in
1236 2345 1460 2422 pueris.
1488 2345 1571 2407 Ex
1604 2345 1823 2426 quibus
1842 2349 2040 2408 omni-

389 2433 500 2496 bus
555 2454 734 2496 unum
771 2435 1049 2508 narrabo,
1089 2434 1244 2514 quod
1280 2443 1367 2495 est
1412 2435 1670 2497 maxime
1701 2435 1944 2514 dignum
1978 2446 2042 2499 ut

389 2524 708 2585 mandetur
743 2524 1070 2587 memoria).
1107 2523 1202 2587 Sic
1235 2522 1394 2585 enim
1422 2524 1597 2586 habet
1630 2546 1644 2581 :

472 2613 929 2675 'l.Maximianus
950 2633 1084 2676 cum
1115 2614 1261 2674 duos
1284 2612 1566 2692 quosdam
1591 2632 1802 2694 pueros
1819 2633 2040 2693 genere

387 2703 846 2778 fratres,illustri
871 2705 999 2764 loco
1021 2711 1492 2777 natos,curasset
1514 2702 2040 2784 slstendos;primo

388 2797 622 2867 quidem
645 2798 965 2853 conabatur
988 2811 1086 2852 eos
1107 2795 1451 2867 quibusdam
1488 2796 1787 2863 promissis
1811 2798 2002 2854 inesca
2019 2827 2034 2837 -

390 2899 481 2955 re,
510 2879 726 2959 quibus
745 2881 1121 2941 existimabat
1152 2899 1363 2958 pueros
1390 2880 1648 2940 maxime
1680 2880 2040 2954 illiciendos;

388 2971 772 3042 posteajussit
796 2976 876 3028 eis
900 2973 1091 3029 εποιῐὶ
1119 2987 1185 3027 ex
1216 2974 1436 3043 iis,quan
1459 2982 1620 3028 erant
1638 2989 1661 3028 a
1681 2974 1792 3042 pud
1829 2975 2043 3044 ipsum,

389 3056 721 3130 sacriﬁciis,
751 3064 809 3118 et
841 3076 971 3136 quae
1001 3057 1332 3118 videntibus
1365 3058 1564 3136 pueris
1587 3059 2038 3128 sacriﬁcaverat,

2122 2166 2286 2238 ἔστιν,
2321 2165 2438 2222 οὔτε
2499 2168 2712 2240 μήποτε
2770 2165 2989 2243 γένηται
3027 2169 3132 2221 τῶν
3188 2168 3289 2222 ὑπὸ
3349 2173 3488 2223 Θεοῦ
3537 2165 3631 2222 καί
3682 2164 3775 2230 τῆς

2125 2256 2283 2312 αὐτοῦ
2339 2258 2587 2332 προνοίας
2619 2255 3103 2334 συγχωρουμένων·
3167 2255 3349 2333 ὥσπερ
3396 2255 3485 2312 οὖν
3522 2256 3605 2311 καὶ
3661 2255 3776 2309 τότε

2126 2343 2338 2400 ποικίλα
2394 2343 2489 2417 μὲν
2521 2344 2616 2398 καί
2661 2342 2796 2399 ἄλλα
2824 2346 2942 2421 περὶ
2996 2345 3115 2408 τοὺς
3147 2342 3346 2409 παῖδας
3380 2345 3585 2423 ἐγίνετο
3613 2343 3772 2408 πάθη·

2122 2432 2174 2488 ἓν
2227 2431 2304 2507 δὲ,
2336 2437 2364 2488 ὃ
2422 2435 2507 2489 καὶ
2539 2434 2765 2508 μνήμης
2810 2433 2917 2489 ἔστι
2952 2432 3180 2507 μάλιστα
3225 2432 3396 2514 ἄξιον,
3429 2432 3776 2512 διηγήσομαι,

2125 2521 2284 2600 ’Ἔχει
2315 2524 2413 2599 γὰρ
2442 2518 2566 2579 ὦδε.

2202 2610 2278 2682 ζ’.
2327 2615 2386 2669 Ὀ
2446 2610 2773 2676 Μαξιμιανὸς
2827 2611 2916 2667 δύο
2968 2612 3112 2672 τινας
3161 2610 3354 2677 παῖδας
3414 2609 3670 2690 ἀδελφοὺς
3723 2611 3778 2665 τὸ

2123 2699 2293 2777 γένος.
2360 2702 2466 2757 τῶν
2525 2699 2787 2778 λαμπρῶν
2873 2703 3199 2780 γενομένων,
3266 2702 3772 2777 παραστησάμενος.

2119 2790 2183 2844 τὰ
2241 2795 2424 2866 πρῶτα
2455 2790 2551 2863 μὲν
2595 2789 2920 2868 ὑποσχέσεσί
2974 2811 3110 2845 τισιν
3155 2789 3433 2869 ἐπεχείρει
3495 2787 3773 2859 δελεάξειν,

2126 2878 2247 2938 οἵας
2322 2876 2457 2950 ᾤετο
2507 2879 2686 2933 παισὶν
2753 2877 2839 2934 ὅτι
2905 2878 3138 2952 μάλιστα
3194 2880 3516 2956 γενήσεσθαι
3576 2878 3777 2954 ἐπαγω-

2124 2968 2376 3041 γοτατας’
2441 2967 2528 3020 καὶ
2588 2967 2900 3044 προσφέρειν
2959 2966 3199 3022 ἐκέλευεν
3251 2971 3441 3032 αὒτοϊς
3485 2973 3592 3023 τῶν
3657 2964 3774 3044 παρ’

2124 3053 2266 3126 αὐτῴ
2320 3054 2588 3127 θυμάτων,
2625 3057 2698 3109 ὧν
2754 3055 2838 3110 ἐπ’
2870 3055 3168 3134 ὀφθαλμοῖς
3228 3057 3333 3112 τῶν
3366 3054 3572 3112 παίδων
3627 3055 3775 3116 θύσας

389 3152 455 3206 ut
502 3152 561 3204 et
589 3153 920 3236 gustarent,
957 3154 1014 3205 et
1049 3145 1226 3236 nullis
1287 3146 1454 3236 malis
1484 3147 1881 3210 afﬁcerentur.
1918 3147 2041 3209 Illis

2127 3142 2214 3220 ἦν,
2252 3142 2336 3220 ἐφ’
2397 3143 2502 3217 ᾧτε
2557 3143 2973 3220 ἀπογεύσασθαι,
3007 3147 3096 3201 καὶ
3149 3153 3329 3201 κακῶν
3360 3146 3593 3210 ἀπαθεῖς
3653 3156 3776 3219 μετ-

383 3242 582 3296 autem
609 3233 1040 3303 aversantibus,
1073 3242 1129 3294 et
1162 3234 1616 3317 deflentibus,et
1650 3245 1709 3297 ut
1737 3245 2038 3318 poterant,

383 3325 587 3402 lingua
637 3327 722 3385 eis
756 3322 1126 3384 balbutiente
1179 3323 1537 3397 dicentibus,
1574 3327 1727 3406 quod
1791 3345 1909 3386 non
1958 3327 2044 3387 sic

391 3413 745 3476 didicissent
773 3432 805 3474 a
831 3412 1315 3494 parentibus,sed
1340 3414 1490 3475 alius
1510 3423 1664 3476 esset
1692 3416 1898 3476 modus
1930 3435 2044 3496 quo

387 3501 432 3562 ii
480 3501 848 3578 utebantur;
896 3500 1153 3562 minatus
1185 3510 1296 3580 est,
1328 3501 1402 3564 ab
1455 3502 1539 3564 ira
1591 3511 1868 3576 mutatus,
1905 3504 2046 3586 quin

390 3591 567 3653 etiam
593 3593 770 3653 variis
802 3610 907 3652 eos
936 3591 1131 3653 affecit
1159 3590 1688 3655 verberibus.Cum
1720 3612 1854 3655 vero
1878 3590 2049 3675 pueri

387 3680 621 3744 fortiter
680 3681 1059 3760 resisterent,
1094 3691 1150 3742 et
1201 3679 1367 3742 nullo
1399 3682 1576 3742 modo
1630 3683 1918 3745 cederent
1946 3703 2051 3746 eos

394 3774 590 3845 uthuo
615 3773 808 3831 divina
843 3774 1150 3830 rohorante
1170 3774 1377 3829 virtute
1397 3790 1411 3834 ς
1448 3772 1680 3844 quidam
1700 3789 1730 3831 e
1751 3777 2047 3846 sophisus,

391 3857 490 3938 qui
522 3856 646 3917 illic
678 3856 881 3917 aderat
915 3856 1088 3916 simul
1119 3874 1250 3916 cum
1293 3855 1682 3936 imperatore,
1718 3865 1774 3918 et
1803 3857 1873 3916 ad
1920 3858 2074 3935 haec

385 3963 521 4007 eum
552 3947 811 4007 maxime
838 3944 1122 4006 incitabat
1153 3954 1210 4006 et
1242 3944 1587 4017 inducebat,
1621 3945 1926 4025 pollicitus
1953 3955 2046 4007 est

385 4052 448 4094 se
473 4040 659 4094 statim
687 4037 1027 4095 effecturum
1060 4048 1120 4094 ut
1153 4038 1254 4107 ipsi
1291 4039 1684 4094 comederent.
1721 4038 2042 4095 Ridiculum

387 4121 548 4181 enim
575 4140 706 4182 esse
734 4122 1044 4192 dicebat,si
1070 4141 1101 4181 a
1124 4122 1323 4200 pueris
1344 4123 1539 4182 adimo
1567 4122 2044 4184 balbutientibus

388 4210 732 4272 viderentur
748 4211 1018 4291 superari
1043 4211 1446 4272 Romanorum
1477 4211 2051 4291 imperatores.Tale

389 4299 530 4380 quid
558 4318 701 4378 ergo
728 4300 1125 4362 machinatur.-
1164 4318 1294 4359 cum
1328 4300 1520 4379 sinapi
1554 4301 1870 4380 quamdam
1901 4320 2046 4363 acu-

387 4391 666 4448 tissimam
699 4401 753 4447 et
791 4391 1031 4448 toleratu
1065 4391 1460 4447 dimrillimam
1493 4395 1879 4462 excogitasset
1909 4407 2049 4449 con-

387 4477 731 4556 factionem,
765 4495 969 4538 eorum
1008 4479 1246 4556 quidem
1276 4485 1450 4556 caput
1482 4479 1619 4557 pilis
1639 4479 2044 4558 nudavit;cum
2067 4535 2113 4584 ο

386 4574 585 4627 autem
623 4567 1045 4628 medicamenti
1077 4566 1160 4640 id,
1197 4567 1356 4646 quod
1388 4577 1515 4627 erat
1570 4568 2034 4642 crassissimum,

390 4655 751 4718 illivisset.ut
775 4673 842 4716 ex
868 4657 1092 4734 majore
1118 4655 1386 4728 materia,
1412 4656 1734 4736 repentina
1765 4665 1821 4718 et
1853 4657 2040 4736 major

388 4743 567 4804 simul
589 4744 778 4805 virtus
809 4743 1164 4825 profundum
1193 4745 1631 4824 penetraret,in
1664 4747 1798 4824 igne
1819 4765 2040 4808 accen-

387 4853 514 4894 sum
537 4852 634 4893 eos
658 4837 850 4894 intulit
879 4838 1174 4894 balneum.
1211 4837 1327 4894 Hoc
1349 4839 1408 4894 in
1439 4838 1566 4895 loco
1593 4841 1913 4908 pucri,cum
1942 4856 2039 4898 vo-

388 4918 493 4981 luti
522 4917 774 4998 quodam
805 4917 1050 4978 fulmine
1083 4917 1198 4978 icta
1220 4928 1422 4980 essent
1446 4937 1652 4980 eorum
1690 4919 1906 5001 capita,
1932 4921 2039 4983 hac

387 5007 517 5087 ipsa
568 5007 714 5067 hora
745 5007 974 5068 fuerunt
1025 5006 1291 5068 inclinati
1322 5009 1394 5068 ad
1447 5007 1646 5068 solum
1681 5028 1890 5088 usque.
1925 5013 2047 5072 Nec

388 5101 569 5159 multo
596 5111 719 5172 post
746 5102 955 5158 eadcns
979 5115 1180 5158 eorum
1213 5111 1372 5158 mtate
1393 5103 1579 5158 minor
1605 5102 1754 5172 prior
1784 5113 1867 5160 est
1889 5120 2042 5161 mor-

389 5193 550 5260 tuus,
600 5204 734 5250 cum
799 5205 916 5247 non
977 5186 1266 5266 potuisset
1317 5187 1599 5248 resistere
1654 5189 2043 5267 magnitudini

387 5275 643 5336 ﬂammae
673 5294 943 5336 accensae
977 5277 1036 5336 in
1071 5275 1344 5337 calvaria.
1382 5277 1528 5338 Cum
1555 5285 1747 5337 autem
1772 5277 1921 5339 alter
1951 5283 2035 5338 vi-

387 5368 563 5425 disset
594 5369 828 5426 fratrem
875 5367 1174 5432 cecidisse,
1204 5382 1379 5438 quam
1411 5370 1658 5426 maxima
1693 5371 1868 5439 potuit
1902 5385 2040 5430 voce

388 5451 545 5514 bona
578 5452 753 5513 verba
785 5463 877 5516 est
931 5455 1167 5529 effatus,
1203 5453 1401 5515 fratris
1431 5453 1738 5516 exsultans
1766 5456 2030 5530 victoria,

389 5557 646 5620 cumque
665 5542 976 5621 amplexus
999 5552 1088 5603 est
1109 5550 1167 5603 et
1187 5542 1509 5618 osculatus,
1536 5551 1593 5604 et
1622 5562 1755 5604 eum
1790 5546 2028 5624 procla—

387 5627 569 5690 mavit
619 5629 928 5707 victorem,
963 5631 1211 5693 assidue
1239 5631 1576 5697 exclamans
1611 5649 1624 5695 :
1661 5632 1873 5698 Frater
1917 5635 2019 5717 mi,

2127 3254 2233 3292 ναι.
2293 3241 2407 3288 Των
2452 3229 2505 3289 δὲ
2567 3233 3047 3313 ἀποστρεφομένων
3108 3256 3163 3290 τε
3224 3238 3311 3291 καὶ
3355 3235 3772 3308 ἆνακλαιόντων,

2127 3322 2218 3376 καί
2267 3322 2340 3384 ὡς
2369 3320 2627 3388 ἢδύναντο
2679 3323 2992 3400 φασκόντων
3022 3328 3120 3390 τῆς
3174 3322 3431 3401 γλώσσης
3463 3327 3647 3388 αὐτοῖς
3703 3322 3774 3378 ἔτι

2131 3408 2549 3485 ψελλιζομὲνης,
2584 3412 2671 3466 καὶ
2728 3411 2809 3467 ὅτι
2867 3415 2969 3492 οὑχ
3013 3412 3178 3475 οὕτως
3236 3415 3379 3490 παρᾶ
3427 3428 3546 3478 τοῖς
3591 3413 3780 3469 ἕαυτῶν

2135 3501 2395 3579 πατράσιν
2440 3502 2813 3574 μεμαθηκότες
2868 3501 3082 3578 εἴησαν,
3121 3501 3243 3559 ἀλλ’
3299 3503 3482 3584 ἕτερος
3516 3503 3606 3569 εἴη
3667 3503 3778 3575 τρό⁹

2130 3613 2229 3652 πος
2292 3589 2474 3666 ὂπαρ’
2541 3589 2760 3653 ἐκείνοις
2815 3589 3158 3667 τελούμενος,
3193 3591 3402 3658 ἠπείλει
3463 3589 3784 3667 μεταϐαλλό-

2131 3701 2288 3754 μενος
2349 3678 2515 3759 αύθις,
2549 3682 2635 3735 καὶ
2695 3679 2759 3747 δὴ
2817 3681 2907 3736 καὶ
2963 3687 3234 3759 προσῆγεν
3293 3685 3482 3747 αὐτοῖς
3545 3679 3781 3741 ποικίλας

2130 3769 2329 3830 αἰκίας.
2385 3758 2478 3831 Ὠς
2509 3766 2563 3823 δέ
2620 3769 2707 3824 καὶ
2750 3770 2881 3844 πρὸς
2912 3771 3108 3824 ταύτας
3157 3758 3202 3826 οἱ
3233 3769 3428 3834 παῖδες
3489 3767 3776 3846 ἀπομαχό-

2132 3879 2282 3933 μενοι
2340 3855 2592 3929 ἵσταντο,
2657 3859 2741 3913 καὶ
2809 3855 3054 3932 οὒδαμῶς
3115 3856 3406 3915 ἐνεδίδοσαν
3479 3861 3578 3924 τῆς
3647 3857 3779 3917 θείας

2129 3947 2316 4007 αὐτοὺς
2380 3944 2552 4015 δήπου
2601 3946 2931 4023 ῥωννυούσης
2976 3946 3273 4023 δυνάμεως’
3335 3949 3442 4004 τῶν
3514 3951 3591 4010 τὶς
3636 3966 3778 4024 coqu-

2127 4037 2265 4092 στῶν
2295 4036 2458 4092 ἐκεῖθι
2531 4041 2607 4108 τῷ
2666 4034 2882 4111 βασιλεῖ
2937 4037 3121 4114 παρὼν
3179 4039 3206 4092 ὁ
3265 4038 3399 4114 πρὸς
3448 4040 3513 4094 τὰ
3569 4041 3775 4092 τοιαῦτα

2126 4125 2358 4200 μάλιστα
2418 4129 2706 4201 παρορμῶν
2770 4146 2825 4179 τε
2881 4126 2968 4181 καὶ
3027 4127 3416 4203 ὑφηγούμενος,
3481 4126 3634 4187 αὖτὸς
3689 4123 3776 4176 ὑπ-

2135 4215 2263 4279 έστη
2328 4214 2747 4291 παρασκευάσειν
2805 4215 2990 4276 αὐτοὺς
3053 4214 3233 4273 αὐτίκα
3298 4216 3593 4292 βρώσεσθαι
3650 4231 3773 4267 πανο

2131 4303 2220 4366 τὸς
2275 4310 2367 4359 τοῦ
2445 4301 2894 4380 προσφερομένου·
2970 4303 3364 4381 καταγέλαστον
3438 4304 3541 4381 γάρ
3625 4301 3770 4355 εἶνα-

2132 4391 2329 4448 παίδων
2390 4390 2463 4446 ἔτι
2496 4389 2893 4465 ψελλιζομένων
2945 4407 3163 4470 φανεῖεν
3221 4394 3268 4447 οἰ
3333 4383 3617 4467 Ῥωμαίων
3673 4388 3772 4462 βα·-

2131 4480 2301 4543 σιλετς
2355 4479 2550 4546 ἥττους
2584 4483 2879 4556 γενόμενοι.
2951 4487 3274 4559 Μηχανᾶται
3327 4482 3499 4540 τοίνυν
3555 4473 3767 4535 τοιόνδε⁰

2130 4570 2324 4632 νάπυος
2399 4570 2518 4624 τινὰ
2593 4590 2788 4645 σκευιιν
2879 4567 3136 4635 ὀξυτάτην
3208 4571 3295 4624 καὶ
3367 4568 3773 4645 δυσκαρτέρητοι

2122 4658 2432 4727 ἐπινοήσας,
2495 4655 2722 4732 ἐψίλωσε
2794 4656 2891 4730 μέν
2948 4657 3132 4722 αὐτοῖς
3189 4658 3284 4719 τὰς
3358 4657 3594 4736 κεφαλὰς
3666 4658 3766 4707 τῶν

2121 4749 2350 4825 τριχῶν·
2411 4745 2558 4802 τοῦδε
2617 4745 2897 4824 φαρμάκου
2943 4747 3257 4826 παχύτατον
3315 4746 3640 4816 ἐπιπλάσας,
3698 4736 3768 4795 ’ἔν’

2122 4830 2181 4891 ἐκ
2238 4834 2482 4898 πλυίονος
2540 4839 2640 4900 τῆς
2693 4832 2826 4900 ὕλης
2870 4833 3028 4912 ἁθρόα
3075 4845 3158 4890 καί
3218 4833 3414 4889 πλείων
3469 4836 3502 4902 ἡ
3559 4829 3766 4902 δύναμις

2129 4923 2158 4989 ἣ
2215 4932 2307 4980 τοῦ
2359 4924 2546 5000 βάθους
2599 4923 3005 5001 καθαπτομένη,
3066 4926 3138 4989 είς
3194 4922 3510 5003 πυριφλεγές
3562 4918 3762 4975 εἰσεκό-

2127 5034 2249 5087 μισε
2307 5013 2616 5089 βαλανεῖον.
2690 5011 2942 5070 Ἐνταῦθα
2984 5011 3048 5077 δὴ
3099 5015 3146 5068 οἱ
3202 5012 3392 5076 παῖδες
3436 5011 3613 5085 ὥσπερ
3667 5003 3761 5060 τινὶ

2124 5103 2392 5180 πρηστῆρι
2453 5103 2544 5164 τὰς
2588 5100 2822 5180 κεφαλὰς
2877 5102 3161 5178 βληθέντες
3221 5101 3452 5179 αὖθωρὸν
3513 5095 3756 5166 συνεκάμ·

2123 5195 2330 5270 φθησαν
2387 5192 2578 5268 μέχρις
2638 5190 2883 5270 ἐδάφους.
2923 5192 3018 5249 Καὶ
3078 5189 3196 5263 μετ’
3255 5189 3313 5246 οὺ
3351 5189 3479 5246 πολὺ
3535 5185 3705 5243 πεσὼν
3727 5181 3759 5270 -ὁ

2123 5281 2375 5352 νεώτερος
2435 5280 2598 5340 ςῦτῶν
2658 5280 2860 5354 ἔθανεν,
2895 5279 2990 5334 οὒκ
3046 5280 3323 5358 ἀντισχὼν
3373 5280 3502 5356 πρὸς
3557 5276 3616 5329 τὸ
3673 5267 3736 5344 μέ

2123 5373 2269 5444 γεθος
2298 5374 2396 5436 τῆς
2447 5368 2756 5448 ἐξαφθείσης
2815 5375 2907 5424 τοῦ
2964 5368 3174 5443 κρανίου
3223 5366 3444 5447 «φλογός⁸
3491 5368 3517 5422 ὁ
3547 5363 3598 5418 δέ
3654 5359 3757 5414 gr:-

2119 5480 2209 5535 ρσς
2265 5461 2336 5520 ὡς
2369 5456 2481 5514 ε’ίδε
2543 5461 2773 5513 πεσόντα
2813 5459 2904 5512 τὸν
2962 5456 3185 5535 ἀδελφὸν
3237 5457 3579 5536 ἀνευφήμησε
3633 5451 3758 5510 ὁπη⁶

2117 5546 2262 5604 λίκον
2316 5545 2543 5614 ἠδύνατο
2574 5547 2831 5623 μέγιστον
2860 5551 2928 5622 τῇ
2959 5549 3053 5601 τοῦ
3109 5544 3336 5625 ἀδελφοῦ
3369 5559 3485 5620 νίκῃ
3532 5542 3753 5614 ἐπαγαλ-

2114 5636 2363 5712 λόμενος,
2424 5639 2512 5692 καὶ
2570 5632 2870 5713 περιλαϐὼν
2925 5633 3081 5693 αὐτόν
3137 5634 3326 5714 ἐφίλει,
3393 5635 3476 5691 καὶ
3536 5625 3755 5705 νικηφδ·
