4094 6196
1641 370 1827 435 VITA
1881 370 1942 432 S.
1990 370 2326 435 LUCIANI.
3552 365 3670 436 460

294 376 420 443 405

295 537 389 593 ρον
433 511 582 587 ἐϐόα,
629 511 717 567 καὶ
762 514 1002 589 συνεχῶς
1039 524 1053 538 ’
1089 505 1312 587 Ἀδελφὲ
1355 530 1481 581 μου,
1518 506 1821 579 νενίκηκας,
1857 503 1945 561 ἑκ-

2027 501 2446 581 vicisti,donec
2477 500 2591 564 lioc
2614 500 2838 565 dictum
2870 501 3465 593 eloquens,eumque
3496 518 3666 593 com-

294 590 538 682 ἀκραγει,
585 601 781 679 μέχρις
827 600 889 656 οὗ
945 597 1041 655 καί
1086 597 1242 657 αὗτὸς
1295 604 1453 653 τοῦτο
1501 594 1626 660 ἔπος
1683 594 1940 674 ἐπιφθεγ-

2026 591 2312 682 ρΙεοιοηεί
2356 600 2413 654 et
2470 590 2934 682 osculans,ipse
2984 609 3225 682 quoque
3258 590 3575 682 exspiravit
3604 604 3667 655 et

293 680 528 771 γόμενος
574 691 714 763 αὐτῷ
771 689 857 746 καὶ
911 686 1399 764 περιπλεγνύμενος
1450 685 1537 742 καὶ
1565 683 1733 765 φιλῶν
1763 704 1940 761 προσ-

2023 681 2229 760 jacuit.
2293 681 2541 744 fratrem
2589 683 2714 762 jam
2744 681 2900 743 ulnis
2932 690 3175 771 tenens.
3201 680 3435 744 Accidit
3464 688 3663 744 autem

294 781 652 851 απέπνεδσεν,
699 778 787 835 ααὶ
850 776 1023 835 ἔκειτο
1073 774 1178 843 ἤδη
1237 776 1327 831 τὸν
1382 773 1608 853 ἀδελφὸν
1652 772 1933 851 ἒνηγκαλιο

291 871 518 946 σμένος,
578 869 675 926 Καὶ
721 870 881 930 πάθος
938 866 1193 943 μέγιστον
1250 863 1314 932 δὴ
1369 871 1551 922 τοῦτον
1581 862 1700 920 κατ’
1734 861 1941 918 ἐκεῖνον

292 958 490 1025 συνέϐη
547 959 640 1013 τὸν
696 963 912 1036 χρόνον,
977 954 1068 1011 καὶ
1120 966 1240 1016 τοῖς
1300 956 1491 1031 ὁρῶσιν
1550 952 1939 1023 ἐλεεινότατον,

293 1050 464 1115 αὐτῆς
524 1046 693 1114 δήπου
749 1050 845 1111 τῆς
889 1043 1099 1113 ἡλικίας
1145 1044 1218 1109 εἰς
1273 1046 1458 1101 οἶκτον
1490 1043 1583 1107 τὰς
1614 1046 1719 1097 τῶν
1750 1038 1939 1097 πλειό-

292 1158 403 1191 νων
434 1135 653 1213 γνώμας
704 1130 1108 1207 ἐπισπωμένης.
1170 1134 1266 1190 Καὶ
1296 1131 1515 1195 τούτους
1548 1131 1647 1205 μὲν
1691 1131 1738 1186 οἱ
1767 1151 1939 1205 προσ-

290 1227 518 1296 ήκοντες
565 1222 877 1297 ἀνελόμενοι
911 1221 1000 1277 σὺν
1029 1234 1146 1284 τοῖς
1192 1218 1376 1284 ἄλλοις
1416 1218 1616 1294 ἔθαψαν
1648 1219 1798 1275 παισὶ
1848 1216 1937 1274 διὰ

290 1317 355 1371 τὸ
400 1315 578 1370 κοινὸν
623 1316 720 1380 τῆς
765 1311 933 1369 αἰτίας
970 1330 983 1345 ·
1047 1312 1134 1367 καὶ
1192 1317 1278 1366 νῦν
1314 1309 1457 1367 ἔστιν
1488 1311 1658 1366 αὐτῶν
1689 1310 1750 1364 τὸ
1793 1329 1936 1385 μαρ-

287 1406 467 1483 τύριον
500 1404 615 1480 περὶ
650 1402 743 1470 τήν
775 1399 1156 1475 Νικομήδειαν,
1208 1405 1309 1456 τῶν
1366 1400 1572 1468 νηπίων
1603 1396 1741 1456 οὕτω
1771 1395 1935 1477 μέχρι

290 1500 390 1553 τοῦ
416 1490 681 1572 παρόντος
713 1488 1148 1566 ὀνομαζομένων.

2023 770 2127 833 illo
2162 779 2432 853 tempore
2483 772 2615 836 hac
2670 770 2977 852 perpessio
3028 770 3308 848 maxima,
3340 772 3528 850 etiis,
3562 772 3667 854 qui

2023 859 2327 936 videbant,
2369 861 2623 924 maxime
2659 859 3041 936 miserabilis,
3074 860 3203 941 ipsa
3224 860 3470 942 quidem
3502 871 3666 925 certe

2024 958 2189 1010 aetate
2221 950 2557 1013 attrahente
2609 949 3004 1031 plurimorum
3059 950 3290 1011 animos
3314 949 3388 1012 ad
3421 949 3661 1011 miseri-
3710 992 3717 995 ι

2026 1037 2314 1100 cordiam.
2349 1037 2418 1101 Et
2449 1057 2549 1101 eos
2582 1037 2821 1120 quidem
2866 1038 2906 1099 ii
2967 1038 3070 1120 qui
3120 1037 3195 1100 ad
3224 1038 3391 1118 ipsos
3442 1058 3665 1119 genere

2025 1127 2379 1205 attinebant,
2438 1148 2573 1193 cum
2637 1128 3039 1201 sustulissent,
3100 1127 3470 1209 sepelierunt
3526 1147 3663 1193 cum

2021 1216 2155 1279 aliis
2205 1217 2432 1297 pueris,
2488 1224 2733 1299 propter
2787 1235 2982 1280 causa;
3030 1216 3542 1282 communitatem.
3594 1217 3665 1280 Et

2020 1306 2134 1368 hoc
2165 1313 2254 1368 est
2287 1305 2635 1388 martyrium
2667 1305 2828 1368 circa
2854 1302 3289 1382 Nicomediam,
3340 1305 3499 1388 quod
3547 1324 3661 1367 no-

2022 1394 2287 1459 minatur
2321 1396 2669 1483 martyrium
2711 1395 3052 1471 infantium,
3103 1411 3293 1478 usque
3318 1394 3382 1457 in
3412 1394 3664 1461 hodier--

2022 1503 2162 1549 nam
2192 1484 2376 1551 diem.

1792 1634 2026 1694 CAPUT
2063 1634 2158 1693 III.

1189 1762 1463 1819 Lucium:
1491 1760 1668 1820 varios
1714 1762 1972 1820 convertit
2001 1778 2016 1821 :
2052 1765 2352 1837 conjicitur
2385 1764 2448 1823 in
2488 1780 2771 1823 carcerem.

376 1889 467 1958 η’.
538 1900 578 1949 0
621 1888 686 1957 δὴ
732 1889 1022 1952 Λουκιανὸς
1061 1886 1245 1954 ἐπειδὴ
1289 1893 1388 1954 τῆς
1423 1886 1800 1952 Καππαδοκίας
1833 1888 1935 1945 ἐπ-

2099 1891 2159 1955 8.
2194 1891 2339 1955 Cum
2370 1898 2571 1953 autem
2602 1890 2920 1964 Lucianus,
2978 1891 3117 1953 dum
3173 1892 3520 1970 duceretur,
3555 1914 3659 1958 ve-

295 1979 396 2047 έϐη
454 1979 745 2057 φερόμενός
803 2000 943 2034 τισιν
983 1977 1248 2056 ἐντυχὼν,
1282 1976 1401 2034 ἐκεῖ
1428 1983 1536 2032 τῶν
1586 1992 1709 2041 τοῖς
1749 1976 1934 2042 ὅπλοις

293 2069 755 2146 στρατευομένων,
832 2074 1172 2143 Χριστιανοῖς
1241 2067 1341 2140 μὲν
1397 2065 1563 2138 οὖσιν,
1641 2068 1714 2129 είς
1772 2067 1934 2145 ἀρνή-

291 2182 434 2221 σεως
490 2157 544 2214 δέ
602 2179 717 2221 πως
772 2157 1012 2233 ἀνάγκην
1069 2156 1436 2235 ἀφικομένοις,
1483 2155 1799 2213 ἀνεκαλεῖτο
1840 2159 1935 2221 τὰς

290 2256 516 2327 γνὺμας
560 2250 757 2325 αὐτῶν,
815 2243 1119 2310 ὑποδεικνύς
1174 2266 1231 2300 τε
1289 2243 1383 2300 καῖ
1415 2246 1803 2325 ὑφηγούμενος,
1861 2250 1933 2309 ὡς

284 2338 646 2417 αἰσχρότατον
710 2335 771 2391 ἃν
802 2334 894 2401 εἴη
948 2333 1187 2406 πάντων,
1219 2330 1408 2411 ἄνδρας
1450 2338 1548 2390 καὶ
1580 2344 1746 2394 ταῦτα
1779 2356 1935 2412 στρα-

285 2428 489 2490 τιώτας
540 2427 785 2503 ἀγεννεῖς
843 2426 1093 2504 ὀφθῆναι,
1129 2424 1217 2480 καὶ
1272 2424 1402 2502 πρὸς
1446 2445 1548 2489 την
1590 2431 1682 2482 τοὺ
1709 2425 1933 2484 θανάτου

283 2529 480 2584 πεῖραν
512 2514 925 2589 ἀτολμωτατους
961 2529 975 2544 ⁸
1021 2515 1093 2569 ὧν
1151 2513 1241 2569 καὶ
1297 2525 1549 2589 γυναῖκες
1604 2512 1709 2581 ἤδη
1757 2514 1926 2587 τινὲς,

287 2606 500 2681 μᾶλλον
552 2603 605 2659 δὲ
662 2605 748 2661 καὶ
804 2601 994 2664 παῖδες
1047 2602 1300 2680 γεγόνασι
1350 2602 1667 2678 κρείττονες·
1719 2608 1836 2668 πῶς
1885 2602 1930 2659 δ’

286 2695 354 2751 ἂν
384 2697 566 2769 ὃμεῖς,
614 2692 740 2773 ἔφη,
802 2695 898 2748 τοῦ
944 2691 1201 2768 ἐπικήρου
1243 2689 1504 2767 βασιλέως
1554 2688 1931 2769 προκινδυνεύ-

289 2807 447 2864 σητε,
479 2785 572 2840 τὸν
629 2784 870 2857 οὐράνιον
913 2781 1139 2855 ἑτοίμως
1199 2779 1338 2838 οὕτω
1388 2778 1780 2857 προδεδωκότες
1823 2801 1838 2853 ;
1885 2782 1934 2838 τί

287 2872 347 2930 δὲ
402 2872 499 2929 καί
560 2873 622 2929 τὰ
679 2872 907 2951 χύρωμα
947 2871 983 2939 ἢ
1042 2869 1293 2947 φύλαγμα
1335 2869 1466 2943 ὓμῖν
1514 2870 1795 2945 γενήσεται
1828 2892 1931 2926 σωο

285 2964 498 3040 τηρίας,
559 2963 603 3017 εἰ
664 2960 872 3022 ἐκεῖνος
930 2961 1065 3031 ὑμας
1126 2960 1312 3016 αὐτίκα
1367 2958 1511 3035 τύχῃ
1566 2963 1672 3014 τῶν
1734 2956 1934 3015 ἐνθένδε

287 3051 787 3128 μεταπεμψάμενος
824 3064 841 3121 ;
874 3043 989 3115 Ἆρ’
1047 3047 1280 3104 ἐννοεῖτε
1332 3047 1405 3107 ὡς
1465 3046 1621 3105 αὒτὸς
1652 3044 1820 3103 διέπει
1848 3047 1935 3102 καὶ

290 3141 607 3219 πρυτανεύει
636 3137 753 3195 τοδε
796 3139 858 3195 τὸ
889 3144 1038 3215 nam;
1088 3137 1338 3198 κάκεῖνος
1380 3134 1490 3190 ἔστι
1540 3136 1682 3205 ζωῆς
1733 3156 1791 3190 τε
1844 3142 1936 3196 καὶ

2020 1980 2212 2042 nisset
2242 1981 2300 2042 in
2332 1980 2767 2063 Cappadociam
2803 1979 2913 2060 (8),
2960 1988 3021 2042 et
3065 1983 3446 2046 convenisset
3474 2003 3660 2065 quos-

2022 2069 2157 2132 dam
2189 2069 2313 2132 illic
2347 2071 2589 2142 milites,
2623 2069 2727 2149 qui
2783 2078 2952 2132 erant
3004 2071 3245 2151 quidem
3302 2072 3654 2150 Christiani,

2020 2160 2210 2223 coacti
2259 2169 2457 2223 autem
2491 2161 2728 2223 fuerant
2782 2160 3104 2242 abnegare,
3158 2180 3361 2224 eorum
3395 2170 3654 2226 mentem

2017 2250 2342 2325 revocavit,
2378 2249 2701 2312 ostendens
2732 2258 2789 2311 et
2820 2268 3150 2331 exponens,
3204 2251 3358 2332 quod
3412 2252 3493 2315 sit
3523 2271 3680 2323 οτη-¹

2018 2340 2183 2401 nium
2233 2339 2669 2419 turpissimum,
2728 2339 2888 2401 viros
2935 2359 3159 2417 eosque
3214 2340 3438 2402 milites
3469 2341 3660 2405 videri

2016 2429 2258 2508 ignavos
2308 2447 2373 2490 ac
2404 2428 2836 2509 pusillanimes,
2872 2437 2933 2492 et
2971 2429 3041 2490 ad
3077 2430 3281 2491 mortis
3311 2429 3656 2493 adeundum

2017 2518 2345 2597 periculum
2376 2516 2809 2589 timidissimos,
2845 2516 3062 2598 quibus
3105 2516 3377 2593 quaedam
3402 2519 3525 2597 jam
3560 2519 3660 2581 fe-

2016 2606 2216 2685 minae,
2251 2616 2431 2686 atque
2461 2606 2609 2668 adeo
2644 2605 2836 2687 pueri,
2872 2607 3041 2669 fuere
3091 2606 3455 2686 superiores.
3487 2606 3655 2681 Quo-

2018 2695 2194 2757 modo
2227 2703 2429 2757 autem
2462 2695 2930 2775 vos,inquit,pro
2961 2712 3102 2775 rege
3132 2694 3356 2757 caduco
3388 2704 3446 2758 et
3475 2704 3658 2759 terre-

2018 2802 2093 2845 no
2126 2784 2394 2865 pericula
2419 2782 2797 2865 adibitis,qui
2829 2785 3139 2848 caelestem
3171 2791 3287 2845 tam
3310 2784 3432 2848 cito
3461 2786 3659 2865 prodi-

2016 2872 2227 2936 deritis
2253 2873 2278 2935 ?
2306 2872 2473 2945 Quod
2500 2883 2699 2934 autem
2731 2873 2847 2935 erit
2892 2873 3059 2936 vobis
3091 2874 3526 2936 munimentum
3557 2884 3660 2938 aut

2016 2960 2363 3040 pmidium
2398 2961 2689 3038 salutis,si
2712 2961 2813 3023 ille
2839 2980 2941 3024 vos
2963 2981 3096 3024 mox
3127 2963 3269 3024 hinc
3286 2962 3659 3027 accersierit?

2015 3048 2147 3111 Non
2178 3049 2449 3129 cogitatis
2481 3069 2615 3111 enm
2648 3052 2761 3113 hoc
2787 3052 3135 3114 universum
3167 3058 3225 3113 et
3244 3069 3456 3132 regere
3479 3060 3540 3114 et
3558 3053 3661 3115 ad-

2020 3139 2394 3213 ministrare;
2426 3139 2718 3221 illumque
2748 3150 2807 3203 et
2834 3140 2966 3202 vita
2994 3158 3129 3203 esse
3150 3141 3655 3222 dispensatorem,

290 3233 521 3287 θανάτου
595 3229 819 3305 κύριος;
886 3224 1080 3299 Πολλῷ
1163 3236 1337 3281 τοίνυν
1394 3223 1606 3299 βέλτιόν
1662 3223 1772 3279 ἐστι
1843 3231 1954 3289 τοῦ⁴

2023 3238 2080 3292 et
2111 3233 2316 3290 mortis
2345 3228 2689 3291 dominum?
2720 3228 2822 3292 Est
2850 3248 2994 3310 ergo
3023 3229 3200 3310 longe
3233 3230 3463 3303 melius,
3501 3250 3656 3312 pras-

287 3320 552 3396 παρόντος
614 3317 727 3394 βίου
786 3316 945 3392 λόγον
972 3314 1180 3370 ἐλάττω
1214 3314 1615 3387 ποιησαμένους
1664 3313 1760 3379 τῆς
1807 3312 1931 3389 παρ’

289 3409 480 3479 ἐκείνῳ
531 3420 723 3486 τυχεῖν
766 3405 1120 3473 ἀτελευτήτου
1164 3401 1583 3480 μακαριότητος,
1636 3401 1671 3469 ἢ
1713 3404 1811 3468 τῆς
1842 3401 1933 3457 ἐν-

284 3502 455 3554 ταῦθα
509 3502 654 3567 ζωῆς
710 3493 1159 3573 περισχομὲνους,
1209 3492 1403 3557 ταῦτης
1463 3488 1518 3546 δὲ
1579 3488 1727 3546 οὐδὲν
1772 3492 1934 3558 ἧττον

286 3585 624 3664 διαμαρτεῖν,
660 3583 958 3657 μέλλοντας
1008 3579 1145 3645 ἴσως
1190 3582 1277 3636 καὶ
1319 3581 1421 3636 ὑπὸ
1476 3578 1751 3653 πολεμίων
1799 3579 1935 3636 ταύ-

288 3697 394 3741 την
452 3673 823 3754 ἀφαιρεθῆναι,
874 3671 1127 3736 κάκείνης
1186 3692 1243 3726 τε
1315 3672 1594 3741 ἱκπεσεῖν,
1643 3670 1732 3724 καὶ
1787 3666 1937 3735 δίκην

289 3762 371 3819 ἔτι
402 3762 626 3835 διδόναι,
672 3760 1172 3833 κολασθησομένους
1219 3758 1476 3820 ἀθάνατα,
1539 3757 1767 3823 Τούτους
1797 3758 1938 3815 ἐκεῖ·

291 3874 374 3907 νοι
424 3850 696 3925 δεξάμενοι
747 3850 869 3914 τοὺς
913 3847 1133 3926 λόγους,
1179 3847 1616 3925 ἐγνωσιμάχουν,
1671 3850 1769 3903 καὶ
1812 3868 1936 3921 μετ·

292 3940 453 4016 έμελε
512 3942 690 4020 σφίσιν
747 3937 1166 4017 ἀρνησαμένοις,
1219 3935 1313 3992 καί
1375 3935 1519 4000 αὖθις
1577 3934 1661 4012 ἐφ’
1715 3937 1929 3998 ἑαυτοὺς

290 4028 674 4091 ἐπανελθόντες
746 4028 831 4083 καὶ
890 4024 1404 4104 πὶῤῥησιασάμενοι,
1464 4026 1554 4080 τὸν
1614 4025 1744 4101 ὑπὲρ
1810 4033 1933 4102 Χρι-

292 4128 426 4177 στοῦ
479 4116 705 4175 θάνατον
761 4118 809 4172 οἱ
866 4114 1077 4180 πλείους
1105 4115 1435 4191 ὑπέστησαν,
1468 4113 1613 4174 ὄντες
1644 4116 1738 4169 οὒκ
1768 4114 1928 4170 ἐλάτ-

290 4230 415 4271 τους
463 4210 551 4263 τὸν
594 4206 817 4283 ἀριθμὸν
871 4203 1268 4274 τεσσαράκοντα
1304 4218 1318 4236 ⁸

291 4319 414 4359 σαις
482 4296 761 4353 κολάσεων
820 4291 984 4350 ἰδέαις
1043 4291 1593 4368 προσαγωνισάμενοι,
1668 4291 1935 4361 ἐπέζησαν

288 4387 369 4443 ἔτι
413 4384 583 4460 μηδὲν
640 4383 857 4462 ἀγεννὲς
916 4383 1051 4447 μετὰ
1095 4382 1193 4447 τὴν
1251 4379 1496 4456 δευτέραν
1557 4394 1751 4457 πεῖραν
1809 4382 1935 4437 ὃπο-

292 4475 689 4551 μεμενηκότες,
722 4471 860 4528 ἀλλά
903 4471 997 4528 καὶ
1045 4471 1146 4536 τὴν
1197 4468 1456 4547 προτέραν
1512 4469 1610 4536 τῆς
1664 4470 1933 4546 ἀρνήσεως

1374 4202 1516 4266 τινὲς
1572 4200 1626 4258 δὲ
1689 4204 1778 4258 καὶ
1836 4202 1933 4258 πα-

2021 3326 2254 3379 sentem
2289 3318 2467 3379 vitam
2500 3319 2695 3379 minus
2724 3321 3483 3402 curantes,consequi,qua3
3503 3321 3659 3402 apud

2019 3405 2186 3467 illum
2205 3423 2510 3487 nunquam
2532 3407 3428 3487 desinit,beatitudinem,quam
3450 3410 3657 3482 vitam,

2020 3514 2153 3575 quae
2180 3496 2276 3557 hic
2309 3505 2422 3569 est,
2470 3497 2922 3579 amplectentes,
2974 3497 3048 3559 ab
3098 3499 3209 3560 hac
3241 3498 3429 3559 nihilo
3461 3498 3663 3560 secius

2020 3584 2321 3655 excidere,
2363 3593 2427 3645 ut
2483 3587 2580 3666 qui
2639 3586 2797 3647 forte
2853 3586 2981 3648 sitis
3014 3596 3076 3647 et
3133 3587 3242 3651 hac
3290 3588 3554 3667 privandi
3586 3587 3660 3649 ab

2019 3674 2313 3746 hostibus,
2348 3683 2407 3735 et
2436 3674 2597 3736 illam
2632 3693 2749 3735 non
2775 3676 3133 3739 assecuturi.
3159 3683 3216 3736 et
3245 3684 3533 3757 praeterea
3554 3677 3661 3738 da-

2019 3766 2135 3824 turi
2164 3780 2370 3843 pmnas
2395 3763 2681 3843 puniendi
2707 3765 3196 3828 lmmortales.llli
3215 3783 3355 3844 ergo
3372 3784 3506 3827 cum
3535 3766 3662 3828 haec

2018 3851 2410 3933 audivissent,
2438 3853 2846 3933 resipuerunt,
2882 3863 2941 3915 et
2991 3872 3094 3915 eos
3128 3853 3400 3934 pmuituit
3430 3872 3495 3914 se
3549 3873 3664 3915 ne-

2015 3940 2287 4019 gasse.Et
2315 3960 2450 4003 cum
2485 3959 2698 4004 rursus
2728 3941 2800 4002 ad
2824 3961 2889 4005 se
2912 3941 3323 4016 rediissent,et
3345 3941 3536 4003 libere
3562 3961 3664 4006 es—

2015 4039 2148 4091 sent
2161 4031 2613 4109 locuti,plurimi
2626 4032 2961 4112 (9)propter
2977 4031 3278 4093 Christum
3296 4038 3548 4093 mortem
3569 4050 3666 4093 su-

2017 4118 2280 4199 bierunt,
2315 4138 2448 4181 cum
2479 4129 2680 4182 essent
2702 4140 2819 4182 non
2854 4121 3167 4201 pauciores
3197 4138 3448 4183 numero
3483 4139 3659 4201 quam

2019 4207 2450 4288 quadraginta;
2513 4209 2786 4271 nonnulli
2835 4218 3032 4270 autem
3086 4228 3220 4270 cum
3255 4209 3663 4272 decertassent

2017 4296 2305 4358 adversus
2338 4297 2537 4358 omnia
2564 4316 2785 4376 genera
2804 4299 3544 4379 suppliciorum,vixerunt
3564 4300 3668 4361 ad-

2018 4386 2157 4460 huc,
2192 4404 2327 4447 cum
2355 4386 2498 4447 nihil
2530 4393 2703 4464 turpe
2734 4396 2795 4449 et
2821 4387 3096 4467 ignavum
3133 4406 3253 4468 prie
3282 4406 3347 4448 se
3382 4388 3662 4450 tulissent

2019 4475 2081 4536 in
2133 4475 2399 4537 secunda
2428 4476 2793 4557 eXperieatia
2829 4499 2845 4553 ;
2882 4477 2986 4539 sed
3021 4480 3185 4557 prius
3214 4496 3455 4558 quoque
3491 4478 3662 4557 judi-

291 4565 446 4632 δίκην
531 4569 599 4639 τῇ
681 4564 770 4618 νῦν
842 4561 972 4638 ὑπὲρ
1043 4556 1309 4621 εὐσεϐείας
1387 4559 1626 4614 ὲνστάσει
1678 4557 1936 4615 διαλυσά-

2023 4566 2179 4626 cium
2239 4556 2600 4643 negationis,
2660 4566 2879 4628 invicta
2942 4556 3387 4647 deinceps—pro
3445 4556 3663 4648 pietate

340 4675 474 4713 ενοι.

340 4679 474 4713 ενοι.

294 4679 338 4730 μ
372 4742 445 4806 θ’,
496 4733 555 4799 Ὀ
615 4738 671 4795 δὲ
718 4739 1006 4803 Λουκιανὸς
1037 4737 1275 4813 πάρεργα
1333 4736 1429 4803 τῆς
1475 4733 1598 4793 ὁδου
1638 4746 1806 4795 ταῦτα
1860 4737 1947 4791 καὶ

291 4839 514 4889 τοιαῦτα
570 4828 740 4887 πλείω
780 4827 1223 4901 διαπραξάμενος,
1288 4826 1360 4887 εἷς
1419 4825 1519 4891 τὴν
1583 4824 1945 4900 Νικομήδειαν

294 4919 569 4995 ἐκομίσθη
605 4937 617 4950 °
680 4919 864 4974 τούτου
906 4917 961 4971 δὲ
1006 4922 1097 4970 τοῦ
1139 4913 1327 4991 ἀνδρὸς
1372 4913 1627 4987 ὁμιληταὶ
1689 4917 1943 4992 γεγόνασι

295 5009 538 5087 πλείους,
598 5010 685 5062 καὶ
729 5008 777 5062 οἱ
835 5005 932 5078 μὲν
976 5005 1151 5059 αὐτόθι
1211 5001 1563 5077 συμπαρῆσαν
1614 5005 1756 5075 αὐτῷ
1812 5003 1943 5059 κατά

294 5100 399 5166 τὴν
453 5094 814 5170 Νικομήδειαν
844 5091 1225 5170 ἀγωνιζομένῳ
1256 5106 1269 5121 ’
1307 5092 1355 5147 οἱ
1381 5089 1434 5146 δὲ
1466 5090 1525 5147 οὔ
1559 5109 1574 5126 ·
1622 5090 1672 5156 ἐξ
1703 5091 1779 5147 ὧν
1798 5113 1941 5155 τινες

294 5185 680 5267 προϐαλόντων
732 5185 919 5244 αὺτοῖς
963 5187 1068 5237 τῶν
1127 5180 1402 5246 ἐλληνίσαι
1444 5181 1807 5260 βιασαμένων,
1849 5180 1940 5237 ἐν-

297 5276 486 5334 έδοσαν
537 5274 637 5349 μὲν
695 5275 761 5329 τὰ
811 5273 997 5350 πρῶτα
1054 5271 1128 5343 μὲι
1188 5268 1493 5335 δυνηθέντες
1542 5269 1759 5339 ἀρκέσαι
1809 5272 1941 5345 πρὸς

297 5368 393 5428 τὰς
449 5362 713 5440 βασάνους
749 5378 764 5393 ⁸
800 5360 985 5417 ἔπειτα
1016 5357 1199 5433 μέντοι
1228 5360 1514 5419 Λουκιανὸς
1565 5360 1592 5413 ὸ
1635 5363 1780 5420 θεῖος
1840 5357 1941 5437 (ἔτι

300 5456 402 5534 γὰρ
452 5450 573 5532 ἔζη)
627 5448 1130 5530 προσκαλεσάμενος
1176 5448 1387 5519 αὐτοὺς,
1423 5448 1510 5502 καὶ
1568 5446 1751 5522 λόγοις
1797 5469 1939 5502 παν-

376 5622 453 5689 (8)
484 5618 636 5677 Hinc
667 5627 839 5690 patet,
869 5614 1134 5690 terrestri
1174 5616 1382 5690 itinere
1413 5613 1738 5673 Antiochiae
1776 5612 1940 5671 Nico-

308 5685 556 5752 mediam
584 5685 924 5763 pciductum
958 5701 1078 5744 esse
1111 5685 1453 5744 Luctanum.

2029 4654 2361 4716 constantia
2391 4652 2774 4716 delevissent.

2086 4742 2826 4817 9.Lucianusautem,cum
2851 4744 2909 4805 in
2935 4744 3187 4807 transitu
3203 4744 3438 4808 itineris
3461 4747 3588 4809 haec
3610 4756 3669 4809 et

2030 4833 2193 4905 plura
2212 4834 2544 4905 huiusmodi
2570 4833 3103 4899 eﬂ’ecisset.delatus
3136 4848 3219 4895 est
3250 4839 3662 4896 Nicomediam.

2031 4917 2213 4989 Hujus
2235 4925 2421 4973 autem
2436 4918 2543 4974 viri
2568 4918 2728 4975 fuere
2754 4919 2913 4977 multi
2938 4920 3330 4987 tamiliares,et
3354 4924 3506 4979 exiis
3525 4937 3665 4980 non-

2028 5001 2173 5059 nulli
2195 5017 2324 5058 cum
2348 5017 2416 5059 eo
2439 5003 2674 5060 aderant
2697 5003 3026 5064 deeertante
3048 5006 3503 5071 Nicomediae.alii
3529 5007 3665 5062 abe-

2024 5095 2179 5148 rant.
2216 5083 2297 5146 Ex
2330 5086 2545 5165 quibus
2567 5106 2701 5149 cum
2727 5088 2914 5169 aliqui
2943 5089 3017 5151 ad
3046 5108 3149 5151 eos
3171 5090 3564 5151 accessissent
3596 5089 3656 5159 ii,

2025 5178 2128 5261 qui
2182 5180 2474 5257 cogebant
2527 5179 2897 5245 Christianos
2953 5185 3130 5244 ritum
3161 5182 3333 5261 sequi
3367 5182 3659 5260 gentium,

2026 5271 2218 5351 primo
2252 5272 2492 5351 quidem
2524 5284 2858 5346 cesserunt,
2888 5284 2953 5334 ut
2981 5274 3086 5354 qui
3117 5291 3236 5334 non
3268 5281 3510 5352 possent
3540 5281 3663 5333 tor-

2025 5359 2243 5421 mentis
2273 5359 2549 5423 suiﬁcere
2578 5370 2677 5437 ;at
2698 5380 2833 5422 cum
2854 5361 3093 5422 divinus
3108 5360 3409 5421 Lucianus
3444 5359 3661 5437 (adhuc

2024 5448 2186 5509 enim
2212 5447 2579 5526 vivebat)eos
2593 5451 2664 5511 ad
2690 5468 2755 5512 se
2771 5451 3265 5519 accersivisset,et
3285 5467 3464 5510 omne
3477 5467 3666 5529 genus

2095 5615 2173 5693 (92
2218 5613 2286 5671 Hi
2320 5630 2456 5693 cum
2496 5616 2623 5693 aliis
2650 5618 2911 5693 fortasse
2946 5618 2999 5675 in
3044 5613 3245 5675 eadem
3306 5617 3665 5693 Cappadocia

2027 5687 2211 5764 passis
2243 5686 2518 5746 coluntur
2549 5687 2616 5746 23
2647 5689 2797 5751 Maii.
