4094 6196
288 324 432 396 409

1671 274 1855 396 VI'i‘A
1899 326 1959 393 S.
2007 331 2293 398 LUCIAN
2300 331 2349 395 Ι.

3577 331 3698 404 416

296 462 474 532 θέξειν
517 462 573 522 δὲ
621 460 817 546 χρόνον
871 466 961 523 hri
1019 461 1189 523 πολὺν
1233 464 1615 542 κολαζόμενος·
1664 467 1753 523 καὶ
1807 472 1964 524 τοῦτο

2057 467 2392 547 rem,longo
2425 475 2620 531 autem
2645 474 2913 548 tempore
2943 466 3003 531 in
3029 470 3226 551 poenis
3256 469 3594 535 duraturus.
3628 472 3701 537 Et

294 556 435 636 μὲν,
481 557 553 619 εἰς
611 558 712 623 τὴν
762 553 1093 629 ποδοκάκην,
1144 553 1294 622 ξύλον
1364 554 1420 612 δὲ
1479 556 1758 634 πρόμηκές
1818 555 1961 613 ἐστιν

299 643 764 725 στρεωωτήριον,
824 644 1155 725 ἀμφοτέρους
1244 649 1403 705 αὐτοῦ
1456 646 1575 711 τοὺς
1632 643 1798 709 πόδας
1866 648 1955 701 ιν.

299 732 576 811 εείϐαζον,
639 733 725 791 ἐπὶ
792 733 1021 811 τέσσαρα
1071 736 1320 813 τρήματα
1376 734 1769 812 διελκύσαντες,
1832 733 1963 812 ὅπερ

300 823 424 881 ἐστὶ
468 826 531 881 τὸ
590 828 687 891 τῆς
757 825 1016 902 τιμωρίας
1075 825 1273 892 ταύτης
1348 825 1656 905 βαρύτερον,
1711 822 1803 880 ἅτε
1859 828 1964 881 τῶν

299 912 555 993 γλουτῶν
628 912 951 991 ἑκατέρωθεν
1037 913 1182 987 αύτῷ
1251 915 1435 991 βιαίως
1518 913 1961 993 έξαρθρουμένων·

303 1002 474 1060 τοῦτο
529 1000 610 1077 δὲ,
643 1004 780 1059 κατὰ
811 1002 983 1062 νώτου
1010 1005 1210 1068 παντὸς
1254 1001 1426 1067 δεινὰς
1458 1003 1732 1080 ὀστράκων
1786 1001 1966 1065 ἀκίδας

300 1092 697 1172 κακομηχάνῳ
754 1093 945 1170 γνώμῃ
997 1093 1196 1155 πυκνὰς
1242 1091 1338 1149 καῖ
1382 1106 1632 1172 συνεχεῖς
1675 1091 1963 1169 ὑπεστόρε-

300 1203 435 1254 σαν,
499 1182 588 1237 καὶ
643 1180 736 1237 ’ίνα
794 1203 855 1259 γε
911 1179 1049 1257 μηδὲ
1119 1181 1430 1262 στρέφεσθαι
1486 1185 1563 1256 τῷ
1605 1179 1790 1254 δικαίῳ
1847 1179 1962 1254 ἐξῆ,

300 1268 452 1347 μηδὲ
509 1273 777 1328 κινεῖσθαι
826 1270 1240 1349 τιτρωσκομένῳ
1297 1283 1418 1333 ταῖς
1484 1272 1749 1334 τοιαύταις
1792 1270 1961 1345 ἆιιίσι,

301 1358 664 1425 διατείναντες
720 1363 880 1419 αὖτοῦ
934 1361 1029 1424 τὰς
1089 1362 1287 1441 χεῖρας
1341 1359 1428 1416 ἐπί
1477 1382 1585 1416 τινι
1644 1358 1781 1432 ξύλῳ
1835 1359 1962 1438 ὑπὲρ

301 1448 556 1528 κεφαλῆς
619 1449 850 1524 κειμένῳ
920 1448 1195 1524 έδέσμουν,
1246 1452 1343 1509 Καὶ
1409 1447 1547 1507 ἄλλα
1602 1472 1660 1507 τε
1730 1448 1961 1507 πλεῖστα

304 1538 581 1617 ἐνύϐριξον
656 1541 820 1613 αὐτῷ,
881 1543 968 1597 καὶ
1022 1538 1089 1606 δὴ
1145 1540 1234 1596 καὶ
1292 1545 1493 1620 τροιρῆς
1566 1541 1724 1599 αὐτὸν
1782 1540 1966 1618 εἶργον

306 1628 556 1703 ἀπάσης,
609 1627 751 1696 πλὴν
808 1630 853 1684 εἷ
890 1634 994 1685 νῶν
1037 1626 1164 1703 παρ’
1207 1632 1394 1694 αὐτοῖς
1454 1630 1657 1709 μιαρῶς
1699 1630 1967 1704 θυομένων

308 1717 588 1789 ἐθελήσειε
640 1731 966 1798 μετασχεῖν·
1028 1719 1229 1775 τούτων
1284 1720 1383 1797 γὰρ
1432 1718 1528 1775 καῖ
1585 1715 1966 1795 ἐπιδαψιλευό-

2049 574 2208 618 nunc
2239 558 2480 638 quidem
2528 558 2587 618 in
2621 557 2855 638 cippum
2888 563 3000 627 (est
3043 569 3239 623 autem
3270 562 3384 623 hoc
3418 566 3698 626 tormenti

2044 663 2232 723 genus
2254 645 2805 725 oblongumiambos
2826 647 2957 727 ejus
2981 649 3164 722 pedes
3197 650 3697 726 immittebant,ad

2047 743 2297 815 quatuor
2327 735 2731 798 distrahentes
2764 734 3054 799 foramina
3084 759 3099 798 :
3146 738 3303 819 quod
3334 740 3573 821 quidem
3608 748 3700 805 est

2048 829 2105 885 in
2131 827 2242 885 hoc
2263 830 2552 899 supplicio
2576 831 3003 900 gravissimum.
3030 846 3162 889 cum
3184 833 3455 904 utrinque
3482 848 3697 892 coxen-

2049 910 2216 974 dices
2272 913 2561 976 violenter
2592 932 2624 975 e
2656 915 2780 976 suis
2828 925 3173 978 moveantur
3200 918 3498 981 articulis:
3534 938 3696 982 nunc

2050 1011 2245 1063 autem
2272 1002 2331 1063 in
2359 1010 2477 1064 loto
2510 1002 2688 1065 dorso
2710 1022 2922 1083 graves
2955 1013 3237 1069 testarum
3268 1008 3510 1069 aculeos
3539 1009 3694 1071 den-

2051 1108 2150 1152 sos
2181 1100 2237 1152 et
2268 1091 2582 1154 continuos
2603 1093 2861 1170 maligno
2888 1094 3088 1157 animo
3124 1094 3600 1160 substernehant:
3638 1104 3698 1161 et

2048 1197 2109 1243 ut
2133 1199 2206 1242 ne.
2230 1185 2427 1244 liceret
2454 1187 2681 1258 quidem
2705 1188 2826 1245 viro
2848 1189 3002 1260 justo
3028 1205 3086 1246 se
3117 1192 3361 1259 Vertere,
3384 1199 3441 1249 et
3469 1205 3541 1248 ne
3574 1207 3697 1251 mo-

2047 1271 2167 1332 veri
2192 1270 2460 1350 quidem,
2489 1271 2628 1334 dum
2657 1272 2874 1335 talibus
2892 1274 3263 1338 sauciaretur
3283 1276 3527 1358 aculeis;
3564 1278 3695 1359 ejus

2048 1360 2324 1423 manibus
2345 1362 2631 1436 extensis,
2664 1380 2771 1425 eas
2802 1362 3097 1426 vinciebat
3127 1371 3183 1425 in
3214 1366 3468 1446 quodam
3501 1367 3687 1447 ligno,

2045 1447 2203 1528 quod
2238 1456 2364 1509 erat
2395 1447 2651 1529 positum
2699 1466 2882 1530 super
2911 1455 3041 1530 ejus
3073 1461 3273 1533 caput.
3322 1452 3477 1526 Quin
3510 1454 3689 1517 etiam

2048 1536 2181 1598 aliis
2199 1555 2434 1619 quoque
2455 1537 2655 1599 multis
2677 1557 2811 1601 eum
2844 1539 3138 1603 afﬁciebat
3167 1540 3371 1623 probis
3390 1562 3458 1605 ac
3488 1551 3692 1606 contu-

2051 1624 2273 1705 meliis,
2307 1634 2363 1685 et
2394 1643 2529 1687 eum
2572 1626 2749 1689 etiam
2782 1627 3064 1691 arcebant
3091 1627 3163 1691 ab
3196 1631 3360 1693 omni
3386 1631 3542 1709 cibo,
3575 1632 3694 1694 nisi

2048 1714 2225 1775 vellet
2280 1714 2438 1776 vesci
2469 1714 2542 1776 iis
2577 1734 2709 1797 quae
2750 1716 2821 1779 ab
2854 1718 2999 1797 ipsis
3028 1718 3515 1783 sacriﬁcabantur
3546 1743 3562 1803 ;
3623 1740 3694 1784 ea

309 1828 469 1881 μενοι
515 1807 738 1886 ὤρεγον.
790 1800 847 1865 Ὀ
892 1806 948 1864 δὲ
1004 1810 1216 1886 μυρίους
1277 1806 1482 1899 μᾶλλον
1543 1809 1824 1899 ἀνθηρεϊτο
1866 1811 1966 1899 θα-

2057 1806 2208 1899 enim
2233 1804 2451 1865 aﬂ‘alim
2475 1805 2894 1899 porrigebant._
2915 1806 3019 1899 llle
3044 1815 3239 1899 autem
3271 1800 3575 1873 maluisset
3596 1829 3693 1874 su-

309 1898 531 1972 νάτους,
569 1898 657 1954 καὶ
704 1895 838 1954 ἴδιον
880 1897 947 1965 ἧν
994 1897 1139 1970 αὒτῷ
1183 1897 1393 1971 μένοντι
1452 1897 1691 1970 ἇποσίτῳ
1738 1910 1861 1962 ταῖς
1904 1895 1965 1951 ἐκ

2057 1893 2179 1954 bire
2201 1901 2422 1956 mortes
2446 1894 2533 1956 vel
2560 1895 3123 1972 innumerabiles,et
3148 1897 3428 1961 libentius
3450 1919 3695 1962 manens

305 1994 407 2044 τοῦ
437 1986 598 2061 λιμοῦ
641 1987 1082 2066 παραφθείρεσθαι
1113 1985 1347 2062 κεδόσιν,
1378 1987 1413 2054 ἢ
1463 1986 1559 2044 καί
1591 1986 1761 2063 μόνην
1819 1985 1961 2043 ἑκεί-

2057 1981 2307 2062 iejunus,
2335 1982 2617 2064 paulatim
2651 2002 2683 2046 a
2706 1984 2857 2046 fame
2895 1993 3055 2048 esset
3084 1995 3492 2069 consumptus,
3517 2007 3694 2070 quam

309 2100 424 2133 νων
479 2078 768 2152 ὑπομεῖναι
800 2078 899 2135 τὴν
955 2075 1099 2133 θέαν⁸
1166 2081 1264 2134 καὶ
1310 2075 1546 2153 διέμενεν
1605 2075 1828 2141 οὕτωςξο
1874 2081 1964 2132 τοῦ

2057 2071 2134 2132 vel
2182 2071 2419 2134 illorum
2455 2073 2646 2134 solum
2702 2092 2909 2154 passus
2938 2084 3097 2137 esset
3126 2085 3536 2156 conSpectum.
3597 2076 3697 2141 Sic

310 2166 548 2244 Χριστοῦ
610 2167 807 2245 μάρτυς
850 2171 929 2238 τῷ
996 2164 1139 2241 λιμῷ
1194 2164 1712 2239 καταδαπανώμενος
1765 2165 1959 2221 τέσσα-

2057 2160 2227 2240 igitur
2273 2163 2597 2242 permansit
2626 2163 2844 2227 Christi
2889 2182 3120 2244 servus,
3156 2167 3319 2248 quia
3361 2167 3517 2230 fame
3543 2185 3697 2231 cou-

310 2277 400 2333 ρες
431 2255 526 2312 ιιαί
576 2253 801 2318 δεκάτας
847 2255 1024 2319 πάσας
1053 2255 1282 2335 ἡμέρας,
1316 2255 1381 2311 τὰ
1424 2257 1622 2325 συνήθη
1651 2276 1710 2312 τε
1767 2259 1960 2333 ποιῶν,

311 2346 405 2401 καὶ
475 2343 656 2423 λόγοις
725 2342 1064 2409 διδασκαλίας
1149 2344 1506 2422 ἐπιθαρσύνων
1573 2344 1694 2408 τοὺς
1763 2343 1818 2400 ἐν
1887 2347 1965 2415 τῷ

311 2432 670 2514 δεσμωτηρίῳ
754 2432 839 2490 διὰ
922 2435 1145 2512 Χριστὸν
1227 2432 1798 2509 κατακεκλασμένους,
1876 2431 1964 2488 καὶ

311 2537 649 2604 προσευχαῖς
681 2523 1105 2597 ἐπιμονωτάταις
1135 2523 1508 2600 ἐπιστηρίζων,

396 2613 506 2690 ιγ’.
564 2614 786 2681 Ἐπειδὴ
833 2612 886 2670 δέ
942 2635 1083 2678 τινες
1142 2613 1333 2688 ἡμέραι
1392 2611 1767 2681 διεληλύθεσαν
1824 2613 1966 2685 αὒτῷ

309 2705 511 2784 τρόπον
559 2704 619 2761 ὃν
671 2703 887 2782 εἴρηται
948 2704 1292 2781 κακουμένῳ,
1325 2703 1412 2760 καὶ
1467 2701 1652 2781 ἤγγιζε
1709 2702 1807 2778 μὲν
1861 2699 1965 2769 ἤδη

308 2800 421 2850 τῶν
480 2794 849 2873 Θεοφανίωνὴ
910 2793 1095 2870 ἑορτὴ,
1129 2793 1249 2856 τοὺς
1310 2790 1364 2848 δὲ
1395 2793 1637 2867 μαθητὰς
1699 2790 1967 2871 (παρῆσαν

2047 2250 2418 2325 sumebatur,
2453 2260 2605 2314 totos
2635 2254 3087 2333 quatuordecim
3138 2255 3265 2318 dies
3294 2255 3518 2324 faciens
3545 2276 3696 2322 con-

2047 2349 2236 2429 sueta,
2272 2349 2331 2402 et
2378 2342 2572 2404 verbis
2604 2343 2894 2405 doctrinae
2922 2346 3182 2407 animum
3217 2347 3444 2410 addens
3493 2347 3567 2410 iis
3597 2348 3701 2429 qui

2051 2447 2156 2509 pro
2190 2427 2420 2492 Christo
2473 2439 2645 2493 erant
2677 2431 2893 2494 inclusi
2922 2434 2982 2495 in
3015 2453 3278 2511 carcere,
3311 2443 3370 2498 et
3412 2454 3515 2498 eos
3545 2427 3696 2499 con-

2048 2518 2294 2580 ﬁrmaus
2322 2521 2820 2583 constantissimis
2851 2531 2908 2584 et
2939 2524 3240 2604 perpetuis
3272 2522 3570 2605 precibus.

2129 2609 2227 2672 13.
2263 2609 2410 2671 Cum
2432 2619 2628 2672 autem
2660 2609 2897 2691 aliquod
2920 2613 3039 2690 jam
3073 2611 3204 2674 dies
3233 2614 3607 2690 transissent,
3641 2623 3701 2679 et

2050 2715 2162 2777 quo
2190 2715 2261 2786 eo
2289 2697 2490 2774 modo,
2526 2717 2641 2779 quo
2675 2697 2933 2760 diximus
2961 2700 3422 2781 aﬂligehatur,et
3441 2703 3566 2783 jam
3592 2722 3698 2786 ap-

2052 2785 2483 2865 pr0pinquaret
2506 2786 2747 2867 quidem
2778 2786 2908 2850 dies
2938 2788 3121 2851 festus
3145 2786 3694 2872 Theophaniorum;

308 2884 415 2962 γᾶρ
473 2885 652 2943 αὗτόθι
684 2880 897 2945 πλείους
953 2882 1014 2939 ’ἐκ
1071 2904 1129 2940 τε
1171 2882 1268 2950 τῆς
1313 2881 1654 2962 Ἀντιοχείας
1686 2882 1826 2956 αὐτῷ
1881 2879 1968 2937 καί

2057 2873 2374 2955 discipulos
2405 2883 2599 2938 autem
2659 2876 2800 2957 (jam
2835 2878 2993 2940 enim
3028 2880 3079 2941 ei
3123 2879 3322 2957 plures
3352 2881 3600 2943 aderant
3630 2900 3702 2944 ex

308 2995 477 3029 τινων
580 2971 758 3033 ἄλλων
841 2974 1021 3029 τόπων
1126 2971 1615 3050 συναθροισθέντες)
1698 2970 1968 3049 κατηφιᾷν

2057 2962 2365 3026 Antiochia
2422 2974 2479 3026 et
2511 2984 2580 3027 ex
2632 2965 2764 3029 aliis
2822 2967 2967 3029 locis
2998 2969 3366 3049 congregati)
3421 2969 3703 3034 subiisset

312 3062 508 3138 εἰσῄει,
567 3060 883 3140 λογιμένοος
941 3064 1012 3128 ὼς
1058 3062 1243 3121 αὒτίκα
1306 3083 1363 3117 τε
1420 3060 1633 3125 τούτους
1692 3057 1968 3116 ἀπολιπὼν

2057 3052 2312 3128 tristitia,
2337 3059 2686 3133 reputantes
2707 3056 2856 3131 fore,
2886 3077 2945 3118 ιιι
2964 3056 3050 3119 eis
3074 3059 3245 3119 satim
3276 3057 3500 3121 relictis
3529 3058 3702 3122 abeat

314 3152 601 3231 οἰχήσεται
662 3152 760 3227 μὲν
814 3154 841 3208 ὁ
900 3149 1236 3225 διδάσιιαλος,
1269 3148 1442 3209 οὐκέτι
1498 3147 1782 3225 δυνάμενος
1838 3148 1968 3205 ἀντ-

2057 3141 2295 3222 quidem
2319 3142 2744 3222 magister,non
2769 3145 2970 3208 valens
2994 3147 3278 3209 resistere
3299 3146 3592 3210 diuturnas
3614 3148 3700 3210 illi

321 3219 468 3315 ἐσίνειν
525 3219 674 3320 πρὸς.
717 3242 807 3298 τὸν
874 3219 1234 3320 πολυχρόνιον
1305 3240 1514 3297 ἐκεῖνον
1584 3219 1765 3314 λιμόν⁶
1826 3240 1968 3299 αὐτοὶ

2057 3219 2192 3320 @mi
2229 3231 2392 3320 ;_ipsi
2425 3219 2621 3294 autem
2666 3252 3036 3316 nequaquam
3069 3234 3229 3315 digni
3259 3240 3702 3318 censeatur,qut

314 3328 371 3386 δέ
429 3317 673 3406 οὐδαμῶς
733 3330 907 3403 τούτῳ
964 3317 1306 3409 συνεορτάσαι
1367 3327 1464 3397 τὴν
1527 3332 1624 3396 τῆς
1694 3331 1968 3409 θεοφανίας

2057 3317 2462 3409 ΤΙιεοριιειηὶιο
2490 3320 2646 3383 diem
2683 3323 2895 3386 festum
2924 3342 3059 3386 cum
3089 3342 3159 3385 eo
3182 3323 3510 3402 celebrent;
3540 3317 3705 3388 vide-

313 3419 525 3499 ἡμέραν
599 3419 987 3490 ἇξιωθήσοντας
1066 3417 1268 3499 (πὲῥρω
1331 3419 1431 3497 γὰρ
1493 3416 1675 3480 αὒτοϊς
1735 3417 1972 3496 ἐφαίνετο

314 3508 500 3590 οὖσα),
538 3511 623 3566 καὶ
666 3509 743 3584 μή
787 3507 1033 3566 δύνασθαι
1093 3509 1286 3589 μέχρις
1346 3508 1508 3575 αδτῆς
1567 3509 1629 3564 τὸ
1674 3514 1766 3564 τοῦ
1822 3504 1970 3562 διδα-

313 3597 519 3658 σκάλου
579 3604 739 3674 σῶμα
770 3600 1112 3679 ἀποχρήσειν
1168 3600 1311 3673 αὒτῷ
1340 3597 1429 3654 ἅτε
1480 3602 1578 3664 τῆς
1610 3596 1813 3660 ἀσιτίας
1868 3592 1971 3662 ἤδη

314 3690 379 3745 τὸ
441 3687 700 3745 πλεῖστον
756 3691 897 3763 αύτῷ
943 3686 1402 3756 κατηναλωκυίας·
1453 3689 1480 3743 ὁ
1540 3683 1777 3761 ἀοίδιμος
1821 3684 1971 3740 ἐκεῖ-

316 3802 408 3843 νος
467 3778 602 3856 ἀνὴρ
653 3780 784 3849 πρὸς
842 3780 1007 3836 ταῦτα
1062 3780 1246 3842 αὺτοῖς
1304 3777 1784 3855 ἀντιφθεγγόμενος
1840 3772 1971 3852 θαῤ-

313 3869 433 3946 ῥεῖν
492 3868 727 3947 ἰσχυρῶς
759 3866 990 3930 ἐκέλευε,
1053 3867 1347 3935 Συνέσομαι
1379 3867 1478 3945 γὰρ
1542 3866 1690 3944 διέτν,
1727 3862 1849 3942 ἔφη,
1885 3866 1972 3921 καὶ

314 3958 418 4023 τὴν
475 3962 583 4013 τῶν
626 3958 913 4037 θεοφανίων
964 3955 1168 4035 ἡμέραν
1212 3957 1303 4012 σὺν
1332 3956 1460 4030 ὑμῖν
1514 3953 1770 4027 ἐορτάσω,
1807 3948 1973 4031 οἰχή-

317 4067 484 4119 σομαι
543 4043 598 4100 δὲ
630 4051 698 4121 τῇ
754 4045 1122 4123 ἐπιγινομένῃ.
1181 4046 1277 4102 Καὶ
1309 4045 1404 4120 μέν
1459 4040 1523 4109 δὴ
1556 4043 1642 4099 καὶ
1700 4039 1975 4107 ἐτελεύτη-

322 4155 415 4189 σεν
476 4135 547 4195 εἷς
583 4133 734 4213 ἔργον
791 4134 940 4198 οὗτος
994 4136 1021 4190 ὁ
1067 4133 1252 4214 λόγος,
1284 4136 1424 4198 θείας
1477 4131 1563 4189 ἐπ’
1618 4132 1759 4204 αύτῷ
1813 4127 1973 4186 δυνά-

324 4244 471 4299 μεως
502 4229 682 4303 σαφῶς
713 4221 1166 4298 διαδεικνυμένης.

407 4310 478 4369 ιδ’
491 4360 506 4375 ,
565 4311 717 4369 Ἐπεὶ
762 4315 848 4369 οὖν
880 4315 914 4380 ἡ
965 4309 1390 4392 προσδοκωμένη
1436 4316 1531 4377 τῆς
1559 4311 1749 4388 ἑορτῆς
1804 4308 1978 4387 ἡμέρα

323 4401 671 4481 κατέλαυνεν,
747 4402 1017 4469 ἐπόθησαν
1077 4402 1175 4477 μὲν
1251 4402 1298 4458 οἱ
1376 4401 1607 4476 μαθηταὶ
1674 4397 1977 4464 τελευταίας

2057 3408 2228 3471 batur
2259 3409 2417 3470 enim
2454 3410 2540 3472 eis
2573 3430 2703 3473 esse
2732 3412 2926 3474 adhuc
2956 3412 3127 3475 valde
3165 3424 3456 3489 remotus,
3490 3422 3550 3476 et
3583 3433 3703 3478 non

2058 3516 2232 3578 posse
2255 3500 2518 3577 magistri
2533 3518 2750 3581 corpus
2766 3519 2956 3582 usque
2976 3502 3048 3563 ad
3068 3520 3201 3564 eum
3223 3502 3380 3564 diem
3400 3502 3700 3579 sufﬁcere,

2056 3597 2258 3669 utpote
2291 3589 2445 3669 quod
2478 3590 2677 3651 inedia
2712 3590 2857 3652 illud
2882 3590 3005 3670 jam
3042 3609 3250 3671 magna
3274 3609 3342 3654 ex
3370 3601 3534 3672 parte
3557 3613 3702 3656 con-

2056 3678 2532 3759 sump-isset;vir
2557 3679 2927 3761 illeinclytus
2960 3699 3062 3741 eos
3091 3681 3428 3755 consolans,
3452 3680 3705 3762 jubebat

2056 3786 2186 3829 esse
2220 3766 2377 3829 bono
2409 3768 2607 3829 animo
2638 3789 2651 3831 :
2686 3767 2799 3829 Ero
2831 3772 3016 3849 enim,
3044 3769 3256 3851 inquit,
3292 3768 3619 3845 vobiscum,
3644 3780 3704 3834 et

2055 3856 2212 3919 diem
2246 3856 2457 3919 festum
2486 3857 3014 3939 Theophaniorum
3038 3858 3338 3919 vobiscum
3360 3858 3695 3924 celebrabo:

2055 3946 2334 4009 recedam
2359 3957 2552 4007 autem
2590 3946 2896 4029 postridie.
2936 3947 3029 4010 Ad
3058 3947 3331 4009 eifectum
3363 3953 3557 4009 autem
3590 3947 3702 4012 de-

2057 4034 2297 4097 ductum
2330 4036 2441 4097 fuit
2465 4034 2522 4096 id
2555 4035 2711 4117 quod
2745 4035 2995 4115 dixerat,
3028 4046 3235 4117 aperte
3264 4035 3464 4099 divina
3495 4036 3555 4099 in
3587 4038 3701 4100 hoc

2057 4133 2295 4186 ostensa
2325 4126 2562 4187 virtute.

2143 4303 2238 4364 14.
2266 4300 2409 4366 Cum
2438 4321 2579 4379 ergo
2611 4302 2948 4364 advenisset
2972 4303 3099 4368 dies
3131 4306 3340 4383 festus,
3366 4307 3466 4389 qui
3489 4323 3702 4387 exspe-

2061 4392 2354 4468 ctabatur,
2381 4391 2798 4455 desiderabant
2822 4393 3059 4474 quidem
3086 4394 3363 4477 discipuli
3392 4397 3546 4458 hanc
3569 4395 3704 4457 ulti-

322 4490 390 4558 δὴ
423 4492 566 4564 παρὰ
622 4502 715 4551 τοῦ
744 4488 1062 4548 διδασκάλου
1111 4491 1313 4557 ταύτης
1357 4490 1655 4547 ἀπολαῦσαι
1686 4510 1968 4565 μυσταγω-

2061 4499 2214 4544 mam
2241 4502 2270 4542 a
2296 4481 2583 4560 magistro
2611 4482 2893 4563 consequi
2920 4485 3179 4563 mysterii
3213 4485 3392 4546 divini
3427 4482 3705 4546 celebra-

324 4582 471 4658 γίας.
520 4580 725 4639 Ἐδόκει
783 4579 837 4638 δὲ
887 4578 1086 4660 ἄπορον
1130 4580 1277 4637 εἶναι
1335 4585 1448 4644 πῶς
1511 4578 1572 4635 ἂν
1624 4578 1656 4646 ἢ
1714 4578 1968 4656 τράπεζαν

2061 4570 2304 4632 tionem.
2355 4568 2701 4660 Videbatur,
2732 4580 2929 4660 autem
2963 4588 3095 4633 csse
3143 4570 3413 4645 dubium,
3446 4590 3703 4654 quonam

325 4671 398 4732 εἷς
431 4671 533 4737 τὴν
589 4670 800 4744 εἱρκτὴν
847 4671 1207 4749 εἰσαγάγοιεν,
1240 4672 1277 4738 ἢ
1334 4670 1457 4734 τοὺς
1512 4675 1618 4725 τῶν
1648 4666 1813 4724 ἀθέων
1870 4663 1974 4726 λά-

322 4763 466 4816 θοιει
523 4760 852 4840 ὀφθαλμοῖδς,
896 4759 1112 4816 πολλῶν
1180 4761 1300 4815 τότε
1369 4763 1476 4815 τῶν
1547 4756 1642 4833 μὲν
1700 4755 1976 4833 παρόντων

320 4851 469 4923 km,
502 4850 609 4905 τῶν
665 4847 720 4905 δὲ
771 4849 1274 4930 είσαφικνοὺμένων.
1320 4850 1382 4905 Ὀ
1425 4846 1480 4903 δέ
1537 4845 1798 4923 τράπεζαν
1852 4843 1974 4918 μὲν,

324 4936 452 5018 ἔφη,
488 4935 605 4994 τόδε
657 4939 720 4994 τὸ
780 4938 911 5012 ἐμὸν
967 4937 1115 4994 ἔσται
1176 4937 1364 5004 στῆθος
1420 4936 1570 5010 ὑμῖν,
1604 4933 1662 4990 οὔ
1691 4955 1781 5009 μοι
1838 4930 1978 4989 δοκῶ

321 5028 418 5095 τῆς
481 5024 753 5107 ἐξαψύχου
783 5025 915 5094 ὕλης
963 5025 1251 5104 ἀτιμοτέρα
1282 5022 1622 5104 γενησομένη
1681 5028 1818 5097 Θεῷ,
1852 5022 1977 5085 ναὸς

324 5115 381 5172 δὲ
441 5116 592 5194 ἅγιος
623 5117 780 5191 ὒμεῒς
835 5138 926 5191 μοι
971 5117 1278 5191 γενήσεσθε,
1315 5113 1652 5192 πανταχόθεν
1695 5132 1762 5187 με
1823 5132 1975 5189 περι-

325 5206 756 5286 στοιχιοάμενοι·
820 5206 907 5262 καὶ
951 5203 1117 5266 οὕτως
1152 5202 1393 5259 ἐτελεῖτο
1454 5202 1553 5276 μὲν
1611 5209 1772 5257 ταῦτα
1829 5197 1977 5256 τόνδε

322 5302 415 5352 τὸν
452 5285 689 5373 τρόπον.
725 5292 871 5360 Ἤδη
929 5294 1030 5373 γὰρ
1074 5294 1147 5353 ὡς
1210 5291 1305 5348 ἒπΐ
1367 5289 1589 5358 τελετῆς
1648 5289 1789 5361 ζωῆς
1823 5285 1973 5353 ὄντος

323 5386 416 5442 τοῦ
446 5384 731 5463 μάρτυρος,
767 5383 822 5439 οἵ
864 5405 921 5438 τε
952 5381 1181 5461 φύλακες
1225 5381 1462 5455 ἀνεῖντο,
1496 5379 1583 5437 καὶ
1617 5381 1769 5451 Θεὸς,
1803 5376 1973 5455 ἔγωγε

326 5473 508 5547 οἶμαι,
564 5473 652 5529 τόν
710 5493 769 5529 τε
825 5473 1060 5551 μάρτυρα
1116 5476 1310 5545 τιμῶν,
1346 5472 1432 5526 καὶ
1487 5474 1593 5524 τῶν
1651 5470 1810 5525 αὐτοῦ
1864 5489 1973 5542 μα⁴

553 5561 975 5641 ἀπαραμύθητον
1007 5560 1222 5641 ἀφεῖναι
1280 5561 1371 5616 τὸν
1424 5561 1583 5614 πόθον
1634 5557 1711 5632 μὴ
1768 5554 1971 5636 ἀνεχό-

325 5670 505 5737 μενος,
563 5650 952 5733 παρασκευάζει
994 5650 1055 5707 τὸ
1113 5651 1242 5730 πρὸς
1312 5649 1409 5716 τὴν
1483 5643 1809 5725 ἐκκληρωτιν
1866 5645 1973 5702 τῶν

2059 4660 2236 4721 modo
2272 4677 2535 4721 mensam
2569 4659 2806 4741 quidem
2840 4659 2901 4720 in
2933 4677 3233 4722 carcerem
3266 4660 3578 4736 inferrent,
3606 4669 3708 4724 aut

2060 4748 2312 4811 laterent
2332 4747 2651 4829 impiorum
2680 4748 2905 4828 oculos,
2932 4768 3064 4811 cum
3098 4749 3264 4813 multi
3290 4751 3531 4833 quidem
3565 4759 3707 4814 tunc

2061 4837 2275 4918 partim
2298 4836 2418 4898 illic
2441 4836 2971 4918 adessent,partim
2995 4846 3189 4900 autem
3213 4840 3704 4917 accederent,ille

2060 4945 2223 4989 vero:
2254 4928 2454 4988 Mensa
2477 4926 2744 5002 quidem,
2779 4927 2991 5008 inquit,
3025 4928 3138 4990 erit
3166 4928 3332 4993 vobis
3364 4930 3471 4992 huc
3504 4947 3704 4991 meum

2063 5025 2441 5096 pectus,non,
2469 5025 2531 5076 ut
2558 5016 2835 5091 arbitror,
2862 5016 2984 5079 Deo
3015 5017 3209 5080 futura
3234 5027 3428 5081 minus
3459 5021 3708 5081 honesta

2062 5125 2131 5169 ea
2192 5126 2323 5187 quae
2355 5107 2414 5168 ﬁt
2448 5126 2517 5168 ex
2570 5106 2827 5169 inanima
2870 5112 3142 5185 materia,
3173 5111 3457 5190 templum
3503 5118 3705 5171 autem

2062 5207 2336 5258 sanctum
2367 5214 2468 5257 vos
2496 5196 2639 5257 mihi
2664 5196 2954 5267 eritis,me
2976 5199 3140 5259 omni
3161 5216 3228 5261 ex
3248 5208 3413 5279 parte
3442 5195 3704 5259 circum-

2062 5285 2295 5350 dantes.
2342 5284 2412 5348 Et
2443 5284 2529 5347 sic
2562 5285 2686 5347 haec
2717 5285 2865 5347 facta
2896 5287 3137 5368 quidem
3188 5295 3326 5350 sunt
3356 5288 3467 5348 hoc
3500 5283 3702 5350 modo.

2054 5375 2182 5438 .lam
2217 5373 2402 5449 enim,
2438 5385 2499 5435 ut
2550 5374 2708 5455 quod
2743 5385 2895 5438 esset
2927 5383 3167 5437 sanctus
3219 5377 3279 5436 in
3312 5376 3428 5436 ﬁne
3460 5374 3611 5450 vitae,
3645 5381 3708 5438 et

2057 5464 2292 5524 remissi
2322 5472 2489 5524 erant
2537 5461 2836 5534 custodes,
2873 5462 3015 5536 Deo,
3052 5474 3114 5524 ut
3145 5481 3253 5539 ego
3276 5463 3514 5544 quidem
3549 5461 3707 5525 arbi-

2063 5563 2206 5625 tror,
2250 5553 2351 5634 qui
2400 5561 2716 5632 martyrem
2765 5552 3059 5612 honorare
3091 5550 3345 5632 volebat,
3378 5558 3433 5613 et
3463 5569 3710 5615 suorum

2056 5640 2487 5730 discipulorum
2522 5658 2639 5703 non
2668 5639 2998 5705 sustinebat
3055 5638 3487 5713 inconsolabile
3520 5640 3712 5713 videri
