4062 6194
342 230 343 237 Ν
440 283 557 357 ιιι

1728 287 2008 351 MENSIS
2070 285 2525 350 JANUABIUS.

3707 286 3820 357 412

446 422 839 503 desiderium,
890 422 1211 495 efficiente,
1273 426 1338 483 ut
1393 419 1543 483 citra
1598 419 2088 501 impedimentum

2185 402 2538 502 προκειμένων
2597 422 2888 484 ἀκώλυτον·
2953 424 3156 492 πάντας
3214 423 3314 505 γὰρ
3376 424 3571 489 αὖτοὺς
3603 426 3632 482 6
3687 426 3825 504 μάρ-

447 516 667 581 ﬁerent
696 536 785 593 ea,
821 534 952 597 qum
985 521 1153 577 erant
1183 511 1503 594 proposita.
1536 508 1682 571 Nam
1716 530 1851 572 cum
1888 530 2095 575 omnes

450 624 556 670 eos
584 615 804 686 martyr
835 603 1079 665 fecisset
1109 602 1167 662 in
1223 600 1427 662 orbem
1462 599 1808 674 consistere,
1844 610 1908 663 ut
1941 602 2098 664 inter

448 714 516 757 se
546 697 796 757 invicem
832 693 985 754 alter
1018 708 1205 771 prope
1236 690 1486 753 alterum
1521 697 1766 764 stantes,
1802 709 1938 752 eum
1974 698 2094 753 tuto

449 782 1054 863 comprehenderent.
1065 779 1244 858 jussit
1272 797 1380 841 suo
1414 777 1637 857 pectori
1670 778 1891 859 imponi
1921 779 2092 860 signa

447 871 630 934 divini
691 869 997 932 sacriﬁcii.
1051 872 1363 950 Postquam
1423 868 1551 929 haec
1580 868 1879 940 fecissent,
1915 878 1975 930 et
2030 870 2091 930 in

447 961 663 1024 coelum
723 958 993 1040 protinus
1043 959 1279 1020 sustulit
1335 956 1792 1031 obtutum,cum
1820 959 1944 1035 jam
2001 960 2095 1020 vix

366 1098 372 1105 .
447 1057 649 1129 posset
708 1049 1021 1123 extollere,
1084 1056 1143 1109 et
1197 1064 1409 1127 preces
1469 1044 1696 1127 peregit
1761 1054 2093 1108 consuetas.

445 1138 676 1200 Deinde
706 1157 844 1199 cum
879 1137 1078 1199 divina
1114 1137 1369 1217 plurima
1399 1144 1557 1198 esset
1585 1135 1814 1208 etl‘atus,
1841 1148 1900 1196 et
1930 1155 2095 1197 sacro

443 1228 560 1292 ritu
593 1227 799 1291 omnia
829 1227 1161 1307 peregisset
1216 1225 1535 1305 proposita,
1570 1224 1698 1304 ipse
1731 1231 1789 1285 et
1817 1223 1926 1285 fuit
1958 1244 2094 1305 par—

447 1319 639 1397 ticeps
694 1315 1240 1387 Sacrameutorum,
1277 1324 1334 1377 et
1369 1314 1697 1375 transmisit
1726 1313 1797 1374 ad
1846 1333 1947 1375 eos
1998 1314 2097 1395 qui

445 1406 718 1481 aderant,
754 1413 818 1466 ut
848 1406 978 1486 ipso
1011 1422 1248 1486 quoque
1279 1404 1535 1465 ostendit
1564 1402 1624 1463 in
1657 1402 1858 1464 ultima
1891 1403 1964 1465 ad
1994 1422 2097 1466 eos

450 1496 724 1577 epistola.
785 1496 861 1557 Et
895 1496 1053 1556 hunc
1084 1494 1326 1575 quidem
1358 1492 1512 1555 diem
1574 1510 1709 1553 cum
1744 1490 1831 1553 eis
1863 1499 2093 1555 transe-

447 1583 554 1662 git,
584 1584 740 1645 sicut
769 1590 895 1644 erat
923 1582 1245 1662 pollicitus.

2177 535 2264 576 τυς
2318 512 2493 588 κύκλῳ
2550 515 3031 594 περιστησάμενος,
3067 517 3140 579 ὡς
3184 514 3248 572 ἅν
3304 518 3447 590 ὁμοῦ
3503 514 3692 573 τοῦτον
3746 517 3828 574 καὶ

2177 602 2301 682 παρ’
2359 602 2625 673 ἀλλήλους
2682 605 2901 668 στάντες
2962 602 3211 683 ἀσφαλῶς
3268 601 3664 682 περιλάϐωσιν,
3708 603 3828 660 ἐκέ-

2177 690 2297 748 λευε
2348 696 2426 767 τῷ
2468 693 2656 751 ἑαυτοῦ
2708 696 2887 764 στήθει
2945 692 3212 771 ἐπιφέρειν
3254 695 3320 751 τὰ
3390 693 3494 761 τῆς
3549 694 3697 772 γείσς
3751 697 3829 751 ἱε-

2177 782 2417 860 ρουργίας
2480 780 2742 857 σύμϐολα.
2817 783 2965 841 Ἐπεὶ
3036 780 3090 839 δὲ
3156 780 3301 840 ταῦτ’
3345 782 3560 857 ἔθεσαν,
3608 784 3682 848 εἷς
3740 784 3831 841 0‘3‘

2174 872 2331 949 ρανόν
2387 893 2447 928 τε
2474 871 2670 940 ἀνῆκεν
2728 873 2873 936 εὒθὺς
2906 874 3191 948 συμπεσὼν
3225 870 3327 941 ἤδη
3380 873 3446 928 16
3478 870 3701 949 βλέμμα
3749 864 3833 929 καὶ

2177 962 2330 1034 μόλις
2384 960 2658 1018 ἀνατεῖναι
2717 959 3029 1037 δυνάμενος,
3063 963 3153 1019 καὶ
3209 962 3301 1028 τᾶς
3356 962 3610 1032 συνήθεις
3672 963 3831 1041 εὖχὰς

2181 1048 2442 1125 ἐποιεῖτο,
2490 1054 2610 1107 εἶτα
2642 1052 2729 1108 καὶ
2781 1051 3011 1108 πλεῖστα
3070 1050 3401 1130 ἐπιθειάσας,
3436 1052 3699 1108 καὶκατὰ
3746 1051 3834 1107 τὸν

2177 1140 2316 1215 ἱερὸν
2397 1141 2592 1215 θεσμὸν
2650 1141 2859 1198 ἃπαντα
2927 1141 2994 1197 τὰ
3064 1141 3379 1219 προτεθέντο
3451 1138 3830 1220 τελεσάμενος,

2179 1226 2335 1293 αὐτός
2385 1251 2443 1285 τε
2474 1229 2706 1309 μετέσχε
2755 1236 2862 1286 τῶν
2921 1232 3244 1307 μυστηρίων,
3277 1231 3404 1293 τούς
3452 1251 3509 1287 τε
3570 1228 3832 1306 παρόντας

2180 1325 2287 1375 τῶν
2349 1323 2598 1393 μαθητῶν
2652 1319 2909 1397 ἐπέτρεψε
2954 1334 3277 1400 μετασχεῖν,
3312 1322 3403 1376 καὶ
3463 1333 3584 1383 τοῖς
3644 1318 3831 1376 ἀποῦσι

2179 1401 2492 1486 διέπεμψεν,
2526 1408 2599 1472 ὡς
2656 1408 2744 1465 καὶ
2804 1409 2960 1472 αὐτὸς
2992 1407 3047 1464 ἐν
3079 1414 3147 1485 τῇ
3205 1408 3418 1489 ἐσχάτῃ
3452 1409 3589 1487 πρὸς
3648 1408 3827 1470 αὐτοὺς

2177 1493 2436 1571 ἐπιστολῇ
2507 1503 2671 1554 ταῦτα
2754 1495 3079 1567 δεδήλωκεν.
3152 1498 3247 1557 Καὶ
3305 1500 3514 1565 ταύτην
3588 1497 3690 1573 μὲν
3768 1494 3830 1563 δὴ

2174 1584 2273 1652 τὴν
2331 1584 2535 1664 ἡμέραν
2578 1585 2915 1665 συνδιήρκεσε
2966 1588 3169 1653 τούτοις
3222 1586 3406 1663 ὥσπερ
3467 1588 3537 1657 ἧν
3585 1587 3828 1665 ὑποσχό-

2174 1695 2331 1749 μενος
2342 1718 2355 1733 .

528 1760 629 1824 45.
662 1760 955 1824 Postridie
995 1767 1190 1822 autem
1226 1778 1359 1821 cum
1394 1760 1692 1822 venissent
1744 1760 1983 1836 quidam
2014 1761 2091 1821 ab

2256 1763 2348 1824 ιε’.
2413 1766 2498 1828 Είς
2529 1763 2583 1843 δε
2626 1766 2724 1834 τὴν
2754 1767 3027 1847 ὑστεραίαν
3058 1766 3318 1825 ἐλθόντων
3369 1770 3523 1845 παρὰ
3551 1774 3647 1825 τοῦ
3675 1769 3829 1845 βασισρ

447 1849 832 1930 imperatore,
867 1849 1051 1912 visuri
1108 1868 1182 1910 an
1238 1850 1434 1911 adhuc
1483 1849 1707 1910 viveret
1763 1849 2094 1929 (videbatur

2185 1851 2310 1919 λὲως
2365 1860 2524 1910 τινῶν
2581 1861 2685 1911 τῶν
2743 1856 3023 1932 ὀψεμενων
3084 1859 3128 1914 εί
3186 1856 3258 1914 ἔτι
3313 1879 3376 1936 γε
3434 1857 3595 1930 διαζῇ
3637 1856 3830 1934 (θιῦμα

450 1939 610 2000 enim
645 1938 731 1999 eis
780 1938 947 2000 valde
981 1938 1342 2012 mirandum,
1375 1938 1531 2018 quod
1582 1938 1755 1998 vitam
1789 1938 2093 2018 hucusque

2185 1943 2276 2021 γὰρ
2334 1945 2519 2008 αὐτοῦς
2553 1943 2777 2010 ἐξαίσιον
2833 1947 2867 2015 ἡ
2901 1952 2998 2014 τῆς
3059 1952 3200 2018 ζωῆς
3234 1951 3395 2007 αὐτοῦ
3425 1948 3598 2028 μέχρι
3651 1947 3830 2004 τούτου

447 2026 870 2108 produxisset),
907 2037 1213 2108 postquam
1274 2046 1457 2109 prope
1489 2046 1553 2089 se
1615 2036 1840 2090 stantes
1870 2027 2097 2107 aspexit

2185 2031 2555 2114 παράστασις),
2610 2032 2794 2102 ἐπειδὴ
2854 2033 3082 2103 πλησίον
3139 2036 3324 2095 ἑαυτοῦ
3387 2026 3621 2102 σταντας
3682 2035 3831 2093 ἐθεά-

449 2134 554 2178 eos
579 2117 678 2195 qui
708 2118 1090 2197 advenerant,
1127 2135 1260 2178 cum
1295 2137 1385 2197 se,
1417 2123 1698 2198 quantum
1738 2124 1967 2196 poterat
1997 2136 2091 2178 ex-

2185 2143 2304 2178 mto
2374 2123 2496 2189 τοὺς
2541 2123 2918 2204 ἀφικομένους,
2960 2124 3219 2192 ὁπηλίκον
3283 2124 3507 2183 ἐδύνατο
3564 2127 3827 2202 βιασάμε-

450 2206 765 2286 tendisset,
795 2215 852 2269 et
878 2215 966 2267 ter
997 2206 1261 2281 dixisset,
1300 2205 1444 2268 Sum
1474 2206 1844 2269 Christianus
1871 2229 1887 2279 ;
1914 2206 2091 2268 simul

2185 2232 2265 2274 νος
2327 2212 2537 2288 ἑαυτὸν,
2570 2214 2654 2271 καὶ
2712 2215 2885 2292 τρίτον
2920 2215 3151 2271 ἀνειπὼν
3203 2217 3265 2271 16
3322 2213 3669 2293 Χριστιανός,
3702 2216 3826 2289 εἰμι,

444 2315 578 2359 cum
613 2296 817 2359 ultima
853 2314 994 2360 voce
1025 2295 1222 2358 emisit
1255 2295 1553 2377 spiritum.

2185 2305 2242 2372 τῇ
2283 2298 2556 2375 τελευταίᾳ
2586 2309 2736 2380 φωνῇ
2769 2305 3036 2383 συναφῆκε
3068 2305 3128 2360 τὸ
3160 2311 3390 2381 πνεῦμα.

1958 2456 2190 2516 CAPUT
2238 2458 2302 2516 V.

1578 2594 1717 2668 Ejus
1751 2597 2050 2669 sepultura.
2089 2595 2429 2671 Ηοιοιιοροιίι
2476 2599 2683 2658 civitas.

522 2733 619 2798 l6.
659 2736 810 2796 Sunt
840 2741 1035 2796 autem
1070 2731 1169 2812 qui
1204 2731 1424 2805 dicant,
1459 2749 1596 2792 eum
1627 2730 1820 2792 adhuc
1851 2730 2091 2811 spiran-

2259 2723 2380 2805 ις’.
2442 2733 2559 2791 Εἰσὶ
2611 2733 2665 2790 δέ
2716 2757 2854 2800 τινες
2902 2750 2958 2794 οϊ
3012 2735 3223 2815 λέγουσι
3274 2737 3435 2794 αὐτὸν
3488 2736 3564 2793 ἔτι
3623 2735 3818 2812 μᾶλλον

445 2832 565 2887 tem
600 2825 927 2903 projectum
961 2822 1144 2884 fuisse
1195 2822 1252 2881 in
1286 2819 1643 2900 profundum
1690 2819 1889 2881 maris.
1923 2817 2098 2882 Maxio

2185 2822 2407 2907 ἔμπνουν
2465 2824 2775 2903 ὑπαρχοντα
2807 2829 2883 2899 τῷ
2939 2832 3038 2894 τῆς
3085 2824 3354 2893 θαλάσσης
3414 2825 3820 2907 ἒναποῤῥιφῆναι

444 2913 679 2975 mianus
710 2912 871 2974 enim
902 2911 1231 2974 admiratus
1268 2910 1400 2989 ejus
1431 2917 1778 2989 perpetuam
1811 2909 1882 2968 ad
1918 2909 2093 2968 tinem

2185 2911 2338 2984 βυθῷ.
2389 2903 2445 2969 Ὀ
2506 2914 2605 2990 γὰρ
2670 2912 2997 2988 Μαξιμιανὸς
3057 2918 3188 2990 πρὸς
3259 2916 3360 2984 τὴν
3419 2903 3818 2997 μέχρι-τέλους

444 3021 638 3082 usque
671 3002 1091 3078 constantiam,
1123 2999 1296 3078 jussit
1325 2998 1399 3058 iis
1455 2997 1556 3077 qui
1586 2997 1645 3057 in
1685 2994 1976 3076 ejusmodi
2007 3013 2098 3056 re-

2185 2999 2420 3056 ἕνστασιν
2488 3002 2644 3058 αὒτοῦ
2696 3004 2783 3058 καὶ
2836 3005 2897 3059 16
2968 3002 3236 3062 ἆνὲνδοτον
3309 2994 3600 3085 ἐκπλανεὶς
3657 3025 3818 3083 προσ-

443 3093 555 3156 bus
613 3092 968 3169 inserviunt,
1005 3090 1198 3169 ipsum
1242 3088 1299 3147 in
1330 3104 1493 3148 mare
1533 3088 1757 3166 jacere,
1795 3104 1929 3145 cum
1966 3102 2092 3144 ms-

2185 3087 2327 3154 ἐταξε
2386 3092 2504 3154 τοῦς
2530 3093 2695 3147 ταῦτα
2738 3089 3066 3150 διακονοῦσιν
3098 3097 3169 3157 είς
3227 3096 3323 3163 τὴν
3354 3096 3630 3153 θάλασσαν
3672 3094 3820 3150 αὐτὸν

442 3202 622 3263 gnum
681 3168 962 3262 lapidem,
1000 3168 1429 3258 appendissent
1463 3174 1708 3236 brachio
1756 3174 1886 3254 ejus
1940 3173 2090 3234 dex-

2185 3179 2347 3255 ῥίψαι,
2397 3177 2536 3235 λίθον
2597 3180 2850 3257 μέγιστον
2895 3191 2987 3241 τοῦ
3035 3180 3205 3247 δεξιοῦ
3261 3184 3552 3263 βραχίονος
3607 3179 3818 3256 ἐξαρτη-

442 3281 594 3344 tero,
623 3280 707 3345 ut,
741 3269 1089 3331 submersus
1111 3283 1398 3346 nusquam
1424 3272 1760 3343 appareret,
1790 3274 1850 3325 et
1881 3281 2096 3342 corpus

2185 3268 2459 3343 σαμὲνους,
2501 3268 2578 3323 ’ἶν’
2629 3267 2950 3349 ὑποϐρύχιος
3008 3272 3318 3351 ἀφανισθείη
3373 3273 3686 3351 γενόμενος,
3730 3266 3818 3325 καί

444 3364 576 3443 ejus
606 3361 829 3421 nullam
883 3364 1303 3437 assequeretur
1355 3353 1748 3443 sepulturam,
1785 3371 1894 3413 nec
1940 3354 2096 3431 justa

448 3453 503 3514 ei
564 3453 798 3511 ﬁerent.
831 3448 1026 3529 Atque
1058 3445 1164 3507 fuit
1223 3442 1465 3524 quidem
1498 3443 1555 3503 in
1606 3442 1895 3522 prufundo
1948 3460 2094 3521 qua-

448 3537 783 3602 tuordecim
829 3537 980 3613 dies,
1017 3552 1231 3614 nempe
1266 3532 1538 3611 totidem,
1574 3539 1716 3612 quot
1768 3532 1824 3591 in
1856 3549 2099 3593 carcere

447 3628 782 3691 decertarat
812 3626 1095 3687 adversus
1125 3623 1315 3684 varias
1359 3620 1625 3701 corporis
1657 3621 2093 3700 perpessiones.

456 3714 914 3790 Quintodecimo
972 3720 1166 3774 autem
1204 3710 1527 3790 delphinus
1591 3711 1648 3771 in
1682 3711 1904 3773 siccum
1962 3729 2098 3771 eum

450 3808 565 3870 hoc
594 3804 770 3868 modo
801 3802 1013 3865 extulit
1047 3822 1059 3863 :
1095 3818 1228 3860 cum
1262 3800 1394 3878 ejus
1424 3798 1699 3878 discipuli
1733 3799 1889 3862 circa
1941 3799 2100 3880 ripas

450 3904 509 3960 et
540 3896 738 3957 littora
782 3892 932 3954 alius
963 3888 1107 3951 alibi
1162 3897 1564 3961 versarentur,
1599 3898 1662 3949 ut
1720 3888 2016 3962 viderent,
2048 3890 2097 3949 si

449 4004 565 4066 quo
599 3982 774 4044 modo
807 3988 1047 4061 possent
1076 3996 1211 4039 eum
1248 3996 1281 4039 e
1336 3978 1485 4039 mari
1517 3979 1771 4059 ejectum
1803 3977 2093 4053 invenire,

452 4081 719 4152 tempore
751 4078 945 4131 autem
976 4067 1232 4130 hiberno
1263 4067 1319 4128 id
1349 4067 1517 4131 valde
1550 4077 1706 4129 esset
1736 4067 2040 4129 turbatum
2079 4089 2092 4129 :

451 4161 797 4223 diuturnum
856 4166 1087 4238 tempus
1133 4158 1350 4233 effecit,
1388 4167 1453 4219 ut
1505 4157 1679 4241 plane
1713 4158 2101 4239 desperarent

453 4268 519 4312 se
564 4265 740 4331 posse
771 4248 826 4309 id
861 4247 1157 4312 invenire.

538 4426 636 4492 Η.
671 4428 913 4491 Interim
938 4446 1079 4491 vero
1110 4428 1466 4490 adveniente
1499 4426 1948 4505 quintodecimo
1978 4428 2096 4502 die,
2124 4450 2169 4505 ο

458 4530 687 4600 ποθι-ιμ-
708 4520 765 4581 in
789 4518 1037 4581 sommis
1055 4535 1348 4599 apparens
1379 4517 1613 4579 cuidam
1642 4517 1939 4596 Glycerio,
1961 4534 2102 4595 ger-

454 4628 630 4673 mano
648 4628 752 4671 suo
777 4606 1201 4691 discipulo,qui
1230 4617 1369 4671 tunc
1394 4606 1745 4669 versabatur
1773 4606 1834 4667 in
1858 4606 2105 4685 regione

455 4700 702 4763 adversa
727 4698 1054 4761 continenti
1088 4697 1476 4770 Nicomedim,
1500 4696 1644 4757 dicit
1673 4694 1752 4757 ei:
1783 4693 1830 4759 Ο
1865 4703 1946 4770 ιιι,
1967 4713 2101 4756 cum

456 4796 704 4865 primum
729 4808 897 4852 mane
921 4792 1262 4863 surrexeris,
1286 4791 1376 4848 abi
1401 4792 1457 4847 in
1482 4791 1637 4848 hunc
1667 4790 1859 4846 locum
1891 4796 2106 4861 (osten-

384 4934 397 4945 ,
456 4879 821 4942 denslocum
856 4878 1144 4958 littoris);
1179 4887 1236 4939 te
1266 4875 1448 4947 enim,
1477 4874 1698 4955 inquit,
1724 4872 2100 4948 conveniam,

455 4987 589 5032 cum
614 4968 756 5032 illuc
774 4966 1145 5030 veneris.llle
1167 4974 1532 5035 autem,cum
1559 4964 1843 5044 primum,
1873 4980 1942 5023 ex
1974 4981 2103 5023 ma-

458 5077 574 5139 gna
606 5057 897 5121 evidentia
941 5066 999 5118 et
1027 5054 1424 5117 admiratione
1455 5071 1663 5115 eorum
1707 5070 1839 5132 quae
1869 5059 2107 5111 ostensa

461 5149 719 5221 fuerant,
753 5166 887 5209 cum
914 5164 1159 5207 somnus
1191 5144 1538 5214 dimisisset,
1577 5141 1777 5221 etjam
1812 5139 1940 5201 dies
1974 5141 2105 5202 illu-

463 5246 757 5313 cesceret,
779 5254 1056 5316 surgens,
1082 5243 1140 5295 et
1162 5232 1449 5313 quosdam
1486 5230 1656 5309 alios,
1680 5247 1749 5290 ex
1773 5228 1883 5307 piis
1906 5247 2108 5290 secum

460 5345 799 5405 assumens,
831 5343 965 5387 cum
1018 5323 1107 5385 eis
1134 5321 1298 5383 venit
1340 5322 1399 5382 in
1455 5318 1789 5398 locum,qui
1821 5317 2012 5378 fuerat
2058 5319 2112 5380 ei

463 5413 926 5494 signiﬁcatusln
947 5431 1018 5475 eo
1038 5419 1234 5474 autem
1255 5410 1467 5490 ingens
1488 5407 1809 5487 delphinus
1829 5410 2113 5471 ascende-

460 5502 563 5565 bat
587 5521 619 5564 e
644 5503 818 5579 mari,
843 5503 966 5584 jam
989 5521 1057 5563 ex
1081 5520 1151 5562 eo
1172 5517 1504 5579 emergens:
1528 5498 1630 5579 qui
1653 5514 1789 5557 cum
1823 5506 1982 5558 esset
2002 5516 2111 5559 cx-

416 5662 419 5667 .
464 5609 670 5676 tensus
690 5611 869 5676 super
890 5610 1056 5675 aqua:
1075 5585 1651 5674 superficiem.valde
1672 5584 2016 5668 spirabat,et
2037 5586 2110 5650 ad

2182 3357 2445 3432 μηδεμιᾶς
2498 3360 2525 3414 ὁ
2557 3360 2737 3436 νεκρὸς
2788 3363 2944 3419 αὐτοῦ
2975 3361 3167 3440 ταφῆς,
3201 3361 3236 3429 ἤ
3282 3384 3427 3427 τινος
3473 3361 3642 3429 ἄλλης
3669 3363 3816 3436 θερα-

2180 3448 2333 3510 πείας
2390 3446 2662 3515 δνννηθείη
2712 3463 2925 3528 τυχεῖν.
2991 3449 3091 3507 Ὃν
3136 3450 3232 3525 μὲν
3303 3452 3393 3508 οὖν
3453 3452 3509 3508 ἐν
3560 3455 3638 3524 τῷ
3691 3449 3820 3526 βυθῷ

2180 3558 2430 3615 τεσσαρες
2483 3536 2578 3593 καῖ
2636 3534 2861 3602 δεκατὰς
2918 3536 3043 3603 ὅλας
3117 3538 3341 3616 ἡμέρας,
3407 3540 3464 3596 ἑν
3523 3538 3671 3604 ὅσαις
3728 3557 3819 3613 περ

2180 3629 2248 3693 ἦν
2279 3628 2367 3682 καὶ
2413 3626 2465 3681 ἐν
2500 3632 2566 3703 τῇ
2623 3628 2803 3704 εἱρκτῇ
2835 3629 2967 3704 πρὸς
3020 3628 3085 3683 τὰ
3133 3628 3347 3684 ποικίλα
3395 3630 3545 3696 πάθη
3575 3634 3667 3686 106
3717 3625 3817 3680 σώ-

2182 3738 2351 3791 ματος
2409 3712 2868 3793 διαγωνιζόμενος.
2904 3717 2982 3784 TE
3041 3716 3093 3772 δὲ
3138 3715 3599 3794 πεντεκαιδεκάτῃ
3652 3713 3815 3793 δελφίς

2183 3805 2339 3861 αὐτὸν
2394 3803 2698 3880 ἐξεκόμισεν
2742 3805 2827 3861 ἐπὶ
2885 3807 2944 3862 16
2980 3805 3158 3885 ξηρὸν,
3212 3814 3398 3866 τοῦτον
3453 3810 3549 3865 τὸν
3604 3804 3812 3885 τρόπον’

2180 3894 2287 3949 τῶν
2344 3896 2596 3967 μαθητῶν
2646 3893 2803 3951 αὐτοῦ
2835 3894 2947 3971 περὶ
2978 3894 3068 3960 τὰς
3126 3894 3290 3959 ἀκτὰς
3341 3898 3429 3952 καὶ
3459 3897 3581 3959 τοὺς
3643 3895 3812 3970 αἰγια-

2181 3980 2302 4043 λοὺς
2364 3981 2537 4038 ἄλλων
2611 3981 2749 4059 ἄλλῃ
2812 3980 3205 4062 διατριϐόντων,
3251 3982 3304 4041 εἴ
3374 4007 3478 4041 που
3553 3983 3811 4050 δυνηθεῖεν

2182 4073 2338 4128 αὐτὸν
2423 4071 2821 4129 ἂποπτυσθέιτα
2904 4078 3005 4140 τῆς
3083 4072 3355 4141 θαλάσσης
3428 4076 3692 4153 ὰνευρεϊο’
3762 4071 3812 4123 ἓν

2181 4160 2292 4237 ὥρᾳ
2375 4163 2642 4239 χειμερίῳ
2698 4159 2934 4241 σφοδρῶς
3008 4160 3467 4240 ἐκταραττομένης
3549 4163 3730 4233 αὐτῆς,
3786 4156 3812 4210 6

2183 4249 2377 4330 χρόνος
2438 4250 2881 4326 παρατεινόμενος
2914 4251 3217 4329 ἀπογνῶναι
3270 4252 3483 4318 τούτοδς
3515 4251 3610 4319 τὴν
3666 4244 3810 4303 ἀνεύ-

2185 4360 2327 4416 ρεσιν
2372 4340 2779 4417 παρεσκεύαζεν.

2267 4425 2360 4497 ιζ’.
2396 4425 2486 4483 Ἐν
2518 4429 2686 4501 ’τούτῳ
2743 4426 2795 4483 δὲ
2834 4429 2922 4485 καὶ
2974 4432 3070 4494 τῆς
3103 4426 3579 4496 πεντεκαιδεκάτης
3626 4423 3813 4502 ἡμέρας

2186 4517 2566 4597 ἐφισταμένης,
2619 4516 2742 4595 ὄναρ
2787 4516 3052 4596 ἐπιφανεῖς
3105 4519 3131 4573 6
3187 4518 3386 4596 μάρτυς
3435 4524 3515 4593 τῷ
3570 4515 3817 4589 Γλυκερίῳ

2186 4608 2285 4663 τινὶ
2341 4612 2447 4661 τῶν
2478 4607 2711 4684 γνητίων
2769 4610 2927 4666 αὖτοῦ
2958 4612 3244 4686 φοιτητῶν,
3279 4606 3371 4663 ἐπῖ
3424 4607 3518 4675 τῆς
3550 4602 3815 4677 ἀντιπέρας

2187 4697 2318 4774 πρὸς
2374 4696 2472 4762 τὴν
2531 4694 2888 4770 Νικομήδειαν
2944 4696 3164 4773 ἠπείρου
3217 4698 3515 4762 τηνικαῦτά
3555 4693 3650 4762 τὴν
3703 4689 3807 4745 δια·

2187 4782 2372 4863 τριϐὴν
2457 4783 2778 4865 ποιουμένῳ,
2851 4786 2981 4864 φησὶ
3052 4787 3182 4864 πρὸς
3268 4786 3444 4843 αὐτόν’
3508 4783 3721 4855 Αὐτίκα,
3773 4776 3814 4832 ὧ

2187 4878 2361 4953 οὗτος,
2396 4873 2556 4931 ἕωθεν
2613 4874 2841 4938 ἀναστὰς
2886 4877 2958 4938 εἷς
3003 4873 3119 4932 τόδε
3151 4877 3212 4931 τὸ
3263 4876 3463 4956 χωρίον
3503 4875 3644 4933 ἄπιθι
3703 4866 3812 4949 (τῆε

2187 4963 2376 5030 ἠϊόνος
2447 4960 2692 5032 δηλώσας
2752 4965 2842 5019 16v
2912 4963 3124 5044 τόπον)·
3185 4955 3487 5040 ἐντεύξομαι
3562 4962 3659 5040 γάρ
3713 4955 3808 5027 66¢,

2190 5052 2319 5132 ἔφη,
2369 5052 2484 5108 ἐκεῖ
2541 5053 2981 5131 παραγενομένῳ,
3040 5043 3101 5112 Ὀ
3146 5051 3223 5132 δὲ,
3274 5055 3507 5134 τάχιστα
3560 5052 3708 5109 αὐτὸν
3759 5043 3813 5099 EX

2193 5145 2282 5199 τοῦ
2332 5141 2448 5197 λίαν
2515 5141 2765 5220 ἐναργοῦς
2820 5143 2906 5198 καὶ
2967 5141 3267 5210 πληκτικοῦ
3339 5144 3445 5199 τῶν
3513 5137 3812 5221 δειχθέντων

2194 5234 2265 5293 ὡς
2321 5230 2480 5294 ὕπνος
2536 5231 2754 5301 ἀνῆκεν,
2821 5231 2988 5310 ἡμέρα
3044 5254 3098 5288 τε
3157 5231 3258 5300 ἤδη
3315 5233 3630 5311 ὑπηύγαζεν,
3689 5225 3809 5281 ἀνα⁵

2196 5321 2324 5386 στας
2382 5322 2469 5378 καί
2524 5343 2669 5384 τινας
2726 5322 2933 5397 ἐτέρους
3012 5328 3114 5378 τῶν
3170 5320 3493 5401 φιλευσεϐὤν
3548 5332 3810 5392 συμπαρα-

2195 5409 2394 5487 λαϐὼν,
2459 5412 2530 5476 είς
2587 5412 2647 5467 16
2691 5409 2927 5477 δηλωθὲν
2982 5411 3180 5490 χωρίον
3231 5410 3414 5492 ἐφοίτα
3472 5407 3586 5485 μετ’
3630 5405 3805 5492 αὐτῶξ.

2196 5500 2286 5558 Ἐν
2316 5502 2487 5573 τούτῳ
2516 5500 2570 5556 δὲ
2621 5504 2717 5557 καὶ
2748 5487 3283 5580 δελφῖνοξνμέγιστόν
3308 5522 3357 5557 τι
3396 5505 3580 5581 χρῆμα
3621 5495 3676 5551 ἐκ
3722 5487 3809 5581 fit?

2195 5588 2460 5657 θαλάττης
2508 5588 2684 5668 ἀνῄει,
2720 5589 2830 5671 ὁίρτι
2856 5573 3057 5659 ’ταύτης
3101 5573 3477 5666 emensam},
3509 5573 3593 5646 καὶ
3640 5573 3810 5641 ἔπειδῆ
