4094 6196
460 337 576 406 415

1748 343 1804 404 M
1812 343 1912 405 EN
1917 341 2028 405 SIS
2075 343 2106 406 J
2112 343 2216 407 AN
2223 343 2528 409 UARIUS.

3702 345 3823 416 416

459 479 575 543 hoc
606 485 668 541 ut
693 475 887 558 ipsum
939 493 1180 559 quoque
1226 474 1386 538 illius
1416 474 1750 555 impertiret
1781 478 1989 555 gloria.
2027 480 2096 540 Et

2193 478 2394 555 ὶρέστην
2454 483 2594 551 αὒτῷ
2637 477 2897 560 πρόφασιν
2957 479 3256 560 παρασχὼν
3317 485 3404 540 καὶ
3451 480 3818 557 δικαιοτάτην,

460 571 586 633 haec
617 577 707 631 est
738 571 882 630 mihi
915 565 1250 630 communis
1292 564 1440 627 ratio
1470 565 1530 626 in
1565 565 1841 628 omnibus
1878 576 2097 646 marty-

458 661 650 729 ribus,
683 659 742 720 id
796 667 904 732 est,
944 656 1191 718 testibus
1242 656 1528 717 veritatis.
1563 654 1730 717 Nunc
1759 665 1956 718 autem
1989 675 2096 718 vo-

463 751 592 812 lens
627 749 982 809 contirmare
1014 745 1298 810 studium,
1332 747 1488 826 quod
1522 746 1773 807 contulit
1803 746 1863 806 in
1897 765 2098 808 sacras

457 840 816 917 Scripturas,
844 854 977 897 esse
1008 853 1156 915 opus
1189 834 1430 914 plurimi
1459 836 2093 909 faciendum,manum,

459 947 591 1008 quae
627 929 679 988 ei
715 927 950 1008 proprie
983 927 1043 987 in
1100 926 1210 987 hac
1260 943 1325 985 re
1378 926 1668 1002 inserviit,
1702 927 1882 987 voluit
1918 928 2095 989 etiam

462 1020 718 1098 propriis
767 1020 1065 1080 honorare
1116 1016 1511 1096 passionibus,
1557 1018 1854 1096 quomodo
1888 1018 2092 1092 etiam,

459 1117 522 1169 ut
574 1108 856 1182 arbitror,
923 1109 1115 1169 solent
1165 1117 1537 1185 spectatores
1587 1109 1761 1168 sertis
1813 1107 2098 1169 redimire

461 1198 708 1260 brachia
737 1199 1114 1261 athletarum.
1149 1197 1318 1272 Quod
1351 1199 1398 1257 si
1446 1197 1578 1275 quis
1608 1197 1784 1258 etiam
1819 1198 2099 1258 credide—

457 1289 538 1352 rit
565 1308 692 1350 eam
727 1291 786 1350 in
834 1293 979 1349 mari
1013 1287 1328 1358 mansisse,
1372 1288 1426 1347 ei
1483 1288 1624 1348 licet
1653 1295 1713 1348 et
1744 1288 1867 1350 hzec
1902 1294 2098 1348 consi-

459 1380 695 1453 derare,
729 1389 787 1440 et
835 1379 991 1460 quod
1045 1378 1201 1440 Deus
1269 1378 1574 1439 miraculis
1606 1396 1763 1456 szepe
1793 1377 1968 1438 etiam
2001 1377 2101 1437 ad-

463 1471 670 1531 miscet
727 1487 797 1531 ea
855 1487 985 1550 quas
1045 1468 1376 1548 procedunt
1434 1486 1467 1528 a
1502 1476 1731 1544 natura,
1770 1476 1832 1527 ut
1867 1486 1969 1546 per
1999 1467 2099 1528 illa

461 1559 700 1640 quidem
737 1559 1082 1621 ostendatur
1135 1558 1321 1618 virtus
1353 1558 1614 1618 effectrix
1650 1556 2097 1632 miraculorum,

465 1668 572 1725 per
622 1651 748 1712 hazc
800 1655 997 1710 autem
1030 1646 1180 1710 ﬁdes
1235 1665 1475 1726 quoque
1526 1646 1815 1708 habeatur
1848 1657 2096 1710 natum.

2185 570 2257 631 εἷς
2300 570 2360 624 τὸ
2404 571 2490 625 καὶ
2534 570 2626 636 si;
2676 568 2832 636 δόξης
2893 569 3049 628 αὐτόν
3107 576 3202 638 τῆς
3261 570 3460 632 ἐκείνου
3500 573 3822 642 ποιήσασθαι

2181 659 2458 717 κοινωνόν.
2526 661 2623 716 Καὶ
2671 659 2819 722 οὗτός
2865 683 2956 734 μοι
3027 662 3199 724 κοινός
3261 664 3370 719 ἐστι
3415 663 3551 720 κατὰ
3606 663 3822 720 πάντων

2183 770 2284 802 των
2342 754 2440 815 τῆς
2486 748 2736 815 ἀληθείας
2795 750 3070 828 μαρτύρων
3119 753 3145 806 r‘.
3178 750 3360 829 λόγος.
3396 759 3498 810 Νῦν
3529 751 3583 808 δὲ
3642 757 3824 830 κυρῶ-

2183 858 2269 892 σαι
2314 837 2634 913 βουλόμενος
2695 841 2771 911 τῴ
2826 836 2968 914 ἀνδρὶ
3017 839 3112 906 τὴν
3145 839 3197 894 ἐν
3229 855 3348 906 ταῖς
3380 844 3550 920 ἱεραῖς
3583 848 3825 921 Γραερατς

2184 928 2578 1006 εἰσενεχθεϊσαν
2635 925 2890 1001 σπουδὴν,
2955 929 3040 983 καὶ
3083 929 3155 992 ὡς
3196 928 3398 986 πολλοῦ
3446 953 3583 996 τινος
3616 930 3712 1009 ἄρα
3755 932 3828 999 ἦν

2182 1017 2216 1083 ἡ
2271 1016 2580 1094 πραγματία
2638 1015 2930 1090 ἀξιωτάτη,
2977 1018 3073 1085 τὴν
3127 1031 3291 1097 χεῖρα
3332 1021 3490 1078 αὔτοῦ
3545 1021 3641 1086 τὴν
3679 1017 3825 1084 ἰδίως

2183 1106 2313 1180 πρὸς
2369 1111 2525 1161 τοῦτο
2603 1102 3064 1179 διακονησαμὲνην
3139 1106 3292 1172 ἰδίοις
3352 1108 3542 1175 ἠξίωσε
3601 1111 3829 1182 τιμῆσαι

2184 1196 2272 1249 καὶ
2329 1207 2444 1256 τοῖς
2492 1197 2766 1267 alliciant
2806 1214 2820 1228 '
2859 1195 3116 1274 καθάπερ,
3149 1197 3335 1276 οἶμαι,
3366 1200 3453 1254 καὶ
3503 1205 3608 1254 τῶν
3651 1197 3826 1264 ἀθλη-

2183 1291 2290 1340 τῶν
2348 1285 2396 1339 οἱ
2451 1285 2787 1347 Θεαταὶτοὺς
2845 1285 3134 1364 βραχίονας
3195 1288 3405 1343 εἰώθασι
3457 1295 3706 1346 ταινιοῦν.
3758 1287 3830 1344 Εἴ

2184 1394 2243 1448 γε
2289 1372 2470 1446 μέντοι
2513 1396 2592 1438 τις
2646 1373 2811 1439 αυτὴν
2871 1375 3432 1450 ἐγκαταμεμενηκέναι
3479 1383 3548 1452 τῇ
3587 1376 3833 1452 Θαλάσσῃ

2187 1462 2532 1541 πιστεύσειε,
2625 1463 2844 1539 πάρεστι
2929 1463 3016 1519 καὶ
3084 1466 3172 1520 επὶ
3268 1465 3436 1537 τούτῳ
3517 1466 3830 1543 λογίσασθαι

2183 1552 2346 1607 ταῦτα
2405 1573 2484 1624 τε,
2549 1554 2636 1608 καὶ
2692 1550 2773 1608 ὅτι
2849 1565 2966 1617 ταῖς
3026 1556 3468 1632 θιυματουργίαις
3518 1557 3646 1619 Θεὸς
3679 1554 3826 1612 πολ-

2186 1640 2336 1703 λάκις
2381 1643 2822 1719 ἔγκαταμίγιυσι,
2887 1642 2977 1700 καί
3038 1645 3104 1699 τὰ
3153 1644 3261 1700 ἀπὸ
3311 1651 3408 1712 τῆς
3443 1646 3672 1722 φύσεως,
3733 1642 3832 1700 ἵνα

461 1737 576 1800 Sed
613 1740 736 1801 hac
767 1738 1103 1820 quidem,et
1147 1744 1388 1818 propter
1418 1756 1588 1816 quam
1624 1756 1860 1798 causam
1891 1757 2104 1798 unum—

2193 1729 2270 1786 διὰ
2335 1733 2391 1786 τὸ
2459 1733 2556 1804 μὲν
2618 1734 3014 1810 θαυματοδργὸς
3074 1732 3373 1801 δεικνύηται
3434 1733 3672 1810 δύναμις,
3738 1733 3831 1790 διὰ

463 1830 746 1908 quodque
780 1828 1048 1906 contigit,
1097 1845 1242 1906 pure
1300 1826 1542 1887 demum
1597 1827 1742 1887 sciat
1774 1828 1820 1886 is
1848 1828 1946 1906 qui
1977 1827 2100 1888 haec

2193 1822 2237 1878 δὲ
2297 1829 2402 1879 τῶν
2448 1826 2526 1896 μὴ
2563 1824 2850 1880 ἀπιστοῖτο
2977 1824 3127 1902 φύσις
3162 1843 3176 1858 ⁸
3213 1824 3350 1883 ἄλλα
3383 1833 3543 1882 ταῦτα
3569 1829 3689 1900 μὲν,
3737 1826 3833 1881 καὶ

463 1919 862 1980 administrat.
924 1917 1261 1988 Quinetiam
1323 1917 1382 1978 in
1431 1916 1678 1994 singulis
1710 1935 1940 1985 eorum,
1975 1936 2104 1995 quae

2193 1912 2254 1967 δι’
2312 1912 2376 1979 ἢν
2435 1911 2656 1968 ἕκαστον
2717 1914 2816 1978 τὴν
2861 1913 3028 1968 αἰτίαν
3073 1911 3368 1988 συμϐαίνει,
3400 1914 3538 1969 ἵστω
3585 1913 3832 1992 καθαρῶς

463 2009 536 2071 ab
571 2009 696 2088 ipso
743 2006 1176 2068 admirabiliter
1205 2007 1354 2068 ﬁunt
1398 2015 1456 2067 et
1484 2014 1793 2084 geruntur,
1829 2006 2105 2067 didicerit

463 2097 718 2178 quisque
766 2097 938 2158 aliam
978 2113 1220 2176 quoque
1278 2113 1412 2156 esse
1441 2113 1742 2169 arcanam,
1779 2103 1837 2156 et
1864 2113 1996 2175 qua;
2031 2096 2106 2157 sit

461 2205 642 2266 supra
671 2205 778 2247 nos
821 2185 1143 2259 rationem,
1206 2187 1638 2265 optimamque,
1677 2193 1736 2246 et
1767 2203 1901 2265 qum
1932 2204 2103 2247 com-

465 2275 758 2357 prehendi
821 2294 939 2337 non
995 2284 1208 2352 potest,
1272 2274 1874 2349 administrationem,
1909 2293 2106 2356 neque

465 2374 690 2427 temere
713 2364 939 2446 aliquid
973 2364 1100 2426 ﬁeri
1133 2372 1236 2425 aut
1257 2363 1522 2428 fortuito.

543 2545 646 2608 20.
679 2547 844 2608 Tunc
873 2563 1014 2622 ergo
1047 2545 1133 2606 sic
1163 2563 1196 2606 a
1241 2544 1527 2624 delphino
1559 2551 1932 2624 exportatum
1967 2564 2107 2606 cor-

469 2656 603 2717 pus,
636 2635 892 2698 delatum
925 2644 1014 2696 est
1045 2634 1106 2696 in
1138 2653 1406 2697 arenam.
1443 2637 1883 2695 Concurreutes
1907 2643 2103 2696 autem

468 2726 770 2806 discipuli,
805 2725 1062 2805 primum
1097 2725 1363 2803 quidem,
1401 2731 1461 2784 ut
1487 2724 1759 2794 decebat,
1794 2723 1849 2784 id
1877 2725 2106 2786 saluta-

460 2815 624 2887 bant,
653 2815 805 2876 alius
834 2815 1075 2875 aliunde
1109 2815 1437 2884 venientes,
1473 2823 1531 2872 et
1561 2811 2013 2884 osculabantur,
2051 2820 2110 2871 et

461 2903 998 2985 amplectebantur,
1061 2901 1480 2980 unusquisque
1560 2919 1664 2980 pro
1725 2900 1973 2973 viribus,
2031 2898 2106 2959 ob

465 3003 803 3075 promptum
837 3001 892 3054 et
923 2993 1121 3053 alacre
1157 2989 1341 3052 animi
1371 2989 1657 3052 studium.
1711 2988 1938 3050 Deinde
1971 3005 2106 3049 vero

467 3104 602 3148 cum
631 3085 686 3145 id
722 3081 1142 3161 sumpsissent,
1181 3089 1238 3140 et
1270 3078 1525 3158 propriis
1555 3076 1827 3138 manibus
1853 3077 2104 3138 extulis-

2187 2001 2342 2066 αότός
2401 2004 2427 2058 ὁ
2485 1999 2604 2058 τάδε
2637 1999 2854 2062 διέπων.
2891 2001 3038 2068 Πλὴν
3087 2001 3170 2081 ἔφ’
3232 2003 3474 2065 ἑκάστοις
3537 2009 3640 2060 τῶν
3702 2002 3834 2079 παρ’

2188 2093 2344 2149 αὖτοῦ
2425 2092 3002 2168 θαυματουργουμένων
3077 2091 3112 2158 ἢ
3192 2091 3596 2168 πραττομένων,
3651 2091 3828 2167 ἐκμάο

2186 2202 2268 2236 τοι
2326 2202 2407 2242 τις
2461 2179 2522 2236 ἂν
2585 2181 2672 2237 καὶ
2722 2183 2899 2258 ἕτερον
2955 2180 3099 2236 εἶναι
3143 2179 3304 2258 λόγον
3363 2181 3682 2259 ἁπόῤῥητον,
3741 2182 3832 2237 καὶ

2185 2270 2316 2347 ὑπὲρ
2372 2271 2540 2344 ἡμᾶς,
2601 2271 2688 2326 καί
2745 2269 2967 2346 ἀρίστην
3023 2271 3348 2345 οἰκονομίαν,
3397 2272 3485 2327 καὶ
3541 2269 3826 2338 ἀκατάλη-

2188 2381 2344 2434 πτον,
2381 2362 2466 2415 καὶ
2499 2357 2665 2434 μηδὲν
2711 2360 2828 2426 εἰκῆ
2873 2357 3040 2434 μηδὲν
3093 2360 3150 2414 ὃν
3195 2360 3353 2439 ἔτυχε
3410 2359 3648 2437 γενέσθαι
3705 2359 3830 2438 τρό-

2189 2470 2311 2508 πον.

2271 2537 2344 2600 κ’.
2393 2542 2523 2596 Τότε
2557 2537 2601 2594 δ’
2633 2539 2722 2595 οὖν
2754 2541 2825 2604 ὡς
2855 2541 2953 2596 ὕπὸ
2985 2546 3075 2598 τοῦ
3105 2537 3350 2619 δελφῖνος
3409 2539 3735 2615 ἐκκομισθεὶς
3800 2539 3831 2594 ὃ

2189 2629 2369 2706 νεκρὸς
2443 2628 2528 2684 ἐπὶ
2609 2629 2707 2696 τὴν
2766 2629 2988 2704 ψάμμον
3049 2629 3274 2708 ἣνέχθη,
3335 2628 3716 2707 συνδραμόντες
3774 2629 3828 2686 oi.

2190 2719 2418 2790 μαθηταὶ
2481 2724 2660 2794 πρῶτα
2747 2719 2844 2791 μὲν
2918 2719 3220 2789 ἠσπάζοντο
3277 2721 3412 2774 κατὰ
3471 2721 3529 2774 τὸ
3599 2717 3825 2794 πρέπον,

2189 2805 2491 2883 ἀλλαχόθεν
2525 2805 2684 2868 ἄλλος
2715 2805 3100 2884 ἐπι-γινόμενοι,
3137 2807 3228 2862 καί
3263 2807 3467 2888 ἐφίλουν
3521 2830 3578 2862 τε
3631 2810 3702 2872 ὡς
3759 2805 3826 2872 ἦν

2189 2893 2404 2950 δυνατὸν
2461 2895 2680 2960 ἕκαστος
2734 2898 2835 2952 ὑπὸ
2889 2898 3175 2972 προθυμίας
3208 2945 3224 2970 ,
3306 2898 3394 2953 καὶ
3454 2893 3824 2975 περιέϐαλλον,

2189 2985 2416 3041 Ἔπειτα
2475 2984 2657 3058 μέντοι
2729 2982 3092 3058 διαλαϐόντες,
3153 2988 3240 3042 καὶ
3274 2987 3459 3067 χερσὶν
3491 2987 3703 3049 οἰκείαις
3731 2984 3828 3040 ἐκ-

2189 3074 2564 3148 κομισάμενοι,
2626 3075 2798 3132 πάντα
2855 3098 2912 3132 τε
2970 3077 3034 3132 τὰ
3100 3075 3184 3132 ἐπ’
3241 3081 3423 3140 αυτοῖς
3481 3074 3831 3150 νενομισμένα

469 3183 624 3246 sent,
658 3183 715 3234 et
745 3172 798 3232 ei
825 3172 988 3250 justa
1018 3169 1217 3230 omnia
1247 3169 1322 3230 de
1348 3186 1510 3228 more
1543 3166 1850 3239 fecissent,
1886 3166 1945 3227 in
1978 3166 2105 3227 loco

2193 3161 2520 3236 τελέσαντες,
2581 3163 2634 3219 ἐν
2690 3167 2840 3237 τόπῳ
2896 3165 3146 3240 ἐπισήμῳ
3180 3166 3507 3222 κατέθεσαν⁸
3571 3165 3666 3221 καί
3721 3186 3827 3230 τη-

466 3262 685 3341 insigni
719 3261 1146 3339 deposuerunt.
1183 3257 1250 3319 Et
1307 3266 1446 3318 tunc
1494 3256 1735 3336 quidem
1784 3256 1868 3317 illi
1899 3256 2106 3336 sepul-

467 3371 659 3423 crum,
723 3349 904 3425 quale
963 3355 1304 3426 potuerunt,
1367 3357 1541 3427 prout
1572 3355 1806 3426 tempus
1832 3347 2104 3425 urgebat,

463 3447 824 3502 statuerunt.
874 3439 1090 3500 Postea
1153 3445 1379 3514 autem,
1413 3454 1545 3513 quas
1578 3434 1750 3496 nobis
1782 3436 2105 3499 salutarem

467 3527 707 3592 Domini
740 3526 1000 3590 restituit
1024 3525 1305 3598 Crucem,
1339 3534 1394 3588 et
1429 3544 1705 3602 magnum
1739 3526 1894 3588 inter
1915 3527 2108 3588 claros

468 3617 860 3694 imperatores
885 3615 1092 3694 genuit
1112 3613 1589 3687 Constantinum,
1623 3615 1965 3677 veneranda
1993 3614 2112 3676 He-

473 3705 630 3778 lena,
684 3705 920 3784 quando
977 3703 1385 3766 revertebatur
1427 3703 1878 3784 Hierosolymis,
1915 3705 2109 3766 locum

466 3795 791 3867 honoratis,
829 3801 888 3856 et
917 3795 978 3855 in
1010 3813 1079 3855 eo
1130 3793 1401 3854 condidit
1447 3793 1581 3870 (192)
1611 3794 1929 3867 civitatem,
1964 3814 2111 3856 con-

467 3890 692 3946 vocatis
749 3883 1181 3945 habitatoribus
1240 3901 1311 3943 ex
1373 3883 1467 3956 iis,
1523 3901 1654 3962 quae
1697 3883 1918 3944 circum
1952 3885 2113 3945 circa

470 3982 662 4044 erant,
699 3972 1068 4052 regionibus,
1106 3980 1162 4033 et
1193 3972 1422 4033 elfectis
1461 3973 1662 4050 Operis
1697 3973 2108 4054 participibus,

471 4073 532 4126 et
562 4061 772 4123 validis
825 4081 955 4123 eam
1007 4062 1192 4122 cinxit
1244 4061 1562 4134 moenibus,
1598 4071 1656 4123 et
1686 4063 1924 4143 martyri
1956 4072 2112 4125 tent-

475 4152 634 4231 plum
695 4150 1010 4212 aadiﬁcavit
1059 4150 1381 4211 maximum
1418 4167 1431 4212 :
1467 4152 1622 4230 quod
1685 4171 1841 4212 nunc
1876 4171 2115 4232 quoque

475 4239 708 4318 insigne
731 4248 792 4301 et
816 4240 1066 4319 pulchre
1092 4246 1459 4300 exstructum
1486 4242 1750 4301 cernitur
1777 4241 1849 4302 ab
1880 4241 1975 4319 iis,
2011 4240 2113 4317 qui

475 4337 536 4390 et
558 4336 715 4389 terra
739 4339 797 4388 et
830 4327 979 4389 mari
1014 4327 1432 4406 ingrediuntur
1461 4347 1529 4389 ac
1561 4335 1876 4406 navigant;
1902 4330 1972 4390 ad
1997 4329 2115 4409 glo-

475 4417 622 4478 riam
685 4415 920 4478 Domini
983 4415 1169 4477 nostri
1201 4417 1341 4477 Jesu
1375 4417 1616 4489 Christi,
1655 4427 1713 4478 et
1746 4436 1978 4498 eorum,
2014 4421 2114 4500 qui

2191 3251 2410 3306 νικαῦτα
2471 3253 2566 3325 μὲν
2597 3254 2786 3309 ὁποῖον
2830 3251 3163 3322 ἠδυνήθησαν
3229 3254 3368 3328 αὐτῷ
3415 3255 3506 3310 τὸν
3534 3254 3696 3333 τάφον
3755 3255 3832 3318 ὡς

2192 3344 2219 3396 ὁ
2275 3343 2460 3417 καιρὸς
2521 3340 2709 3420 ἤπειγε
2781 3343 3183 3418 περιέστησαν·
3246 3343 3458 3423 ὕστερον
3507 3341 3585 3423 δὲ,
3645 3345 3679 3411 ἡ
3737 3343 3833 3400 τόν

2193 3432 2453 3507 σωτήριον
2509 3432 2644 3504 ἡμῖν
2702 3433 3002 3510 γνωρίσασα
3037 3441 3133 3490 τοῦ
3189 3434 3373 3509 Κυρίου
3433 3432 3678 3510 σταυρὸν,
3741 3431 3831 3488 καὶ

2191 3521 2282 3574 τὸν
2327 3519 2494 3596 μέγαν
2556 3519 2608 3574 ὲν
2652 3519 2910 3595 ἀοιδίμοις
2958 3522 3046 3576 καὶ
3091 3519 3360 3595 βασιλεῦσι
3405 3520 3626 3596 βασιλέα
3675 3531 3828 3579 Kcm-

2193 3622 2474 3664 σταντϊνον
2558 3611 2860 3686 γεννήσασα
2931 3607 3192 3684 σεϐασμία
3281 3604 3493 3684 Ἐλὲνη,
3556 3608 3708 3678 ἡνίκα
3775 3607 3830 3674 ἐξ

2196 3690 2578 3774 Ἰεροσολύμων
2639 3697 2960 3777 ὑπέστρεφε,
3022 3705 3232 3774 τιμῶσα
3291 3701 3381 3755 τὸν
3439 3710 3628 3778 τόπον,
3677 3697 3834 3755 πόλιν

2193 3809 2250 3844 τε
2317 3789 2600 3862 συνῴκισεν
2662 3787 2716 3844 ἐν
2771 3790 2936 3859 αὒτῷ,
2967 3790 3088 3851 τοὺς
3120 3793 3224 3843 τῶν
3255 3787 3403 3867 πέριξ
3451 3791 3645 3868 χωρῶν
3672 3789 3832 3856 οἰκή-

2195 3899 2349 3954 τορας
2438 3875 2878 3953 συγκαλεσαμὲνη
2915 3926 2928 3952 ,
3017 3878 3102 3932 καὶ
3183 3880 3472 3941 κοινωνοὺς
3530 3887 3624 3936 τοῦ
3679 3877 3833 3954 ἔργου

2197 3966 2563 4042 ποιησαμένη,
2617 3967 2702 4021 καὶ
2758 3981 2950 4045 τεῒχος
3011 3963 3289 4044 περιέϐαλε
3332 3968 3605 4046 καρτερὸν,
3638 3969 3834 4042 καὶτῷ

2199 4058 2417 4134 μάρτυρι
2469 4058 2558 4112 τὸν
2614 4061 2746 4111 νεὼν
2789 4054 3177 4130 ᾤκοδομήσατο
3218 4057 3494 4134 μέγιστον,
3547 4057 3604 4121 ὃς
3634 4062 3720 4112 νῦν
3754 4055 3833 4111 ἔτι

2199 4145 2489 4222 περιφανὴς
2577 4148 2664 4200 καὶ
2723 4145 2794 4206 εἷς
2868 4143 3064 4209 καλλος
3124 4143 3549 4224 ἐξειργασμένος,
3602 4158 3718 4208 τοῖς
3774 4144 3838 4201 ἐκ

2199 4235 2296 4311 γῆς
2351 4234 2438 4290 καὶ
2495 4231 2762 4296 Θαλάττης
2812 4233 3146 4306 ὁδοιποροῦσί
3191 4254 3248 4288 τε
3293 4237 3380 4290 καὶ
3438 4232 3837 4308 ναυτιλομένοις

2199 4322 2489 4398 ὁρώμενος,
2539 4323 2612 4384 εἰς
2672 4320 2823 4387 δόξαν
2882 4330 2974 4378 τοῦ
3032 4323 3217 4399 Κυρίου
3261 4323 3415 4398 ἡμῶν
3473 4321 3654 4389 Ἰησοῦ
3699 4330 3836 4398 Χρι-

2198 4419 2346 4484 στοῦ,
2405 4413 2488 4466 καὶ
2530 4417 2636 4466 τῶν
2693 4409 2761 4466 δι’
2821 4413 2976 4470 αὐτὸν
3008 4411 3379 4490 ἂθλησάντων,
3415 4412 3496 4468 ὃτι
3528 4412 3669 4475 αὖτῶ
3698 4410 3839 4486 πρέ-

477 4514 718 4585 pr0pter
750 4505 944 4584 ipsum
972 4505 1432 4566 decertaverunt
1473 4525 1485 4565 :
1531 4506 1810 4586 quoniam
1847 4525 1980 4568 eum
2014 4509 2107 4569 de-

2201 4521 2286 4557 πει
2321 4502 2507 4566 κράτος
2541 4502 2626 4554 καὶ
2660 4500 2861 4566 α’ίνεσις
2893 4503 2980 4557 καὶ
3009 4501 3466 4579 μεγαλοπρέπεια,
3499 4508 3585 4558 νῦν
3611 4501 3699 4558 καὶ
3730 4501 3836 4577 ἀεὶ,

479 4604 570 4654 cet
601 4593 788 4673 gloria
822 4598 878 4654 in
913 4594 1126 4656 saecula
1156 4593 1531 4657 saeculorum.
1567 4596 1781 4658 Amen.

549 4841 662 4912 (12)
690 4841 1018 4902 Chronicon
1063 4841 1519 4901 Alexandrinum
1569 4855 1721 4900 anno
1754 4844 2115 4904 Constantini

478 4913 550 4988 ﬁt!
579 4913 913 4988 Constantio
945 4914 1162 4988 Cresare
1208 4927 1246 4971 ν
1298 4914 1626 4988 etjiaximo
1657 4929 1828 4975 coss..
1865 4919 1961 4988 qui
1998 4931 2116 4975 erat

480 4985 687 5041 Christi
734 4984 836 5040 327
870 4987 990 5042 haec
1023 4987 1190 5044 habet
1225 5001 1236 5040 :
1281 5008 1301 5034 ι
1336 4984 1747 5042 Constantinus
1799 4984 2112 5047 ins—tauriita

481 5056 729 5130 Drepani
783 5056 926 5130 urbe
985 5059 1043 5114 in
1108 5059 1368 5130 Bithynia
1393 5057 1498 5130 _ad
1531 5058 1745 5113 cultum
1778 5059 1833 5114 S.
1880 5061 2114 5117 Luctani

486 5126 775 5201 martyris.
807 5129 960 5184 illam
983 5145 1011 5184 a
1046 5138 1227 5184 matre
1243 5126 1356 5183 'sua
1392 5127 1786 5201 HelenOpotim
1816 5145 2118 5201 nuncupa-

484 5199 582 5264 vit,
619 5199 829 5255 donata
863 5201 1073 5274 civitati
1107 5201 1167 5255 in
1194 5200 1459 5270 martyris
1478 5201 1780 5274 honorem.
1816 5199 2119 5274 quousque

527 5276 641 5326 atet
671 5279 802 5343 ante
830 5270 1032 5343 urbem
1068 5269 1422 5343 prcspvctus,
1473 5269 1850 5343 immunitate
1869 5269 2118 5343 vectiga-

511 5342 628 5412 ium
660 5340 731 5396 ad
764 5339 1107 5412 hodiernum
1131 5339 1314 5410 usQue
1343 5339 1548 5412 diem.»
1579 5340 1716 5398 Nata
1751 5355 1804 5398 et
1827 5339 2115 5412 Stephano

486 5411 755 5480 Byzantio
786 5412 1049 5481 Drepane
1081 5411 1361 5482 Bithyniae
1412 5411 1481 5467 ad
1528 5411 1720 5468 sinum
1765 5411 2115 5473 As.acanum

485 5485 708 5553 civitas.
743 5483 1008 5540 Socrates
1072 5482 1166 5538 lib.
1223 5495 1264 5543 ι.
1320 5497 1442 5553 cap.
1515 5483 1597 5544 l3,
1632 5483 1851 5540 Helena:
1886 5489 2118 5544 nomina

487 5550 741 5626 Drepane
771 5553 1139 5626 Helenopolis
1176 5550 1616 5626 vocatur,__olim
1669 5555 1852 5618 vicus,
1879 5556 1996 5626 jam
2034 5561 2120 5614 ci-

489 5622 628 5676 vitas
675 5623 746 5679 ab
810 5624 1154 5696 imperatore
1211 5624 1374 5682 tacta.
1437 5623 1793 5695 Nicephorus
1852 5622 2118 5687 Callistus

2198 4591 2286 4645 καὶ
2329 4591 2402 4653 εἷς
2440 4590 2558 4654 τοὺς
2594 4590 2782 4655 αἰῶνας
2812 4597 2922 4646 τῶν
2952 4592 3179 4649 αἰώνων.
3216 4588 3412 4665 ’Λμήν.

2201 4843 2299 4902 lib.
2337 4855 2463 4918 vui,
2509 4859 2632 4916 cap.
2684 4845 2771 4908 3t,
2809 4843 2895 4918 de
2928 4845 2985 4904 S.
3021 4846 3229 4904 Helena
3256 4861 3443 4918 agens
3475 4864 3487 4902 :
3524 4866 3548 4901 ‹
3589 4845 3839 4918 Perinde

2200 4919 2374 4989 eni.n,
2401 4915 2607 4988 inquit,
2643 4927 2812 4988 atque
2843 4916 3053 4989 pignus
3076 4915 3366 4988 quoddam
3403 4921 3586 4976 I'utura
3619 4916 3837 4989 saecula

2200 4988 2436 5060 habent,
2463 4991 2532 5044 ad
2558 4989 2889 5060 memoriam
2917 4988 3050 5060 ’ejus
3081 4989 3516 5059 sempiternam,
3550 4991 3605 5046 in
3641 4988 3845 5060 Bithy-

2197 5058 2292 5115 nia
2323 5072 2496 5116 unam
2525 5079 2540 5124 -,
2573 5071 2626 5116 et
2658 5062 2714 5115 in
2739 5058 3040 5116 Palaestina
3073 5058 3312 5118 alteram
3347 5061 3548 5130 urbem
3575 5077 3596 5127 ;
3628 5058 3844 5130 quibus

2201 5134 2511 5199 imperator
2552 5131 2707 5186 ﬁlius
2733 5131 2982 5188 conditis
3016 5132 3350 5188 memoriam
3383 5129 3467 5187 illi
3501 5129 3701 5188 tribuit
3734 5130 3848 5186 im-

2204 5201 2526 5274 mortalem.
2583 5200 2910 5274 Admodum
2945 5217 3081 5259 vero
3114 5201 3484 5274 Ballelenam
3519 5203 3756 5274 regione
3787 5203 3849 5256 et

2201 5274 2311 5344 situ
2367 5273 2604 5330 alterius
2661 5272 3002 5344 delectatam
3032 5288 3157 5330 esse
3189 5273 3400 5338 lerunt,
3433 5287 3566 5344 quae
3595 5272 3846 5330 antehac

2203 5343 2532 5412 Drepanum
2593 5342 2885 5414 nominata
2942 5346 3160 5404 fuerat;
3214 5359 3345 5401 cum
3385 5342 3540 5414 quod
3605 5344 3687 5399 ibi
3717 5352 3848 5399 orta

2201 5424 2370 5487 esset,
2405 5425 2524 5471 tum
2556 5413 2712 5485 quod
2746 5414 3067 5487 Luctanum
3114 5413 3428 5487 m..rtyrem
3468 5425 3592 5485 post
3627 5424 3847 5487 marty-

2201 5485 2349 5558 rium
2383 5487 2602 5542 obitum
2635 5500 2786 5558 eoa
2806 5485 3076 5558 delphino
3127 5485 3414 5558 deportari
3447 5486 3776 5558 contigerit.
3815 5504 3838 5534 ι

2206 5557 2488 5613 Baronius
2525 5571 2657 5614 tom.
2716 5553 2809 5624 lII,
2843 5553 2917 5614 ad
2945 5570 3038 5614 an.
3077 5553 3215 5622 306,
3238 5572 3295 5612 n.
3330 5556 3416 5621 16,
3467 5555 3524 5612 S.
3558 5553 3849 5612 III-leuam

2204 5627 2540 5685 Britannam
2575 5626 2752 5684 tuisse
2780 5628 3001 5694 asserit,
3037 5641 3153 5686 non
3189 5626 3523 5700 Bithynum.
