4062 6194
1384 545 2420 680 ΜΑΡΤΥΡΙΟΝ

836 849 1062 937 ΤΟΥ
1126 849 1464 936 ΑΓΙΟΥ
1539 847 2130 936 ΜΑΡΤΥΡΟΣ
2215 838 2978 929 ΠΟΛΥΕΥΚΤΟΥ

1531 1091 2286 1207 CERTAMEN

849 1355 1298 1450 SANGTI
1387 1351 2031 1450 MARTYRIS
2111 1343 2806 1442 POLYEUGTI
2869 1317 2980 1434 (υ.

1711 1568 1912 1647 (Anno
1966 1564 2128 1641 250.)

449 1750 644 1823 [Graece
674 1772 807 1812 nunc
836 1753 1048 1826 primum
1091 1753 1251 1810 editur
1275 1770 1339 1810 ex
1368 1752 1478 1809 cod.
1511 1765 1608 1826 me.
1631 1743 1948 1826 _Parisiensi_
1962 1760 2014 1799 n.
2049 1742 2213 1826 tif”,
2238 1741 2405 1826 saeculi
2432 1749 2552 1795 xrv.
2588 1737 2761 1794 Latine
2789 1736 2924 1792 dedit
2953 1734 3138 1791 Surius
3167 1732 3226 1788 ad
3257 1731 3390 1786 diem

1553 1822 1588 1876 9
1625 1816 1873 1880 Januarii,
1905 1815 2061 1873 Eoir.
2102 1812 2296 1885 Pun]

321 2167 388 2224 A’
429 2167 595 2244 Εἴπερ
627 2191 708 2230 τις
738 2168 902 2248 ἄλλη,
935 2169 1020 2224 καὶ
1076 2169 1338 2236 καῚΑίστη
1396 2171 1501 2225 τῶν
1550 2165 1877 2242 διηγήσεων,
1904 2171 1942 2218 Α

237 2258 328 2312 καὶ
382 2259 418 2324 ἦ
481 2259 571 2313 τοῦ
625 2261 928 2331 θαυμαστοῦ
996 2259 1258 2336 μάρτυρος
1321 2256 1649 2315 Πολυεύκτου
1685 2270 1698 2285 °
1759 2252 1880 2331 ἔχει

239 2347 340 2422 γὰρ
386 2345 522 2417 μετᾶ
566 2347 660 2413 τῆς
720 2347 979 2426 ὠφελείας
1034 2347 1227 2423 κομιδῇ
1273 2349 1358 2403 καὶ
1405 2347 1466 2402 τὸ
1519 2347 1732 2425 χάριεν,
1791 2343 1879 2397 καὶ

235 2437 429 2491 τούτου
483 2436 584 2502 τὴν
644 2450 836 2513 πεῖραν
888 2437 1052 2503 αὐτὴν
1106 2435 1312 2511 ἀψευδῆ
1372 2437 1607 2512 μάρτυρα
1672 2434 1880 2488 δύναται

232 2525 522 2603 παρέχειν,
583 2527 782 2602 Δεγέτο
839 2537 962 2604 γοῦν
1034 2527 1121 2583 καὶ
1165 2528 1238 2586 εἷς
1299 2525 1461 2599 μέσον
1516 2527 1645 2597 ὑμῖν
1689 2543 1880 2598 προτι-

232 2613 373 2670 θέτω
425 2626 542 2678 τοῖς
605 2613 866 2693 οξιλοθέοις
926 2615 1242 2691 ἀκροαταῖς,
1311 2617 1394 2671 καὶ
1438 2617 1584 2686 ὑμῶν
1629 2611 1730 2676 ὅση
1791 2608 1884 2665 δύ-

234 2725 397 2775 ναμις
454 2704 524 2758 τὰ
563 2703 687 2780 παρ’
735 2705 932 2761 ἑαυτῶν
963 2705 1331 2782 εἰσφερόντων,
1365 2703 1580 2767 ἀνέτους
1622 2723 1678 2756 τε
1708 2699 1882 2755 διδόνο

234 2813 344 2848 των
387 2797 466 2863 τῷ
523 2791 668 2870 λόγῳ
717 2795 812 2866 τὰς
871 2793 1058 2866 ἀκοὰς,
1125 2794 1212 2849 καὶ
1270 2794 1540 2869 πρόθυμον
1599 2790 1738 2853 ὅλως
1801 2790 1885 2844 καὶ

236 2880 678 2957 ἀνεγηγερμένην
761 2881 994 2939 διάνοιαν
1053 2884 1410 2962 παρεχόντων
1468 2883 1599 2959 πρὸς
1659 2884 1757 2944 τὴν
1800 2875 1885 2932 δι·

239 2971 410 3048 ήγησι
427 2994 466 3028 δ.

319 3057 382 3114 Β,
471 3069 507 3117 Κ
589 3060 602 3076 ι
736 3059 750 3076 ε
1176 3059 1197 3076 ..
1303 3060 1317 3081 ,
1580 3066 1605 3076 -
1755 3057 1765 3070 .

388 3103 402 3117 .
516 3081 616 3115 ατα
670 3081 793 3122 τους
856 3060 1043 3116 Δεκίου
1101 3082 1195 3117 και
1256 3058 1610 3136 Ουαλεριανου
1662 3077 1888 3137 χρονους

238 3155 348 3204 τῶν
407 3148 692 3224 βασιλέων,
764 3150 832 3215 ἠν
889 3171 970 3212 τις
1043 3149 1285 3230 Νέαρχος
1355 3150 1443 3205 καὶ
1536 3147 1890 3224 Πολύευκτος,

243 3243 566 3314 στρατιῶται
600 3237 696 3309 μὲν
747 3241 808 3294 τὸ
866 3235 1218 3312 ἐπιτήδευμα,
1264 3238 1404 3294 οὕτω
1445 3236 1500 3293 δὲ
1559 3236 1706 3316 φιλίᾳ
1759 3238 1892 3313 πρὸς

245 3325 515 3396 ἀλλήλους
573 3326 962 3404 συνδεδεμένοι,
993 3329 1066 3388 ὡς
1111 3326 1298 3402 πολλῷ
1355 3327 1518 3384 πλέον
1571 3324 1805 3401 αἵματός
1835 3347 1891 3382 τε

239 3417 328 3472 καὶ
382 3416 713 3494 συγγενείας,
774 3416 834 3471 ἐκ
880 3420 979 3481 τῆς
1023 3417 1159 3471 κατὰ
1202 3419 1367 3472 πόθον
1434 3413 1677 3493 ἀκριϐοῦς
1752 3415 1886 3488 ομο-

2048 2160 2092 2222 l.
2127 2158 2184 2222 Si
2235 2165 2328 2221 est
2373 2155 2494 2217 ulla
2539 2154 2654 2216 alia
2709 2152 3116 2236 pulcherrima
3147 2145 3436 2217 narratio,
3472 2143 3607 2225 pul-

1965 2250 2265 2311 cherrima
2297 2263 2532 2328 quoque
2564 2255 2652 2306 est
2686 2243 2943 2307 narratio
2975 2238 3345 2302 admirabilis
3379 2246 3609 2313 marty-

1967 2345 2046 2400 ris
2076 2338 2396 2417 Polyeucti.
2436 2334 2578 2396 Nam
2632 2353 2766 2395 cum
2819 2331 3094 2401 utilitate,
3133 2345 3342 2404 magna
3372 2342 3609 2404 quoque

1967 2437 2056 2489 est
2086 2413 2406 2505 conjuncta
2429 2424 2795 2502 jucunditas.
2833 2420 3019 2498 Hujus
3063 2424 3257 2478 autem
3292 2413 3378 2505 rei
3415 2421 3611 2491 potest

1967 2537 2036 2578 ea
2085 2502 2215 2576 non—
2251 2515 2456 2575 falsam
2515 2520 2725 2574 testem
2771 2509 3070 2572 adducere
3129 2502 3590 2582 experientiam.

1970 2607 2210 2669 Dicatur
2240 2623 2403 2680 ergo,
2458 2611 2516 2662 et
2564 2619 2596 2662 a
2644 2599 2820 2660 nobis
2870 2598 2927 2658 in
2979 2596 3234 2656 medium
3274 2591 3615 2669 proferatur

1971 2697 2083 2776 piis
2116 2693 2342 2768 Deique
2373 2691 2709 2752 amantibus
2741 2686 3138 2776 auditoribus,
3174 2681 3338 2776 vobis
3369 2697 3609 2758 quoque

1971 2768 2076 2864 pro
2101 2783 2345 2853 viribus,
2381 2798 2510 2860 qua;
2558 2787 2751 2840 vestra
2801 2784 2937 2838 sunt
2984 2768 3398 2839 atterentibus,
3433 2785 3616 2828 aures

1972 2863 2226 2935 orationi
2257 2879 2510 2933 attentas
2561 2865 3000 2935 exhibentibus,
3053 2868 3516 2942 promptumque
3560 2863 3618 2918 et

1973 2966 2226 3024 alacrem
2260 2961 2526 3022 animum
2560 2955 2965 3037 praebentibus
2997 2948 3343 3012 narrationi.

2056 3053 2132 3114 ll.
2156 3034 2886 3129 Temporeimperatorum
2906 3041 3066 3104 Decii
3081 3034 3624 3129 etYaler_iani,erat

1977 3141 2216 3221 quidam
2230 3123 2536 3200 Nearchus
2550 3123 2609 3197 et
2633 3135 3004 3215 Polyeuctus,
3023 3127 3222 3221 studio
3242 3125 3491 3221 quidem
3509 3123 3623 3185 mi-

1976 3213 2131 3302 lites,
2158 3229 2422 3290 amicitia
2443 3236 2641 3288 autem
2667 3213 2920 3286 ita'inter
2943 3239 3008 3282 se
3031 3216 3320 3289 devincti,
3347 3226 3410 3275 ut
3446 3213 3624 3302 longe

1979 3320 2188 3399 magis,
2222 3336 2396 3398 quam
2429 3323 2480 3378 si
2511 3317 2667 3377 inter
2699 3330 2801 3375 eos
2831 3308 3272 3373 intercessisset
3313 3301 3626 3382 sanguinis

1977 3420 2034 3471 et
2055 3389 2426 3487 cognationis
2444 3402 3098 3474 necessitudo,summo
3120 3395 3212 3456 sui
3234 3391 3488 3453 invicem
3513 3389 3620 3451 de-

243 3507 388 3568 νοίας
435 3505 793 3581 συνηρμόσθαι
824 3508 996 3563 αὐτῶν
1026 3506 1121 3569 τὰς
1179 3506 1384 3583 ψυχὰς,
1434 3505 1682 3580 ἑκάτερόν
1725 3525 1782 3560 τε
1838 3503 1892 3559 ἐν

1987 3482 2200 3559 siderio
2229 3506 2285 3558 et
2319 3495 2534 3573 insigni
2564 3490 2886 3555 concordia
2928 3506 2997 3549 ac
3039 3482 3438 3546 consensione
3471 3496 3618 3542 con-

245 3594 500 3670 ἑκατέρου
559 3594 769 3669 σώματι
828 3600 925 3670 ζῇν
975 3594 1111 3656 ὅλως
1157 3595 1192 3661 ἢ
1252 3596 1339 3651 καὶ
1369 3597 1626 3650 ἀναπνεῖν
1658 3592 1888 3654 οἴεσθαι,

1987 3589 2162 3664 iuncti
2194 3595 2396 3649 essent
2425 3571 2632 3647 eorum
2665 3579 2871 3651 animi,
2915 3587 2968 3640 et
3003 3571 3348 3670 uterque‘in
3377 3570 3622 3631 alterius

247 3679 343 3740 Ἠν
375 3683 430 3738 δὲ
482 3686 510 3738 ὁ
553 3685 652 3744 μὲν
707 3683 950 3762 Νέαρχος
1005 3687 1339 3762 Χριστιανὸς,
1391 3686 1480 3740 καὶ
1538 3685 1750 3763 πιστὸς,
1807 3684 1894 3740 καὶ

245 3775 367 3852 περὶ
396 3773 496 3838 τὴν
541 3769 809 3829 εὐσέϐειαν
837 3771 1059 3849 ἀκριϐής
1093 3789 1107 3806 ·
1163 3773 1495 3838 Πολύευκτος
1546 3772 1599 3828 δὲ
1644 3775 1671 3828 ὁ
1730 3771 1895 3835 καλὸς

245 3863 347 3930 τὴν
401 3862 502 3936 μὲν
556 3864 839 3940 θρησκείαν
891 3861 1082 3942 mm,
1113 3864 1207 3919 καί
1243 3863 1391 3920 οὕπω
1439 3864 1516 3938 τῷ
1559 3862 1746 3940 φέγγει
1802 3861 1896 3928 τῆς

244 3952 502 4019 ἀληθείας
560 3950 961 4028 περιλαμφθεὶς,
1024 3961 1142 4010 νοῦν
1200 3951 1255 4008 δὲ
1333 3955 1423 4009 τὸν
1495 3951 1686 4030 ὰκριϐἦ
1767 3959 1898 4028 Χρι-

245 4044 464 4098 στιανὸν
522 4044 838 4115 ἁποσώζων,
911 4043 999 4098 καὶ
1079 4042 1242 4120 ἀρετῇ
1322 4045 1467 4119 πάσῃ
1533 4048 1740 4120 κομῶν,
1812 4044 1898 4097 καὶ

247 4131 402 4188 ἐλαία
463 4131 560 4204 μὲν
620 4132 962 4205 κατάκαρπος
1021 4131 1119 4211 ὢν,
1153 4135 1213 4188 τὸ
1256 4130 1307 4188 δὲ
1342 4133 1395 4188 ἐν
1428 4131 1568 4206 οἴκῳ
1600 4132 1730 4188 Θεοῦ
1756 4132 1896 4187 εἶναι

245 4230 407 4279 τοῦτο
465 4221 627 4293 μόνον
668 4220 744 4275 ἔτι
803 4219 1147 4295 λειπόμενος.
1183 4220 1332 4278 Ἐπεὶ
1365 4220 1420 4276 δὲ
1469 4221 1654 4282 Δέκιος
1689 4223 1897 4284 ἐκεῖνος

249 4313 339 4366 καὶ
395 4309 748 4387 Ο·ἶ›αλεριανὸς
791 4312 851 4366 οὗ
907 4309 1087 4374 καλῶς
1130 4317 1199 4388 τῇ
1256 4311 1500 4386 βασιλείᾳ
1529 4311 1895 4390 χρησάμενοι,

252 4398 371 4456 οὑδὲ
427 4402 518 4454 τὸν
561 4397 820 4456 δεδωκότο
877 4401 1075 4467 ταύτην
1135 4401 1420 4479 ἐπιγνῶναι
1474 4401 1569 4457 καί
1615 4401 1897 4477 λατρεῦσαι

253 4487 630 4559 ἐθελήσαντες,
689 4488 828 4544 ἀλλὰ
863 4489 983 4545 κατ’
1043 4491 1200 4546 αὒτοῦ
1264 4488 1468 4561 μᾶλλον
1505 4503 1673 4569 χεῖρα
1703 4489 1897 4564 Θεομά-

253 4601 361 4658 χον
433 4575 745 4654 ἐπάραντες,
804 4580 889 4635 καὶ
954 4581 1050 4636 οὔκ
1106 4579 1262 4636 αἷιτοί
1325 4580 1486 4654 μόνον
1558 4579 1897 4658 ἀρνούμενοι,

256 4666 395 4723 ἀλλὰ
451 4669 548 4723 καί
603 4675 708 4724 πᾶν
757 4670 818 4724 τὸ
874 4669 1111 4738 ὑπήκοον
1184 4669 1470 4747 ἐγγράφοις
1543 4668 1901 4747 ἐπιτάγμασιν

258 4759 333 4821 εἷς
408 4763 563 4812 τοῦτο
638 4755 1088 4834 προσκαλοῦντες,
1159 4759 1246 4814 καὶ
1302 4764 1431 4814 πᾶσι
1505 4757 1723 4834 τρόποις
1805 4762 1904 4823 τῆς

256 4847 604 4924 θεογνωσίας,
665 4846 1035 4925 ἁπείργουντες
1093 4849 1254 4920 ἦσαν,
1315 4846 1473 4911 Θεούς
1521 4868 1600 4924 τε,
1669 4847 1726 4902 οἴ
1787 4868 1902 4919 μοι,

262 4933 484 5010 ψευδοῦς
545 4935 633 4990 καὶ
691 4935 946 5009 ματαίους
1004 4937 1077 5000 εἰς
1149 4958 1252 5002 ττ,ν
1310 4945 1404 4994 τοῦ
1460 4920 1716 5002 ἀληθινοῦ
1773 4941 1896 4991 Θεοῖ¹

1991 4929 2183 4990 modis
2213 4927 2497 4988 arcebant
2527 4942 2562 4986 a
2606 4923 2713 4984 Dei
2742 4920 3082 5000 cognitione
3131 4937 3145 4981 ;

261 5025 450 5102 χώραν
503 5021 946 5101 ἐγκαθιστῶντες,
1009 5027 1094 5080 καὶ
1151 5023 1325 5081 σέϐειν
1397 5024 1628 5089 ἐκείνους
1699 5023 1906 5097 μᾶλλον

265 5117 364 5168 καλι
424 5125 745 5190 προσκυνεῖν
797 5113 1206 5190 ἀναγκάζοντες,
1273 5114 1317 5169 εἰ
1377 5115 1464 5170 καὶ
1525 5111 1684 5170 λίθων
1739 5112 1906 5175 ὅντως

270 5205 354 5258 καὶ
383 5201 584 5282 ξοάνων
627 5201 1123 5282 ἂναισθητοτέρους.

344 5281 427 5351 Γ’.
488 5289 638 5348 Ἐπεὶ
695 5289 750 5346 δὲ
807 5299 972 5349 ταῦτα
1029 5292 1198 5356 οὕτως
1243 5292 1395 5371 εἶχε,
1443 5294 1529 5349 καὶ
1572 5293 1709 5350 κατὰ
1741 5290 1908 5356 πόδας

268 5382 323 5438 αἵ
379 5403 438 5438 τε
493 5381 739 5460 τιμωρίαι
802 5383 888 5438 καὶ
947 5379 1188 5458 ἀμοιϐαὶ,
1233 5394 1354 5447 τοῖς
1409 5381 1509 5456 μὲν
1565 5380 1907 5456 πειθομένοις

340 5552 420 5634 (1)
443 5548 604 5634 'Eju‘s
620 5552 840 5634 gestum
869 5548 1170 5634 martyrol.
1192 5550 1384 5634 Rom”
1410 5549 1584 5634 Deda,
1616 5548 1915 5634 Usuaordus

270 5632 320 5694 et
354 5619 459 5694 alii
511 5619 580 5679 '13
620 5619 788 5679 Febr.
825 5619 1042 5680 habent
1073 5637 1088 5680 :
1123 5620 1278 5694 quod
1327 5619 1489 5694 ferte,
1517 5619 1918 5694 translationis

272 5692 395 5768 ejus
429 5692 638 5750 festum
674 5699 762 5749 est
795 5709 811 5746 :
846 5701 1068 5752 constat
1097 5689 1251 5750 enim
1286 5707 1355 5749 ex
1387 5693 1547 5757 actis,
1574 5707 1704 5749 eum
1743 5689 1807 5746 10
1829 5689 1920 5746 die

1977 3659 2228 3757 corpore
2260 3694 2325 3736 se
2357 3681 2591 3755 putaret
2619 3671 2819 3732 vivere
2851 3675 2910 3730 et
2937 3667 3186 3746 spirare.
3240 3659 3379 3722 Erat
3421 3667 3618 3719 autem

1979 3749 2289 3830 Nearchus
2307 3749 2546 3844 quidem
2573 3759 2943 3824 Christianus
2965 3765 3020 3844 et
3043 3751 3263 3824 ﬁdelis,
3281 3749 3622 3844 pietateque

1981 3875 2048 3917 ac
2079 3873 2218 3916 vera
2261 3835 2554 3932 religione
2601 3849 2922 3930 perfectus.
2965 3843 3248 3923 Egregius
3277 3845 3476 3932 autem
3504 3835 3622 3932 Po-

1984 3946 2271 4025 lyeuctus,
2307 3925 2549 4023 gentilis
2584 3925 2823 4019 quidem
2874 3935 3188 4025 religione,
3233 3935 3305 4025 et
3347 3925 3626 4025 veritatis

1982 4013 2114 4096 luce
2148 4013 2409 4094 nondum
2445 4013 2839 4099 illuniinatus,
2870 4021 3094 4102 alioqui
3125 4037 3190 4080 se
3221 4013 3624 4081 Christianum

1983 4132 2262 4186 accurate
2304 4136 2686 4186 conservans,
2737 4125 2798 4178 et
2827 4114 2989 4175 omni
3039 4112 3255 4172 virtute
3288 4122 3621 4168 exornans:

1984 4223 2043 4276 et
2073 4221 2198 4275 erat
2227 4211 2468 4288 quidem
2495 4209 2628 4270 olea
2651 4205 2952 4284 frugifera,
2989 4203 3101 4263 hoc
3132 4207 3328 4288 autem
3350 4197 3546 4288 solum
3571 4195 3629 4255 ei

1985 4306 2189 4365 deerat
2222 4285 2380 4381 quod
2420 4299 2680 4360 nondum
2717 4303 2843 4357 erat
2874 4295 2933 4354 in
2967 4291 3144 4352 domo
3175 4286 3304 4349 Dei.
3335 4285 3626 4358 Quoniam

1981 4402 2173 4455 autem
2201 4376 2415 4452 Decius
2440 4388 2538 4449 ille
2564 4397 2622 4448 et
2652 4384 3000 4446 Valerianus
3029 4398 3146 4441 non
3179 4385 3342 4440 recte
3373 4376 3629 4437 uteban-

1983 4492 2076 4544 tur
2104 4481 2379 4561 imperio,
2407 4496 2519 4539 nec
2549 4475 2818 4555 eum,qui
2841 4471 2987 4534 illud
3015 4470 3102 4532 eis
3133 4467 3630 4543 dederat,agnos-

1982 4589 2120 4633 cere
2152 4554 2210 4630 et
2239 4569 2438 4630 colere
2469 4554 2764 4636 volebant,
2791 4564 2913 4623 imo
2931 4578 3070 4623 vero
3091 4576 3332 4618 manum
3357 4554 3627 4634 impiam,

1984 4669 2041 4722 et
2073 4678 2208 4720 cum
2243 4658 2361 4720 Deo
2395 4662 2790 4738 pugnantem,
2845 4657 2905 4711 in
2955 4650 3148 4729 ipsum
3183 4652 3537 4707 erexerant:
3575 4650 3634 4704 et

1989 4769 2107 4810 non
2157 4748 2350 4809 solum
2403 4765 2536 4807 eum
2593 4741 2926 4820 negabant,
2977 4739 3080 4800 sed
3133 4755 3342 4798 omnes
3390 4752 3632 4815 quoque

1987 4840 2295 4918 subjectos
2329 4835 2570 4915 scriptis
2599 4831 2810 4894 edictis
2862 4828 3213 4898 incitabant,
3266 4836 3325 4918 et
3355 4825 3636 4886 omnibus

3198 4927 3259 4978 et
3287 4917 3457 4989 deos,
3486 4914 3634 4993 prob

1991 5015 2204 5079 dolort
2240 5015 2419 5076 falsos
2451 5022 2509 5074 et
2538 5027 2738 5084 vanos,
2780 5009 2841 5070 in
2873 5008 2997 5070 veri
3037 5006 3142 5069 Dei
3177 5006 3373 5067 locum
3407 5001 3632 5062 consti-

1992 5104 2258 5177 tuebant,
2294 5113 2351 5166 et
2385 5104 2516 5164 illos
2547 5101 2745 5164 colere
2795 5109 2853 5161 et
2903 5098 3157 5160 adorare
3188 5093 3502 5172 cogebant,
3536 5094 3637 5170 qui

1993 5195 2194 5257 minus
2230 5194 2452 5256 habent
2480 5208 2724 5268 sensus,
2761 5207 2935 5269 quam
2971 5187 3200 5265 lapides
3237 5192 3296 5245 et
3327 5191 3553 5243 statuae.

2075 5282 2174 5346 Ill.
2196 5281 2488 5356 Quoniam
2515 5299 2654 5360 ergo
2676 5280 2805 5341 haec
2823 5278 2904 5339 ita
2925 5275 3310 5344 babebant,et
3332 5269 3637 5360 proposita

1993 5371 2468 5453 erantsupplicia
2487 5378 2542 5433 et
2560 5357 2836 5450 praemia:
2863 5367 2936 5429 iis
2948 5365 3189 5446 quidem
3209 5360 3311 5444 qui
3326 5357 3631 5440 parebant,

1995 5545 2124 5602 Jan.
2161 5542 2499 5613 martyrium
2527 5548 2986 5597 consummasse.
3022 5531 3204 5592 Graeci
3235 5529 3359 5604 ejus
3384 5527 3637 5594 natalem

1998 5617 2109 5673 hac
2148 5616 2239 5671 die
2270 5613 2589 5672 celebrant.
