4094 6196
499 304 648 372 419.

1778 311 2058 377 MENSIS
2119 311 2575 378 JANUARIUS.

3730 308 3842 378 420

499 442 781 519 honores,
799 441 952 506 dona
978 450 1034 506 et
1057 441 1344 527 pecuniae;
1371 443 1442 506 iis
1465 451 1684 519 autem,
1704 445 1802 526 qui
1829 465 1944 508 non
1971 463 2107 526 pare

2219 447 2386 521 τιμαὶ,
2451 445 2660 525 δωρεαὶ,
2731 447 2988 528 χρήματα
3026 466 3038 479 ⁶
3085 446 3204 511 τοῖς
3259 444 3313 504 δὲ
3387 448 3652 505 ἀπειθοῦσι
3695 446 3841 506 ἀπειο

499 538 659 603 bant,
694 539 879 604 minae,
914 553 1097 609 pcenze
1129 549 1179 595 ιιι
1203 538 1466 595 ultimum
1495 540 1707 596 malum
1731 555 1884 596 mors
1913 564 1923 595 :
1951 544 2133 597 amico

499 621 693 684 timuit
718 620 1040 693 Nearchus,
1068 632 1125 684 et
1151 625 1369 701 putavit
1392 623 1502 682 hoc
1530 642 1664 684 esse
1690 636 1923 705 tempus
1975 625 2130 706 quod

495 713 839 772 effecturum
875 721 1054 779 esset.
1092 721 1153 771 ut
1182 711 1474 772 dissensio
1506 712 1563 772 in
1586 713 1899 792 religione,
1925 733 2129 775 eorum

496 819 730 880 quoque
756 800 1111 861 dissolveret
1136 801 1479 864 amicitiam.
1505 800 1641 864 Haec
1677 822 1809 864 eum
1846 803 1904 864 in
1931 805 2130 865 animo

492 889 760 960 haberet,
787 897 843 948 et
864 890 1016 969 apud
1048 909 1110 951 se
1136 900 1418 965 versaret,
1455 898 1689 970 apertet
1717 892 2033 954 stendebat
2065 911 2130 954 se

490 976 746 1038 cruciari
770 978 992 1052 animo,
1018 981 1370 1058 magnisque
1391 981 1600 1060 agitari
1627 981 1928 1056 ﬂuctibus,
1956 992 2014 1042 et
2035 1002 2128 1043 uc—

489 1067 644 1126 culte
667 1065 893 1127 deﬂere
916 1069 1194 1129 amicum.
1224 1070 1759 1132 Prmstantissimus
1791 1079 1986 1132 autem
2020 1073 2120 1134 Po-

488 1155 752 1234 lyeuctus
785 1175 915 1216 cum
951 1157 1177 1219 videret
1208 1159 1293 1220 sic
1319 1178 1382 1220 se
1413 1158 1635 1220 habere
1658 1159 1937 1233 amicum,
1969 1180 2126 1239 pun-

484 1244 662 1325 gique
695 1245 917 1306 aculeis
953 1246 1199 1320 doloris,
1237 1257 1294 1310 et
1343 1250 1440 1328 qui
1473 1249 1668 1310 verbis
1699 1249 1978 1328 eXpIicari
2015 1268 2122 1311 ne-

485 1343 731 1414 queunt,
766 1336 1084 1414 gemitibus
1133 1338 1332 1399 conari
1391 1340 1585 1401 levare
1640 1357 1910 1418 magnam
1939 1339 2124 1400 animi

483 1423 992 1502 aegritudinem,et
1013 1427 1250 1506 vestigia
1277 1428 1667 1508 lacrymarum
1697 1427 1960 1489 indicare
1983 1448 2122 1491 ocu-

483 1513 578 1587 lis,
611 1514 802 1575 amice
832 1515 902 1576 ad
924 1534 1058 1576 eum
1085 1518 1401 1590 accedens,
1429 1519 1779 1596 interrogat,
1806 1526 1860 1577 et
1886 1536 2121 1579 causam

481 1603 689 1682 quazrit
715 1602 973 1678 discere,
997 1606 1198 1666 curita
1219 1625 1283 1666 se
1305 1605 1537 1668 habeat.
1567 1609 1715 1669 Nam
1737 1607 1862 1687 ipse
1888 1625 2122 1687 quoque

480 1696 856 1752 nihilominus
886 1697 1136 1764 dolebat,
1161 1714 1290 1755 cum
1318 1715 1448 1755 eum
1484 1699 1696 1756 \ridcl‘ul
1721 1701 1801 1754 sic
1831 1699 2118 1765 affectum,

2218 535 2328 608 λαὶ,
2401 535 2672 610 κολάσεις,
2758 541 2846 594 καὶ
2924 536 3230 596 τελευταῖον
3308 541 3471 595 κακὸν
3529 542 3554 594 ὁ
3609 539 3840 615 θάνατος,

2217 625 2453 704 ἐφοϐήθη
2498 629 2614 704 περὶ
2658 636 2749 685 τοῦ
2793 628 2942 707 φίλου
2989 628 3256 707 Νέαρχος,
3305 630 3390 684 καὶ
3451 630 3629 707 καιρὸν
3666 627 3839 702 ἐνόμι-

2219 737 2304 770 σεν
2367 720 2506 771 εἶναι
2565 725 2776 790 τοῦτον,
2823 717 2880 782 ’ὃς
2941 718 3038 784 τὴν
3102 719 3218 795 περὶ
3278 719 3336 773 τὸ
3396 715 3551 781 σέϐας
3608 714 3842 796 διαφορὰν

2214 803 2450 864 διάλυσιν
2531 808 2712 871 αὐτοῖς
2789 805 3028 884 γενέσθαι
3107 808 3494 884 παρασκευάσει
3573 810 3668 861 καὶ
3753 804 3839 872 τῆς

2213 894 2423 972 φιλίας.
2481 902 2654 953 Ταῦτα
2712 896 2796 951 ἐπὶ
2856 901 2974 951 νούν
3033 894 3178 974 ἔχων
3228 898 3314 952 καὶ
3375 897 3632 976 στρέφων,
3690 892 3840 960 δῆλος

2211 983 2274 1051 ἧν
2335 985 2567 1063 ἰσχυρῶς
2625 985 2943 1059 ἀνιώμενος,
2991 988 3078 1040 καὶ
3132 984 3296 1041 πολὺν
3339 986 3427 1041 τὸν
3482 985 3639 1042 σάλον
3682 984 3839 1062 φέρων

2211 1072 2266 1128 ἐν
2309 1080 2376 1148 τῇ
2436 1078 2615 1152 tiro/“1:1,
2671 1077 2758 1129 καὶ
2801 1077 2892 1129 τὸν
2925 1073 3076 1152 φίλον
3121 1075 3349 1153 κρυφίως
3386 1075 3702 1148 ἀνιώμενος.
3735 1078 3836 1127 Πο-

2211 1160 2457 1224 λύευκτος
2531 1161 2585 1218 δὲ
2671 1167 2698 1220 ὁ
2779 1163 3120 1224 παντακαλός
3209 1163 3346 1219 οὕτω
3423 1164 3664 1242 Νέαρχον
3716 1166 3838 1240 ὁρῶν

2206 1249 2428 1330 ἔχοντα,
2485 1251 2659 1318 λύπης
2693 1275 2746 1308 τε
2807 1252 3043 1329 κέντροις
3092 1252 3450 1331 βαλλόμενον,
3514 1257 3600 1308 καὶ
3656 1272 3836 1308 στεναο

2206 1341 2373 1418 γμοῖς
2407 1339 2698 1410 ἀλαλήτοις
2733 1343 2791 1398 τὸ
2835 1344 2970 1397 πολὺ
3001 1346 3100 1408 τῆς
3149 1342 3369 1416 ἀθυμίας
3406 1343 3664 1422 κουφίζειν
3720 1361 3834 1396 πει-

2209 1431 2470 1508 ρώμενον,
2519 1430 2658 1508 ἴχνῃ
2715 1452 2773 1486 τε
2831 1429 3067 1509 δακρύων
3123 1446 3241 1497 τοῖς
3305 1432 3605 1511 ὀφθαλμοῖς
3632 1430 3838 1510 ὑποφαί-

2208 1541 2388 1593 νοντα,
2435 1520 2616 1595 ἠρώτα
2662 1521 2894 1597 προσιὼν
2939 1519 3151 1600 φιλίως,
3227 1513 3314 1578 καῖ
3373 1523 3469 1590 τὴν
3539 1523 3703 1577 αἷτίαν
3755 1525 3837 1575 τοῦ

2206 1606 2370 1670 ὅντως
2432 1608 2580 1687 ἔχειν
2640 1609 2814 1680 ἐζήτει
2875 1613 3090 1683 μαθεῖν,
3163 1609 3356 1688 ’Ὴλγει
3421 1612 3521 1688 γὰρ
3567 1611 3650 1666 καὶ
3691 1608 3836 1672 αὒτὸς

2205 1697 2352 1753 ούδέν
2412 1698 2595 1771 ἧττον,
2648 1700 2732 1754 τὸν
2792 1699 3074 1779 ὁμόφυλον
3124 1703 3256 1776 ὁρῶν
3316 1700 3455 1757 οὕτω
3485 1699 3835 1779 πάσχοντα,ὁ

482 1781 583 1860 qui
613 1789 734 1841 erat
757 1782 1023 1861 ejusdem
1043 1802 1177 1844 cum
1196 1803 1263 1844 eo
1292 1785 1497 1847 animi.
1533 1785 1637 1846 llle
1663 1795 1779 1846 aut
1809 1805 1863 1846 m
1888 1785 2107 1848 volebal

2203 1785 2258 1842 δὲ
2321 1785 2574 1854 ἠϐούλετο
2623 1789 2721 1862 μὲν
2780 1789 2977 1862 εἰπεῖν,
3035 1793 3120 1845 καὶ
3169 1787 3362 1859 ὲδήλου
3409 1788 3576 1864 μηδὲν
3607 1786 3830 1863 ἀπάῤῥη·

480 1871 719 1951 quidem
749 1871 972 1948 dicere,
1000 1881 1058 1933 et
1083 1872 1450 1952 significabat
1473 1893 1536 1935 se
1559 1874 1703 1936 nihil
1729 1894 1903 1956 posse
1925 1876 2107 1938 celare

2202 1898 2291 1932 τον
2344 1875 2493 1955 ἔχειν
2550 1879 2679 1954 πρὸς
2739 1879 2828 1933 τὸν
2875 1880 3023 1956 φίλον
3083 1876 3374 1951 ὀυνᾴμενος
3414 1903 3424 1912 ·
3463 1879 3605 1936 εἶναι
3637 1877 3690 1932 δὲ
3730 1877 3834 1933 τινά

476 1965 722 2021 amicum
746 1979 898 2021 :esse
921 1977 1112 2023 autem
1137 1967 1393 2038 aliquam
1419 1979 1920 2042 causain,propter
1943 1983 2115 2040 quam

468 2048 645 2110 etiam
672 2048 720 2110 si
739 2049 878 2110 velit
897 2049 1122 2124 dicere,
1152 2069 1399 2114 necesse
1422 2051 1632 2113 habeat
1653 2061 1871 2124 tacere,
1898 2061 1954 2114 et
1971 2053 2116 2113 ami-

471 2139 524 2199 ci
556 2137 1025 2200 consolationem
1057 2140 1164 2200 hac
1191 2140 1251 2200 in
1273 2159 1336 2201 re
1363 2140 1608 2200 minime
1636 2142 1942 2222 consequi.
1969 2143 2112 2203 Cum

470 2235 664 2289 autem
701 2228 869 2288 valde
901 2227 1136 2289 divinus
1169 2239 1406 2307 urgeret
1436 2229 1814 2310 Polyeuctus,
1859 2239 1918 2291 et
1970 2249 2112 2311 pos-

472 2317 686 2380 tularet
720 2326 782 2377 ut
813 2317 868 2378 ei
917 2332 1214 2379 secretum
1264 2312 1523 2398 aperiret
1554 2329 1614 2380 et
1646 2319 1700 2380 ei
1729 2319 2114 2398 exprobraret

469 2414 876 2486 contemptum
911 2407 1205 2476 amicitias,
1267 2417 1324 2468 et
1383 2419 1664 2471 mutatam
1711 2409 2108 2486 affectionem,

465 2498 760 2570 Nunquid.
785 2500 1003 2564 dicens,
1030 2501 1244 2572 aliquid
1269 2500 1654 2559 oﬂendimus?
1683 2501 1942 2570 Quanam
1970 2503 2022 2558 in
2050 2518 2113 2560 re

468 2583 572 2645 tibi
599 2585 828 2646 molesti
861 2585 1130 2646 fuimus?
1163 2585 1546 2658 Quaenamres
1581 2597 1693 2649 tam
1741 2589 1870 2648 dira
1904 2597 1962 2650 et
1994 2596 2107 2648 tam

465 2682 628 2735 atrox
653 2674 808 2736 facta
830 2684 941 2749 est,
961 2685 1024 2736 nt
1051 2674 1431 2756 Polyeuctum
1459 2685 1620 2738 tuum
1641 2695 1674 2737 a
1689 2676 2112 2738 veniaarceas‘?

543 2764 644 2825 IV.
677 2762 812 2825 Haec
841 2783 974 2824 cum
1014 2763 1266 2841 diceret,
1307 2775 1364 2826 et
1391 2770 1590 2828 animo
1623 2775 1962 2844 angeretur,
1991 2784 2108 2826 non

462 2853 661 2914 ferens
689 2851 1015 2927 Nearchus,
1042 2855 1250 2915 oculos
1272 2854 1536 2916 sntl‘usus
1566 2855 1858 2936 lacrymis,
1885 2867 1941 2915 et
1965 2872 2106 2932 pro-

463 2945 635 3002 fundo
659 2949 911 3016 suspirio
939 2950 1221 3002 internum
1238 2949 1426 3004 cordis
1445 2946 1732 3003 ﬂammam
1750 2945 2104 3016 signiﬁcans:

463 3031 634 3104 Cum,
657 3031 880 3112 inquis,
902 3052 936 3092 o
959 3029 1346 3103 amicissime,
1375 3041 1594 3092 nostrae
1615 3029 2026 3092 consensionis
2050 3039 2106 3090 et

462 3121 801 3182 dilectionis
833 3120 984 3200 apud
1015 3138 1110 3180 me
1138 3119 1329 3198 cogito
1360 3121 1824 3201 separationem,
1859 3137 2104 3181 necesse

461 3227 697 3290 quoque
714 3208 905 3270 habeo
928 3207 1195 3269 animum
1219 3207 1600 3287 abrumpere.
1627 3207 1764 3269 Haec
1789 3218 2102 3288 postquam

461 3299 563 3360 ille
595 3298 804 3370 audiit,
831 3297 1012 3358 corde
1033 3297 1380 3374 gravissime
1414 3298 1722 3378 perculsus
1749 3315 1762 3359 :
1797 3296 2103 3368 Quomodo

459 3390 610 3459 haec,
641 3383 1164 3466 inquit,Nearche,
1199 3387 1526 3466 quomodo,
1549 3396 1606 3448 et
1639 3405 1744 3448 cur
1776 3386 1900 3448 haec
1927 3385 2104 3448 verba

459 3479 605 3534 dicis
633 3486 832 3548 praeter
860 3478 1048 3550 spem?
1078 3487 1132 3535 et
1162 3483 1450 3536 undenam
1476 3480 1592 3535 hac
1613 3481 1722 3537 erit
1742 3480 1910 3536 nobis
1931 3494 2102 3550 sepa—

460 3563 630 3637 ratio,
667 3581 840 3642 quam
873 3564 1188 3626 statuimus
1240 3582 1313 3625 ne
1363 3573 1612 3626 mortem
1646 3565 1890 3644 quidem
1925 3583 2102 3644 posse

458 3652 629 3714 nobis
659 3653 856 3716 facere
880 3654 904 3715 1’
930 3654 1052 3716 Hoc
1085 3663 1198 3730 est,
1220 3655 1433 3736 inquit,
1465 3674 1498 3716 ο
1521 3657 1908 3731 amicissime,
1943 3657 2099 3736 quod

458 3761 554 3804 me
571 3745 1002 3824 propemodum
1026 3746 1364 3818 suﬂocat,et
1387 3745 1580 3826 ipsum
1607 3745 1945 3828 comprimit
1971 3745 2099 3826 spi-

453 3834 634 3895 ritum
667 3842 724 3894 et
749 3833 1033 3908 animam,
1062 3835 1340 3916 quoniam
1366 3836 1516 3910 haec,
1545 3854 1721 3916 quam
1749 3835 1892 3911 dixi,
1920 3853 2097 3916 sepa-

454 3925 604 3985 ratio
637 3933 724 3986 est
756 3925 929 3987 nobis
963 3927 1220 3988 humana
1253 3934 1441 3987 morte
1471 3924 1722 3986 validior
1752 3935 1810 3988 et
1840 3925 2094 4005 gravior.

454 4011 597 4076 Cum
633 4021 825 4075 autem
856 4016 1142 4092 nondum,
1175 4015 1312 4096 quid
1349 4014 1460 4076 sibi
1485 4014 1662 4077 vellet
1692 4015 1900 4090 oratio,
1930 4015 2097 4076 intel-

2202 1957 2389 2032 ἀλλην
2427 1968 2594 2021 αἰτίαν
2644 1963 2707 2022 Et’
2740 1967 2802 2034 ἣν
2852 1968 2938 2022 καὶ
2978 1967 3154 2044 λέγειν
3187 1967 3380 2024 ἐθέλων
3427 1969 3665 2046 ἀνάγκην
3725 1966 3832 2044 ἔχει

2201 2063 2292 2111 τοῦ
2349 2061 2582 2126 σιωπᾷν,
2633 2057 2718 2111 καὶ
2763 2061 2858 2122 τῆς
2907 2056 2964 2112 ἐκ
3012 2064 3100 2112 τοῦ
3147 2057 3298 2136 φίλου
3332 2059 3410 2133 μὴ
3453 2053 3743 2114 ἀπολαϐεῖν
3783 2055 3830 2110 ἐν

2199 2144 2367 2216 τούτῳ
2449 2144 2802 2220 παραμυθίας.
2883 2143 3032 2202 Ἐπεὶ
3091 2144 3147 2200 δὲ
3197 2148 3223 2201 ὁ
3291 2149 3436 2208 θεῖος
3517 2144 3828 2206 Πολύευκτος

2197 2232 2358 2296 πολὺς
2387 2234 2453 2300 ἧν
2497 2234 2830 2312 ἐγκείμενος,
2877 2233 2971 2289 καὶ
3003 2245 3096 2293 τοὺ
3152 2233 3452 2312 ἀπορρήτου
3503 2236 3601 2302 τὴν
3658 2232 3828 2303 δήλω-

2197 2344 2278 2378 σιν
2311 2322 2574 2401 ἀπαιτῶν,
2621 2323 2874 2397 ἀμέλειαν
2933 2345 2988 2379 τε
3034 2324 3299 2394 ὀνειδίζων
3357 2327 3502 2399 αύτῷ
3532 2325 3625 2380 τοῦ
3648 2323 3826 2395 πόθου,

2195 2413 2284 2468 καὶ
2326 2410 2610 2467 ἀλλοίωσιν
2646 2411 2768 2467 οτῖαν
2801 2416 2895 2478 τῆς
2928 2413 3059 2489 πρὸς
3092 2415 3247 2468 αὑτὸν
3297 2410 3580 2477 διαθέσεως
3612 2428 3626 2442 ⁸
3685 2414 3727 2468 εἶ
3776 2409 3828 2466 δὲ

2194 2503 2282 2556 καὶ
2334 2500 2833 2579 προσκεκρούκαμὲν
2891 2523 2965 2576 τι,
3013 2500 3238 2578 λέγων;
3295 2503 3338 2557 εἰ
3389 2501 3444 2558 δὲ
3475 2506 3562 2558 καὶ
3592 2501 3824 2570 λελυπή-

2194 2608 2417 2666 καμεν;
2473 2592 2523 2646 τί
2579 2591 2639 2646 ἃν
2685 2591 2853 2653 οὕτως
2897 2591 3116 2670 ἰσχυρῆν
3177 2591 3269 2658 εἴη
3333 2593 3394 2647 τὸ
3452 2591 3709 2671 πραχθὲν,
3761 2591 3827 2650 ὡς

2193 2681 2512 2757 συγγνώμης
2547 2681 2722 2746 πάσης
2759 2679 3086 2736 Πολύευκτον
3113 2682 3205 2736 τὸν
3237 2682 3330 2736 σὸν
3362 2680 3617 2737 ἐκϐαλεῖν
3652 2699 3667 2752 ;

2276 2767 2362 2826 Δ’.
2427 2777 2600 2826 Ταῦτα
2658 2767 2907 2844 λεγοντος
2979 2771 3068 2824 καὶ
3124 2767 3401 2844 ἀλύοντος,
3468 2774 3564 2829 οὐκ
3608 2768 3830 2844 ἐνεγκὼν

2194 2857 2440 2935 Νέαρχος
2511 2855 2748 2932 δακρύων
2807 2857 3126 2928 ὑποπλήσας
3187 2860 3309 2922 τοὺς
3363 2858 3690 2939 ὀφθαλμοὺς,
3745 2858 3826 2913 καὶ

2191 2952 2476 3022 στεναγμῷ
2530 2946 2690 3020 βυθίῳ
2734 2946 2830 3013 τὴν
2875 2944 3020 3003 ἔνδον
3065 2947 3238 3026 φλόγα
3283 2953 3382 3015 τῆς
3431 2947 3645 3026 καρδίας
3699 2949 3826 3002 imo--

2190 3035 2439 3106 σημήνας
2479 3055 2490 3068 ·
2554 3036 2654 3091 Τὸν
2715 3033 2978 3108 μέλλοντα
3036 3039 3342 3116 χωρισμὸν,
3400 3037 3530 3115 ἔφη,
3596 3036 3822 3115 φίλτατε,

2189 3123 2283 3188 τῆς
2344 3126 2498 3199 ἡμῶν
2557 3127 2851 3197 συμπνοίας
2912 3128 2998 3182 καὶ
3055 3130 3286 3203 στοργῆς
3337 3125 3560 3201 ἐννοῶν,
3592 3124 3820 3204 ἀναγκά-

2187 3220 2347 3287 ζομαι
2404 3211 2700 3290 απορῥῆξαι
2757 3212 2860 3281 ἤδη
2913 3215 3001 3270 καὶ
3033 3213 3131 3282 τήν
3163 3214 3369 3294 ψυχήν,
3405 3223 3576 3273 Τοὸτο
3617 3213 3826 3282 ἤκουσεν

2188 3301 2395 3366 ἐκεῖνος
2426 3300 2690 3379 βαρύτατα
2747 3304 2976 3381 πληγεὶς
3032 3305 3131 3372 τὴν
3162 3301 3402 3381 καρδίαν,
3471 3308 3590 3370 Πώς
3647 3310 3821 3375 ταῦτα,

2187 3391 2312 3471 ἔφη,
2377 3390 2610 3470 Νέαρχε,
2663 3395 2776 3454 πῶς
2809 3393 2899 3448 καὶ
2942 3393 3093 3448 τίτά
3123 3391 3248 3468 παρ’
3286 3391 3481 3449 ἐλπίδα
3523 3392 3685 3450 ταῦτα
3726 3390 3820 3470 ῥή-

2185 3504 2329 3556 ματα
2356 3501 2373 3556 ;
2404 3483 2490 3538 καὶ
2521 3482 2678 3538 πόθεν
2709 3483 2844 3556 ἡμῖν
2869 3481 3034 3545 οὕτως
3067 3484 3095 3538 ὁ
3125 3483 3413 3561 χωρύσμὸς
3453 3483 3685 3562 ἕσται,ὃν
3713 3479 3819 3537 οὐδὲ

2180 3572 2400 3632 θάνατον
2431 3573 2585 3628 αὺτὸν
2615 3569 2860 3628 δύνασθαι
2893 3584 3070 3629 ποιεῖν
3103 3573 3176 3636 είς
3211 3572 3356 3647 ἣμᾶς
3409 3571 3649 3650 ἔγνωμεν
3679 3591 3694 3644 ς
3729 3569 3817 3628 Καὶ

2182 3663 2210 3716 ὁ
2254 3661 2496 3741 Νέαρχος
2532 3677 2544 3690 ⁸
2594 3667 2759 3718 Τοῦτο
2815 3662 2915 3740 γὰρ
2968 3661 3136 3726 ἐστιν,
3197 3661 3321 3741 ἔφη,
3368 3662 3615 3741 φίλτατε,
3648 3661 3675 3716 ὃ
3728 3681 3818 3736 μι-

2183 3757 2307 3828 κροῦ
2368 3771 2435 3823 με
2490 3751 2581 3806 καὶ
2630 3749 2940 3828 ἀποπνίγει,
2997 3751 3084 3806 καὶ
3116 3750 3243 3807 αὐτὸ
3277 3751 3496 3832 συνέχει
3527 3753 3588 3808 τὸ
3619 3755 3819 3824 Πνεῦμα

2182 3841 2270 3896 καὶ
2317 3841 2414 3906 τὴν
2464 3841 2650 3918 ψυχήν
2693 3857 2706 3869 ⁸
2762 3839 2842 3896 ὅτι
2875 3843 2902 3896 ὁ
2933 3841 3214 3920 χωρισμὸς
3246 3839 3424 3913 οὗτος,
3461 3842 3520 3896 ὃν
3549 3842 3706 3920 ἐφην,
3737 3838 3818 3894 καὶ

2181 3928 2504 4006 ἀνθρωπείου
2558 3929 2784 3985 θανάτου
2827 3929 3172 4008 ἰσχυρότερος
3223 3931 3360 4005 ἡμῖν
3411 3928 3525 3989 ἐστι
3579 3931 3666 3987 καὶ
3717 3929 3813 4004 βα-

2180 4018 2416 4097 ρύτερος.
2477 4015 2636 4075 Οῧπω
2691 4015 2747 4074 δὲ
2805 4020 2896 4074 τὸν
2940 4017 3102 4096 λόγον
3160 4019 3187 4074 ὅ
3241 4041 3289 4074 τι
3345 4019 3408 4075 ἂν
3454 4019 3550 4088 εἴη
3599 4016 3814 4076 συνιέναι

451 4103 666 4182 ligeret
683 4105 1262 4184 Polyeuctus,statim
1287 4122 1564 4185 surgens,
1584 4105 1912 4167 etamicum
1939 4124 2098 4167 rom-

2194 4107 2324 4187 Ξχων
2371 4105 2718 4181 Πολύευκτος,
2766 4107 2997 4172 ἀναστὰς
3043 4108 3186 4171 εῢθὺς
3245 4109 3332 4164 καὶ
3390 4105 3691 4188 περιϐαλὼν
3731 4111 3814 4162 τοῦ

454 4192 682 4272 plexus,
713 4202 770 4253 et
796 4194 850 4254 ei
885 4194 962 4254 ita
997 4203 1056 4254 ut
1086 4212 1222 4255 eum
1255 4193 1515 4268 tenebat,
1539 4194 1956 4255 ardentissime
1979 4194 2094 4256 cir-

2194 4198 2352 4270 ρίλου,
2431 4198 2517 4252 καὶ
2587 4198 2660 4260 ὼς
2721 4200 2848 4276 εἶχε
2910 4198 3212 4276 θερμότατα
3266 4199 3573 4277 περιχυθεὶς
3631 4196 3765 4270 αὒτῷ
3796 4209 3810 4224 ·

451 4281 800 4343 cumfusus:
837 4280 953 4343 Sed
988 4282 1108 4356 dic,
1143 4281 1357 4362 inquit,
1396 4282 1565 4353 mihi,
1600 4303 1633 4344 ο
1673 4281 1965 4357 Nearche,
2000 4283 2098 4347 dic

2194 4284 2297 4342 ἱλλ⁹
2343 4285 2457 4342 εἰπέ
2519 4307 2636 4361 μοι,
2706 4285 2832 4366 ἔφη,
2881 4287 3116 4366 Νέαρχε,
3162 4287 3275 4342 εἰπὲ
3321 4294 3505 4366 σαφῶς
3547 4288 3635 4344 καὶ
3687 4283 3814 4340 ἀνά-

450 4378 678 4450 aperte,
730 4379 788 4430 et
837 4370 1068 4450 explica
1103 4371 1606 4451 quemadmodum
1640 4371 1763 4434 hzec
1795 4373 1872 4432 sit
1902 4372 2098 4435 futura

2194 4375 2367 4441 ττυξον
2425 4376 2570 4438 ὅπως
2630 4378 2782 4440 οὗτος
2869 4379 2896 4432 ὁ
2980 4378 3260 4455 χωρισμὸς
3333 4375 3533 4433 ἔσται’
3605 4377 3665 4432 οὗ
3721 4373 3813 4452 γάρ

451 4462 914 4539 separatio.Non
937 4459 1094 4521 enim
1121 4460 1245 4522 fero
1273 4460 1528 4540 amplius
1553 4461 1666 4523 hoc
1690 4461 1935 4522 minime
1951 4463 2095 4524 ami-

2194 4465 2320 4546 pépw
2376 4467 2572 4530 ταύτην
2629 4467 2715 4522 imi
2759 4465 2922 4522 πλέον
2969 4465 3066 4532 τὴν
3123 4464 3313 4544 ἄφιλον
3374 4468 3613 4536 σιωπήν,
3651 4465 3705 4522 Εἰ
3761 4460 3812 4517 δὲ

451 4566 586 4610 cum
621 4548 950 4612 silentium.
985 4547 1087 4612 Sin
1121 4549 1340 4624 minus,
1373 4549 1605 4611 videbis
1626 4551 1750 4630 jam
1781 4559 1943 4611 tuum
1978 4554 2090 4614 P0-

2194 4556 2295 4629 ›ύκ,
2343 4553 2460 4610 ἀλλ’
2493 4554 2644 4630 ὄψεις
2689 4576 2757 4630 με
2810 4554 3144 4612 Πολύευκτον
3176 4553 3277 4622 ἤδη
3309 4557 3400 4611 τὸν
3432 4555 3525 4612 σὰν
3555 4558 3812 4630 νεκρῶντα

447 4641 732 4714 lyeuctum
759 4642 815 4698 ln
853 4641 1306 4714 terrajacentem
1344 4655 1633 4701 mortuum
1662 4652 1716 4702 ct
1744 4646 2088 4703 examinem.

2194 4646 2264 4700 ιαὶ
2317 4643 2515 4701 ἄπνουν
2558 4646 2688 4720 πρὸς
2745 4649 2815 4720 τῇ
2873 4649 2944 4722 γῇ
3000 4651 3269 4720 κείμενον,
3337 4644 3434 4702 Καὶ
3491 4647 3518 4700 ὁ
3575 4643 3808 4721 Νέαρχος

447 4733 636 4807 Atque
655 4728 963 4790 videbatur
985 4728 1223 4809 quidem
1249 4729 1556 4791 Nearchus
1583 4729 1732 4792 velle
1753 4728 2087 4803 dicere,sed

2194 4753 2332 4805 ,ῳκει
2402 4733 2470 4807 μὲ
2541 4734 2713 4789 εἰπεῖν
2795 4733 3074 4809 βούλεσθαι
3109 4781 3125 4812 ,
3218 4733 3531 4809 ἡττώμενος
3605 4730 3659 4787 δὲ
3723 4729 3809 4784 τοῦ

446 4818 635 4878 victus
687 4817 760 4878 ab
814 4818 999 4880 animi
1051 4819 1497 4898 perturbatione
1546 4819 1800 4881 vinctam
1836 4819 2091 4882 habebat

2194 4822 2390 4895 τάθους,
2453 4819 2698 4878 επεὸεϊτο
2767 4822 2866 4889 τὴν
2923 4821 3192 4898 γλῶτταν,
3254 4823 3342 4878 καὶ
3417 4831 3576 4881 τοῦτο
3652 4818 3807 4895 μόνον

444 4907 730 4986 linguam:
753 4916 812 4969 et
828 4909 1016 4969 solum
1037 4917 1284 4972 moestus
1304 4928 1372 4970 ac
1396 4909 1809 4985 conturbatus,
1826 4909 2086 4972 amicum

2194 4908 2460 4968 ιαταδυνον
2516 4932 2566 4966 τι
2631 4912 2716 4967 καὶ
2761 4913 3052 4990 πεπονθὸς,
3107 4911 3343 4981 ἠτὲνιζεν
3401 4911 3474 4973 εἰς
3517 4912 3608 4967 τὸν
3637 4905 3804 4987 φίλον,

445 4996 575 5059 ﬁxis
605 4998 931 5078 aspiciebat
958 4998 1167 5072 oculis,
1205 5009 1262 5061 et
1293 4998 1752 5060 immoderatum
1781 4998 2086 5078 signiﬁca-

444 5086 542 5148 bat
585 5087 877 5150 dolorem.
929 5086 1246 5168 Postquam
1283 5098 1484 5152 autem
1514 5087 1674 5149 videt
1705 5087 2082 5168 Polyeuctum

445 5193 700 5238 mcerore
747 5175 1108 5252 conlectum,
1162 5176 1457 5257 abjecisse
1506 5179 1794 5250 animum,
1828 5185 1885 5236 ct
1920 5176 2086 5238 humi

442 5265 778 5346 procidere,
828 5274 890 5327 et
929 5283 1060 5326 esse
1105 5266 1228 5344 jam
1285 5285 1318 5328 a
1357 5265 1564 5327 dolore
1614 5263 1860 5327 omnino
1905 5283 2084 5348 supe-

438 5365 654 5424 ratum,
707 5355 941 5433 cogitur
993 5355 1052 5415 in
1107 5355 1262 5416 hanc
1323 5373 1528 5416 vocem
1591 5373 1910 5434 erumpere
1962 5377 1976 5417 :
2035 5357 2084 5419 Ο

439 5445 868 5518 amantissime,
903 5444 1114 5524 inquit,
1149 5441 1486 5524 Polyeucte,
1526 5445 1638 5505 hoc
1677 5443 1934 5506 edictum
1969 5444 2085 5504 im-

441 5534 733 5610 peratoris
765 5533 933 5594 nobis
969 5533 1404 5611 separationem
1441 5533 1646 5594 afferet
1703 5542 1756 5592 et
1814 5531 2080 5609 disjunc-

439 5621 682 5686 tionem.
720 5621 1038 5703 Postquam
1071 5630 1266 5683 autem
1315 5623 1464 5684 hanc
1517 5639 1721 5684 vocem
1756 5621 2080 5703 sapientis-

2170 5001 2256 5056 καὶ
2294 5001 2391 5066 τῆς
2420 4999 2640 5075 ἀθυμίας
2673 4998 2869 5074 ἐμήνυε
2914 4999 3014 5067 τὴν
3076 4997 3402 5078 ὑπερϐολήν.
3451 4991 3544 5064 Ὠς
3589 4996 3642 5054 δὲ
3699 4992 3804 5052 εἶδε

2173 5087 2499 5147 Πολύευκτον
2543 5092 2777 5146 παθόντα
2841 5111 2891 5144 τι
2921 5090 3011 5145 καὶ
3072 5089 3586 5169 μαχροψυχότερον,
3621 5087 3704 5144 καὶ
3737 5084 3803 5146 εἰς

2166 5183 2270 5256 γῆν
2324 5179 2508 5238 ἑαυτὸν
2573 5176 3004 5252 καταϐάλλοντα,
3037 5178 3128 5234 καὶ
3184 5175 3310 5235 ὅλον
3369 5176 3473 5245 ἤδη
3506 5178 3581 5252 τῷ
3623 5177 3805 5256 παθςιν

2169 5247 2460 5342 νικώμενον
2495 5312 2513 5343 ,
2596 5266 2952 5344 ἀναγκάζεται
2988 5247 2999 5252 ⁷
3037 5265 3186 5342 ῥῆξαι
3270 5268 3451 5346 φωνήν
3483 5286 3494 5299 ’
3554 5247 3690 5338 καὶ,
3742 5247 3799 5314 Ὠ

2168 5356 2408 5436 φίλτατε,
2470 5355 2596 5436 ἔφη,
2645 5355 2960 5430 Πολύευκτε,
3020 5357 3163 5412 τουτὶ
3235 5357 3294 5412 τὸ
3351 5354 3628 5431 βασιλικὸν
3683 5349 3799 5407 hri-

2165 5468 2348 5523 ταγμα
2404 5448 2494 5504 τὸν
2541 5448 2823 5527 χωρισμὸν
2881 5448 3019 5522 ἡμῖν
3078 5446 3367 5521 ἔμποιήσει
3425 5448 3515 5503 καὶ
3544 5448 3642 5512 τὴν
3684 5439 3798 5497 διά-

2165 5535 2351 5606 ζευξιν.
2397 5534 2554 5592 Ἐπεί
2613 5534 2666 5590 δὲ
2726 5535 2888 5591 ταύτα
2949 5533 3173 5601 ἤκουσεν
3231 5538 3257 5592 ὅ
3306 5538 3468 5617 σορὸς
3518 5535 3582 5590 τὶ
3634 5531 3798 5588 πάντα

2166 5625 2518 5704 Πολύευκτος,
2585 5622 2872 5697 συμϐαλὼν
2938 5627 3129 5693 εὕθέως
3187 5626 3318 5706 ὅπερ
3378 5627 3605 5706 Νεάρχῳ
3675 5619 3798 5698 βούο
