4062 6194
242 297 354 373 421

1530 302 1714 373 VITA
1760 308 1817 371 S.
1870 299 2296 372 POLYEUCTI
2309 357 2321 372 .

3504 297 3623 370 422

242 445 396 500 λεται
449 446 510 499 τὸ
568 442 784 523 λεχθὲν,
818 445 1012 500 ενενόει
1072 443 1170 521 γὰρ
1229 446 1302 507 ὡς
1362 447 1395 512 ἡ
1457 447 1570 520 περὶ
1628 447 1690 501 τὸ
1734 443 1890 506 σέϐας

1991 441 2166 502 simus
2217 440 2400 501 audiit
2443 438 2824 516 Polyeuctus.
2859 439 3057 499 statim
3111 435 3444 519 conjiciens
3476 439 3619 519 quid

240 533 560 611 ἀμφοτέρων
617 531 860 612 δια-ξορα,
910 535 1040 608 πρὸς
1112 533 1345 597 ἐξέτασιν
1416 536 1564 592 ἰοῦσα
1637 537 1723 590 καὶ
1795 540 1893 609 Enp-

239 624 461 701 χόντων
518 623 747 698 βαρύτης
805 623 1093 699 ἀναγκάσει
1150 627 1321 678 Θεῖναι
1387 623 1580 698 μεταξῦ
1633 628 1731 689 τὴν
1790 622 1896 678 διά-

245 733 456 768 στασιν.
523 709 670 766 Ἀλλ’
743 713 900 768 αὒτὸν
971 713 1186 790 ἀνέφερε
1249 711 1450 768 διάνοιά
1517 736 1594 769 τις
1663 713 1898 780 θειοτέξα

239 801 333 856 καὶ
401 803 466 865 ἢν
541 798 681 855 εῖδεν
752 800 876 875 ὄψιν
948 801 1356 875 ἀνανοουμενος,
1433 805 1518 858 καὶ
1583 800 1897 874 συνᾴδουσιν

244 891 413 955 αὐτὴν
457 896 534 962 τῷ
577 895 742 966 καιρῷ
795 890 1008 965 κρίνων,
1055 897 1230 969 χαρᾶς
1288 913 1345 946 τε
1402 889 1595 968 ἤρξατο
1653 890 1896 968 πληροῦ-

245 981 368 1034 σθαι
402 983 498 1033 καί
526 975 746 1056 ἡδονῆς,
779 980 867 1034 καὶ
900 979 1045 1042 ὅπως
1090 981 1250 1055 εἶψεν
1279 982 1313 1047 ἡ
1343 980 1465 1054 ὄψις
1527 979 1792 1037 ἐκοινοῦτο
1822 987 1898 1052 τῷ

241 1067 411 1146 φίλω·
474 1064 627 1122 ’Ἐστι
680 1089 753 1134 τι,
791 1066 1026 1146 Νέαρχε,
1061 1069 1256 1146 Λέγων,
1289 1069 1464 1148 ὃτάχα
1517 1076 1702 1126 τοῦτον
1763 1071 1896 1143 ἡμῖν

245 1155 482 1212 κωλύσει
512 1156 751 1233 γενέσθαι
782 1157 871 1212 τὸν
904 1159 1208 1236 χωρισμόν.

329 1421 422 1480 Ε’.
474 1420 634 1478 Εἶδον
678 1423 776 1500 γὰρ
835 1422 942 1500 ἐγὼ
1003 1427 1092 1482 τὸν
1154 1427 1400 1503 Χριστὸν,
1448 1426 1506 1480 ὃν
1566 1427 1628 1480 σὺ
1671 1447 1896 1503 προσκυο

243 1524 386 1581 vste,
444 1510 801 1586 προσελθόντα
860 1536 976 1586 μοι,
1033 1517 1120 1571 καὶ
1179 1517 1322 1570 τουτὶ
1395 1517 1492 1589 μὲν
1548 1517 1607 1570 τὸ
1680 1517 1898 1593 πιναρὸν

243 1601 462 1674 ἱμάτιον
519 1600 548 1654 ὃ
600 1598 996 1678 περιϐέϐλημαι
1053 1603 1388 1660 ἀποδύσαντά
1453 1623 1544 1678 με’
1610 1605 1788 1680 ἑτὲρλν
1847 1603 1900 1660 δέ

245 1711 368 1745 τινα
425 1687 624 1756 στολὴν
682 1690 828 1764 μάλα
870 1693 1050 1766 τιμίαν
1111 1695 1206 1768 (τίς
1268 1693 1327 1748 ἂν
1386 1694 1590 1760 ἐκείνης
1652 1694 1797 1750 εἴποι
1848 1696 1901 1750 τὸ

245 1777 450 1842 κάλλος
514 1781 600 1834 καὶ
673 1779 770 1846 την
834 1779 1160 1860 φαιδρότητα
1194 1782 1235 1862 ς)
1304 1783 1665 1856 άμωιάσαντα,
1727 1791 1902 1863 χρυςῇ

1979 530 2093 591 sibi
2119 532 2315 599 vellet,
2345 529 2502 609 quod
2524 529 2755 588 dixerat
2776 530 3086 590 Nearchus
3113 550 3124 590 :
3153 530 3430 608 cogitavit
3460 530 3619 590 enim

1981 623 2137 699 quod
2169 619 2477 680 amborum
2515 618 2573 677 in
2597 617 2887 695 religione
2911 617 3207 679 dissensio
3233 621 3354 697 jam
3392 618 3622 679 exami-

1985 709 2196 774 nanda.
2227 719 2282 769 et
2320 707 2701 768 acerbitatem
2727 705 3279 786 subiturajudicum
3301 717 3491 786 coget,
3520 726 3624 768 eos

1983 818 2014 858 a
2048 819 2111 858 se
2144 797 2399 858 invicem
2433 797 2732 874 disjnngi:
2771 802 3062 856 convertit
3092 815 3226 856 eum
3260 797 3333 857 ad
3365 797 3622 857 divinio-

1984 907 2107 948 rem
2147 896 2422 968 quantam
2474 886 2915 964 cogitationem,
2965 894 3024 946 et
3077 885 3383 947 revolvens
3421 889 3621 948 animo

1983 996 2158 1056 quam
2193 977 2416 1037 viderat
2445 975 2757 1044 visionem,
2795 984 2849 1035 et
2897 993 3024 1034 eam
3055 975 3324 1052 juditans
3367 977 3623 1056 tempori

1983 1066 2462 1136 convenientem,
2489 1064 2666 1143 cwpit
2703 1063 2920 1139 repleri
2952 1064 3167 1140 gaudio
3195 1077 3251 1126 et
3283 1066 3617 1146 voluptate:

1983 1165 2038 1217 et
2063 1154 2568 1235 quemadmodum
2605 1153 2728 1212 hzec
2761 1152 2932 1212 fuerit
2957 1153 3125 1227 visio,
3163 1155 3624 1217 communicavit

1981 1244 2196 1305 amico.
2224 1242 2321 1304 Est
2346 1239 2590 1320 aliquid,
2625 1241 2856 1311 dicens,
2892 1261 2924 1301 ο
2956 1239 3246 1317 Nearche,
3289 1244 3443 1322 quod
3478 1261 3621 1324 pro-

1983 1333 2212 1394 hibebit
2246 1332 2414 1392 nobis
2447 1332 2601 1392 hanc
2635 1329 2763 1391 fieri
2793 1331 3258 1410 separationem.

2063 1422 2130 1483 V.
2155 1421 2286 1481 Vidi
2312 1421 2471 1482 enim
2497 1440 2604 1499 ego
2629 1420 2950 1486 Christum.
2984 1439 3162 1500 quem
3198 1432 3255 1482 tu
3279 1423 3516 1498 adoras,
3550 1425 3625 1486 ad

1987 1530 2082 1573 me
2111 1511 2563 1582 accendentem,
2596 1511 2705 1571 hac
2735 1510 3000 1590 sordida,
3033 1529 3148 1589 qua
3193 1528 3322 1570 sum
3356 1512 3618 1588 indutus,

1984 1609 2145 1662 veste
2177 1620 2268 1661 me
2298 1601 2559 1672 exuisse,
2594 1600 2706 1660 alia
2736 1617 2872 1660 Vero
2907 1599 3076 1660 valde
3118 1600 3374 1678 pretiosa
3408 1603 3464 1682 (ο
3499 1606 3630 1684 quis

1986 1691 2147 1752 illius
2179 1689 2685 1770 pulchritudinem
2719 1689 2932 1749 dixerit
2955 1697 3012 1750 et
3041 1689 3420 1767 splendorem
3451 1694 3491 1773 ι)
3527 1694 3626 1756 in-

1988 1781 2399 1857 duisse,cujus
2419 1779 2734 1840 humerum
2763 1778 2941 1838 ﬁbula
2965 1779 3407 1856 constringehat
3426 1800 3626 1846 aurea.

246 1873 319 1944 τῇ
381 1869 583 1944 περόνῃ
631 1873 748 1946 περὶ
811 1872 899 1925 τον
957 1875 1104 1945 ὦμον
1162 1873 1550 1950 συνεχομένηψ
1615 1872 1795 1928 ἔπειτα
1854 1872 1900 1928 δὲ

1994 1871 2219 1932 Deinde
2241 1887 2380 1930 vero
2401 1868 2545 1928 mihi
2563 1886 2799 1949 quoque
2819 1885 3042 1943 equum
3067 1867 3373 1928 tradidisse
3385 1870 3628 1935 alatum.

248 1979 346 2032 μοι
404 1959 489 2012 καῖ
549 1958 722 2014 ’ίππον
775 1959 1169 2038 ἐγχειρήσαντα
1229 1963 1520 2035 πτερωτόν,
1573 1961 1740 2018 Ἀλλὰ
1784 1985 1900 2018 τοι·

248 2048 390 2112 αύτη
454 2046 552 2119 μὲν
604 2047 727 2121 ὄψις
781 2049 847 2114 ἣν
899 2052 926 2104 ὁ
983 2054 1126 2106 θεῖος
1174 2050 1496 2110 Πολύευκτος
1555 2050 1692 2107 εἴδει
1753 2052 1901 2126 ἔλεγε

251 2137 328 2200 εἷς
379 2133 433 2190 δὲ
478 2138 628 2191 κενὸν
662 2136 932 2217 οὐδαμῶς,
966 2139 1102 2194 ἀλλὰ
1133 2143 1193 2195 τὸ
1250 2138 1447 2215 μέλλον
1496 2139 1726 2204 ames;
1761 2143 1888 2196 εἰκό-

248 2234 415 2296 νιζεν,
474 2216 536 2281 ’Π
567 2226 665 2303 γὰρ
723 2216 1014 2305 ἄμφιθεέσα
1060 2227 1321 2295 καλλίστη
1367 2228 1543 2294 ἐκείνη
1578 2231 1744 2297 στολῆ
1806 2231 1900 2297 τὴν

249 2315 360 2370 ἀπὸ
421 2315 514 2371 τοῦ
567 2317 810 2394 χείρονος
856 2317 948 2372 ἐπὶ
997 2319 1060 2373 τὰ
1131 2319 1353 2395 κρείττω
1424 2316 1726 2392 μεταϐολὴν
1799 2320 1904 2374 ἀπὸ

244 2408 349 2472 τῆς
402 2404 487 2460 ἐπὶ
521 2409 621 2482 γῆς
678 2413 928 2483 στρατιᾶς
993 2409 1065 2470 εἷς
1123 2409 1220 2474 τὴν
1276 2409 1591 2481 επουράνιον
1621 2411 1707 2463 καὶ
1762 2411 1900 2464 θείαν

243 2492 650 2570 στρατολογίαν,
729 2494 844 2550 καθ’
915 2498 981 2563 ἢν
1074 2499 1100 2552 ὁ
1177 2497 1382 2574 Μάρτυς
1455 2521 1530 2551 τω
1601 2517 1903 2574 μαρτυρικῳ

242 2589 400 2660 χορῷ
452 2584 802 2640 συνάπτεσθαι
849 2585 1064 2660 μέλλοι·
1135 2589 1160 2642 ὁ
1215 2585 1268 2642 δὲ
1327 2607 1385 2664 γε
1445 2589 1644 2652 πτηνὸς
1703 2587 1897 2664 ἵππος,

244 2681 295 2726 τί
353 2672 418 2726 ἂν
472 2673 651 2751 ἕτερον
691 2678 816 2753 εἶχε
877 2673 1070 2742 δηλοῦν
1129 2679 1162 2744 ἡ
1195 2677 1289 2744 τὴν
1343 2689 1578 2755 ταχεῖαν
1639 2677 1745 2732 ἀπὸ
1801 2678 1900 2742 τῆς

244 2761 448 2818 ἐκείνου
481 2764 608 2838 πρὸς
639 2765 887 2831 οὖρανοὺς
913 2764 1165 2822 ἀνάϐασιν
1201 2785 1216 2845 ;

329 2841 411 2870 ρ’
561 2863 566 2867 ι
699 2853 710 2872 9
803 2854 815 2873 ι
1103 2855 1111 2870 ι
1203 2841 1211 2845 ⁷
1452 2862 1472 2871 ο
1561 2858 1570 2874 ι
1770 2858 1781 2874 \

326 2883 365 2924 ε,
416 2897 430 2910 .
470 2861 645 2908 Ταοτα
689 2873 987 2910 ακουσαντα
1046 2865 1292 2935 Νεαρχον
1345 2857 1569 2922 ἡσθηναι
1600 2876 1654 2910 τε
1699 2877 1784 2911 και
1816 2859 1898 2913 εὖ·

245 2940 514 3019 φροσύνης
567 2943 878 3018 γενόμενον·
939 2946 1040 3001 Τὸν
1111 2947 1359 3023 Χριστὸν,
1422 2947 1614 3016 εἰπεῖν,
1674 2947 1898 3021 ἒγνωςς

1989 1963 2186 2038 Atque
2221 1959 2354 2019 talis
2384 1958 2623 2038 quidem
2659 1957 2769 2018 fuit
2799 1957 2965 2026 visio,
3002 1975 3175 2036 quam
3209 1957 3356 2018 vidit
3401 1961 3633 2023 divinus

1988 2047 2501 2128 Polyeuctuszejus
2524 2055 2719 2107 autem
2755 2064 3122 2126 nequaquam
3158 2045 3468 2108 fuitvanus
3500 2050 3632 2112 exi-

1991 2147 2104 2208 tus,
2131 2140 2234 2196 sed
2265 2139 2548 2216 praeclare
2580 2136 2872 2216 expressit
2906 2135 2962 2196 id
2996 2136 3150 2214 quod
3187 2145 3313 2195 erat
3345 2136 3630 2217 futurum,

1991 2237 2210 2286 mutata
2262 2227 2501 2306 quidem
2534 2227 2632 2286 illa
2663 2225 2843 2285 testis
2886 2223 3310 2303 pulcherrima,
3346 2229 3642 2304 mutatio-5

1992 2334 2125 2376 nem
2163 2315 2221 2376 in
2277 2318 2484 2376 melius
2517 2333 2583 2374 ex
2621 2333 2692 2376 eo
2723 2315 2880 2394 quod
2914 2322 3002 2374 est
3031 2313 3336 2374 deterius:
3389 2335 3627 2398 nempe,

1990 2414 2047 2464 ut
2082 2423 2148 2464 ex
2192 2414 2427 2465 terrena
2460 2404 2670 2464 militia
2702 2409 2757 2462 in
2794 2403 3093 2464 ctelestem
3129 2411 3184 2462 et
3219 2402 3482 2466 divinum
3522 2407 3630 2467 mi-

1989 2493 2156 2552 litum
2219 2497 2547 2554 referretur
2607 2491 2948 2563 numerum,
2984 2508 3094 2569 per
3151 2509 3330 2566 quem
3385 2503 3510 2554 erat
3569 2496 3628 2557 in

1986 2585 2234 2642 chorum
2271 2594 2588 2662 martyrum
2622 2580 3010 2660 coaptandus.
3043 2578 3252 2639 Alatus
3281 2591 3475 2641 autem
3529 2583 3631 2644 ille

1987 2690 2174 2752 equus
2225 2674 2369 2752 quid
2424 2672 2582 2733 aliud
2619 2671 2804 2751 possit
2849 2668 3210 2748 significare,
3248 2688 3421 2748 quam
3475 2673 3632 2734 illius

1985 2763 2242 2822 celerem
2280 2786 2305 2818 ιι
2337 2771 2493 2822 terra
2526 2762 2583 2821 in
2619 2759 2800 2820 malos
2826 2776 3135 2820 ascensum
3169 2765 3197 2819 ἲ

2067 2850 2162 2914 Vl.
2220 2850 2356 2912 llaec
2391 2871 2521 2914 cum
2557 2849 2844 2911 audiisset
2874 2848 3203 2922 Nearchus,
3238 2847 3463 2909 laetatus
3512 2861 3624 2926 est,

1985 2941 2312 3020 hilarisque
2338 2941 2607 3014 etfectus,
2644 2939 2696 2999 ei
2723 2937 2908 2998 dixit:
2945 2936 3239 2998 Christum
3273 2939 3630 3014 cognovisti?

243 3033 336 3085 τὸν
370 3032 616 3108 Χριστὸν,
651 3031 967 3107 Πολύευκτε,
1003 3035 1092 3089 τὸν
1136 3033 1310 3103 ἀληθῆ
1341 3034 1505 3095 ὅντως
1561 3035 1689 3090 Θεόν
1723 3055 1739 3106 ;
1798 3036 1899 3090 Τὸν

1991 3030 2347 3103 Christum,o
2369 3028 2824 3110 Polyeucte,qui
2853 3043 2988 3086 vere
3009 3032 3097 3085 est
3122 3023 3313 3086 Deus?
3347 3027 3448 3088 Ille
3480 3047 3622 3091 vero

247 3117 304 3211 ξε
365 3123 496 3196 πρὸς
548 3127 734 3178 ταῦτα’
793 3126 929 3178 Πότε
1000 3121 1080 3196 δὲ,
1131 3125 1314 3204 φάναι,
1376 3135 1559 3183 τοῦτον
1602 3124 1894 3203 ἠγνόησα,

1991 3119 2040 3180 ei
2066 3119 2212 3181 dicit
2241 3139 2253 3182 :
2290 3119 2536 3192 Quando
2564 3125 2761 3179 autem
2795 3134 2929 3176 eum
2954 3114 3251 3211 ignorati?
3280 3112 3453 3197 Num,
3491 3137 3626 3180 cum

271 3215 314 3264 Η
386 3211 540 3286 πότε,
618 3218 710 3266 σοῦ
781 3213 898 3288 περὶ
969 3217 1127 3293 αὐτοῦ
1195 3213 1470 3293 λέγοντος,
1541 3214 1736 3288 τρόμος
1809 3215 1900 3270 οὐκ

1991 3219 2046 3271 ιιι
2066 3210 2140 3271 de
2159 3228 2230 3270 eo
2247 3211 2736 3284 diceres,tremor
2759 3224 2954 3267 meum
2979 3203 3213 3265 subibat
3227 3205 3632 3273 animum?aut

254 3297 422 3353 εὶσέδυ
479 3321 582 3374 μου
611 3302 708 3364 τὴν
764 3303 1002 3380 ψυχήν;
1061 3283 1121 3360 *Η
1165 3303 1653 3381 ἀναγινώσκοντος,
1690 3303 1784 3358 οὒκ
1845 3301 1898 3356 ἐν

1991 3318 2122 3361 cum
2159 3283 2537 3378 legeres,non
2563 3297 2690 3376 ejus
2713 3293 3055 3356 admirabar
3073 3303 3416 3358 sermones?
3435 3298 3627 3361 solum

249 3389 481 3460 θαύματι
552 3392 871 3465 ποιούμενος
940 3391 1006 3458 ἦν
1089 3405 1206 3456 τοῖς
1264 3391 1490 3473 λόγοις,
1578 3395 1741 3467 μόνου
1800 3393 1898 3470 γὰρ

251 3476 482 3550 ἐδεόμην
538 3479 820 3554 ὀνόματος,
857 3480 1039 3538 ἔπειτα
1096 3481 1232 3539 ἄλλα
1265 3505 1323 3560 γε
1369 3491 1436 3560 τῇ
1495 3483 1720 3540 διαθέσει
1769 3491 1899 3560 Χρι-

250 3571 466 3630 στιανὸς
510 3572 599 3642 ἧν,
659 3571 747 3625 καὶ
791 3573 863 3634 εἰς
921 3569 1156 3628 δουλείαν
1215 3572 1464 3629 ἔσπευδον
1523 3574 1753 3647 ἐμαυσὸν
1812 3573 1901 3627 ἐν-

248 3655 402 3722 τάξαι
461 3661 540 3715 τῶ
617 3661 861 3736 Δεσπότῃ
922 3669 1156 3741 Χριστῷ,
1214 3662 1386 3719 πολλὰ
1457 3664 1662 3743 χαίρειν
1740 3663 1900 3718 εἰπὼν

248 3761 372 3810 ταῖς
427 3749 682 3822 ματαίαις
711 3755 816 3805 τῶν
877 3749 1108 3806 εἰδώλων
1140 3752 1429 3831 λατρείαις.
1495 3753 1555 3811 Τί
1587 3753 1675 3809 οὖν
1736 3751 1899 3829 πράτ-

249 3856 438 3910 τομεν,
491 3839 536 3892 ὧ
585 3848 848 3917 Νεαρχε;
901 3841 952 3895 τί
996 3839 1048 3895 δὲ
1107 3843 1184 3916 μὴ
1228 3842 1466 3921 φανερῶς
1537 3840 1900 3914 ἐπιδείκνυμεν

250 3927 349 3992 τὴν
397 3928 470 3984 εἰς
503 3929 730 4003 Χριστὸν
776 3928 1064 4005 ὁμολογίαν
1102 3949 1116 4009 ;
1153 3932 1253 3988 Καί
1301 3934 1328 3986 ὁ
1361 3932 1600 4010 Νέαρχος
1661 3931 1902 4006 ἀσμένως

253 4023 421 4071 ταῦτα
477 4013 808 4097 δεξάμενος,
888 4021 983 4076 Καὶ
1053 4019 1234 4098 ὥσπερ
1313 4020 1634 4097 ἀπογυμνῶν
1719 4022 1902 4079 ἑαυτὸν

1987 3391 2143 3452 enim
2179 3390 2325 3450 mihi
2359 3406 2574 3450 nomen
2611 3386 2816 3447 deerat
2849 3405 2862 3445 :
2899 3384 3123 3463 alioqui
3153 3384 3314 3445 enim
3349 3404 3511 3448 eram
3536 3389 3629 3450 af-

1990 3481 2246 3541 fectione
2263 3478 2725 3551 Christianus,et
2749 3472 3058 3536 studebam
3086 3492 3182 3535 me
3204 3472 3440 3537 Domini
3461 3477 3632 3540 Chri-

1988 3570 2064 3631 sti
2088 3568 2427 3648 mancipare
2444 3563 2966 3640 servitio,multum
2984 3564 3182 3624 valere
3199 3564 3414 3642 jubens
3436 3568 3630 3632 cultus

1986 3659 2194 3721 inanes
2225 3658 2709 3718 simulacrorum.
2745 3653 2895 3724 Quid
2927 3671 3068 3730 ergo
3093 3651 3404 3729 faci:i-us,o
3439 3658 3627 3719 Near-

1985 3751 2118 3812 che:
2144 3767 2248 3809 cur
2271 3766 2387 3807 non
2421 3753 2627 3825 aperte
2659 3743 3032 3804 ostendimus
3063 3750 3324 3803 nostram
3354 3744 3414 3804 in
3449 3745 3626 3810 Chri-

1983 3849 2137 3900 stum
2172 3837 2640 3898 confessionem?
2667 3834 2812 3896 Cum
2849 3833 2972 3892 hazc
3003 3839 3196 3892 autem
3231 3831 3510 3897 lubenter
3535 3857 3628 3901 ac-

1985 3923 2780 4008 cepissetNearchus,dixit,
2805 3940 2870 3982 se
2902 3920 3080 3981 veluti
3117 3921 3346 3983 nudans
3390 3933 3448 3985 et
3477 3945 3625 4008 ape-

1985 4017 2170 4078 riens:
2205 4017 2366 4089 Mihi,
2402 4035 2435 4076 o
2465 4013 2808 4092 Polyeucte,
2842 4029 2958 4071 non
2991 4009 3231 4090 divitias,
3265 4030 3382 4073 non
3414 4015 3624 4094 gloria,

253 4107 342 4160 καὶ
401 4103 809 4168 ἀνακαλύπτων,
864 4104 1014 4162 Ἀλλ’
1078 4107 1219 4184 ἐμοὶ,
1279 4108 1404 4188 ἔφη,
1470 4109 1786 4182 Πολύευκτε,
1848 4112 1900 4166 οὗ

1991 4126 2096 4168 ncc
2121 4109 2366 4167 omnino
2397 4104 2653 4183 dignitas
2679 4099 3091 4174 militaris,nec
3123 4101 3342 4181 aliquid
3369 4105 3526 4168 aliud
3560 4127 3630 4169 ex

259 4193 512 4272 πλοῦτος,
573 4193 632 4250 οὗ
689 4193 832 4271 δόξα,
894 4197 954 4252 ού
1017 4200 1396 4273 στρατιωτικὸν
1470 4198 1608 4262 ὅλως
1673 4199 1898 4272 ἀξίωμα,

1991 4196 2084 4270 iis,
2118 4215 2251 4276 quae
2303 4203 2440 4256 sunt
2467 4195 2644 4272 hujus
2694 4190 2919 4266 mundi,
2959 4191 3270 4270 praefertur
3314 4196 3462 4271 vitae,
3497 4216 3631 4274 quae

258 4283 409 4340 οὐδὲν
467 4283 600 4340 ἄλλο
657 4285 764 4341 τῶν
820 4297 912 4345 τοῦ
972 4287 1174 4361 κόσμου
1230 4290 1335 4350 τῶς
1394 4289 1447 4343 ἐν
1501 4296 1710 4367 Χριστῷ
1767 4293 1900 4359 ξωῆς

1993 4297 2080 4347 εει
2099 4287 2155 4347 in
2174 4286 2573 4359 Christo,eam
2606 4283 2764 4344 enim
2788 4281 2970 4342 solam
2992 4281 3414 4346 desidero:alia
3429 4298 3628 4349 autem

256 4375 664 4452 προτιμότερον·
720 4378 916 4442 ταύτης
948 4376 1046 4454 γὰρ
1105 4376 1313 4456 ἐφίεμαι
1359 4379 1554 4452 μύνης,
1583 4381 1650 4434 τὰ
1681 4377 1725 4432 δ’
1773 4377 1900 4433 ἄλλα

1992 4377 2143 4456 apud
2171 4395 2266 4437 me
2288 4383 2425 4436 sunt
2450 4392 2644 4454 parva,
2670 4381 2727 4434 et
2757 4371 2975 4432 nullius
2999 4371 3198 4450 pretii.
3232 4372 3458 4436 Deinde
3489 4394 3630 4437 rur-

258 4465 424 4540 μικρά
482 4486 572 4538 μοι
629 4466 715 4520 καὶ
771 4474 864 4524 τοῦ
922 4465 1149 4540 μηδενός
1210 4469 1338 4522 εἰσιν
1408 4466 1546 4533 ἄξια.
1625 4469 1762 4525 Εἶτα
1819 4468 1900 4523 καῖ

1992 4485 2090 4528 sus
2132 4466 2365 4528 divinus
2393 4464 2746 4544 Polyeuctus
2797 4462 2928 4552 ejus
2957 4461 3142 4522 animi
3195 4463 3375 4525 veluti
3407 4466 3631 4528 faciens

257 4551 422 4608 πάλιν
493 4555 522 4608 ὁ
591 4556 736 4616 θεῖος
804 4553 1154 4629 Πολύευκτος,
1211 4556 1392 4634 ὥσπερ
1469 4557 1900 4636 ἀποπειρώμενος

1991 4557 2342 4636 periculum.
2379 4555 2531 4628 Quid
2557 4552 2727 4614 vero?
2757 4551 2991 4631 inquit;
3025 4570 3224 4613 annon
3256 4555 3632 4636 concupiscis

259 4644 420 4700 αὑτοῦ
479 4646 577 4708 τῆς
649 4643 892 4722 γνώμης·
955 4645 1014 4702 Τί
1065 4643 1142 4716 δὲ,
1216 4650 1310 4704 οὒκ
1363 4646 1558 4724 ὀρέγει,
1623 4651 1750 4724 ἔφη,
1813 4653 1906 4703 τοῦ

259 4734 523 4808 παρόντος
580 4731 726 4790 τοῦδε
759 4756 840 4790 σοι
897 4734 1246 4810 ἀξιώματος;
1309 4738 1404 4793 Καὶ
1457 4739 1483 4792 ὁ
1546 4737 1786 4816 Νέαρχος
1848 4736 1908 4792 ἐκ

259 4822 474 4898 καρδίας
557 4829 723 4878 ταῦτα
792 4825 879 4879 καὶ
941 4827 1034 4882 οὐκ
1116 4826 1188 4887 εἰς
1260 4826 1555 4894 ἀπόπειραν
1628 4825 1905 4901 προελθεῖν

259 4913 483 4982 νοήσαςο
563 4910 806 4989 Ἀγνοεῖν
865 4933 956 4988 μοι
1019 4913 1219 4988 ἔοικας,
1282 4914 1407 4994 ἔφη,
1465 4914 1786 4993 Πολύευκτε,
1845 4916 1906 4970 τὸ

257 5002 454 5068 ἀληθὲς
516 5001 569 5057 ἓν
627 5009 838 5080 Χριστῷ
919 5001 1146 5078 ἀξίωμα,
1206 5004 1291 5059 καὶ
1371 5005 1468 5070 τὴν
1539 5004 1664 5077 παρ’
1725 5003 1908 5077 ἐκείνῳ

257 5090 434 5171 δόξαν,
463 5095 557 5147 καὶ
620 5091 722 5159 τὴν
751 5092 824 5155 εἷς
871 5090 1120 5148 οὐδέποτε
1151 5092 1458 5168 παυόμένην
1515 5093 1904 5170 μακαριότητα.

260 5181 412 5238 Οὕτω
490 5181 670 5256 μέντοι
757 5183 894 5247 ἦσαν
978 5180 1466 5260 κοινολογούμενοι,
1524 5183 1610 5238 καὶ
1684 5182 1908 5262 φανερὰν

260 5270 517 5338 ἀλλήλοις
549 5273 644 5338 τὴν
677 5271 876 5327 ἑαυτῶν
905 5272 1126 5350 γνώμην
1157 5271 1455 5335 ποιοῦντες,

340 5364 426 5424 Ζ’,
471 5359 798 5422 Πολύευκτος
827 5359 882 5415 δὲ
930 5363 956 5417 ὁ
988 5360 1152 5425 καλὸς
1179 5364 1265 5417 καὶ
1325 5360 1490 5429 ἡδέως
1549 5359 1601 5416 δέ
1632 5363 1760 5437 πρὸς
1813 5362 1906 5416 τὸν

263 5454 406 5534 φίλον
465 5457 553 5510 καὶ
608 5453 902 5532 χαριέντως
962 5453 1154 5510 ἐθέλων
1209 5455 1402 5508 εἰπεῖν·
1467 5456 1535 5512 Τὸ
1594 5453 1715 5532 μὲν,
1777 5453 1903 5532 ἔφη,

261 5547 446 5624 ἀγνοεν
502 5565 571 5619 με
629 5544 972 5607 ὺπώπτευσας
1039 5543 1138 5609 τὴν
1194 5544 1248 5598 ἐν
1315 5549 1524 5619 Χριστῷ
1578 5541 1756 5615 δόξαν,
1818 5543 1906 5598 καὶ

261 5637 359 5706 τήν
414 5632 538 5716 παρ’
571 5633 752 5706 ἐκείνῳ
811 5632 1203 5712 μακαριὸττ,τα’
1249 5632 1357 5710 ἐγὼ
1401 5631 1452 5688 δὲ
1513 5633 1598 5688 καὶ
1629 5633 1728 5711 πρὸ
1785 5638 1902 5705 σοῦ,

1988 4647 2302 4724 hanc,quze
2320 4647 2490 4708 adest
2521 4643 2648 4722 tibi,
2683 4641 3061 4722 dignitatem?
3094 4643 3401 4707 Nearchus
3429 4656 3628 4709 autem

1990 4737 2335 4798 existimans
2373 4736 2498 4795 haec
2529 4734 2600 4794 ab
2634 4751 2703 4794 eo
2759 4732 2879 4793 dici
2909 4752 2977 4794 ex
3013 4733 3232 4805 animo,
3265 4743 3324 4797 et
3354 4755 3473 4797 non
3505 4741 3632 4816 ejus

1992 4825 2254 4886 tentandi
2286 4827 2495 4903 gratia:
2525 4819 2782 4895 Videris,
2820 4823 3029 4902 inquit,
3057 4825 3270 4898 mihi,o
3293 4824 3630 4907 Polyeucte,

1988 4914 2263 4993 ignorare
2297 4933 2492 4974 veram
2529 4915 2582 4974 in
2617 4911 2850 4975 Christo
2883 4913 3317 4992 dignitatem,et
3347 4936 3474 4976 eam
3501 4936 3633 4998 qua:

1991 5015 2080 5064 est
2107 5005 2260 5084 apud
2294 5004 2458 5064 illum
2492 5003 2766 5081 gloriam.
2805 5011 2862 5062 et
2893 5021 3024 5083 quas
3081 5022 3381 5081 nunquam
3415 5016 3626 5080 cessat,

1990 5092 2444 5155 beatitudinem.
2475 5091 2570 5153 Sic
2629 5091 2868 5171 quidem
2930 5093 3088 5155 inter
3127 5113 3190 5156 se
3248 5095 3632 5158 conferebant

1989 5200 2320 5261 sermones,
2357 5190 2414 5242 et
2442 5181 2555 5242 sibi
2586 5180 2841 5241 invicem
2893 5199 3058 5243 suam
3106 5185 3454 5264 aperiebant
3484 5204 3627 5247 sen-

1993 5273 2257 5333 tentiam.

2045 5360 2462 5442 VlLEgregius
2485 5371 2680 5422 autem
2695 5360 3049 5441 Polyeuctus
3065 5363 3329 5441 jucunde
3350 5374 3407 5425 et
3433 5363 3629 5444 lepide

1991 5451 2193 5510 volens
2217 5450 2435 5530 aliquid
2470 5451 2662 5511 amico
2695 5450 2935 5512 dicere:
2972 5449 3062 5510 Tu
3085 5451 3323 5531 quidem
3355 5453 3632 5535 suspica-

1990 5539 2173 5614 beris,
2200 5541 2518 5622 inquit,:ne
2549 5541 2822 5619 ignorare
2855 5558 3152 5621 eam,quae
3174 5551 3262 5602 est
3289 5545 3345 5602 in
3367 5543 3628 5627 Christo,

1988 5630 2197 5710 gloria,
2233 5638 2290 5693 et
2312 5650 2441 5713 quae
2473 5639 2558 5691 est
2601 5631 2754 5712 apud
2791 5630 2979 5691 illum.
3022 5631 3472 5698 beatitudinem.
3511 5633 3630 5717 Ego
