4094 6196
448 292 567 362 423
1729 296 2010 364 MENSIS
2061 301 2091 364 Ι

2179 295 2511 367 iUARIUS.
3711 289 3829 360 424

450 441 715 509 autem,o
739 428 1245 511 Nearche,videor
1263 442 1320 496 te
1345 433 1814 515 praecessisse,et
1833 439 2092 516 impera-

2182 436 2416 515 Νέαρχε,
2481 435 2731 515 φαίνομαι
2793 434 3096 512 προκόψας,
3142 434 3226 491 καὶ
3287 432 3589 508 βασιλικὴν,
3651 429 3832 508 ὥσπερ

450 524 690 600 toriam,
719 533 783 584 ut
807 524 951 604 scis,
974 532 1034 586 et
1054 524 1356 586 caelestem
1389 523 1758 604 chlamydem
1791 524 2093 604 accepisse

2183 526 2364 605 οἶσθα,
2417 522 2666 605 χλαμύδα
2724 526 2812 580 καὶ
2871 522 3112 600 οὐρανίαν
3156 521 3222 578 δι’
3281 519 3670 596 ἀποκαλύψεως
3727 542 3830 577 κο-

451 631 561 692 per
591 612 1040 676 revelationem.
1077 613 1192 676 Sed
1230 622 1428 674 tamen
1459 612 1591 674 volo
1626 631 1694 675 ex
1727 621 1784 675 te
1809 614 2093 676 sciscitari

2183 615 2501 690 μισάμενος.
2567 612 2712 681 [ιλῆν
2778 611 2917 668 ἀλλά
2977 613 3235 688 βούλομαί
3302 634 3359 668 σε
3402 611 3489 668 καὶ
3533 631 3831 686 πνευματιυ

453 702 687 783 aliquod
713 710 886 782 caput
908 703 1189 782 spiritale.
1231 700 1459 764 Vereor
1481 702 1641 764 enim
1672 703 1845 778 me,si
1877 703 2100 785 absque

451 797 828 850 sacramentis
854 801 910 850 et
939 796 1225 866 mysteriis
1257 795 1596 852 accesserim
1621 795 1688 851 ad
1722 794 2096 863 Servatorem,

452 877 504 936 ei
529 876 732 937 videar
753 877 999 939 minime
1018 888 1323 961 acceptus,
1355 889 1412 941 et
1442 880 1722 961 indignus
1739 880 1843 960 qui
1875 881 2101 943 referar

451 965 513 1026 in
545 983 856 1028 numerum
887 968 1016 1047 ejus
1051 969 1328 1031 militum.
1369 972 1684 1050 Postquam
1720 971 1846 1032 haec
1877 972 2100 1033 audivit

451 1055 790 1129 Nearchus,
825 1064 1017 1119 statim
1043 1059 1253 1140 surgit,
1279 1068 1336 1121 et
1368 1060 1560 1121 evadit
1590 1059 1789 1120 animo
1819 1062 2012 1122 acrior
2042 1071 2098 1122 et

448 1145 904 1207 vehementior:
941 1155 997 1207 et
1029 1148 1284 1209 amicum
1321 1148 1528 1230 incipit
1557 1167 2102 1231 recreare,promp-

451 1235 708 1316 tiorique
729 1245 786 1296 et
816 1237 1092 1299 alacriori
1125 1238 1324 1300 animo
1359 1257 1492 1300 eum
1514 1238 1770 1301 reddere
1793 1239 1864 1300 ad
1885 1239 2104 1302 Christi

449 1326 656 1399 ﬁdem,
680 1326 915 1389 dicens:
947 1326 1146 1404 Nulla,
1173 1349 1206 1390 ο
1231 1329 1614 1404 amicissime,
1650 1329 1724 1388 sit
1751 1329 1852 1390 tibi
1885 1330 1960 1390 de
1993 1330 2102 1391 hac

448 1433 515 1476 re
544 1413 853 1477 dubitatio.
887 1416 1184 1497 Scriptum
1221 1426 1308 1478 est
1335 1419 1490 1478 enim
1517 1435 1690 1498 posse
1705 1416 1888 1478 Deum
1915 1417 2001 1478 Vel
2034 1437 2102 1479 ex

447 1504 542 1585 his
564 1503 858 1584 lapidibus
877 1506 1166 1568 suscitare
1194 1506 1345 1568 ﬁlios
1366 1505 1640 1568 Abrahae.
1674 1506 1840 1579 Quod
1865 1507 2100 1587 quidem

449 1593 589 1674 quid
625 1603 714 1655 est
743 1594 928 1669 aliud,
957 1613 1134 1672 quam
1169 1596 1305 1675 hoc,
1341 1615 1516 1676 posse
1547 1597 1722 1657 etiam
1751 1597 2002 1674 gentiles
2033 1615 2101 1658 ex

2181 705 2275 762 κόν
2345 727 2394 760 τι
2457 703 2660 777 ἐρέσθαι
2730 701 3041 782 κεφάλαιον
3106 701 3313 759 δέδοικα
3383 701 3483 778 γὰρ
3552 700 3630 774 μὴ
3706 697 3831 754 ἄνευ

2180 793 2409 850 τελετῶν
2482 814 2540 848 τε
2604 792 2692 848 καὶ
2747 792 3048 868 μυστηρίων
3107 789 3406 867 προτελθὼν
3476 795 3552 862 τῷ
3615 792 3830 865 Σωτῆρι

2181 880 2537 961 ἀπρόσδεκτος
2568 880 2782 959 ὀφθείην
2829 883 2992 959 αὐτῷ,
3045 881 3130 937 καὶ
3172 884 3268 939 οῦκ
3322 878 3460 944 ἄξιος
3519 877 3637 934 τοῖς
3683 877 3828 933 ἐκεί-

2181 995 2271 1032 νου
2329 969 2814 1050 συγκαταλέγεσθαι
2873 969 3240 1049 στρατιώταις.
3304 975 3478 1025 Ταῦτα
3531 969 3604 1030 ὡς
3659 965 3829 1033 ἤκου-

2183 1084 2271 1118 σεν
2331 1064 2357 1118 6
2393 1061 2661 1141 Νέαρχος,
2698 1061 2839 1122 εὐθύς
2902 1081 2957 1115 τε
2990 1058 3335 1130 διανίσταται,
3369 1060 3455 1112 καὶ
3513 1056 3829 1132 θερμότερος

2183 1151 2281 1217 τὴν
2355 1150 2538 1224 ψυψὴν
2611 1149 2834 1226 γίνεται,
2895 1150 2981 1203 καὶ
3054 1150 3142 1202 τὸν
3215 1145 3363 1226 φίλον
3438 1142 3828 1216 ἀναλαμϐάνειν

2184 1239 2435 1318 ἄρχεται,
2506 1239 2591 1294 καὶ
2651 1237 3037 1314 προθυμότερον
3115 1237 3230 1314 περὶ
3291 1237 3387 1304 τὴν
3445 1243 3536 1291 τοῦ
3602 1241 3832 1310 Χριστοῦ

2184 1329 2359 1384 πίστιν
2417 1325 2722 1383 διατιθέναιο
2786 1325 2994 1400 μηδεὶς,
3055 1327 3100 1382 ὦ
3170 1325 3409 1402 φίλτατε,
3469 1323 3660 1401 λέγων,
3709 1345 3825 1396 μη-

2183 1416 2284 1482 δεὶς
2341 1416 2478 1474 ἔστω
2548 1439 2630 1472 σοι
2702 1418 2818 1495 περὶ
2887 1417 3073 1471 τςηύτου
3144 1413 3453 1493 δισταγμός³
3533 1413 3829 1492 γέγραπται

2184 1507 2284 1584 γὰρ
2337 1505 2554 1562 δυνατὸν
2586 1507 2728 1562 εἶναι
2771 1509 2848 1579 τῷ
2881 1512 2994 1578 Θεῷ
3038 1506 3122 1560 καὶ
3180 1504 3238 1559 ὲκ
3269 1511 3374 1559 τῶν
3431 1502 3587 1560 λίθων
3630 1502 3831 1559 τούτων

2184 1596 2386 1673 ἐγεῖραι
2430 1596 2587 1652 τέκνα
2645 1601 2721 1667 τῷ
2762 1593 3027 1669 Ἀϐρααμ.
3088 1593 3259 1666 ’Ὅπερ
3316 1594 3365 1648 τί
3408 1591 3538 1649 ἄλλο
3586 1593 3620 1659 ἢ
3670 1599 3829 1648 τοῦτο

448 1682 749 1761 insperato
781 1683 1031 1746 salutem
1063 1685 1322 1765 assequi,
1352 1693 1405 1746 et
1443 1703 1575 1746 esse
1608 1684 1824 1746 milites
1856 1683 2093 1748 Christi?

2185 1687 2316 1757 ἐστὶ,
2351 1686 2410 1741 τὸ
2461 1682 2511 1749 ἐξ
2568 1683 2881 1740 ἀνελπίστου
2939 1683 3032 1739 καί
3078 1685 3197 1748 τοὺς
3271 1681 3320 1748 ἐξ
3365 1681 3523 1738 ἐθνῶν
3582 1678 3830 1754 δύνασθαι

447 1773 596 1834 Nam
630 1772 931 1849 omnibus,
970 1783 1035 1834 ut
1075 1774 1262 1836 semel
1298 1774 1518 1848 dicam,
1551 1781 1751 1854 aperta
1807 1783 1894 1834 est
1933 1783 2098 1852 porta

449 1861 612 1924 cmli:
644 1861 789 1924 nulli
815 1864 1060 1925 omnino
1083 1882 1150 1925 ex
1177 1864 1456 1926 omnibus
1478 1865 1752 1925 occlusus
1784 1871 1872 1925 est
1893 1865 2098 1927 salutis

447 1950 666 2014 aditus.
696 1950 1094 2023 Quamobrem
1131 1956 1176 2014 is
1198 1971 1436 2034 quoque
1467 1954 1567 2034 qui
1600 1953 2089 2032 credit,magnam

444 2046 683 2116 recipiet
704 2046 1020 2104 mercedem
1047 2061 1236 2118 parvae
1259 2046 1416 2104 illius
1439 2046 1911 2117 ﬁdeiPropterea
1935 2049 2092 2104 enim

445 2129 519 2190 iis
540 2147 799 2210 quoque,
826 2128 925 2210 qui
949 2131 1137 2210 prima
1159 2139 1215 2192 et
1240 2131 1410 2192 tertia
1433 2139 1489 2191 et
1517 2149 1669 2193 nona
1702 2131 1844 2192 hora
1885 2149 2091 2194 acces-

445 2228 652 2280 serunt
699 2218 768 2280 ad
805 2220 1060 2292 vineam,
1097 2219 1341 2300 aequalis
1388 2237 1619 2282 merces
1671 2220 2090 2284 decernitur‘.

447 2306 1116 2380 Quamobrem,etiamsi
1149 2311 1277 2389 ipse
1302 2310 1504 2370 tardus
1529 2310 1852 2371 accesseris
1870 2310 2094 2372 eadem

444 2416 575 2478 qua:
598 2396 773 2477 primi
808 2398 1048 2477 prasmia
1071 2399 1478 2480 consequeris.
1513 2400 1597 2460 Ad
1625 2400 1749 2460 haec
1771 2399 1943 2461 divus
1977 2401 2096 2462 Po-

440 2489 1000 2562 lyeuctus,tanquam
1029 2490 1154 2562 ejus
1174 2491 1444 2548 subiisset
1475 2493 1730 2549 animum
1757 2492 2094 2550 recordatio.

440 2571 557 2635 Per
581 2573 915 2647 veritatem,
941 2574 1153 2654 inquit,
1191 2573 1458 2636 Nearche
1479 2575 1865 2646 amicissime,
1903 2575 2096 2637 audivi

441 2662 767 2744 aliquando
825 2665 1080 2726 latenter
1111 2673 1167 2725 te
1198 2665 1418 2745 aliquid
1453 2665 1752 2744 ejusmodi
1798 2665 2092 2742 legentem

441 2771 512 2815 ex
573 2752 771 2813 divina
803 2755 1126 2832 scriptura,
1163 2755 1320 2833 quod
1355 2773 1479 2827 eos,
1517 2756 1616 2833 qui
1677 2773 1850 2814 unam
1886 2755 2088 2816 horam

443 2852 644 2905 essent
697 2843 946 2922 operati,
987 2843 1198 2919 aequali
1252 2843 1523 2905 Christus
1557 2844 1906 2905 honorasset
1950 2861 2092 2923 por-

443 2931 607 2993 tione
669 2931 762 3007 iis,
799 2932 899 3012 qui
955 2932 1380 2994 sustinuissent
1442 2939 1624 2991 totum
1681 2941 1888 2992 aestum
1948 2932 2090 2993 diei.

2181 1775 2436 1843 σωθῆναι,
2473 1775 2559 1828 καὶ
2619 1780 2942 1850 στρατιῶται
2998 1774 3322 1841 καταστῆναι
3369 1777 3644 1850 Χριστοῦ;
3711 1772 3830 1826 επεὶ

2179 1867 2265 1921 καὶ
2322 1869 2483 1919 πᾶσιν
2543 1861 2726 1926 ἁπλῶς
2785 1864 2819 1929 ἡ
2879 1862 3112 1938 οὐράνιος
3147 1861 3388 1928 ἤνοικται
3447 1858 3611 1932 πύλη,
3651 1855 3826 1915 οὐδενί

2179 1960 2284 2011 τῶν
2343 1952 2556 2008 πάντων
2586 1952 2621 2019 ἡ
2665 1956 2762 2018 τῆς
2798 1950 3062 2028 σωτηρίας
3119 1949 3533 2008 ἀποκέκλεισται
3590 1945 3823 2012 εἴσοδος.

2173 2043 2334 2102 ’Ὅθεν
2378 2042 2464 2096 καὶ
2513 2043 2539 2096 6
2571 2041 2831 2096 πιστεύων
2878 2039 3043 2096 πολὺν
3098 2042 3189 2096 τὸν
3241 2041 3431 2115 μισθὸν
3461 2039 3555 2106 τῆς
3611 2042 3818 2116 μακρᾶς

2176 2131 2392 2194 ἐκείνοις
2467 2131 2694 2194 πίστεως
2774 2131 3074 2205 κομίσεται.
3142 2134 3240 2186 Δια
3297 2136 3460 2185 ταῦτα
3519 2127 3617 2205 γὰρ
3695 2139 3816 2190 τοῖς

2176 2222 2394 2298 πρώτην
2453 2223 2537 2274 καὶ
2603 2223 2806 2297 τρίτην,
2867 2217 3029 2286 ἕκτην
3113 2240 3161 2274 τε
3231 2219 3317 2273 καὶ
3383 2217 3604 2282 ἐννάτην
3679 2215 3821 2293 ὥραν

2177 2309 2490 2388 προελθοῦσι
2549 2315 2624 2382 τῷ
2705 2305 2980 2382 ἀμπελῶνι
3053 2307 3169 2363 κατ’
3225 2306 3352 2363 ’ίσαν
3434 2305 3730 2384 ἀφορίζεται
3789 2304 3820 2358 6

2180 2403 2391 2474 μισθὸς,
2449 2397 2586 2455 ὥστε
2638 2396 2734 2452 κᾶν
2791 2395 3024 2473 βραδέως
3097 2397 3252 2458 αὐτὸς
3338 2393 3652 2474 προσέλθῃς,
3711 2397 3818 2448 τῶν

2181 2492 2350 2546 αὐτῶν
2409 2500 2523 2550 τοῖς
2583 2487 2810 2563 πρώτοις
2882 2485 3142 2561 ἐξιωθήσῃ
3213 2486 3404 2562 γερῶν,
3468 2485 3602 2560 Πρὸς
3655 2489 3820 2538 ταῦτα

2181 2583 2207 2635 6
2265 2582 2407 2641 θεῖος
2488 2575 2813 2636 Πολύευκτος
2887 2574 3065 2651 ὥσπερ
3138 2576 3441 2648 ἀναμνῆσαι
3499 2571 3818 2650 βουλόμενος

2179 2669 2358 2724 αὐτόν’
2414 2668 2493 2733 Νὴ
2536 2666 2633 2732 τὴν
2690 2665 2961 2736 ἀλήθειαν,
2996 2667 3041 2719 ὦ
3093 2663 3332 2744 φίλτατε,
3393 2662 3517 2742 ἔφη,
3580 2663 3818 2740 Νέαρχε,

2177 2756 2380 2824 ἤκουσά
2437 2756 2528 2811 σού
2586 2775 2714 2810 ποτε
2768 2753 3068 2820 λεληθότως
3127 2753 3365 2809 τοιοῦτόν
3422 2774 3471 2807 τι
3531 2750 3625 2818 τῆς
3675 2751 3817 2811 θείας

2178 2851 2385 2924 γραφῆς
2438 2843 2990 2921 ὑπαναγινώσκοντς-ς,
3053 2843 3132 2900 ὅτι
3189 2855 3303 2907 τοῖς
3364 2844 3454 2898 τὸν
3513 2839 3636 2898 ὅ).ον
3681 2840 3816 2895 καύ-

2179 2957 2321 2991 σωνα
2377 2932 2472 3000 τῆς
2543 2932 2742 3010 ἡμέρας
2813 2932 3246 3008 ὑπομεμνηκόσι,
3305 2933 3426 2994 τοὺς
3497 2931 3620 3006 μίαν
3675 2927 3816 3005 ὥραν

443 3019 748 3082 Nearchus
782 3030 1002 3082 autem:
1037 3020 1210 3081 Multa
1241 3020 1720 3100 quoque,inquit,
1757 3039 1791 3082 ο
1822 3021 1908 3081 vir
1931 3039 2093 3099 egre-

2179 3020 2564 3102 ἐργασαμένους
2619 3024 2736 3100 περὶ
2803 3025 2902 3090 τὴν
2962 3023 3054 3080 τοῦ
3113 3025 3301 3098 μισθοῦ
3357 3020 3500 3076 δόσιν
3555 3018 3820 3094 ἷπομοιρίᾳ

443 3111 562 3191 gie,
598 3111 864 3172 invenies
909 3109 1205 3188 ejusmodi
1239 3109 1529 3187 exempla.
1594 3111 1749 3171 Ecce
1780 3112 1964 3186 enim,
1999 3117 2095 3171 in-

444 3201 589 3282 quit,
625 3201 798 3272 latro,
833 3200 933 3278 qui
990 3200 1097 3259 fuit
1127 3217 1260 3260 cum
1296 3197 1529 3259 Christo
1574 3198 1924 3271 cruciﬁxus,
1959 3218 2093 3261 cum

444 3288 974 3350 innumerabilium
1032 3304 1174 3348 reus
1205 3293 1362 3348 esset
1419 3286 1762 3364 criminum,
1797 3305 1904 3368 pro
1965 3307 2097 3350 mo-

445 3379 603 3458 dico,
641 3386 698 3438 et
749 3376 910 3436 brevi
943 3374 1121 3436 verba
1173 3394 1412 3454 magnas
1469 3375 1694 3437 invenit
1740 3395 2093 3440 remunera-

445 3466 639 3528 tiones
675 3483 688 3526 :
741 3473 800 3526 et
829 3482 962 3546 quae
993 3463 1192 3526 multis
1225 3465 1444 3526 emitur
1474 3464 1794 3527 sudoribus
1825 3467 1884 3526 in
1918 3485 2092 3546 para-

439 3555 569 3615 diso
603 3554 994 3625 conversatio,
1027 3552 1346 3614 admodum
1411 3554 1586 3616 facile
1617 3554 1690 3616 ab
1720 3574 1790 3616 eo
1829 3565 2084 3635 paratur.

438 3641 582 3704 Nam
613 3643 702 3703 vel
742 3661 919 3722 parva
953 3643 1100 3704 ﬁdes
1147 3652 1341 3724 potest
1375 3663 1620 3724 magnos
1650 3653 1884 3706 montes
1920 3654 2087 3707 tran-

439 3731 657 3796 sferre.

526 3822 668 3885 VlIl.
724 3821 862 3885 Haec
895 3841 1027 3884 cum
1079 3822 1314 3887 divinus
1369 3823 1656 3888 audiisset
1708 3824 2087 3905 Polyeuctus,

440 3917 643 3980 animo
703 3916 899 3978 statim
933 3916 993 3976 in
1046 3917 1230 3977 altum
1276 3917 1604 3989 extollitur,
1641 3925 1700 3978 et
1749 3927 1812 3980 ut
1843 3935 2092 3997 corpore

439 4008 652 4070 horum
678 4014 734 4068 et
759 4019 1135 4067 terrenornm
1161 4007 1426 4067 omnium
1455 4007 1627 4087 plane
1650 4006 1889 4081 oblitus,
1916 4006 2089 4069 Paci—

439 4093 859 4171 scamur,dicit
876 4095 1174 4170 Nearcho,
1209 4114 1316 4156 nos
1338 4096 1570 4156 ﬁrmius
1590 4105 1647 4157 et
1667 4096 1939 4158 stabilius
1960 4114 2088 4157 ser-

444 4193 676 4245 vaturos
697 4200 765 4243 ea
785 4201 915 4262 quae
936 4182 1061 4244 visa
1081 4183 1322 4244 fuerint.
1355 4183 1473 4262 Ego
1507 4185 1666 4246 enim
1689 4185 1868 4247 rebus
1889 4186 2094 4246 huma-

439 4272 535 4334 nis
558 4273 634 4334 de
659 4283 878 4336 caetero
903 4271 1585 4345 renuntiavi.Quodnam
1608 4282 1802 4336 autem
1836 4275 1910 4335 de
1929 4274 2094 4337 Chri-

439 4371 529 4424 sto
555 4380 662 4423 nos
695 4369 963 4440 oporteat
994 4361 1152 4422 ferre
1185 4362 1614 4431 testimonium,
1651 4365 1890 4443 planum
1923 4365 2086 4440 fecit,

2178 3114 2462 3188 τετίμηκεν
2519 3115 2546 3168 6
2579 3113 2824 3188 Χριστός,
2889 3103 2945 3170 Ὀ
2997 3111 3050 3167 δὲ
3104 3111 3369 3191 Νέαρχος·
3411 3112 3504 3168 Καὶ
3535 3109 3748 3186 ἐτέρων,
3780 3107 3817 3174 ἢ

2177 3203 2366 3283 βούλῃ,
2429 3202 2572 3282 ἔφη,
2633 3203 2896 3276 θαυμάσια
2973 3201 3186 3259 πολλῶν
3244 3201 3497 3258 τοιούτων
3576 3199 3816 3276 εὒρήσεις

2176 3292 2600 3370 ὑποδειγμάτων
2657 3292 2840 3348 αῦτίιια
2900 3293 2998 3370 γὰρ
3055 3295 3082 3346 ὁ
3134 3291 3510 3368 συσταυρωθεὶς
3555 3295 3628 3362 τῷ
3692 3293 3818 3342 Σω-

2177 3383 2298 3460 τῆρι
2358 3381 2563 3458 λῃστὴς
2618 3383 2819 3459 πορίοις
2873 3379 3206 3459 ἐγκλήμασιν
3265 3379 3452 3459 ἔνοχος
3508 3377 3604 3456 ὢν,
3641 3375 3819 3454 ὸλίγου

2177 3474 2265 3526 καὶ
2321 3471 2567 3551 βραχέως
2634 3472 2871 3548 ῥήματος
2946 3469 3184 3548 μεγάλας
3258 3471 3547 3547 εῦρίσκεται
3608 3463 3819 3522 ἀντιδό-

2177 3575 2309 3620 σειςο
2371 3563 2458 3616 καὶ
2516 3561 2550 3627 ἡ
2601 3559 2827 3624 πολλοῖς
2886 3557 3095 3637 ἱδρῶσιν
3151 3557 3308 3621 ὤνιος
3356 3565 3446 3614 τοῦ
3505 3553 3817 3635 παραδείσου

2175 3648 2415 3728 διαγωγὴ
2469 3649 2615 3724 μάλα
2651 3648 2836 3727 ῥαδίως
2897 3651 3036 3721 αὺτῷ
3081 3650 3366 3722 πορίζεται,
3411 3647 3523 3703 ἐπεὶ
3581 3645 3670 3702 καί
3716 3667 3811 3720 μισ

2173 3740 2273 3818 κρὰ
2315 3739 2488 3802 πίστις
2521 3737 2729 3816 μεγαλα
2757 3738 2854 3817 ὄρη
2886 3741 3135 3813 μεθιστᾷν
3165 3735 3404 3797 δύναται.

2255 3827 2342 3888 Η’.
2399 3829 2610 3886 Τούτων
2639 3825 2693 3882 δὲ
2749 3827 2977 3891 ἀκούσας
3009 3829 3035 3883 6
3087 3830 3230 3889 θεῖος
3287 3825 3636 3898 Πολύευκτος,
3672 3824 3817 3888 εὒθῦς

2174 3927 2453 3995 πτεροῦται
2507 3917 2606 3984 τὴν
2664 3919 2870 3995 ψυχὴν,
2904 3918 2990 3972 καὶ
3021 3919 3113 3972 οἴα
3171 3922 3277 3972 τῶν
3310 3920 3629 3991 σωματικῶν
3678 3913 3820 3969 ὅλων

2182 4009 2262 4066 καί
2319 4005 2676 4086 χαμαιζήλων
2735 4005 2906 4075 λήθην
2979 4004 3081 4073 ἤδη
3139 4007 3433 4083 καταγνοὺς
3494 4003 3815 4081 βαθυτάτην,

2175 4100 2500 4172 συνθώμεθα,
2556 4095 2699 4174 λέγει
2745 4102 2821 4170 τῷ
2879 4097 3153 4176 Νεάρχῳ,
3211 4093 3548 4172 βεϐαιότερον
3603 4095 3668 4150 τὰ
3738 4090 3820 4148 δεσ-

2176 4186 2407 4264 δογμὲνα
2465 4185 2710 4265 φυλάξαι.
2748 4184 2890 4261 Ἐγὼ
2945 4187 3044 4264 γάρ
3101 4198 3214 4250 τοῖς
3273 4185 3615 4262 ἀνθρωπίνοις
3673 4182 3816 4260 πρά-

2175 4299 2341 4356 γμασι
2413 4277 2473 4331 τὸ
2529 4274 2714 4330 λοιπὸν
2772 4274 3031 4332 ἀπεῖπον·
3089 4277 3150 4332 τὸ
3209 4272 3263 4330 δὲ
3320 4274 3433 4330 τίνα
3488 4275 3644 4349 ἡμῶν
3699 4271 3820 4350 περί

2179 4372 2402 4446 Χριστοῦ
2444 4369 2774 4442 μαρτυρῆσαι
2807 4361 2911 4438 δεῖ,
2951 4362 3113 4432 δῆλον
3161 4363 3265 4432 ἤδη
3309 4364 3600 4430 πεποίηκεν
3633 4363 3666 4430 ἡ
3730 4361 3818 4418 καί

440 4470 572 4532 qua:
606 4450 662 4511 id
699 4449 1016 4530 praescivit,
1051 4448 1250 4511 divina
1293 4451 1530 4514 Domini
1565 4452 1901 4514 clementia.
1939 4455 2090 4515 Ecce

2180 4463 2496 4535 προγνοῦσα,
2555 4456 2691 4533 φημὶ
2761 4455 2876 4531 περὶ
2958 4455 3166 4529 τούτου,
3225 4455 3336 4510 θεία
3403 4460 3492 4510 τοῦ
3547 4451 3816 4508 Δεσπότου

442 4541 631 4615 enim,
668 4559 700 4600 o
729 4538 1025 4614 Nearche,
1063 4557 1217 4614 eam,
1254 4558 1388 4620 qua;
1421 4549 1513 4602 est
1543 4541 1603 4602 in
1636 4542 1804 4602 cmlis
1835 4542 2095 4621 pulchri-

443 4629 716 4692 tudinem
747 4627 892 4690 milii
914 4628 1121 4690 visioni
1153 4629 1553 4708 apprehendit
1580 4631 1878 4708 cogitatio:
1915 4649 2092 4710 quam

446 4718 688 4799 quidem
721 4718 1024 4788 assistere.
1061 4726 1121 4779 et
1149 4717 1448 4780 Christum
1492 4718 1664 4780 video
1696 4726 1832 4781 ante
1864 4721 2090 4801 oculos,

443 4814 501 4870 et
531 4807 856 4887 splendore
886 4807 1018 4886 ejus
1038 4807 1280 4868 visionis
1310 4807 1456 4868 mihi
1488 4809 1678 4868 vultus
1699 4808 2090 4871 illuminatur.

448 4898 562 4960 Sed
583 4897 707 4975 jam
737 4906 968 4976 tempus
992 4903 1080 4957 est
1107 4897 1305 4975 legere
1328 4897 1573 4977 impium
1603 4898 1860 4960 edictum
1896 4900 2092 4980 impe-

445 4996 737 5058 ratorum,
772 4994 830 5046 et
853 4994 1016 5048 recte
1046 4985 1200 5047 scire
1231 4986 1512 5065 quidnam
1547 4986 1686 5050 velit
1733 5007 1839 5049 nos
1871 4988 2088 5051 facere.

444 5076 542 5139 Sic
595 5076 746 5138 dixit
781 5098 793 5134 :
831 5094 1093 5151 cumque
1126 5076 1184 5136 id
1246 5076 1600 5158 accepisset,
1636 5077 1906 5156 perlegit,
1939 5079 2095 5140 inter

439 5163 759 5244 legendum
795 5165 1069 5244 conspuit
1105 5181 1117 5226 :
1183 5172 1242 5224 et
1273 5182 1406 5226 cum
1441 5164 1498 5225 id
1534 5165 1594 5226 in
1625 5166 1809 5228 frusta
1869 5165 2092 5230 minuta

438 5253 1044 5332 confregisset,ventis
1066 5253 1627 5316 mandavit.Deinde
1649 5255 1736 5316 sic
1767 5273 2089 5317 conversus

439 5343 598 5405 videt
623 5343 786 5406 idola
817 5360 948 5423 qua;
979 5341 1383 5423 portabantur,
1410 5352 1469 5404 et
1497 5361 1531 5404 a
1563 5344 1760 5405 stultis
1786 5344 2090 5408 adoranda

438 5431 891 5496 deducebantur
924 5430 994 5494 ad
1025 5449 1182 5495 aras.
1218 5430 1360 5504 Quae
1401 5449 1534 5494 cum
1559 5432 2000 5513 jucundissime
2028 5443 2092 5502 et

525 5595 541 5644 ι
579 5594 787 5656 Μαιτιι.
824 5613 918 5670 xx,
958 5596 1014 5656 1.
1053 5611 1223 5674 ειηιι.

2179 4545 2562 4626 φιλανθρωπία.
2624 4540 2754 4600 ἰδοὺ
2798 4544 2896 4621 γὰρ
2951 4543 3088 4618 ἐμοὶ,
3145 4543 3379 4622 Νέαρχε,
3431 4543 3497 4597 τὰ
3539 4541 3593 4597 ἐν
3651 4545 3813 4618 οὖρα-

2179 4649 2291 4700 νοῒς
2349 4633 2524 4700 κάλλη
2555 4633 2870 4713 φαντάζεται
2915 4635 2948 4701 ἡ
3005 4632 3231 4708 διάνοια,
3265 4633 3357 4690 ο⁹ἶα
3414 4631 3469 4688 δέ
3527 4654 3617 4705 μοι
3674 4653 3814 4710 παρ·-

2177 4745 2404 4797 εστωτα,
2464 4724 2552 4778 καὶ
2606 4722 2696 4776 τὸν
2753 4730 2973 4800 Κριστὸν
3027 4724 3127 4800 πρὸ
3183 4725 3287 4777 τῶν
3343 4719 3628 4800 ὀφθαλμῶν
3684 4721 3812 4795 ὁρῶ,

2177 4815 2263 4869 καὶ
2319 4811 2387 4886 τῇ
2443 4811 2538 4878 τῆς
2583 4809 2760 4886 ὅψεως
2818 4813 2978 4869 αὐτοῦ
3032 4813 3356 4890 μαρμαρυγῇ
3412 4811 3471 4866 τό
3529 4809 3813 4887 πρόσωπον

2176 4903 2621 4974 καταλάμπομαι.
2655 4899 2800 4968 Πλὴν
2842 4901 2953 4978 ὥρα
3001 4899 3104 4968 ἤδη
3162 4903 3248 4956 καὶ
3281 4908 3356 4976 τῷ
3409 4898 3588 4964 δυσϐὲς
3645 4899 3815 4974 πρόσο

2175 5012 2356 5068 ταγμα
2398 4997 2503 5046 τῶν
2561 4987 2822 5063 βασιλέων
2881 4989 3287 5068 ἀναγινώσκειν,
3348 4992 3434 5044 καὶ
3489 4989 3518 5044 ’ὁ
3573 4986 3814 5064 βούλεται

2176 5083 2424 5159 πράττειν
2499 5081 2642 5154 ἡμᾶς
2713 5076 2938 5157 ἀκριϐῶς
3008 5077 3218 5138 εἰδέναι.
3293 5077 3470 5145 Οὕτως
3540 5075 3640 5156 ἔψη
3719 5074 3814 5132 καί

2174 5170 2351 5227 λαϐὼν
2421 5169 2607 5246 ἀπῄει,
2667 5165 2874 5225 διέπτυέ
2943 5190 3002 5225 τε
3088 5167 3494 5245 ἀναγινώσκων,
3554 5168 3683 5243 πρὸς
3761 5163 3815 5220 δέ

2173 5269 2336 5317 ταῦτα
2394 5259 2480 5313 καὶ
2537 5255 2706 5312 λεπτά
2758 5255 3032 5336 διαρῤἧξας
3092 5255 3271 5337 αὔραις
3323 5254 3521 5313 ὶδίδοω
3555 5251 3660 5311 εἶθ’
3717 5252 3816 5310 οῦ-

2171 5371 2276 5412 τως
2350 5346 2681 5426 ἐπίστραφείς
2759 5344 2947 5402 είδωλα
3017 5348 3113 5425 ὁρᾷ
3182 5343 3657 5420 διαϐασταζόμενα,
3742 5344 3817 5408 εἷς

2171 5437 2523 5517 προσκύνησίν
2583 5457 2636 5492 τε
2707 5449 2825 5500 τοῖς
2884 5435 3130 5507 ἀνοήτοις
3197 5435 3338 5517 παρᾶ
3402 5437 3524 5500 τοὺς
3600 5434 3819 5514 βωμοὺς
