4094 6196
291 321 416 390 425

1585 322 1771 392 VITA
1817 328 1876 390 S.
1931 318 2388 394 POLYEUCTI.

3554 335 3671 403 426

292 461 639 538 ἆπαγόμενα,
700 449 792 515 Ὧν
851 459 994 536 μάλα
1052 460 1176 528 ἡδὺν
1235 463 1328 518 καὶ
1383 463 1577 539 θερμὸν
1606 464 1697 518 τὸν
1727 461 1939 538 γέλωτα

2032 463 2547 526 vehementissime
2577 463 2834 542 risisset,
2872 467 3036 546 prius
3067 467 3306 549 quidem
3337 469 3576 535 simulat
3607 492 3671 536 se

292 555 632 627 καταῖςύσας,
679 551 934 627 πρότερον
977 551 1076 624 μὲν
1133 551 1317 612 αύτοῖς
1376 553 1704 628 ὕποκρίνεταυ
1765 575 1933 627 προσ-

287 637 473 694 ελθεῖν
525 641 839 718 προθύμως,
907 643 1028 695 εἶτα
1101 639 1218 696 καθ’
1275 639 1330 695 ἓν
1385 640 1567 697 ἐκεῖνα
1623 638 1934 719 λαμϐάνων,

284 729 379 782 καὶ
423 732 503 788 εἷς
564 730 668 806 γῆν
727 731 870 789 αὖθις
927 730 1312 803 προσαράστων
1384 729 1555 784 πάντα
1614 732 1750 803 ὸμοῦ
1806 752 1935 784 συν·

283 815 496 891 ἐτριψε,
530 820 619 873 καὶ
647 819 719 881 εἷς
751 818 955 884 λεπτὴν
985 818 1132 874 ἔθετο
1161 818 1332 880 κόνιν,

371 905 464 966 Θ¹.
511 912 692 980 Τούτῳ
723 907 810 962 οὖν
844 910 1146 984 γενομένων
1180 910 1206 962 ὁ
1252 905 1515 974 κηδεστὴς
1564 910 1722 964 αὗτοῦ
1772 929 1935 984 προσ-

280 993 458 1051 ελθὼν
501 995 671 1062 Φῆλιξ
828 999 927 1074 γὰρ
958 998 1059 1051 ὐπὸ
1091 1002 1196 1052 τῶν
1252 996 1515 1072 βασιλέων
1565 995 1664 1064 ἤδη
1709 995 1936 1062 διώκτης

278 1088 663 1163 κατασταθεὶς)
696 1088 782 1141 καὶ
812 1084 935 1141 ἰδὼν
968 1085 1000 1140 ἂ
1062 1085 1386 1145 Πολύευκτος
1450 1086 1754 1164 εἴργασται,
1801 1085 1938 1142 πάνυ

279 1172 693 1248 ἀποδυσπετῶν,
727 1182 833 1231 ψεῦ
869 1179 880 1232 !
918 1176 1160 1247 ἄτεκνος,
1194 1175 1369 1253 ἔλεγε,
1404 1176 1711 1230 καθίσταται
1740 1173 1935 1253 Φῆλιξ,

283 1266 380 1319 καὶ
423 1267 451 1318 ὁ
497 1264 751 1340 πρότερον
802 1265 854 1317 ἐν
890 1267 1037 1320 παισὶ
1094 1263 1444 1340 περίϐλεπτος
1503 1265 1749 1344 ἐξαίφνης
1811 1267 1940 1319 ante»

287 1354 446 1407 κνίαν
476 1353 581 1429 ἐγὼ
609 1352 854 1433 Sintula)
890 1373 903 1386 ·
937 1352 1104 1416 ούὸεὶς
1143 1354 1466 1413 Πολύευκτον
1497 1355 1614 1410 οὕτε
1643 1358 1777 1410 θεῶν
1821 1353 1936 1410 ούτε

290 1443 584 1518 ἀνθρώπων
647 1442 863 1511 ἐλεῆσαι
920 1441 1176 1522 δύναται,
1240 1453 1458 1500 τοιαῦτα
1538 1442 1932 1517 τετολμηκότα,

690 1533 983 1608 ἡμετέρους
1063 1535 1212 1594 θεοὺς
1315 1534 1690 1610 συντρίψαντα.
1800 1534 1932 1609 Πρὸς

287 1627 463 1676 ταῦτα
519 1620 571 1675 δὲ
620 1627 647 1677 ὸ
703 1626 846 1680 θεῖος
907 1622 1259 1693 Πολύευκτος,
1321 1622 1499 1694 ὥσπερ
1546 1629 1618 1693 τῷ
1662 1622 1936 1698 γενομένῳ

286 1708 502 1784 μᾶλλον
559 1711 1001 1786 ὲπικαυγώειενος
1086 1709 1358 1786 (τοσοῦτον
1429 1712 1527 1786 γὰρ
1586 1710 1787 1788 ἀπεῖχε
1844 1719 1938 1768 τοῦ

289 1534 384 1586 καὶ
469 1534 588 1595 τοὺς

2024 561 2294 632 prompto
2323 561 2381 614 et
2409 554 2587 615 alacri
2621 557 2821 617 animo
2853 557 2923 616 ad
2983 574 3051 618 ea
3093 559 3403 620 accedere.
3438 561 3670 623 Deinde

2024 641 2258 702 illorum
2293 643 2521 721 singula
2575 645 2896 725 accipiens,
2933 655 2990 706 et
3039 646 3308 725 protinus
3338 649 3506 711 humi
3531 651 3668 713 alli-

2022 729 2195 805 dens,
2219 732 2394 792 simul
2419 733 2693 794 contrivit
2717 735 3006 812 omnia,et
3031 735 3257 814 redegit
3290 738 3347 798 in
3380 739 3665 804 subtilem

2022 820 2348 899 pulverem.

2101 907 2310 971 lX.His
2335 928 2475 989 ergo
2506 913 2695 985 factis,
2733 932 2865 974 cum
2900 915 3029 991 ejus
3059 933 3233 976 socer
3261 917 3519 978 venisset
3547 920 3665 981 Fe-

2022 997 2124 1072 lix,
2157 998 2344 1059 fuerat
2363 1000 2520 1061 enim
2541 1002 2664 1080 jam
2692 1003 3049 1063 constitutus
3075 1013 3420 1084 persecutor
3444 1006 3516 1066 ab
3546 1007 3668 1068 im-

2023 1087 2396 1166 peratoribus
2431 1110 2443 1150 :
2505 1100 2562 1150 et
2596 1091 2848 1152 vidisset
2880 1112 3010 1172 qua:
3040 1094 3261 1154 fecerat
3291 1094 3664 1173 Polyeuctus,

2022 1176 2344 1237 admodum
2369 1195 2523 1256 mgre
2551 1179 2750 1241 ferens
2777 1198 2790 1242 :
2816 1180 2964 1243 Heu!
2993 1181 3336 1256 dixit,Felix
3363 1201 3449 1244 es:
3469 1187 3667 1265 priva-

2024 1274 2116 1325 tus
2140 1265 2549 1347 liberiszetqui
2566 1270 2730 1348 prius
2754 1288 2912 1330 eram
2937 1270 3669 1354 insignis,etsuspiciebar

2023 1363 2262 1434 propter
2299 1355 2730 1438 ﬁlios,repente
2764 1376 2857 1419 me
2889 1359 3086 1437 aﬂligit
3112 1361 3366 1422 ﬁliorum
3401 1364 3662 1427 orbitas!

2023 1445 2232 1506 Nullus
2254 1444 2500 1507 deorum
2525 1466 2634 1509 nec
2659 1448 2968 1508 hominum
2996 1457 3188 1528 potest
3214 1452 3484 1514 misereri
3503 1456 3669 1533 Poly-

2022 1534 2199 1607 eucti,
2229 1534 2327 1613 qui
2357 1535 2490 1595 talia
2524 1545 2611 1597 est
2641 1555 2842 1611 ausus,
2870 1546 2926 1598 et
2953 1548 3187 1600 nostros
3203 1540 3347 1602 deos
3369 1543 3666 1604 contrivit.

2021 1626 2105 1681 Ad
2131 1626 2241 1680 haec
2266 1625 2428 1683 dirus
2458 1628 2894 1700 Polyeuctus,co
2917 1631 3071 1700 quod
3099 1631 3308 1689 factum
3333 1633 3534 1699 fuerat,
3574 1650 3670 1692 ve-

2021 1708 2129 1770 luti
2151 1710 2332 1788 magis
2357 1710 2872 1788 glorians,tantum
2897 1713 3123 1790 aberat,
3163 1724 3222 1776 ut
3247 1716 3673 1779 reformidaret

287 1801 382 1854 καὶ
440 1801 752 1855 ὑποπτεύειν
818 1822 866 1854 τι
925 1797 1256 1878 φοϐεῖσθαι),
1306 1806 1406 1857 Νῦν
1452 1800 1548 1872 μὲι
1618 1799 1747 1876 ἐγὼ,
1808 1798 1931 1875 ἔφη,

2032 1798 2264 1879 aliquid.
2301 1809 2357 1859 et
2404 1806 2815 1862 extiinesceret
2851 1820 2863 1863 :
2927 1804 3095 1864 Nunc
3130 1805 3394 1885 quidem,
3442 1806 3665 1887 inquit,

286 1888 496 1942 τούτων
554 1890 983 1968 καταφρονήσας,
1047 1887 1132 1944 ἐπὶ
1189 1891 1294 1942 τῶν
1355 1886 1519 1965 ἔργων
1575 1886 1723 1949 ὅπως
1801 1887 1934 1942 εἷσῖν

284 1977 535 2039 ἀσθενεῖς
600 1975 814 2052 ἤλεγξα.
871 1979 925 2033 Εἰ
987 1976 1040 2032 δὲ
1091 1978 1178 2032 καὶ
1224 1978 1392 2054 ἓτεροί
1446 1979 1601 2050 εἰσιν,
1658 1975 1795 2031 ἀλλὰ
1853 1978 1939 2032 καὶ

284 2067 440 2122 αὐτοὶ
495 2068 964 2145 προσαιθήτωσαν
1022 2068 1094 2130 εἷς
1151 2068 1212 2123 τὸ
1271 2067 1433 2141 μέσον
1469 2083 1482 2094 ⁸

283 2159 471 2213 τεῦθεν
522 2155 666 2218 ὅπως
750 2155 876 2232 παρ’
959 2159 1114 2229 ἡμῶν
1185 2156 1292 2211 τΒν
1363 2157 1459 2210 τοῦ
1528 2163 1756 2232 Χριστοῦ
1811 2153 1937 2211 δού-

283 2245 400 2300 λων
459 2244 791 2300 διαπτύεσθαι
860 2253 1022 2302 ταῦτα
1082 2244 1190 2306 δεῖ.
1255 2247 1348 2301 Καὶ
1413 2247 1440 2300 ὁ
1499 2243 1672 2310 Φῆλιξ
1731 2244 1934 2321 ἀνθρώ-

1533 2066 1658 2142 εἷσῃ
1702 2067 1802 2143 γὰρ
1850 2064 1938 2120 ἒν-

285 2357 419 2390 πινα
467 2337 556 2390 καὶ
599 2335 864 2406 περιπαθῆ
924 2337 1054 2412 πρὸς
1109 2337 1200 2390 τὸν
1244 2334 1398 2410 ἅγιον
1449 2331 1822 2407 διανοούμενός
1883 2354 1938 2389 τε

288 2425 381 2479 καὶ
438 2426 799 2500 φθεγγόμενος
836 2439 848 2453 ⁶
892 2423 1056 2479 Ἀλλὰ
1113 2423 1364 2494 θέλησον,
1405 2422 1530 2502 ἔφη,
1593 2422 1691 2476 κᾶν
1750 2423 1936 2497 μικρόν

287 2535 343 2568 τι
381 2513 653 2585 ἐπιζῆσαι,
715 2513 1028 2585 Πολύευκτε,
1094 2512 1194 2576 ἕως
1228 2515 1325 2578 τὴν
1357 2512 1456 2578 σὴν
1488 2526 1715 2587 γυναῖκα
1749 2512 1934 2586 θεάσῃ,

291 2603 430 2657 Ποία
487 2600 562 2672 δὲ,
619 2603 777 2657 εἶπεν
838 2605 864 2656 ὁ
908 2601 1082 2679 ἅγιος,
1143 2603 1391 2680 γυναικὸς
1464 2600 1539 2655 ἔτι
1597 2602 1683 2655 καὶ
1744 2601 1937 2655 τέκνων

289 2691 482 2766 ἔμοιγε
539 2693 781 2769 φροντίς,
816 2693 872 2754 ὃς
938 2690 1146 2753 ούδενὸς
1206 2698 1312 2746 τῶν
1365 2690 1705 2764 ἀνθρωπίνων
1763 2689 1936 2745 οὒκέτι

293 2791 387 2838 νῦν
449 2779 864 2858 ἐπιστρέφομαι,
925 2781 1041 2857 περὶ
1089 2782 1153 2836 τὰ
1207 2779 1424 2856 οὐράνια
1456 2800 1510 2833 τε
1572 2781 1656 2832 καὶ
1705 2778 1938 2856 ἄφθαρτα

291 2870 436 2942 μόνα
481 2870 581 2934 τὴν
638 2871 871 2925 διάνοιαν
915 2869 1062 2948 ἔχων
1099 2887 1113 2943 ς
1173 2862 1231 2924 Ἠ
1279 2867 1333 2923 δὲ
1378 2869 1447 2934 σὴ
1478 2869 1732 2944 θυγάτηρ,
1769 2868 1938 2940 εἰμὲν

292 2959 415 3032 ἐμοὶ
461 2955 672 3032 ἕψεται,
733 2959 967 3034 μακαρία
1034 2964 1132 3022 τῆς
1206 2959 1422 3034 γνώμης
1494 2956 1638 3012 ἔσται
1709 2958 1795 3011 καὶ
1851 2959 1942 3011 τοῦ

289 3054 499 3102 σκοποῦ
533 3063 546 3076 ·
608 3049 651 3102 εἰ
709 3047 762 3103 δὲ
823 3066 926 3126 μη,
990 3047 1128 3103 ἀλλα
1173 3047 1266 3103 καὶ
1326 3047 1459 3113 αὕτη
1521 3047 1610 3101 σὺν
1641 3058 1760 3108 τοῖς
1792 3047 1940 3121 ὑμῶν

2023 1907 2130 1966 ego
2161 1907 2264 1949 ess
2311 1899 2718 1964 contemnens,
2764 1909 2829 1952 re
2889 1891 3017 1971 ipsa
3049 1902 3150 1953 ost!
3178 1895 3304 1968 ndi,
3341 1915 3515 1976 quam
3553 1898 3671 1957 sint

2023 1976 2333 2038 imbecilli.
2375 1977 2537 2048 Quod
2571 1985 2617 2038 si
2651 1989 2788 2039 sunt
2820 1979 2922 2042 tibi
2951 1981 3075 2056 alii,
3105 1983 3141 2042 ii
3176 2003 3413 2064 quoque
3442 1985 3499 2045 in
3536 2003 3669 2047 me-

2023 2068 2185 2127 dium
2208 2066 2758 2129 adducantur.Hinc
2781 2071 2940 2130 enim
2977 2072 3670 2154 scies,quemadmodum

2027 2173 2130 2215 nos
2162 2157 2378 2218 Christi
2427 2175 2632 2219 servos
2679 2177 2748 2220 ea
2796 2177 3130 2240 conspuere
3161 2172 3449 2241 oporteat.
3510 2162 3674 2224 Felix

2021 2251 2220 2305 autem
2242 2263 2374 2305 cum
2395 2246 2654 2306 humana
2691 2255 2747 2308 et
2772 2248 3094 2310 miserabili
3121 2251 3374 2330 quadam
3399 2252 3670 2313 affectio-

2024 2351 2099 2394 ne
2121 2333 2196 2394 de
2225 2342 2428 2394 sancto
2459 2335 2727 2412 cogitans
2759 2348 2815 2396 et
2840 2336 3118 2412 loquens,
3153 2340 3214 2401 Si
3251 2341 3418 2418 velis,
3453 2342 3672 2417 inquit,

2022 2441 2056 2482 ο
2089 2423 2430 2502 Polyeucte,
2464 2423 2895 2506 aliquantisper
2921 2427 3140 2499 vivere,
3176 2428 3369 2490 donec
3403 2439 3562 2490 tuam
3599 2433 3682 2490 vi-

2021 2512 2163 2572 deas
2190 2531 2456 2573 uxorem.
2484 2512 2763 2584 Quaenam
2797 2523 2992 2576 autem
3027 2517 3244 2590 adhuc,
3275 2518 3463 2598 inquit
3495 2538 3660 2580 sanc-

2023 2607 2140 2673 tus,
2171 2601 2370 2662 uxoris
2389 2600 2506 2662 mei
2538 2621 2678 2663 cura
2709 2612 2818 2676 est,
2855 2613 2911 2664 et
2945 2605 3226 2679 ﬁliorum,
3253 2607 3355 2686 qui
3382 2625 3452 2668 ex
3485 2606 3664 2668 rebus

2022 2689 2298 2750 humanis
2333 2690 2480 2752 nihil
2514 2692 2756 2753 omnino
2789 2711 2957 2765 curo,
2991 2712 3123 2754 cum
3155 2693 3215 2754 in
3249 2695 3389 2756 solis
3413 2696 3668 2756 caelesti-

2023 2776 2133 2839 bus
2167 2797 2334 2840 mens
2365 2789 2658 2861 versetur,
2693 2789 2752 2842 et
2801 2781 2874 2842 iis
2905 2781 2964 2842 io
2999 2801 3128 2862 qua:
3164 2803 3278 2843 non
3313 2784 3472 2845 cadit
3504 2785 3662 2846 inte-

2022 2867 2213 2929 ritus?
2243 2867 2371 2930 Tua
2413 2877 2611 2930 autem
2667 2871 2812 2944 ﬁlia,
2871 2872 2917 2931 si
2953 2890 3048 2932 me
3076 2872 3316 2950 quidem
3353 2884 3667 2953 sequatur.

2024 2957 2196 3018 beata
2246 2958 2359 3018 erit
2416 2967 2656 3038 propter
2689 2979 2859 3020 suum
2896 2961 3158 3022 animum
3193 2971 3252 3024 et
3284 2963 3618 3024 institutum
3653 2987 3666 3022 :

2021 3047 2111 3109 sin
2145 3049 2363 3128 minus,
2399 3051 2520 3128 ipsa
2551 3068 2789 3130 quoque
2815 3069 2947 3112 cum
2984 3049 3193 3112 vestris
3223 3051 3338 3112 diis
3363 3052 3514 3114 mala
3545 3071 3667 3113 ma-

288 3140 440 3198 θεοῖς
471 3143 650 3199 κακῶς
679 3136 989 3198 ἀπολεῖται,

2032 3136 2087 3198 le
2119 3136 2355 3216 peribit.

382 3217 443 3284 ι’.
495 3225 704 3301 Δάκρυα
732 3226 817 3281 ἐπὶ
846 3227 1053 3290 τού;οις
1087 3227 1177 3282 τὸν
1207 3224 1420 3294 Φήλικα
1460 3224 1659 3304 ἔχοντα
1691 3225 1943 3300 ἀπογνῶ-

2115 3229 2208 3290 10.
2234 3226 2514 3290 Postbaac
2537 3229 2699 3292 Felix
2727 3229 3121 3311 profundebat
3140 3231 3448 3312 lacrymas,
3477 3241 3538 3293 ut
3570 3234 3672 3313 qui

291 3337 382 3371 ναι
426 3313 665 3378 καθάπαξ
692 3330 705 3344 ⁸
771 3315 886 3370 ὅθεν
943 3313 1227 3391 καὶδιπλῇ
1271 3315 1622 3394 τυφλώττων,
1654 3313 1714 3370 ἔκ
1744 3317 1799 3368 τε
1845 3314 1943 3380 τής

2032 3335 2200 3394 Spem
2220 3334 2454 3378 omnem
2475 3315 2952 3398 abjecisset.Qua
2971 3320 3044 3382 de
3066 3339 3131 3381 re
3147 3320 3468 3401 dupliciter
3485 3341 3670 3384 cancu-

290 3405 663 3483 περιεχούσης
738 3403 894 3459 αὺτὸν
972 3405 1216 3479 ἀθυμίας,
1306 3403 1366 3460 ’ἐκ
1425 3425 1483 3459 τε
1541 3408 1639 3469 τῆς
1696 3404 1816 3480 περὶ
1881 3404 1943 3458 τὰ

2032 3406 2432 3486 tiens,nempe
2461 3415 2520 3468 et
2547 3426 2616 3468 ex
2641 3407 2993 3486 aegritudine
3016 3409 3365 3490 animi,quze
3396 3430 3530 3472 eum
3564 3430 3672 3472 an-

292 3493 500 3551 εἴδωλα
534 3495 748 3572 μανίας,
798 3493 915 3557 ἄξια
972 3495 1227 3552 τοσούτου
1277 3495 1495 3550 σκότους
1531 3493 1616 3547 καὶ
1660 3494 1943 3569 παρανοίας

2032 3496 2224 3573 gebat,
2263 3506 2320 3556 et
2348 3513 2422 3557 ex
2457 3497 2710 3574 insania,
2741 3517 2853 3577 qua
2897 3498 3202 3560 laborabat
3235 3501 3293 3559 in
3327 3499 3666 3570 simulacra,

294 3583 586 3662 ἐφθέγγετο
647 3583 863 3659 ῥήματα
900 3603 910 3614 '
977 3583 1140 3656 Οἴμοι
1175 3582 1189 3642 ε
1226 3581 1425 3662 λέγων,
1471 3581 1551 3637 ὅτι
1597 3583 1684 3638 καὶ
1717 3581 1798 3656 σὲ,
1837 3587 1940 3666 Πο-

2032 3583 2382 3666 quuebatur
2412 3584 2593 3646 verba
2643 3585 2822 3662 digna
2879 3588 3054 3646 tantis
3102 3587 3393 3661 tenebris,
3427 3598 3484 3649 et
3516 3597 3672 3650 tanta

293 3661 540 3746 λύευκτε,
605 3674 657 3727 αἱ
714 3683 808 3730 τοῦ
857 3679 1087 3749 Χριστου
1141 3685 1367 3750 μαγεῖαι
1399 3674 1824 3743 ἐξηπατήκασιν.
1886 3661 1942 3727 Ὀ

2032 3661 2329 3734 dementia
2361 3693 2373 3732 :
2414 3672 2521 3734 Hei
2556 3661 2961 3748 mihi,dicens,
2999 3684 3054 3736 te
3087 3695 3387 3756 quoque,o
3416 3677 3670 3757 Polyeu-

295 3763 506 3839 μάρτδρ
564 3761 643 3841 δὲ,
706 3761 852 3835 μάλα
909 3767 1140 3818 συνετῶς
1219 3765 1308 3817 καὶ
1363 3761 1616 3839 γενναίως
1652 3775 1666 3789 ’
1743 3764 1814 3817 Οὔ
1872 3761 1943 3835 μὰ

2032 3772 2143 3836 cte,
2179 3762 2393 3823 Christi
2417 3769 2577 3823 artes
2629 3762 2895 3823 fefellere
2930 3764 3202 3840 magicaz?
3224 3765 3442 3845 Martyr
3469 3779 3670 3827 autem

295 3854 422 3913 τοὺς
479 3853 650 3926 ἱεροὺς
705 3852 812 3906 τών
871 3853 1150 3930 μαρτύρων
1208 3853 1446 3929 ἀγῶνας,
1494 3853 1554 3906 οὐ
1609 3847 1943 3928 διαρνούμαι,

2032 3850 2348 3914 admodum
2383 3851 2706 3930 prudenter
2735 3860 2791 3911 et
2846 3850 3100 3914 fortiter.
3153 3851 3305 3932 Non,
3340 3873 3444 3932 per
3479 3873 3670 3926 sacra,

297 3940 427 4012 ἔφη,
468 3941 530 3995 τὸ
581 3941 658 4014 μὴ
689 3939 779 3994 ὑπ’
832 3940 1032 3996 ἐκείνου
1089 3943 1220 4018 πρὸς
1262 3942 1360 4006 τὴν
1409 3940 1694 4018 ἐπίγνωσιν
1735 3939 1943 4004 κληθῆ-

2032 3939 2246 4021 inquit,
2310 3948 2628 4020 martyrum
2685 3941 3036 4016 certamina,
3091 3959 3212 4002 non
3262 3960 3436 4020 nego,
3475 3961 3567 4004 me
3599 3944 3672 4003 ab

297 4052 385 4086 ναι
443 4029 542 4096 τῆς
591 4029 838 4095 ἀληθείας
873 4049 886 4062 ⁶
951 4030 1110 4093 αύτὸς
1170 4031 1268 4107 γάρ
1330 4029 1474 4085 ἐστιν
1535 4029 1592 4091 ὃς
1641 4041 1764 4090 ταῖς
1796 4028 1943 4106 χερσῖ

2033 4031 2134 4092 illo
2161 4047 2292 4090 esse
2323 4038 2589 4090 vocatum
2643 4028 2716 4090 ad
2769 4029 3168 4107 cognitionem
3226 4031 3506 4094 veritatis.
3543 4033 3676 4112 Ipse

299 4135 427 4182 ταῖς
489 4119 708 4182 οἰκείαις
765 4122 863 4185 τὴν
908 4118 1043 4194 ἐμὴν
1096 4118 1280 4184 θέλξας
1313 4119 1524 4198 ψδχὴν,
1557 4119 1663 4172 ἀπὸ
1694 4123 1788 4173 τοῦ
1820 4116 1943 4172 σκό-

2033 4123 2187 4178 euim
2211 4121 2635 4191 est,iuquit,qui
2658 4135 2790 4177 cum
2815 4126 2935 4178 suis
2961 4123 3227 4178 manibus
3249 4137 3433 4178 meam
3461 4122 3679 4178 demul-

297 4229 425 4271 τους
475 4209 549 4272 εἰς
597 4209 658 4263 τὸ
689 4213 825 4287 φῶς,
875 4210 960 4264 καὶ
1006 4208 1112 4264 ἀπὸ
1142 4213 1241 4274 τῆς
1273 4206 1483 4274 πλάνης
1516 4209 1648 4283 πρὸς
1678 4206 1775 4272 τὴν
1807 4204 1943 4274 ἁλή-

2035 4207 2208 4266 sisset
2237 4205 2518 4281 animam,
2553 4222 2584 4264 a
2618 4203 2880 4267 tenebris
2909 4205 2980 4266 ad
3016 4205 3234 4287 lucem,
3260 4199 3324 4268 'et
3369 4206 3444 4268 ab
3472 4225 3680 4268 errore

298 4301 448 4355 θειαν
509 4298 839 4377 ἐπηγάγετο,
874 4298 1208 4376 στρατιώτην
1267 4319 1323 4352 τε
1375 4301 1535 4356 αὐτοῦ
1582 4297 1666 4351 καὶ
1697 4295 1840 4350 εἷναί
1885 4314 1943 4369 με

2036 4293 2366 4356 deduxitad
2397 4293 2794 4369 veritatem,et
2819 4295 3060 4374 dignum
3093 4297 3458 4376 censuit,qui
3483 4315 3677 4358 essem

299 4389 394 4444 καὶ
437 4387 790 4462 ὀνομάζεσθαι
822 4387 1173 4454 κατηξίωσεν.
1213 4387 1302 4444 Ἐν
1347 4389 1392 4460 ᾧ
1422 4385 1476 4442 δὲ
1521 4393 1683 4442 ταῦτα
1715 4384 1943 4462 ἐλέγετο¹

2036 4389 2096 4444 et
2115 4383 2460 4444 nominarer
2477 4381 2614 4460 ejus
2636 4381 2832 4446 miles.
2863 4381 3006 4445 Cum
3030 4391 3226 4444 autem
3249 4384 3372 4446 ilth
3396 4383 3679 4447 diceren-

300 4481 353 4535 οἱ
387 4479 493 4532 τῶν
523 4479 689 4555 ἁγίων
745 4475 962 4533 διῶκται
997 4475 1402 4556 προσελθόντες,
1460 4477 1548 4532 καί
1600 4471 1943 4532 συλλαϐόντες

2039 4471 2519 4546 tur,accedeutes
2541 4480 2881 4533 sanctorum
2910 4480 3499 4552 persecutores,cum
3520 4492 3685 4534 mar-

300 4571 398 4624 τὸν
430 4568 690 4645 μάρτυρα,
724 4569 785 4622 τὸ
840 4569 979 4642 ἱερὸν
1038 4569 1194 4623 αὐτοῦ
1252 4567 1426 4642 στόμα
1459 4565 1646 4622 ἔπαιον
1681 4579 1693 4594 ⁸
1731 4570 1943 4639 μισούν-

2041 4541 2219 4638 tyrem
2246 4567 2840 4637 comprehendisseut,
2867 4541 3095 4622 sacrum
3118 4581 3180 4622 os
3207 4565 3330 4637 ejus
3355 4568 3684 4638 pulsabant,

300 4678 396 4720 τες
458 4657 674 4722 ἀληθῶς
706 4657 759 4712 ἐν
792 4655 983 4721 πύλαις
1041 4655 1364 4735 ἐλέγχοντα,
1415 4655 1636 4734 φαύλαις
1667 4675 1723 4710 τε
1763 4655 1943 4712 ἀκοαῖς

2041 4669 2176 4712 vere
2191 4650 2327 4712 odio
2357 4647 2645 4711 habentes
2663 4649 3294 4730 confutationem,quaa
3312 4660 3440 4712 erat
3455 4653 3512 4712 in
3538 4651 3686 4713 fori-

1963 3189 2008 3241 (3

301 4748 467 4826 ἰσχὺν
523 4745 774 4812 ἀληθείας
827 4748 1145 4825 ὑπενεγκεῖν
1194 4749 1254 4802 οὔ
1304 4745 1602 4820 δυνάμενοι,
1647 4741 1958 4816 Πολυεύκτῳ

304 4834 361 4892 δὲ
422 4843 502 4910 τῷ
557 4839 784 4914 γενναίῳ
810 4843 917 4892 τῶν
951 4836 1048 4909 μὲν
1080 4835 1306 4912 πληγῶν
1355 4835 1558 4892 τούτων
1587 4830 1810 4906 ἔμελλεν
1863 4835 1956 4889 ού-

304 4926 493 5002 ὅαμῶς
526 4941 540 4955 ⁹
602 4926 739 5004 ἑώρα
798 4927 899 5003 γὰρ
955 4927 1061 4980 τῶν
1115 4925 1246 5001 ὑπὲρ
1276 4927 1434 4982 αὐτου
1462 4922 1696 4977 παθόντα
1729 4921 1956 4996 Χριστὸν

306 5017 542 5082 πλησίον
605 5017 760 5071 αύτοῦ
817 5018 1238 5094 παριστάμενον,
1293 5015 1350 5068 ὃν
1397 5013 1604 5074 ἐκεῖνος
1643 5010 1958 5088 καταφυγὴν

304 5107 556 5181 θέμενος,
591 5103 708 5160 οὕτε
739 5106 877 5160 κακὰ
909 5103 1038 5181 εἶχε
1069 5104 1198 5180 πρὸς
1256 5101 1410 5157 αὐτον
1443 5100 1807 5178 ἐπερχόμενα,
1842 5099 1958 5153 οὔτε

309 5197 582 5274 μάστιγας
612 5194 749 5256 ὅλως
781 5201 856 5267 τῷ
917 5193 1230 5268 σκηνώματι
1290 5191 1450 5246 αὐτοῦ
1480 5190 1957 5268 προσεγγιζούσας.

395 5365 502 5434 1Α’.
555 5375 618 5431 Αἱ
665 5382 790 5452 γοὺν
841 5371 1044 5450 πληγαὶ
1075 5378 1250 5446 αὗται,
1308 5371 1544 5447 καθάπερ
1593 5367 1834 5447 εἴρηται,
1885 5374 1960 5441 τῷ

313 5467 632 5538 Πολυεύκτῳ
687 5465 924 5543 βραχεῖα
983 5466 1229 5542 φροντὶς,
1278 5462 1406 5539 πρὸς
1467 5458 1637 5526 ἄλλην
1681 5457 1735 5513 δὲ
1765 5456 1958 5513 διεπά-

309 5556 427 5614 λαιε
490 5563 582 5611 τοῦ
631 5560 865 5632 πονηροῦ
921 5552 1145 5630 τέχνην,
1211 5550 1561 5629 [Ιαραστήσας
1615 5549 1715 5624 γὰρ
1754 5548 1961 5611 ἐκεῖνος

308 5649 454 5721 αύτῴ
489 5647 625 5720 μετα
675 5643 764 5698 τού
817 5641 1077 5708 κηδεστου
1119 5642 1206 5696 καὶ
1240 5640 1337 5706 τὴν
1383 5651 1612 5716 γυναῖκα
1639 5636 1960 5714 δακρύοντας

307 5741 399 5795 καὶ
435 5736 874 5808 παθαινομένους,
931 5734 1177 5807 ἐπειρᾶτο
1239 5732 1405 5805 ταύτῃ
1456 5730 1697 5805 κα-ιαγόῃ
1728 5749 1784 5782 τε
1817 5729 1962 5783 ἁπλ-

644 5835 903 5896 ΡΑτιιυιι.
935 5834 1048 5894 Gs.
1089 5830 1294 5894 CXIV.

2039 4741 2178 4822 bus,
2204 4749 2261 4802 et
2292 4740 2463 4800 malis
2493 4739 2738 4801 auribus
2770 4757 2888 4801 non
2911 4737 3176 4802 volentes
3207 4739 3367 4803 ferre
3397 4742 3512 4802 vim
3535 4742 3690 4803 veri-

2042 4829 2199 4890 tatis.
2221 4827 2513 4890 Praeclaro
2538 4838 2736 4890 autem
2773 4827 3086 4909 l’olyeucto
3111 4847 3196 4890 em
3225 4829 3466 4910 quidem
3506 4830 3690 4910 plagae

2041 4917 2203 4979 nullo
2236 4918 2410 4978 modo
2442 4926 2611 4978 erant
2658 4935 2837 4980 curae.
2879 4917 3133 4980 Videbat
3163 4919 3322 4980 enim
3358 4919 3683 4996 Christum,

2041 5006 2145 5084 qui
2172 5022 2278 5085 pro
2305 5023 2376 5066 eo
2397 5013 2960 5086 eratpassus,prope
2984 5007 3176 5088 ipsum
3194 5009 3688 5079 assistere.Quem

2043 5113 2177 5157 cum
2205 5112 2377 5155 suum
2411 5093 2710 5173 posuisset
2737 5094 3064 5176 refugium.
3104 5115 3215 5158 nec
3243 5115 3349 5177 pro
3379 5096 3546 5156 malis
3579 5097 3689 5156 ha-

2046 5184 2223 5246 bebat
2256 5201 2345 5256 ea,
2382 5200 2512 5262 quae
2557 5186 2746 5264 ipsum
2778 5184 3138 5248 invadebant
3174 5203 3186 5244 :
3223 5205 3336 5246 nec
3378 5185 3685 5258 scuticam,

2046 5292 2176 5356 quae
2209 5273 2338 5352 ejus
2368 5289 2585 5352 corpus
2610 5273 2896 5335 caedebat.

2120 5365 2226 5427 Xl.
2259 5360 2376 5424 Has
2406 5381 2546 5442 ergo
2607 5363 2826 5444 plagas,
2861 5373 2925 5423 ut
2956 5363 3176 5424 dictum
3215 5372 3543 5444 est,parum
3577 5379 3687 5422 cu-

2043 5460 2206 5515 rabat
2230 5456 2576 5528 Polyeuctus
2603 5474 2617 5513 :
2646 5458 2971 5514 luctabatur
3003 5467 3191 5512 autem
3215 5456 3492 5512 adversus
3523 5455 3692 5512 aliam

2043 5541 2266 5603 diaboli
2297 5539 2537 5619 maligni
2559 5539 2922 5602 artem.Nam
2953 5558 3084 5598 cum
3109 5539 3210 5600 ille
3241 5539 3313 5600 ad
3342 5559 3474 5600 eum
3508 5540 3696 5602 adduc

2045 5633 2228 5693 xisset
2257 5649 2530 5692 socerum
2565 5639 2624 5690 et
2655 5646 2894 5690 uxorem
2932 5629 3413 5709 lacrymantespt
3441 5631 3692 5693 misera-

2048 5725 2248 5785 biliter
2279 5724 2596 5802 ejulantes,
2630 5718 2718 5781 sic
2748 5721 3075 5781 conabatur
3121 5721 3253 5802 ejus
3283 5721 3544 5786 animam
3573 5726 3696 5786 suis

3337 5824 3404 5888 14
