4062 6194
472 310 590 389 427
1768 318 2044 382 MENSIS
2101 309 2549 385 JANUARIUS.
3407 310 3420 324 ‘
3694 320 3794 393 428

474 460 764 546 decipere
787 458 1123 541 pmstigiis,
1159 466 1215 520 et
1249 475 1353 538 pro
1384 455 1608 519 viribus
1630 456 1956 519 dissolvere
1987 455 2111 546 ejus

2202 463 2290 528 τᾷν
2338 462 2493 516 αὖτοῦ
2535 459 2632 526 τὴν
2675 458 2881 537 ψυχὴν,
2932 461 3040 533 καὶ,
3089 459 3190 527 ὅση
3234 454 3471 535 δύναμις,
3529 465 3615 518 τὸν
3665 464 3795 519 τόνον

472 538 658 613 robur
689 559 752 612 et
776 538 1253 611 constantiasz
1273 558 1472 608 autem
1496 565 1613 608 non
1638 547 1918 625 ignorans
1942 545 2111 605 mali-

2202 546 2428 602 ἐκλύειν.
2470 538 2526 603 (Ο
2585 546 2639 603 δὲ
2684 548 2761 621 μὴ
2807 549 3077 624 ἀγνοήσας
3123 551 3182 604 τὸ
3225 557 3317 606 τοῦ
3344 557 3567 627 πονηροῦ
3592 550 3797 626 ἔειεδρον,

472 645 570 719 gni
592 643 1261 713 tnsidias.cumseipsum
1278 640 1439 698 valde
1455 639 1673 700 utiliter
1686 640 2111 702 conturbasset,

2202 632 2511 713 διαταράξας
2558 636 2740 692 ἑαυτὸν
2811 638 2944 692 πάνυ
3001 639 3310 716 χρησίμως,
3357 642 3416 695 τὸ
3471 640 3699 715 γενναῖόν
3752 662 3800 695 τε

472 730 807 809 animaeque
838 725 1251 788 fortitudinem
1280 732 1336 786 et
1367 723 1513 787 iram
1540 723 1879 800 excitasset,
1900 731 1957 784 et
1986 740 2111 804 quin

2202 725 2293 781 .ιαί
2333 724 2603 799 θυμοειδὲς
2650 731 2747 791 τῆς
2793 731 2978 805 ψυχῆς
3020 728 3313 806 ἀνεγείρας,
3361 729 3447 784 καὶ
3488 728 3655 806 ὥσπερ
3692 742 3801 791 τατς

472 837 544 882 ex
566 817 840 897 lacrymis
862 812 1073 891 oritur,
1097 814 1453 878 effeminata:
1471 814 1738 876 mollitiei
1763 833 1889 876 eam
1927 832 2111 893 oppo-

2202 814 2303 869 ἀπὸ
2357 821 2459 870 τῶν
2504 813 2740 892 δακρύων
2802 816 3108 893 γινομέναις
3184 819 3446 883 θηλύτησε
3501 819 3585 872 καὶ
3638 817 3801 891 μαλα-

468 904 977 985 suisset,graviter
993 904 1313 967 admodum
1344 911 1401 966 et
1433 904 1666 967 fortiter
1691 905 1776 967 :0
1800 902 2112 977 scelerate,

466 996 689 1078 inquit,
726 1003 785 1056 et
846 992 1227 1076 profanorum
1262 1003 1599 1076 mystagoge
1631 993 2111 1065 simulacrorum,

468 1104 576 1149 cur
607 1103 704 1148 me
736 1082 1045 1146 insidiosis
1100 1088 1213 1144 tuis
1242 1092 1300 1143 et
1346 1084 1544 1145 uxoris
1575 1082 1851 1163 lacrymis
1911 1081 2116 1144 studes

465 1175 764 1239 abducere
798 1193 831 1236 a
863 1171 1243 1236 confessione
1277 1174 1333 1233 in
1387 1170 1683 1234 Christum
1704 1170 1736 1230 ?
1764 1173 1887 1233 Cur
1918 1179 2112 1232 autem

388 1318 393 1321 .
467 1263 657 1328 deﬂes
689 1263 1091 1344 Polyeuctum,
1128 1280 1260 1323 cum
1290 1267 1541 1344 teipsum
1577 1261 1762 1322 multo
1797 1260 1984 1341 magis
2015 1260 2114 1321 de—

466 1355 616 1416 ﬂere
648 1362 706 1415 et
736 1353 939 1432 lugere
968 1359 1586 1433 oporteat,propterea
1615 1349 1772 1431 quod
1796 1369 1930 1411 cum
1958 1349 2114 1428 prin-

468 1442 729 1525 cipibus,
766 1443 865 1524 qui
899 1450 1038 1505 sunt
1084 1440 1154 1502 ad
1216 1447 1474 1521 tempus,
1508 1439 1808 1513 servieris,
1862 1439 1979 1517 igni
2033 1437 2115 1500 sis

2198 903 2342 966 κίαις
2388 904 2679 973 ἆνιστήσας
2740 906 2878 979 αύτῷ
2924 904 3038 960 λίαν
3099 903 3356 985 ἐμϐριθῶς
3414 906 3507 962 καί
3549 909 3800 984 γενναίως,

2274 994 2287 1010 \
2420 993 2435 1010 \
2536 994 2551 1011 \
2732 992 2753 1011 κ
2990 989 3017 1012 ’Υ
3218 996 3233 1012 ε
3300 994 3323 1015 ν
3527 997 3541 1015 \

2199 1015 2331 1070 προς
2377 1015 2474 1066 μεν
2503 1015 2592 1049 τον
2651 993 2908 1061 κιιοεστιίιν
2939 1015 2951 1028 '
3012 1006 3053 1049 εὶ
3086 1017 3265 1072 μιαρε,
3301 1018 3425 1075 εφη,
3460 1018 3543 1051 και
3583 993 3804 1070 βεϐήλων

2201 1080 2430 1159 είδφλων
2492 1082 2834 1161 μυσταγωγέ,
2890 1084 2939 1138 τί
3007 1105 3072 1157 με
3119 1082 3367 1162 δάκρυσιν
3423 1083 3659 1147 ὑπούλοις
3701 1097 3804 1151 τοῖς

2200 1186 2319 1235 σοῖς
2364 1193 2421 1228 τε
2480 1173 2692 1240 καὶτῆς
2725 1174 2972 1250 γυναικὸς
3019 1174 3319 1241 ἀποστῆσαι
3350 1179 3447 1241 τῆς
3477 1176 3547 1238 είς
3608 1177 3808 1253 Χριστὸν

2198 1261 2488 1339 ὁμολογίας
2542 1261 2903 1341 σπουδάζεις,
2970 1263 3028 1320 Τί
3086 1262 3140 1319 δὲ
3209 1268 3298 1321 καὶ
3357 1262 3593 1340 δακρύεις
3650 1263 3808 1320 Πολύ-

2198 1372 2402 1427 ευκτον,
2450 1349 2566 1407 δέον
2635 1349 2822 1425 πολλῴ
2878 1350 3081 1425 μᾶλλον
3156 1354 3377 1409 σεαυτὸν
3423 1351 3684 1432 ὀδύρεσθαι
3733 1353 3810 1409 καὶ

2198 1444 2435 1517 θρηνεῖν,
2499 1440 2608 1496 ἀνθ’
2655 1440 2728 1495 ὧι
2760 1439 2843 1496 διὰ
2916 1442 3249 1522 προσκαίρων
3308 1441 3584 1522 ἀρχόντων
3636 1441 3811 1515 αἰωνίῳ

469 1543 693 1597 aeterno
724 1531 1077 1594 tradendus?
1097 1528 1169 1592 Et
1187 1531 1315 1592 haac
1337 1529 1583 1606 quidem
1608 1529 1755 1590 dixit
1777 1546 1987 1589 socero
2006 1526 2116 1590 Fe-

469 1623 594 1688 lici.
630 1626 939 1701 Postquam
974 1631 1169 1682 autem
1202 1620 1350 1681 vidit
1399 1637 1642 1681 uxorem
1678 1637 1916 1699 quoque
1947 1636 2112 1680 suam

395 1708 399 1718 ’
469 1712 775 1776 Paulinam
810 1709 1232 1772 miserabiliter
1254 1708 1770 1789 lacrymantem,et
1793 1709 2114 1769 dicentem:

2199 1531 2318 1608 πυρὶ
2363 1528 2752 1608 παραδίδοται,
2827 1531 2923 1587 Καὶ
2979 1533 3142 1587 ταῦτα
3224 1531 3323 1605 μὲν
3382 1533 3511 1610 πρὸς
3578 1532 3665 1586 τὸν
3719 1552 3816 1597 κη-

2198 1616 2388 1686 δεστὴν
2445 1618 2679 1687 Φήλικα,
2727 1618 2880 1676 Ἐπεὶ
2922 1617 2977 1674 δὲ
3022 1622 3107 1676 καὶ
3158 1619 3418 1676 Παυλίναν
3474 1622 3569 1687 τὴν
3614 1632 3821 1698 γυναῖκα

3667 1698 3691 1723 τ

2202 1708 2338 1785 ἐώρα
2396 1711 2699 1785 περιπαθῶς
2754 1707 3098 1786 δακρύουσαν,
3169 1710 3256 1764 καὶ
3313 1707 3612 1787 λέγουσαν·
3668 1707 3726 1763 Ὦ
3775 1709 3820 1763 τί

466 1801 622 1875 Quid
655 1801 761 1862 tibi
791 1799 1028 1877 accidit,
1083 1819 1117 1861 o
1163 1797 1532 1879 Polyeucte?
1573 1796 1884 1870 Quomodo
1918 1807 2111 1858 autem

2202 1798 2487 1868 πέπονθας,
2548 1795 2840 1854 Πολύευκτε
2876 1816 2893 1874 ;
2954 1801 3066 1862 πῶς
3124 1797 3177 1853 δὲ
3222 1802 3311 1854 καὶ
3342 1799 3522 1874 ἀπάτῃ
3564 1799 3822 1877 προήχθης

469 1891 677 1953 fraude
699 1909 764 1952 es
785 1889 1087 1966 inductus,
1110 1896 1172 1949 ut
1196 1888 1510 1949 duodecim
1540 1887 1684 1949 deos
1710 1896 1943 1949 nostros
1969 1906 2112 1948 con-

468 1980 796 2060 fringeres?
818 1977 963 2041 Eam
987 1984 1244 2040 suaviter
1276 1977 1534 2039 irridens
1553 1986 1816 2039 sanctus:
1837 1976 1900 2040 Si
1929 1977 2113 2052 solus,

470 2069 690 2149 inquit,
727 2087 838 2149 ego
868 2067 1182 2130 duodecim
1240 2067 1384 2129 deos
1414 2074 1548 2129 tuos
1577 2067 1686 2128 vici
1721 2074 1777 2128 ct
1811 2066 2059 2128 contrivi
2095 2082 2110 2123 :

471 2177 615 2221 ecce
645 2158 894 2220 deorum
928 2174 990 2218 es
1047 2156 1291 2218 omnino
1344 2174 1553 2234 egena.
1605 2155 1910 2219 Adesdum
1944 2173 2106 2233 ergo,

463 2247 682 2330 inquit,
713 2246 980 2322 Paulina,
1003 2254 1060 2307 et
1090 2246 1400 2317 faciam,ut
1432 2263 1635 2307 verum
1667 2245 1855 2307 Deum
1891 2262 2109 2323 cogno-

467 2356 622 2415 scas,
658 2355 834 2418 quem
888 2336 1019 2417 ipsa
1050 2335 1225 2398 stude
1256 2335 1574 2412 diligenter
1601 2333 1877 2408 adorare,
1912 2343 1969 2395 et
2000 2334 2111 2396 hac

469 2427 636 2490 brevi
655 2428 772 2490 vita
791 2433 1071 2489 mternam
1109 2423 1656 2488 commutare.Cum
1680 2424 1806 2485 haec
1830 2424 1917 2487 sic
1938 2423 2107 2486 dice-

469 2525 701 2591 rentur,
736 2524 795 2579 et
823 2516 994 2579 multi
1046 2515 1317 2577 inﬁdeles
1368 2532 1474 2595 per
1503 2514 1697 2595 ipsum
1732 2512 1808 2575 ad
1842 2512 2017 2574 tidem
2051 2513 2111 2573 in

472 2607 764 2685 phristum
798 2612 1313 2679 converterentur,
1350 2610 1410 2665 et
1445 2621 1656 2666 omnes
1690 2611 2111 2682 persecutores

468 2696 642 2760 simul
673 2705 1199 2775 congregarentur,
1236 2702 1297 2756 et
1326 2693 1541 2775 partim
1580 2691 1824 2774 quidem
1851 2692 2110 2773 promis-

468 2786 573 2863 sis,
611 2785 823 2868 partim
857 2803 994 2846 vero
1043 2783 1220 2846 etiam
1281 2782 1459 2844 minis
1489 2791 1762 2845 sanctum
1797 2784 2114 2843 studerent

467 2876 533 2936 in
556 2874 919 2939 contrariam
951 2873 1266 2935 traducere
1286 2872 1958 2953 sententiam,quoniam
1983 2871 2111 2932 nul-

473 2963 528 3024 la
560 2963 651 3025 via
680 2972 739 3024 et
766 2963 994 3025 ratione
1015 2962 1073 3024 id
1114 2961 1269 3024 ellici
1304 2970 1558 3043 poterat,
1590 2980 1702 3023 nec
1722 2962 1850 3040 ejus
1876 2965 1965 3022 rei
1995 2959 2112 3021 ulla

470 3062 596 3115 erat
624 3071 762 3135 spes
789 3053 1040 3134 reliqua,
1075 3053 1264 3114 fertur
1294 3053 1355 3114 in
1378 3071 1513 3115 eum
1547 3052 1938 3126 sententia,ut
1969 3068 2113 3113 ense

471 3142 665 3205 statim
700 3149 950 3204 mortem
977 3140 1209 3204 subeat.

549 3230 684 3295 XII.
711 3230 856 3294 Cum
890 3239 1087 3293 autem
1122 3230 1176 3294 ei
1202 3232 1326 3310 jam
1362 3249 1459 3293 res
1490 3229 1696 3293 fuisset
1718 3235 1944 3311 aperta,
1982 3236 2113 3290 erat

2204 1888 2326 1951 τοὺς
2384 1885 2585 1943 δώδεκα
2643 1890 2799 1962 ἡμῶν
2844 1889 3128 1966 συντρίψας
3175 1890 3320 1950 θεούς
3358 1907 3374 1969 ς
3410 1881 3534 1945 Ἡδὺ
3590 1891 3699 1944 Λίαν
3738 1888 3823 1964 ἐγ-

2200 1977 2429 2055 γελάσας
2478 1980 2612 2055 αύτῇ
2667 1981 2693 2034 ὃ
2755 1979 2904 2056 ἅγιος
2946 1994 2958 2009 ⁸
3024 1981 3080 2035 Εἰ
3136 1981 3324 2059 μόνος,
3374 1981 3503 2058 ἐγὼ,
3563 1979 3683 2060 ἔφη,
3714 1980 3821 2042 τοὺς

2199 2064 2401 2122 δώδεκά
2470 2089 2561 2123 σου
2633 2068 2783 2129 θεοὺς
2855 2069 3149 2141 νενίκηκα,
3213 2070 3299 2124 καὶ
3363 2069 3663 2147 συνέτριψα,
3724 2066 3819 2123 ἰδοὺ

2198 2157 2330 2213 θεῶν
2378 2158 2584 2222 πάντως
2629 2157 2851 2236 γέγονας
2897 2156 3077 2227 ἐνδεής
3113 2179 3126 2193 ο
3176 2155 3326 2237 δεῦρο
3388 2158 3476 2214 οῦν
3519 2180 3629 2233 μοι,
3690 2163 3822 2215 Παυ-

2194 2244 2333 2326 λίνα,
2366 2248 2461 2302 καί
2506 2248 2748 2325 γνωρίσω
2780 2268 2861 2303 σοι
2895 2248 3023 2302 Θεὸν
3054 2245 3254 2317 ἀληθῆ,
3288 2248 3345 2303 ὃν
3402 2247 3534 2314 αὖτή
3589 2268 3806 2325 προσκυ-

2194 2337 2376 2407 νῆσαι,
2429 2337 2514 2391 καὶ
2566 2340 2662 2401 τῆς
2715 2337 2970 2415 βραχείας
3014 2336 3209 2403 ταύτης
3268 2337 3414 2405 ζωῆς
3470 2336 3566 2403 τὴν
3616 2334 3808 2390 αἰωνίαν

2195 2424 2511 2490 ἀλλάξασθαι
2568 2424 2883 2485 σπούδασον.
2919 2426 3126 2482 Τούτων
3180 2423 3318 2481 οὕτω
3379 2423 3676 2503 λεγομένων
3727 2423 3808 2478 καί

2195 2513 2407 2571 πολλῶν
2465 2513 2698 2572 ἂπίστων
2757 2513 2823 2570 δι’
2897 2514 3054 2573 αύτοῦ
3130 2516 3259 2593 πρὸς
3329 2515 3432 2580 τὴν
3485 2516 3558 2578 εἰς
3609 2512 3813 2591 Χριστόν

2196 2604 2368 2660 πίστιν
2413 2601 2881 2679 μεταϐαλλόντων,
2929 2604 3140 2660 πάντων
3189 2625 3246 2659 τε
3299 2606 3434 2678 ὁμοῦ
3477 2609 3579 2660 τῶν
3607 2601 3807 2659 διωκόν-

2194 2716 2300 2750 των
2332 2694 2735 2772 ἀθροιζομένων,
2791 2695 3074 2751 καὶτοῦτο
3125 2694 3225 2769 μὲν
3279 2694 3629 2773 ὑποσχέσεσι,
3674 2698 3813 2748 τοῦτο

2195 2780 2248 2838 δὲ
2281 2784 2365 2839 καὶ
2392 2782 2649 2844 ἀπειλαῖς
2693 2797 3017 2858 μεταπεῖσαι
3077 2784 3167 2839 τὸν
3227 2781 3383 2860 ἅγιον
3413 2779 3809 2858 σπουδαζόντων,

2194 2870 2315 2927 ἐπεὶ
2360 2872 2557 2948 ἄπορον
2609 2870 2698 2950 ἧν,
2777 2874 2867 2929 καί
2940 2873 3251 2952 ἀμήχανον,
3296 2874 3386 2928 καὶ
3431 2870 3643 2948 οὔδεμία
3698 2870 3814 2947 πρὸς

2194 2960 2349 3017 τοῦτο
2420 2959 2564 3021 ἐλπὶς
2645 2959 2983 3035 ὑπολείπετο,
3067 2959 3259 3017 δίδοται
3316 2964 3445 3038 γοῦν
3502 2958 3619 3017 κατ’
3674 2962 3815 3018 αὐτοῦ

2194 3051 2228 3116 ἡ
2290 3049 2579 3128 ἀπόφασις,
2640 3052 2732 3105 τὸν
2803 3048 2885 3107 διὰ
2962 3052 3136 3131 ξίφους
3195 3049 3339 3115 εύθὺς
3407 3052 3624 3108 θάνατον
3688 3051 3812 3105 ὑπο-

2196 3160 2407 3205 στηναι.

2275 3216 2385 3290 ῐΒ’.
2422 3225 2598 3297 Δήλου
2624 3224 2679 3283 δὲ
2710 3231 2852 3297 αὐτῷ
2894 3226 2995 3296 ἤδη
3038 3236 3131 3286 τοῦ
3175 3230 3489 3309 πράγματος
3521 3229 3809 3309 γενομένω,

470 3320 674 3383 videre
690 3320 1071 3401 Polyeuctum
1095 3319 1240 3383 nihil
1271 3329 1572 3396 maestum,
1599 3319 1743 3381 nihil
1769 3315 2111 3393 triste,nihil

2202 3319 2320 3396 δρᾷν
2378 3320 2445 3385 ἦν
2508 3316 2834 3373 Πολύευκτον
2880 3317 3026 3376 οὐδὲν
3071 3322 3314 3397 στυγνόν,
3379 3319 3524 3377 οὐδὲν
3575 3318 3815 3398 κατηφὲς,

470 3409 904 3491 omnino,quod
937 3420 1096 3471 esset
1127 3409 1451 3472 effeminati
1482 3416 1541 3471 et
1573 3408 1769 3491 pusilli
1802 3408 2111 3483 animi,aut

2202 3404 2343 3466 οῦδὲν
2387 3405 2525 3473 ὅλως
2567 3405 2701 3475 θῆλυ
2741 3408 2832 3463 καὶ
2875 3406 3089 3485 ἀγεννὲς
3147 3407 3183 3476 ἢ
3228 3408 3482 3487 λέγοντα,
3528 3409 3563 3477 ἢ
3606 3408 3819 3485 πάσχειν

472 3502 904 3584 dicentem,aut
936 3501 1053 3582 pati
1088 3520 1207 3582 pra:
1232 3520 1296 3569 se
1324 3501 1614 3563 ferentem
1644 3522 1656 3560 :
1685 3500 1843 3579 quod
1871 3500 2110 3581 quidem

2202 3498 2644 3576 ὒποφαινόμενον,
2717 3495 2845 3575 ὅπερ
2903 3492 2965 3551 ἄν
3034 3519 3116 3562 τις
3192 3499 3396 3568 ὑπέστη
3487 3498 3689 3577 ἔτερος,
3741 3498 3825 3551 τοῦ

472 3590 973 3653 accidissetalicui
991 3590 1221 3672 alii,qui
1241 3592 1313 3652 ab
1347 3591 1455 3652 hac
1472 3589 1742 3671 jucunda
1765 3590 1896 3651 luce
1920 3598 1976 3651 et
2001 3596 2111 3650 vita

2202 3585 2352 3654 ἡδέος
2409 3587 2597 3642 τούτου
2680 3587 2855 3666 φωτὸς
2933 3588 3017 3643 καὶ
3077 3594 3173 3655 τῆς
3238 3593 3380 3659 ζωῆς
3450 3591 3819 3671 χωριζόμενος.

473 3683 1008 3763 separaretur.lmo
1024 3699 1162 3743 vero
1195 3691 1475 3762 tanquam
1500 3698 1570 3742 ex
1597 3678 1860 3742 tenebris
1884 3688 1941 3739 et
1968 3678 2111 3741 afﬂi-

2202 3673 2348 3733 Ἀλλ’
2410 3674 2587 3753 ὥσπερ
2631 3674 2691 3730 ἐκ
2735 3676 2955 3739 σκότους
3014 3674 3216 3750 μᾶλλον
3275 3679 3362 3735 καὶ
3403 3680 3642 3755 θλίψεως
3704 3677 3824 3754 πρὸς

473 3771 668 3833 ctione
691 3772 764 3833 ad
821 3770 1067 3849 gloriam
1132 3770 1411 3833 transiret
1442 3779 1502 3832 et
1530 3769 1799 3851 delicias,
1839 3787 2110 3848 magnam

2202 3763 2348 3830 δόξαν
2421 3767 2506 3820 καὶ
2593 3765 2789 3844 τρυφὴν
2847 3764 3198 3841 μεταϐαίνων,
3274 3769 3411 3823 πολὺ
3507 3770 3561 3825 τὸ
3629 3763 3829 3847 φαιδρὸν

473 3858 822 3922 ostendebat
843 3859 1103 3920 laetitiam
1121 3860 1376 3922 etanimi
1400 3858 1859 3932 alacritatem,ut
1880 3857 1980 3939 qui
1985 3858 2108 3938 jam

2202 3852 2393 3912 ἐδείκνυ
2437 3855 2525 3910 καὶ
2570 3852 2813 3929 εὔθυμον,
2860 3855 2955 3911 οἶα
3016 3860 3112 3921 τῆς
3176 3855 3380 3912 ἐκεῖθεν
3446 3856 3824 3936 μακαριότητος

473 3948 588 4012 frui
620 3948 914 4029 inciperet
946 3967 1037 4022 ea,
1073 3967 1204 4030 quae
1235 3958 1323 4010 est
1355 3948 1501 4023 illic,
1537 3947 1930 4009 beatitudine.
1962 3948 2111 4011 Nam

2202 3942 2600 4023 παραπολαύειν
2692 3942 2792 4010 ἤδη
2878 3944 3205 4023 ἀρχόμενος,
3297 3943 3666 4005 Διεϐεϐαιοῦτο
3739 3943 3827 4020 γὰρ

474 4040 546 4100 iis
572 4056 831 4119 quoque,
879 4038 978 4119 qui
1009 4038 1277 4113 aderant,
1310 4036 1643 4099 afﬁrmabat
1699 4055 1765 4098 se
1796 4036 2111 4123 quemdam

2202 4046 2311 4095 τοῖς
2365 4038 2613 4113 παροῦσι,
2674 4034 2946 4089 νεανίσκον
3005 4035 3122 4094 τινὰ
3178 4033 3236 4092 λέ
3255 4058 3351 4114 (ων
3396 4038 3525 4115 ὁρᾷν
3561 4034 3828 4115 προσιόντα

472 4131 838 4190 accedentem
863 4131 1051 4187 videre
1073 4131 1525 4200 adolescentem,
1554 4138 1604 4187 et
1628 4121 1826 4186 secum
1842 4131 2111 4201 doquen-

2202 4147 2289 4199 μοι
2348 4123 2442 4180 γαί
2498 4122 2809 4200 ὁμιλοῦντα,
2857 4124 2943 4179 καὶ
3023 4132 3148 4181 πᾶσι
3223 4127 3442 4203 τρόποις
3505 4121 3827 4206 παρασκευά-

474 4223 618 4291 tem,
650 4223 709 4276 et
729 4213 1008 4276 omnibus
1042 4214 1236 4276 modis
1281 4214 1666 4290 efficientem,
1706 4225 1769 4273 ut
1800 4213 2111 4275 oblivisce-

2202 4214 2356 4285 ζοντα
2416 4234 2481 4288 με
2527 4213 2740 4269 πάντων
2800 4210 3143 4270 ἐπιλαθέσθαι
3194 4216 3299 4272 τῶν
3348 4213 3627 4295 ἐπιγείων.
3674 4211 3825 4270 Ἀλλὰ

471 4316 639 4367 retur
658 4304 923 4365 omnium
947 4303 1473 4367 terrenorum.Sed
1498 4302 1695 4385 quis,o
1731 4302 1931 4366 divine
1952 4302 2111 4385 Poly-

2202 4305 2277 4367 τίς
2337 4302 2396 4358 ἄν
2444 4321 2560 4377 σου,
2620 4306 2731 4358 θεῖε
2808 4300 3123 4382 Πολύευκτε,
3185 4315 3340 4363 τοῦτο
3413 4302 3470 4361 δὲ
3531 4307 3617 4362 καὶ
3678 4300 3825 4379 μόνον

473 4401 669 4473 eucte,
702 4391 816 4455 hoc
847 4391 932 4453 vel
968 4393 1048 4453 tui
1073 4392 1265 4455 solum
1297 4391 1657 4454 laudandum
1693 4409 2030 4472 assumens,
2060 4400 2111 4453 te

2202 4392 2468 4450 ἐπαινέσαι
2548 4390 2890 4469 παραλαϐὼν,
2984 4392 3124 4457 ἄξιον
3213 4394 3373 4451 αὖτοῦ
3456 4397 3547 4451 τὸν
3622 4394 3820 4449 ἔπαινον

475 4483 714 4562 dignam
750 4482 937 4563 possit
967 4481 1204 4586 laudem
1239 4479 1607 4544 contexere?
1648 4482 1795 4544 Nam
1829 4499 1961 4542 cum
1993 4480 2111 4560 jam

2202 4482 2422 4552 ἡδύνατο
2465 4478 2677 4536 πλέκειν
2714 4503 2728 4554 ;
2778 4480 2999 4537 Μέλλων
3043 4490 3142 4561 γὰρ
3183 4480 3288 4551 ἤδη
3336 4483 3688 4558 τελειοῦσθαι,
3744 4479 3823 4536 καὶ

2204 4573 2226 4586 ..
2256 4575 2267 4586 .
2403 4580 2427 4586 _
2513 4569 2537 4586 ρ.
2972 4580 2992 4586 _
3052 4574 3063 4586 .
3163 4577 3187 4586 -
3273 4575 3283 4586 .
3360 4577 3380 4586 -
3563 4574 3623 4586 Α.

474 4589 637 4633 esses
668 4570 1268 4653 consummandus,et
1292 4589 1398 4653 per
1421 4589 1655 4632 sacrum
1675 4578 1835 4632 tuum
1863 4572 2111 4648 sangui-

2202 4573 2282 4630 διὰ
2339 4580 2431 4628 τοῦ
2479 4569 2709 4644 αἵματος
2756 4591 2848 4625 σου
2904 4580 2996 4629 τοῦ
3052 4574 3191 4651 ἱεροῦ
3237 4575 3298 4629 τὸ
3357 4577 3503 4631 Θεῐον
3560 4574 3823 4650 βάπτισμα

478 4678 613 4722 nem
641 4660 907 4722 divinum
933 4659 1386 4738 baptismum,et
1409 4660 1467 4721 in
1489 4658 1726 4723 Christo
1744 4659 2111 4739 signaculum

2202 4661 2292 4719 καί
2350 4665 2448 4726 τὴν
2506 4658 2559 4714 ἒν
2606 4665 2813 4737 Χριστῷ
2874 4659 3138 4741 σφραγῖδα
3197 4660 3489 4740 λαμϐάνειν
3539 4664 3605 4740 (ὢ
3650 4659 3823 4741 ψυχῆς

474 4762 879 4826 accepturuszo
904 4768 1240 4825 generosam
1262 4754 1534 4812 animam!
1555 4769 1586 4811 ο
1611 4764 1859 4811 mentem
1884 4751 2111 4809 firmam

2202 4751 2483 4830 γενναίαςί
2542 4748 2587 4805 ὢ
2647 4751 2865 4825 γνώμης
2922 4748 3135 4826 βεϐαίας
3178 4754 3266 4808 καὶ
3313 4752 3570 4829 ἀψευδοῦς
3604 4752 3674 4833 ί),
3718 4745 3825 4807 οὐδέ

473 4844 533 4900 et
556 4836 830 4899 stabilem
866 4846 923 4900 et
954 4856 986 4900 a
1020 4838 1331 4900 mendacio
1366 4837 1621 4899 alienam
1649 4836 1662 4898 !
1700 4855 1810 4898 nec
1842 4837 1927 4897 sic
1956 4838 2111 4898 ami-

2202 4840 2336 4898 οῦτω
2395 4844 2491 4905 τῆς
2541 4837 2786 4918 Νέαρχου
2848 4838 3024 4919 φιλίας
3081 4841 3135 4897 ἐν
3192 4841 3330 4919 λήθῃ
3379 4842 3628 4922 γέγονας,
3700 4836 3825 4895 ἀλλᾶ

474 4925 627 4989 οἱιίω
658 4927 918 4990 Nearchi
945 4946 1008 4990 es
1041 4926 1395 5005 oblitus,sed
1424 4946 1558 4988 eum
1593 4927 1917 5007 aspiciens,
1945 4924 2111 5007 Vale,

2203 4927 2542 5006 προσϐλέψας
2599 4932 2779 5003 ανῦτῴ⁸
2819 4923 2881 4984 Ὦ
2928 4929 3164 5011 Νέαρχε,
3212 4934 3435 5010 ὑγίαινε,
3492 4932 3692 5011 λέγεις,
3742 4927 3826 4984 καί

473 5016 687 5098 inquit,
722 5017 1085 5093 Nearche,et
1110 5027 1414 5099 pactorum
1449 5026 1876 5079 conventorum
1911 5034 2111 5076 recor-

2202 5019 2447 5093 μέμνησό
2504 5040 2604 5094 μου
2667 5024 2773 5074 τῶν
2843 5023 3141 5087 συνθηκῶν,
3203 5024 3409 5093 Ταύτην
3469 5022 3718 5101 γενναίως
3772 5023 3827 5071 σὺ

472 5106 812 5172 dare.Hauc
841 5125 977 5169 cum
1002 5107 1182 5183 tu,vir
1213 5108 1636 5182 fortis,vocem,
1660 5113 1944 5182 tanquam
1976 5105 2115 5166 ulti-

473 5214 635 5261 mum
667 5197 907 5277 aliquod
932 5198 1382 5274 donum,amico
1403 5196 1775 5277 reliquisses,
1795 5196 1866 5257 ad
1903 5213 2110 5257 ensem

472 5285 841 5368 processisti,
874 5296 934 5349 et
965 5304 1072 5368 per
1129 5304 1260 5348 eum
1295 5286 1519 5347 illatam
1556 5296 1808 5348 mortem
1842 5291 2112 5366 prompto

472 5385 531 5438 et
559 5376 741 5438 alacri
769 5375 970 5438 animo
1002 5376 1262 5439 subiisti.

548 5464 705 5530 Xlll.
742 5463 888 5528 Cum
920 5465 1008 5527 sic
1036 5473 1234 5528 autem
1277 5464 1488 5526 fuisset
1514 5473 1958 5527 consummatus
1992 5464 2110 5526 Po—

471 5553 769 5637 lyeuctus,
804 5556 1125 5636 pretiosum
1180 5554 1417 5637 quidem
1474 5555 1606 5634 ejus
1637 5572 1874 5635 corpus,
1909 5559 2009 5636 qui
2041 5575 2110 5618 ex

472 5642 752 5705 fratribus
782 5654 957 5706 erant
985 5645 1403 5723 studiosiores,
1435 5644 1848 5727 deposuerunt
1871 5644 1930 5707 in
1951 5645 2109 5709 Meli~

2200 5110 2297 5175 τὴν
2344 5108 2547 5187 φωνὴν,
2597 5108 2718 5166 οἶόν
2774 5130 2822 5164 τι
2851 5108 3157 5167 τελευταῖον
3201 5108 3421 5190 δώρημα
3465 5116 3543 5185 τῷ
3573 5110 3706 5191 φίλῳ
3733 5127 3828 5162 κα-

2199 5197 2464 5277 ταλιπὼν,
2498 5200 2629 5275 πέος
2680 5200 2742 5254 τὸ
2793 5197 2936 5279 ξίφος
2994 5200 3245 5280 ἒχώρεις,
3296 5204 3504 5260 καὶτὸν
3559 5199 3625 5256 δι’
3686 5199 3832 5254 αὐτοῦ

2197 5290 2418 5346 θάνατον
2452 5290 2731 5368 προθύμως
2762 5290 2997 5369 ὑπέρχῃ,

2282 5377 2384 5439 1Γ’.
2421 5377 2571 5437 Οῧτω
2600 5388 2878 5457 τοιγαροῦν
2932 5385 3026 5436 τοῦ
3071 5383 3209 5439 θείου
3254 5381 3582 5439 Πολυεύκτου
3612 5387 3826 5436 τελειω-

2198 5470 2402 5543 θέντος,
2461 5471 2522 5525 τὸ
2554 5470 2653 5544 μὲν
2698 5479 2871 5544 τίμιον
2929 5471 3086 5528 αὖτοῦ
3134 5478 3290 5548 σῶμα
3333 5475 3380 5529 οἱ
3439 5470 3827 5547 σπουδαιότεροι

2198 5564 2302 5617 τῶν
2359 5559 2598 5640 ἀδελφῶν
2658 5560 2711 5615 ἐν
2770 5557 3043 5638 Μελητινῇ
3091 5565 3479 5639 κατατίθενται,
3544 5558 3696 5616 πολει
3738 5559 3831 5624 τῆς

2193 5650 2501 5730 Ἀρμενίας,
2556 5652 2767 5707 αἰωνίαν
2818 5648 2955 5707 οὕτω
2996 5649 3354 5737 κληρονομίαν
3397 5653 3619 5716 ἑαυτοῖς
3689 5667 3837 5731 περι-
