4094 6196
316 368 447 442 429
1369 368 1555 438 VITA
1598 365 1659 438 s.
1712 364 2085 439 MARCIANI
2146 358 2653 436 PRESBYTERI.
3576 364 3694 443 430

316 513 699 588 ποιησάμενοι.
750 511 945 589 Τετρὰς
997 507 1051 565 δὲ
1113 510 1218 566 τῶν
1277 511 1492 587 ἡμεριυν
1542 509 1633 579 ἧ),
1682 508 1802 575 ἣτις
1862 508 1933 586 ἅρι

2072 526 2182 571 ene
2220 508 2455 572 civitate
2484 507 2812 579 Armeniae,
2843 516 3123 570 aaternam
3159 510 3570 574 haereditatem
3604 513 3689 576 sic

312 605 407 659 καὶ
438 605 498 659 τὸ
527 601 679 665 τέλος
708 598 819 657 εἶδε
881 599 1231 671 Πολυεύκτου,
1280 601 1366 655 καὶ
1409 606 1502 654 τοῦ
1557 599 1804 673 σώματος
1861 600 1928 664 τὴ

2071 598 2158 660 ibi
2186 599 2585 679 acquirentes.
2625 597 2755 660 Fuit
2783 605 2980 659 autem
3012 598 3141 660 dies
3168 608 3431 679 quartus,
3468 602 3569 680 qui
3599 603 3688 665 vi-

312 692 621 750 κατάθεσιν.
695 680 1063 769 ’Υπτιρέτησεν
1117 686 1336 743 ἐνταῦθα
1398 689 1484 743 καὶ
1547 688 1811 766 Νέαρχος,
1872 708 1929 742 το

2074 688 2132 748 lit
2157 688 2332 749 finem
2361 687 2734 768 Polyeuctiet
2748 686 3015 766 corporis
3030 687 3691 767 depositionem.lnser-

312 780 471 860 φίλου
534 781 628 835 καί
686 777 947 857 μάρτυρος
992 777 1135 851 αἷμα
1178 774 1378 849 λαϐὼν,
1427 777 1513 833 καὶ
1556 775 1775 853 λαμπρᾷ
1806 775 1929 831 ὀθόνη

2071 777 2125 837 νὶῑ
2152 786 2351 839 autem
2382 777 2482 838 hic
2509 795 2744 858 quoque
2768 776 3099 851 Nearchus,
3135 778 3237 857 qui
3270 787 3516 859 accepto
3548 799 3688 842 san-

310 870 504 940 τιθεὶς,
565 870 657 924 καὶ
706 869 778 931 εἷς
823 867 922 933 τὴν
978 872 1340 921 Χανανεωτὼν
1369 863 1526 920 πόλιν
1569 865 1927 939 μετακομίσας

2070 866 2225 943 mine
2245 865 2678 944 martyris,cum
2701 883 2839 926 eum
2866 865 2927 926 in
2954 864 3144 926 nitido
3167 866 3549 946 imposuisset
3569 869 3687 930 lin-

311 956 482 1012 επ).ον
532 957 823 1035 σωτηρίας,
884 956 968 1010 καὶ
1010 952 1208 1032 κλῆρον
1266 952 1430 1019 ὄντως
1476 954 1733 1029 μακάριον
1780 952 1928 1009 αὒτοῖ

2072 954 2426 1036 eo,portavit
2456 954 2516 1014 in
2548 954 2845 1015 civitatem
2882 955 3436 1031 Chananaeotarum,
3461 956 3689 1021 donans

310 1043 720 1121 δωρησάμενος.

2049 1042 2107 1104 ei
2137 1062 2302 1104 arma
2326 1042 2555 1117 salutis,
2589 1051 2648 1104 et
2678 1062 2811 1105 vere
2844 1042 3079 1106 beatam
3112 1044 3545 1110 haueditatem.

395 1133 549 1196 XIV.
581 1136 668 1214 (ft)
705 1131 839 1196 Haec
875 1144 1039 1213 gesta
1070 1142 1205 1193 sunt
1238 1140 1506 1212 tempore
1538 1130 1803 1221 Deciiet
1837 1131 2132 1221 Valeriani
2166 1132 2227 1193 in
2256 1131 2448 1212 prima
2478 1132 2737 1194 Urientis
2766 1134 3205 1212 persecutione.
3241 1132 3385 1195 Nam
3420 1136 3529 1198 fuit
3560 1140 3690 1221 qui-

313 1222 458 1283 dem
492 1223 686 1302 primo
722 1232 942 1305 martyr
972 1222 1400 1302 Hierosolymis
1432 1220 1871 1284 sacratissimus
1903 1218 2266 1303 Stephanus,
2298 1221 2562 1284 secundo
2605 1230 2801 1283 autem
2837 1222 3215 1284 Philoromus
3246 1223 3304 1285 in
3335 1218 3697 1290 Alexandria

312 1311 555 1372 civitate
609 1311 863 1392 [EgyptL
898 1322 955 1374 et
1009 1311 1185 1374 tertio
1216 1310 1389 1372 divus
1439 1309 1791 1391 Polyeuctus
1823 1310 1881 1370 in
1916 1311 2194 1373 Melitene
2250 1310 2554 1374 Armeniae
2584 1326 2794 1391 quarto
2828 1312 2964 1373 ldus
2994 1310 3281 1375 Januarii.
3339 1316 3393 1376 ls
3424 1334 3582 1397 saepe
3633 1337 3696 1380 se

317 1419 591 1480 magnam
626 1419 827 1462 curam
863 1419 1040 1481 agere
1071 1400 1573 1473 Christianorum,
1608 1400 1786 1461 etiam
1822 1415 1954 1480 post
1988 1417 2268 1475 mortem,
2305 1420 2421 1463 non
2456 1401 2666 1462 leviter
2694 1409 2752 1460 et
2792 1401 3071 1481 obscure,
3105 1401 3207 1463 sed
3241 1413 3445 1482 aperte
3477 1415 3535 1467 et
3564 1408 3693 1469 evi-

315 1490 537 1551 denter
584 1491 871 1552 ostendit.
906 1490 1125 1564 Quidni
1160 1492 1322 1554 enim
1359 1490 1605 1562 faceret,
1645 1490 1742 1570 qui
1776 1490 1909 1552 talis
1943 1504 2092 1566 erat,
2128 1506 2183 1554 et
2225 1510 2414 1571 genus
2444 1489 2612 1553 illinc
2645 1489 2924 1563 ducebat,
2957 1501 3015 1552 et
3048 1491 3317 1569 ejusdem
3372 1494 3561 1557 fuerat
3592 1516 3695 1558 so-

311 1579 633 1679 dalitatis?
664 1580 982 1679 nobilium,
1017 1580 1288 1661 inquam,
1324 1588 1383 1640 et
1413 1579 1730 1679 illustrium
1766 1599 1835 1679 es
1868 1580 1981 1679 fide
2018 1581 2076 1642 in
2112 1581 2436 1645 Christum:
2472 1581 2572 1661 qui
2607 1578 3017 1679 sequebantur
3046 1581 3283 1660 quidem
3314 1583 3578 1647 Marcum
3608 1587 3687 1667 (5)

312 1668 768 1745 imi-iratorem,
809 1670 1033 1731 bellum
1090 1677 1400 1747 gerentem
1456 1668 1740 1729 adversus
1795 1668 2107 1745 Barbaros,
2144 1688 2313 1751 aquae
2370 1678 2569 1731 autem
2633 1668 2887 1748 penuria
2921 1668 3228 1731 laborabat
3286 1672 3690 1736 Romanorum

315 1758 641 1835 exercitus,
672 1760 945 1841 tristique
975 1768 1102 1821 erat
1152 1760 1496 1834 imperator,
1532 1776 1664 1818 cum
1699 1758 1897 1819 hostes
1928 1759 2173 1836 quidem
2221 1758 2389 1821 valde
2420 1759 2876 1826 invalescerent,
2910 1759 3037 1819 sitis
3066 1768 3259 1821 autem
3294 1760 3452 1823 inter
3482 1772 3698 1826 caetera

312 1855 556 1908 nostros
614 1860 871 1911 vexaret.
909 1850 954 1912 li
982 1858 1182 1910 autem
1218 1846 1435 1910 Christi
1485 1847 1670 1908 fortes
1704 1846 1947 1923 milites,
1983 1851 2086 1927 qui
2114 1849 2385 1911 eamdem
2432 1846 2767 1929 implebant
2800 1848 3118 1926 legionem,
3158 1867 3331 1929 quam
3364 1851 3461 1912 hic
3513 1871 3695 1915 vene-

311 1937 540 1997 randus
570 1948 813 2017 martyr,
842 1956 975 2000 cum
1008 1957 1073 1998 se
1104 1945 1505 2015 separassent,
1542 1945 1600 2000 et
1637 1936 1844 2017 procul
1877 1938 1950 1999 ab
1974 1938 2237 2000 exercitu
2268 1938 2695 2009 removissent,
2733 1956 2942 1998 manus
2972 1937 3213 2017 quidem
3249 1940 3372 2018 pias
3403 1941 3477 2002 ad
3504 1941 3691 2005 Deum

316 2023 555 2092 tollunt.
594 2027 776 2106 piam,
810 2045 942 2109 qua:
965 2025 1041 2089 ab
1067 2026 1155 2087 eis
1180 2024 1607 2100 honorabatur,
1638 2025 1814 2087 fidem
1848 2028 2180 2089 accerrime
2204 2026 2600 2106 proferentes.
2627 2028 2857 2106 Rogant
2884 2034 3079 2088 autem
3114 2026 3221 2088 Dei
3255 2028 3694 2109 miserationes,

314 2122 385 2175 ut
414 2132 520 2175 eos
566 2114 839 2195 benignis
870 2115 1062 2178 oculis
1104 2115 1467 2196 aspicerent,
1500 2123 1557 2175 et
1622 2114 1773 2175 hanc
1804 2115 2106 2177 solverent
2157 2116 2598 2195 necessitatem,
2633 2134 2766 2195 quae
2815 2114 3194 2196 opprimebat
3226 2117 3696 2185 multitudinem.

318 2201 467 2265 Cum
500 2203 583 2264 illi
629 2205 716 2269 sic
746 2213 1039 2284 orassent,
1071 2205 1199 2267 suis
1226 2222 1343 2264 non
1379 2212 1520 2264 sunt
1568 2203 1821 2265 fraudati
1856 2203 2157 2285 precibus.
2192 2204 2469 2266 Nondum
2503 2203 2662 2267 enim
2698 2203 3144 2285 precationibus
3176 2206 3355 2267 tinem
3391 2209 3700 2288 imposue—

316 2302 473 2366 rant,
507 2301 565 2356 et
589 2296 773 2356 densa
805 2294 996 2357 nubes
1027 2295 1246 2358 ccelum
1281 2293 1548 2367 subiens,
1579 2310 1779 2354 aerem
1805 2294 2051 2370 quidem
2087 2293 2358 2374 implevit
2388 2300 2608 2357 tonitru
2643 2316 2655 2351 :
2712 2294 2943 2371 fulgura
2972 2304 3165 2356 autem
3197 2295 3342 2357 elisa
3376 2298 3694 2377 micabant,

318 2393 379 2445 et
407 2384 589 2446 multa
614 2385 810 2466 erupit
835 2385 1056 2465 pluvia,
1082 2384 1233 2445 adeo
1256 2391 1340 2455 ut,
1378 2383 1518 2444 dum
1543 2382 1632 2444 sic
1670 2381 1973 2444 ferrentur
2001 2382 2248 2445 fulmina
2289 2391 2347 2445 et
2377 2382 2628 2458 imbres,
2662 2381 2916 2443 recreati
2941 2382 3181 2463 quidem
3205 2384 3323 2445 sint
3350 2387 3695 2465 Christiani,

320 2472 566 2554 plurimi
595 2483 790 2536 autem
826 2472 1070 2535 Barbari
1114 2471 1472 2548 interierint,
1509 2480 1564 2532 et
1618 2490 1686 2533 ex
1720 2490 1792 2533 eo
1823 2472 1901 2533 sit
1931 2472 2085 2552 legio
2120 2481 2454 2552 nuncupata
2483 2470 2884 2551 κεραυνοϐόλος,
2921 2470 2979 2532 id
3014 2480 3126 2545 est,
3154 2474 3491 2535 Fulminum
3513 2478 3696 2556 jac“-

318 2562 498 2624 latrix
537 2563 615 2643 (ὃ)
649 2564 960 2643 hucusque
992 2563 1224 2640 cognita
1256 2580 1323 2623 ex
1358 2562 1467 2623 hac
1503 2562 1699 2640 magni
1755 2560 2030 2624 miraculi
2063 2560 2399 2631 effectione,
2431 2561 2503 2624 ad
2535 2561 2785 2642 gloriam
2827 2559 3035 2634 Patris,
3069 2569 3127 2622 et
3154 2559 3311 2635 Filii,
3351 2572 3407 2624 et
3438 2562 3694 2644 Spiritus

314 2651 539 2727 sancti,
573 2652 748 2714 unius
780 2661 837 2713 et
888 2649 1408 2713 consubstantialis
1439 2647 1785 2712 divinitatis.
1823 2649 1931 2712 Cui
1973 2651 2250 2712 convenit
2292 2650 2490 2712 omnis
2520 2650 2727 2730 gloria,
2765 2650 2958 2711 honor
2988 2660 3047 2710 et
3097 2649 3388 2732 adoratio,
3423 2671 3582 2715 nunc
3639 2663 3699 2717 et

316 2741 382 2804 in
413 2743 632 2803 swcula
661 2742 1041 2804 saeculorum.
1067 2741 1280 2802 Amen.

405 2905 490 2981 (5)
520 2900 670 2965 Vide
700 2901 929 2967 Tertul.
963 2902 1220 2981 Apolog.
1251 2906 1309 2961 et
1340 2897 1560 2962 Euseb.
1594 2897 1742 2965 Caes.
1780 2898 2008 2962 Histor.
2047 2898 2218 2963 Eccl.
2253 2899 2357 2965 lib.
2394 2916 2451 2979 v,
2487 2919 2542 2963 c.
2577 2900 2636 2960 5.

402 2984 498 3062 (6)
528 2983 646 3045 Alii
676 2991 910 3044 vertunt
939 2981 1277 3045 Fulminea.

391 3089 480 3160 (α)
507 3089 638 3157 Quae
662 3096 942 3161 sequuntur
971 3086 1155 3145 desunt
1181 3086 1231 3141 in
1265 3085 1436 3141 codice
1465 3101 1562 3143 ms.
1597 3085 1791 3144 Graeco.
1826 3085 1980 3144 E011.
2016 3085 2182 3143 Pun.

1451 3411 1706 3500 ΒΙΟΣ
1780 3409 1967 3496 ΚΑΙ
2039 3409 2575 3496 ΠΟΛΙΤΕΙΑ

332 3592 685 3724 ΤΟΥ
741 3592 1273 3722 ΟΣΙΟΥ
1324 3586 1949 3722 ΠΑΤΡΟᾸ

2088 3586 2595 3713 ΗΜΩΝ
2641 3584 3695 3753 ΜΑΡΚΙΑΝΟΥ

1357 3927 1614 4014 VITA
1687 3926 1823 4011 ET
1893 3918 2674 4009 CONVERSATIO

903 4124 1011 4240 S.
1105 4124 1217 4232 P.
1288 4122 1418 4233 N.
1488 4116 2175 4229 MARCIANI
2267 4112 3132 4224 PRESBYTERI

1257 4356 1353 4409 om
1407 4353 1536 4400 amr
1579 4349 1904 4398 (ECONOMUS
1945 4347 2164 4395 ωριτε
2206 4345 2505 4394 accassue
2555 4346 2653 4393 cr.
2711 4328 2794 4409 (7)
2880 4392 2887 4399 _

1828 4468 2028 4547 (Anno
2064 4465 2233 4544 450.)

337 4610 402 4683 (Β
445 4611 649 4669 duobus
673 4625 799 4668 mss.
834 4609 999 4669 Graeci
1051 4607 1172 4668 bibl.
1207 4608 1334 4681 Imp.
1368 4606 1536 4665 Paris.
1568 4623 1628 4662 ιι.
1677 4602 1954 4732 1ῆῖϐἂέῐῗε

2140 4608 2302 4727 εῐξΑᾌ
2328 4599 2490 4740 )1467,
2523 4615 2640 4656 saec.
2673 4610 2767 4656 Iuv
2799 4613 2817 4668 ;
2867 4596 3040 4654 Latine
3066 4597 3195 4670 apud
3240 4595 3446 4656 Surium
3477 4599 3608 4658 diem
3657 4601 3717 4658 ad

432 4905 519 4979 Δί
554 4915 733 4974 [Iona
784 4916 884 4992 μὲν
932 4917 1019 4973 καὶ
1064 4912 1201 4971 ἄλλα
1242 4913 1308 4969 τὰ
1352 4911 1449 4982 μὲν
1492 4907 1736 4987 βασιλίδα
1794 4910 2049 4975 ταύτηνο

2157 4907 2204 4969 Ι.
2243 4903 2394 4968 Sunt
2448 4902 2689 4985 quidem
2744 4900 2928 4992 multa
2968 4920 3203 4992 quoque
3232 4903 3372 4978 alia,
3407 4924 3539 4987 qua:
3570 4906 3722 4969 hanc

346 5007 679 5081 σεμνύναντι
737 5004 895 5062 πόλιν
930 5020 944 5035 ⁸
1002 5004 1177 5082 θρόνοι
1234 5021 1293 5058 τε
1356 4998 1647 5078 βασιλέων,
1692 5000 1779 5055 καὶ
1822 4995 1960 5057 πλοῦ

2104 4995 2305 5074 'egiam
2340 5000 2629 5055 exornant
2657 4991 2973 5056 civitatem.
3002 4991 3423 5071 imperatorem
3456 4994 3631 5056 sedes
3661 5003 3721 5056 et

344 5116 465 5168 τος,
499 5103 588 5152 καὶ
620 5094 792 5161 κὲλλτ,
824 5091 1162 5171 παντοδαπὰ,
1202 5090 1341 5153 θέσις
1372 5111 1430 5145 τε
1485 5090 1575 5145 mi
1626 5090 1872 5167 μέγεθος,
1910 5109 1961 5143 κς

2108 5097 2303 5159 ιρρε,θι
2327 5099 2705 5171 omnegenus
2726 5084 3116 5171 pulchritudo,
3143 5087 3403 5157 situsque
3421 5098 3473 5144 et
3500 5088 3725 5156 magni-

345 5187 536 5265 τεῖχη,
585 5184 846 5260 πολεμίας
891 5185 1073 5264 χειρὸς
1126 5168 1397 5259 ipsine»:
1428 5195 1443 5210 '
1510 5177 1658 5235 οόδὲν
1701 5179 1868 5242 οὕτως
1924 5178 1962 5233 ὡ

2103 5173 2317 5265 ,udo,et
2345 5170 2726 5265 muenia,qu
2756 5178 2892 5230 sunt
2913 5168 3116 5231 hostili
3141 5188 3317 5232 manu
3342 5170 3673 5251 potentiora
3705 5189 3720 5232 :

346 5260 556 5353 ἆνῧρὦν
586 5260 1231 5355 φιλαρέτωννοεμνύνουσι
1275 5270 1403 5346 βίοι.
1440 5271 1591 5325 Οὗτοι
1651 5269 1751 5345 γὰρ
1810 5266 1963 5323 πλεϊο

2111 5264 2235 5325 nihil
2266 5270 2465 5323 autem
2499 5263 2551 5323 ei
2583 5260 2755 5355 affert
2784 5277 2951 5355 teque
2976 5277 3252 5355 magnum
3278 5260 3462 5321 decus
3478 5267 3728 5355 et-orna-

350 5365 451 5439 μέδ
510 5347 789 5439 Quieto-3m.
846 5365 908 5421 τὸ
938 5362 1153 5441 τέρπον,
1187 5358 1376 5416 πλεῖον
1407 5356 1461 5412 δὲ
1494 5359 1554 5416 τὸ
1584 5360 1780 5431 θιῦμα,
1828 5355 1967 5413 πλεὶι

2113 5360 2371 5427 nentnm,
2407 5360 2584 5432 atque
2614 5348 2724 5410 vita
2784 5347 3050 5409 virorum
3086 5347 3374 5408 honorum
3409 5355 3467 5409 et
3496 5347 3730 5409 virtutis

354 5453 407 5510 δὲ
487 5453 656 5531 τκύτῃ
747 5459 1084 5533 περιποιοῦσι
1146 5450 1233 5507 διαὶ
1285 5446 1385 5514 τὴν
1442 5445 1726 5526 ὠφέλειαν.
1778 5446 1876 5501 Διὰ
1933 5442 1971 5500 8-}

2122 5438 2491 5504 mantium.Ii
2524 5439 2685 5503 enim
2721 5437 3005 5517 majorem
3033 5435 3277 5513 quidem
3302 5434 3733 5499 afferuntdele-

443 5614 533 5693 (7)
581 5612 865 5678 Sanctum
894 5611 1259 5693 Marcianum
1308 5606 1654 5693 Novatianis
1701 5603 2022 5693 aliquando
2055 5603 2292 5685 favisse,
2327 5610 2457 5683 post
2506 5600 2717 5681 pedem
2764 5594 3067 5670 retulisse,
3098 5594 3439 5677 factumque
3484 5615 3728 5665 (econo.

366 5686 547 5758 mium
586 5694 815 5759 liccles.
852 5688 1366 5772 Constantinoyol.
1400 5686 1583 5749 refert
1616 5686 1905 5752 Baronius
