4094 6196
383 318 501 390 435

390 565 444 611 et
469 554 776 627 aliquando
800 562 1126 611 versaretur
1150 553 1207 608 in
1224 551 1478 623 legendis
1500 550 1856 609 orationibus
1878 548 2020 620 ejus,

388 640 491 723 qui
520 649 580 703 et
601 645 969 714 sermone,et
993 635 1350 711 moribus,et
1380 635 1678 715 theologia
1700 634 2028 723 praeclaris-

393 722 547 792 sime
579 729 833 800 refulsit,
868 725 1180 805 sapientis,
1233 725 1496 806 inquam,
1541 723 1837 805 Gregorii,
1866 733 1924 786 et
1951 722 2028 785 de

387 820 569 897 hujus
595 815 867 896 martyris
897 814 1120 894 templo
1180 815 1576 890 cognovisset,
1635 824 1697 874 ut
1726 814 1828 875 ille
1857 812 2024 893 dicit,

391 905 547 985 quod
576 906 829 985 positum
857 903 1096 985 quidem
1123 906 1363 965 essetin
1390 903 1483 978 iis,
1509 906 1609 984 qui
1639 902 1873 965 Domini
1905 904 2028 965 Ro-

389 1002 517 1065 stra
547 993 903 1056 vocabantur
941 1015 953 1056 :
984 999 1116 1055 erat
1142 1000 1340 1054 autem
1376 1001 1513 1054 tunc
1545 992 1725 1054 veluti
1757 991 2025 1073 quaedam

386 1083 562 1146 sedes
584 1083 931 1146 orthodoxis
967 1083 1253 1145 adversus
1283 1082 1715 1145 Arianos.Cum
1747 1100 1889 1159 ergo
1922 1100 2028 1142 co-

385 1174 684 1250 gnovisset
708 1191 842 1254 qua:
869 1172 972 1235 ille
1002 1172 1077 1234 de
1107 1191 1179 1233 eo
1211 1172 1435 1254 templo
1468 1171 2024 1252 praedixerat,suum

388 1280 627 1341 gregem
653 1262 1075 1338 incitans,etei
1103 1262 1330 1323 addens
1351 1262 1642 1323 animum:
1673 1263 1834 1322 Hanc
1865 1265 2027 1325 Ana-

384 1354 654 1423 stasiam,
692 1353 867 1425 hanc,
897 1352 1305 1433 inquam,quaa
1334 1368 1663 1428 cognomen
1696 1348 1929 1431 accepit
1959 1367 2028 1411 ex

384 1441 1141 1513 resurrectione,videbitis
1158 1449 1270 1516 (sat
1287 1441 1429 1512 scio)
1453 1440 1806 1520 ampliorem
1825 1448 1883 1501 et
1908 1457 2028 1500 ma—

377 1531 878 1612 jorem.Cumque
901 1532 1210 1593 didicisset
1230 1550 1349 1592 non
1373 1530 1506 1591 sine
1530 1531 1634 1593 Dei
1650 1530 1897 1591 numine
1918 1546 2029 1591 nec

389 1628 619 1683 temere
642 1621 989 1702 praedictum
1010 1621 1192 1681 fuisse
1213 1638 1244 1680 a
1266 1638 1477 1697 magno
1503 1618 1604 1679 illo
1627 1618 2030 1696 viro(etsinon

389 1717 571 1785 magis
597 1716 925 1785 praedictum
951 1713 1232 1771 tuissetde
1255 1712 1664 1782 templo,quam
1684 1709 1756 1766 de
1770 1709 2028 1781 populo):

1663 319 1945 389 MENSIS
2006 323 2039 385 J
2044 322 2143 386 AN
2155 321 2458 388 UARIUS.

425 455 617 524 V.Hic
641 457 800 523 enim
823 457 1154 524 Marcianus
1178 477 1312 520 cum
1332 458 1446 520 hoc
1468 476 1673 541 amore
1696 463 2025 530 teneretur,
2051 460 2089 510 Α

2196 449 2275 521 Ε’.
2323 461 2471 519 Οὕτω
2518 460 2640 539 ,γὰρ
2698 463 2725 517 ὁ
2784 459 3083 538 Μαρκιανὸς
3146 454 3361 515 θάλπων
3415 456 3504 515 τὸν
3547 456 3742 534 ἔρωτα,

2109 549 2195 605 καί
2224 572 2354 607 ποτε
2397 565 2515 614 τοῖς
2576 550 2755 630 λόγοις
2805 549 2898 607 τοῖ’)
2948 550 3034 605 καὶ
3064 548 3244 625 λόγοις
3274 548 3363 604 καὶ
3393 548 3611 623 τρόποις
3658 548 3749 605 καὶ

2107 639 2349 717 θεολογίᾳ
2408 639 2728 720 φαιδρότατα
2802 639 3198 713 διαλάμψαντος
3274 637 3476 711 ὁμιλῶν
3536 643 3745 714 Γρηγο-

2110 730 2241 810 ρίου,
2288 733 2449 809 φημὶ,
2510 738 2602 786 τοῦ
2643 737 2829 810 σοφοῦ,
2879 730 2965 785 καὶ
3013 728 3166 806 γνούς
3221 749 3271 783 τι
3315 728 3433 801 περὶ
3478 734 3570 783 τοῦ
3625 734 3752 782 ναοῦ

2110 818 2203 887 τῆς
2247 820 2505 897 μάρτυρος
2554 821 2775 893 ταύτης,
2838 818 3041 882 ἐκεῖνός
3087 838 3271 897 φησιν,
3317 816 3375 880 ὃς
3418 830 3596 872 κεῖται
3652 814 3751 890 μὲν

2111 911 2164 965 ἓν
2206 922 2326 973 τοῖς
2380 909 2518 966 οὕτω
2548 901 2894 983 καλουμένοις
2943 908 3197 982 Δομνίνο.)
3226 904 3535 982 Ἐμῗόλοις,
3565 906 3749 960 ὡσπε-

2111 1001 2192 1075 ρεὶ
2249 997 2301 1055 δὲ
2363 999 2690 1077 ὁρμητήριον
2745 998 2866 1055 τότε
2922 1010 3042 1061 τοῐς
3101 993 3393 1068 ὀρθοδόξοις
3456 994 3587 1050 κατὰ
3644 999 3751 1049 τῶν

2111 1086 2512 1165 ἀρειανιζόντων
2566 1088 2857 1166 ἐτύγχανεν
2912 1086 3009 1149 ὤν.
3063 1087 3185 1165 Περὶ
3238 1085 3421 1142 τούτου
3450 1085 3620 1140 τοίνυν
3660 1084 3753 1139 τοῦ

2108 1178 2247 1253 ἱεροῦ
2275 1193 2431 1255 γνους
2487 1177 2582 1233 οἶα
2632 1178 2839 1241 ἐκεῖνος
2872 1188 3118 1253 προεῖπε,
3151 1175 3250 1243 τὴν
3277 1177 3464 1231 ἑαυτοῦ
3518 1172 3749 1247 ποίμνην

2111 1264 2459 1344 ὲπιθαῤῥύνων
2496 1282 2509 1296 ·
2558 1263 2908 1323 Ἀναστασίαν
2960 1266 3182 1337 ταύτην,
3232 1264 3333 1331 τὴν
3381 1268 3478 1330 τῆς
3511 1264 3741 1320 ἀναστά-

2111 1377 2244 1420 σεως
2299 1357 2440 1433 λέγω
2499 1356 2800 1429 ἐπώνυμον,
2845 1354 3037 1430 ὄψεσθε
3079 1354 3433 1430 πλατυτέραν,
3486 1354 3542 1410 εὖ
3597 1353 3744 1425 οἴδα,

2110 1444 2188 1500 ἔτι
2248 1446 2333 1501 καὶ
2362 1446 2547 1520 μείζω.
2584 1446 2681 1503 Καὶ
2713 1445 2896 1516 μαθὼν
2943 1446 3038 1501 οὒκ
3078 1444 3140 1499 ἃν
3191 1444 3331 1500 ἆθεεὶ
3382 1449 3571 1516 ταῦτα,
3630 1441 3748 1499 οῦδὲ

2112 1536 2230 1600 εἷκῆ
2377 1533 2595 1613 μεγάλῳ
2625 1534 2933 1611 προείρητο,
2966 1535 3010 1589 εἰ
3060 1534 3148 1590 καὶ
3191 1534 3270 1608 μὴ
3316 1534 3431 1611 περὶ
3479 1542 3571 1591 τοῦ
3626 1542 3750 1591 ναοῦ

2114 1623 2321 1699 μᾶλλον
2350 1624 2386 1692 ἢ
2416 1633 2509 1683 τοῦ
2538 1622 2669 1680 λαοῦ
2726 1622 3012 1702 πρόρρησις
3045 1624 3135 1694 ἧν,
3171 1624 3267 1680 καί
3296 1626 3370 1688 ὡς
3404 1627 3431 1680 ὁ
3456 1622 3523 1680 δι’
3555 1624 3757 1684 ἐκείνου

2113 1716 2261 1770 ταυτὶ
2319 1713 2584 1790 προειπὼν
2630 1712 2725 1770 οὒκ
2780 1710 3031 1776 ἀδύνατος
3092 1712 3304 1777 πάντως
3351 1714 3436 1769 καὶ
3488 1716 3557 1774 εἰς
3604 1713 3760 1792 ἔργον

388 1806 448 1860 et
476 1807 681 1880 utpote
710 1798 865 1879 quod
902 1798 975 1871 is,
1000 1798 1099 1877 qui
1127 1814 1235 1877 per
1265 1795 1433 1856 illum
1469 1798 1595 1856 haec
1630 1793 2030 1874 praedixisset,

2117 1804 2235 1865 τοὺς
2294 1801 2486 1878 λόγους
2530 1800 2850 1880 ἐξενεγκεῖν,
2884 1800 3004 1857 οὔτε
3034 1802 3094 1858 τὸ
3138 1800 3338 1867 πληθις
3398 1825 3503 1859 τιυν
3535 1801 3752 1861 ἀναλω-

390 1896 591 1967 posset
606 1905 846 1968 quoque
864 1886 1040 1947 verba
1064 1886 1125 1945 in
1151 1902 1301 1964 opus
1321 1882 1846 1962 deducere,neque
1858 1900 2035 1962 repu-

387 1987 518 2038 tans
535 1977 939 2057 impensarum
965 1974 1643 2053 multitudinem,neque
1664 1971 1823 2052 quod
1844 1971 2033 2050 major

389 2076 547 2128 esset
570 2074 1025 2142 conatus,quam
1047 2064 1149 2145 qui
1174 2063 1308 2143 ejus
1331 2062 1557 2123 viribus
1571 2059 2028 2140 conveniret,ei,

386 2175 519 2237 quae
539 2155 737 2217 omnia
770 2163 986 2236 potest,
1022 2153 1163 2214 ﬁdei
1193 2170 1319 2213 rem
1353 2149 1635 2225 credens,
1667 2167 1820 2230 opus
1852 2148 2035 2228 cmpit

389 2263 607 2325 urgere
634 2267 648 2305 :
682 2255 741 2307 et
773 2243 915 2308 illud
952 2242 1193 2324 quidem
1229 2241 1427 2302 minus
1458 2248 1516 2301 et
1543 2248 1712 2301 vetus
1744 2237 2032 2317 templum

390 2335 677 2416 relinquit
709 2336 767 2396 in
804 2334 990 2415 priori
1025 2333 1232 2411 ﬁgura,
1270 2338 1332 2391 ut
1367 2330 1454 2392 sic
1484 2330 1768 2390 omnibus
1797 2328 1869 2390 ad
1893 2345 2033 2406 spe-

388 2425 666 2486 ctandum
693 2421 1370 2506 propositum,apertius
1391 2436 1567 2500 quam
1598 2418 1797 2497 lingua
1822 2416 2033 2506 praedi-

387 2522 551 2577 caret
567 2505 857 2593 Theologi
881 2512 1280 2594 prophetiam:
1307 2509 1560 2572 alterum
1580 2516 1777 2568 autem
1800 2506 1856 2567 ei
1879 2505 2035 2567 exci-

388 2613 472 2666 tat
496 2605 817 2667 maximum
843 2611 903 2665 et
946 2599 1435 2682 pulcherrimum,
1472 2597 1532 2658 in
1557 2596 1764 2659 orbem
1786 2594 2029 2672 quidem

385 2694 562 2756 variis
584 2692 913 2774 porticibus
936 2690 1227 2770 atriisque
1248 2696 1305 2751 et
1326 2686 1798 2766 vestibulis,qum
1819 2686 1908 2747 vel
1932 2703 2036 2745 an-

390 2792 449 2844 te
471 2782 757 2862 templum
784 2783 1115 2858 elegantem
1141 2796 1263 2859 praa
1283 2795 1347 2838 se
1360 2776 1561 2838 ferunt
1580 2775 2033 2856 speciem,com-

393 2872 778 2952 prehendens
815 2892 828 2929 :
878 2868 936 2930 id
974 2877 1169 2929 autem
1199 2865 1377 2927 veluti
1404 2865 1721 2946 quamdam
1761 2881 2032 2952 magnam

395 2950 626 3019 stellam
653 2959 742 3019 vel
768 2958 996 3029 lunam,
1027 2975 1059 3016 a
1098 2954 1296 3014 multis
1334 2953 1527 3033 iisque
1550 2952 1818 3030 pulchris
1849 2950 2037 3011 stellis

391 3045 900 3111 circumdatam.in
916 3043 1113 3105 medio
1128 3040 1602 3120 erigeusﬂualis
1618 3039 1777 3102 enim
1794 3039 1851 3100 id
1868 3056 2033 3100 com-

390 3134 564 3215 plexa
585 3133 661 3195 sit
682 3132 1082 3214 pulchritudo,
1109 3131 1522 3192 columnarum
1562 3127 1937 3208 splendores,
1976 3136 2033 3189 et

388 3218 1546 3301 colores,etmagnitudo,lampidumque
1568 3216 2035 3296 fulgor,etclario

390 3322 478 3375 tas
503 3312 1002 3383 materiaaurum
1027 3315 1246 3370 tectum
1269 3325 1448 3388 supra
1466 3307 1866 3382 illustrans,ut
1894 3306 2029 3368 ubi-

390 3419 510 3482 que
527 3401 797 3481 picturae,
831 3417 961 3479 quas
977 3398 1125 3460 artis
1147 3397 1387 3477 quidem
1418 3396 1781 3476 perfectione
1800 3404 2034 3459 mentes

388 3489 893 3568 obstupefaciunt,
918 3488 1124 3549 oculos
1145 3495 1341 3547 autem
1368 3485 1719 3547 demulcent
1749 3487 2032 3548 varietate

388 3577 808 3641 materiasJam
838 3595 976 3639 vero
996 3578 1235 3637 demum
1261 3575 1616 3636 venerandus
1636 3574 2030 3637 illuminatio-

387 3668 617 3742 nis,aut
639 3686 769 3729 eam
794 3685 927 3747 quae
945 3674 1035 3729 est
1054 3664 1377 3729 constituta
1397 3664 1470 3726 ad
1496 3664 1840 3745 reponenda
1862 3682 2032 3727 sacra

388 3776 524 3820 vasa
544 3764 603 3819 et
620 3757 889 3827 donaria,
922 3755 1222 3837 quomodo
1244 3755 1381 3835 quis
1412 3753 1645 3827 dicens,
1681 3772 1797 3814 non
1835 3753 2033 3815 minus

386 3847 628 3928 dixerit,
664 3866 841 3929 quam
885 3846 1147 3926 postulet
1182 3842 1736 3925 operumdignitas?
1758 3841 2027 3922 Ipsorum

386 3946 582 4000 autem
616 3954 895 3998 vasorum
937 3933 1407 4007 multitudinem,
1437 3942 1543 3994 aut
1569 3930 1900 4006 materiam,
1935 3941 2034 3993 aut

383 4036 574 4089 artem
609 4027 708 4108 qui
732 4026 885 4086 volet
908 4025 1180 4085 oratione
1201 4021 1664 4102 persequi,sciet
1692 4022 2035 4094 omnino,se

386 4132 458 4176 ea
476 4115 669 4175 solum
692 4113 897 4174 mirari
924 4130 1247 4191 posse,non
1273 4110 1478 4189 lingua
1495 4110 2033 4188 exprimere.Adeo

385 4212 524 4265 sunt
541 4202 741 4264 omnia
763 4220 930 4282 asque
951 4200 1404 4272 excellentia,ut
1428 4199 1662 4261 etiamsi
1690 4219 1866 4262 nemo
1891 4218 2035 4280 pra!-

387 4292 624 4362 dixerit,
652 4292 743 4353 vel
765 4309 833 4353 ex
863 4291 974 4351 hoc
999 4289 1189 4370 possit
1211 4306 1347 4351 esse
1371 4288 1752 4352 manifestum
1775 4289 2032 4351 videnti-

385 4380 685 4461 bus,quod
716 4398 788 4442 ea
818 4387 1019 4441 mente
1046 4378 1247 4439 divina
1278 4388 1724 4458 processerunt,
1760 4385 1820 4438 et
1853 4396 2033 4439 uianu

390 4469 586 4532 divina
616 4477 793 4549 Opem
828 4468 1060 4530 ferente
1087 4486 1120 4528 e
1151 4467 1406 4547 superis.

467 4546 865 4622 VLOmnibus
880 4565 1075 4619 autem
1098 4546 1761 4629 convenientibusmovi
1782 4556 2025 4636 quidem
2051 4546 2095 4598 ο

392 4643 2032 4728 templi(8),utparest,encteniacelebrabantur,etdies

388 4755 625 4818 quoque
655 4756 775 4813 quo
806 4737 937 4817 ipsa
970 4744 1195 4816 martyr
1225 4743 1533 4797 certamen
1564 4735 2027 4807 consummavit,

386 4827 546 4903 ipso,
581 4825 847 4906 inquam,
885 4823 1239 4887 Decembre.
1275 4823 1795 4885 Vocabantautem
1829 4842 2030 4887 encas-

383 4915 631 4993 niat9)et
652 4915 864 4977 ﬁdeles
887 4914 1287 4994 imperatores
1311 4920 1366 4974 et
1391 4929 1629 4973 sacrum
1654 4921 1951 4993 senatum,
1974 4924 2035 4976 et

383 5004 727 5067 universam
764 5010 857 5079 (ut
886 5004 1078 5065 semel
1105 5002 1327 5078 dicam)
1357 5000 1677 5063 civitatem.
1701 4999 2031 5083 Oportebat

383 5094 721 5174 autem,qui
753 5092 1370 5165 latebat,Marcianum
1395 5110 1466 5153 eo
1487 5090 1586 5152 die
1616 5091 1804 5154 videri
1837 5095 2034 5174 qualis

387 5194 546 5248 esset
572 5184 866 5256 moribus,
902 5184 1093 5264 qualis
1128 5184 1345 5244 virtute
1379 5190 1437 5243 et
1467 5190 1750 5262 quantum
1781 5202 1846 5245 se
1880 5185 2034 5245 ultra

389 5273 664 5337 mandata
697 5273 1083 5335 extendebat.
1115 5270 1258 5334 Nam
1295 5291 1431 5333 cum
1483 5280 1603 5333 tota
1644 5280 2036 5335 concurreret

388 5366 591 5426 civitas
612 5375 670 5426 et
692 5371 937 5444 egentes
959 5383 1075 5425 una
1106 5381 1241 5424 cum
1275 5380 1344 5423 ea
1371 5362 1627 5443 quodam
1655 5370 1824 5439 pacto
1848 5372 2034 5425 attra-

2119 1893 2300 1965 μάτων
2330 1890 2414 1948 ἐπὶ
2457 1898 2576 1949 νοῦν
2605 1890 2845 1968 θέμενος,
2878 1889 2984 1946 οὗθ’
3019 1889 3096 1947 ⁵5τι
3155 1899 3342 1963 μεῖζον
3383 1891 3417 1961 ἢ
3462 1893 3578 1949 καθ’
3624 1894 3752 1949 ἑαυ-

2118 1983 2206 2038 τὸν
2249 1983 2311 2037 τὸ
2386 1981 2710 2060 ἐγχείρημα,
2774 1985 2841 2055 τῇ
2898 1980 3069 2036 πάντα
3143 1978 3405 2056 δυναμένῃ
3463 1983 3635 2038 πίστει
3692 1985 3757 2039 τὸ

2116 2076 2336 2147 πρᾶγμα
2381 2070 2691 2141 πιστεύσας,
2725 2066 2877 2146 ἔργοιο
2909 2066 3119 2147 εἴχετο.
3160 2069 3255 2126 Καὶ
3310 2071 3400 2125 τὸν
3450 2071 3548 2144 μὲν
3611 2070 3756 2137 ἥττω

2116 2160 2201 2215 καὶ
2231 2157 2458 2215 παλαιὸν
2485 2157 2688 2213 ἐκεῖνον
2721 2159 2844 2212 ναὸν
2874 2156 2960 2213 ἐπὶ
3012 2165 3107 2214 τοῦ
3155 2157 3410 2236 προτέρου
3465 2160 3753 2238 σχήματος

2116 2247 2451 2327 καταλείπει,
2484 2246 2558 2302 ἵν’
2591 2245 2727 2303 οὕτω
2786 2244 2990 2319 μᾶλλον
3034 2248 3103 2307 εἰς
3147 2247 3267 2303 θέαν
3322 2248 3519 2305 ἅπασιν
3564 2250 3750 2323 κείμε-

2117 2358 2227 2409 νος,
2287 2338 2595 2414 τρανότερον
2653 2334 2688 2403 ἢ
2739 2333 2950 2413 γλῶττα
2992 2338 3086 2392 τοῦ
3136 2335 3398 2414 Θεολόγου
3427 2340 3751 2415 προφητείαν

2118 2426 2458 2504 ἆνακηρύττῃ
2494 2446 2505 2459 ·
2568 2423 2730 2481 ἄλλον
2785 2423 2840 2480 δὲ
2881 2429 3023 2497 αῦτῷ
3067 2425 3324 2504 ἐπεγείρει
3383 2427 3633 2504 μέγιστόν
3693 2451 3750 2486 τε

2119 2518 2207 2572 καὶ
2265 2515 2573 2595 κάλλιστον,
2624 2514 2802 2587 κύκλῳ
2850 2514 2946 2589 μὲν
2980 2528 3168 2579 στοαῖς
3195 2515 3284 2572 καί
3321 2516 3577 2577 ποικίλοις
3610 2541 3749 2597 προ-

2116 2605 2320 2669 αυλίοις
2379 2627 2437 2661 τε
2492 2605 2603 2680 ἅμα
2647 2604 2741 2660 καί
2772 2605 3039 2682 ὑπαίθροις
3091 2603 3378 2680 διαλαϐὼν,
3413 2606 3620 2676 πολλὴν
3663 2611 3756 2666 καὶ

2115 2698 2215 2773 πρὸ
2262 2706 2354 2754 τοῦ
2402 2702 2528 2752 ναιοῦ
2588 2695 2679 2761 τὴν
2760 2693 2900 2765 ὥραν
2959 2692 3437 2770 προϐαλλομένοις,
3494 2697 3654 2772 μέσον
3698 2697 3754 2754 δὲ

2119 2787 2275 2841 αὑτὸν
2332 2784 2600 2860 ἀνεγείρας
2673 2784 2833 2839 οἱονεὶ
2916 2783 3085 2860 μέγαν
3164 2783 3359 2860 ἀστέρα
3415 2784 3450 2853 ἢ
3521 2786 3752 2856 σελήνην

2117 2873 2306 2945 αὒτὴν,
2351 2871 2576 2934 πολλοῖς
2634 2873 2723 2928 καὶ
2778 2877 2970 2936 καλοῖς
3002 2871 3214 2951 ἄστροις
3244 2874 3750 2952 περικυκλούμενον,

2118 2962 2227 3019 Οἷα
2257 2962 2357 3039 γὰρ
2417 2961 2576 3018 αὐτον
2633 2963 2720 3018 καὶ
2774 2960 3149 3042 περιειλήφασι
3194 2962 3393 3043 κάλλη,
3441 2966 3632 3021 κιόνων
3661 2970 3756 3025 αὖ·

2116 3051 2204 3127 γαὶ
2232 3055 2318 3106 καὶ
2350 3052 2531 3130 χροιαὶ
2559 3051 2648 3108 καὶ
2677 3049 2925 3128 μέγεθος,
2961 3052 3117 3108 λίθων
3171 3073 3230 3108 τε
3273 3053 3619 3125 στιλπνότης,
3665 3059 3757 3111 καὶ

2115 3139 2248 3206 ὕλης
2293 3139 2633 3219 λαμπρότης,
2680 3142 2876 3219 χρυσὸς
2932 3139 3041 3196 ἄνω
3089 3140 3453 3217 καταλάμπων
3496 3143 3595 3211 τὴν
3624 3144 3755 3223 ὀρο-

2115 3230 2244 3310 φῂν,
2301 3230 2399 3287 καῖ
2443 3228 2644 3311 γραφαὶ
2675 3241 2976 3310 πανταχοῦ,
3011 3230 3212 3309 τέχνης
3242 3231 3339 3306 μὲν
3364 3230 3600 3310 ἀκριϐείᾳ
3629 3234 3753 3313 φρέ-

2115 3343 2206 3384 νας
2266 3319 2680 3392 ἐκπλήττουσαι,
2725 3318 2858 3386 ὕλης
2917 3319 2970 3375 δὲ
3016 3320 3253 3393 ποικιλίᾳ
3297 3323 3422 3387 τοὺς
3452 3322 3751 3402 ὀφθαλμοὺς

2113 3409 2416 3489 θέλγουσαι.
2479 3411 2579 3467 Τόν
2635 3431 2698 3487 γε
2751 3410 2862 3484 μὴν
2905 3415 2997 3466 τοῦ
3046 3418 3243 3467 σεπτοῦ
3296 3414 3634 3489 φωτίσματος
3665 3414 3751 3471 οἷ-

2113 3522 2230 3579 κον,
2291 3501 2325 3567 ἢ
2382 3502 2538 3557 αὑτὸν
2594 3501 2683 3556 τὸν
2742 3500 2872 3575 πρὸς
2923 3498 3175 3555 ἀπόθεσιν
3230 3500 3338 3556 τῶν
3366 3502 3517 3578 ἱερῶν
3547 3509 3750 3559 σκευῶν

2114 3592 2201 3646 καὶ
2245 3589 2625 3664 ἀναθημάτων,
2683 3592 2796 3652 πῶς
2845 3587 2905 3644 ἄν
2949 3610 3028 3652 τις
3088 3591 3248 3646 εἱπων
3296 3589 3450 3655 ἀξίως
3485 3590 3633 3648 εἴποι
3663 3594 3749 3648 καὶ

2114 3682 2219 3737 τῶν
2276 3678 2443 3758 ἔργων
2489 3683 2585 3737 οῦκ
2653 3676 2890 3752 ἓνδεῶς;
2938 3678 3118 3736 Αὐτῶν
3171 3676 3226 3735 δὲ
3270 3686 3377 3736 τῶν
3434 3687 3636 3737 σκευῶν
3688 3686 3751 3739 τὸ

2113 3769 2339 3841 πλῆθος,
2406 3768 2442 3836 ἢ
2488 3769 2585 3836 τὴν
2640 3765 2794 3846 ὕλην,
2851 3766 2887 3835 ἢ
2930 3767 3031 3833 τὴν
3085 3768 3312 3848 τέχνην,
3346 3771 3372 3825 ὁ
3417 3791 3477 3847 γε
3509 3768 3750 3835 διεξιέναι

2115 3857 2435 3933 βουλόμενος
2485 3854 2689 3912 εἴσεται
2734 3855 2943 3917 πάντως
3001 3854 3082 3911 ὅτι
3131 3857 3415 3931 θαυμάζειν
3460 3858 3623 3918 μόνον
3654 3861 3752 3916 εἰσὶ

2116 3953 2302 4022 ταῦτα,
2363 3946 2485 4024 οὖχὶ
2569 3945 2655 4000 καὶ
2739 3941 2954 4019 γλώττῃ
3013 3943 3207 4001 δυνατὰ
3263 3944 3533 4024 λέγεσθαι.
3597 3946 3751 4005 Οἵτω

2115 4036 2287 4092 πάντα
2342 4032 2530 4099 ἐπίσης
2601 4034 2857 4112 ὒπερφυᾶ,
2914 4031 3055 4089 ὥστε
3110 4035 3200 4090 καὶ
3258 4043 3336 4108 μή
3403 4037 3749 4109 προειπόντος

2117 4121 2345 4198 μηδενὸς
2390 4120 2604 4180 αὐτόθεν
2636 4122 2778 4179 εἶναι
2808 4122 2928 4184 τοῖς
2981 4125 3141 4197 ὁρῶσι
3186 4129 3371 4202 σαφὲς,
3421 4125 3501 4181 ὅτι
3558 4125 3751 4203 γνώμῃ

2117 4220 2250 4272 Θεοῦ
2276 4219 2439 4269 ταῦτα
2482 4209 2706 4291 προέϐη,
2740 4213 2827 4267 καὶ
2853 4212 2993 4274 θείας
3026 4209 3222 4269 ἄνωθεν
3254 4216 3437 4292 χειρὸς
3466 4218 3751 4293 συνεργού-

2117 4324 2241 4369 σης.

2190 4567 2291 4642 ς’,
2333 4569 2546 4624 [Ιάντων
2576 4574 2665 4625 οὖν
2722 4565 3098 4646 συνελθόντων,
3154 4568 3332 4647 ὥσπερ
3362 4571 3525 4643 εἰκὸς,
3558 4571 3745 4647 ἒγκαί-

2112 4680 2196 4713 νια
2226 4659 2324 4731 μὲν
2381 4668 2476 4717 τοῦ
2531 4658 2714 4713 καινοῦ
2769 4657 2958 4713 τούτου
2991 4663 3113 4712 ναοῦ
3156 4656 3341 4734 ἤγετο.
3405 4663 3511 4717 Καὶ
3570 4658 3746 4737 ἡμέρα

2112 4743 2227 4803 καθ’
2278 4747 2345 4815 ἣν
2405 4747 2492 4802 καὶ
2546 4747 2580 4813 ἡ
2641 4747 2837 4823 μάρτυς
2894 4744 3124 4802 ἐτελείου
3176 4747 3273 4813 τὴι
3333 4743 3575 4819 ἄθλησιν,
3626 4749 3751 4804 κατ’

2113 4837 2292 4908 αὒτὸν,
2329 4836 2488 4912 φημὶ,
2523 4836 2614 4890 τὸν
2669 4830 3013 4911 Δεκέμϐριον.
3046 4832 3266 4892 Ἐκάλει
3313 4833 3369 4891 δὲ
3401 4835 3466 4892 τὰ
3509 4834 3750 4912 ἐγκαίνια

2115 4926 2199 4980 καὶ
2244 4927 2365 4989 τοὺς
2423 4926 2640 4987 πιστοὺς
2696 4921 2979 4998 βασιλεῖς,
3040 4924 3127 4979 καὶ
3183 4924 3281 4990 τὴν
3339 4926 3480 5001 ἱερὰν
3524 4924 3749 5002 βουλὴν,

2111 5016 2200 5070 καὶ
2252 5014 2353 5079 τὴν
2397 5011 2574 5091 πόλιν,
2621 5014 2691 5077 ὡς
2737 5013 2909 5067 εἰπεῖν
2963 5010 3195 5069 ἃπασαν.
3246 5011 3391 5070 Ἔδει
3449 5013 3503 5070 δὲ
3537 5014 3632 5090 ἄρα
3664 5018 3753 5069 καὶ

2116 5103 2415 5179 Μαρκιανὸν
2496 5101 2857 5179 κρυπτόμενον
2937 5098 3054 5156 κατ’
3124 5101 3290 5169 αὐτὴν
3369 5103 3592 5180 ὀφθῆναι
3654 5106 3755 5168 τὴν

2114 5191 2341 5269 ἡμέραν,
2400 5194 2517 5254 οἷος
2560 5192 2651 5245 τὸν
2708 5189 2900 5266 τρόπον
2942 5187 3028 5261 ἧν,
3077 5190 3195 5254 οἶος
3243 5191 3340 5258 τὴν
3388 5191 3605 5271 ἀρετὴν,
3667 5194 3763 5247 καὶ

2116 5287 2213 5348 τῆς
2246 5279 2469 5345 ἐντολῆς
2529 5277 2690 5336 πλέον
2747 5278 3207 5351 ἐπεκτεινόμενος.
3259 5285 3362 5346 Τῆς
3414 5281 3513 5358 γὰρ
3543 5280 3606 5347 δὴ
3652 5282 3758 5336 πό-

2117 5368 2251 5432 λεως
2286 5368 2682 5447 συντρεχούσης
2728 5366 2932 5445 πάσης,
2990 5368 3076 5422 καὶ
3122 5373 3229 5422 τῶν
3258 5364 3524 5442 δεομένων
3580 5368 3762 5445 ὥσπερ

469 5541 561 5615 (8)
590 5542 908 5605 Dedicatur
931 5549 1045 5604 tem
1094 5541 1217 5603 lum
1250 5546 1471 5601 sanctas
1501 5538 1840 5602 Athanasiae
1867 5559 1968 5602 an.
2000 5544 2142 5620 459,
2176 5553 2240 5606 ut
2267 5543 2448 5607 habet
2476 5542 2789 5607 Baronius.

472 5619 549 5682 t9)
587 5621 682 5682 Ad
714 5623 1032 5682 Encamia.
1055 5560 1208 5682 legit
1235 5619 1549 5682 Baronius.

472 5619 549 5700 (9)
587 5621 682 5682 Ad
714 5623 1032 5701 Encamia,
1056 5619 1208 5703 legit
1235 5619 1549 5682 Baronius.
