4062 6194
416 301 534 369 439

1704 306 1986 371 MENSIS
2039 307 2491 373 JANUARIUS.

3668 304 3776 372 440

420 441 687 523 exceptis
719 440 810 505 his
862 441 1228 507 indumentis
1279 442 1753 506 sacerdotalibus
1789 462 1804 508 :
1837 443 2056 514 nudos,

2155 442 2270 525 δίχα
2342 452 2447 503 τῶν
2513 448 2794 523 ἱερατικῶν
2865 445 3064 503 τούτων
3122 440 3538 519 ἐπιϐληματηιν·
3597 446 3782 521 γυμνὸς

410 531 682 611 inquam,
715 535 814 613 qui
849 551 986 596 vere
1017 537 1211 595 aureis
1241 531 1476 593 virtutis
1512 533 1752 607 tunicis,
1786 552 1916 615 quae
1946 530 2056 593 sub

413 629 717 701 aspectum
754 642 869 684 non
904 622 1148 696 cadunt,
1187 620 1519 700 tegebatur.
1556 624 1682 685 Hoc
1714 622 2053 703 pontiﬁcem

412 711 651 793 quidem
670 711 987 775 adducitin
1005 711 1462 774 admirationem
1485 733 1498 775 :
1525 712 1581 772 in
1595 712 2052 774 admirationem

412 809 608 863 autem
644 801 882 864 adducit
915 802 1091 864 etiam
1149 801 1542 879 imperatores
1576 802 1724 880 (10),
1769 820 1902 861 cum
1929 801 2050 880 jam

415 890 568 952 fama
591 890 660 951 ad
687 910 788 951 ens
818 893 1223 969 pervenisset:
1252 889 1474 951 clarum
1501 899 1699 952 autem
1726 888 1897 967 erigit
1929 899 2052 950 tro-

415 999 606 1059 paanm
663 979 839 1041 simul
867 990 925 1041 et
956 981 1240 1041 adversus
1267 978 1582 1057 malignam
1616 987 1674 1040 et
1706 979 2052 1041 sceleratam

412 1069 537 1130 Arii
574 1068 675 1147 [aL
728 1068 1097 1150 Eutychetis]
1134 1067 1448 1146 insaniam,
1477 1087 1630 1146 quae,
1661 1069 1806 1147 proh
1842 1068 2051 1129 dolor!

415 1178 604 1238 usque
651 1159 721 1220 ad
754 1158 811 1219 id
843 1170 1076 1237 tempus
1127 1155 1558 1219 defendebatur
1608 1156 1681 1218 ab
1734 1157 2051 1238 aliquibus.

414 1247 709 1309 Fidelium
741 1248 898 1310 enim
935 1247 1275 1319 multitudo,
1311 1265 1443 1307 cum
1500 1247 1787 1309 miraculo
1813 1248 1867 1309 ei
1901 1258 2057 1309 esset

414 1337 597 1399 veluti
630 1336 866 1398 additus
898 1340 1151 1405 animus,
1183 1335 1315 1397 etin
1340 1343 1500 1397 recta
1526 1344 1684 1397 esset
1711 1337 2057 1399 conﬁrmata

416 1426 865 1503 sententia,Arii
890 1426 1129 1506 quidem
1154 1425 1427 1503 dogmata
1448 1424 2055 1507 respuebattanquam

416 1534 603 1593 nugas
640 1537 653 1578 :
691 1516 802 1597 ipsi
836 1524 1029 1577 autem
1066 1513 1313 1594 perinde
1364 1532 1431 1573 ac
1476 1515 1748 1593 quaedam
1793 1519 2055 1579 amnium

421 1606 953 1685 ﬂuenta.prompto
979 1613 1035 1667 et
1058 1604 1237 1665 alacri
1275 1603 1471 1664 animo
1493 1602 1563 1663 ad
1601 1603 1885 1684 templum
1910 1623 2058 1667 con-

423 1693 712 1768 ﬂuebant,
749 1693 965 1774 partim
1000 1692 1240 1775 quidem
1271 1692 1728 1772 contemplaturi
1762 1695 1893 1773 ejus
1924 1695 2059 1775 pul-

2141 536 2167 590 ὁ
2212 550 2437 614 χρυσοῖς
2497 535 2662 596 ὅντως
2713 535 2810 603 τῆς
2883 535 3074 611 ἀρετῆς
3132 541 3332 614 χιτῶσι
3377 547 3498 597 τοῖς
3557 533 3784 599 ἀθεάτοις

2140 623 2491 697 σκεπόμενος.
2546 633 2710 683 Τοῦτο
2754 624 2984 691 ἐξίστησι
3042 624 3138 698 μὲν
3193 626 3292 681 τὸν
3365 625 3643 702 ἂργιερὲα,
3702 624 3781 688 ἐξ-

2141 713 2316 780 iamet
2360 713 2412 770 δὲ
2445 716 2565 775 τοὺς
2625 721 2974 792 κρατοῦντας,
3020 711 3120 780 ἤδη
3165 723 3259 772 τοῦ
3310 712 3476 789 λόγου
3536 715 3620 768 καὶ
3666 715 3786 789 πρὸς

2138 804 2324 869 αὐτοὺς
2395 801 2775 866 διαϐαίνοντος
2847 802 3035 869 ἵστησι
3105 800 3159 858 δὲ
3230 803 3495 872 τρόπαιον
3569 803 3789 879 ἐμφανὲς

2136 894 2273 949 κατὰ
2328 903 2421 952 τοῦ
2452 900 2687 963 πονηροῦ
2725 893 2836 966 ἅμα
2893 897 2992 950 καὶ
3042 892 3137 959 τῆς
3187 898 3389 969 μιαρᾶς
3434 889 3642 968 Ἀρείου
3684 916 3787 966 μα-

2146 984 2274 1063 νίας,
2335 984 2436 1038 ὑπό
2503 1004 2685 1052 τινων,
2748 980 2891 1061 φεῦέ
2953 979 3111 1037 εἰσέτι
3186 979 3651 1057 πρεσόενλομένης.
3723 984 3790 1039 Τὸ

2139 1073 2237 1149 γὰρ
2297 1071 2362 1139 δὴ
2396 1074 2502 1128 τῶν
2560 1078 2765 1127 πιστῶν
2826 1070 3029 1137 πλῆθος
3090 1071 3473 1149 ἀναθαρσῆσαν
3517 1069 3695 1147 ὥσπερ
3723 1077 3792 1144 τῷ

2138 1164 2387 1235 θαύματι,
2452 1164 2537 1217 καὶ
2594 1167 2659 1235 τῇ
2719 1161 2847 1237 ὀρθῇ
2902 1158 3024 1232 δόξῇ
3090 1159 3410 1235 βεϐαιωοέν,
3476 1161 3541 1215 τὰ
3594 1159 3790 1237 Ἀρείου

2140 1252 2236 1326 μὲν
2297 1251 2392 1307 ἴσα
2438 1252 2525 1306 καὶ
2582 1248 2776 1326 λήρους
2825 1248 3088 1305 διέπτυον·
3151 1250 3302 1306 αὒτοὶ
3345 1247 3401 1304 δὲ
3447 1248 3631 1323 ὥσπερ
3681 1250 3788 1305 τινὶ

2140 1340 2384 1414 ποταμοῦ
2482 1339 2710 1413 ῥεύματο
2786 1345 2862 1411 τῷ
2936 1344 3047 1410 ναῷ
3132 1339 3422 1414 προθύμως
3502 1336 3786 1413 συνέρρεον,

2140 1436 2295 1485 τοῦτο
2328 1429 2424 1501 μὲν
2483 1430 2545 1484 τὸ
2575 1426 2773 1489 κάλλος
2805 1427 2963 1485 αὺτοῦ
3018 1425 3361 1501 θεασόμενοι,
3398 1433 3555 1483 τοῦτο
3605 1424 3657 1480 δὲ
3712 1417 3792 1481 καὶ

2141 1524 2247 1574 τῶν
2300 1518 2466 1594 ὀρθῶν
2509 1515 2683 1594 λόγων
2741 1515 3189 1584 ἑπακουσόμενοι.
3254 1516 3428 1579 Οὗτος
3473 1514 3529 1570 δέ
3561 1516 3621 1570 τὸ
3670 1514 3791 1592 συρ-

2142 1606 2258 1685 ῥέον
2291 1605 2427 1662 πολύ
2470 1628 2520 1661 τι
2552 1606 2638 1661 καὶ
2688 1603 2905 1681 ἄπειρον
2934 1604 3023 1676 ἠν,
3057 1603 3195 1661 ὥστε
3246 1607 3340 1661 καὶ
3404 1606 3467 1661 τὸ
3496 1611 3603 1659 τῶν
3646 1625 3790 1681 περι-

2144 1695 2318 1752 ϐόλων
2378 1696 2536 1772 ἐγγὺς
2595 1694 2837 1769 γενέσθαι
2896 1691 3081 1768 μόνον,
3145 1694 3306 1751 ἆθλον
3363 1692 3602 1772 ἱδρώτων
3661 1697 3793 1749 εἶναι

418 1783 1069 1864 chritudinem,partim
1096 1789 1291 1844 autem
1317 1790 1513 1843 rectos
1538 1800 1780 1862 quoque
1802 1783 2059 1847 audituri

2155 1784 2362 1842 πολλῶν
2408 1786 2492 1840 καὶ
2551 1782 2863 1863 φιλοτιμίας
2923 1781 3067 1846 ἄξιον
3125 1797 3239 1846 τοῖς
3289 1780 3524 1840 πολλοῖς
3585 1785 3793 1853 νομιζό-

415 1890 753 1949 sermones.
779 1872 966 1935 Tanta
992 1881 1188 1935 autem
1218 1880 1275 1932 et
1295 1880 1411 1932 tam
1437 1871 1889 1935 innumerabilis
1910 1893 2060 1936 con-

2147 1899 2328 1950 μενοι,

421 1962 645 2023 ﬂuebat
694 1961 1033 2032 multitudo,
1067 1970 1124 2022 ut
1172 1960 1259 2022 vel
1294 1960 1486 2022 solum
1540 1961 1865 2023 accessisse
1903 1982 2088 2046 prope
2144 1964 2424 2035 ambitus,
2460 1969 2620 2024 esset
2678 1963 2982 2041 prwmium
3016 1960 3341 2022 multorum
3395 1958 3706 2035 sudorum,
3737 1963 3795 2018 et

419 2070 451 2111 a
486 2052 687 2115 multis
720 2053 1160 2115 existimaretur
1190 2050 1462 2129 dignum,
1497 2049 1572 2112 de
1602 2069 1717 2130 quo
1748 2053 1968 2116 acriter
1998 2055 2455 2118 contenderent.

503 2140 599 2204 1X.
637 2140 1081 2204 Conveniebant
1106 2157 1268 2219 ergo,
1295 2138 1452 2200 diem
1489 2157 1669 2200 unum
1704 2140 1915 2202 festum
1938 2142 2060 2205 fre-

424 2231 630 2311 quenti
664 2233 944 2311 deinceps
983 2239 1250 2308 tempore
1278 2227 1675 2290 celebrantes.
1705 2230 1851 2291 Nam
1884 2232 1957 2293 ab
1993 2252 2063 2295 eo

424 2340 663 2401 quoque
688 2320 1021 2402 frequentia
1042 2318 1260 2380 ﬁebant
1282 2317 1567 2379 miracula
1620 2317 1695 2380 Ex
1721 2319 1964 2399 quibus,
1989 2342 2064 2385 ne

423 2410 485 2469 in
521 2409 722 2470 multis
754 2408 1026 2472 dicendis
1071 2408 1375 2480 immorer,
1413 2406 1649 2487 aliquod
1684 2427 1867 2469 unum
1898 2413 2061 2472 acci-

429 2498 603 2580 piens
638 2498 914 2572 narrabo,
951 2496 1106 2579 quod
1133 2497 1274 2558 satis
1304 2506 1394 2558 est
1424 2506 1478 2558 et
1510 2497 1584 2558 ad
1628 2499 2061 2563 ostendendam

426 2588 625 2668 magni
655 2586 1231 2667 Mareianigratiam,
1259 2596 1316 2648 et
1338 2584 1497 2667 quod
1522 2587 1632 2649 hoc
1653 2604 1885 2649 sacrum
1914 2597 2063 2651 tem-

428 2678 589 2758 plum
628 2678 734 2740 Dei
766 2678 1067 2739 voluntate
1110 2675 1328 2737 factnm
1361 2675 1439 2736 sit
1472 2696 1483 2733 :
1518 2673 1867 2738 Incendium
1910 2680 2060 2757 (11),

427 2767 583 2848 quod
619 2786 735 2828 non
774 2767 958 2828 multa
989 2764 1196 2827 habuit
1225 2763 1467 2839 similia,
1504 2764 1685 2826 exitio
1718 2765 1894 2827 dabat
1940 2766 2063 2828 Ro-

429 2865 551 2916 stra
585 2856 705 2935 (19)
745 2856 1003 2917 Domini.
1038 2853 1180 2915 Nam
1213 2871 1347 2914 cum
1380 2852 1534 2931 ignis
1565 2854 2066 2933 apprehendisset

429 2943 585 3015 loca,
610 2963 742 3024 qua)
768 2952 905 3004 sunt
928 2944 998 3004 ad
1029 2960 1193 3003 mare
1215 2940 1676 3015 Boreale,totam
1703 2942 1910 3004 urbem
1933 2943 2067 3004 cin-

430 3030 696 3111 gebat,et
718 3031 807 3092 sic
829 3048 1076 3111 serpens
1096 3031 1596 3109 ferociter,usque
1616 3030 1689 3091 ad
1714 3030 2067 3112 mare,quod

432 3128 523 3181 est
558 3121 617 3182 in
650 3121 930 3195 meridie,
954 3119 1312 3199 depascebat
1335 3121 1533 3181 omnia
1563 3137 1696 3198 qua:
1728 3119 2068 3182 intercede-

434 3210 598 3274 bant.
649 3210 1102 3292 Consequenter
1153 3226 1292 3287 ergo
1335 3209 1488 3270 hanc
1539 3226 1779 3289 quoque
1837 3227 2067 3270 sacram

2229 2144 2320 2207 6’.
2351 2145 2603 2200 Συνίεσαν
2627 2145 2740 2222 οὖν,
2775 2143 2962 2218 ἑορτὴν
2995 2144 3119 2217 μίαν
3150 2145 3355 2224 συχνὸν
3387 2142 3581 2222 ἐφεξῆς
3612 2141 3787 2200 ποιού-

2148 2256 2301 2309 μενοι
2364 2234 2584 2312 χρόνον·
2618 2240 2702 2288 καὶ
2731 2233 2972 2306 θαύματα
3014 2243 3259 2289 ετελεῖτο
3294 2235 3496 2313 συχνά.
3558 2228 3677 2308 Ὧν,
3714 2233 3792 2287 ita

2148 2324 2225 2398 μὴ
2256 2324 2322 2379 τὰ
2350 2320 2523 2378 πολλὰ
2567 2320 2739 2398 λέγων
2770 2319 3094 2400 ἐνδιατρίϐω,
3132 2322 3187 2378 ἕν
3232 2324 3294 2398 γέ
3327 2345 3378 2378 τι
3425 2324 3626 2379 τούτων
3657 2321 3787 2376 ἁπο-

2146 2409 2324 2467 λαόὼν
2383 2408 2740 2488 διηγήσομαι,
2800 2412 2979 2466 ἱκανὸν
3049 2414 3397 2490 παραστῆσαι
3454 2413 3556 2482 τήν
3612 2432 3667 2466 τε
3708 2416 3793 2466 τοῦ

2145 2500 2381 2578 μεγάλου
2438 2500 2738 2577 Μαρκιανοῦ
2803 2521 2987 2578 χαριν,
3051 2502 3137 2556 καὶ
3182 2502 3244 2557 τὸ
3290 2504 3383 2557 νὸν
3453 2502 3595 2578 ἱερὸν
3650 2501 3795 2555 αὖτοῦ

2147 2592 2316 2655 σηκὸν
2367 2591 2504 2646 κατὰ
2576 2588 2801 2665 γνώμην
2872 2593 3189 2665 γεγενῆσθαι
3260 2597 3422 2650 Θεοῦ·
3483 2588 3795 2664 Ἐμπησμὸς

2146 2680 2266 2740 οἶος
2311 2678 2369 2734 οὗ
2416 2676 2646 2740 πολλοὺς
2690 2676 2840 2756 ἔχειν
2870 2678 3106 2751 ὁμοίους,
3141 2679 3263 2744 τοὺς
3322 2681 3585 2753 Δομνὶνου
3640 2675 3795 2752 ἐμϐό-

2149 2767 2272 2829 λους
2332 2765 2719 2839 διελυμαίνετο,
2775 2769 2846 2825 Τὸ
2877 2768 2977 2844 γὰρ
3021 2775 3121 2845 πῦρ
3149 2774 3257 2824 τῶν
3302 2771 3439 2846 πρὸς
3470 2776 3540 2845 τῇ
3598 2767 3796 2846 ἀρκτῴᾳ

2148 2856 2390 2931 θαλάσσῃ
2421 2877 2599 2933 τρπων
2630 2855 3041 2929 ἐπιλαϐόμενον⁴
3076 2858 3176 2925 τὴν
3207 2856 3370 2914 πόλιν
3429 2858 3562 2925 ὅλην
3592 2859 3793 2933 ἐζώννυ,

2150 2947 2239 3001 καὶ
2283 2945 2449 3006 οὕτως
2484 2943 2645 3021 ἕρπον
2708 2944 2902 3022 ἀγρίως
2947 2945 3077 3027 ἄχρι
3111 2947 3196 3003 οιαὶ
3252 2954 3354 3014 τῆς
3403 2948 3458 3003 ἒν
3504 2944 3794 3022 μεσημϐρίᾳ

2152 3032 2423 3098 θαλάσσης
2479 3034 2651 3090 πάντα
2720 3035 2785 3089 τὰ
2841 3034 3036 3109 μεταξὺ
3093 3035 3426 3101 διεϐόσκετο,
3475 3035 3792 3096 Ἀκολούθως

2154 3123 2242 3180 οὖν
2297 3124 2384 3178 καὶ
2429 3124 2519 3178 τὸν
2575 3123 2714 3201 ἱερὸν
2771 3124 2929 3181 οἷκον
2980 3128 3168 3182 teuto»
3224 3129 3259 3197 ἦ
3303 3135 3399 3184 τοῦ
3450 3127 3611 3203 πυρὸς
3661 3124 3790 3200 ῥύμη

2155 3208 2570 3287 περιελάμϐανε.
2636 3220 2752 3271 Τῶν
2783 3215 2871 3269 οὖν
2920 3214 3126 3270 οἰκείων
3158 3214 3385 3280 ἕκαστος
3439 3213 3793 3292 ἀμελήσαντες

433 3299 619 3362 aedem
658 3300 812 3379 ignis
837 3297 1385 3380 comprehendebat
1416 3297 1696 3377 impetus.
1736 3296 2068 3379 Unusquis-

2158 3307 2439 3381 συμφορῶν
2484 3304 2601 3378 περὶ
2657 3303 2748 3358 τὸν
2809 3304 2936 3358 ναὸν
2993 3303 3233 3378 ἐκθύμως
3281 3305 3565 3386 ὶχώρουμ,
3601 3302 3792 3371 ἆθεᾶτῷ

435 3407 550 3472 que
570 3407 710 3469 ergo
736 3388 992 3470 propriis
1015 3387 1299 3466 neglectis
1321 3386 1783 3459 calamitatibus,
1808 3386 1882 3448 ad
1916 3395 2070 3449 tem—

437 3480 599 3560 plum
623 3479 841 3540 acriter
863 3476 1243 3559 procedebat.
1267 3475 1521 3556 igni,qui
1547 3493 1666 3537 non
1690 3475 2069 3548 cernebatur,

436 3587 644 3630 eorum
673 3569 1056 3630 inflammatis
1077 3565 1313 3627 animis.
1351 3566 1543 3628 Homo
1569 3573 1764 3626 autem
1794 3564 1898 3627 Dei
1928 3565 2074 3626 nihil

439 3658 881 3734 perterritus,et
907 3675 980 3718 ne
1002 3662 1050 3718 si
1074 3654 1313 3736 quidem
1340 3673 1474 3716 cum
1494 3654 1554 3714 in
1581 3654 1784 3716 orbem
1812 3653 2075 3716 circum-

433 3747 663 3810 sideret
685 3748 861 3827 ignis,
890 3746 1061 3808 nihili
1088 3745 1335 3819 faciens,
1361 3743 1463 3804 sed
1491 3742 1628 3805 ﬁdei
1653 3743 1710 3803 in
1735 3744 1926 3805 Deum
1951 3760 2078 3804 cre-

438 3837 587 3899 dens
610 3839 811 3898 omnia
842 3838 1082 3909 cedere,
1119 3839 1307 3895 sacris
1336 3833 1598 3912 acceptis
1628 3831 1985 3908 Evangeliis,
2019 3831 2079 3892 in

435 3946 736 3988 summum
764 3936 986 3988 tectum
1016 3923 1309 3995 ascendit,
1335 3932 1396 3984 et
1418 3928 1579 3983 stans
1605 3921 1661 3980 in
1688 3920 1885 3981 medio
1908 3921 2079 3981 ﬁam-

440 4034 570 4087 mm,
598 4025 655 4077 et
679 4035 745 4078 se
768 4022 1121 4076 convertens
1144 4012 1214 4073 ad
1245 4029 1454 4092 preces
1483 4031 1496 4073 :
1524 4010 1757 4072 Christe
1781 4011 1958 4081 Deus,
1979 4008 2079 4070 di-

438 4105 632 4178 cebat,
660 4103 819 4165 Deus
840 4113 1070 4183 patrum
1100 4109 1462 4173 nostrorum,
1489 4098 1591 4180 qui
1614 4098 1863 4160 Abrahae
1890 4099 2077 4160 sacri-

440 4192 637 4253 ﬁcium
672 4193 1011 4273 suscepisti,
1044 4200 1100 4253 et
1132 4190 1233 4272 qui
1260 4190 1312 4251 ei
1339 4209 1409 4251 ex
1443 4187 1835 4268 promissione
1864 4199 2081 4267 praeter

439 4301 605 4359 spem
632 4281 940 4363 praebuisti
967 4281 1401 4360 ﬁlium,pra‘ter
1424 4295 1593 4358 spem
1617 4295 1649 4338 a
1672 4279 1835 4339 caade
1855 4276 2075 4339 libera-

441 4372 515 4434 sti
553 4393 566 4435 :
603 4372 707 4452 qui
738 4371 915 4434 etiam
951 4370 1008 4431 in
1042 4371 1285 4431 fornace
1328 4366 1682 4448 Babylonica
1713 4375 1834 4428 tres
1866 4384 2081 4446 pueros

441 4462 706 4542 captivos
721 4480 789 4522 eo
804 4460 1059 4522 eﬁ‘ecisti
1077 4459 1469 4540 potentiores:
1488 4455 1616 4536 ipse
1639 4473 1795 4517 nunc
1818 4474 2078 4535 quoque,

440 4550 713 4623 Domine,
752 4551 903 4612 hanc
929 4559 1085 4612 tuam
1120 4548 1360 4609 domum
1387 4562 1698 4617 conserva,
1733 4563 1805 4606 ne
1838 4545 2084 4606 laedatur

444 4640 515 4700 ab
548 4639 685 4716 igne
720 4662 732 4699 :
769 4649 829 4701 et
861 4656 935 4700 ne
960 4637 1278 4710 concedas,
1312 4643 1378 4697 ut
1406 4652 1556 4715 opus
1587 4643 1751 4695 tuum
1784 4632 1943 4713 quod
1975 4651 2082 4696 nos

2157 3395 2277 3468 πυρὶ
2332 3391 2426 3453 τὰς
2486 3391 2667 3470 ψυχὰς
2734 3395 2877 3450 αὐτοὶ
2925 3390 3310 3467 διακαιόμενοι.
3374 3397 3436 3453 '0
3485 3393 3540 3450 δέ
3594 3414 3654 3471 γε
3709 3411 3792 3447 του

2160 3487 2292 3537 Θεοῦ
2350 3477 2622 3556 ἅνθρωπος
2652 3480 2797 3537 οὗδὲν
2853 3481 3252 3561 ἀποδειλιάσας,
3285 3484 3397 3542 οὐδ’
3456 3485 3500 3540 εὶ
3554 3481 3790 3538 κυκλόθεν

2160 3560 2302 3645 αὒτῷ
2350 3570 2629 3649 περιχάνοι
2671 3592 2733 3626 το
2790 3578 2889 3648 πῦρ
2948 3570 3094 3628 οὐδὲν
3149 3573 3635 3653 ὑπολογισάμενος,
3668 3568 3791 3625 ἀλλὰ

2161 3664 2230 3735 τῇ
2287 3660 2417 3736 πρὸς
2477 3661 2608 3715 Θεὸν
2678 3660 2851 3716 πίστει
2909 3661 3079 3716 εἴκειν
3146 3662 3317 3717 πάντα
3369 3663 3677 3733 πιστεύσας,
3732 3656 3792 3712 τὰ

2161 3750 2274 3825 ἱερὰ
2331 3745 2509 3803 λαϐὼν
2547 3748 2866 3827 Εὖαγγέλια,
2893 3749 2979 3806 ἐπὶ
3033 3752 3098 3806 τὸ
3131 3750 3291 3819 ἄκρον
3329 3758 3429 3819 τῆς
3464 3752 3656 3830 ὀροφῆς
3713 3744 3794 3801 ἄν’

2163 3856 2317 3892 εισιν·
2379 3838 2469 3892 καὶ
2512 3837 2672 3909 μέσος
2709 3844 2771 3914 τῇ
2802 3837 2960 3917 φλογὶ
3013 3841 3312 3913 παραστὰς,
3344 3842 3533 3900 ἑαυτόν
3562 3860 3618 3895 τε
3674 3836 3793 3913 πρὸς

2166 3927 2334 4006 εὗχήν
2366 3925 2678 4004 ἐπιτρέψας
2727 3929 2917 3991 Χοιστὲ
2975 3932 3002 3983 ὁ
3053 3931 3204 4009 Θεὸς,
3240 3929 3446 4007 ἔλεγεν,
3481 3933 3509 3987 ὁ
3543 3930 3668 3990 Θεὸς
3700 3924 3794 3981 τῶν

2164 4016 2404 4093 πατέρων
2435 4017 2613 4090 ἡμῶν,
2650 4018 2677 4072 ὃ
2708 4017 2807 4083 τὴν
2862 4019 3038 4074 θδσίαν
3072 4016 3312 4095 ’.Χϐραὶιμ
3361 4018 3791 4094 προσδεξάμενος,

2158 4106 2245 4160 καὶ
2307 4105 2363 4159 ὃν
2410 4104 2460 4168 ἐξ
2518 4104 2838 4183 ἐπαγγελίας
2896 4109 3040 4182 αὖτῷ
3102 4108 3223 4186 παρ’
3295 4108 3483 4166 ἐλπίδα
3539 4105 3793 4184 παρέσχες

2157 4196 2290 4265 υἱὸν,
2353 4192 2476 4270 παρ’
2535 4192 2720 4251 ἐλπίδα
2777 4197 2984 4275 σφαγῆς
3052 4197 3369 4277 ῥυσάμενος,
3433 4201 3461 4254 ὁ
3504 4199 3590 4254 καὶ
3633 4192 3792 4251 Βαϐυ-

2160 4282 2355 4347 λωνῖας
2438 4284 2661 4357 καμίνου
2726 4286 2857 4341 ποτὲ
2941 4299 3088 4363 τρεῖς
3159 4286 3541 4368 αἳχμαλώτους
3607 4278 3790 4340 παῗδις

2162 4372 2464 4450 κρείττονας
2510 4372 2675 4439 αὒτής
2718 4373 3011 4445 ἀναδείξας,
3046 4377 3200 4441 αὖτὸς
3257 4379 3344 4433 καὶ
3389 4384 3500 4455 νῦν,
3540 4373 3788 4439 Δέσποτα,

2163 4462 2253 4516 τὸν
2315 4463 2434 4516 ἷκον
2483 4458 2632 4516 τόνδε
2686 4463 2777 4518 τὸν
2836 4464 2928 4518 σὸν
2987 4464 3164 4532 ἅπαθῆ
3237 4467 3399 4530 πυοός
3457 4458 3785 4541 διαφύλαξον-

2162 4549 2359 4623 καὶμὴ
2417 4547 2518 4622 δῷς
2553 4548 2705 4627 ἔργον
2763 4559 3010 4608 νοσοῦτον
3040 4552 3170 4631 ὅπερ
3221 4555 3380 4629 ἡμεῖς
3431 4554 3576 4624 πόνῳ
3619 4546 3789 4617 πολλῷ

2163 4638 2258 4694 καί
2325 4638 2470 4711 πόθῳ
2539 4646 2615 4712 τῷ
2671 4642 2745 4713 νῷ
2802 4643 3214 4722 γατηρτίσαμεν,
3262 4644 3321 4700 τό
3378 4652 3478 4721 πῦρ
3534 4637 3784 4710 καθελεῖν,

447 4727 633 4790 multo
665 4728 870 4790 labore
900 4739 957 4789 et
989 4735 1150 4789 tanto
1182 4725 1541 4807 perfecimus
1570 4722 1893 4812 desiderio.
1929 4722 2068 4802 igni:

2164 4727 2259 4783 ἵνα
2309 4728 2385 4801 μῆ
2440 4732 2644 4805 προσθῇ
2701 4728 2777 4785 ἔτι
2828 4740 2920 4788 τοῦ
2973 4730 3113 4809 μέγα
3181 4719 3383 4812 αὒχεῖν
3440 4719 3629 4812 ἐχθρὸς
3684 4719 3787 4812 καθ’

446 4819 820 4899 destruat,ne
833 4818 1026 4880 adhuc
1045 4813 1604 4896 pergatinimicusin
1626 4810 2081 4875 nosinsolenter

444 4907 712 4986 gloriari,
746 4926 858 4969 nec
888 4925 993 4970 ora
1020 4905 1408 4978 Arianorum,
1436 4902 1538 4983 qui
1568 4910 1707 4963 sunt
1739 4901 1911 4962 nobis
1941 4920 2080 4982 pro--

446 4996 677 5078 pinqui,
718 5015 826 5058 nos
859 4994 1095 5076 probris
1151 5001 1434 5074 appetant
1468 5012 1482 5054 :
1519 4992 1623 5053 sed
1660 5008 1817 5051 nunc
1851 5008 2088 5071 quoque

445 5086 697 5147 ostende
726 5084 948 5166 aliquid
982 5084 1225 5162 dignum
1263 5093 1359 5143 tua
1389 5080 1754 5160 benignitate
1777 5088 1834 5139 et
1866 5079 2084 5159 majes-

446 5182 585 5251 tate,
620 5175 691 5235 ad
728 5175 976 5252 gloriam
1011 5173 1095 5234 tui
1129 5170 1412 5245 nominis,
1449 5178 1508 5231 et
1537 5170 1607 5230 ad
1665 5176 1950 5243 nostram,
1984 5169 2086 5248 qui

448 5264 674 5326 veritati
705 5264 1032 5339 credimus,
1068 5261 1485 5342 gloriationem
1521 5266 1579 5320 et
1608 5257 2083 5321 exsultationem.

520 5434 634 5500 (10)
675 5432 925 5490 Leonem
964 5430 1091 5488 scil.
1122 5441 1176 5486 et
1210 5429 1415 5500 Irenen
1449 5429 1595 5497 Aug.
1632 5424 1922 5500 intelligit.

519 5497 638 5570 (tt)
675 5502 1012 5560 Incendium
1055 5501 1216 5558 urbis
1266 5497 1765 5570 Constantinopol.
1792 5498 1926 5555 anni
1952 5497 2083 5570 7465.

451 5567 543 5628 Del
581 5576 687 5630 hoc
737 5573 1001 5631 incendio
1052 5572 1177 5627 vide
1215 5573 1273 5628 tl
1328 5580 1382 5627 et
1415 5569 1505 5627 29.
1542 5567 1810 5627 Detiemb.
1847 5571 1905 5625 in
1948 5567 2087 5627 Vitis

452 5642 595 5699 Dan.
648 5644 885 5719 Stylitae,
937 5651 993 5703 et
1042 5642 1294 5702 Mareelli
1346 5640 1682 5702 archimand
1737 5638 1966 5717 livagJ
2029 5640 2082 5698 2.

2166 4816 2342 4889 ἡμῶν,
2390 4814 2527 4890 μηδέ
2581 4825 2687 4873 τῶν
2758 4818 3076 4896 ἐγγιζόντων
3137 4810 3288 4895 ὴμτνή
3327 4810 3612 4899 Ἀρειανῶν
3672 4810 3785 4867 atti-

2166 4927 2308 4980 ματα
2367 4904 2667 4981 ὀνειδισμὸν
2724 4905 2958 4963 λάϐωσιν
3016 4908 3078 4988 ἐφ
3133 4912 3297 4982 ἡμᾶς’
3363 4909 3499 4966 ἀλλὰ
3530 4904 3694 4970 δεῖξόν
3742 4918 3786 4954 τι

2165 4994 2252 5049 καὶ
2281 5001 2369 5049 νῦν
2413 4992 2554 5059 ἄξιον
2584 5000 2680 5062 τῆς
2738 4997 2834 5063 σῆς
2871 4999 3246 5077 χρηστότητος
3277 5001 3371 5056 καί
3429 4992 3787 5074 μεγαλωσύνης

2167 5084 2240 5145 εἷς
2275 5081 2427 5148 δόξαν
2484 5092 2577 5141 τοῦ
2608 5085 2867 5160 ὀνόματός
2926 5109 3042 5159 σου,
3078 5090 3164 5144 καὶ
3207 5091 3362 5163 ἡμῶν
3418 5090 3520 5144 τῶν
3566 5085 3615 5140 ἐν
3660 5079 3784 5143 ἁλη-

2167 5173 2280 5245 θείᾳ
2310 5175 2633 5229 πιστεόντων
2663 5175 2926 5255 καύχημᾶ
2956 5197 3013 5232 τε
3043 5180 3129 5233 καὶ
3162 5176 3487 5254 ἀγαλλίαμα,

2240 5429 2510 5568 ῗίέβίίοο
2551 5501 2719 5559 etiam
2754 5503 2987 5559 nomine
3045 5514 3433 5572 nuncupatam
3466 5514 3586 5560 esse
3610 5488 3787 5572 basili-

2170 5559 2292 5648 cam
2324 5559 2662 5648 Anastaséae,
2694 5575 2847 5645 quod
2873 5574 2927 5630 in
2960 5589 3027 5648 eo
3052 5559 3191 5634 loco
3213 5559 3781 5648 C'rengazianzuulj

2169 5644 2348 5715 pitum
2382 5646 2450 5704 ad
2494 5644 2803 5705 conciones
2832 5645 3131 5718 erexisset,
3162 5644 3444 5708 memorat
3507 5644 3784 5701 Batonius.
