  <div class='ocr_page' id='page_1' title='image "/cluster/home/n/w/nwhite01/storage/ocr_20150623/114/hvd.32044073502254/226.png"; bbox 0 0 4062 6194; ppageno 0'>
   <div class='ocr_carea' id='block_1_1' title="bbox 290 319 409 387">
    <p class='ocr_par' dir='ltr' id='par_1_1' title="bbox 290 319 409 387">
     <span class='ocr_line' id='line_1_1' title="bbox 290 319 409 387; baseline -0.008 0"><span class='ocrx_word' id='word_1_1' title='bbox 290 319 409 387; x_wconf 75' lang='grc'><strong>441</strong></span> 
     </span>
    </p>
   </div>
   <div class='ocr_carea' id='block_1_2' title="bbox 1350 314 2624 385">
    <p class='ocr_par' dir='ltr' id='par_1_2' title="bbox 1350 314 2624 385">
     <span class='ocr_line' id='line_1_2' title="bbox 1350 314 2624 385; baseline 0.002 -6"><span class='ocrx_word' id='word_1_2' title='bbox 1350 314 1538 381; x_wconf 85' lang='lat' dir='ltr'><strong>VlTA</strong></span> <span class='ocrx_word' id='word_1_3' title='bbox 1583 315 1644 380; x_wconf 90' lang='lat' dir='ltr'><strong>S.</strong></span> <span class='ocrx_word' id='word_1_4' title='bbox 1692 317 2069 381; x_wconf 76' lang='lat' dir='ltr'><strong>MARCIANI</strong></span> <span class='ocrx_word' id='word_1_5' title='bbox 2114 314 2624 385; x_wconf 81' lang='lat' dir='ltr'><strong>PBESBYTERI.</strong></span> 
     </span>
    </p>
   </div>
   <div class='ocr_carea' id='block_1_3' title="bbox 3554 274 3680 373">
    <p class='ocr_par' dir='ltr' id='par_1_3' title="bbox 3554 274 3680 373">
     <span class='ocr_line' id='line_1_3' title="bbox 3554 274 3680 373; baseline 0.016 -3"><span class='ocrx_word' id='word_1_6' title='bbox 3554 274 3680 373; x_wconf 56' lang='lat'><strong>442</strong></span> 
     </span>
    </p>
   </div>
   <div class='ocr_carea' id='block_1_4' title="bbox 375 440 1952 533">
    <p class='ocr_par' dir='ltr' id='par_1_4' title="bbox 375 448 1939 533">
     <span class='ocr_line' id='line_1_4' title="bbox 375 448 1939 533; baseline -0.007 -15"><span class='ocrx_word' id='word_1_7' title='bbox 375 465 447 520; x_wconf 77' lang='grc' dir='ltr'><strong>ι’.</strong></span> <span class='ocrx_word' id='word_1_8' title='bbox 507 463 684 516; x_wconf 75' lang='grc' dir='ltr'>ταῦτα</span> <span class='ocrx_word' id='word_1_9' title='bbox 712 451 963 533; x_wconf 80' lang='grc' dir='ltr'>λέγοντος</span> <span class='ocrx_word' id='word_1_10' title='bbox 1022 448 1224 509; x_wconf 71' lang='grc' dir='ltr'>ἐκείνου</span> <span class='ocrx_word' id='word_1_11' title='bbox 1276 450 1365 507; x_wconf 81' lang='grc' dir='ltr'><strong>καὶ</strong></span> <span class='ocrx_word' id='word_1_12' title='bbox 1419 451 1481 506; x_wconf 78' lang='grc' dir='ltr'>τὸ</span> <span class='ocrx_word' id='word_1_13' title='bbox 1510 449 1733 529; x_wconf 80' lang='grc' dir='ltr'>δάκρυον</span> <span class='ocrx_word' id='word_1_14' title='bbox 1778 449 1939 531; x_wconf 76' lang='grc' dir='ltr'><strong>ἒπέῤ-</strong></span> 
     </span>
    </p>
   </div>
   <div class='ocr_carea' id='block_1_5' title="bbox 2040 440 3677 533">
    <p class='ocr_par' dir='ltr' id='par_1_5' title="bbox 2105 440 3677 526">
     <span class='ocr_line' id='line_1_5' title="bbox 2105 440 3677 526; baseline -0.004 -15"><span class='ocrx_word' id='word_1_15' title='bbox 2105 446 2176 512; x_wconf 87' lang='grc' dir='ltr'><strong>Χ.</strong></span> <span class='ocrx_word' id='word_1_16' title='bbox 2204 449 2343 513; x_wconf 62' lang='lat' dir='ltr'><strong>Haec</strong></span> <span class='ocrx_word' id='word_1_17' title='bbox 2365 470 2501 513; x_wconf 91' lang='lat' dir='ltr'><strong>cum</strong></span> <span class='ocrx_word' id='word_1_18' title='bbox 2533 450 2637 515; x_wconf 86' lang='lat' dir='ltr'><strong>ille</strong></span> <span class='ocrx_word' id='word_1_19' title='bbox 2666 448 2913 526; x_wconf 91' lang='lat' dir='ltr'><strong>diceret,</strong></span> <span class='ocrx_word' id='word_1_20' title='bbox 2939 451 3057 512; x_wconf 84' lang='lat' dir='ltr'><strong>una</strong></span> <span class='ocrx_word' id='word_1_21' title='bbox 3082 464 3218 511; x_wconf 88' lang='lat' dir='ltr'><strong>cum</strong></span> <span class='ocrx_word' id='word_1_22' title='bbox 3244 440 3439 510; x_wconf 80' lang='lat' dir='ltr'><strong>verbis</strong></span> <span class='ocrx_word' id='word_1_23' title='bbox 3462 442 3677 507; x_wconf 85' lang='lat' dir='ltr'><strong>efﬂue-</strong></span> 
     </span>
    </p>
   </div>
   <div class='ocr_carea' id='block_1_6' title="bbox 288 539 1945 626">
    <p class='ocr_par' dir='ltr' id='par_1_6' title="bbox 288 539 1945 626">
     <span class='ocr_line' id='line_1_6' title="bbox 288 539 1945 626; baseline -0.004 -23"><span class='ocrx_word' id='word_1_24' title='bbox 288 547 373 626; x_wconf 78' lang='grc' dir='ltr'>ῥει</span> <span class='ocrx_word' id='word_1_25' title='bbox 429 559 547 612; x_wconf 71' lang='grc' dir='ltr'>τοῖς</span> <span class='ocrx_word' id='word_1_26' title='bbox 574 544 782 625; x_wconf 87' lang='grc' dir='ltr'>λόγοις,</span> <span class='ocrx_word' id='word_1_27' title='bbox 828 543 915 601; x_wconf 87' lang='grc' dir='ltr'><strong>καὶ</strong></span> <span class='ocrx_word' id='word_1_28' title='bbox 946 540 1045 609; x_wconf 74' lang='grc' dir='ltr'>τὴν</span> <span class='ocrx_word' id='word_1_29' title='bbox 1102 539 1289 621; x_wconf 73' lang='grc' dir='ltr'>ψυχὴν</span> <span class='ocrx_word' id='word_1_30' title='bbox 1342 539 1478 597; x_wconf 82' lang='grc' dir='ltr'>εἴσω</span> <span class='ocrx_word' id='word_1_31' title='bbox 1519 542 1771 611; x_wconf 80' lang='grc' dir='ltr'>τήκεσθαι</span> <span class='ocrx_word' id='word_1_32' title='bbox 1803 561 1945 618; x_wconf 89' lang='grc' dir='ltr'>παρ-</span> 
     </span>
    </p>
   </div>
   <div class='ocr_carea' id='block_1_7' title="bbox 290 629 1947 710">
    <p class='ocr_par' dir='ltr' id='par_1_7' title="bbox 290 629 1947 710">
     <span class='ocr_line' id='line_1_7' title="bbox 290 629 1947 710; baseline -0.005 -17"><span class='ocrx_word' id='word_1_33' title='bbox 290 634 515 705; x_wconf 70' lang='grc' dir='ltr'>εὸήλου.</span> <span class='ocrx_word' id='word_1_34' title='bbox 544 635 684 692; x_wconf 72' lang='grc' dir='ltr'>Εἶτα</span> <span class='ocrx_word' id='word_1_35' title='bbox 712 635 774 690; x_wconf 81' lang='grc' dir='ltr'>τὸ</span> <span class='ocrx_word' id='word_1_36' title='bbox 808 632 983 707; x_wconf 75' lang='grc' dir='ltr'>Ἀμὴν</span> <span class='ocrx_word' id='word_1_37' title='bbox 1015 629 1351 710; x_wconf 67' lang='grc' dir='ltr'><strong>ἐπειπόντος,</strong></span> <span class='ocrx_word' id='word_1_38' title='bbox 1385 630 1562 706; x_wconf 72' lang='grc' dir='ltr'>ἑώρων</span> <span class='ocrx_word' id='word_1_39' title='bbox 1591 630 1784 696; x_wconf 82' lang='grc' dir='ltr'>πάντες</span> <span class='ocrx_word' id='word_1_40' title='bbox 1811 649 1947 709; x_wconf 80' lang='grc' dir='ltr'>σχε-</span> 
     </span>
    </p>
   </div>
   <div class='ocr_carea' id='block_1_8' title="bbox 292 718 1951 800">
    <p class='ocr_par' dir='ltr' id='par_1_8' title="bbox 292 718 1951 800">
     <span class='ocr_line' id='line_1_8' title="bbox 292 718 1951 800; baseline -0.005 -17"><span class='ocrx_word' id='word_1_41' title='bbox 292 724 387 783; x_wconf 76' lang='grc' dir='ltr'><strong>δὸν</strong></span> <span class='ocrx_word' id='word_1_42' title='bbox 417 726 466 782; x_wconf 73' lang='grc' dir='ltr'>οἱ</span> <span class='ocrx_word' id='word_1_43' title='bbox 522 723 780 800; x_wconf 74' lang='grc' dir='ltr'><strong>παρόντες</strong></span> <span class='ocrx_word' id='word_1_44' title='bbox 835 720 902 777; x_wconf 76' lang='grc' dir='ltr'><strong>τὰ</strong></span> <span class='ocrx_word' id='word_1_45' title='bbox 955 720 1054 797; x_wconf 82' lang='grc' dir='ltr'>μὲν</span> <span class='ocrx_word' id='word_1_46' title='bbox 1111 721 1296 799; x_wconf 82' lang='grc' dir='ltr'>πρῶτα</span> <span class='ocrx_word' id='word_1_47' title='bbox 1339 721 1400 776; x_wconf 75' lang='grc' dir='ltr'>τὸ</span> <span class='ocrx_word' id='word_1_48' title='bbox 1469 718 1571 799; x_wconf 68' lang='grc' dir='ltr'>πῦρ</span> <span class='ocrx_word' id='word_1_49' title='bbox 1641 718 1817 793; x_wconf 82' lang='grc' dir='ltr'>κύκλῳ</span> <span class='ocrx_word' id='word_1_50' title='bbox 1859 724 1951 775; x_wconf 80' lang='grc' dir='ltr'>τοῦ</span> 
     </span>
    </p>
   </div>
   <div class='ocr_carea' id='block_1_9' title="bbox 292 805 1951 887">
    <p class='ocr_par' dir='ltr' id='par_1_9' title="bbox 292 805 1951 887">
     <span class='ocr_line' id='line_1_9' title="bbox 292 805 1951 887; baseline -0.005 -15"><span class='ocrx_word' id='word_1_51' title='bbox 292 815 501 875; x_wconf 79' lang='grc' dir='ltr'>παντὸς</span> <span class='ocrx_word' id='word_1_52' title='bbox 570 812 725 869; x_wconf 75' lang='grc' dir='ltr'>οἴκου</span> <span class='ocrx_word' id='word_1_53' title='bbox 780 808 1097 886; x_wconf 80' lang='grc' dir='ltr'>διασυρίζον,</span> <span class='ocrx_word' id='word_1_54' title='bbox 1158 809 1245 865; x_wconf 87' lang='grc' dir='ltr'><strong>καὶ</strong></span> <span class='ocrx_word' id='word_1_55' title='bbox 1291 809 1386 877; x_wconf 77' lang='grc' dir='ltr'>τὴν</span> <span class='ocrx_word' id='word_1_56' title='bbox 1457 808 1630 887; x_wconf 74' lang='grc' dir='ltr'>ὁρμὴν</span> <span class='ocrx_word' id='word_1_57' title='bbox 1673 810 1795 866; x_wconf 76' lang='grc' dir='ltr'>οἷον</span> <span class='ocrx_word' id='word_1_58' title='bbox 1866 805 1951 863; x_wconf 73' lang='grc' dir='ltr'><strong>ἐπ’</strong></span> 
     </span>
    </p>
   </div>
   <div class='ocr_carea' id='block_1_10' title="bbox 293 896 1952 977">
    <p class='ocr_par' dir='ltr' id='par_1_10' title="bbox 293 896 1952 977">
     <span class='ocr_line' id='line_1_10' title="bbox 293 896 1952 977; baseline -0.004 -17"><span class='ocrx_word' id='word_1_59' title='bbox 293 903 511 960; x_wconf 63' lang='grc' dir='ltr'>ἔκανον</span> <span class='ocrx_word' id='word_1_60' title='bbox 570 902 911 976; x_wconf 72' lang='grc' dir='ltr'>ποιούμενονο</span> <span class='ocrx_word' id='word_1_61' title='bbox 960 897 1068 956; x_wconf 78' lang='grc' dir='ltr'>εἶθ’</span> <span class='ocrx_word' id='word_1_62' title='bbox 1112 897 1275 964; x_wconf 58' lang='grc' dir='ltr'>οῧτως</span> <span class='ocrx_word' id='word_1_63' title='bbox 1326 899 1644 977; x_wconf 77' lang='grc' dir='ltr'><strong>ὑποχωροῦν</strong></span> <span class='ocrx_word' id='word_1_64' title='bbox 1673 899 1760 954; x_wconf 84' lang='grc' dir='ltr'><strong>καὶ</strong></span> <span class='ocrx_word' id='word_1_65' title='bbox 1817 896 1952 953; x_wconf 82' lang='grc' dir='ltr'>ἂνα-</span> 
     </span>
    </p>
   </div>
   <div class='ocr_carea' id='block_1_11' title="bbox 291 987 1950 1067">
    <p class='ocr_par' dir='ltr' id='par_1_11' title="bbox 291 987 1950 1067">
     <span class='ocr_line' id='line_1_11' title="bbox 291 987 1950 1067; baseline -0.005 -16"><span class='ocrx_word' id='word_1_66' title='bbox 291 991 661 1067; x_wconf 67' lang='grc' dir='ltr'>κοπτόμενον,</span> <span class='ocrx_word' id='word_1_67' title='bbox 707 988 942 1066; x_wconf 79' lang='grc' dir='ltr'>καθάπερ</span> <span class='ocrx_word' id='word_1_68' title='bbox 1000 989 1102 1044; x_wconf 76' lang='grc' dir='ltr'><strong>ὑπό</strong></span> <span class='ocrx_word' id='word_1_69' title='bbox 1162 1009 1303 1050; x_wconf 89' lang='grc' dir='ltr'>τινος</span> <span class='ocrx_word' id='word_1_70' title='bbox 1346 987 1567 1066; x_wconf 85' lang='grc' dir='ltr'>ἆμάχου</span> <span class='ocrx_word' id='word_1_71' title='bbox 1594 988 1683 1044; x_wconf 88' lang='grc' dir='ltr'><strong>καὶ</strong></span> <span class='ocrx_word' id='word_1_72' title='bbox 1723 989 1950 1066; x_wconf 79' lang='grc' dir='ltr'>ἰσχυρο-</span> 
     </span>
    </p>
   </div>
   <div class='ocr_carea' id='block_1_12' title="bbox 294 1076 1951 1155">
    <p class='ocr_par' dir='ltr' id='par_1_12' title="bbox 294 1076 1951 1155">
     <span class='ocr_line' id='line_1_12' title="bbox 294 1076 1951 1155; baseline -0.005 -16"><span class='ocrx_word' id='word_1_73' title='bbox 294 1083 468 1149; x_wconf 77' lang='grc' dir='ltr'>τάτης</span> <span class='ocrx_word' id='word_1_74' title='bbox 500 1078 799 1155; x_wconf 68' lang='grc' dir='ltr'>δυνάμεως,</span> <span class='ocrx_word' id='word_1_75' title='bbox 847 1076 1067 1152; x_wconf 79' lang='grc' dir='ltr'>Ἀμέλει</span> <span class='ocrx_word' id='word_1_76' title='bbox 1112 1078 1204 1134; x_wconf 76' lang='grc' dir='ltr'>καὶ</span> <span class='ocrx_word' id='word_1_77' title='bbox 1261 1077 1289 1132; x_wconf 77' lang='grc' dir='ltr'><strong>ὃ</strong></span> <span class='ocrx_word' id='word_1_78' title='bbox 1347 1077 1485 1153; x_wconf 76' lang='grc' dir='ltr'>ἱερὸς</span> <span class='ocrx_word' id='word_1_79' title='bbox 1536 1079 1689 1139; x_wconf 80' lang='grc' dir='ltr'>οὗτος</span> <span class='ocrx_word' id='word_1_80' title='bbox 1739 1076 1951 1147; x_wconf 79' lang='grc' dir='ltr'>οἶκτος,</span> 
     </span>
    </p>
   </div>
   <div class='ocr_carea' id='block_1_13' title="bbox 295 1164 1951 1249">
    <p class='ocr_par' dir='ltr' id='par_1_13' title="bbox 295 1164 1951 1249">
     <span class='ocr_line' id='line_1_13' title="bbox 295 1164 1951 1249; baseline -0.006 -19"><span class='ocrx_word' id='word_1_81' title='bbox 295 1172 482 1249; x_wconf 73' lang='grc' dir='ltr'>ὥσπερ</span> <span class='ocrx_word' id='word_1_82' title='bbox 509 1171 577 1227; x_wconf 76' lang='grc' dir='ltr'><strong>τὰ</strong></span> <span class='ocrx_word' id='word_1_83' title='bbox 607 1175 716 1226; x_wconf 80' lang='grc' dir='ltr'><strong>τῶν</strong></span> <span class='ocrx_word' id='word_1_84' title='bbox 745 1169 898 1226; x_wconf 82' lang='grc' dir='ltr'>θείων</span> <span class='ocrx_word' id='word_1_85' title='bbox 940 1165 1143 1224; x_wconf 88' lang='grc' dir='ltr'>παίδων</span> <span class='ocrx_word' id='word_1_86' title='bbox 1172 1166 1304 1223; x_wconf 76' lang='grc' dir='ltr'>ποτὲ</span> <span class='ocrx_word' id='word_1_87' title='bbox 1366 1167 1614 1240; x_wconf 79' lang='grc' dir='ltr'>σώματα,</span> <span class='ocrx_word' id='word_1_88' title='bbox 1652 1165 1776 1229; x_wconf 83' lang='grc' dir='ltr'>ὃλος</span> <span class='ocrx_word' id='word_1_89' title='bbox 1807 1164 1951 1221; x_wconf 77' lang='grc' dir='ltr'>ἀπαο</span> 
     </span>
    </p>
   </div>
   <div class='ocr_carea' id='block_1_14' title="bbox 292 1256 1947 1340">
    <p class='ocr_par' dir='ltr' id='par_1_14' title="bbox 292 1256 1947 1340">
     <span class='ocr_line' id='line_1_14' title="bbox 292 1256 1947 1340; baseline -0.005 -23"><span class='ocrx_word' id='word_1_90' title='bbox 292 1263 420 1340; x_wconf 72' lang='grc' dir='ltr'>θὴς,</span> <span class='ocrx_word' id='word_1_91' title='bbox 453 1259 578 1324; x_wconf 81' lang='grc' dir='ltr'>ὅλος</span> <span class='ocrx_word' id='word_1_92' title='bbox 618 1259 889 1336; x_wconf 75' lang='grc' dir='ltr'>ἄψαυστος</span> <span class='ocrx_word' id='word_1_93' title='bbox 945 1256 1001 1312; x_wconf 78' lang='grc' dir='ltr'>ἐν</span> <span class='ocrx_word' id='word_1_94' title='bbox 1045 1258 1166 1334; x_wconf 84' lang='grc' dir='ltr'>πυρὶ</span> <span class='ocrx_word' id='word_1_95' title='bbox 1196 1256 1453 1330; x_wconf 73' lang='grc' dir='ltr'>τοσούτῳ,</span> <span class='ocrx_word' id='word_1_96' title='bbox 1494 1256 1684 1331; x_wconf 80' lang='grc' dir='ltr'>Χριστὲ</span> <span class='ocrx_word' id='word_1_97' title='bbox 1744 1258 1947 1330; x_wconf 82' lang='grc' dir='ltr'>Σῶτερ,</span> 
     </span>
    </p>
   </div>
   <div class='ocr_carea' id='block_1_15' title="bbox 292 1344 1952 1429">
    <p class='ocr_par' dir='ltr' id='par_1_15' title="bbox 292 1344 1952 1429">
     <span class='ocr_line' id='line_1_15' title="bbox 292 1344 1952 1429; baseline -0.004 -22"><span class='ocrx_word' id='word_1_98' title='bbox 292 1349 616 1429; x_wconf 63' lang='grc' dir='ltr'>διετηρήθη.</span> <span class='ocrx_word' id='word_1_99' title='bbox 678 1350 776 1407; x_wconf 81' lang='grc' dir='ltr'>Καὶ</span> <span class='ocrx_word' id='word_1_100' title='bbox 820 1349 881 1404; x_wconf 78' lang='grc' dir='ltr'>οὗ</span> <span class='ocrx_word' id='word_1_101' title='bbox 935 1355 1093 1404; x_wconf 80' lang='grc' dir='ltr'>τοῦτο</span> <span class='ocrx_word' id='word_1_102' title='bbox 1149 1347 1335 1421; x_wconf 84' lang='grc' dir='ltr'>μόνον,</span> <span class='ocrx_word' id='word_1_103' title='bbox 1380 1347 1455 1409; x_wconf 86' lang='grc' dir='ltr'>ὡς</span> <span class='ocrx_word' id='word_1_104' title='bbox 1515 1344 1618 1413; x_wconf 69' lang='grc' dir='ltr'>ἤδη</span> <span class='ocrx_word' id='word_1_105' title='bbox 1661 1346 1952 1425; x_wconf 69' lang='grc' dir='ltr'>φθάσαντες</span> 
     </span>
    </p>
   </div>
   <div class='ocr_carea' id='block_1_16' title="bbox 2030 536 3677 621">
    <p class='ocr_par' dir='ltr' id='par_1_16' title="bbox 2030 536 3677 621">
     <span class='ocr_line' id='line_1_16' title="bbox 2030 536 3677 621; baseline -0.002 -22"><span class='ocrx_word' id='word_1_106' title='bbox 2030 536 2196 613; x_wconf 90' lang='lat' dir='ltr'><strong>bant,</strong></span> <span class='ocrx_word' id='word_1_107' title='bbox 2232 540 2528 621; x_wconf 66' lang='lat' dir='ltr'><strong>lacrymaa,</strong></span> <span class='ocrx_word' id='word_1_108' title='bbox 2559 548 2620 602; x_wconf 86' lang='lat' dir='ltr'><strong>et</strong></span> <span class='ocrx_word' id='word_1_109' title='bbox 2666 538 3061 603; x_wconf 89' lang='lat' dir='ltr'><strong>ostendebant</strong></span> <span class='ocrx_word' id='word_1_110' title='bbox 3110 556 3244 601; x_wconf 83' lang='lat' dir='ltr'><strong>eum</strong></span> <span class='ocrx_word' id='word_1_111' title='bbox 3299 536 3457 599; x_wconf 84' lang='lat' dir='ltr'><strong>intus</strong></span> <span class='ocrx_word' id='word_1_112' title='bbox 3505 540 3677 596; x_wconf 85' lang='lat' dir='ltr'><strong>exta-</strong></span> 
     </span>
    </p>
   </div>
   <div class='ocr_carea' id='block_1_17' title="bbox 2032 622 3682 708">
    <p class='ocr_par' dir='ltr' id='par_1_17' title="bbox 2032 622 3682 708">
     <span class='ocr_line' id='line_1_17' title="bbox 2032 622 3682 708; baseline -0.001 -21"><span class='ocrx_word' id='word_1_113' title='bbox 2032 626 2301 691; x_wconf 89' lang='lat' dir='ltr'><strong>bescere.</strong></span> <span class='ocrx_word' id='word_1_114' title='bbox 2364 629 2594 692; x_wconf 84' lang='lat' dir='ltr'><strong>Deinde</strong></span> <span class='ocrx_word' id='word_1_115' title='bbox 2623 649 2757 693; x_wconf 89' lang='lat' dir='ltr'><strong>cum</strong></span> <span class='ocrx_word' id='word_1_116' title='bbox 2790 627 3217 708; x_wconf 81' lang='lat' dir='ltr'><strong>subiunxisset,</strong></span> <span class='ocrx_word' id='word_1_117' title='bbox 3252 626 3466 704; x_wconf 85' lang='lat' dir='ltr'><strong>Amen,</strong></span> <span class='ocrx_word' id='word_1_118' title='bbox 3510 622 3682 685; x_wconf 87' lang='lat' dir='ltr'><strong>vide-</strong></span> 
     </span>
    </p>
   </div>
   <div class='ocr_carea' id='block_1_18' title="bbox 2033 712 3676 798">
    <p class='ocr_par' dir='ltr' id='par_1_18' title="bbox 2033 712 3676 798">
     <span class='ocr_line' id='line_1_18' title="bbox 2033 712 3676 798; baseline -0.003 -21"><span class='ocrx_word' id='word_1_119' title='bbox 2033 716 2174 778; x_wconf 90' lang='lat' dir='ltr'><strong>bant</strong></span> <span class='ocrx_word' id='word_1_120' title='bbox 2223 736 2434 780; x_wconf 89' lang='lat' dir='ltr'><strong>omnes</strong></span> <span class='ocrx_word' id='word_1_121' title='bbox 2483 719 2605 781; x_wconf 87' lang='lat' dir='ltr'><strong>fere</strong></span> <span class='ocrx_word' id='word_1_122' title='bbox 2654 718 2758 797; x_wconf 93' lang='lat' dir='ltr'><strong>qui</strong></span> <span class='ocrx_word' id='word_1_123' title='bbox 2806 720 3075 792; x_wconf 76' lang='lat' dir='ltr'><strong>aderant,</strong></span> <span class='ocrx_word' id='word_1_124' title='bbox 3122 715 3380 798; x_wconf 90' lang='lat' dir='ltr'><strong>primum</strong></span> <span class='ocrx_word' id='word_1_125' title='bbox 3430 712 3676 793; x_wconf 74' lang='lat' dir='ltr'><strong>quidem</strong></span> 
     </span>
    </p>
   </div>
   <div class='ocr_carea' id='block_1_19' title="bbox 2035 801 3673 886">
    <p class='ocr_par' dir='ltr' id='par_1_19' title="bbox 2035 801 3673 886">
     <span class='ocr_line' id='line_1_19' title="bbox 2035 801 3673 886; baseline -0.003 -20"><span class='ocrx_word' id='word_1_126' title='bbox 2035 805 2238 886; x_wconf 82' lang='lat' dir='ltr'><strong>ignem</strong></span> <span class='ocrx_word' id='word_1_127' title='bbox 2274 806 2640 871; x_wconf 88' lang='lat' dir='ltr'><strong>sibillantem</strong></span> <span class='ocrx_word' id='word_1_128' title='bbox 2673 808 2832 870; x_wconf 89' lang='lat' dir='ltr'><strong>circa</strong></span> <span class='ocrx_word' id='word_1_129' title='bbox 2861 816 3038 869; x_wconf 93' lang='lat' dir='ltr'><strong>totam</strong></span> <span class='ocrx_word' id='word_1_130' title='bbox 3069 805 3281 878; x_wconf 72' lang='lat' dir='ltr'><strong>aedem,</strong></span> <span class='ocrx_word' id='word_1_131' title='bbox 3316 811 3374 864; x_wconf 91' lang='lat' dir='ltr'><strong>et</strong></span> <span class='ocrx_word' id='word_1_132' title='bbox 3420 803 3480 863; x_wconf 93' lang='lat' dir='ltr'><strong>in</strong></span> <span class='ocrx_word' id='word_1_133' title='bbox 3512 801 3673 862; x_wconf 87' lang='lat' dir='ltr'><strong>illam</strong></span> 
     </span>
    </p>
   </div>
   <div class='ocr_carea' id='block_1_20' title="bbox 2035 891 3673 977">
    <p class='ocr_par' dir='ltr' id='par_1_20' title="bbox 2035 891 3673 977">
     <span class='ocr_line' id='line_1_20' title="bbox 2035 891 3673 977; baseline -0.002 -22"><span class='ocrx_word' id='word_1_134' title='bbox 2035 893 2350 957; x_wconf 76' lang='lat' dir='ltr'><strong>facientem</strong></span> <span class='ocrx_word' id='word_1_135' title='bbox 2410 896 2749 977; x_wconf 89' lang='lat' dir='ltr'><strong>impetum:</strong></span> <span class='ocrx_word' id='word_1_136' title='bbox 2794 898 3011 959; x_wconf 88' lang='lat' dir='ltr'><strong>deinde</strong></span> <span class='ocrx_word' id='word_1_137' title='bbox 3067 914 3205 957; x_wconf 89' lang='lat' dir='ltr'><strong>vero</strong></span> <span class='ocrx_word' id='word_1_138' title='bbox 3261 891 3673 965; x_wconf 88' lang='lat' dir='ltr'><strong>recedentem,</strong></span> 
     </span>
    </p>
   </div>
   <div class='ocr_carea' id='block_1_21' title="bbox 2039 979 3680 1067">
    <p class='ocr_par' dir='ltr' id='par_1_21' title="bbox 2039 979 3680 1067">
     <span class='ocr_line' id='line_1_21' title="bbox 2039 979 3680 1067; baseline -0.002 -22"><span class='ocrx_word' id='word_1_139' title='bbox 2039 992 2098 1045; x_wconf 91' lang='lat' dir='ltr'><strong>et</strong></span> <span class='ocrx_word' id='word_1_140' title='bbox 2153 984 2331 1047; x_wconf 88' lang='lat' dir='ltr'><strong>veluti</strong></span> <span class='ocrx_word' id='word_1_141' title='bbox 2365 1004 2706 1066; x_wconf 89' lang='lat' dir='ltr'><strong>repressum</strong></span> <span class='ocrx_word' id='word_1_142' title='bbox 2739 1005 2774 1049; x_wconf 89' lang='lat' dir='ltr'><strong>a</strong></span> <span class='ocrx_word' id='word_1_143' title='bbox 2824 985 3073 1067; x_wconf 87' lang='lat' dir='ltr'><strong>quadam</strong></span> <span class='ocrx_word' id='word_1_144' title='bbox 3125 979 3574 1064; x_wconf 80' lang='lat' dir='ltr'><strong>inexpugnabili</strong></span> <span class='ocrx_word' id='word_1_145' title='bbox 3620 988 3680 1042; x_wconf 91' lang='lat' dir='ltr'><strong>et</strong></span> 
     </span>
    </p>
   </div>
   <div class='ocr_carea' id='block_1_22' title="bbox 2038 1069 3672 1156">
    <p class='ocr_par' dir='ltr' id='par_1_22' title="bbox 2038 1069 3672 1156">
     <span class='ocr_line' id='line_1_22' title="bbox 2038 1069 3672 1156; baseline -0.001 -23"><span class='ocrx_word' id='word_1_146' title='bbox 2038 1072 2358 1137; x_wconf 80' lang='lat' dir='ltr'><strong>fortissima</strong></span> <span class='ocrx_word' id='word_1_147' title='bbox 2385 1076 2623 1139; x_wconf 89' lang='lat' dir='ltr'><strong>virtute.</strong></span> <span class='ocrx_word' id='word_1_148' title='bbox 2663 1078 2836 1139; x_wconf 91' lang='lat' dir='ltr'><strong>Certe</strong></span> <span class='ocrx_word' id='word_1_149' title='bbox 2868 1076 2994 1138; x_wconf 88' lang='lat' dir='ltr'><strong>haec</strong></span> <span class='ocrx_word' id='word_1_150' title='bbox 3025 1092 3263 1156; x_wconf 90' lang='lat' dir='ltr'><strong>quoque</strong></span> <span class='ocrx_word' id='word_1_151' title='bbox 3293 1088 3461 1133; x_wconf 80' lang='lat' dir='ltr'><strong>sacra</strong></span> <span class='ocrx_word' id='word_1_152' title='bbox 3489 1069 3672 1145; x_wconf 78' lang='lat' dir='ltr'><strong>aedes,</strong></span> 
     </span>
    </p>
   </div>
   <div class='ocr_carea' id='block_1_23' title="bbox 2034 1161 3678 1245">
    <p class='ocr_par' dir='ltr' id='par_1_23' title="bbox 2034 1161 3678 1245">
     <span class='ocr_line' id='line_1_23' title="bbox 2034 1161 3678 1245; baseline 0 -22"><span class='ocrx_word' id='word_1_153' title='bbox 2034 1168 2337 1242; x_wconf 88' lang='lat' dir='ltr'><strong>quomodo</strong></span> <span class='ocrx_word' id='word_1_154' title='bbox 2361 1164 2696 1228; x_wconf 89' lang='lat' dir='ltr'><strong>divinorum</strong></span> <span class='ocrx_word' id='word_1_155' title='bbox 2733 1184 3053 1245; x_wconf 84' lang='lat' dir='ltr'><strong>puerorum</strong></span> <span class='ocrx_word' id='word_1_156' title='bbox 3077 1161 3393 1245; x_wconf 84' lang='lat' dir='ltr'><strong>aliquando</strong></span> <span class='ocrx_word' id='word_1_157' title='bbox 3425 1178 3678 1241; x_wconf 89' lang='lat' dir='ltr'><strong>corpora</strong></span> 
     </span>
    </p>
   </div>
   <div class='ocr_carea' id='block_1_24' title="bbox 2035 1249 3681 1330">
    <p class='ocr_par' dir='ltr' id='par_1_24' title="bbox 2035 1249 3681 1330">
     <span class='ocr_line' id='line_1_24' title="bbox 2035 1249 3681 1330; baseline 0 -19"><span class='ocrx_word' id='word_1_158' title='bbox 2035 1260 2156 1314; x_wconf 91' lang='lat' dir='ltr'><strong>tota</strong></span> <span class='ocrx_word' id='word_1_159' title='bbox 2186 1253 2389 1329; x_wconf 75' lang='lat' dir='ltr'><strong>illaesa,</strong></span> <span class='ocrx_word' id='word_1_160' title='bbox 2429 1262 2545 1316; x_wconf 92' lang='lat' dir='ltr'><strong>tota</strong></span> <span class='ocrx_word' id='word_1_161' title='bbox 2599 1257 2838 1330; x_wconf 89' lang='lat' dir='ltr'><strong>intacta,</strong></span> <span class='ocrx_word' id='word_1_162' title='bbox 2875 1256 2934 1316; x_wconf 90' lang='lat' dir='ltr'><strong>in</strong></span> <span class='ocrx_word' id='word_1_163' title='bbox 2968 1264 3154 1327; x_wconf 90' lang='lat' dir='ltr'><strong>tanto,</strong></span> <span class='ocrx_word' id='word_1_164' title='bbox 3188 1272 3223 1315; x_wconf 91' lang='grc' dir='ltr'><strong>ο</strong></span> <span class='ocrx_word' id='word_1_165' title='bbox 3255 1250 3489 1316; x_wconf 86' lang='lat' dir='ltr'><strong>Christe</strong></span> <span class='ocrx_word' id='word_1_166' title='bbox 3544 1249 3681 1312; x_wconf 90' lang='lat' dir='ltr'><strong>Ser-</strong></span> 
     </span>
    </p>
   </div>
   <div class='ocr_carea' id='block_1_25' title="bbox 2033 1340 3678 1423">
    <p class='ocr_par' dir='ltr' id='par_1_25' title="bbox 2033 1340 3678 1423">
     <span class='ocr_line' id='line_1_25' title="bbox 2033 1340 3678 1423; baseline -0.001 -22"><span class='ocrx_word' id='word_1_167' title='bbox 2033 1350 2221 1419; x_wconf 82' lang='lat' dir='ltr'><strong>vator,</strong></span> <span class='ocrx_word' id='word_1_168' title='bbox 2261 1346 2392 1423; x_wconf 90' lang='lat' dir='ltr'><strong>igne</strong></span> <span class='ocrx_word' id='word_1_169' title='bbox 2416 1354 2506 1406; x_wconf 91' lang='lat' dir='ltr'><strong>est</strong></span> <span class='ocrx_word' id='word_1_170' title='bbox 2537 1355 2902 1408; x_wconf 87' lang='lat' dir='ltr'><strong>conservata.</strong></span> <span class='ocrx_word' id='word_1_171' title='bbox 2935 1344 3055 1408; x_wconf 89' lang='lat' dir='ltr'><strong>Nec</strong></span> <span class='ocrx_word' id='word_1_172' title='bbox 3079 1345 3191 1406; x_wconf 92' lang='lat' dir='ltr'><strong>hoc</strong></span> <span class='ocrx_word' id='word_1_173' title='bbox 3221 1343 3440 1414; x_wconf 88' lang='lat' dir='ltr'><strong>solum,</strong></span> <span class='ocrx_word' id='word_1_174' title='bbox 3472 1340 3678 1419; x_wconf 88' lang='lat' dir='ltr'><strong>utjam</strong></span> 
     </span>
    </p>
   </div>
   <div class='ocr_carea' id='block_1_26' title="bbox 292 1427 1952 1519">
    <p class='ocr_par' dir='ltr' id='par_1_26' title="bbox 292 1427 1952 1519">
     <span class='ocr_line' id='line_1_26' title="bbox 292 1427 1952 1519; baseline -0.006 -23"><span class='ocrx_word' id='word_1_175' title='bbox 292 1427 531 1519; x_wconf 73' lang='grc' dir='ltr'>ἔφημεν,</span> <span class='ocrx_word' id='word_1_176' title='bbox 566 1437 705 1494; x_wconf 78' lang='grc' dir='ltr'><strong>ἀλλᾶ</strong></span> <span class='ocrx_word' id='word_1_177' title='bbox 762 1438 850 1493; x_wconf 74' lang='grc' dir='ltr'><strong>καὶ</strong></span> <span class='ocrx_word' id='word_1_178' title='bbox 879 1434 1015 1494; x_wconf 78' lang='grc' dir='ltr'>ἄλλα</span> <span class='ocrx_word' id='word_1_179' title='bbox 1065 1433 1512 1508; x_wconf 76' lang='grc' dir='ltr'>πάμπολλατῶν</span> <span class='ocrx_word' id='word_1_180' title='bbox 1554 1436 1858 1510; x_wconf 75' lang='grc' dir='ltr'><strong>θαυμασίων</strong></span> <span class='ocrx_word' id='word_1_181' title='bbox 1899 1432 1952 1488; x_wconf 80' lang='grc' dir='ltr'>ἐν</span> 
     </span>
    </p>
   </div>
   <div class='ocr_carea' id='block_1_27' title="bbox 2040 1427 3677 1519">
    <p class='ocr_par' dir='ltr' id='par_1_27' title="bbox 2040 1427 3677 1519">
     <span class='ocr_line' id='line_1_27' title="bbox 2040 1427 3677 1519; baseline -0.002 -27"><span class='ocrx_word' id='word_1_182' title='bbox 2040 1440 2174 1492; x_wconf 84' lang='lat' dir='ltr'><strong>ante</strong></span> <span class='ocrx_word' id='word_1_183' title='bbox 2220 1432 2496 1509; x_wconf 84' lang='lat' dir='ltr'><strong>diximus,</strong></span> <span class='ocrx_word' id='word_1_184' title='bbox 2530 1436 2634 1497; x_wconf 85' lang='lat' dir='ltr'><strong>sed</strong></span> <span class='ocrx_word' id='word_1_185' title='bbox 2672 1434 2928 1515; x_wconf 86' lang='lat' dir='ltr'><strong>plurima</strong></span> <span class='ocrx_word' id='word_1_186' title='bbox 2980 1450 3218 1515; x_wconf 88' lang='lat' dir='ltr'><strong>quoque</strong></span> <span class='ocrx_word' id='word_1_187' title='bbox 3246 1432 3361 1494; x_wconf 89' lang='lat' dir='ltr'><strong>alia</strong></span> <span class='ocrx_word' id='word_1_188' title='bbox 3408 1427 3677 1519; x_wconf 86' lang='lat' dir='ltr'><strong>admira-</strong></span> 
     </span>
    </p>
   </div>
   <div class='ocr_carea' id='block_1_28' title="bbox 293 1518 1952 1605">
    <p class='ocr_par' dir='ltr' id='par_1_28' title="bbox 293 1518 1951 1604">
     <span class='ocr_line' id='line_1_28' title="bbox 293 1518 1951 1604; baseline -0.004 -17"><span class='ocrx_word' id='word_1_189' title='bbox 293 1518 435 1604; x_wconf 59' lang='grc' dir='ltr'>τῷδε</span> <span class='ocrx_word' id='word_1_190' title='bbox 464 1535 544 1604; x_wconf 81' lang='grc' dir='ltr'>τῷ</span> <span class='ocrx_word' id='word_1_191' title='bbox 574 1533 685 1601; x_wconf 78' lang='grc' dir='ltr'><strong>ναῷ</strong></span> <span class='ocrx_word' id='word_1_192' title='bbox 713 1523 1000 1583; x_wconf 82' lang='grc' dir='ltr'>δείκνυται·</span> <span class='ocrx_word' id='word_1_193' title='bbox 1033 1523 1206 1581; x_wconf 85' lang='grc' dir='ltr'>πολλᾶ</span> <span class='ocrx_word' id='word_1_194' title='bbox 1239 1524 1338 1600; x_wconf 84' lang='grc' dir='ltr'>μὲν</span> <span class='ocrx_word' id='word_1_195' title='bbox 1368 1526 1455 1582; x_wconf 82' lang='grc' dir='ltr'><strong>καὶ</strong></span> <span class='ocrx_word' id='word_1_196' title='bbox 1511 1524 1632 1581; x_wconf 87' lang='grc' dir='ltr'>τότε</span> <span class='ocrx_word' id='word_1_197' title='bbox 1663 1523 1748 1581; x_wconf 80' lang='grc' dir='ltr'><strong>διὰ</strong></span> <span class='ocrx_word' id='word_1_198' title='bbox 1800 1530 1951 1600; x_wconf 77' lang='grc' dir='ltr'>Μαρ-</span> 
     </span>
    </p>
   </div>
   <div class='ocr_carea' id='block_1_29' title="bbox 2040 1518 3679 1605">
    <p class='ocr_par' dir='ltr' id='par_1_29' title="bbox 2040 1518 3679 1605">
     <span class='ocr_line' id='line_1_29' title="bbox 2040 1518 3679 1605; baseline -0.002 -24"><span class='ocrx_word' id='word_1_199' title='bbox 2040 1520 2181 1583; x_wconf 89' lang='lat' dir='ltr'><strong>bilia</strong></span> <span class='ocrx_word' id='word_1_200' title='bbox 2230 1522 2291 1583; x_wconf 91' lang='lat' dir='ltr'><strong>in</strong></span> <span class='ocrx_word' id='word_1_201' title='bbox 2324 1523 2436 1584; x_wconf 86' lang='lat' dir='ltr'><strong>hoc</strong></span> <span class='ocrx_word' id='word_1_202' title='bbox 2475 1524 2696 1605; x_wconf 90' lang='lat' dir='ltr'><strong>templo</strong></span> <span class='ocrx_word' id='word_1_203' title='bbox 2731 1524 3129 1586; x_wconf 83' lang='lat' dir='ltr'><strong>ostenduntur</strong></span> <span class='ocrx_word' id='word_1_204' title='bbox 3160 1543 3174 1584; x_wconf 89' lang='lat'><strong>:</strong></span> <span class='ocrx_word' id='word_1_205' title='bbox 3229 1522 3411 1584; x_wconf 87' lang='lat' dir='ltr'><strong>multa</strong></span> <span class='ocrx_word' id='word_1_206' title='bbox 3438 1518 3679 1600; x_wconf 89' lang='lat' dir='ltr'><strong>quidem</strong></span> 
     </span>
    </p>
   </div>
   <div class='ocr_carea' id='block_1_30' title="bbox 292 1607 1952 1695">
    <p class='ocr_par' dir='ltr' id='par_1_30' title="bbox 292 1612 1952 1695">
     <span class='ocr_line' id='line_1_30' title="bbox 292 1612 1952 1695; baseline -0.005 -20"><span class='ocrx_word' id='word_1_207' title='bbox 292 1618 507 1688; x_wconf 81' lang='grc' dir='ltr'>κιανοῦ,</span> <span class='ocrx_word' id='word_1_208' title='bbox 545 1615 719 1674; x_wconf 76' lang='grc' dir='ltr'>πολλὰ</span> <span class='ocrx_word' id='word_1_209' title='bbox 775 1614 830 1671; x_wconf 73' lang='grc' dir='ltr'>δὲ</span> <span class='ocrx_word' id='word_1_210' title='bbox 872 1615 959 1672; x_wconf 80' lang='grc' dir='ltr'><strong>καὶ</strong></span> <span class='ocrx_word' id='word_1_211' title='bbox 1005 1614 1138 1690; x_wconf 84' lang='grc' dir='ltr'>μετᾶ</span> <span class='ocrx_word' id='word_1_212' title='bbox 1194 1612 1447 1681; x_wconf 75' lang='grc' dir='ltr'>τελευτὴν</span> <span class='ocrx_word' id='word_1_213' title='bbox 1494 1613 1717 1695; x_wconf 73' lang='grc' dir='ltr'>ἐκείνου,</span> <span class='ocrx_word' id='word_1_214' title='bbox 1747 1614 1812 1671; x_wconf 83' lang='grc' dir='ltr'><strong>τὰ</strong></span> <span class='ocrx_word' id='word_1_215' title='bbox 1855 1613 1952 1689; x_wconf 83' lang='grc' dir='ltr'>μὲν</span> 
     </span>
    </p>
   </div>
   <div class='ocr_carea' id='block_1_31' title="bbox 2040 1607 3681 1695">
    <p class='ocr_par' dir='ltr' id='par_1_31' title="bbox 2040 1607 3681 1693">
     <span class='ocr_line' id='line_1_31' title="bbox 2040 1607 3681 1693; baseline -0.002 -21"><span class='ocrx_word' id='word_1_216' title='bbox 2040 1619 2095 1672; x_wconf 88' lang='lat' dir='ltr'><strong>et</strong></span> <span class='ocrx_word' id='word_1_217' title='bbox 2129 1624 2270 1673; x_wconf 87' lang='lat' dir='ltr'><strong>tunc</strong></span> <span class='ocrx_word' id='word_1_218' title='bbox 2322 1631 2429 1693; x_wconf 91' lang='lat' dir='ltr'><strong>per</strong></span> <span class='ocrx_word' id='word_1_219' title='bbox 2458 1614 2839 1687; x_wconf 83' lang='lat' dir='ltr'><strong>Marcianum,</strong></span> <span class='ocrx_word' id='word_1_220' title='bbox 2879 1614 3061 1676; x_wconf 85' lang='lat' dir='ltr'><strong>multa</strong></span> <span class='ocrx_word' id='word_1_221' title='bbox 3114 1620 3310 1676; x_wconf 89' lang='lat' dir='ltr'><strong>autem</strong></span> <span class='ocrx_word' id='word_1_222' title='bbox 3345 1616 3476 1691; x_wconf 89' lang='lat' dir='ltr'><strong>post</strong></span> <span class='ocrx_word' id='word_1_223' title='bbox 3519 1607 3681 1669; x_wconf 86' lang='lat' dir='ltr'><strong>illius</strong></span> 
     </span>
    </p>
   </div>
   <div class='ocr_carea' id='block_1_32' title="bbox 292 1697 1952 1785">
    <p class='ocr_par' dir='ltr' id='par_1_32' title="bbox 292 1700 1952 1784">
     <span class='ocr_line' id='line_1_32' title="bbox 292 1700 1952 1784; baseline -0.005 -19"><span class='ocrx_word' id='word_1_224' title='bbox 292 1713 398 1776; x_wconf 75' lang='grc' dir='ltr'><strong>τῆς</strong></span> <span class='ocrx_word' id='word_1_225' title='bbox 457 1704 701 1784; x_wconf 76' lang='grc' dir='ltr'>μεγάλης</span> <span class='ocrx_word' id='word_1_226' title='bbox 758 1704 811 1760; x_wconf 74' lang='grc' dir='ltr'>ἐν</span> <span class='ocrx_word' id='word_1_227' title='bbox 864 1703 1119 1780; x_wconf 82' lang='grc' dir='ltr'>μάρτυσιν</span> <span class='ocrx_word' id='word_1_228' title='bbox 1188 1701 1565 1779; x_wconf 84' lang='grc' dir='ltr'>Ἀναστασίας,</span> <span class='ocrx_word' id='word_1_229' title='bbox 1632 1703 1698 1759; x_wconf 75' lang='grc' dir='ltr'><strong>τὰ</strong></span> <span class='ocrx_word' id='word_1_230' title='bbox 1756 1700 1809 1758; x_wconf 78' lang='grc' dir='ltr'>δὲ</span> <span class='ocrx_word' id='word_1_231' title='bbox 1869 1702 1952 1758; x_wconf 80' lang='grc' dir='ltr'><strong>καὶ</strong></span> 
     </span>
    </p>
   </div>
   <div class='ocr_carea' id='block_1_33' title="bbox 2040 1697 3681 1785">
    <p class='ocr_par' dir='ltr' id='par_1_33' title="bbox 2040 1697 3681 1785">
     <span class='ocr_line' id='line_1_33' title="bbox 2040 1697 3681 1785; baseline -0.002 -24"><span class='ocrx_word' id='word_1_232' title='bbox 2040 1718 2281 1782; x_wconf 90' lang='lat' dir='ltr'><strong>quoque</strong></span> <span class='ocrx_word' id='word_1_233' title='bbox 2339 1711 2614 1780; x_wconf 89' lang='lat' dir='ltr'><strong>mortem,</strong></span> <span class='ocrx_word' id='word_1_234' title='bbox 2676 1703 2887 1785; x_wconf 77' lang='lat' dir='ltr'><strong>partim</strong></span> <span class='ocrx_word' id='word_1_235' title='bbox 2948 1702 3189 1785; x_wconf 88' lang='lat' dir='ltr'><strong>quidem</strong></span> <span class='ocrx_word' id='word_1_236' title='bbox 3261 1717 3470 1777; x_wconf 81' lang='lat' dir='ltr'><strong>magna</strong></span> <span class='ocrx_word' id='word_1_237' title='bbox 3525 1697 3681 1759; x_wconf 90' lang='lat' dir='ltr'><strong>inter</strong></span> 
     </span>
    </p>
   </div>
   <div class='ocr_carea' id='block_1_34' title="bbox 296 1791 1952 1873">
    <p class='ocr_par' dir='ltr' id='par_1_34' title="bbox 296 1791 1952 1872">
     <span class='ocr_line' id='line_1_34' title="bbox 296 1791 1952 1872; baseline -0.002 -19"><span class='ocrx_word' id='word_1_238' title='bbox 296 1798 463 1864; x_wconf 73' lang='grc' dir='ltr'>αὐτῆς</span> <span class='ocrx_word' id='word_1_239' title='bbox 520 1800 624 1863; x_wconf 75' lang='grc' dir='ltr'>τῆς</span> <span class='ocrx_word' id='word_1_240' title='bbox 681 1794 869 1860; x_wconf 81' lang='grc' dir='ltr'>κοινῆς</span> <span class='ocrx_word' id='word_1_241' title='bbox 929 1791 1206 1869; x_wconf 76' lang='grc' dir='ltr'>βασιλίδος</span> <span class='ocrx_word' id='word_1_242' title='bbox 1251 1793 1487 1861; x_wconf 71' lang='grc' dir='ltr'>πάι-των,</span> <span class='ocrx_word' id='word_1_243' title='bbox 1522 1797 1619 1860; x_wconf 80' lang='grc' dir='ltr'>τῆς</span> <span class='ocrx_word' id='word_1_244' title='bbox 1663 1792 1952 1872; x_wconf 79' lang='grc' dir='ltr'>ἀχράντου,</span> 
     </span>
    </p>
   </div>
   <div class='ocr_carea' id='block_1_35' title="bbox 2040 1791 3681 1873">
    <p class='ocr_par' dir='ltr' id='par_1_35' title="bbox 2040 1791 3681 1873">
     <span class='ocr_line' id='line_1_35' title="bbox 2040 1791 3681 1873; baseline -0.001 -23"><span class='ocrx_word' id='word_1_245' title='bbox 2040 1801 2327 1871; x_wconf 81' lang='lat' dir='ltr'><strong>martyres</strong></span> <span class='ocrx_word' id='word_1_246' title='bbox 2355 1791 2710 1854; x_wconf 87' lang='lat' dir='ltr'><strong>Anastasia:</strong></span> <span class='ocrx_word' id='word_1_247' title='bbox 2770 1793 2980 1873; x_wconf 83' lang='lat' dir='ltr'><strong>partim</strong></span> <span class='ocrx_word' id='word_1_248' title='bbox 3035 1801 3228 1855; x_wconf 90' lang='lat' dir='ltr'><strong>autem</strong></span> <span class='ocrx_word' id='word_1_249' title='bbox 3261 1792 3388 1871; x_wconf 92' lang='lat' dir='ltr'><strong>ipsa</strong></span> <span class='ocrx_word' id='word_1_250' title='bbox 3442 1803 3681 1869; x_wconf 85' lang='lat' dir='ltr'><strong>quoque</strong></span> 
     </span>
    </p>
   </div>
   <div class='ocr_carea' id='block_1_36' title="bbox 296 1877 1952 1967">
    <p class='ocr_par' dir='ltr' id='par_1_36' title="bbox 296 1879 1951 1967">
     <span class='ocr_line' id='line_1_36' title="bbox 296 1879 1951 1967; baseline -0.002 -25"><span class='ocrx_word' id='word_1_251' title='bbox 296 1888 461 1967; x_wconf 71' lang='grc' dir='ltr'>φημὶ,</span> <span class='ocrx_word' id='word_1_252' title='bbox 517 1885 778 1942; x_wconf 84' lang='grc' dir='ltr'>Θεοτόκου</span> <span class='ocrx_word' id='word_1_253' title='bbox 827 1881 1220 1960; x_wconf 76' lang='grc' dir='ltr'>διενεργούσης,</span> <span class='ocrx_word' id='word_1_254' title='bbox 1280 1882 1368 1938; x_wconf 77' lang='grc' dir='ltr'><strong>καὶ</strong></span> <span class='ocrx_word' id='word_1_255' title='bbox 1428 1879 1659 1956; x_wconf 70' lang='grc' dir='ltr'>μάλιστα</span> <span class='ocrx_word' id='word_1_256' title='bbox 1690 1881 1951 1967; x_wconf 42' lang='grc' dir='ltr'>,ἐναργῶς</span> 
     </span>
    </p>
   </div>
   <div class='ocr_carea' id='block_1_37' title="bbox 2040 1877 3676 1967">
    <p class='ocr_par' dir='ltr' id='par_1_37' title="bbox 2040 1877 3676 1967">
     <span class='ocr_line' id='line_1_37' title="bbox 2040 1877 3676 1967; baseline -0.002 -27"><span class='ocrx_word' id='word_1_257' title='bbox 2040 1880 2340 1941; x_wconf 85' lang='lat' dir='ltr'><strong>communi</strong></span> <span class='ocrx_word' id='word_1_258' title='bbox 2393 1881 2658 1942; x_wconf 90' lang='lat' dir='ltr'><strong>omnium</strong></span> <span class='ocrx_word' id='word_1_259' title='bbox 2715 1884 2943 1963; x_wconf 85' lang='lat' dir='ltr'><strong>regina,</strong></span> <span class='ocrx_word' id='word_1_260' title='bbox 2978 1883 3357 1967; x_wconf 81' lang='lat' dir='ltr'><strong>intemerata,</strong></span> <span class='ocrx_word' id='word_1_261' title='bbox 3406 1877 3676 1967; x_wconf 81' lang='lat' dir='ltr'><strong>inquam,</strong></span> 
     </span>
    </p>
   </div>
   <div class='ocr_carea' id='block_1_38' title="bbox 293 1955 1952 2052">
    <p class='ocr_par' dir='ltr' id='par_1_38' title="bbox 293 1955 1952 2051">
     <span class='ocr_line' id='line_1_38' title="bbox 293 1955 1952 2051; baseline -0.008 -18"><span class='ocrx_word' id='word_1_262' title='bbox 293 1955 416 2040; x_wconf 53' lang='lat'><strong>£01}</strong></span> <span class='ocrx_word' id='word_1_263' title='bbox 447 1955 915 2048; x_wconf 46' lang='grc' dir='ltr'>’σπουδαιοτέροις</span> <span class='ocrx_word' id='word_1_264' title='bbox 949 1955 1020 2027; x_wconf 46' lang='grc' dir='ltr'><strong>ἔν’</strong></span> <span class='ocrx_word' id='word_1_265' title='bbox 1046 1975 1190 2045; x_wconf 79' lang='grc' dir='ltr'><strong>αὒτῷ</strong></span> <span class='ocrx_word' id='word_1_266' title='bbox 1250 1968 1656 2051; x_wconf 77' lang='grc' dir='ltr'>διαφαινομένη,</span> <span class='ocrx_word' id='word_1_267' title='bbox 1690 1955 1757 2027; x_wconf 64' lang='grc' dir='ltr'><strong>“Η</strong></span> <span class='ocrx_word' id='word_1_268' title='bbox 1812 1955 1952 2047; x_wconf 55' lang='grc' dir='ltr'>μετὰ</span> 
     </span>
    </p>
   </div>
   <div class='ocr_carea' id='block_1_39' title="bbox 2040 1955 3680 2052">
    <p class='ocr_par' dir='ltr' id='par_1_39' title="bbox 2040 1955 3680 2052">
     <span class='ocr_line' id='line_1_39' title="bbox 2040 1955 3680 2052; baseline -0.004 -22"><span class='ocrx_word' id='word_1_269' title='bbox 2040 1968 2311 2049; x_wconf 88' lang='lat' dir='ltr'><strong>Deipara,</strong></span> <span class='ocrx_word' id='word_1_270' title='bbox 2360 1980 2671 2050; x_wconf 81' lang='lat' dir='ltr'><strong>operante.</strong></span> <span class='ocrx_word' id='word_1_271' title='bbox 2738 1955 2878 2043; x_wconf 69' lang='lat' dir='ltr'><strong>Qua:</strong></span> <span class='ocrx_word' id='word_1_272' title='bbox 2929 1955 3178 2052; x_wconf 80' lang='lat' dir='ltr'><strong>quidem</strong></span> <span class='ocrx_word' id='word_1_273' title='bbox 3237 1955 3680 2052; x_wconf 85' lang='lat' dir='ltr'><strong>evidentissime</strong></span> 
     </span>
    </p>
   </div>
   <div class='ocr_carea' id='block_1_40' title="bbox 294 2058 1951 2142">
    <p class='ocr_par' dir='ltr' id='par_1_40' title="bbox 294 2058 1951 2142">
     <span class='ocr_line' id='line_1_40' title="bbox 294 2058 1951 2142; baseline -0.004 -20"><span class='ocrx_word' id='word_1_274' title='bbox 294 2075 396 2125; x_wconf 77' lang='grc' dir='ltr'><strong>τοῦ</strong></span> <span class='ocrx_word' id='word_1_275' title='bbox 433 2065 696 2133; x_wconf 77' lang='grc' dir='ltr'>συνήθους</span> <span class='ocrx_word' id='word_1_276' title='bbox 728 2062 1040 2142; x_wconf 80' lang='grc' dir='ltr'>σχήματος,</span> <span class='ocrx_word' id='word_1_277' title='bbox 1072 2062 1159 2117; x_wconf 83' lang='grc' dir='ltr'><strong>καὶ</strong></span> <span class='ocrx_word' id='word_1_278' title='bbox 1192 2066 1286 2117; x_wconf 81' lang='grc' dir='ltr'>τοῦ</span> <span class='ocrx_word' id='word_1_279' title='bbox 1329 2059 1528 2134; x_wconf 78' lang='grc' dir='ltr'>εἴδους,</span> <span class='ocrx_word' id='word_1_280' title='bbox 1563 2060 1658 2116; x_wconf 74' lang='grc' dir='ltr'><strong>οὒκ</strong></span> <span class='ocrx_word' id='word_1_281' title='bbox 1689 2058 1814 2138; x_wconf 75' lang='grc' dir='ltr'>ὄναρ</span> <span class='ocrx_word' id='word_1_282' title='bbox 1844 2059 1951 2135; x_wconf 90' lang='grc' dir='ltr'>μό-</span> 
     </span>
    </p>
   </div>
   <div class='ocr_carea' id='block_1_41' title="bbox 292 2147 1953 2229">
    <p class='ocr_par' dir='ltr' id='par_1_41' title="bbox 292 2147 1953 2229">
     <span class='ocr_line' id='line_1_41' title="bbox 292 2147 1953 2229; baseline -0.003 -17"><span class='ocrx_word' id='word_1_283' title='bbox 292 2175 413 2225; x_wconf 87' lang='grc' dir='ltr'>νον,</span> <span class='ocrx_word' id='word_1_284' title='bbox 443 2151 584 2209; x_wconf 73' lang='grc' dir='ltr'>ἀλλὰ</span> <span class='ocrx_word' id='word_1_285' title='bbox 640 2153 726 2209; x_wconf 83' lang='grc' dir='ltr'><strong>καὶ</strong></span> <span class='ocrx_word' id='word_1_286' title='bbox 785 2149 946 2229; x_wconf 74' lang='grc' dir='ltr'>ὕπαρ,</span> <span class='ocrx_word' id='word_1_287' title='bbox 980 2149 1169 2207; x_wconf 78' lang='grc' dir='ltr'>πάθεσί</span> <span class='ocrx_word' id='word_1_288' title='bbox 1225 2170 1279 2206; x_wconf 87' lang='grc' dir='ltr'><strong>τε</strong></span> <span class='ocrx_word' id='word_1_289' title='bbox 1339 2151 1427 2207; x_wconf 80' lang='grc' dir='ltr'><strong>καὶ</strong></span> <span class='ocrx_word' id='word_1_290' title='bbox 1469 2147 1681 2224; x_wconf 87' lang='grc' dir='ltr'>δαίμοσι</span> <span class='ocrx_word' id='word_1_291' title='bbox 1725 2151 1813 2206; x_wconf 86' lang='grc' dir='ltr'><strong>καὶ</strong></span> <span class='ocrx_word' id='word_1_292' title='bbox 1856 2172 1953 2207; x_wconf 82' lang='grc' dir='ltr'>νο·-</span> 
     </span>
    </p>
   </div>
   <div class='ocr_carea' id='block_1_42' title="bbox 294 2238 1957 2321">
    <p class='ocr_par' dir='ltr' id='par_1_42' title="bbox 294 2238 1957 2321">
     <span class='ocr_line' id='line_1_42' title="bbox 294 2238 1957 2321; baseline -0.002 -23"><span class='ocrx_word' id='word_1_293' title='bbox 294 2243 504 2317; x_wconf 68' lang='grc' dir='ltr'>σῆμασι</span> <span class='ocrx_word' id='word_1_294' title='bbox 562 2242 735 2321; x_wconf 72' lang='grc' dir='ltr'>φυγῆς</span> <span class='ocrx_word' id='word_1_295' title='bbox 795 2239 934 2296; x_wconf 72' lang='grc' dir='ltr'>αἰτία</span> <span class='ocrx_word' id='word_1_296' title='bbox 991 2241 1325 2312; x_wconf 71' lang='grc' dir='ltr'><strong>καθίσταται,</strong></span> <span class='ocrx_word' id='word_1_297' title='bbox 1372 2238 1723 2317; x_wconf 74' lang='grc' dir='ltr'>φαρμακείαις</span> <span class='ocrx_word' id='word_1_298' title='bbox 1768 2260 1826 2295; x_wconf 88' lang='grc' dir='ltr'><strong>τε</strong></span> <span class='ocrx_word' id='word_1_299' title='bbox 1868 2248 1957 2304; x_wconf 73' lang='grc' dir='ltr'><strong>καὶ</strong></span> 
     </span>
    </p>
   </div>
   <div class='ocr_carea' id='block_1_43' title="bbox 292 2328 1951 2408">
    <p class='ocr_par' dir='ltr' id='par_1_43' title="bbox 292 2328 1951 2408">
     <span class='ocr_line' id='line_1_43' title="bbox 292 2328 1951 2408; baseline -0.007 -19"><span class='ocrx_word' id='word_1_300' title='bbox 292 2331 483 2395; x_wconf 71' lang='grc' dir='ltr'>ἄλλοις</span> <span class='ocrx_word' id='word_1_301' title='bbox 563 2341 756 2393; x_wconf 75' lang='grc' dir='ltr'>κακοῖς</span> <span class='ocrx_word' id='word_1_302' title='bbox 839 2328 1119 2408; x_wconf 73' lang='grc' dir='ltr'>φάρμακόν</span> <span class='ocrx_word' id='word_1_303' title='bbox 1185 2329 1328 2384; x_wconf 67' lang='grc' dir='ltr'>εστίν</span> <span class='ocrx_word' id='word_1_304' title='bbox 1397 2328 1640 2408; x_wconf 74' lang='grc' dir='ltr'>ἀτεχνῶς</span> <span class='ocrx_word' id='word_1_305' title='bbox 1710 2329 1951 2408; x_wconf 69' lang='grc' dir='ltr'>ἄμαχον,</span> 
     </span>
    </p>
   </div>
   <div class='ocr_carea' id='block_1_44' title="bbox 292 2414 1957 2495">
    <p class='ocr_par' dir='ltr' id='par_1_44' title="bbox 292 2414 1957 2495">
     <span class='ocr_line' id='line_1_44' title="bbox 292 2414 1957 2495; baseline -0.004 -17"><span class='ocrx_word' id='word_1_306' title='bbox 292 2421 471 2479; x_wconf 75' lang='grc' dir='ltr'>Ἀλλὰ</span> <span class='ocrx_word' id='word_1_307' title='bbox 527 2427 696 2476; x_wconf 79' lang='grc' dir='ltr'>ταῦτα</span> <span class='ocrx_word' id='word_1_308' title='bbox 738 2418 838 2495; x_wconf 79' lang='grc' dir='ltr'><strong>μὶν</strong></span> <span class='ocrx_word' id='word_1_309' title='bbox 869 2417 960 2472; x_wconf 80' lang='grc' dir='ltr'><strong>καὶ</strong></span> <span class='ocrx_word' id='word_1_310' title='bbox 1011 2414 1182 2473; x_wconf 82' lang='grc' dir='ltr'>λὲθειν</span> <span class='ocrx_word' id='word_1_311' title='bbox 1233 2416 1390 2481; x_wconf 83' lang='grc' dir='ltr'>ἆθλος</span> <span class='ocrx_word' id='word_1_312' title='bbox 1448 2420 1544 2475; x_wconf 76' lang='grc' dir='ltr'><strong>οὒκ</strong></span> <span class='ocrx_word' id='word_1_313' title='bbox 1585 2416 1836 2490; x_wconf 75' lang='grc' dir='ltr'>εὖπετὴς,</span> <span class='ocrx_word' id='word_1_314' title='bbox 1871 2418 1957 2472; x_wconf 85' lang='grc' dir='ltr'><strong>καὶ</strong></span> 
     </span>
    </p>
   </div>
   <div class='ocr_carea' id='block_1_45' title="bbox 296 2505 1952 2591">
    <p class='ocr_par' dir='ltr' id='par_1_45' title="bbox 296 2505 1952 2591">
     <span class='ocr_line' id='line_1_45' title="bbox 296 2505 1952 2591; baseline -0.004 -23"><span class='ocrx_word' id='word_1_315' title='bbox 296 2512 550 2591; x_wconf 72' lang='grc' dir='ltr'>ἀριθμεῖν</span> <span class='ocrx_word' id='word_1_316' title='bbox 606 2509 728 2566; x_wconf 77' lang='grc' dir='ltr'>ἴσον</span> <span class='ocrx_word' id='word_1_317' title='bbox 798 2507 908 2564; x_wconf 76' lang='grc' dir='ltr'>ἐστὶ</span> <span class='ocrx_word' id='word_1_318' title='bbox 979 2506 1067 2562; x_wconf 83' lang='grc' dir='ltr'><strong>καὶ</strong></span> <span class='ocrx_word' id='word_1_319' title='bbox 1123 2506 1300 2581; x_wconf 81' lang='grc' dir='ltr'>κυάθῳ</span> <span class='ocrx_word' id='word_1_320' title='bbox 1368 2508 1428 2563; x_wconf 79' lang='grc' dir='ltr'>τὸ</span> <span class='ocrx_word' id='word_1_321' title='bbox 1483 2505 1715 2586; x_wconf 87' lang='grc' dir='ltr'>πελαγος</span> <span class='ocrx_word' id='word_1_322' title='bbox 1785 2505 1952 2581; x_wconf 70' lang='grc' dir='ltr'>ἔκμε-</span> 
     </span>
    </p>
   </div>
   <div class='ocr_carea' id='block_1_46' title="bbox 292 2613 470 2676">
    <p class='ocr_par' dir='ltr' id='par_1_46' title="bbox 292 2613 470 2676">
     <span class='ocr_line' id='line_1_46' title="bbox 292 2613 470 2676; baseline -0.022 -18"><span class='ocrx_word' id='word_1_323' title='bbox 292 2613 446 2676; x_wconf 75' lang='grc' dir='ltr'>τρετν</span> <span class='ocrx_word' id='word_1_324' title='bbox 455 2647 470 2662; x_wconf 88' lang='grc'><strong>,</strong></span> 
     </span>
    </p>
   </div>
   <div class='ocr_carea' id='block_1_47' title="bbox 382 2683 1954 2762">
    <p class='ocr_par' dir='ltr' id='par_1_47' title="bbox 382 2683 1954 2762">
     <span class='ocr_line' id='line_1_47' title="bbox 382 2683 1954 2762; baseline -0.004 -15"><span class='ocrx_word' id='word_1_325' title='bbox 382 2687 501 2749; x_wconf 71' lang='lat' dir='ltr'><strong>lA&#39;.</strong></span> <span class='ocrx_word' id='word_1_326' title='bbox 560 2686 688 2747; x_wconf 71' lang='lat' dir='ltr'><strong>&quot;Ott</strong></span> <span class='ocrx_word' id='word_1_327' title='bbox 717 2685 774 2743; x_wconf 77' lang='grc' dir='ltr'>δὲ</span> <span class='ocrx_word' id='word_1_328' title='bbox 808 2687 886 2762; x_wconf 76' lang='grc' dir='ltr'>μὴ</span> <span class='ocrx_word' id='word_1_329' title='bbox 917 2693 1114 2759; x_wconf 84' lang='grc' dir='ltr'>ζῶντες</span> <span class='ocrx_word' id='word_1_330' title='bbox 1152 2685 1317 2762; x_wconf 81' lang='grc' dir='ltr'>μόνον</span> <span class='ocrx_word' id='word_1_331' title='bbox 1349 2686 1409 2741; x_wconf 71' lang='grc' dir='ltr'><strong>τὸ</strong></span> <span class='ocrx_word' id='word_1_332' title='bbox 1441 2684 1498 2741; x_wconf 79' lang='grc' dir='ltr'>εὖ</span> <span class='ocrx_word' id='word_1_333' title='bbox 1550 2690 1667 2761; x_wconf 76' lang='grc' dir='ltr'>ζῇν,</span> <span class='ocrx_word' id='word_1_334' title='bbox 1702 2683 1839 2741; x_wconf 81' lang='grc' dir='ltr'><strong>ἀλλᾶ</strong></span> <span class='ocrx_word' id='word_1_335' title='bbox 1867 2686 1954 2742; x_wconf 83' lang='grc' dir='ltr'><strong>καὶ</strong></span> 
     </span>
    </p>
   </div>
   <div class='ocr_carea' id='block_1_48' title="bbox 293 2773 1951 2854">
    <p class='ocr_par' dir='ltr' id='par_1_48' title="bbox 293 2773 1951 2854">
     <span class='ocr_line' id='line_1_48' title="bbox 293 2773 1951 2854; baseline -0.002 -20"><span class='ocrx_word' id='word_1_336' title='bbox 293 2777 619 2845; x_wconf 73' lang='grc' dir='ltr'>τεθνηκότες</span> <span class='ocrx_word' id='word_1_337' title='bbox 680 2776 785 2845; x_wconf 76' lang='grc' dir='ltr'><strong>ἤνη</strong></span> <span class='ocrx_word' id='word_1_338' title='bbox 816 2778 878 2834; x_wconf 77' lang='grc' dir='ltr'>τὸ</span> <span class='ocrx_word' id='word_1_339' title='bbox 930 2783 1030 2854; x_wconf 78' lang='grc' dir='ltr'>ζῇν</span> <span class='ocrx_word' id='word_1_340' title='bbox 1059 2775 1199 2839; x_wconf 79' lang='grc' dir='ltr'>ὅλως</span> <span class='ocrx_word' id='word_1_341' title='bbox 1234 2777 1290 2832; x_wconf 78' lang='grc' dir='ltr'>ἐν</span> <span class='ocrx_word' id='word_1_342' title='bbox 1330 2773 1461 2850; x_wconf 82' lang='grc' dir='ltr'><strong>τῷδε</strong></span> <span class='ocrx_word' id='word_1_343' title='bbox 1516 2781 1594 2847; x_wconf 83' lang='grc' dir='ltr'>τῷ</span> <span class='ocrx_word' id='word_1_344' title='bbox 1623 2775 1734 2848; x_wconf 77' lang='grc' dir='ltr'><strong>ναῷ</strong></span> <span class='ocrx_word' id='word_1_345' title='bbox 1790 2774 1951 2832; x_wconf 80' lang='grc' dir='ltr'>ἀπει-</span> 
     </span>
    </p>
   </div>
   <div class='ocr_carea' id='block_1_49' title="bbox 293 2862 1952 2948">
    <p class='ocr_par' dir='ltr' id='par_1_49' title="bbox 293 2862 1952 2948">
     <span class='ocr_line' id='line_1_49' title="bbox 293 2862 1952 2948; baseline -0.002 -25"><span class='ocrx_word' id='word_1_346' title='bbox 293 2867 558 2948; x_wconf 74' lang='grc' dir='ltr'>λήφασιν,</span> <span class='ocrx_word' id='word_1_347' title='bbox 591 2869 620 2923; x_wconf 76' lang='grc' dir='ltr'>ὁ</span> <span class='ocrx_word' id='word_1_348' title='bbox 679 2865 836 2944; x_wconf 80' lang='grc' dir='ltr'>λόγος</span> <span class='ocrx_word' id='word_1_349' title='bbox 882 2864 985 2934; x_wconf 75' lang='grc' dir='ltr'>ἤδη</span> <span class='ocrx_word' id='word_1_350' title='bbox 1046 2864 1286 2932; x_wconf 82' lang='grc' dir='ltr'>δηλῶσαι</span> <span class='ocrx_word' id='word_1_351' title='bbox 1317 2863 1641 2940; x_wconf 77' lang='grc' dir='ltr'>βουλόμενςς</span> <span class='ocrx_word' id='word_1_352' title='bbox 1674 2862 1811 2940; x_wconf 68' lang='grc' dir='ltr'>εὕροι</span> <span class='ocrx_word' id='word_1_353' title='bbox 1857 2865 1952 2929; x_wconf 83' lang='grc' dir='ltr'><strong>τὰς</strong></span> 
     </span>
    </p>
   </div>
   <div class='ocr_carea' id='block_1_50' title="bbox 296 2953 1950 3035">
    <p class='ocr_par' dir='ltr' id='par_1_50' title="bbox 296 2953 1950 3035">
     <span class='ocr_line' id='line_1_50' title="bbox 296 2953 1950 3035; baseline -0.003 -21"><span class='ocrx_word' id='word_1_354' title='bbox 296 2958 466 3022; x_wconf 70' lang='grc' dir='ltr'>ἀκοὰς</span> <span class='ocrx_word' id='word_1_355' title='bbox 522 2962 628 3013; x_wconf 82' lang='grc' dir='ltr'><strong>τῶν</strong></span> <span class='ocrx_word' id='word_1_356' title='bbox 673 2956 949 3035; x_wconf 82' lang='grc' dir='ltr'>παρόντων</span> <span class='ocrx_word' id='word_1_357' title='bbox 1004 2954 1349 3021; x_wconf 80' lang='grc' dir='ltr'>ὑποδέξασθαι</span> <span class='ocrx_word' id='word_1_358' title='bbox 1404 2956 1468 3010; x_wconf 79' lang='grc' dir='ltr'>τὸ</span> <span class='ocrx_word' id='word_1_359' title='bbox 1519 2957 1694 3029; x_wconf 70' lang='grc' dir='ltr'>θαῦμα</span> <span class='ocrx_word' id='word_1_360' title='bbox 1754 2953 1950 3032; x_wconf 80' lang='grc' dir='ltr'>προθύ-</span> 
     </span>
    </p>
   </div>
   <div class='ocr_carea' id='block_1_51' title="bbox 302 3042 1954 3123">
    <p class='ocr_par' dir='ltr' id='par_1_51' title="bbox 302 3042 1954 3123">
     <span class='ocr_line' id='line_1_51' title="bbox 302 3042 1954 3123; baseline -0.004 -20"><span class='ocrx_word' id='word_1_361' title='bbox 302 3068 461 3121; x_wconf 85' lang='grc' dir='ltr'>μους.</span> <span class='ocrx_word' id='word_1_362' title='bbox 507 3047 645 3116; x_wconf 78' lang='grc' dir='ltr'>Γυνή</span> <span class='ocrx_word' id='word_1_363' title='bbox 674 3066 757 3108; x_wconf 89' lang='grc' dir='ltr'><strong>τις</strong></span> <span class='ocrx_word' id='word_1_364' title='bbox 815 3045 876 3102; x_wconf 76' lang='grc' dir='ltr'>ἐκ</span> <span class='ocrx_word' id='word_1_365' title='bbox 906 3052 1005 3113; x_wconf 80' lang='grc' dir='ltr'>τής</span> <span class='ocrx_word' id='word_1_366' title='bbox 1034 3045 1275 3123; x_wconf 78' lang='grc' dir='ltr'>ὑπερῴου</span> <span class='ocrx_word' id='word_1_367' title='bbox 1316 3049 1476 3108; x_wconf 82' lang='grc' dir='ltr'>στοᾶς</span> <span class='ocrx_word' id='word_1_368' title='bbox 1507 3049 1612 3099; x_wconf 81' lang='grc' dir='ltr'><strong>τῶν</strong></span> <span class='ocrx_word' id='word_1_369' title='bbox 1671 3042 1954 3117; x_wconf 73' lang='grc' dir='ltr'>εὐωνύμων</span> 
     </span>
    </p>
   </div>
   <div class='ocr_carea' id='block_1_52' title="bbox 2035 2050 3679 2141">
    <p class='ocr_par' dir='ltr' id='par_1_52' title="bbox 2035 2050 3679 2141">
     <span class='ocr_line' id='line_1_52' title="bbox 2035 2050 3679 2141; baseline -0.005 -23"><span class='ocrx_word' id='word_1_370' title='bbox 2035 2074 2329 2137; x_wconf 85' lang='lat' dir='ltr'><strong>apparens</strong></span> <span class='ocrx_word' id='word_1_371' title='bbox 2359 2059 2451 2132; x_wconf 89' lang='lat' dir='ltr'><strong>iis,</strong></span> <span class='ocrx_word' id='word_1_372' title='bbox 2487 2060 2586 2140; x_wconf 88' lang='lat' dir='ltr'><strong>qui</strong></span> <span class='ocrx_word' id='word_1_373' title='bbox 2616 2059 2677 2121; x_wconf 92' lang='lat' dir='ltr'><strong>in</strong></span> <span class='ocrx_word' id='word_1_374' title='bbox 2708 2078 2778 2121; x_wconf 92' lang='lat' dir='ltr'><strong>eo</strong></span> <span class='ocrx_word' id='word_1_375' title='bbox 2810 2050 2973 2123; x_wconf 25' lang='lat' dir='ltr'><strong>sunti</strong></span> <span class='ocrx_word' id='word_1_376' title='bbox 3001 2060 3171 2141; x_wconf 89' lang='lat' dir='ltr'><strong>paulo</strong></span> <span class='ocrx_word' id='word_1_377' title='bbox 3205 2056 3505 2128; x_wconf 85' lang='lat' dir='ltr'><strong>meliores,</strong></span> <span class='ocrx_word' id='word_1_378' title='bbox 3540 2050 3679 2113; x_wconf 77' lang='lat' dir='ltr'><strong>cum</strong></span> 
     </span>
    </p>
   </div>
   <div class='ocr_carea' id='block_1_53' title="bbox 2039 2141 3677 2226">
    <p class='ocr_par' dir='ltr' id='par_1_53' title="bbox 2039 2141 3677 2226">
     <span class='ocr_line' id='line_1_53' title="bbox 2039 2141 3677 2226; baseline -0.003 -20"><span class='ocrx_word' id='word_1_379' title='bbox 2039 2145 2223 2226; x_wconf 81' lang='lat' dir='ltr'><strong>ﬁgura</strong></span> <span class='ocrx_word' id='word_1_380' title='bbox 2253 2156 2308 2207; x_wconf 93' lang='lat' dir='ltr'><strong>et</strong></span> <span class='ocrx_word' id='word_1_381' title='bbox 2361 2147 2553 2210; x_wconf 83' lang='lat' dir='ltr'><strong>forma</strong></span> <span class='ocrx_word' id='word_1_382' title='bbox 2581 2159 2891 2225; x_wconf 84' lang='lat' dir='ltr'><strong>consueta,</strong></span> <span class='ocrx_word' id='word_1_383' title='bbox 2932 2169 3047 2211; x_wconf 90' lang='lat' dir='ltr'><strong>non</strong></span> <span class='ocrx_word' id='word_1_384' title='bbox 3101 2149 3290 2210; x_wconf 91' lang='lat' dir='ltr'><strong>solum</strong></span> <span class='ocrx_word' id='word_1_385' title='bbox 3326 2147 3383 2206; x_wconf 93' lang='lat' dir='ltr'><strong>in</strong></span> <span class='ocrx_word' id='word_1_386' title='bbox 3429 2141 3677 2214; x_wconf 86' lang='lat' dir='ltr'><strong>somnis,</strong></span> 
     </span>
    </p>
   </div>
   <div class='ocr_carea' id='block_1_54' title="bbox 2038 2227 3688 2319">
    <p class='ocr_par' dir='ltr' id='par_1_54' title="bbox 2038 2227 3688 2319">
     <span class='ocr_line' id='line_1_54' title="bbox 2038 2227 3688 2319; baseline -0.004 -23"><span class='ocrx_word' id='word_1_387' title='bbox 2038 2235 2142 2296; x_wconf 85' lang='lat' dir='ltr'><strong>sed</strong></span> <span class='ocrx_word' id='word_1_388' title='bbox 2177 2240 2591 2317; x_wconf 75' lang='lat' dir='ltr'><strong>&#39;revera,causa</strong></span> <span class='ocrx_word' id='word_1_389' title='bbox 2621 2247 2733 2315; x_wconf 90' lang='lat' dir='ltr'><strong>est,</strong></span> <span class='ocrx_word' id='word_1_390' title='bbox 2764 2247 2825 2300; x_wconf 91' lang='lat' dir='ltr'><strong>ut</strong></span> <span class='ocrx_word' id='word_1_391' title='bbox 2851 2240 3130 2319; x_wconf 80' lang='lat' dir='ltr'><strong>fugentur</strong></span> <span class='ocrx_word' id='word_1_392' title='bbox 3158 2227 3688 2319; x_wconf 72' lang='lat' dir='ltr'><strong>daamones,mcrbi</strong></span> 
     </span>
    </p>
   </div>
   <div class='ocr_carea' id='block_1_55' title="bbox 2038 2318 3679 2410">
    <p class='ocr_par' dir='ltr' id='par_1_55' title="bbox 2038 2318 3679 2410">
     <span class='ocr_line' id='line_1_55' title="bbox 2038 2318 3679 2410; baseline -0.005 -23"><span class='ocrx_word' id='word_1_393' title='bbox 2038 2333 2096 2387; x_wconf 91' lang='lat' dir='ltr'><strong>et</strong></span> <span class='ocrx_word' id='word_1_394' title='bbox 2126 2326 2512 2404; x_wconf 81' lang='lat' dir='ltr'><strong>aegritudines</strong></span> <span class='ocrx_word' id='word_1_395' title='bbox 2541 2348 2553 2390; x_wconf 93' lang='lat'>:</span> <span class='ocrx_word' id='word_1_396' title='bbox 2587 2318 3012 2410; x_wconf 82' lang='lat' dir='ltr'><strong>veneﬁciisque</strong></span> <span class='ocrx_word' id='word_1_397' title='bbox 3041 2335 3099 2391; x_wconf 90' lang='lat' dir='ltr'><strong>et</strong></span> <span class='ocrx_word' id='word_1_398' title='bbox 3127 2328 3256 2389; x_wconf 85' lang='lat' dir='ltr'><strong>aliis</strong></span> <span class='ocrx_word' id='word_1_399' title='bbox 3287 2323 3456 2386; x_wconf 84' lang='lat' dir='ltr'><strong>malis</strong></span> <span class='ocrx_word' id='word_1_400' title='bbox 3487 2318 3679 2410; x_wconf 80' lang='lat' dir='ltr'><strong>medi-</strong></span> 
     </span>
    </p>
   </div>
   <div class='ocr_carea' id='block_1_56' title="bbox 2039 2407 3683 2499">
    <p class='ocr_par' dir='ltr' id='par_1_56' title="bbox 2039 2407 3683 2499">
     <span class='ocr_line' id='line_1_56' title="bbox 2039 2407 3683 2499; baseline -0.002 -23"><span class='ocrx_word' id='word_1_401' title='bbox 2039 2423 2374 2477; x_wconf 87' lang='lat' dir='ltr'><strong>camentum</strong></span> <span class='ocrx_word' id='word_1_402' title='bbox 2421 2434 2564 2479; x_wconf 84' lang='lat' dir='ltr'><strong>vere</strong></span> <span class='ocrx_word' id='word_1_403' title='bbox 2596 2433 2683 2480; x_wconf 89' lang='lat' dir='ltr'><strong>est</strong></span> <span class='ocrx_word' id='word_1_404' title='bbox 2710 2407 3192 2499; x_wconf 76' lang='lat' dir='ltr'><strong>inexpugnabile.</strong></span> <span class='ocrx_word' id='word_1_405' title='bbox 3236 2414 3354 2477; x_wconf 89' lang='lat' dir='ltr'><strong>Sed</strong></span> <span class='ocrx_word' id='word_1_406' title='bbox 3386 2412 3512 2473; x_wconf 58' lang='lat' dir='ltr'><strong>haec</strong></span> <span class='ocrx_word' id='word_1_407' title='bbox 3543 2407 3683 2490; x_wconf 83' lang='lat' dir='ltr'><strong>qui-</strong></span> 
     </span>
    </p>
   </div>
   <div class='ocr_carea' id='block_1_57' title="bbox 2038 2502 3684 2574">
    <p class='ocr_par' dir='ltr' id='par_1_57' title="bbox 2038 2502 3684 2574">
     <span class='ocr_line' id='line_1_57' title="bbox 2038 2502 3684 2574; baseline -0.004 -10"><span class='ocrx_word' id='word_1_408' title='bbox 2038 2502 2174 2564; x_wconf 90' lang='lat' dir='ltr'><strong>dem</strong></span> <span class='ocrx_word' id='word_1_409' title='bbox 2209 2504 2416 2567; x_wconf 90' lang='lat' dir='ltr'><strong>dicere</strong></span> <span class='ocrx_word' id='word_1_410' title='bbox 2439 2515 2744 2568; x_wconf 83' lang='lat' dir='ltr'><strong>certamen</strong></span> <span class='ocrx_word' id='word_1_411' title='bbox 2773 2517 2862 2568; x_wconf 90' lang='lat' dir='ltr'><strong>est</strong></span> <span class='ocrx_word' id='word_1_412' title='bbox 2889 2526 3006 2568; x_wconf 91' lang='lat' dir='ltr'><strong>non</strong></span> <span class='ocrx_word' id='word_1_413' title='bbox 3037 2505 3299 2574; x_wconf 81' lang='lat' dir='ltr'><strong>facile.et</strong></span> <span class='ocrx_word' id='word_1_414' title='bbox 3327 2514 3684 2563; x_wconf 86' lang='lat' dir='ltr'><strong>enumerare</strong></span> 
     </span>
    </p>
   </div>
   <div class='ocr_carea' id='block_1_58' title="bbox 2039 2592 3194 2677">
    <p class='ocr_par' dir='ltr' id='par_1_58' title="bbox 2039 2592 3194 2677">
     <span class='ocr_line' id='line_1_58' title="bbox 2039 2592 3194 2677; baseline 0.004 -24"><span class='ocrx_word' id='word_1_415' title='bbox 2039 2592 2293 2673; x_wconf 86' lang='lat' dir='ltr'><strong>perinde</strong></span> <span class='ocrx_word' id='word_1_416' title='bbox 2324 2603 2415 2656; x_wconf 89' lang='lat' dir='ltr'><strong>est</strong></span> <span class='ocrx_word' id='word_1_417' title='bbox 2445 2613 2513 2657; x_wconf 90' lang='lat' dir='ltr'><strong>ac</strong></span> <span class='ocrx_word' id='word_1_418' title='bbox 2540 2612 2703 2658; x_wconf 88' lang='lat' dir='ltr'><strong>mare</strong></span> <span class='ocrx_word' id='word_1_419' title='bbox 2737 2596 2932 2658; x_wconf 90' lang='lat' dir='ltr'><strong>metiri</strong></span> <span class='ocrx_word' id='word_1_420' title='bbox 2963 2595 3194 2677; x_wconf 80' lang='lat' dir='ltr'><strong>cyatho.</strong></span> 
     </span>
    </p>
   </div>
   <div class='ocr_carea' id='block_1_59' title="bbox 2119 2677 3679 2759">
    <p class='ocr_par' dir='ltr' id='par_1_59' title="bbox 2119 2677 3679 2759">
     <span class='ocr_line' id='line_1_59' title="bbox 2119 2677 3679 2759; baseline -0.004 -14"><span class='ocrx_word' id='word_1_421' title='bbox 2119 2681 2197 2745; x_wconf 86' lang='lat' dir='ltr'><strong>XI</strong></span> <span class='ocrx_word' id='word_1_422' title='bbox 2254 2682 2421 2756; x_wconf 89' lang='lat' dir='ltr'><strong>Quod</strong></span> <span class='ocrx_word' id='word_1_423' title='bbox 2453 2693 2647 2747; x_wconf 88' lang='lat' dir='ltr'><strong>autem</strong></span> <span class='ocrx_word' id='word_1_424' title='bbox 2681 2704 2799 2747; x_wconf 91' lang='lat' dir='ltr'><strong>non</strong></span> <span class='ocrx_word' id='word_1_425' title='bbox 2834 2685 3026 2747; x_wconf 90' lang='lat' dir='ltr'><strong>solum</strong></span> <span class='ocrx_word' id='word_1_426' title='bbox 3060 2685 3192 2759; x_wconf 83' lang='lat' dir='ltr'><strong>vivi,</strong></span> <span class='ocrx_word' id='word_1_427' title='bbox 3230 2688 3294 2743; x_wconf 92' lang='lat' dir='ltr'><strong>ut</strong></span> <span class='ocrx_word' id='word_1_428' title='bbox 3322 2687 3485 2742; x_wconf 89' lang='lat' dir='ltr'><strong>recte</strong></span> <span class='ocrx_word' id='word_1_429' title='bbox 3517 2677 3679 2740; x_wconf 88' lang='lat' dir='ltr'><strong>vive-</strong></span> 
     </span>
    </p>
   </div>
   <div class='ocr_carea' id='block_1_60' title="bbox 2038 2767 3681 2854">
    <p class='ocr_par' dir='ltr' id='par_1_60' title="bbox 2038 2767 3681 2854">
     <span class='ocr_line' id='line_1_60' title="bbox 2038 2767 3681 2854; baseline -0.003 -21"><span class='ocrx_word' id='word_1_430' title='bbox 2038 2782 2195 2852; x_wconf 90' lang='lat' dir='ltr'><strong>rent,</strong></span> <span class='ocrx_word' id='word_1_431' title='bbox 2228 2773 2331 2834; x_wconf 86' lang='lat' dir='ltr'><strong>sed</strong></span> <span class='ocrx_word' id='word_1_432' title='bbox 2393 2774 2569 2835; x_wconf 89' lang='lat' dir='ltr'><strong>etiam</strong></span> <span class='ocrx_word' id='word_1_433' title='bbox 2592 2776 2714 2854; x_wconf 88' lang='lat' dir='ltr'><strong>jam</strong></span> <span class='ocrx_word' id='word_1_434' title='bbox 2774 2775 3012 2845; x_wconf 87' lang='lat' dir='ltr'><strong>mortui,</strong></span> <span class='ocrx_word' id='word_1_435' title='bbox 3048 2780 3111 2834; x_wconf 89' lang='lat' dir='ltr'><strong>ut</strong></span> <span class='ocrx_word' id='word_1_436' title='bbox 3136 2772 3422 2845; x_wconf 82' lang='lat' dir='ltr'><strong>viverent,</strong></span> <span class='ocrx_word' id='word_1_437' title='bbox 3460 2768 3519 2829; x_wconf 91' lang='lat' dir='ltr'><strong>in</strong></span> <span class='ocrx_word' id='word_1_438' title='bbox 3569 2767 3681 2829; x_wconf 89' lang='lat' dir='ltr'><strong>hoc</strong></span> 
     </span>
    </p>
   </div>
   <div class='ocr_carea' id='block_1_61' title="bbox 2036 2857 3675 2946">
    <p class='ocr_par' dir='ltr' id='par_1_61' title="bbox 2036 2857 3675 2946">
     <span class='ocr_line' id='line_1_61' title="bbox 2036 2857 3675 2946; baseline -0.005 -22"><span class='ocrx_word' id='word_1_439' title='bbox 2036 2863 2257 2945; x_wconf 90' lang='lat' dir='ltr'><strong>templo</strong></span> <span class='ocrx_word' id='word_1_440' title='bbox 2288 2873 2673 2944; x_wconf 86' lang='lat' dir='ltr'><strong>acceperunt,</strong></span> <span class='ocrx_word' id='word_1_441' title='bbox 2699 2865 2822 2946; x_wconf 86' lang='lat' dir='ltr'><strong>jam</strong></span> <span class='ocrx_word' id='word_1_442' title='bbox 2863 2864 3076 2926; x_wconf 89' lang='lat' dir='ltr'><strong>volens</strong></span> <span class='ocrx_word' id='word_1_443' title='bbox 3105 2860 3412 2924; x_wconf 86' lang='lat' dir='ltr'><strong>declarare</strong></span> <span class='ocrx_word' id='word_1_444' title='bbox 3465 2857 3675 2946; x_wconf 85' lang='lat' dir='ltr'><strong>oratio,</strong></span> 
     </span>
    </p>
   </div>
   <div class='ocr_carea' id='block_1_62' title="bbox 2037 2944 3683 3033">
    <p class='ocr_par' dir='ltr' id='par_1_62' title="bbox 2037 2944 3683 3033">
     <span class='ocr_line' id='line_1_62' title="bbox 2037 2944 3683 3033; baseline -0.005 -20"><span class='ocrx_word' id='word_1_445' title='bbox 2037 2944 2298 3014; x_wconf 85' lang='lat' dir='ltr'><strong>inveniat</strong></span> <span class='ocrx_word' id='word_1_446' title='bbox 2320 2971 2550 3027; x_wconf 91' lang='lat' dir='ltr'><strong>eorum,</strong></span> <span class='ocrx_word' id='word_1_447' title='bbox 2577 2954 2676 3033; x_wconf 88' lang='lat' dir='ltr'><strong>qui</strong></span> <span class='ocrx_word' id='word_1_448' title='bbox 2700 2944 2937 3029; x_wconf 80' lang='lat' dir='ltr'><strong>adsunt,</strong></span> <span class='ocrx_word' id='word_1_449' title='bbox 2963 2968 3138 3014; x_wconf 90' lang='lat' dir='ltr'><strong>aures</strong></span> <span class='ocrx_word' id='word_1_450' title='bbox 3163 2957 3395 3032; x_wconf 84' lang='lat' dir='ltr'><strong>paratas</strong></span> <span class='ocrx_word' id='word_1_451' title='bbox 3422 2947 3493 3009; x_wconf 86' lang='lat' dir='ltr'><strong>ad</strong></span> <span class='ocrx_word' id='word_1_452' title='bbox 3528 2944 3683 3007; x_wconf 89' lang='lat' dir='ltr'><strong>acci-</strong></span> 
     </span>
    </p>
   </div>
   <div class='ocr_carea' id='block_1_63' title="bbox 2037 3033 3686 3123">
    <p class='ocr_par' dir='ltr' id='par_1_63' title="bbox 2037 3033 3686 3123">
     <span class='ocr_line' id='line_1_63' title="bbox 2037 3033 3686 3123; baseline -0.005 -20"><span class='ocrx_word' id='word_1_453' title='bbox 2037 3041 2323 3122; x_wconf 89' lang='lat' dir='ltr'><strong>piendum</strong></span> <span class='ocrx_word' id='word_1_454' title='bbox 2350 3041 2727 3106; x_wconf 86' lang='lat' dir='ltr'><strong>miraculum.</strong></span> <span class='ocrx_word' id='word_1_455' title='bbox 2760 3042 2971 3105; x_wconf 86' lang='lat' dir='ltr'><strong>Mulier</strong></span> <span class='ocrx_word' id='word_1_456' title='bbox 2990 3039 3259 3123; x_wconf 59' lang='lat' dir='ltr'><strong>quadam</strong></span> <span class='ocrx_word' id='word_1_457' title='bbox 3292 3055 3362 3101; x_wconf 84' lang='lat' dir='ltr'><strong>ex</strong></span> <span class='ocrx_word' id='word_1_458' title='bbox 3393 3033 3686 3117; x_wconf 84' lang='lat' dir='ltr'><strong>superiori</strong></span> 
     </span>
    </p>
   </div>
   <div class='ocr_carea' id='block_1_64' title="bbox 300 3128 1952 3214">
    <p class='ocr_par' dir='ltr' id='par_1_64' title="bbox 300 3130 1952 3214">
     <span class='ocr_line' id='line_1_64' title="bbox 300 3130 1952 3214; baseline -0.003 -23"><span class='ocrx_word' id='word_1_459' title='bbox 300 3135 481 3214; x_wconf 75' lang='grc' dir='ltr'>μερῶν</span> <span class='ocrx_word' id='word_1_460' title='bbox 523 3136 949 3214; x_wconf 73' lang='grc' dir='ltr'>ὒπερκῦπτουσα,</span> <span class='ocrx_word' id='word_1_461' title='bbox 1006 3136 1095 3191; x_wconf 81' lang='grc' dir='ltr'><strong>καὶ</strong></span> <span class='ocrx_word' id='word_1_462' title='bbox 1153 3132 1317 3191; x_wconf 86' lang='grc' dir='ltr'>πλέον</span> <span class='ocrx_word' id='word_1_463' title='bbox 1376 3132 1413 3201; x_wconf 76' lang='grc' dir='ltr'><strong>ἢ</strong></span> <span class='ocrx_word' id='word_1_464' title='bbox 1470 3130 1721 3212; x_wconf 77' lang='grc' dir='ltr'>ἀσφαλῶς</span> <span class='ocrx_word' id='word_1_465' title='bbox 1794 3133 1952 3212; x_wconf 78' lang='grc' dir='ltr'>εἶχεν</span> 
     </span>
    </p>
   </div>
   <div class='ocr_carea' id='block_1_65' title="bbox 2040 3128 3685 3214">
    <p class='ocr_par' dir='ltr' id='par_1_65' title="bbox 2042 3128 3685 3213">
     <span class='ocr_line' id='line_1_65' title="bbox 2042 3128 3685 3213; baseline -0.005 -21"><span class='ocrx_word' id='word_1_466' title='bbox 2042 3130 2272 3212; x_wconf 89' lang='lat' dir='ltr'><strong>porticu</strong></span> <span class='ocrx_word' id='word_1_467' title='bbox 2301 3130 2557 3193; x_wconf 66' lang='lat' dir='ltr'><strong>dextera;</strong></span> <span class='ocrx_word' id='word_1_468' title='bbox 2582 3132 2763 3213; x_wconf 88' lang='lat' dir='ltr'><strong>partis</strong></span> <span class='ocrx_word' id='word_1_469' title='bbox 2786 3132 3210 3212; x_wconf 87' lang='lat' dir='ltr'><strong>despiciens,et</strong></span> <span class='ocrx_word' id='word_1_470' title='bbox 3239 3128 3573 3210; x_wconf 87' lang='lat' dir='ltr'><strong>plus,quam</strong></span> <span class='ocrx_word' id='word_1_471' title='bbox 3598 3131 3685 3185; x_wconf 87' lang='lat' dir='ltr'><strong>tu-</strong></span> 
     </span>
    </p>
   </div>
   <div class='ocr_carea' id='block_1_66' title="bbox 301 3220 1958 3302">
    <p class='ocr_par' dir='ltr' id='par_1_66' title="bbox 301 3220 1958 3302">
     <span class='ocr_line' id='line_1_66' title="bbox 301 3220 1958 3302; baseline -0.002 -21"><span class='ocrx_word' id='word_1_472' title='bbox 301 3226 635 3302; x_wconf 75' lang='grc' dir='ltr'>αὶωρηθεϊσα</span> <span class='ocrx_word' id='word_1_473' title='bbox 694 3224 876 3280; x_wconf 86' lang='grc' dir='ltr'>πίπτει</span> <span class='ocrx_word' id='word_1_474' title='bbox 934 3244 991 3280; x_wconf 81' lang='grc' dir='ltr'><strong>τε</strong></span> <span class='ocrx_word' id='word_1_475' title='bbox 1050 3224 1163 3299; x_wconf 80' lang='grc' dir='ltr'>ἅμα</span> <span class='ocrx_word' id='word_1_476' title='bbox 1235 3228 1326 3279; x_wconf 75' lang='grc' dir='ltr'>τοῦ</span> <span class='ocrx_word' id='word_1_477' title='bbox 1378 3220 1567 3297; x_wconf 69' lang='grc' dir='ltr'>ὕψους,</span> <span class='ocrx_word' id='word_1_478' title='bbox 1631 3222 1723 3277; x_wconf 84' lang='grc' dir='ltr'><strong>καί</strong></span> <span class='ocrx_word' id='word_1_479' title='bbox 1783 3235 1958 3300; x_wconf 59' lang='grc' dir='ltr'>ὀεκροῐ</span> 
     </span>
    </p>
   </div>
   <div class='ocr_carea' id='block_1_67' title="bbox 303 3310 1957 3394">
    <p class='ocr_par' dir='ltr' id='par_1_67' title="bbox 303 3310 1957 3394">
     <span class='ocr_line' id='line_1_67' title="bbox 303 3310 1957 3394; baseline -0.002 -24"><span class='ocrx_word' id='word_1_480' title='bbox 303 3314 406 3389; x_wconf 76' lang='grc' dir='ltr'>μὲν</span> <span class='ocrx_word' id='word_1_481' title='bbox 450 3313 669 3394; x_wconf 75' lang='grc' dir='ltr'>ἑαυτὴν,</span> <span class='ocrx_word' id='word_1_482' title='bbox 704 3325 886 3391; x_wconf 83' lang='grc' dir='ltr'>νεκροϊ</span> <span class='ocrx_word' id='word_1_483' title='bbox 942 3310 1021 3392; x_wconf 77' lang='grc' dir='ltr'>δὲ,</span> <span class='ocrx_word' id='word_1_484' title='bbox 1057 3319 1154 3391; x_wconf 68' lang='grc' dir='ltr'>φεῦ</span> <span class='ocrx_word' id='word_1_485' title='bbox 1187 3311 1201 3371; x_wconf 78' lang='grc' dir='ltr'><strong>ί</strong></span> <span class='ocrx_word' id='word_1_486' title='bbox 1263 3312 1350 3367; x_wconf 81' lang='grc' dir='ltr'><strong>καὶ</strong></span> <span class='ocrx_word' id='word_1_487' title='bbox 1389 3312 1451 3367; x_wconf 66' lang='grc' dir='ltr'><strong>τὸ</strong></span> <span class='ocrx_word' id='word_1_488' title='bbox 1505 3310 1640 3367; x_wconf 73' lang='grc' dir='ltr'>εἵσω</span> <span class='ocrx_word' id='word_1_489' title='bbox 1683 3310 1844 3379; x_wconf 71' lang='grc' dir='ltr'>αὐτῆς</span> <span class='ocrx_word' id='word_1_490' title='bbox 1873 3312 1957 3367; x_wconf 78' lang='grc' dir='ltr'><strong>οἶ-</strong></span> 
     </span>
    </p>
   </div>
   <div class='ocr_carea' id='block_1_68' title="bbox 299 3398 1956 3480">
    <p class='ocr_par' dir='ltr' id='par_1_68' title="bbox 299 3398 1956 3480">
     <span class='ocr_line' id='line_1_68' title="bbox 299 3398 1956 3480; baseline -0.001 -22"><span class='ocrx_word' id='word_1_491' title='bbox 299 3409 523 3480; x_wconf 76' lang='grc' dir='ltr'>κοὺροῦν</span> <span class='ocrx_word' id='word_1_492' title='bbox 580 3398 832 3479; x_wconf 81' lang='grc' dir='ltr'>ἓμόρυον.</span> <span class='ocrx_word' id='word_1_493' title='bbox 893 3399 1067 3478; x_wconf 79' lang='grc' dir='ltr'>’Ὅπερ</span> <span class='ocrx_word' id='word_1_494' title='bbox 1122 3399 1375 3465; x_wconf 69' lang='grc' dir='ltr'>τεόν-εεςό</span> <span class='ocrx_word' id='word_1_495' title='bbox 1418 3419 1475 3455; x_wconf 83' lang='grc' dir='ltr'><strong>τε</strong></span> <span class='ocrx_word' id='word_1_496' title='bbox 1504 3402 1650 3462; x_wconf 68' lang='grc' dir='ltr'>θεῖος</span> <span class='ocrx_word' id='word_1_497' title='bbox 1710 3406 1956 3478; x_wconf 78' lang='grc' dir='ltr'>Μαρκια-</span> 
     </span>
    </p>
   </div>
   <div class='ocr_carea' id='block_1_69' title="bbox 302 3488 1956 3571">
    <p class='ocr_par' dir='ltr' id='par_1_69' title="bbox 302 3488 1956 3571">
     <span class='ocr_line' id='line_1_69' title="bbox 302 3488 1956 3571; baseline -0.002 -22"><span class='ocrx_word' id='word_1_498' title='bbox 302 3494 420 3566; x_wconf 74' lang='grc' dir='ltr'>νὸς,</span> <span class='ocrx_word' id='word_1_499' title='bbox 456 3493 630 3549; x_wconf 75' lang='grc' dir='ltr'>καὶτὸ</span> <span class='ocrx_word' id='word_1_500' title='bbox 674 3490 904 3562; x_wconf 74' lang='grc' dir='ltr'>πλῆθος,</span> <span class='ocrx_word' id='word_1_501' title='bbox 939 3494 1118 3571; x_wconf 80' lang='grc' dir='ltr'>φόρειν</span> <span class='ocrx_word' id='word_1_502' title='bbox 1180 3490 1273 3545; x_wconf 71' lang='grc' dir='ltr'><strong>οὒκ</strong></span> <span class='ocrx_word' id='word_1_503' title='bbox 1304 3489 1496 3570; x_wconf 79' lang='grc' dir='ltr'>εἶχον,</span> <span class='ocrx_word' id='word_1_504' title='bbox 1527 3488 1665 3546; x_wconf 75' lang='grc' dir='ltr'>ἀλλὰ</span> <span class='ocrx_word' id='word_1_505' title='bbox 1708 3489 1763 3545; x_wconf 80' lang='grc' dir='ltr'>ἐν</span> <span class='ocrx_word' id='word_1_506' title='bbox 1815 3491 1956 3567; x_wconf 78' lang='grc' dir='ltr'>μέσῃ</span> 
     </span>
    </p>
   </div>
   <div class='ocr_carea' id='block_1_70' title="bbox 299 3576 1956 3659">
    <p class='ocr_par' dir='ltr' id='par_1_70' title="bbox 299 3576 1956 3659">
     <span class='ocr_line' id='line_1_70' title="bbox 299 3576 1956 3659; baseline -0.002 -21"><span class='ocrx_word' id='word_1_507' title='bbox 299 3581 371 3649; x_wconf 79' lang='grc' dir='ltr'>τῆ</span> <span class='ocrx_word' id='word_1_508' title='bbox 423 3582 581 3659; x_wconf 73' lang='grc' dir='ltr'>ἑορτῇ</span> <span class='ocrx_word' id='word_1_509' title='bbox 608 3585 799 3659; x_wconf 77' lang='grc' dir='ltr'>θρῆνος</span> <span class='ocrx_word' id='word_1_510' title='bbox 849 3580 943 3659; x_wconf 72' lang='grc' dir='ltr'>ἦν,</span> <span class='ocrx_word' id='word_1_511' title='bbox 976 3581 1066 3636; x_wconf 85' lang='grc' dir='ltr'><strong>καὶ</strong></span> <span class='ocrx_word' id='word_1_512' title='bbox 1127 3576 1366 3658; x_wconf 78' lang='grc' dir='ltr'>δακρύων</span> <span class='ocrx_word' id='word_1_513' title='bbox 1410 3579 1628 3659; x_wconf 73' lang='grc' dir='ltr'>ἀφορμὴ</span> <span class='ocrx_word' id='word_1_514' title='bbox 1683 3580 1746 3636; x_wconf 81' lang='grc' dir='ltr'><strong>τὸ</strong></span> <span class='ocrx_word' id='word_1_515' title='bbox 1803 3580 1956 3657; x_wconf 84' lang='grc' dir='ltr'>γινό-</span> 
     </span>
    </p>
   </div>
   <div class='ocr_carea' id='block_1_71' title="bbox 299 3668 1954 3748">
    <p class='ocr_par' dir='ltr' id='par_1_71' title="bbox 299 3668 1954 3748">
     <span class='ocr_line' id='line_1_71' title="bbox 299 3668 1954 3748; baseline -0.001 -23"><span class='ocrx_word' id='word_1_516' title='bbox 299 3693 484 3746; x_wconf 79' lang='grc' dir='ltr'>μενον,</span> <span class='ocrx_word' id='word_1_517' title='bbox 520 3669 667 3738; x_wconf 74' lang='grc' dir='ltr'>Πλὴν</span> <span class='ocrx_word' id='word_1_518' title='bbox 724 3668 843 3726; x_wconf 81' lang='grc' dir='ltr'>ἀλλ’</span> <span class='ocrx_word' id='word_1_519' title='bbox 878 3674 974 3729; x_wconf 75' lang='grc' dir='ltr'><strong>οὒκ</strong></span> <span class='ocrx_word' id='word_1_520' title='bbox 1039 3668 1222 3725; x_wconf 73' lang='grc' dir='ltr'>εἴασεν</span> <span class='ocrx_word' id='word_1_521' title='bbox 1266 3669 1293 3725; x_wconf 81' lang='lat' dir='ltr'><strong>b</strong></span> <span class='ocrx_word' id='word_1_522' title='bbox 1353 3670 1501 3748; x_wconf 74' lang='grc' dir='ltr'>φύσει</span> <span class='ocrx_word' id='word_1_523' title='bbox 1548 3669 1789 3747; x_wconf 78' lang='grc' dir='ltr'>χρηστὸς</span> <span class='ocrx_word' id='word_1_524' title='bbox 1832 3668 1954 3725; x_wconf 72' lang='grc' dir='ltr'>ἔπι-</span> 
     </span>
    </p>
   </div>
   <div class='ocr_carea' id='block_1_72' title="bbox 302 3757 1955 3838">
    <p class='ocr_par' dir='ltr' id='par_1_72' title="bbox 302 3757 1955 3838">
     <span class='ocr_line' id='line_1_72' title="bbox 302 3757 1955 3838; baseline -0.002 -20"><span class='ocrx_word' id='word_1_525' title='bbox 302 3759 443 3818; x_wconf 77' lang='grc' dir='ltr'>πολὺ</span> <span class='ocrx_word' id='word_1_526' title='bbox 481 3764 745 3838; x_wconf 76' lang='grc' dir='ltr'>κρατῆσαι</span> <span class='ocrx_word' id='word_1_527' title='bbox 776 3761 838 3816; x_wconf 79' lang='grc' dir='ltr'>τὸ</span> <span class='ocrx_word' id='word_1_528' title='bbox 896 3761 1087 3838; x_wconf 81' lang='grc' dir='ltr'>παθος,</span> <span class='ocrx_word' id='word_1_529' title='bbox 1120 3757 1259 3814; x_wconf 77' lang='grc' dir='ltr'>ἀλλὰ</span> <span class='ocrx_word' id='word_1_530' title='bbox 1316 3759 1428 3835; x_wconf 82' lang='grc' dir='ltr'>πρὶν</span> <span class='ocrx_word' id='word_1_531' title='bbox 1488 3757 1523 3826; x_wconf 75' lang='grc' dir='ltr'><strong>ἢ</strong></span> <span class='ocrx_word' id='word_1_532' title='bbox 1553 3760 1645 3813; x_wconf 87' lang='grc' dir='ltr'>τὸν</span> <span class='ocrx_word' id='word_1_533' title='bbox 1687 3759 1813 3815; x_wconf 82' lang='grc' dir='ltr'>ναὸν</span> <span class='ocrx_word' id='word_1_534' title='bbox 1867 3757 1955 3823; x_wconf 79' lang='grc' dir='ltr'><strong>ἐξ·</strong></span> 
     </span>
    </p>
   </div>
   <div class='ocr_carea' id='block_1_73' title="bbox 2042 3214 3685 3296">
    <p class='ocr_par' dir='ltr' id='par_1_73' title="bbox 2042 3214 3685 3296">
     <span class='ocr_line' id='line_1_73' title="bbox 2042 3214 3685 3296; baseline -0.002 -16"><span class='ocrx_word' id='word_1_535' title='bbox 2042 3230 2163 3282; x_wconf 91' lang='lat' dir='ltr'><strong>tum</strong></span> <span class='ocrx_word' id='word_1_536' title='bbox 2190 3228 2367 3296; x_wconf 89' lang='lat' dir='ltr'><strong>esset,</strong></span> <span class='ocrx_word' id='word_1_537' title='bbox 2395 3239 2462 3282; x_wconf 80' lang='lat' dir='ltr'><strong>se</strong></span> <span class='ocrx_word' id='word_1_538' title='bbox 2494 3221 2552 3281; x_wconf 92' lang='lat' dir='ltr'><strong>in</strong></span> <span class='ocrx_word' id='word_1_539' title='bbox 2586 3221 2766 3282; x_wconf 86' lang='lat' dir='ltr'><strong>altum</strong></span> <span class='ocrx_word' id='word_1_540' title='bbox 2802 3221 3114 3291; x_wconf 81' lang='lat' dir='ltr'><strong>extollens,</strong></span> <span class='ocrx_word' id='word_1_541' title='bbox 3142 3216 3317 3280; x_wconf 87' lang='lat' dir='ltr'><strong>simul</strong></span> <span class='ocrx_word' id='word_1_542' title='bbox 3349 3225 3404 3277; x_wconf 92' lang='lat' dir='ltr'><strong>et</strong></span> <span class='ocrx_word' id='word_1_543' title='bbox 3426 3214 3582 3276; x_wconf 83' lang='lat' dir='ltr'><strong>cadit</strong></span> <span class='ocrx_word' id='word_1_544' title='bbox 3613 3232 3685 3276; x_wconf 81' lang='lat' dir='ltr'><strong>ex</strong></span> 
     </span>
    </p>
   </div>
   <div class='ocr_carea' id='block_1_74' title="bbox 2040 3304 3680 3390">
    <p class='ocr_par' dir='ltr' id='par_1_74' title="bbox 2040 3304 3680 3390">
     <span class='ocr_line' id='line_1_74' title="bbox 2040 3304 3680 3390; baseline -0.005 -19"><span class='ocrx_word' id='word_1_545' title='bbox 2040 3310 2192 3374; x_wconf 89' lang='lat' dir='ltr'><strong>alto:</strong></span> <span class='ocrx_word' id='word_1_546' title='bbox 2227 3319 2286 3372; x_wconf 90' lang='lat' dir='ltr'><strong>et</strong></span> <span class='ocrx_word' id='word_1_547' title='bbox 2309 3309 2423 3371; x_wconf 89' lang='lat' dir='ltr'><strong>sibi</strong></span> <span class='ocrx_word' id='word_1_548' title='bbox 2454 3304 2695 3390; x_wconf 79' lang='lat' dir='ltr'><strong>quidem</strong></span> <span class='ocrx_word' id='word_1_549' title='bbox 2733 3320 2985 3373; x_wconf 90' lang='lat' dir='ltr'><strong>mortem</strong></span> <span class='ocrx_word' id='word_1_550' title='bbox 3033 3310 3226 3383; x_wconf 78' lang='lat' dir='ltr'><strong>atl‘ert,</strong></span> <span class='ocrx_word' id='word_1_551' title='bbox 3258 3307 3426 3370; x_wconf 73' lang='lat' dir='ltr'><strong>affert</strong></span> <span class='ocrx_word' id='word_1_552' title='bbox 3456 3312 3680 3384; x_wconf 85' lang='lat' dir='ltr'><strong>autem,</strong></span> 
     </span>
    </p>
   </div>
   <div class='ocr_carea' id='block_1_75' title="bbox 2041 3393 3678 3482">
    <p class='ocr_par' dir='ltr' id='par_1_75' title="bbox 2041 3393 3678 3482">
     <span class='ocr_line' id='line_1_75' title="bbox 2041 3393 3678 3482; baseline -0.002 -21"><span class='ocrx_word' id='word_1_553' title='bbox 2041 3400 2188 3480; x_wconf 87' lang='lat' dir='ltr'><strong>proh</strong></span> <span class='ocrx_word' id='word_1_554' title='bbox 2203 3401 2643 3466; x_wconf 91' lang='lat' dir='ltr'><strong>dolor,mortem</strong></span> <span class='ocrx_word' id='word_1_555' title='bbox 2668 3420 2908 3482; x_wconf 81' lang='lat' dir='ltr'><strong>quoque</strong></span> <span class='ocrx_word' id='word_1_556' title='bbox 2922 3400 3059 3462; x_wconf 81' lang='lat' dir='ltr'><strong>fetui</strong></span> <span class='ocrx_word' id='word_1_557' title='bbox 3083 3398 3258 3481; x_wconf 88' lang='lat' dir='ltr'><strong>quiin</strong></span> <span class='ocrx_word' id='word_1_558' title='bbox 3275 3415 3346 3460; x_wconf 92' lang='lat' dir='ltr'><strong>ea</strong></span> <span class='ocrx_word' id='word_1_559' title='bbox 3358 3393 3678 3457; x_wconf 85' lang='lat' dir='ltr'><strong>habitabat.</strong></span> 
     </span>
    </p>
   </div>
   <div class='ocr_carea' id='block_1_76' title="bbox 2040 3483 3684 3568">
    <p class='ocr_par' dir='ltr' id='par_1_76' title="bbox 2040 3483 3684 3568">
     <span class='ocr_line' id='line_1_76' title="bbox 2040 3483 3684 3568; baseline -0.003 -20"><span class='ocrx_word' id='word_1_560' title='bbox 2040 3486 2206 3560; x_wconf 86' lang='lat' dir='ltr'><strong>Quod</strong></span> <span class='ocrx_word' id='word_1_561' title='bbox 2240 3488 2481 3568; x_wconf 85' lang='lat' dir='ltr'><strong>quidem</strong></span> <span class='ocrx_word' id='word_1_562' title='bbox 2516 3507 2649 3551; x_wconf 86' lang='lat' dir='ltr'><strong>cum</strong></span> <span class='ocrx_word' id='word_1_563' title='bbox 2685 3488 2968 3551; x_wconf 80' lang='lat' dir='ltr'><strong>vidissent</strong></span> <span class='ocrx_word' id='word_1_564' title='bbox 3008 3488 3243 3549; x_wconf 83' lang='lat' dir='ltr'><strong>divinus</strong></span> <span class='ocrx_word' id='word_1_565' title='bbox 3271 3483 3604 3549; x_wconf 82' lang='lat' dir='ltr'><strong>Marcianus</strong></span> <span class='ocrx_word' id='word_1_566' title='bbox 3624 3488 3684 3544; x_wconf 91' lang='lat' dir='ltr'><strong>et</strong></span> 
     </span>
    </p>
   </div>
   <div class='ocr_carea' id='block_1_77' title="bbox 2042 3572 3682 3658">
    <p class='ocr_par' dir='ltr' id='par_1_77' title="bbox 2042 3572 3682 3658">
     <span class='ocr_line' id='line_1_77' title="bbox 2042 3572 3682 3658; baseline -0.005 -18"><span class='ocrx_word' id='word_1_567' title='bbox 2042 3576 2320 3658; x_wconf 85' lang='lat' dir='ltr'><strong>populus,</strong></span> <span class='ocrx_word' id='word_1_568' title='bbox 2345 3578 2399 3638; x_wconf 86' lang='lat' dir='ltr'><strong>id</strong></span> <span class='ocrx_word' id='word_1_569' title='bbox 2425 3577 2583 3640; x_wconf 83' lang='lat' dir='ltr'><strong>ferre</strong></span> <span class='ocrx_word' id='word_1_570' title='bbox 2603 3594 2721 3640; x_wconf 89' lang='lat' dir='ltr'><strong>non</strong></span> <span class='ocrx_word' id='word_1_571' title='bbox 2745 3585 3047 3658; x_wconf 83' lang='lat' dir='ltr'><strong>poterant:</strong></span> <span class='ocrx_word' id='word_1_572' title='bbox 3082 3577 3186 3638; x_wconf 89' lang='lat' dir='ltr'><strong>sed</strong></span> <span class='ocrx_word' id='word_1_573' title='bbox 3218 3576 3275 3636; x_wconf 93' lang='lat' dir='ltr'><strong>in</strong></span> <span class='ocrx_word' id='word_1_574' title='bbox 3311 3572 3507 3635; x_wconf 91' lang='lat' dir='ltr'><strong>medio</strong></span> <span class='ocrx_word' id='word_1_575' title='bbox 3533 3572 3682 3633; x_wconf 84' lang='lat' dir='ltr'><strong>festo</strong></span> 
     </span>
    </p>
   </div>
   <div class='ocr_carea' id='block_1_78' title="bbox 2041 3660 3682 3749">
    <p class='ocr_par' dir='ltr' id='par_1_78' title="bbox 2041 3660 3682 3749">
     <span class='ocr_line' id='line_1_78' title="bbox 2041 3660 3682 3749; baseline -0.004 -22"><span class='ocrx_word' id='word_1_576' title='bbox 2041 3676 2165 3728; x_wconf 91' lang='lat' dir='ltr'><strong>erat</strong></span> <span class='ocrx_word' id='word_1_577' title='bbox 2183 3665 2529 3730; x_wconf 85' lang='lat' dir='ltr'><strong>lamentatio</strong></span> <span class='ocrx_word' id='word_1_578' title='bbox 2553 3676 2610 3728; x_wconf 90' lang='lat' dir='ltr'><strong>et</strong></span> <span class='ocrx_word' id='word_1_579' title='bbox 2636 3668 3031 3749; x_wconf 82' lang='lat' dir='ltr'><strong>lacrymarnm</strong></span> <span class='ocrx_word' id='word_1_580' title='bbox 3059 3665 3292 3729; x_wconf 88' lang='lat' dir='ltr'><strong>occasio</strong></span> <span class='ocrx_word' id='word_1_581' title='bbox 3314 3662 3375 3724; x_wconf 90' lang='lat' dir='ltr'><strong>id</strong></span> <span class='ocrx_word' id='word_1_582' title='bbox 3396 3660 3553 3742; x_wconf 87' lang='lat' dir='ltr'><strong>quod</strong></span> <span class='ocrx_word' id='word_1_583' title='bbox 3577 3677 3682 3721; x_wconf 90' lang='lat' dir='ltr'><strong>ac-</strong></span> 
     </span>
    </p>
   </div>
   <div class='ocr_carea' id='block_1_79' title="bbox 2040 3750 3678 3837">
    <p class='ocr_par' dir='ltr' id='par_1_79' title="bbox 2040 3750 3678 3837">
     <span class='ocr_line' id='line_1_79' title="bbox 2040 3750 3678 3837; baseline -0.004 -22"><span class='ocrx_word' id='word_1_584' title='bbox 2040 3755 2286 3821; x_wconf 83' lang='lat' dir='ltr'><strong>ciderat.</strong></span> <span class='ocrx_word' id='word_1_585' title='bbox 2321 3755 2541 3819; x_wconf 84' lang='lat' dir='ltr'><strong>Verum</strong></span> <span class='ocrx_word' id='word_1_586' title='bbox 2566 3756 2871 3819; x_wconf 83' lang='lat' dir='ltr'><strong>enimvero</strong></span> <span class='ocrx_word' id='word_1_587' title='bbox 2904 3757 2958 3820; x_wconf 90' lang='lat' dir='ltr'><strong>is</strong></span> <span class='ocrx_word' id='word_1_588' title='bbox 2978 3757 3077 3837; x_wconf 90' lang='lat' dir='ltr'><strong>qui</strong></span> <span class='ocrx_word' id='word_1_589' title='bbox 3110 3770 3201 3817; x_wconf 87' lang='lat' dir='ltr'><strong>est</strong></span> <span class='ocrx_word' id='word_1_590' title='bbox 3232 3760 3439 3815; x_wconf 89' lang='lat' dir='ltr'><strong>natura</strong></span> <span class='ocrx_word' id='word_1_591' title='bbox 3466 3750 3678 3823; x_wconf 86' lang='lat' dir='ltr'><strong>bonus,</strong></span> 
     </span>
    </p>
   </div>
   <div class='ocr_carea' id='block_1_80' title="bbox 303 3839 1952 3927">
    <p class='ocr_par' dir='ltr' id='par_1_80' title="bbox 303 3844 1952 3927">
     <span class='ocr_line' id='line_1_80' title="bbox 303 3844 1952 3927; baseline 0 -23"><span class='ocrx_word' id='word_1_592' title='bbox 303 3848 483 3905; x_wconf 78' lang='grc' dir='ltr'>ελθετν</span> <span class='ocrx_word' id='word_1_593' title='bbox 540 3848 662 3910; x_wconf 80' lang='grc' dir='ltr'>τοῦς</span> <span class='ocrx_word' id='word_1_594' title='bbox 706 3847 1141 3925; x_wconf 70' lang='grc' dir='ltr'>συνειλεγμένως</span> <span class='ocrx_word' id='word_1_595' title='bbox 1203 3844 1328 3926; x_wconf 74' lang='grc' dir='ltr'>(ἔδει</span> <span class='ocrx_word' id='word_1_596' title='bbox 1371 3847 1470 3925; x_wconf 78' lang='grc' dir='ltr'><strong>γὰρ</strong></span> <span class='ocrx_word' id='word_1_597' title='bbox 1530 3848 1664 3921; x_wconf 83' lang='grc' dir='ltr'>ὁμοῦ</span> <span class='ocrx_word' id='word_1_598' title='bbox 1692 3848 1786 3905; x_wconf 75' lang='grc' dir='ltr'><strong>καί</strong></span> <span class='ocrx_word' id='word_1_599' title='bbox 1832 3847 1952 3927; x_wconf 76' lang='grc' dir='ltr'>φιλ-</span> 
     </span>
    </p>
   </div>
   <div class='ocr_carea' id='block_1_81' title="bbox 2040 3839 3680 3927">
    <p class='ocr_par' dir='ltr' id='par_1_81' title="bbox 2040 3839 3680 3908">
     <span class='ocr_line' id='line_1_81' title="bbox 2040 3839 3680 3908; baseline -0.004 -3"><span class='ocrx_word' id='word_1_600' title='bbox 2040 3862 2157 3906; x_wconf 90' lang='lat' dir='ltr'><strong>nou</strong></span> <span class='ocrx_word' id='word_1_601' title='bbox 2179 3844 2321 3906; x_wconf 89' lang='lat' dir='ltr'><strong>sinit</strong></span> <span class='ocrx_word' id='word_1_602' title='bbox 2340 3846 2441 3907; x_wconf 92' lang='lat' dir='ltr'><strong>diu</strong></span> <span class='ocrx_word' id='word_1_603' title='bbox 2474 3846 2767 3907; x_wconf 87' lang='lat' dir='ltr'><strong>dominari</strong></span> <span class='ocrx_word' id='word_1_604' title='bbox 2790 3847 2952 3908; x_wconf 83' lang='lat' dir='ltr'><strong>illam</strong></span> <span class='ocrx_word' id='word_1_605' title='bbox 2978 3839 3488 3907; x_wconf 72' lang='lat' dir='ltr'><strong>aﬂ‘ectionem:seJ</strong></span> <span class='ocrx_word' id='word_1_606' title='bbox 3511 3846 3680 3900; x_wconf 86' lang='lat' dir='ltr'><strong>ante-</strong></span> 
     </span>
    </p>
   </div>
   <div class='ocr_carea' id='block_1_82' title="bbox 302 3928 1952 4018">
    <p class='ocr_par' dir='ltr' id='par_1_82' title="bbox 302 3935 1952 4018">
     <span class='ocr_line' id='line_1_82' title="bbox 302 3935 1952 4018; baseline -0.001 -24"><span class='ocrx_word' id='word_1_607' title='bbox 302 3938 605 4016; x_wconf 83' lang='grc' dir='ltr'>ανθρωπίας</span> <span class='ocrx_word' id='word_1_608' title='bbox 679 3944 835 4018; x_wconf 80' lang='grc' dir='ltr'>Θεοῦ,</span> <span class='ocrx_word' id='word_1_609' title='bbox 894 3944 983 3993; x_wconf 84' lang='grc' dir='ltr'>καί</span> <span class='ocrx_word' id='word_1_610' title='bbox 1052 3937 1171 4014; x_wconf 79' lang='grc' dir='ltr'>περὶ</span> <span class='ocrx_word' id='word_1_611' title='bbox 1246 3936 1364 4001; x_wconf 74' lang='grc' dir='ltr'>τοὺς</span> <span class='ocrx_word' id='word_1_612' title='bbox 1434 3935 1593 3992; x_wconf 69' lang='grc' dir='ltr'>αὐτὸν</span> <span class='ocrx_word' id='word_1_613' title='bbox 1675 3936 1952 4017; x_wconf 73' lang='grc' dir='ltr'>φιλοῦντας</span> 
     </span>
    </p>
   </div>
   <div class='ocr_carea' id='block_1_83' title="bbox 2040 3928 3687 4018">
    <p class='ocr_par' dir='ltr' id='par_1_83' title="bbox 2040 3928 3687 4017">
     <span class='ocr_line' id='line_1_83' title="bbox 2040 3928 3687 4017; baseline -0.004 -21"><span class='ocrx_word' id='word_1_614' title='bbox 2040 3952 2214 4013; x_wconf 83' lang='lat' dir='ltr'><strong>quam</strong></span> <span class='ocrx_word' id='word_1_615' title='bbox 2268 3953 2301 3996; x_wconf 92' lang='lat' dir='ltr'><strong>e</strong></span> <span class='ocrx_word' id='word_1_616' title='bbox 2356 3935 2578 4015; x_wconf 86' lang='lat' dir='ltr'><strong>templo</strong></span> <span class='ocrx_word' id='word_1_617' title='bbox 2626 3937 2878 4016; x_wconf 82' lang='lat' dir='ltr'><strong>exirent,</strong></span> <span class='ocrx_word' id='word_1_618' title='bbox 2913 3936 3017 4017; x_wconf 89' lang='lat' dir='ltr'><strong>qui</strong></span> <span class='ocrx_word' id='word_1_619' title='bbox 3064 3931 3402 4013; x_wconf 74' lang='lat' dir='ltr'><strong>congregati</strong></span> <span class='ocrx_word' id='word_1_620' title='bbox 3451 3928 3687 3992; x_wconf 87' lang='lat' dir='ltr'><strong>fuerant</strong></span> 
     </span>
    </p>
   </div>
   <div class='ocr_carea' id='block_1_84' title="bbox 304 4018 1952 4107">
    <p class='ocr_par' dir='ltr' id='par_1_84' title="bbox 304 4024 1952 4107">
     <span class='ocr_line' id='line_1_84' title="bbox 304 4024 1952 4107; baseline 0.001 -23"><span class='ocrx_word' id='word_1_621' title='bbox 304 4028 461 4107; x_wconf 77' lang='grc' dir='ltr'>ἔργον</span> <span class='ocrx_word' id='word_1_622' title='bbox 522 4024 677 4093; x_wconf 77' lang='grc' dir='ltr'>δόξης</span> <span class='ocrx_word' id='word_1_623' title='bbox 737 4025 1014 4106; x_wconf 62' lang='grc' dir='ltr'>ὀφθῆναι),</span> <span class='ocrx_word' id='word_1_624' title='bbox 1071 4027 1208 4101; x_wconf 82' lang='grc' dir='ltr'><strong>ί)ψοῦ</strong></span> <span class='ocrx_word' id='word_1_625' title='bbox 1249 4026 1342 4088; x_wconf 78' lang='grc' dir='ltr'>τὰς</span> <span class='ocrx_word' id='word_1_626' title='bbox 1400 4039 1598 4105; x_wconf 82' lang='grc' dir='ltr'>χετρας</span> <span class='ocrx_word' id='word_1_627' title='bbox 1658 4034 1952 4103; x_wconf 75' lang='grc' dir='ltr'>Μαρκιανοῦ</span> 
     </span>
    </p>
   </div>
   <div class='ocr_carea' id='block_1_85' title="bbox 2040 4018 3682 4107">
    <p class='ocr_par' dir='ltr' id='par_1_85' title="bbox 2044 4018 3682 4106">
     <span class='ocr_line' id='line_1_85' title="bbox 2044 4018 3682 4106; baseline -0.004 -21"><span class='ocrx_word' id='word_1_628' title='bbox 2044 4024 2381 4106; x_wconf 87' lang='lat' dir='ltr'><strong>(oportebat</strong></span> <span class='ocrx_word' id='word_1_629' title='bbox 2403 4028 2562 4087; x_wconf 91' lang='lat' dir='ltr'><strong>enim</strong></span> <span class='ocrx_word' id='word_1_630' title='bbox 2587 4025 2763 4087; x_wconf 91' lang='lat' dir='ltr'><strong>simul</strong></span> <span class='ocrx_word' id='word_1_631' title='bbox 2788 4036 2844 4089; x_wconf 90' lang='lat' dir='ltr'><strong>et</strong></span> <span class='ocrx_word' id='word_1_632' title='bbox 2867 4024 2976 4088; x_wconf 91' lang='lat' dir='ltr'><strong>Dei</strong></span> <span class='ocrx_word' id='word_1_633' title='bbox 3005 4023 3354 4095; x_wconf 68' lang='lat' dir='ltr'><strong>clementiae,</strong></span> <span class='ocrx_word' id='word_1_634' title='bbox 3383 4028 3441 4081; x_wconf 90' lang='lat' dir='ltr'><strong>et</strong></span> <span class='ocrx_word' id='word_1_635' title='bbox 3471 4018 3531 4081; x_wconf 92' lang='lat' dir='ltr'><strong>in</strong></span> <span class='ocrx_word' id='word_1_636' title='bbox 3555 4035 3682 4092; x_wconf 89' lang='lat' dir='ltr'><strong>eos,</strong></span> 
     </span>
    </p>
   </div>
   <div class='ocr_carea' id='block_1_86' title="bbox 306 4107 1952 4196">
    <p class='ocr_par' dir='ltr' id='par_1_86' title="bbox 306 4113 1952 4195">
     <span class='ocr_line' id='line_1_86' title="bbox 306 4113 1952 4195; baseline 0.001 -23"><span class='ocrx_word' id='word_1_637' title='bbox 306 4114 552 4195; x_wconf 74' lang='grc' dir='ltr'>ἄραντος,</span> <span class='ocrx_word' id='word_1_638' title='bbox 585 4117 673 4172; x_wconf 77' lang='grc' dir='ltr'><strong>καί</strong></span> <span class='ocrx_word' id='word_1_639' title='bbox 705 4117 795 4173; x_wconf 76' lang='grc' dir='ltr'>σὺν</span> <span class='ocrx_word' id='word_1_640' title='bbox 851 4122 929 4189; x_wconf 84' lang='grc' dir='ltr'>τῷ</span> <span class='ocrx_word' id='word_1_641' title='bbox 970 4113 1161 4185; x_wconf 74' lang='grc' dir='ltr'>πλήθει</span> <span class='ocrx_word' id='word_1_642' title='bbox 1208 4115 1399 4177; x_wconf 78' lang='grc' dir='ltr'>κοινῶς</span> <span class='ocrx_word' id='word_1_643' title='bbox 1459 4116 1776 4194; x_wconf 70' lang='grc' dir='ltr'>εὸχομένου,</span> <span class='ocrx_word' id='word_1_644' title='bbox 1809 4116 1845 4184; x_wconf 74' lang='grc' dir='ltr'>ἧ</span> <span class='ocrx_word' id='word_1_645' title='bbox 1904 4138 1952 4173; x_wconf 88' lang='grc' dir='ltr'><strong>τε</strong></span> 
     </span>
    </p>
   </div>
   <div class='ocr_carea' id='block_1_87' title="bbox 2040 4107 3685 4196">
    <p class='ocr_par' dir='ltr' id='par_1_87' title="bbox 2062 4107 3685 4196">
     <span class='ocr_line' id='line_1_87' title="bbox 2062 4107 3685 4196; baseline -0.005 -21"><span class='ocrx_word' id='word_1_646' title='bbox 2062 4116 2157 4194; x_wconf 84' lang='lat' dir='ltr'><strong>qui</strong></span> <span class='ocrx_word' id='word_1_647' title='bbox 2183 4116 2377 4196; x_wconf 80' lang='lat' dir='ltr'><strong>ipsum</strong></span> <span class='ocrx_word' id='word_1_648' title='bbox 2410 4115 2707 4191; x_wconf 86' lang='lat' dir='ltr'><strong>amabant,</strong></span> <span class='ocrx_word' id='word_1_649' title='bbox 2732 4116 2937 4195; x_wconf 61' lang='lat' dir='ltr'><strong>gloria;</strong></span> <span class='ocrx_word' id='word_1_650' title='bbox 2964 4134 3114 4196; x_wconf 87' lang='lat' dir='ltr'><strong>opus</strong></span> <span class='ocrx_word' id='word_1_651' title='bbox 3142 4109 3432 4192; x_wconf 80' lang='lat' dir='ltr'><strong>conspici)</strong></span> <span class='ocrx_word' id='word_1_652' title='bbox 3457 4126 3591 4171; x_wconf 89' lang='lat' dir='ltr'><strong>cum</strong></span> <span class='ocrx_word' id='word_1_653' title='bbox 3624 4107 3685 4168; x_wconf 88' lang='lat' dir='ltr'><strong>in</strong></span> 
     </span>
    </p>
   </div>
   <div class='ocr_carea' id='block_1_88' title="bbox 302 4197 1952 4283">
    <p class='ocr_par' dir='ltr' id='par_1_88' title="bbox 302 4202 1952 4283">
     <span class='ocr_line' id='line_1_88' title="bbox 302 4202 1952 4283; baseline 0.002 -25"><span class='ocrx_word' id='word_1_654' title='bbox 302 4206 440 4283; x_wconf 70' lang='grc' dir='ltr'>γυνὴ</span> <span class='ocrx_word' id='word_1_655' title='bbox 484 4202 796 4278; x_wconf 78' lang='grc' dir='ltr'>παραδόξως</span> <span class='ocrx_word' id='word_1_656' title='bbox 844 4204 1115 4278; x_wconf 80' lang='grc' dir='ltr'>ἀνίστατο,</span> <span class='ocrx_word' id='word_1_657' title='bbox 1160 4204 1255 4259; x_wconf 80' lang='grc' dir='ltr'><strong>καῖ</strong></span> <span class='ocrx_word' id='word_1_658' title='bbox 1301 4203 1363 4258; x_wconf 74' lang='grc' dir='ltr'>τὸ</span> <span class='ocrx_word' id='word_1_659' title='bbox 1404 4203 1592 4282; x_wconf 56' lang='grc' dir='ltr'>βρέφος</span> <span class='ocrx_word' id='word_1_660' title='bbox 1636 4203 1782 4262; x_wconf 71' lang='grc' dir='ltr'>ἔνδον</span> <span class='ocrx_word' id='word_1_661' title='bbox 1824 4209 1952 4263; x_wconf 86' lang='grc' dir='ltr'>θαυ-</span> 
     </span>
    </p>
   </div>
   <div class='ocr_carea' id='block_1_89' title="bbox 2040 4197 3686 4283">
    <p class='ocr_par' dir='ltr' id='par_1_89' title="bbox 2040 4197 3686 4280">
     <span class='ocr_line' id='line_1_89' title="bbox 2040 4197 3686 4280; baseline -0.007 -12"><span class='ocrx_word' id='word_1_662' title='bbox 2040 4206 2219 4268; x_wconf 87' lang='lat' dir='ltr'><strong>altum</strong></span> <span class='ocrx_word' id='word_1_663' title='bbox 2245 4224 2457 4267; x_wconf 88' lang='lat' dir='ltr'><strong>manus</strong></span> <span class='ocrx_word' id='word_1_664' title='bbox 2475 4205 2816 4266; x_wconf 87' lang='lat' dir='ltr'><strong>sustulisset</strong></span> <span class='ocrx_word' id='word_1_665' title='bbox 2838 4206 3264 4280; x_wconf 88' lang='lat' dir='ltr'><strong>Marcianus,et</strong></span> <span class='ocrx_word' id='word_1_666' title='bbox 3286 4197 3686 4264; x_wconf 83' lang='lat' dir='ltr'><strong>communiter</strong></span> 
     </span>
    </p>
   </div>
   <div class='ocr_carea' id='block_1_90' title="bbox 304 4287 1952 4377">
    <p class='ocr_par' dir='ltr' id='par_1_90' title="bbox 304 4290 1952 4369">
     <span class='ocr_line' id='line_1_90' title="bbox 304 4290 1952 4369; baseline 0.001 -20"><span class='ocrx_word' id='word_1_667' title='bbox 304 4295 523 4368; x_wconf 82' lang='grc' dir='ltr'>μαστῶς</span> <span class='ocrx_word' id='word_1_668' title='bbox 582 4291 836 4356; x_wconf 71' lang='grc' dir='ltr'>ἐκινεῖτο.</span> <span class='ocrx_word' id='word_1_669' title='bbox 870 4291 1040 4349; x_wconf 80' lang='grc' dir='ltr'>Ἀλλὰ</span> <span class='ocrx_word' id='word_1_670' title='bbox 1099 4292 1163 4349; x_wconf 79' lang='grc' dir='ltr'><strong>τὰ</strong></span> <span class='ocrx_word' id='word_1_671' title='bbox 1228 4290 1325 4367; x_wconf 83' lang='grc' dir='ltr'>μὲν</span> <span class='ocrx_word' id='word_1_672' title='bbox 1383 4292 1489 4349; x_wconf 87' lang='grc' dir='ltr'>τών</span> <span class='ocrx_word' id='word_1_673' title='bbox 1530 4296 1813 4369; x_wconf 76' lang='grc' dir='ltr'>θαυμάτων</span> <span class='ocrx_word' id='word_1_674' title='bbox 1868 4303 1952 4353; x_wconf 82' lang='grc' dir='ltr'>νὺν</span> 
     </span>
    </p>
   </div>
   <div class='ocr_carea' id='block_1_91' title="bbox 2040 4287 3682 4377">
    <p class='ocr_par' dir='ltr' id='par_1_91' title="bbox 2040 4287 3682 4377">
     <span class='ocr_line' id='line_1_91' title="bbox 2040 4287 3682 4377; baseline -0.007 -20"><span class='ocrx_word' id='word_1_675' title='bbox 2040 4303 2236 4358; x_wconf 89' lang='lat' dir='ltr'><strong>oraret</strong></span> <span class='ocrx_word' id='word_1_676' title='bbox 2255 4315 2387 4357; x_wconf 87' lang='lat' dir='ltr'><strong>cum</strong></span> <span class='ocrx_word' id='word_1_677' title='bbox 2422 4296 2665 4377; x_wconf 84' lang='lat' dir='ltr'><strong>populo,</strong></span> <span class='ocrx_word' id='word_1_678' title='bbox 2696 4303 2750 4357; x_wconf 89' lang='lat' dir='ltr'><strong>et</strong></span> <span class='ocrx_word' id='word_1_679' title='bbox 2784 4295 2998 4357; x_wconf 88' lang='lat' dir='ltr'><strong>mulier</strong></span> <span class='ocrx_word' id='word_1_680' title='bbox 3029 4293 3286 4356; x_wconf 85' lang='lat' dir='ltr'><strong>surrexit</strong></span> <span class='ocrx_word' id='word_1_681' title='bbox 3313 4298 3527 4372; x_wconf 63' lang='lat' dir='ltr'><strong>praeter</strong></span> <span class='ocrx_word' id='word_1_682' title='bbox 3546 4287 3682 4367; x_wconf 90' lang='lat' dir='ltr'><strong>opi-</strong></span> 
     </span>
    </p>
   </div>
   <div class='ocr_carea' id='block_1_92' title="bbox 302 4377 3680 4465">
    <p class='ocr_par' dir='ltr' id='par_1_92' title="bbox 302 4377 3680 4465">
     <span class='ocr_line' id='line_1_92' title="bbox 302 4377 3680 4465; baseline -0.009 -1"><span class='ocrx_word' id='word_1_683' title='bbox 302 4382 423 4446; x_wconf 63' lang='grc' dir='ltr'>ίλις</span> <span class='ocrx_word' id='word_1_684' title='bbox 468 4380 669 4462; x_wconf 56' lang='grc' dir='ltr'><strong>ἐχέτω·</strong></span> <span class='ocrx_word' id='word_1_685' title='bbox 2036 4384 2304 4465; x_wconf 84' lang='lat' dir='ltr'><strong>nionem,</strong></span> <span class='ocrx_word' id='word_1_686' title='bbox 2337 4392 2397 4446; x_wconf 91' lang='lat' dir='ltr'><strong>et</strong></span> <span class='ocrx_word' id='word_1_687' title='bbox 2442 4386 2601 4447; x_wconf 89' lang='lat' dir='ltr'><strong>intus</strong></span> <span class='ocrx_word' id='word_1_688' title='bbox 2636 4392 2833 4445; x_wconf 90' lang='lat' dir='ltr'><strong>motus</strong></span> <span class='ocrx_word' id='word_1_689' title='bbox 2862 4394 2952 4445; x_wconf 92' lang='lat' dir='ltr'><strong>est</strong></span> <span class='ocrx_word' id='word_1_690' title='bbox 3001 4383 3194 4444; x_wconf 81' lang='lat' dir='ltr'><strong>infans</strong></span> <span class='ocrx_word' id='word_1_691' title='bbox 3224 4377 3680 4442; x_wconf 87' lang='lat' dir='ltr'><strong>admirabiliter.</strong></span> 
     </span>
    </p>
   </div>
   <div class='ocr_carea' id='block_1_93' title="bbox 1972 4466 3594 4570">
    <p class='ocr_par' dir='ltr' id='par_1_93' title="bbox 1972 4466 3594 4570">
     <span class='ocr_line' id='line_1_93' title="bbox 1972 4466 3594 4570; baseline -0.007 -33"><span class='ocrx_word' id='word_1_692' title='bbox 1972 4475 2260 4570; x_wconf 41' lang='grc' dir='ltr'><strong>οδες-ρο</strong></span> <span class='ocrx_word' id='word_1_693' title='bbox 2284 4473 2583 4570; x_wconf 72' lang='lat' dir='ltr'><strong>miraculis</strong></span> <span class='ocrx_word' id='word_1_694' title='bbox 2615 4472 2858 4550; x_wconf 90' lang='lat' dir='ltr'><strong>quidem</strong></span> <span class='ocrx_word' id='word_1_695' title='bbox 2894 4474 3036 4570; x_wconf 82' lang='lat' dir='ltr'><strong>satis</strong></span> <span class='ocrx_word' id='word_1_696' title='bbox 3067 4472 3144 4570; x_wconf 78' lang='lat' dir='ltr'><strong>sit</strong></span> <span class='ocrx_word' id='word_1_697' title='bbox 3172 4472 3232 4532; x_wconf 89' lang='lat' dir='ltr'><strong>in</strong></span> <span class='ocrx_word' id='word_1_698' title='bbox 3260 4466 3594 4551; x_wconf 64' lang='lat' dir='ltr'><strong>praesentia.</strong></span> 
     </span>
    </p>
   </div>
   <div class='ocr_carea' id='block_1_94' title="bbox 389 4555 1954 4644">
    <p class='ocr_par' dir='ltr' id='par_1_94' title="bbox 389 4555 1954 4644">
     <span class='ocr_line' id='line_1_94' title="bbox 389 4555 1954 4644; baseline 0.026 -60"><span class='ocrx_word' id='word_1_699' title='bbox 389 4560 495 4623; x_wconf 41' lang='grc' dir='ltr'>,δι’</span> <span class='ocrx_word' id='word_1_700' title='bbox 561 4558 748 4616; x_wconf 46' lang='grc' dir='ltr'><strong>,δεῖδὲ</strong></span> <span class='ocrx_word' id='word_1_701' title='bbox 790 4561 1008 4622; x_wconf 70' lang='grc' dir='ltr'><strong>πάντως</strong></span> <span class='ocrx_word' id='word_1_702' title='bbox 1064 4564 1142 4632; x_wconf 77' lang='grc' dir='ltr'>τῷ</span> <span class='ocrx_word' id='word_1_703' title='bbox 1185 4557 1332 4636; x_wconf 69' lang='grc' dir='ltr'>λόγῳ</span> <span class='ocrx_word' id='word_1_704' title='bbox 1363 4555 1637 4617; x_wconf 77' lang='grc' dir='ltr'>διαλαϐεῖν</span> <span class='ocrx_word' id='word_1_705' title='bbox 1693 4564 1779 4619; x_wconf 80' lang='grc' dir='ltr'><strong>καὶ</strong></span> <span class='ocrx_word' id='word_1_706' title='bbox 1834 4570 1954 4644; x_wconf 81' lang='grc' dir='ltr'>περὶ</span> 
     </span>
    </p>
   </div>
   <div class='ocr_carea' id='block_1_95' title="bbox 299 4645 1957 4729">
    <p class='ocr_par' dir='ltr' id='par_1_95' title="bbox 299 4645 1957 4729">
     <span class='ocr_line' id='line_1_95' title="bbox 299 4645 1957 4729; baseline 0.002 -24"><span class='ocrx_word' id='word_1_707' title='bbox 299 4654 412 4709; x_wconf 81' lang='grc' dir='ltr'><strong>τῶν</strong></span> <span class='ocrx_word' id='word_1_708' title='bbox 459 4649 640 4706; x_wconf 59' lang='grc' dir='ltr'>ἄλλων</span> <span class='ocrx_word' id='word_1_709' title='bbox 688 4651 763 4707; x_wconf 82' lang='grc' dir='ltr'><strong>ὧν</strong></span> <span class='ocrx_word' id='word_1_710' title='bbox 806 4649 1014 4713; x_wconf 75' lang='grc' dir='ltr'>ἐκεῖνος</span> <span class='ocrx_word' id='word_1_711' title='bbox 1060 4654 1199 4704; x_wconf 78' lang='grc' dir='ltr'>ναῶν</span> <span class='ocrx_word' id='word_1_712' title='bbox 1243 4645 1506 4729; x_wconf 79' lang='grc' dir='ltr'>φιλοθέως</span> <span class='ocrx_word' id='word_1_713' title='bbox 1550 4649 1957 4729; x_wconf 74' lang='grc' dir='ltr'>ᾠκοδομήσατο,</span> 
     </span>
    </p>
   </div>
   <div class='ocr_carea' id='block_1_96' title="bbox 304 4736 1958 4820">
    <p class='ocr_par' dir='ltr' id='par_1_96' title="bbox 304 4736 1958 4820">
     <span class='ocr_line' id='line_1_96' title="bbox 304 4736 1958 4820; baseline 0.002 -26"><span class='ocrx_word' id='word_1_714' title='bbox 304 4742 566 4818; x_wconf 70' lang='grc' dir='ltr'>Εἰρήνης,</span> <span class='ocrx_word' id='word_1_715' title='bbox 599 4738 769 4819; x_wconf 67' lang='grc' dir='ltr'>τρημί,</span> <span class='ocrx_word' id='word_1_716' title='bbox 808 4744 905 4806; x_wconf 80' lang='grc' dir='ltr'>τῆς</span> <span class='ocrx_word' id='word_1_717' title='bbox 962 4739 1258 4814; x_wconf 82' lang='grc' dir='ltr'>θαυμασίας</span> <span class='ocrx_word' id='word_1_718' title='bbox 1291 4736 1344 4792; x_wconf 78' lang='grc' dir='ltr'>ἔν</span> <span class='ocrx_word' id='word_1_719' title='bbox 1404 4738 1680 4817; x_wconf 82' lang='grc' dir='ltr'>μάρτυσιν,</span> <span class='ocrx_word' id='word_1_720' title='bbox 1714 4739 1770 4804; x_wconf 83' lang='grc' dir='ltr'><strong>ὅς</strong></span> <span class='ocrx_word' id='word_1_721' title='bbox 1830 4744 1958 4820; x_wconf 82' lang='grc' dir='ltr'>πρὸς</span> 
     </span>
    </p>
   </div>
   <div class='ocr_carea' id='block_1_97' title="bbox 299 4826 1953 4908">
    <p class='ocr_par' dir='ltr' id='par_1_97' title="bbox 299 4826 1953 4908">
     <span class='ocr_line' id='line_1_97' title="bbox 299 4826 1953 4908; baseline 0.002 -22"><span class='ocrx_word' id='word_1_722' title='bbox 299 4828 576 4886; x_wconf 75' lang='grc' dir='ltr'>θάλασσάν</span> <span class='ocrx_word' id='word_1_723' title='bbox 634 4826 744 4884; x_wconf 75' lang='grc' dir='ltr'>ἔστι</span> <span class='ocrx_word' id='word_1_724' title='bbox 775 4830 1043 4897; x_wconf 85' lang='grc' dir='ltr'>κείμενος’</span> <span class='ocrx_word' id='word_1_725' title='bbox 1104 4829 1314 4885; x_wconf 83' lang='grc' dir='ltr'>καὶτοῦ</span> <span class='ocrx_word' id='word_1_726' title='bbox 1356 4828 1691 4908; x_wconf 82' lang='grc' dir='ltr'>ὸπεχομένου</span> <span class='ocrx_word' id='word_1_727' title='bbox 1745 4833 1953 4902; x_wconf 81' lang='grc' dir='ltr'>τούτου,</span> 
     </span>
    </p>
   </div>
   <div class='ocr_carea' id='block_1_98' title="bbox 300 4914 1957 4999">
    <p class='ocr_par' dir='ltr' id='par_1_98' title="bbox 300 4914 1957 4999">
     <span class='ocr_line' id='line_1_98' title="bbox 300 4914 1957 4999; baseline -0.005 -23"><span class='ocrx_word' id='word_1_728' title='bbox 300 4915 575 4995; x_wconf 70' lang='grc' dir='ltr'>Ἰσιδώρου</span> <span class='ocrx_word' id='word_1_729' title='bbox 630 4914 839 4985; x_wconf 77' lang='grc' dir='ltr'>δηλαδὴ</span> <span class='ocrx_word' id='word_1_730' title='bbox 876 4926 964 4977; x_wconf 79' lang='grc' dir='ltr'>τοῦ</span> <span class='ocrx_word' id='word_1_731' title='bbox 1021 4919 1187 4977; x_wconf 86' lang='grc' dir='ltr'>θείου.</span> <span class='ocrx_word' id='word_1_732' title='bbox 1234 4915 1401 4979; x_wconf 76' lang='grc' dir='ltr'>Οὗτος</span> <span class='ocrx_word' id='word_1_733' title='bbox 1445 4918 1546 4995; x_wconf 80' lang='grc' dir='ltr'><strong>γὰρ</strong></span> <span class='ocrx_word' id='word_1_734' title='bbox 1603 4920 1630 4973; x_wconf 83' lang='grc' dir='ltr'><strong>ὁ</strong></span> <span class='ocrx_word' id='word_1_735' title='bbox 1660 4925 1758 4986; x_wconf 79' lang='grc' dir='ltr'>τῆς</span> <span class='ocrx_word' id='word_1_736' title='bbox 1818 4922 1957 4999; x_wconf 74' lang='grc' dir='ltr'>μάρ-</span> 
     </span>
    </p>
   </div>
   <div class='ocr_carea' id='block_1_99' title="bbox 299 5004 1957 5087">
    <p class='ocr_par' dir='ltr' id='par_1_99' title="bbox 299 5004 1957 5087">
     <span class='ocr_line' id='line_1_99' title="bbox 299 5004 1957 5087; baseline 0.003 -24"><span class='ocrx_word' id='word_1_737' title='bbox 299 5029 456 5084; x_wconf 84' lang='grc' dir='ltr'>τυρος</span> <span class='ocrx_word' id='word_1_738' title='bbox 521 5008 752 5085; x_wconf 72' lang='grc' dir='ltr'>Εἰρήνης</span> <span class='ocrx_word' id='word_1_739' title='bbox 813 5008 941 5071; x_wconf 78' lang='grc' dir='ltr'>ναὸς</span> <span class='ocrx_word' id='word_1_740' title='bbox 993 5006 1259 5086; x_wconf 76' lang='grc' dir='ltr'>ἐτύγχανε</span> <span class='ocrx_word' id='word_1_741' title='bbox 1304 5004 1402 5075; x_wconf 72' lang='grc' dir='ltr'>μὲν</span> <span class='ocrx_word' id='word_1_742' title='bbox 1461 5005 1557 5059; x_wconf 55' lang='grc' dir='ltr'>τὶν</span> <span class='ocrx_word' id='word_1_743' title='bbox 1604 5006 1782 5087; x_wconf 65' lang='grc' dir='ltr'>ἀρχὴν</span> <span class='ocrx_word' id='word_1_744' title='bbox 1838 5010 1957 5068; x_wconf 66' lang='grc' dir='ltr'>οὕτε</span> 
     </span>
    </p>
   </div>
   <div class='ocr_carea' id='block_1_100' title="bbox 300 5093 1954 5175">
    <p class='ocr_par' dir='ltr' id='par_1_100' title="bbox 300 5093 1954 5175">
     <span class='ocr_line' id='line_1_100' title="bbox 300 5093 1954 5175; baseline 0.001 -22"><span class='ocrx_word' id='word_1_745' title='bbox 300 5097 545 5175; x_wconf 80' lang='grc' dir='ltr'>μεγέθει,</span> <span class='ocrx_word' id='word_1_746' title='bbox 589 5095 707 5153; x_wconf 71' lang='grc' dir='ltr'>οὔτε</span> <span class='ocrx_word' id='word_1_747' title='bbox 776 5096 989 5169; x_wconf 75' lang='grc' dir='ltr'>κάλλει,</span> <span class='ocrx_word' id='word_1_748' title='bbox 1056 5096 1174 5152; x_wconf 75' lang='grc' dir='ltr'>οὔτε</span> <span class='ocrx_word' id='word_1_749' title='bbox 1220 5093 1368 5163; x_wconf 78' lang='grc' dir='ltr'>ἄλλῳ</span> <span class='ocrx_word' id='word_1_750' title='bbox 1437 5093 1626 5168; x_wconf 80' lang='grc' dir='ltr'>κόσμῳ</span> <span class='ocrx_word' id='word_1_751' title='bbox 1667 5098 1764 5154; x_wconf 78' lang='grc' dir='ltr'>καί</span> <span class='ocrx_word' id='word_1_752' title='bbox 1833 5115 1954 5165; x_wconf 80' lang='grc' dir='ltr'>ταῖς</span> 
     </span>
    </p>
   </div>
   <div class='ocr_carea' id='block_1_101' title="bbox 301 5181 1952 5263">
    <p class='ocr_par' dir='ltr' id='par_1_101' title="bbox 301 5181 1952 5263">
     <span class='ocr_line' id='line_1_101' title="bbox 301 5181 1952 5263; baseline -0.003 -21"><span class='ocrx_word' id='word_1_753' title='bbox 301 5186 635 5261; x_wconf 69' lang='grc' dir='ltr'>φιλοτιμίαις</span> <span class='ocrx_word' id='word_1_754' title='bbox 680 5185 984 5251; x_wconf 80' lang='grc' dir='ltr'>ἀξιοθέατος</span> <span class='ocrx_word' id='word_1_755' title='bbox 1026 5184 1121 5242; x_wconf 76' lang='grc' dir='ltr'><strong>ὤν’</strong></span> <span class='ocrx_word' id='word_1_756' title='bbox 1175 5181 1294 5240; x_wconf 67' lang='grc' dir='ltr'>ἄλλ’</span> <span class='ocrx_word' id='word_1_757' title='bbox 1319 5182 1477 5258; x_wconf 79' lang='grc' dir='ltr'>ἔμελε</span> <span class='ocrx_word' id='word_1_758' title='bbox 1521 5187 1598 5242; x_wconf 82' lang='grc' dir='ltr'>τῶ</span> <span class='ocrx_word' id='word_1_759' title='bbox 1659 5195 1774 5263; x_wconf 84' lang='grc' dir='ltr'><strong>Θεῷ</strong></span> <span class='ocrx_word' id='word_1_760' title='bbox 1817 5192 1952 5247; x_wconf 74' lang='grc' dir='ltr'>πάν-</span> 
     </span>
    </p>
   </div>
   <div class='ocr_carea' id='block_1_102' title="bbox 307 5272 1953 5354">
    <p class='ocr_par' dir='ltr' id='par_1_102' title="bbox 307 5272 1953 5354">
     <span class='ocr_line' id='line_1_102' title="bbox 307 5272 1953 5354; baseline 0.003 -23"><span class='ocrx_word' id='word_1_761' title='bbox 307 5297 415 5341; x_wconf 80' lang='grc' dir='ltr'><strong>τως</strong></span> <span class='ocrx_word' id='word_1_762' title='bbox 474 5275 549 5340; x_wconf 78' lang='grc' dir='ltr'>εἷς</span> <span class='ocrx_word' id='word_1_763' title='bbox 581 5279 701 5332; x_wconf 85' lang='grc' dir='ltr'>οἷον</span> <span class='ocrx_word' id='word_1_764' title='bbox 761 5278 848 5331; x_wconf 74' lang='grc' dir='ltr'>νῦν</span> <span class='ocrx_word' id='word_1_765' title='bbox 892 5278 1074 5354; x_wconf 76' lang='grc' dir='ltr'>δρᾶται</span> <span class='ocrx_word' id='word_1_766' title='bbox 1120 5272 1339 5350; x_wconf 76' lang='grc' dir='ltr'>μέγεθός</span> <span class='ocrx_word' id='word_1_767' title='bbox 1384 5294 1441 5328; x_wconf 87' lang='grc' dir='ltr'><strong>τε</strong></span> <span class='ocrx_word' id='word_1_768' title='bbox 1485 5275 1570 5330; x_wconf 78' lang='grc' dir='ltr'>καὶ</span> <span class='ocrx_word' id='word_1_769' title='bbox 1614 5277 1808 5343; x_wconf 58' lang='grc' dir='ltr'>κάλλος</span> <span class='ocrx_word' id='word_1_770' title='bbox 1855 5283 1953 5338; x_wconf 75' lang='grc' dir='ltr'><strong>αὒ-</strong></span> 
     </span>
    </p>
   </div>
   <div class='ocr_carea' id='block_1_103' title="bbox 300 5360 1949 5451">
    <p class='ocr_par' dir='ltr' id='par_1_103' title="bbox 300 5360 1949 5451">
     <span class='ocr_line' id='line_1_103' title="bbox 300 5360 1949 5451; baseline 0.003 -30"><span class='ocrx_word' id='word_1_771' title='bbox 300 5369 392 5421; x_wconf 74' lang='grc' dir='ltr'>τὸν</span> <span class='ocrx_word' id='word_1_772' title='bbox 464 5365 787 5432; x_wconf 77' lang='grc' dir='ltr'>ἀναστῆσαι,</span> <span class='ocrx_word' id='word_1_773' title='bbox 848 5364 1008 5422; x_wconf 76' lang='grc' dir='ltr'>’Ὅθεν</span> <span class='ocrx_word' id='word_1_774' title='bbox 1078 5365 1167 5419; x_wconf 88' lang='grc' dir='ltr'><strong>καὶ</strong></span> <span class='ocrx_word' id='word_1_775' title='bbox 1211 5360 1468 5437; x_wconf 78' lang='grc' dir='ltr'>Γενναδίῳ</span> <span class='ocrx_word' id='word_1_776' title='bbox 1508 5371 1586 5439; x_wconf 80' lang='grc' dir='ltr'>τῷ</span> <span class='ocrx_word' id='word_1_777' title='bbox 1641 5370 1949 5451; x_wconf 75' lang='grc' dir='ltr'>πατριάρχῃ</span> 
     </span>
    </p>
   </div>
   <div class='ocr_carea' id='block_1_104' title="bbox 303 5451 1950 5533">
    <p class='ocr_par' dir='ltr' id='par_1_104' title="bbox 303 5451 1950 5533">
     <span class='ocr_line' id='line_1_104' title="bbox 303 5451 1950 5533; baseline 0.004 -22"><span class='ocrx_word' id='word_1_778' title='bbox 303 5456 412 5511; x_wconf 74' lang='grc' dir='ltr'>θεία</span> <span class='ocrx_word' id='word_1_779' title='bbox 472 5476 555 5518; x_wconf 85' lang='grc' dir='ltr'><strong>τις</strong></span> <span class='ocrx_word' id='word_1_780' title='bbox 586 5454 915 5533; x_wconf 76' lang='grc' dir='ltr'>ἐπιφαίνεται</span> <span class='ocrx_word' id='word_1_781' title='bbox 960 5454 1106 5529; x_wconf 70' lang='grc' dir='ltr'>ὄψις.</span> <span class='ocrx_word' id='word_1_782' title='bbox 1174 5453 1273 5510; x_wconf 82' lang='grc' dir='ltr'>Καὶ</span> <span class='ocrx_word' id='word_1_783' title='bbox 1305 5453 1338 5519; x_wconf 78' lang='grc' dir='ltr'><strong>ἡ</strong></span> <span class='ocrx_word' id='word_1_784' title='bbox 1385 5451 1508 5526; x_wconf 74' lang='grc' dir='ltr'>ὄψις</span> <span class='ocrx_word' id='word_1_785' title='bbox 1557 5453 1643 5511; x_wconf 70' lang='grc' dir='ltr'>ἕλε</span> <span class='ocrx_word' id='word_1_786' title='bbox 1662 5474 1733 5533; x_wconf 60' lang='grc' dir='ltr'>[ε’</span> <span class='ocrx_word' id='word_1_787' title='bbox 1781 5466 1950 5517; x_wconf 83' lang='grc' dir='ltr'>Λῦσον</span> 
     </span>
    </p>
   </div>
   <div class='ocr_carea' id='block_1_105' title="bbox 310 5539 1949 5621">
    <p class='ocr_par' dir='ltr' id='par_1_105' title="bbox 310 5539 1949 5621">
     <span class='ocr_line' id='line_1_105' title="bbox 310 5539 1949 5621; baseline 0.004 -23"><span class='ocrx_word' id='word_1_788' title='bbox 310 5546 397 5598; x_wconf 71' lang='grc' dir='ltr'>τὸν</span> <span class='ocrx_word' id='word_1_789' title='bbox 450 5546 574 5600; x_wconf 82' lang='grc' dir='ltr'>ναὸν</span> <span class='ocrx_word' id='word_1_790' title='bbox 604 5548 813 5599; x_wconf 67' lang='grc' dir='ltr'>τοότονσ</span> <span class='ocrx_word' id='word_1_791' title='bbox 860 5542 1045 5617; x_wconf 81' lang='grc' dir='ltr'>μέλλω</span> <span class='ocrx_word' id='word_1_792' title='bbox 1101 5543 1222 5621; x_wconf 79' lang='grc' dir='ltr'>γὰρ,</span> <span class='ocrx_word' id='word_1_793' title='bbox 1256 5539 1409 5619; x_wconf 79' lang='grc' dir='ltr'>φησὶ,</span> <span class='ocrx_word' id='word_1_794' title='bbox 1443 5540 1528 5598; x_wconf 83' lang='grc' dir='ltr'>ἐπὶ</span> <span class='ocrx_word' id='word_1_795' title='bbox 1581 5553 1674 5601; x_wconf 84' lang='grc' dir='ltr'>τοῦ</span> <span class='ocrx_word' id='word_1_796' title='bbox 1702 5550 1837 5620; x_wconf 77' lang='grc' dir='ltr'>μετὰ</span> <span class='ocrx_word' id='word_1_797' title='bbox 1892 5549 1949 5605; x_wconf 77' lang='grc' dir='ltr'>σὲ</span> 
     </span>
    </p>
   </div>
   <div class='ocr_carea' id='block_1_106' title="bbox 311 5624 1949 5716">
    <p class='ocr_par' dir='ltr' id='par_1_106' title="bbox 311 5624 1949 5716">
     <span class='ocr_line' id='line_1_106' title="bbox 311 5624 1949 5716; baseline 0.004 -29"><span class='ocrx_word' id='word_1_798' title='bbox 311 5631 460 5691; x_wconf 73' lang='grc' dir='ltr'>πάλιν</span> <span class='ocrx_word' id='word_1_799' title='bbox 506 5632 664 5691; x_wconf 73' lang='grc' dir='ltr'>αὐτὸν</span> <span class='ocrx_word' id='word_1_800' title='bbox 695 5633 935 5711; x_wconf 72' lang='grc' dir='ltr'>ἀνιστῇν.</span> <span class='ocrx_word' id='word_1_801' title='bbox 983 5624 1042 5689; x_wconf 64' lang='grc' dir='ltr'>Ὀ</span> <span class='ocrx_word' id='word_1_802' title='bbox 1095 5633 1193 5709; x_wconf 78' lang='grc' dir='ltr'>μὲν</span> <span class='ocrx_word' id='word_1_803' title='bbox 1222 5633 1309 5707; x_wconf 57' lang='grc' dir='ltr'><strong>οθν</strong></span> <span class='ocrx_word' id='word_1_804' title='bbox 1357 5631 1419 5686; x_wconf 85' lang='grc' dir='ltr'>τὸ</span> <span class='ocrx_word' id='word_1_805' title='bbox 1450 5638 1785 5715; x_wconf 81' lang='grc' dir='ltr'>προσταχθὲν</span> <span class='ocrx_word' id='word_1_806' title='bbox 1840 5638 1949 5716; x_wconf 74' lang='grc' dir='ltr'><strong>ἅμα</strong></span> 
     </span>
    </p>
   </div>
   <div class='ocr_carea' id='block_1_107' title="bbox 2123 4554 3686 4644">
    <p class='ocr_par' dir='ltr' id='par_1_107' title="bbox 2123 4554 3686 4644">
     <span class='ocr_line' id='line_1_107' title="bbox 2123 4554 3686 4644; baseline -0.006 -19"><span class='ocrx_word' id='word_1_807' title='bbox 2123 4562 2248 4626; x_wconf 88' lang='lat' dir='ltr'><strong>Xll.</strong></span> <span class='ocrx_word' id='word_1_808' title='bbox 2279 4562 2529 4644; x_wconf 87' lang='lat' dir='ltr'><strong>Oportet</strong></span> <span class='ocrx_word' id='word_1_809' title='bbox 2555 4572 2751 4625; x_wconf 87' lang='lat' dir='ltr'><strong>autem</strong></span> <span class='ocrx_word' id='word_1_810' title='bbox 2784 4561 3026 4624; x_wconf 89' lang='lat' dir='ltr'><strong>omnino</strong></span> <span class='ocrx_word' id='word_1_811' title='bbox 3057 4563 3170 4622; x_wconf 68' lang='lat' dir='ltr'><strong>alia</strong></span> <span class='ocrx_word' id='word_1_812' title='bbox 3199 4575 3435 4641; x_wconf 86' lang='lat' dir='ltr'><strong>quoque</strong></span> <span class='ocrx_word' id='word_1_813' title='bbox 3465 4554 3686 4634; x_wconf 83' lang='lat' dir='ltr'><strong>templa</strong></span> 
     </span>
    </p>
   </div>
   <div class='ocr_carea' id='block_1_108' title="bbox 2043 4645 3688 4732">
    <p class='ocr_par' dir='ltr' id='par_1_108' title="bbox 2043 4645 3688 4732">
     <span class='ocr_line' id='line_1_108' title="bbox 2043 4645 3688 4732; baseline -0.005 -18"><span class='ocrx_word' id='word_1_814' title='bbox 2043 4652 2359 4732; x_wconf 87' lang='lat' dir='ltr'><strong>complecti</strong></span> <span class='ocrx_word' id='word_1_815' title='bbox 2382 4653 2672 4725; x_wconf 86' lang='lat' dir='ltr'><strong>oratione,</strong></span> <span class='ocrx_word' id='word_1_816' title='bbox 2705 4670 2836 4729; x_wconf 70' lang='lat' dir='ltr'><strong>qua)</strong></span> <span class='ocrx_word' id='word_1_817' title='bbox 2867 4651 2969 4713; x_wconf 90' lang='lat' dir='ltr'><strong>ille</strong></span> <span class='ocrx_word' id='word_1_818' title='bbox 2992 4653 3083 4730; x_wconf 76' lang='lat' dir='ltr'><strong>rie</strong></span> <span class='ocrx_word' id='word_1_819' title='bbox 3105 4669 3171 4712; x_wconf 94' lang='lat' dir='ltr'><strong>ac</strong></span> <span class='ocrx_word' id='word_1_820' title='bbox 3200 4649 3478 4726; x_wconf 83' lang='lat' dir='ltr'><strong>religiose</strong></span> <span class='ocrx_word' id='word_1_821' title='bbox 3505 4645 3688 4706; x_wconf 67' lang='lat' dir='ltr'><strong>aedili-</strong></span> 
     </span>
    </p>
   </div>
   <div class='ocr_carea' id='block_1_109' title="bbox 2041 4734 3685 4822">
    <p class='ocr_par' dir='ltr' id='par_1_109' title="bbox 2041 4734 3685 4822">
     <span class='ocr_line' id='line_1_109' title="bbox 2041 4734 3685 4822; baseline -0.005 -18"><span class='ocrx_word' id='word_1_822' title='bbox 2041 4743 2213 4805; x_wconf 86' lang='lat' dir='ltr'><strong>cavit:</strong></span> <span class='ocrx_word' id='word_1_823' title='bbox 2243 4744 2471 4814; x_wconf 86' lang='lat' dir='ltr'><strong>lrenes,</strong></span> <span class='ocrx_word' id='word_1_824' title='bbox 2502 4742 2768 4822; x_wconf 89' lang='lat' dir='ltr'><strong>inquam,</strong></span> <span class='ocrx_word' id='word_1_825' title='bbox 2794 4759 2922 4820; x_wconf 73' lang='lat' dir='ltr'><strong>quae</strong></span> <span class='ocrx_word' id='word_1_826' title='bbox 2952 4749 3040 4802; x_wconf 90' lang='lat' dir='ltr'><strong>est</strong></span> <span class='ocrx_word' id='word_1_827' title='bbox 3066 4740 3223 4802; x_wconf 90' lang='lat' dir='ltr'><strong>inter</strong></span> <span class='ocrx_word' id='word_1_828' title='bbox 3253 4747 3544 4817; x_wconf 76' lang='lat' dir='ltr'><strong>martyres</strong></span> <span class='ocrx_word' id='word_1_829' title='bbox 3573 4734 3685 4796; x_wconf 90' lang='lat' dir='ltr'><strong>ad-</strong></span> 
     </span>
    </p>
   </div>
   <div class='ocr_carea' id='block_1_110' title="bbox 2043 4824 3684 4911">
    <p class='ocr_par' dir='ltr' id='par_1_110' title="bbox 2043 4824 3684 4911">
     <span class='ocr_line' id='line_1_110' title="bbox 2043 4824 3684 4911; baseline -0.005 -19"><span class='ocrx_word' id='word_1_830' title='bbox 2043 4832 2353 4905; x_wconf 79' lang='lat' dir='ltr'><strong>mirabilis,</strong></span> <span class='ocrx_word' id='word_1_831' title='bbox 2388 4831 2545 4911; x_wconf 83' lang='lat' dir='ltr'><strong>quod</strong></span> <span class='ocrx_word' id='word_1_832' title='bbox 2572 4841 2657 4891; x_wconf 84' lang='lat' dir='ltr'><strong>est</strong></span> <span class='ocrx_word' id='word_1_833' title='bbox 2683 4831 2752 4890; x_wconf 89' lang='lat' dir='ltr'><strong>ad</strong></span> <span class='ocrx_word' id='word_1_834' title='bbox 2783 4848 2947 4891; x_wconf 85' lang='lat' dir='ltr'><strong>mare</strong></span> <span class='ocrx_word' id='word_1_835' title='bbox 2979 4830 3318 4909; x_wconf 81' lang='lat' dir='ltr'><strong>positumzet</strong></span> <span class='ocrx_word' id='word_1_836' title='bbox 3341 4826 3493 4907; x_wconf 86' lang='lat' dir='ltr'><strong>ejus,</strong></span> <span class='ocrx_word' id='word_1_837' title='bbox 3528 4824 3684 4905; x_wconf 91' lang='lat' dir='ltr'><strong>quod</strong></span> 
     </span>
    </p>
   </div>
   <div class='ocr_carea' id='block_1_111' title="bbox 2044 4915 3680 4993">
    <p class='ocr_par' dir='ltr' id='par_1_111' title="bbox 2044 4915 3680 4993">
     <span class='ocr_line' id='line_1_111' title="bbox 2044 4915 3680 4993; baseline -0.006 -10"><span class='ocrx_word' id='word_1_838' title='bbox 2044 4930 2127 4983; x_wconf 88' lang='lat' dir='ltr'><strong>est</strong></span> <span class='ocrx_word' id='word_1_839' title='bbox 2170 4921 2253 4982; x_wconf 90' lang='lat' dir='ltr'><strong>illi</strong></span> <span class='ocrx_word' id='word_1_840' title='bbox 2287 4920 2622 4993; x_wconf 90' lang='lat' dir='ltr'><strong>continens,</strong></span> <span class='ocrx_word' id='word_1_841' title='bbox 2649 4919 2828 4980; x_wconf 86' lang='lat' dir='ltr'><strong>divini</strong></span> <span class='ocrx_word' id='word_1_842' title='bbox 2858 4919 3089 4981; x_wconf 89' lang='lat' dir='ltr'><strong>scilicet</strong></span> <span class='ocrx_word' id='word_1_843' title='bbox 3110 4917 3340 4982; x_wconf 88' lang='lat' dir='ltr'><strong>lsidori.</strong></span> <span class='ocrx_word' id='word_1_844' title='bbox 3379 4917 3501 4978; x_wconf 87' lang='lat' dir='ltr'><strong>Hoc</strong></span> <span class='ocrx_word' id='word_1_845' title='bbox 3523 4915 3680 4975; x_wconf 80' lang='lat' dir='ltr'><strong>enim</strong></span> 
     </span>
    </p>
   </div>
   <div class='ocr_carea' id='block_1_112' title="bbox 2043 5004 3680 5091">
    <p class='ocr_par' dir='ltr' id='par_1_112' title="bbox 2043 5004 3680 5091">
     <span class='ocr_line' id='line_1_112' title="bbox 2043 5004 3680 5091; baseline -0.005 -20"><span class='ocrx_word' id='word_1_846' title='bbox 2043 5011 2330 5091; x_wconf 87' lang='lat' dir='ltr'><strong>templum</strong></span> <span class='ocrx_word' id='word_1_847' title='bbox 2360 5009 2630 5090; x_wconf 77' lang='lat' dir='ltr'><strong>martyris</strong></span> <span class='ocrx_word' id='word_1_848' title='bbox 2649 5011 2850 5071; x_wconf 80' lang='lat' dir='ltr'><strong>[renes</strong></span> <span class='ocrx_word' id='word_1_849' title='bbox 2876 5020 2999 5072; x_wconf 89' lang='lat' dir='ltr'><strong>erat</strong></span> <span class='ocrx_word' id='word_1_850' title='bbox 3021 5009 3257 5090; x_wconf 89' lang='lat' dir='ltr'><strong>quidem</strong></span> <span class='ocrx_word' id='word_1_851' title='bbox 3276 5008 3335 5068; x_wconf 90' lang='lat' dir='ltr'><strong>in</strong></span> <span class='ocrx_word' id='word_1_852' title='bbox 3360 5004 3680 5086; x_wconf 82' lang='lat' dir='ltr'><strong>principio,</strong></span> 
     </span>
    </p>
   </div>
   <div class='ocr_carea' id='block_1_113' title="bbox 2039 5093 3678 5181">
    <p class='ocr_par' dir='ltr' id='par_1_113' title="bbox 2039 5093 3678 5181">
     <span class='ocr_line' id='line_1_113' title="bbox 2039 5093 3678 5181; baseline -0.006 -20"><span class='ocrx_word' id='word_1_853' title='bbox 2039 5119 2232 5181; x_wconf 87' lang='lat' dir='ltr'><strong>neque</strong></span> <span class='ocrx_word' id='word_1_854' title='bbox 2257 5108 2499 5181; x_wconf 83' lang='lat' dir='ltr'><strong>propter</strong></span> <span class='ocrx_word' id='word_1_855' title='bbox 2527 5099 3021 5177; x_wconf 81' lang='lat' dir='ltr'><strong>magnitudinem,</strong></span> <span class='ocrx_word' id='word_1_856' title='bbox 3040 5117 3151 5160; x_wconf 90' lang='lat' dir='ltr'><strong>nec</strong></span> <span class='ocrx_word' id='word_1_857' title='bbox 3180 5093 3678 5181; x_wconf 85' lang='lat' dir='ltr'><strong>pulchritudinem</strong></span> 
     </span>
    </p>
   </div>
   <div class='ocr_carea' id='block_1_114' title="bbox 2039 5180 3682 5266">
    <p class='ocr_par' dir='ltr' id='par_1_114' title="bbox 2039 5180 3682 5266">
     <span class='ocr_line' id='line_1_114' title="bbox 2039 5180 3682 5266; baseline -0.005 -15"><span class='ocrx_word' id='word_1_858' title='bbox 2039 5180 2153 5252; x_wconf 83' lang='lat' dir='ltr'><strong>nec</strong></span> <span class='ocrx_word' id='word_1_859' title='bbox 2182 5191 2365 5251; x_wconf 86' lang='lat' dir='ltr'><strong>ullum</strong></span> <span class='ocrx_word' id='word_1_860' title='bbox 2391 5190 2569 5250; x_wconf 88' lang='lat' dir='ltr'><strong>alium</strong></span> <span class='ocrx_word' id='word_1_861' title='bbox 2604 5198 2875 5251; x_wconf 90' lang='lat' dir='ltr'><strong>ornatum</strong></span> <span class='ocrx_word' id='word_1_862' title='bbox 2909 5197 3007 5249; x_wconf 88' lang='lat' dir='ltr'><strong>aut</strong></span> <span class='ocrx_word' id='word_1_863' title='bbox 3031 5182 3551 5266; x_wconf 81' lang='lat' dir='ltr'><strong>magniﬁcentiam,</strong></span> <span class='ocrx_word' id='word_1_864' title='bbox 3588 5180 3682 5242; x_wconf 89' lang='lat' dir='ltr'><strong>di-</strong></span> 
     </span>
    </p>
   </div>
   <div class='ocr_carea' id='block_1_115' title="bbox 2035 5268 3681 5361">
    <p class='ocr_par' dir='ltr' id='par_1_115' title="bbox 2035 5268 3681 5361">
     <span class='ocr_line' id='line_1_115' title="bbox 2035 5268 3681 5361; baseline -0.006 -22"><span class='ocrx_word' id='word_1_865' title='bbox 2035 5298 2213 5359; x_wconf 86' lang='lat' dir='ltr'><strong>gnum</strong></span> <span class='ocrx_word' id='word_1_866' title='bbox 2239 5280 2396 5361; x_wconf 90' lang='lat' dir='ltr'><strong>quod</strong></span> <span class='ocrx_word' id='word_1_867' title='bbox 2418 5290 2812 5360; x_wconf 85' lang='lat' dir='ltr'><strong>spectaretur.</strong></span> <span class='ocrx_word' id='word_1_868' title='bbox 2846 5277 2961 5340; x_wconf 88' lang='lat' dir='ltr'><strong>Sed</strong></span> <span class='ocrx_word' id='word_1_869' title='bbox 2986 5280 3103 5340; x_wconf 90' lang='lat' dir='ltr'><strong>Deo</strong></span> <span class='ocrx_word' id='word_1_870' title='bbox 3128 5275 3372 5337; x_wconf 86' lang='lat' dir='ltr'><strong>omnino</strong></span> <span class='ocrx_word' id='word_1_871' title='bbox 3395 5288 3550 5361; x_wconf 62' lang='lat' dir='ltr'><strong>curae</strong></span> <span class='ocrx_word' id='word_1_872' title='bbox 3571 5268 3681 5330; x_wconf 82' lang='lat' dir='ltr'><strong>fuit</strong></span> 
     </span>
    </p>
   </div>
   <div class='ocr_carea' id='block_1_116' title="bbox 2039 5359 3679 5449">
    <p class='ocr_par' dir='ltr' id='par_1_116' title="bbox 2039 5359 3679 5449">
     <span class='ocr_line' id='line_1_116' title="bbox 2039 5359 3679 5449; baseline -0.007 -18"><span class='ocrx_word' id='word_1_873' title='bbox 2039 5359 2304 5432; x_wconf 76' lang='lat' dir='ltr'><strong>tribuere</strong></span> <span class='ocrx_word' id='word_1_874' title='bbox 2337 5359 2683 5449; x_wconf 83' lang='lat' dir='ltr'><strong>huic,quale</strong></span> <span class='ocrx_word' id='word_1_875' title='bbox 2712 5387 2869 5430; x_wconf 90' lang='lat' dir='ltr'><strong>nunc</strong></span> <span class='ocrx_word' id='word_1_876' title='bbox 2891 5370 3180 5439; x_wconf 78' lang='lat' dir='ltr'><strong>cernitur,</strong></span> <span class='ocrx_word' id='word_1_877' title='bbox 3215 5359 3679 5441; x_wconf 84' lang='lat' dir='ltr'><strong>magnitudinem</strong></span> 
     </span>
    </p>
   </div>
   <div class='ocr_carea' id='block_1_117' title="bbox 2036 5450 3678 5538">
    <p class='ocr_par' dir='ltr' id='par_1_117' title="bbox 2036 5450 3678 5538">
     <span class='ocr_line' id='line_1_117' title="bbox 2036 5450 3678 5538; baseline -0.007 -16"><span class='ocrx_word' id='word_1_878' title='bbox 2036 5468 2095 5522; x_wconf 91' lang='lat' dir='ltr'><strong>et</strong></span> <span class='ocrx_word' id='word_1_879' title='bbox 2127 5458 2654 5538; x_wconf 80' lang='lat' dir='ltr'><strong>pulchritudinem.</strong></span> <span class='ocrx_word' id='word_1_880' title='bbox 2680 5454 3078 5528; x_wconf 86' lang='lat' dir='ltr'><strong>Quamobrem</strong></span> <span class='ocrx_word' id='word_1_881' title='bbox 3109 5450 3414 5517; x_wconf 86' lang='lat' dir='ltr'><strong>Gennadio</strong></span> <span class='ocrx_word' id='word_1_882' title='bbox 3445 5467 3678 5531; x_wconf 87' lang='lat' dir='ltr'><strong>quoque</strong></span> 
     </span>
    </p>
   </div>
   <div class='ocr_carea' id='block_1_118' title="bbox 2034 5538 3676 5631">
    <p class='ocr_par' dir='ltr' id='par_1_118' title="bbox 2034 5538 3676 5631">
     <span class='ocr_line' id='line_1_118' title="bbox 2034 5538 3676 5631; baseline -0.005 -21"><span class='ocrx_word' id='word_1_883' title='bbox 2034 5548 2384 5631; x_wconf 67' lang='lat' dir='ltr'><strong>patriarchae</strong></span> <span class='ocrx_word' id='word_1_884' title='bbox 2430 5548 2625 5608; x_wconf 87' lang='lat' dir='ltr'><strong>divina</strong></span> <span class='ocrx_word' id='word_1_885' title='bbox 2667 5546 2933 5627; x_wconf 75' lang='lat' dir='ltr'><strong>quaedam</strong></span> <span class='ocrx_word' id='word_1_886' title='bbox 2982 5551 3224 5624; x_wconf 89' lang='lat' dir='ltr'><strong>apparet</strong></span> <span class='ocrx_word' id='word_1_887' title='bbox 3270 5540 3434 5606; x_wconf 87' lang='lat' dir='ltr'><strong>visio.</strong></span> <span class='ocrx_word' id='word_1_888' title='bbox 3497 5538 3676 5604; x_wconf 86' lang='lat' dir='ltr'><strong>Dice-</strong></span> 
     </span>
    </p>
   </div>
   <div class='ocr_carea' id='block_1_119' title="bbox 2035 5631 3678 5719">
    <p class='ocr_par' dir='ltr' id='par_1_119' title="bbox 2035 5631 3678 5719">
     <span class='ocr_line' id='line_1_119' title="bbox 2035 5631 3678 5719; baseline -0.005 -17"><span class='ocrx_word' id='word_1_889' title='bbox 2035 5640 2131 5702; x_wconf 88' lang='lat' dir='ltr'><strong>bat</strong></span> <span class='ocrx_word' id='word_1_890' title='bbox 2178 5647 2373 5700; x_wconf 88' lang='lat' dir='ltr'><strong>autem</strong></span> <span class='ocrx_word' id='word_1_891' title='bbox 2408 5636 2551 5698; x_wconf 90' lang='lat' dir='ltr'><strong>visio</strong></span> <span class='ocrx_word' id='word_1_892' title='bbox 2586 5657 2599 5694; x_wconf 93' lang='lat'><strong>:</strong></span> <span class='ocrx_word' id='word_1_893' title='bbox 2647 5635 2820 5699; x_wconf 85' lang='lat' dir='ltr'><strong>Solve</strong></span> <span class='ocrx_word' id='word_1_894' title='bbox 2849 5633 2961 5697; x_wconf 89' lang='lat' dir='ltr'><strong>hoc</strong></span> <span class='ocrx_word' id='word_1_895' title='bbox 3012 5631 3296 5719; x_wconf 88' lang='lat' dir='ltr'><strong>templum</strong></span> <span class='ocrx_word' id='word_1_896' title='bbox 3334 5647 3349 5695; x_wconf 92' lang='lat'><strong>:</strong></span> <span class='ocrx_word' id='word_1_897' title='bbox 3408 5640 3678 5717; x_wconf 86' lang='lat' dir='ltr'><strong>tempore</strong></span> 
     </span>
    </p>
   </div>
  </div>
