4094 6196
390 306 506 379 443
698 316 701 319 ’
1682 310 1845 375 ΜΕΝ
1854 312 1965 374 SIS
2004 309 2454 393 JANUARIUS.
3634 300 3747 373 444

394 458 551 516 enim
600 449 685 516 tui
713 449 1077 517 successoris
1104 467 1235 511 sum
1293 448 1353 511 id
1385 465 1594 512 rursus
1641 446 2026 510 excitaturus.

2125 445 2200 501 καὶ
2242 446 2333 502 τὸν
2404 444 2518 521 βίον
2575 442 2825 519 ἐπλήρου.
2880 443 3179 525 Μαρκιανὸς
3241 441 3297 501 δὲ
3369 446 3396 503 ὁ
3464 449 3610 514 θεῖος
3679 449 3756 511 εἷς

394 544 589 624 Atque
607 543 707 604 ille
728 543 973 625 quidem
1000 536 1176 601 simul
1201 539 1431 617 jussum
1469 536 1755 618 implevit,
1780 544 1838 598 et
1855 535 2034 598 vitam

2125 535 2287 605 ἀκοήν
2314 558 2371 592 τε
2415 540 2513 602 τῆς
2545 534 2719 610 ὅψεως
2773 533 2970 600 ταύτης
3000 532 3186 607 ἐλθὼν,
3233 533 3369 591 ἀλλὰ
3420 539 3506 593 καὶ
3533 538 3631 607 τὴν
3675 540 3760 596 οἷ-

395 621 907 695 ﬁniit.Marcianus
929 638 1124 690 autem
1145 626 1246 689 ille
1263 627 1793 707 admirabilis,cum
1816 626 1886 688 ad
1907 627 2036 705 ejus

2125 624 2370 698 κονομίας
2400 622 2502 692 ἧδῆ
2546 625 2644 689 τῆς
2706 622 2958 699 Μεγάλης
3010 621 3331 690 Ἐκκλησίας
3388 625 3760 707 ἐγχειρισθεὶς,

397 740 572 785 aures
598 721 966 801 pervenisset
987 718 1111 779 hzec
1137 716 1302 792 visio,
1329 725 1506 797 atque
1539 717 1592 778 ei
1616 717 1789 779 etiam
1826 716 2038 778 fuisset

2125 713 2190 777 εἷς
2241 715 2400 771 «am
2460 713 2635 792 φέρειν
2691 713 2782 768 τὸν
2855 714 3053 790 ὄνειρον
3099 713 3316 794 οἰηθεὶς,
3376 716 3627 779 ποκίλους
3697 718 3765 784 ἦν

396 799 613 874 tradita
655 828 880 886 magnae
932 807 1214 869 Ecclesiae
1264 807 1655 888 diSpensatio,
1692 807 2035 869 existimans

2125 801 2358 881 στρέφων
2413 802 2531 859 καθ’
2590 803 2774 857 ἑαυτὸν
2819 799 3130 879 λογισμοὺς,
3181 809 3291 865 πῶς
3350 803 3410 860 ἂν
3469 808 3610 880 αὐτῷ
3666 804 3765 883 γέ-

397 900 693 962 somnium
717 898 774 959 id
801 898 871 959 ad
894 916 959 958 se
988 896 1246 970 deferre,
1269 897 1458 959 varias
1489 897 1643 976 apud
1674 915 1737 959 se
1769 896 2039 959 versabat

394 987 801 1066 cogitationes,
822 1005 1079 1066 quonam
1108 987 1281 1049 modo
1314 987 1444 1049 ﬁeri
1474 994 1694 1068 posset,
1728 997 1791 1049 ut
1820 987 1873 1047 ci
1896 1006 2036 1048 suc-

398 1076 767 1141 cederetboc
796 1095 944 1156 Opus
976 1095 1045 1139 ex
1065 1077 1380 1141 sententia.
1414 1076 1809 1140 lnscientibus
1840 1078 2040 1158 itaque

396 1167 522 1228 fere
573 1167 875 1240 omnibus,
921 1185 1058 1229 cum
1120 1168 1320 1246 paucis
1376 1168 1599 1248 aliquot
1666 1166 1806 1229 illuc
1855 1167 2037 1230 venit.

396 1255 627 1320 Deinde
658 1257 836 1318 etiam
870 1275 1007 1319 cum
1042 1256 1201 1336 ipsos
1252 1257 1531 1336 jussisset
1561 1256 1847 1319 recedere
1876 1278 1889 1316 :
1919 1258 2039 1335 jam

395 1348 556 1409 enim
587 1358 713 1407 erat
737 1365 873 1408 nox:
913 1345 1076 1407 solus
1101 1354 1159 1407 et
1174 1365 1326 1424 genu
1354 1356 1411 1407 et
1430 1349 1630 1408 anima
1651 1346 1772 1408 Deo
1797 1345 2043 1408 inclina-

397 1444 478 1507 ta,
517 1434 617 1497 ubi
671 1454 829 1498 nunc
857 1454 1028 1498 sacra
1074 1453 1174 1497 ara
1204 1445 1295 1498 est
1350 1436 1559 1516 posita,
1598 1437 1783 1511 Deus,
1815 1436 2040 1510 orabat,

2119 913 2264 948 νοιτο
2293 895 2386 949 καὶ
2442 889 2592 949 τουτῖ
2621 893 2680 946 τὸ
2727 889 2878 969 ἔργον
2924 891 3058 946 κατὰ
3087 890 3206 946 νοῦν
3260 892 3550 969 ἀποβῆναι.
3584 896 3769 951 Λαθὼν

2121 988 2407 1058 τοιγαροῦν
2462 977 2657 1060 σχεδὸν
2720 978 2983 1051 ἄπαττας,
3019 977 3139 1053 μετ’
3197 978 3390 1058 ὀλίγων
3447 989 3605 1039 τινῶν
3651 984 3770 1040 ἐκεῖ

2121 1073 2346 1145 γίνεται.
2396 1069 2534 1127 Εἶτα
2580 1069 2667 1124 καὶ
2727 1067 2913 1132 αὐτοὺς
2958 1067 3217 1131 καλεύσας
3270 1071 3580 1150 ὑποχωρεῖν
3640 1071 3763 1143 (ἤδη

2122 1161 2222 1238 γὰρ
2270 1162 2360 1216 καὶ
2404 1157 2489 1223 νύξ
2546 1161 2660 1236 ἦν),
2710 1158 2870 1231 μόνος
2928 1158 2989 1211 τὸ
3045 1158 3170 1234 γόνυ
3199 1159 3287 1213 καὶ
3338 1162 3436 1225 τὴν
3477 1164 3662 1240 ψυχὴν
3694 1162 3771 1236 τῷ

2125 1250 2239 1324 Θεῷ
2284 1246 2484 1327 κλίνας,
2528 1246 2619 1302 ’ίνα
2664 1247 2725 1302 τὸ
2767 1245 2921 1323 ἅγιον
2977 1252 3065 1301 νῦν
3122 1247 3494 1323 θυσιαστήριον
3536 1248 3766 1329 ἵδρυται,

2123 1341 2185 1396 Ὀ
2231 1340 2386 1409 Θεὸς,
2433 1336 2778 1414 προσηύχετο
2828 1334 3023 1414 λέγων,
3070 1335 3135 1392 τὰ
3178 1337 3274 1409 μὲν
3332 1336 3562 1394 εἰδώλων
3608 1338 3773 1414 μιαρὰ

2128 1425 2325 1501 τεμένη
2384 1430 2460 1497 τῷ
2514 1427 2592 1498 σῷ
2651 1425 2869 1498 νεύματι
2925 1423 3014 1479 καὶ
3074 1422 3334 1499 θελήματι
3394 1434 3471 1500 τῷ
3529 1429 3776 1504 σωτηρίῳ

397 1524 625 1605 dicens,
660 1525 762 1605 qui
793 1524 1158 1587 exsecranda
1189 1510 1405 1605 templa
1458 1510 1915 1587 simulacrorum
1947 1534 2040 1587 tuo

2128 1515 2658 1592 καταστρεψάμενος,
2704 1513 2994 1589 ῥυσάμενος
3066 1510 3119 1568 δὲ
3178 1514 3274 1582 τῆς
3336 1515 3507 1572 αὐτῶν
3562 1518 3775 1584 ἀπάτης

397 1622 547 1677 nutu
578 1622 635 1674 et
666 1613 908 1676 salutari
941 1615 1239 1677 voluntate
1273 1615 1560 1687 evertisti,
1597 1613 1672 1675 ab
1705 1632 1909 1676 eorum
1935 1633 2044 1676 au-

399 1710 519 1764 tem
572 1703 928 1783 deceptione
958 1722 1107 1784 opus
1159 1711 1390 1766 tuarum
1428 1722 1707 1765 manuum
1755 1703 2044 1777 Iiberasti,

2131 1608 2190 1662 τὸ
2234 1605 2342 1661 τῶν
2395 1606 2502 1659 σῶν
2545 1609 2743 1682 χειρῶν
2787 1600 3190 1680 δημιούργημα,
3231 1604 3342 1682 ἱερὰ
3392 1602 3444 1660 δὲ
3495 1608 3581 1662 καὶ
3622 1607 3779 1671 ναοὺς

2130 1695 2310 1772 ἁγίους
2348 1692 2643 1758 ἀνασυῆσαι
2704 1690 2979 1769 κελεύσας,
3028 1690 3080 1746 ἐν
3139 1692 3224 1756 οἷς
3282 1694 3375 1749 καί
3437 1693 3635 1755 πολλὰς
3692 1695 3780 1751 ἀεί

401 1792 562 1855 aedes
591 1780 790 1855 autem
823 1780 1023 1856 sacras
1053 1801 1112 1856 et
1142 1793 1364 1874 templa
1397 1800 1600 1855 sancta
1632 1792 1881 1855 excitari
1909 1793 2040 1872 jus-

2131 1806 2260 1841 ποτε
2321 1784 2412 1847 τὰς
2445 1782 2763 1856 θεοσημείας
2823 1780 3113 1861 ἐπιτελεῖς,
3145 1781 3302 1846 αὗτὸς
3360 1784 3445 1839 καὶ
3485 1790 3597 1863 νῦν,
3641 1785 3781 1843 κατὰ

397 1881 550 1956 sisti,
582 1883 641 1944 in
700 1881 915 1963 quibus
947 1890 1006 1944 tu
1048 1868 1288 1964 quoque
1340 1901 1579 1966 semper
1609 1883 1806 1944 divina
1861 1868 2040 1944 multa

2132 1874 2228 1940 τὴν
2300 1870 2503 1947 ἀψευδῆ
2574 1892 2667 1925 σου
2719 1868 3068 1947 ἐπαγγελίαν,
3133 1868 3420 1947 ἐπίϐλεψον
3473 1874 3561 1929 ἐπὶ
3628 1871 3776 1929 τόνδε

401 1972 571 2053 signa
598 1959 848 2053 peragis:
885 1973 1014 2053 ipse
1043 1959 1207 2035 nunc
1233 1959 1917 2054 quoque—convenienter
1947 1980 2040 2033 tuo

2134 1965 2220 2020 τὸν
2278 1961 2470 2036 κόπον,
2524 1961 2612 2017 καί
2668 1960 2886 2037 ἁγίασον
2948 1960 3101 2015 αὑτὸν
3165 1959 3377 2038 ἀρρήτῳ
3432 1983 3527 2019 σου
3594 1964 3781 2043 χάριτι

394 2047 613 2124 divino
638 2047 956 2143 promisso,
988 2062 1060 2124 ad
1096 2047 1488 2125 hunc—locum
1522 2062 1782 2142 respice,
1819 2071 1876 2124 et
1909 2079 2040 2124 eum

2132 2054 2218 2109 καὶ
2275 2051 2512 2125 δυνάμει,
2575 2049 2824 2122 ἆνιστῶν,
2881 2047 3147 2121 Δέσποτα,
3206 2047 3274 2104 δι’
3331 2052 3484 2124 ἡμῶν
3528 2052 3618 2106 τὸν
3673 2050 3780 2119 ἤδη

398 2135 706 2215 sanctiﬁca
737 2160 832 2213 tua
883 2135 1167 2213 ineffabili
1192 2150 1377 2231 gratia
1407 2159 1467 2212 et
1494 2135 1739 2214 virtute:
1768 2135 1884 2230 per
1914 2169 2040 2227 nos,

2133 2158 2214 2198 σοι
2272 2136 2679 2217 προγνωσμὲνον
2713 2142 2867 2194 οἶκον
2925 2138 2997 2198 εἰς
3028 2135 3180 2202 δόξαν
3222 2139 3320 2206 τὴν
3363 2140 3485 2211 σὴν,
3518 2142 3590 2203 εἷς
3650 2139 3784 2214 ἐμὸν

397 2238 679 2321 Domine,
707 2240 969 2302 excitans
981 2240 1104 2320 jam
1127 2225 1232 2302 tibi
1257 2241 1675 2321 praecognitam
1704 2225 1946 2303 domum
1979 2225 2040 2301 ad

2134 2228 2463 2309 ἆγαλλίαμα,
2496 2230 2569 2292 εἷς
2624 2225 2837 2283 πολλῶν
2869 2231 3061 2306 ψυχῶν
3116 2229 3380 2305 σωτηρίαν
3439 2230 3543 2285 τῶν
3573 2229 3634 2285 τὸ
3689 2230 3786 2285 σὸν

396 2338 555 2392 tuam
579 2315 933 2409 gloriam,ad
959 2315 1219 2391 nostram
1244 2315 1803 2405 exsultationem,ad
1834 2329 2040 2391 multa-

2135 2320 2301 2394 ὄνομα
2359 2315 2810 2389 ἓάικαλουμένων.
2867 2317 2987 2385 Ναὶ,
3053 2319 3149 2372 Θεὲ
3221 2318 3434 2373 πάντων
3492 2320 3578 2373 καὶ
3620 2319 3783 2394 βασιο

399 2436 534 2481 rum
567 2403 901 2481 animarum
958 2418 1232 2493 salutem,
1269 2438 1399 2500 qua:
1434 2428 1594 2482 tuum
1640 2403 1856 2481 nomen
1887 2419 2040 2480 invo-

2134 2407 2247 2483 λεῦ,
2284 2406 2343 2463 οὗ
2398 2412 2474 2479 τῷ
2531 2404 2792 2479 θελήματι
2850 2405 3022 2461 πάντα
3075 2403 3234 2479 εἴκει,
3275 2407 3369 2462 καί
3413 2405 3572 2483 οὗπερ
3629 2405 3785 2485 ἔργον

401 2514 563 2573 cant.
608 2506 782 2571 Certe
814 2510 978 2572 Deus
1005 2517 1063 2570 et
1095 2527 1194 2572 rex
1241 2492 1538 2590 omnium,
1569 2509 1742 2589 cujus
1776 2507 2040 2569 voluntati

2136 2498 2351 2564 ἀληθῶς
2412 2497 2473 2553 τὸ
2533 2495 2792 2569 ἐννόημα,
2840 2492 3017 2558 Οὕτως
3089 2493 3230 2568 αὒτῷ
3300 2495 3566 2572 εὐξαμένῳ
3619 2496 3787 2554 ὕπνον

399 2598 619 2659 cedunt
676 2597 895 2673 omnia,
933 2606 992 2659 et
1043 2599 1216 2677 cujus
1247 2616 1386 2660 vere
1433 2582 1699 2679 est'opus
1751 2601 2040 2677 cogitatio.

2138 2585 2390 2662 ἐμϐαλλει
2421 2598 2538 2648 τοῖς
2571 2583 2865 2662 ὀφθαλμοῖς
2910 2586 2938 2639 ὁ
2968 2583 3121 2661 Θεὸς,
3153 2583 3248 2639 καί
3283 2582 3410 2664 ὅναρ
3452 2585 3597 2649 εὐθὺς
3638 2608 3784 2664 παρ-

400 2684 547 2749 Cum
607 2686 694 2748 sic
756 2694 1002 2760 orasset,
1038 2674 1168 2768 ejus
1226 2687 1414 2750 oculis
1461 2674 1737 2750 somnum
1790 2674 2040 2748 immittit

2138 2678 2314 2744 ίστησι
2369 2677 2468 2746 τήν
2511 2697 2569 2731 τε
2624 2674 2766 2731 θέσιν
2819 2675 2912 2730 τοῦ
2967 2674 3107 2751 ἱεροῦ
3136 2675 3223 2729 καὶ
3281 2675 3342 2731 τὸ
3398 2674 3644 2751 μέγεθος,
3690 2677 3782 2733 καὶ

403 2775 587 2851 Deus,
623 2786 680 2837 et
713 2777 905 2838 statim
960 2777 1015 2837 ei
1049 2762 1312 2838 ostendit
1341 2776 1401 2837 in
1445 2778 1696 2853 somnis,
1731 2785 1790 2839 et
1842 2774 2040 2855 templi

2137 2767 2235 2832 τὴν
2268 2764 2436 2832 ἆλλῆν
2496 2770 2669 2820 πᾶσαν
2699 2762 3026 2836 οἰκονομίαν.
3090 2763 3228 2820 Εἶτα
3285 2765 3373 2819 καὶ
3431 2763 3573 2825 θείας
3604 2765 3677 2828 ὡς
3722 2764 3777 2820 ἐν

397 2866 606 2938 situm,
642 2872 699 2926 et
734 2864 1224 2944 magnitudinem,
1262 2875 1319 2927 et
1352 2866 1533 2926 aliam
1579 2851 1818 2927 omnem
1851 2851 2040 2925 aedili-

2129 2854 2348 2930 ὀνείροις
2423 2853 2604 2909 ἀκούει
2693 2852 2891 2931 φωνῆς·
2984 2854 3273 2932 Μαρκιανὲ,
3333 2854 3507 2909 πάντα
3586 2851 3779 2912 δυνατὰ

400 2957 721 3015 cntionem.
784 2953 1013 3016 Deinde
1069 2953 1245 3015 etiam
1329 2953 1587 3014 divinam
1648 2962 1924 3033 tanquam
1983 2952 2040 3012 in

2126 2947 2204 3017 τῷ
2231 2944 2560 3016 πιστεύοντι,

398 3042 631 3102 somnis
658 3039 881 3102 audivit
912 3059 1115 3103 vocem
1155 3063 1168 3104 :
1202 3040 1250 3104 Ο
1290 3041 1608 3117 Marciane,
1644 3041 1770 3104 ﬁeri
1804 3049 2048 3121 possunt

399 3128 606 3226 omnia
630 3130 920 3226 credenti.
1327 3218 1339 3226 _
1960 3217 1998 3226 __
2061 3173 2106 3226 α
2232 3200 2291 3226 _'

481 3217 633 3281 XIII.
691 3218 834 3280 Cum
868 3218 1067 3298 itaque
1115 3218 1489 3291 surrexisset,
1526 3227 1683 3280 metu
1715 3228 1773 3280 et
1826 3217 2040 3296 gaudio

2208 3207 2307 3268 ιΓῖ
2362 3207 2621 3274 Ἀναστὰς
2680 3212 2768 3267 οὖν
2825 3209 2987 3290 φόϐου
3045 3211 3131 3269 καὶ
3187 3218 3359 3290 χαρᾶς
3412 3210 3657 3286 ἔμπλεως
3699 3216 3778 3286 τῷ

398 3307 634 3391 plenus,
668 3306 897 3368 accedit
929 3306 998 3367 ad
1026 3306 1563 3386 archiepiscopum,
1598 3317 1655 3370 et
1685 3308 1925 3389 exponit
1954 3308 2040 3368 vi-

2125 3299 2535 3380 ἂρχιεπισκόπῳ
2604 3301 2897 3374 πρόσεισιν,
2960 3301 3046 3357 καὶ
3118 3302 3177 3356 τὸ
3248 3299 3422 3377 ὅραμα
3479 3300 3776 3378 ἐξηγεῖται⁶

398 3397 654 3458 sionem.
692 3395 856 3458 Illius
886 3403 1084 3457 autem
1118 3405 1347 3473 gratum
1378 3414 1687 3457 assensum
1712 3407 2017 3459 assecutus

397 3485 470 3547 ad
501 3503 652 3566 opus
682 3484 1113 3563 aggreditur,et
1136 3485 1472 3565 ut,proutei
1493 3495 1801 3549 ostensum
1829 3487 2041 3567 fuerat,

397 3572 586 3637 aedem
627 3573 850 3636 faceret
884 3574 1278 3654 magniﬁcam,
1316 3594 1448 3637 cum
1484 3576 1814 3655 proximum
1860 3595 2043 3655 mare,

400 3663 554 3744 quod
590 3672 728 3724 tunc
759 3663 964 3745 templi
996 3664 1153 3727 iores
1186 3666 1614 3746 propemodum
1647 3665 1927 3740 alluebat,
1954 3667 2043 3728 la-

396 3752 541 3814 bore
566 3762 624 3815 et
647 3752 876 3833 magnis
898 3754 1238 3835 sumptibus
1261 3754 1584 3830 eifodisset,
1603 3755 1809 3837 templi
1844 3757 1927 3817 sic
1947 3758 2043 3836 ja-

396 3843 478 3904 cit
506 3842 1012 3904 fundamentum:
1062 3844 1214 3905 adeo
1267 3852 1329 3905 ut
1359 3843 1498 3906 huic
1529 3864 1766 3925 quoque
1825 3846 2044 3927 templo

394 3932 893 4012 conveniat,quod
923 3932 1143 3993 dictum
1168 3942 1281 3996 est:
1319 3931 1452 4013 Ipse
1482 3952 1662 4014 super
1695 3936 1876 3996 maria
1901 3936 2043 3997 fun-

395 4020 556 4082 davit
603 4040 762 4096 eam,
793 4020 1059 4082 omnium
1109 4022 1338 4085 scilicet
1368 4024 1590 4103 opifex.
1639 4026 1820 4087 lactis
1850 4034 2042 4088 autem

397 4108 1058 4190 fundamentis,reliqua
1082 4129 1318 4191 quoque
1350 4111 1536 4191 pergit
1558 4114 2043 4196 zediﬁrareMag-

397 4201 600 4259 niﬂcas
622 4204 775 4261 enim
799 4203 1099 4261 columnas
1124 4220 1221 4276 per
1239 4204 1448 4263 seriem
1482 4209 1748 4280 utrinque
1766 4216 2041 4275 stutucns,

399 4285 618 4347 deinde
644 4287 755 4348 alia
786 4286 860 4348 iis
882 4306 1139 4368 superne
1170 4288 1715 4370 imponens,elIecit
1734 4292 2046 4356 inferiores

399 4384 459 4437 et
488 4375 829 4455 superiores
869 4377 1155 4457 porticus.
1190 4377 1421 4441 Deinde
1465 4399 1597 4441 cum
1642 4389 1820 4445 totam
1855 4384 2042 4445 eadem

400 4470 555 4527 omni
577 4483 647 4526 ex
672 4479 829 4540 parte
851 4473 1344 4542 comprehendissi
1364 4474 1641 4532 tsubdiali
1661 4476 2043 4536 di‘ambulato-

2126 3389 2370 3448 κάκείιου
2422 3387 2477 3444 δὲ
2536 3386 2970 3452 συνευδοκοῦντος
3028 3390 3209 3470 τυχὼν
3268 3393 3343 3463 τῷ
3399 3388 3536 3468 ἔργῳ
3593 3391 3777 3445 ἑαυτὸν

2131 3477 2333 3549 δίδωσι,
2365 3480 2453 3535 καὶ
2483 3478 2595 3543 ἵνα,
2619 3479 2752 3550 πρὸς
2809 3481 2868 3534 τὸ
2910 3476 3220 3559 ὁποδειχθὲν
3272 3480 3413 3553 αὒτῷ
3436 3485 3627 3559 σχῆμα
3672 3501 3776 3553 με-

2129 3568 2444 3646 γαλοπρεπῆ
2490 3569 2581 3624 τὸν
2639 3568 2795 3624 οἷκον
2851 3569 3166 3647 ἐργάσηται,
3213 3569 3313 3637 τήν
3360 3567 3633 3646 ἐγγυτάτω
3673 3569 3775 3624 θά-

2128 3658 2332 3714 λασσαν
2384 3658 2530 3730 πόνῳ
2586 3679 2641 3712 τε
2718 3659 2810 3713 καί
2881 3656 3138 3721 δαπάναις
3184 3656 3414 3721 πολλαῖς
3459 3657 3772 3737 ἆναχώσας,

2129 3746 2256 3824 ἄχρι
2302 3747 2420 3804 τότε
2465 3748 2557 3810 τὰς
2616 3756 2709 3805 τοῦ
2763 3748 2904 3824 ἱεροῦ
2948 3747 3105 3824 θύρας
3149 3745 3344 3825 σχεδὸν
3389 3746 3774 3818 ἐπικλύζουσαν

2128 3836 2266 3893 οὕτω
2334 3835 2434 3901 τὴν
2487 3834 2723 3913 κρηπτδα
2767 3842 2859 3892 τοῦ
2927 3840 3051 3893 ναοῦ
3110 3834 3524 3908 καταϐάλλεται,
3572 3838 3645 3899 ὡς
3704 3834 3769 3890 ἂν

2127 3928 2215 3983 καὶ
2261 3925 2453 3998 ἐπὶτῷ
2497 3924 2606 3998 ναῷ
2634 3921 2766 3995 τῷδε
2810 3923 3039 3999 ἁρμόζον
3085 3921 3176 3990 εἴη
3211 3926 3271 3979 τὸ
3330 3924 3630 4003 εἰρημένον·
3666 3926 3768 3980 Αὖ-

2128 4016 2219 4078 τὸς
2275 4014 2358 4070 ἐπὶ
2390 4012 2667 4069 θαλασσῶν
2725 4012 3070 4086 ἐθεμελίωσεν
3128 4012 3317 4086 nutrit,
3350 4016 3378 4069 ὁ
3425 4011 3636 4071 πάντων
3667 4011 3772 4080 δη-

2128 4102 2306 4160 λονότι
2364 4103 2720 4180 Δημιουργὸς.
2788 4103 2934 4158 Μετὰ
2993 4100 3048 4158 δὲ
3077 4103 3176 4169 τὴν
3233 4103 3339 4159 τῶν
3367 4101 3622 4178 θεμελίων
3666 4125 3770 4160 κα-

2127 4191 2386 4265 ταϐολὴν,
2458 4190 2761 4252 ἀκολούθως
2817 4192 2906 4247 καὶ
2960 4192 3026 4247 τὰ
3089 4189 3250 4248 λοιπὰ
3316 4194 3417 4258 τῆς
3486 4191 3771 4266 οἰκοδομῆς

2128 4281 2383 4339 ἐπεδίδου·
2446 4281 2623 4346 κίονας
2687 4282 2786 4358 γὰρ
2856 4278 3169 4359 διαπρεπεῖς
3238 4280 3531 4361 στοιχηδὸν
3584 4282 3770 4338 ἐκατέ-

2128 4374 2291 4450 ρωθεν
2351 4371 2572 4442 στήσος,
2608 4382 2728 4425 εϊτα
2779 4370 2985 4432 τούτοις
3041 4368 3233 4433 ἄλλους
3285 4369 3393 4425 ἅνω
3423 4373 3640 4443 ἐπιθεὶς,
3678 4371 3771 4433 τὰς

2129 4461 2186 4515 τέ
2255 4459 2403 4514 κάτω
2460 4460 2641 4526 στοὰς,
2689 4459 2777 4514 καὶ
2849 4460 2941 4522 τὰς
3020 4458 3400 4537 ὕπερκειμὲνας
3465 4460 3767 4539 εἰργάσατο,

401 4550 592 4617 rio.ita
614 4527 833 4613 tectum
860 4527 1401 4631 imponitnnaximis
1422 4556 1480 4617 id
1505 4557 1850 4638 complexus
1865 4558 2037 4622 trabi-

2130 4553 2263 4606 Εἶτα
2319 4544 2583 4603 διαλαϐὼν
2632 4548 2898 4624 ὑπαίθροις
2928 4549 3020 4605 τὸν
3069 4549 3224 4604 οἶκον
3268 4551 3624 4629 πανταχόθεν,
3673 4548 3768 4607 οὕ-

399 4639 535 4702 bus.
562 4639 674 4712 Qui
700 4650 895 4704 autem
921 4641 1137 4703 dixerit
1164 4642 1484 4724 quispiam,
1518 4665 1696 4726 quam
1721 4646 1838 4708 sint
1865 4648 2038 4711 validi

399 4729 679 4820 parietes,
713 4748 886 4820 quam
941 4734 1015 4792 sit
1058 4750 1356 4794 amcenum
1409 4741 2040 4820 pavimentum,.quam

401 4816 521 4879 sint
551 4818 666 4879 alia
688 4818 893 4881 omnia
921 4829 1450 4895 ornata,accurata,
1476 4832 1533 4884 et
1556 4816 2040 4905 elegantia?—Nam

403 4906 767 4989 ubicumque
790 4909 1081 4991 quispiam
1110 4910 1343 4972 oculum
1369 4911 1662 4991 deﬁxerit,
1696 4916 2045 4981 existimans

405 5015 469 5059 se
491 4996 794 5059 immorari
818 4999 878 5059 in
904 4999 1162 5080 eo.quod
1190 5010 1278 5062 est
1300 5001 1793 5082 pulcherrimum,
1822 5006 2045 5070 deinde

406 5105 615 5149 rursus
664 5087 819 5149 aliud
880 5088 1245 5151 attenderit:
1308 5109 1442 5152 eum
1496 5092 1803 5171 paenitebit
1835 5115 2037 5172 morm,

391 5194 569 5258 quam
604 5176 663 5236 in
693 5177 888 5256 priore
946 5180 1224 5240 traxerit:
1267 5189 1323 5241 et
1352 5186 1436 5241 sic
1470 5183 1669 5243 omnia
1715 5185 2043 5265 pervadens

390 5266 676 5338 inveniet,
709 5283 840 5328 curn
866 5285 1106 5348 semper
1132 5268 1215 5349 id,
1250 5270 1404 5350 quod
1442 5273 2043 5351 praecessit,videatur

390 5356 543 5418 vinci
575 5354 648 5417 ab
682 5374 752 5416 eo
781 5356 937 5437 quod
985 5358 1177 5422 adest.
1213 5357 1558 5438 Cujusmodi
1589 5370 1785 5427 autem
1830 5364 2040 5425 invasit

394 5464 632 5525 quoque
674 5444 927 5520 daemon,
978 5446 1091 5508 hoc
1141 5448 1486 5527 praeclarum
1543 5470 1691 5530 opus
1750 5452 2039 5531 impedire

392 5533 746 5609 aggrediens
771 5532 796 5595 ἲ
820 5532 964 5597 Nam
991 5553 1126 5598 cum
1152 5536 1286 5598 dua:
1311 5557 1537 5617 magna;
1559 5540 1875 5616 columnae,
1910 5560 2041 5622 quae

394 5627 624 5684 statutae
656 5631 825 5685 erant
853 5633 988 5687 ante
1022 5643 1185 5687 aram
1216 5629 1637 5706 venerandam,
1670 5631 1789 5708 jam
1842 5639 2041 5693 essent

2121 4661 2197 4696 τω
2267 4638 2363 4705 τὴν
2437 4637 2635 4712 ὀροφὴν
2680 4636 2968 4707 ἐπιτίθησι,
3032 4636 3204 4701 ξύλοις
3262 4639 3422 4706 αὒτὴν
3494 4640 3768 4717 μεγίστοις

2122 4724 2442 4808 περιλαϐὼν,
2476 4728 2562 4781 γαὶ
2616 4723 2863 4800 μολύϐδῳ
2920 4724 3186 4801 καλύψας.
3249 4728 3308 4784 Τί
3364 4726 3424 4782 ἄν
3483 4748 3563 4789 τις
3621 4726 3772 4784 εἴποι

2125 4819 2242 4897 περὶ
2290 4822 2386 4883 τῆς
2417 4820 2522 4870 τῶν
2580 4815 2784 4893 τοίχων
2814 4813 3185 4892 στερρότητος,
3219 4816 3335 4893 περὶ
3392 4821 3490 4882 τῆς
3522 4825 3613 4877 τοῦ
3656 4813 3769 4872 ἐδίη

2127 4930 2251 4987 epos;
2307 4905 2690 4983 τερπνότητος,
2725 4905 2842 4981 περὶ
2886 4903 2982 4971 τῆς
3040 4910 3144 4959 τῶν
3205 4903 3379 4960 ἄλλων
3423 4905 3634 4961 πάντων
3679 4908 3770 4962 εθ-

2125 4996 2350 5071 κοσμίας
2408 4991 2651 5072 ἀκριϐοῦς
2702 4995 2790 5050 καὶ
2846 4993 2985 5071 ὥρας
3024 5009 3040 5067 ;
3099 4994 3262 5051 Ἔνθα
3309 4994 3408 5074 γὰρ
3450 4993 3511 5052 ἄν
3554 5017 3635 5060 τις
3680 4997 3771 5051 τὸν

2125 5084 2395 5164 ὀφθαλμὸν
2453 5083 2665 5159 ἐρείσας
2710 5085 3039 5162 προσμείνοι,
3083 5089 3152 5160 τῇ
3200 5082 3464 5158 καλλίστῳ
3512 5085 3770 5162 προσχεῖ-

2126 5178 2241 5232 σθαι
2316 5172 2505 5245 δοκῶν,
2567 5172 2691 5229 εἶτα
2760 5171 2920 5227 πάλιν
2994 5170 3157 5250 ἑτέρῳ
3213 5174 3543 5252 προτχοίη”
3595 5194 3765 5249 μετα-

2127 5263 2350 5340 μελήσει
2458 5265 2628 5335 τούτῳ
2708 5266 2806 5328 τῆς
2911 5260 3167 5339 προτέρας
3268 5258 3540 5339 διατριϐῆς
3579 5310 3594 5335 ,
3680 5263 3773 5318 καὶ

2125 5354 2262 5411 οὕνω
2323 5350 2407 5408 διὰ
2461 5352 2673 5408 πάντων
2732 5350 2894 5407 ἐπιὼν
2954 5352 3196 5429 εὑρήσει,
3258 5373 3351 5408 του
3407 5349 3766 5431 προλαϐόντος

2122 5443 2202 5499 ἀεί
2305 5463 2435 5498 ποτε
2518 5444 2756 5496 νικᾶσθαι
2859 5438 3178 5519 φαινομένου
3260 5447 3337 5514 τῷ
3438 5447 3764 5511 παρεστῶτι.

2124 5537 2253 5594 Οἷος
2310 5529 2363 5586 δὲ
2436 5530 2522 5586 καὶ
2592 5529 2619 5584 ὃ
2692 5526 2891 5603 δαίμων
2977 5526 3173 5594 ἐπῆλθε
3235 5536 3309 5603 τῷ
3377 5527 3527 5602 καλῷ
3597 5529 3769 5602 τούτῳ

2122 5624 2264 5703 ἔργῳ
2320 5616 2619 5696 ἐμποδίζειν
2651 5614 2978 5698 ἐπιχειρωνε
3043 5620 3158 5674 Τῶν
3189 5619 3290 5698 γὰρ
3333 5617 3581 5697 μεγᾶλων
3637 5618 3767 5676 τού-
