4062 6194
311 296 435 365 445

1355 295 1541 362 VITA
1589 296 1651 360 S.
1698 294 2085 361 MARCIANI
2141 294 2642 359 PRESBYTERI.

3578 280 3697 355 446

310 458 427 495 των
483 435 576 495 δύο
616 434 811 494 κιόνων
865 439 975 493 τῶν
1030 433 1227 492 σεπτοῧ
1268 435 1620 513 προεστώτων
1676 437 1959 502 θυσιαστη-

2059 431 2381 511 erigendaa,
2416 435 2599 496 altera
2620 452 2690 496 ex
2721 431 2796 495 iis
2821 430 3095 495 manibus
3121 429 3433 495 hominum
3457 424 3559 491 diu
3581 445 3689 510 pa-

311 528 432 606 ρίου
491 527 776 595 ἀνεστῆναι
824 523 929 593 ἤδη
988 522 1317 600 μελλόντων,
1376 522 1553 600 ἔτερος
1612 526 1786 583 αὐτῶν
1843 525 1968 581 ἐπι-

310 616 456 675 πο)ὺ
510 630 631 683 ταῖς
692 616 879 696 χερσὶν
934 615 1165 687 ἠπείθει,
1209 614 1298 670 καὶ
1353 611 1684 693 δυσκάτοχος
1735 614 1823 684 ἢν,
1882 615 1970 673 καὶ

309 712 418 773 τῆς
480 707 806 784 εὖπρμόστου
856 704 1093 768 στάσεως
1140 703 1523 781 παρετρέπετο,
1568 701 1634 759 τοὶ
1658 724 1713 759 τε
1771 703 1968 781 ὄργανα

310 800 564 877 συνεχῶς
620 792 979 873 διεῤῥῆγνυτο,
1013 793 1253 853 καὶτοῖς
1309 792 1442 869 πρὸς
1479 797 1633 848 τοῦτο
1689 790 1970 850 διαγονου-

310 885 500 959 μένοις
558 885 838 959 ἀπέκαμεν
892 884 928 951 ἡ
983 880 1214 952 σπουδή.
1260 879 1422 945 Τέλος
1495 884 1583 939 οὖν
1657 884 1968 960 συμφρονή-

308 994 508 1039 σαντες
562 975 657 1031 καί
690 973 847 1029 οἱονεὶ
906 972 1005 1035 τὴν
1064 970 1251 1050 πραξιν
1279 971 1738 1049 ἀπαγορεύσαντες
1782 971 1966 1028 ἀπίασι

309 1064 452 1141 πρὸς
497 1065 585 1120 τὸν
645 1063 826 1141 ἅγιον,
858 1061 954 1118 καί
1001 1062 1066 1118 τὸ
1114 1062 1334 1139 γεγονὸς
1395 1060 1842 1140 ἀπαγγέλλουσιν.
1908 1050 1965 1118 Ὀ

310 1151 373 1208 δὲ
431 1155 528 1211 οὐκ
587 1151 725 1230 ἔγνω
778 1151 1001 1229 ῥᾳθυμίᾳ
1053 1152 1363 1228 προσέγειν,
1421 1148 1539 1207 οὔτε
1597 1150 1694 1225 μὲν
1751 1149 1968 1228 ἀπέγνω

305 1242 411 1309 τὴν
467 1242 747 1320 θεραπείαν
774 1287 792 1315 ,
847 1239 1091 1312 ἀσθενείᾳ
1167 1239 1439 1317 λογισμῶν
1494 1261 1552 1296 τε
1610 1240 1699 1296 καὶ
1765 1246 1967 1319 χειρῶν

306 1330 655 1409 ἇνθρωπίνῶν
685 1326 978 1403 ἐμϐλέψας
1029 1327 1169 1385 ἀλλά
1224 1335 1291 1405 τῇ
1321 1330 1453 1406 πρὸς
1516 1328 1647 1384 Θεὸν
1679 1327 1846 1385 ὲλπιδι
1905 1330 1968 1385 τὸ

306 1426 420 1477 πᾶν
475 1419 791 1497 ἐπιτρέψας,
854 1417 940 1474 ἐπὶ
997 1419 1089 1474 τὸν
1132 1425 1298 1475 τόπον
1355 1417 1557 1497 ἐφοίτα.
1627 1420 1724 1475 Καὶ
1780 1423 1968 1496 πρῶτα

306 1510 413 1584 μὲν
459 1509 551 1571 τάς
609 1522 807 1588 χεῖρας
863 1508 1097 1568 ἐκτείνας
1158 1508 1250 1563 καί
1290 1505 1414 1564 ὅλον
1456 1507 1642 1564 ἑαυτὸν
1697 1510 1964 1570 συντείνας

308 1601 386 1663 εἷς
443 1599 778 1679 προσευχὴν,
814 1599 905 1654 τὸν
967 1621 1019 1655 τε
1048 1603 1142 1655 τοῦ
1198 1608 1422 1672 σταυροῦ
1462 1599 1625 1656 τύποι
1686 1597 1964 1674 ἐπισημή-

306 1710 431 1763 νας,
495 1693 576 1762 τῷ
649 1694 755 1744 τῶν
815 1685 1165 1762 ἒμποδισμῶν
1233 1688 1386 1761 αἰτίῳ
1441 1686 1648 1762 δαίμονι
1716 1688 1959 1763 ἐπετίμα·

2052 540 2190 584 rere
2222 523 2431 593 noluit,
2462 524 2675 604 vixque
2705 523 3000 586 contineri
3045 530 3296 604 poterat,
3351 527 3411 582 et
3456 538 3487 581 a
3536 526 3690 581 statu

2053 613 2350 673 concinno
2381 612 2732 686 divertebat,
2778 621 2838 674 et
2868 612 3267 673 instrumenta
3316 609 3695 671 continenter

2052 701 2548 782 dirumpebantur
2582 724 2594 762 :
2628 702 2843 784 iisque,
2876 701 2975 783 qui
3020 700 3092 761 ad
3143 700 3258 762 hoc
3305 698 3694 760 administra-

2055 791 2219 866 bant,
2256 790 2571 871 defatigata
2595 794 2718 872 jam
2753 801 2878 853 erat
2908 790 3222 853 industria.
3247 787 3512 851 Tandem
3550 807 3684 849 cum

2053 877 2181 940 ﬁeri
2233 898 2411 961 posse
2456 882 2635 944 veluti
2688 883 3132 963 desperassent,
3167 880 3238 941 ad
3270 886 3538 939 sanctum
3571 896 3692 938 uno

2050 984 2343 1030 consensu
2376 970 2686 1048 accedunt,
2723 981 2782 1033 et
2813 970 2893 1042 id,
2927 970 3082 1051 quod
3110 968 3324 1030 factum
3351 966 3561 1041 fuerat,
3585 984 3686 1027 re—

2053 1060 2353 1120 nuntiant.
2411 1059 2466 1121 Is
2518 1068 2712 1122 autem
2744 1080 2861 1123 non
2893 1063 3097 1121 statuit
3125 1076 3190 1119 se
3220 1056 3442 1119 debere
3470 1054 3593 1118 otio
3627 1063 3687 1115 et

2050 1148 2370 1209 socordiae.
2426 1150 2637 1229 Neque
2692 1168 2831 1211 vero
2886 1148 3175 1212 afferendi
3206 1144 3460 1209 remedii
3513 1162 3681 1224 spem

2048 1234 2291 1315 objecit,
2328 1237 2666 1319 respiciens
2686 1238 3156 1303 imbecillitatem
3182 1236 3599 1317 cogitationum
3627 1241 3687 1294 et

2050 1342 2329 1388 manuum
2366 1328 2756 1390 humanarum
2795 1345 2807 1391 ε
2843 1328 2945 1390 sed
2979 1327 3107 1408 spei
3141 1333 3198 1387 in
3233 1326 3417 1387 Deum
3441 1323 3684 1385 univer-

2047 1431 2176 1477 sum
2229 1416 2602 1494 permittens,
2654 1418 2815 1479 venit
2863 1417 2936 1479 ad
2968 1417 3187 1478 locum.
3224 1415 3291 1477 Et
3323 1432 3454 1476 cum
3490 1412 3681 1494 primo

2049 1519 2259 1566 manus
2289 1506 2673 1579 extendisset,
2701 1516 2758 1569 et
2774 1525 2840 1569 se
2867 1515 3050 1568 totum
3075 1504 3424 1567 contulisset
3445 1503 3515 1564 ad
3538 1519 3683 1583 pre-

2046 1590 2368 1669 cationem,
2404 1603 2459 1656 et
2495 1595 2742 1674 ﬁguram
2775 1597 2973 1657 crucis
3001 1595 3319 1673 signasset,
3354 1590 3684 1671 increpavit

2046 1677 2406 1760 diemonem,
2439 1685 2538 1764 qui
2572 1693 2699 1746 erat
2730 1703 2906 1747 causa
2928 1682 3336 1765 impedimenti
3363 1700 3378 1744 :
3408 1680 3678 1749 inimice,

303 1775 531 1856 Ἐχθρὲ,
594 1777 789 1855 Λέγων,
841 1779 1038 1842 παντὸς
1068 1777 1268 1854 ἀγαθοῦ
1321 1776 1574 1851 πολέμιε,
1606 1786 1802 1836 παὸσαι
1856 1779 1958 1855 βα-

2046 1768 2274 1845 dicens,
2309 1780 2366 1833 et
2395 1773 2581 1835 hostis
2612 1773 2807 1837 omnis
2837 1773 3001 1848 boni,
3026 1793 3192 1836 cessa
3221 1772 3490 1834 invidere
3521 1777 3579 1831 et
3610 1788 3679 1830 ea

308 1867 567 1946 mlvwv,
597 1868 686 1923 καὶ
742 1879 860 1930 τοῖς
894 1868 1026 1945 πρὸς
1070 1864 1221 1932 δόξαν
1253 1873 1386 1923 Θεοῦ
1436 1867 1735 1944 γινομένοις
1778 1866 1955 1943 ἔμπο-

304 1953 459 2027 ὂίζων
503 1955 608 2013 ἀεί.
668 1955 899 2014 Ἔπειτα
925 1958 1015 2012 καὶ
1075 1958 1231 2022 αὐτὸς
1260 1963 1354 2014 τοῦ
1402 1955 1556 2035 ἔργου
1612 1970 1731 2020 τοῖς
1771 1956 1954 2023 ἀλλοις

302 2046 747 2122 συνεφαψάμενος
778 2092 795 2125 ,
867 2046 1051 2125 χερσὶν
1135 2043 1239 2113 ἤδη
1325 2047 1672 2124 γεγηρακίαις
1746 2045 1955 2115 πολλὴν

301 2131 473 2190 ἐδωιιε
503 2135 602 2200 τὴν
630 2134 826 2211 ῥοπὴν,
858 2137 920 2191 εκ
965 2141 1057 2192 τοῦ
1086 2138 1388 2208 πνεύματος
1449 2134 1658 2210 μᾶλλον
1686 2137 1859 2194 εἰπεῖν
1915 2137 1951 2205 ἢ

303 2222 400 2280 τοῦ
458 2224 738 2297 σώματος’
795 2225 885 2281 καὶ
936 2226 971 2292 ἡ
1036 2225 1213 2289 σνάσις
1285 2224 1473 2290 εὖθέως
1530 2223 1805 2300 ὲνδόσιμος
1862 2227 1950 2301 ἦν,

300 2314 396 2369 καὶ
445 2326 573 2374 ταῖς
626 2314 811 2393 χερσὶν
882 2314 1127 2377 εἴχουσα,
1191 2314 1479 2385 Πρόκειται
1549 2321 1644 2372 τοῦ
1691 2314 1955 2389 θαύματός

303 2399 438 2481 ἄχρι
496 2403 584 2459 καὶ
613 2409 703 2458 νῦν
846 2401 1079 2474 δήλωσις
1122 2410 1199 2476 τῷ
1240 2403 1375 2461 κίονι
1422 2404 1815 2483 ὶπιφαινομένη
1870 2402 1955 2463 διὰ

302 2491 405 2558 τῆς
462 2489 644 2569 ὀλίγον
685 2514 735 2547 τι
800 2499 892 2548 τοῦ
952 2490 1059 2549 λίαι
1123 2494 1274 2571 ὀρθοῦ
1332 2491 1753 2572 παρεκχλίσεως·
1801 2494 1952 2551 κίονα

300 2577 361 2635 δὲ
404 2582 594 2637 τοῦτόν
651 2602 826 2661 φαμεν
882 2581 939 2646 ὃς
981 2580 1033 2645 ἐξ
1089 2580 1376 2659 ἀριστερῶν
1431 2589 1527 2640 τοῦ
1567 2584 1708 2661 ἱεροῦ
1762 2587 1947 2640 θυσια-

298 2670 521 2747 στηρίου
550 2677 658 2726 τῶν
687 2669 933 2749 ὁρώντων
964 2672 1095 2748 πρὸς
1126 2670 1390 2735 ἀνατολὰς
1430 2670 1662 2749 ’ἵδρυται⁸

384 2758 473 2816 1Δ⁹
559 2758 713 2815 Ἀλλ“
836 2766 859 2777 '
972 2759 997 2779 ”
1198 2761 1214 2782 ‘
1346 2767 1368 2777 '
1812 2762 1823 2782 ’

483 2807 496 2821 .
693 2781 727 2816 α
782 2782 898 2825 πως
966 2782 1065 2838 αρα
1129 2782 1217 2817 και
1281 2782 1372 2818 του
1434 2765 1948 2826 κατασκευασθεντος

299 2851 446 2922 αὐτῷ
494 2847 776 2924 παγκάλου
819 2849 1204 2929 φωτιστηρίου,
1235 2849 1264 2905 ’ὁ
1306 2848 1370 2920 δή
1422 2852 1510 2906 καὶ
1567 2851 1951 2930 βαπτιστήριον

297 2935 493 2993 καλεῖν
551 2938 833 3012 εἰώθαμεν,
866 2935 934 2994 δι’
966 2936 1149 3016 ὀλίγου
1198 2960 1279 3003 τις
1310 2938 1560 3018 ἐκφράσοι
1593 2941 1692 3003 τὴν
1740 2940 1949 2998 καλλο-

299 3025 424 3105 νήν,
472 3023 680 3092 πολλὴν
736 3027 1067 3107 προχέοντος
1113 3028 1250 3103 μετά
1303 3031 1568 3096 θαύματος
1614 3043 1733 3097 τοϊς
1790 3033 1949 3110 δρῶσι

2041 1859 2361 1940 impedire,
2397 1881 2531 1944 quas
2563 1865 2710 1925 ﬁunt
2740 1864 2812 1926 ad
2847 1865 2953 1927 Dei
2983 1863 3256 1943 gloriam.
3292 1860 3519 1924 Deinde
3550 1862 3679 1939 ipse

2039 1967 2276 2030 quoque
2306 1970 2439 2013 cum
2471 1953 2626 2029 aliis,
2659 1953 2931 2016 manibus
2951 1954 3074 2034 jam
3109 1951 3237 2014 seni
3257 1950 3501 2019 affectis,
3529 1966 3679 2028 opus

2038 2056 2157 2099 una
2212 2041 2527 2124 attingens,
2591 2062 2866 2123 magnum
2925 2044 3119 2106 attulit
3180 2047 3573 2114 momentum,
3610 2056 3678 2097 ex

2038 2128 2251 2207 spiritu
2286 2130 2503 2209 potius,
2540 2140 2606 2194 ut
2633 2131 2713 2194 ita
2744 2132 2960 2209 dicam,
2990 2150 3167 2213 quam
3204 2149 3273 2192 ex
3305 2145 3558 2209 corpore
3586 2134 3681 2189 :et

2039 2218 2311 2296 protinus
2363 2225 2582 2284 moveri
2639 2221 2819 2302 capit
2846 2222 3143 2284 columnas
3170 2229 3376 2288 status,
3410 2226 3468 2278 et
3496 2215 3675 2279 cessit

2040 2306 2338 2372 manibus.
2395 2310 2661 2392 Apparet
2715 2322 2913 2374 autem
2977 2314 3036 2373 in
3094 2310 3448 2373 hodiernum
3483 2325 3673 2386 usque

2036 2394 2195 2457 diem
2228 2396 2287 2459 in
2320 2400 2597 2462 columna
2624 2401 2977 2464 miraculum
3009 2419 3117 2481 per
3141 2401 3255 2462 hoc
3274 2396 3430 2479 quod
3456 2414 3490 2457 a
3511 2404 3675 2458 recto

2038 2486 2342 2564 paululum
2396 2489 2810 2554 declinaverit.
2842 2491 3009 2555 Hanc
3053 2499 3249 2552 autem
3284 2487 3538 2548 dicimus
3566 2503 3674 2546 co-

2034 2573 2322 2651 lumnam,
2356 2597 2488 2659 quae
2517 2579 2704 2659 posita
2734 2588 2824 2641 est
2866 2599 2901 2642 a
2954 2577 3212 2641 sinistris
3242 2593 3361 2638 ara:
3388 2592 3574 2636 sacrae
3604 2574 3676 2635 iis

2036 2663 2134 2744 qui
2164 2665 2461 2744 aspiciunt
2493 2668 2562 2729 ad
2599 2668 2918 2733 orientem.

2114 2753 2268 2819 XIV.
2314 2756 2429 2820 Sed
2476 2758 2773 2838 quomodo
2808 2757 3194 2840 pulcherrimi
3229 2772 3466 2838 quoque
3493 2753 3567 2816 ab
3598 2773 3670 2816 eo

2034 2846 2360 2907 constructi
2423 2846 2857 2923 illuminatorii,
2919 2847 3077 2929 quod
3131 2846 3373 2927 quidem
3407 2844 3673 2905 solemus

2034 2951 2253 2994 vocare
2283 2933 2723 3015 baptisterium,
2761 2937 2962 3018 paucis
2994 2936 3293 3018 explicare
3323 2933 3455 3015 quis
3487 2933 3673 3015 possit

2032 3021 2736 3106 pulchritudinem,quod
2758 3026 3097 3088 videntibus
3117 3043 3251 3088 cum
3275 3023 3674 3087 admiratione

294 3114 398 3179 τὴν
455 3112 707 3191 ἡδονήν;
782 3115 946 3173 Πέντε
1019 3116 1120 3213 γὰρ
1177 3113 1480 3184 διείληπται
1552 3131 1672 3183 ταῖς
1734 3134 1946 3197 στοαῖς,

2046 3129 2306 3213 magnam
2343 3114 2646 3213 profundit
2691 3116 3049 3213 voluptatem
3073 3121 3101 3179 ?
3151 3112 3668 3213 .Comprehensum

297 3203 481 3279 ὥσπερ
539 3204 640 3281 ἄρα
707 3205 793 3262 ιιαί
857 3207 957 3272 τὴν
1021 3199 1374 3282 Ἰερουσαλὴμ
1430 3207 1760 3285 προϐατιχὴν
1820 3232 1948 3287 φασι

2046 3207 2191 3263 enim
2242 3210 2332 3264 est
2361 3221 2394 3264 a
2424 3205 2685 3285 quinque
2733 3204 3082 3285 porticibus,
3117 3202 3273 3266 sicut
3303 3200 3666 3284 probaticam

298 3290 695 3370 κολυμϐήθραν·
757 3292 878 3350 ἀλλ’
952 3294 1172 3352 ἐνταῦθα
1227 3300 1313 3352 καὶ
1388 3300 1553 3372 μείζω
1622 3322 1714 3372 μοι
1798 3299 1949 3358 δοκεῖ

2046 3308 2268 3371 ιιιοιιυο
2288 3292 2449 3355 aiunt
2477 3293 2788 3373 piscinam,
2813 3313 2945 3377 qua:
2966 3302 3055 3356 est
3076 3298 3135 3355 in
3158 3290 3517 3355 Jerusalem.
3550 3289 3667 3353 Sed

299 3380 509 3457 μᾶλλον
578 3382 614 3451 ἢ
656 3382 775 3440 ἐκεῖ
815 3385 1080 3441 τελεῖσθα·
1158 3386 1224 3442 τὰ
1279 3387 1542 3462 θαύματα.
1621 3388 1715 3446 Ἐν
1771 3389 1945 3468 ἐκείνῃ

2046 3379 2125 3441 lic
2155 3398 2392 3461 quoque
2417 3382 2665 3461 majora,
2685 3402 2862 3464 quam
2890 3383 3320 3459 illic,videntur
3342 3381 3470 3444 ﬁeri
3489 3380 3662 3442 mira-

296 3473 396 3547 μέν
455 3472 555 3548 γὰρ
599 3473 889 3535 ὶπιφοινῶν
947 3472 1176 3551 ἅγγελος
1240 3477 1331 3555 ἦν,
1367 3479 1454 3533 καὶ
1506 3478 1643 3534 κατά
1697 3477 1831 3553 μίαν
1875 3467 1946 3546 εἷς

2046 3467 2180 3532 :ula.
2209 3471 2354 3532 Nam
2382 3471 2441 3531 in
2465 3471 2566 3534 illa
2585 3474 2826 3553 quidem
2851 3482 2979 3536 erat
2999 3474 3100 3556 qui
3131 3472 3453 3536 accedebat
3474 3487 3661 3547 ange-

293 3558 506 3634 ἡμέραν
558 3564 656 3626 τῆς
701 3561 892 3625 ἰάσεως
947 3561 1271 3636 ἀξιούμενος
1325 3564 1543 3623 ἐνταῦθα
1602 3564 1654 3623 δὲ
1700 3570 1762 3625 οὗ
1819 3567 1943 3629 δοῦ-

2054 3567 2217 3627 us,et
2239 3578 2357 3620 uno
2379 3560 2478 3623 die
2503 3580 2656 3622 unus
2682 3564 3112 3644 assequebatur
3132 3563 3528 3625 curationem.
3554 3557 3664 3621 Hic
3698 3582 3704 3588 ’

292 3646 385 3711 ὶός
432 3649 574 3705 ἐστιν
634 3652 663 3706 ὁ
719 3648 1154 3733 διακονούμενος,
1200 3652 1339 3710 ἀλλά
1402 3657 1706 3725 Δεσποτικὴ
1767 3658 1864 3733 μὲν
1909 3662 1943 3728 ἡ

2046 3653 2225 3709 tutem
2283 3668 2402 3710 non
2456 3660 2543 3711 cst
2571 3669 2776 3713 servus
2807 3658 2907 3728 qui
2940 3653 3259 3727 ministrat,
3295 3650 3398 3712 sed
3430 3649 3668 3712 advenit

292 3737 653 3815 ἐπιφοίτησις,
719 3730 781 3795 Ἠ
813 3740 867 3796 δέ
926 3760 987 3818 γε
1042 3741 1188 3804 ἴασις
1249 3742 1309 3798 ού
1357 3744 1493 3800 κατά
1535 3744 1659 3818 μίαν
1718 3730 1940 3826 ἡμέραν,

2046 3737 2269 3812 [uidem
2316 3737 2626 3803 Dominus.
2660 3739 2891 3803 Curatio
2921 3751 3116 3805 autem
3147 3760 3266 3801 non
3298 3757 3418 3801 uno
3450 3739 3511 3801 ﬁt
3540 3737 3660 3811 die.

291 3826 433 3883 ἀλλά
488 3828 753 3907 συνεχῶς
787 3829 875 3885 καὶ
931 3830 983 3885 αἱ
1039 3833 1316 3907 θεραπεῖαι
1360 3834 1456 3889 οὒκ
1503 3834 1577 3897 εἷς
1608 3834 1698 3890 ἕνα
1754 3837 1938 3916 μόνον,

2046 3826 2130 3887 :ed
2161 3827 2401 3889 assidue
2435 3846 2448 3890 :
2485 3838 2545 3890 et
2573 3849 2691 3892 non
2734 3831 2926 3892 solum
2958 3848 3298 3911 corporum,
3349 3828 3454 3890 sed
3486 3826 3661 3888 etiam

291 3915 432 3973 ἀλλά
462 3918 552 3973 καὶ
608 3919 683 3981 εἷς
739 3917 991 3982 πολλούς’
1036 3926 1122 3977 καί
1180 3924 1239 3980 οὗ
1267 3923 1534 3997 σωμάτων
1589 3923 1770 3999 μόνος,
1805 3915 1943 3985 ἀλλᾶ

2046 3925 2231 3995 iperte
2256 3916 2612 3980 animarum.
2641 3920 2917 3983 Ostendit
2940 3928 3135 3982 autem
3158 3918 3395 3981 divinus
3417 3916 3667 3981 Marcia-

290 4008 381 4063 καὶ
440 4010 637 4086 ψυχῶν
695 4006 955 4083 ἄντικρυς.
1022 4007 1233 4066 Ἔδειλε
1269 4008 1326 4067 δὲ
1383 4014 1687 4088 Μαρκιανὸς
1718 4016 1745 4069 ὁ
1800 4020 1941 4080 θεῖος

2046 4023 2138 4066 ius
2190 4006 2299 4068 hac
2327 4026 2564 4088 quoque
2596 4010 2782 4085 ﬁgura
2814 4009 3172 4089 baptisterii,
3209 4026 3276 4072 se
3322 4008 3664 4070 universum

291 4098 381 4151 καὶ
424 4102 502 4168 τῷ
531 4097 649 4166 περὶ
682 4097 739 4151 τὸ
781 4096 1166 4175 βαπτιστῆριον
1200 4106 1354 4156 τοῦτο
1385 4103 1657 4182 σχήματι,
1691 4101 1771 4159 ὅτι
1809 4106 1940 4182 πρὸς

2046 4094 2238 4156 οοὶεεθ
2267 4096 2342 4157 ad
2370 4096 2619 4158 fortnam
2647 4098 2845 4177 hujus,
2881 4116 3010 4180 qua;
3032 4116 3311 4161 sermone
3327 4094 3667 4158 celebratur

289 4185 453 4241 τύπον
511 4183 679 4242 ἐποίει
735 4187 797 4242 τὸ
851 4192 957 4243 πᾶν
1001 4191 1096 4256 τῆς
1138 4188 1529 4265 θρυλλουμένης
1586 4193 1783 4260 ταύτης
1840 4216 1935 4250 κο·

2046 4183 2287 4245 iiscinas.
2318 4186 2460 4247 Cum
2494 4187 2653 4248 enim
2684 4196 2903 4249 tectum
2934 4188 3111 4250 tholis
3131 4187 3451 4262 divisisset,
3476 4195 3535 4247 et
3554 4204 3663 4247 au-

290 4273 627 4351 λυμϐήθρας.
667 4276 768 4342 Ϊήν
813 4276 914 4352 γὰρ
957 4277 1155 4355 ὸροφτμ
1206 4276 1381 4342 θέλοις
1440 4283 1817 4359 Ααταμερίσας,
1851 4285 1938 4340 καὶ

2046 4273 2141 4333 ὀἰδ
2170 4272 2388 4354 lapillis
2420 4269 2793 4357 quaecunque
2851 4288 3021 4339 erant
3071 4277 3231 4339 illius
3281 4283 3575 4350 ornasset,
3609 4283 3668 4337 et

288 4376 524 4442 War:
582 4368 786 4444 ψηφϊσι
816 4366 881 4420 τά
915 4365 1123 4432 ἐκείνης
1168 4367 1340 4425 πάντα
1375 4369 1674 4444 κοσμήσας,
1707 4373 1775 4428 τὰ
1831 4373 1938 4430 τῶν

2046 4369 2374 4441 egrotorum
2407 4365 2625 4444 ﬁguras
2655 4366 3061 4447 descripsitad
3086 4385 3365 4445 unguem,
3391 4374 3448 4426 et
3470 4366 3662 4446 ipsum

287 4452 584 4510 νοσούντων
628 4475 685 4509 τε
740 4456 871 4530 πρὸς
938 4457 999 4510 τὸ
1057 4454 1268 4534 ἀκριϐὲς
1321 4458 1593 4537 ὑπέγραψε
1646 4462 1932 4540 σχήματα,

2046 4452 2196 4513 etiam
2231 4450 2526 4516 Christum
2555 4464 2805 4534 aegrotos
2835 4466 3139 4518 curantem
3179 4477 3191 4514 :
3229 4467 3290 4517 ut
3319 4474 3435 4517 non
3465 4454 3659 4516 solum

783 4518 793 4530 .
1129 4518 1139 4534 .
1253 4518 1266 4523 -
1436 4518 1470 4537 ..
1540 4518 1551 4535 .
1682 4518 1720 4540 η,
1749 4518 1777 4536 ι.
1914 4518 1932 4537 1

287 4543 421 4617 πρὸς
475 4540 530 4598 δὲ
584 4543 671 4599 καὶ
720 4545 943 4620 Χριστὸν
995 4546 1116 4607 τοὺς
1178 4546 1527 4613 ἀσθενοῦντας
1560 4549 1809 4623 ἰώμενον,
1843 4551 1937 4607 ’ίνα

2046 4560 2125 4602 :os
2156 4542 2256 4622 qui
2288 4542 2580 4617 laborant,
2605 4518 2723 4606 sed
2759 4545 3056 4606 medicum
3089 4564 3330 4626 quoque
3356 4545 3558 4606 videre
3587 4544 3663 4604 li-

286 4632 368 4705 μὴ
410 4632 537 4696 τοὺς
601 4634 879 4693 νοσοῦντας
940 4634 1125 4707 μόνον,
1158 4634 1297 4691 ἀλλὰ
1347 4638 1435 4693 καὶ
1487 4639 1579 4694 τὸν
1608 4640 1788 4717 ἰατρὸν
1844 4640 1939 4708 Eii;

2046 4639 2171 4694 :eat.
2208 4632 2511 4713 Optimum
2545 4642 2739 4695 autem
2774 4634 2974 4715 fuerit,
3031 4653 3148 4698 non
3192 4636 3272 4698 ita
3301 4634 3471 4696 valde
3503 4634 3663 4696 indi-

286 4723 537 4799 κιθορᾷν,
584 4718 743 4779 Οὒδὲν
787 4721 843 4776 δὲ
887 4722 1008 4779 οἷον
1067 4734 1160 4783 τοῦ
1220 4726 1410 4790 παντὸς
1453 4723 1727 4793 δεηθέντος
1776 4727 1939 4805 λόγου

2046 4721 2216 4797 {endo
2249 4723 2526 4802 praesenti
2556 4731 2842 4793 oratione.
2869 4742 2940 4786 ea
2967 4744 3102 4805 quae
3129 4724 3285 4787 dicta
3316 4735 3481 4798 sunt,
3517 4725 3663 4806 ipsis

286 4809 477 4872 αόταϊς
546 4809 702 4885 ὄψεσι
786 4813 854 4867 τὰ
917 4812 1171 4889 εἰρημένα
1243 4813 1601 4893 παραλαϐεῖν·
1678 4817 1792 4874 ἑπει
1852 4820 1936 4875 καὶ

2046 4811 2210 4872 ιουιίε
2240 4808 2717 4891 apprehendere.
2754 4815 2901 4876 Nam
2927 4832 3065 4890 quae
3095 4814 3218 4876 illic.
3244 4825 3405 4889 sunt,
3441 4816 3663 4896 majora

281 4900 511 4977 κρείττω
565 4898 728 4978 λόγου
783 4903 849 4957 τὰ
892 4902 1009 4958 ἐκεῖ
1067 4905 1286 4975 νομίζω,
1325 4907 1413 4960 καὶ
1470 4904 1771 4986 ὀφθαλμοῖς
1831 4906 1936 4982 μό-

2046 4918 2154 4962 zsse
2187 4900 2481 4973 existimo,
2520 4921 2693 4983 quam
2730 4911 2791 4963 ut
2822 4922 2892 4965 ea
2914 4903 3209 4983 possimus
3230 4905 3498 4967 oratione
3523 4925 3661 4965 con-

280 5010 401 5055 νοιες·
466 4988 835 5068 συνερχόμενα
892 4993 1022 5069 πρὸς
1083 4993 1400 5077 κατάληψιν.
1481 4996 1574 5050 Διὸ
1628 4996 1714 5053 xii
1771 5006 1936 5056 ταῦτα

2046 4996 2215 5071 sequi,
2253 4999 2311 5052 et
2343 5010 2473 5072 quae
2511 4993 2693 5073 possit
2722 4994 2884 5055 solus
2916 4992 3075 5056 visus
3119 4995 3653 5077 comprehendere.

284 5075 387 5150 μὲν
444 5066 734 5155 παρελθεῖν
776 5102 867 5153 μοι
899 5066 1092 5139 δοκῶν.
1152 5066 1212 5137 ’.Α
1247 5066 1320 5137 δὲή
1357 5083 1556 5163 ἀδελφὰ
1600 5086 1814 5148 τούτοις
1846 5087 1934 5142 καὶ

2046 5066 2413 5154 Quamobrem
2442 5066 2777 5163 ett-quidem
2798 5092 2988 5144 statuo
3017 5066 3492 5161 praetermittere.
3515 5082 3662 5154 Quae

280 5165 397 5240 ἅμα
428 5170 508 5238 τῷ
540 5166 720 5245 χρόνῳ
747 5176 1031 5248 προσεχοῦς
1084 5169 1346 5245 ἒτελεῖτο,
1380 5179 1543 5228 ταῦτα
1586 5171 1650 5240 δή
1688 5179 1771 5231 οιαὶ
1803 5174 1929 5250 ἐρῶ,

2046 5178 2215 5232 intem
2274 5180 2412 5231 sunt
2462 5171 2552 5232 his
2598 5190 2909 5248 germana,
2977 5183 3034 5233 et
3090 5173 3265 5234 simul
3327 5170 3658 5251 propinquo

280 5257 367 5312 καὶ
423 5258 519 5312 τὸν
549 5254 652 5323 ἤδη
715 5278 807 5331 μοι
839 5255 923 5313 διὰ
952 5256 1175 5332 μνήμης
1228 5260 1513 5336 γενόμενον
1544 5259 1813 5339 ’ἰσιδώροῦ
1843 5271 1936 5320 τοῦ

2046 5277 2290 5341 empore
2319 5260 2577 5340 perfecta
2612 5260 2799 5336 fuere,
2835 5280 2906 5322 ea
2936 5260 3125 5322 diram
3152 5262 3355 5341 utique
3380 5276 3394 5322 :
3417 5259 3649 5335 etquod

280 5347 420 5403 θείου
488 5347 611 5402 ναὸν
679 5345 734 5402 ἐν
811 5349 1002 5425 μνήμῃ
1067 5352 1153 5405 ιιαὶ
1215 5348 1295 5406 ἔτι
1357 5346 1697 5427 διαρκεστέρᾳ
1769 5354 1933 5422 ποιή-

2046 5368 2131 5410 am
2165 5349 2308 5410 mihi
2336 5350 2442 5413 fuit
2475 5350 2532 5411 in
2558 5357 2865 5423 memoria,
2895 5349 3075 5412 divini
3104 5348 3315 5412 [sidori
3338 5347 3645 5428 templum,

264 5455 465 5509 σομαι.
2015 5440 2207 5505 adhuc
2240 5439 2428 5517 magis
2462 5441 2672 5501 litteris
2706 5442 3013 5501 memoriae
3040 5438 3356 5500 mandabo.

298 5521 479 5587 ,έιῐτιεες
526 5526 869 5604 Δριμύτατόν
925 5548 1044 5583 τινα
1101 5528 1198 5595 τῆς
1250 5535 1356 5585 τῶν
1416 5529 1703 5609 εὐκτηρίων
1762 5529 1931 5585 ο“ἶκων

2092 5527 2214 5590 XV.
2261 5526 2403 5590 Cum
2437 5529 2770 5590 divinorum
2801 5528 3195 5590 oratoriorum
3235 5526 3651 5590 mdiﬂcationis

286 5606 565 5690 οἷιοδομῆς
608 5614 744 5695 ἱρῶν
771 5613 943 5694 ἔρωτα
972 5618 999 5672 ὂ
1029 5618 1271 5699 χρῆστὸς
1327 5622 1404 5694 τῷ
1435 5618 1545 5676 ὄντι
1583 5606 1925 5698 Μαρκιανὸς,

2046 5617 2270 5699 undam
2303 5618 2831 5681 vehementissimo
2864 5627 3163 5682 teneretur
3208 5635 3410 5682 amore
3460 5617 3653 5685 bonus

220 5902 277 5957 H1
316 5898 581 5963 Ehe—fl"
