4062 6194
276 324 405 392 449

1338 312 1523 385 VITA
1568 320 1631 383 S.
1678 308 2056 383 MARCIANI
2100 317 2598 384 PRESBYTERI.

3533 314 3653 391 450

274 466 541 522 νεοῦντων
577 480 591 496 ·
626 464 762 521 ὥστε
795 463 941 527 τινὰς
986 463 1079 519 καί
1130 459 1428 540 χαριέντως
1480 457 1610 533 πρὸς
1656 454 1921 527 ἀλλήλους

2020 470 2073 515 se
2102 455 2303 537 lepide
2332 455 2532 519 dicant
2558 476 2691 520 cum
2725 457 3023 538 voluptate
3049 480 3062 522 :
3089 458 3243 523 Ecce
3260 461 3387 525 haec
3408 480 3653 542 quoque

274 556 376 611 σὺν
442 552 606 629 ἦδονῇ
660 552 836 631 λέγειν
872 573 885 586 ⁸
950 549 1083 608 ’ἰδοὺ
1140 550 1227 605 καὶ
1286 547 1425 614 ἄλλη
1497 546 1732 624 θυγάτηρ
1798 545 1929 610 αὕτη

274 644 376 700 τοῦ
408 642 645 720 μεγάλου
677 648 1003 719 Μαρκιανοῦ,
1046 643 1107 697 τὸ
1150 638 1349 701 κάλλος
1404 658 1461 694 τε
1492 637 1581 693 καὶ
1612 637 1711 703 τὴν
1766 635 1931 693 πολυ-

278 732 496 789 τέλειαν
573 730 775 811 ἀδελφή
857 736 955 797 τῆς
1014 732 1260 807 μεγαλης
1323 726 1699 788 Ἀναστασίας.
1759 723 1931 800 ’Ὁπερ

281 822 476 896 μέντοι
523 824 700 896 μόνως
761 823 883 890 περὶ
936 830 1027 878 τοῦ
1078 821 1206 875 ναοῦ
1234 822 1333 884 τῆς
1364 817 1506 878 θείας
1538 814 1693 879 αὐτὸς
1723 818 1929 876 ἐκεῖνος

280 912 389 992 ἔφη
450 911 822 978 Ἀνακτασίας,
880 915 991 974 πῶς
1043 908 1105 966 ἄν
1150 929 1229 971 τις
1275 904 1604 982 παραλιπεῖν
1634 903 1928 974 ἀξιώσειες

278 990 405 1060 Tum
465 1002 565 1079 γὰρ
624 1002 864 1070 συνήθων
907 998 1049 1073 αὒτῷ
1098 1019 1241 1061 τινος
1288 998 1349 1051 τὸ
1379 994 1516 1052 πολὺ
1559 1000 1658 1062 τῆς
1689 990 1931 1059 δαπάνης

277 1094 343 1148 ἓν
397 1092 625 1165 θαύματι
671 1089 1018 1166 ποιουμένου,
1051 1088 1282 1158 ἐκεῖνον,
1319 1087 1373 1143 Εἰ
1403 1084 1458 1142 δὲ
1517 1086 1605 1140 καὶ
1649 1085 1782 1162 πρὸς
1827 1082 1931 1160 γά-

282 1203 414 1255 μον,
449 1182 645 1252 εἰπεῖν,
670 1179 928 1257 θυγατέρα
958 1183 1260 1256 κατεγ·;υᾷν
1310 1173 1564 1253 ἔμελλον,
1598 1173 1693 1230 οὐκ
1750 1172 1812 1228 ἃν
1869 1172 1935 1227 τὰ

281 1271 422 1347 πρὸς
482 1268 798 1345 εὐπρέπειαν
874 1270 962 1324 καὶ
1019 1267 1222 1340 κόσμον
1298 1266 1433 1341 αὐτῇ
1506 1262 1801 1341 φιλοτίμως
1862 1262 1935 1324 ὡς

281 1359 454 1438 εἶχον
485 1370 797 1437 παρασχεῖν
828 1356 1053 1431 εἱλόμην
1088 1375 1106 1431 ς
1142 1362 1246 1412 Νῦν
1288 1351 1343 1409 δὲ
1390 1356 1521 1427 πρὸς
1554 1354 1678 1408 ναὸν
1712 1352 1939 1430 Χριστοῦ

281 1448 500 1528 νύμφης
558 1448 872 1525 προθέμενοι
930 1446 1188 1524 δαπανᾷν,
1252 1444 1341 1500 καὶ
1382 1444 1592 1521 νύμφης
1640 1440 1776 1498 οὕτω
1831 1462 1936 1496 κα-

279 1536 415 1616 λῆς,
459 1538 549 1593 καὶ
578 1539 639 1593 τὸ
676 1540 813 1611 αἷμα
854 1535 986 1613 ὑπὲρ
1015 1535 1176 1591 αὖτοῢ
1208 1532 1444 1611 προχέαι
1476 1532 1554 1605 μὴ
1582 1530 1935 1609 φεισαμένης,

286 1630 350 1684 οὗ
390 1626 581 1700 πολλῷ
623 1625 830 1700 μᾶλλον
876 1627 960 1681 καὶ
1024 1624 1417 1702 προθυμότερον
1447 1620 1746 1696 ἐμέλλομεν
1804 1618 1939 1674 ἂνα-

2014 553 2106 605 est
2137 545 2250 607 alia
2282 544 2405 609 filia
2433 546 2621 626 Magni
2642 547 2954 622 Marciani,
2980 548 3431 628 pulchritudine
3454 559 3512 611 et
3538 571 3660 614 ma-

2015 634 2362 714 gnificentia
2387 655 2558 697 soror
2575 654 2802 715 magna:
2816 636 3166 703 Anastasiai.
3187 638 3351 712 Quod
3367 649 3542 703 ‘certe
3560 640 3660 704 ille

2016 724 2261 798 quidem
2295 725 2424 805 ipse
2439 726 2814 788 solummodo
2838 725 2913 788 de
2936 726 3134 789 divina
3156 728 3302 790 dixit
3322 728 3654 806 Anastasia,

2016 813 2524 890 quemadmodum
2571 816 2877 878 censuerit
2918 816 3209 897 quispiam
3243 835 3376 880 esse
3408 829 3656 898 praeter-

2019 904 2407 966 mittendum?
2430 906 2577 968 Nam
2602 925 2734 967 cum
2758 905 2998 986 quidam
3021 925 3089 969 ex
3115 905 3245 986 ejus
3270 906 3660 971 familiaribus

2018 1012 2291 1072 magnam
2319 1000 2639 1056 miraretur
2658 996 3025 1076 impensam:
3054 995 3117 1059 Si
3140 996 3548 1076 desponsurus
3573 1017 3656 1060 es-

2018 1101 2168 1157 sem,
2194 1082 2389 1164 inquit
2410 1084 2533 1158 ille,
2562 1102 2751 1147 meam
2777 1084 2980 1153 ﬁliam.
3005 1104 3120 1146 non
3146 1104 3277 1166 quae
3303 1085 3376 1148 ad
3400 1087 3530 1167 ejus
3552 1088 3660 1150 de-

2017 1189 2218 1234 corem
2255 1174 2642 1253 pertinerent,
2698 1181 2760 1235 et
2805 1180 3103 1250 ornatum,
3157 1183 3480 1238 statuerem
3516 1177 3661 1240 mihi

2020 1279 2153 1323 esse
2187 1262 2506 1342 praebenda
2535 1281 2712 1344 quam
2745 1280 2979 1343 possem
3028 1264 3613 1343 magnificentissime
3633 1274 3662 1331 ?

2018 1350 2188 1413 Nunc
2217 1361 2420 1412 autem
2456 1371 2590 1414 cum
2621 1350 2925 1431 impensas
2959 1353 3342 1416 statuerimus
3371 1353 3567 1420 facere
3597 1357 3656 1419 in

2020 1440 2305 1520 templum
2335 1458 2570 1519 sponsae
2585 1441 2833 1513 Christi,
2856 1448 2914 1502 et
2935 1459 3169 1521 Sponsa;
3193 1442 3343 1505 adeo
3370 1445 3654 1525 pulchrae,

2021 1538 2080 1591 et
2109 1547 2239 1609 quae
2269 1547 2376 1610 pro
2407 1530 2538 1610 ipso
2570 1529 2923 1608 sanguinem
2956 1550 3073 1592 non
3124 1532 3310 1608 possit
3352 1534 3605 1599 fundere
3639 1556 3653 1597 :

2025 1639 2142 1681 non
2180 1618 2352 1699 longe
2401 1619 2659 1700 amplius
2715 1627 2777 1681 et
2836 1619 3089 1682 alacrius
3135 1640 3348 1686 sumus
3391 1633 3661 1706 sumptus

282 1715 516 1794 λίσκειν,
562 1717 650 1772 καὶ
691 1715 897 1790 κόσμοῦ
938 1715 1137 1774 παντὸς
1192 1714 1281 1769 καὶ
1352 1711 1493 1789 ὥρας
1555 1712 1642 1767 καὶ
1702 1709 1932 1789 χαρίτων

2023 1709 2256 1785 facturi,
2297 1708 2650 1789 nullumque
2706 1718 3120 1771 ornamentum
3172 1712 3559 1795 speciemque
3604 1724 3661 1778 et

289 1805 535 1862 ἑλλείπεν
563 1804 713 1861 οὗδέν
751 1824 768 1880 ;
813 1802 965 1862 Οὕτω
1007 1803 1289 1883 φιλότιμος
1346 1804 1413 1868 ἦν
1469 1802 1526 1855 ἓν
1585 1801 1762 1877 ἔργοις
1819 1812 1932 1861 τοῖς

2028 1798 2378 1876 elegantiam
2441 1796 2948 1879 praetermissum?
2997 1796 3141 1860 Tam
3204 1799 3553 1881 splendidus
3603 1813 3662 1868 et

288 1899 369 1970 τῷ
427 1902 546 1969 Θεῷ
602 1894 776 1974 φίλοις
838 1894 1165 1970 Μαρκιανὸς,
1225 1892 1312 1948 καὶ
1371 1888 1612 1957 δαπάνης
1690 1886 1932 1964 οὐδεμιᾶς

2026 1886 2373 1966 magnificus
2404 1896 2530 1949 erat
2559 1886 2899 1949 Marcianus
2931 1886 2992 1948 in
3024 1887 3121 1962 iis,
3154 1906 3286 1969 quas
3338 1891 3459 1955 Deo
3497 1902 3662 1972 grata

290 1983 630 2064 ῳειδόμενος.

376 2075 466 2144 ιζ’.
503 2077 606 2132 Καὶ
642 2074 745 2152 γὰρ
774 2072 834 2128 0-3
876 2072 1143 2128 τοσοὰτων
1180 2070 1340 2144 μόνον
1390 2069 1637 2147 νεουργὸς
1693 2067 1936 2147 γέγονε-υ,

287 2163 431 2220 ἀλλὰ
474 2163 568 2220 καί
628 2162 845 2219 πολλῶν
902 2160 1079 2217 ἄλλων
1109 2162 1263 2237 ἱερῶν
1296 2160 1490 2231 οἴκων,
1524 2161 1584 2217 οὗ
1614 2156 1938 2236 δημιουργὸς

288 2252 481 2333 μόνον,
528 2251 667 2308 ἀλλὰ
706 2254 803 2309 καὶ
844 2252 1169 2330 θεραπευτής
1225 2248 1486 2307 ἐδείκνυτο
1522 2268 1534 2282 '
1589 2249 1686 2305 οἷα
1735 2246 1799 2314 δὴ
1847 2250 1938 2302 καί

284 2351 386 2400 τοῦ
455 2341 695 2418 μεγάλου
769 2342 1029 2419 μάρτυρος
1117 2336 1388 2416 Θεοδώρου
1471 2347 1563 2396 τοῦ
1636 2336 1691 2392 ὲν
1746 2339 1936 2394 Τᾶινά-

288 2456 369 2509 ρῳ
401 2448 417 2463 ‘
465 2434 555 2488 καὶ
599 2432 953 2509 Στρατονίκου
997 2430 1259 2507 μάρτυρος
1302 2431 1396 2485 τοῦ
1457 2427 1512 2483 ἒν
1580 2432 1657 2500 τῷ
1714 2425 1932 2504 Ῥηγίῳ.

286 2524 393 2580 Καὶ
462 2522 587 2598 τόγε
672 2521 1136 2595 θαυμαστότατον,
1211 2517 1397 2594 ὅτιπερ
1483 2516 1650 2582 οὕτως
1707 2515 1763 2571 ἐν
1814 2529 1936 2581 τοῖς

280 2613 454 2686 ἱεροῖς
509 2611 685 2675 οἴκοις
743 2628 841 2677 την
891 2623 1057 2688 χεῖρα
1086 2606 1395 2683 πολυαρκὴς
1426 2607 1522 2681 ὦν,
1558 2604 1743 2680 πολλῷ
1775 2603 1935 2661 πλέον

284 2701 456 2768 αὒτὴν
498 2700 720 2779 ῥέουσαν
761 2698 817 2755 ἑν
860 2714 984 2761 ταῖς
1037 2704 1143 2754 τῶν
1200 2698 1448 2766 πενήτων
1495 2707 1764 2774 παρεῖχεν
1816 2698 1928 2751 ὲπι-

281 2790 562 2865 μελείαις,
611 2788 743 2866 Περί
803 2789 864 2843 οὗ
919 2786 1015 2844 καῖ
1068 2793 1154 2843 νῦν
1207 2785 1633 2862 διεξοδικώτερον
1692 2788 1719 2840 ὁ
1772 2783 1933 2861 λόγος

286 2878 579 2945 διεξελθεῖν
636 2876 908 2956 βούλεται,
968 2877 1106 2934 ὥστε
1191 2874 1361 2945 δήλην
1405 2874 1648 2953 γενέσθαι
1701 2874 1779 2948 μὴ
1836 2874 1935 2942 τὴν

281 2973 487 3026 ἑκείνου
565 2970 728 3044 μόνον
801 2968 920 3045 περὶ
998 2967 1120 3030 τοὺς
1173 2964 1455 3041 δεομένους
1513 2962 1933 3042 φιλανθρωπίαν,

284 3058 427 3115 ελλά
485 3061 575 3116 καὶ
657 3060 785 3115 αὐτὸ
860 3065 1019 3114 τουτο
1076 3057 1139 3112 τὸ
1194 3054 1592 3135 φιλάνθρωπον,
1653 3052 1785 3111 οἵων
1835 3051 1936 3132 ἄρα

2024 1983 2217 2048 erant,
2252 1977 2539 2058 operibus
2569 1994 2583 2039 :
2623 1994 2818 2058 neque
2837 1976 2971 2038 ullis
2989 1977 3271 2058 parcebat
3299 1982 3657 2062 sumptibus.

2100 2064 2275 2128 XVII.
2314 2066 2550 2129 Etenim
2586 2085 2703 2128 non
2733 2066 2941 2128 lterum
2977 2066 3170 2128 solum
3208 2067 3318 2129 fuit
3363 2070 3653 2151 conditor,

2022 2157 2125 2216 sed
2162 2158 2475 2218 multarum
2502 2174 2742 2237 quoque
2765 2155 3014 2218 aliarum
3048 2156 3262 2219 aedium
3289 2177 3406 2229 non
3432 2170 3654 2225 tantum

2022 2263 2088 2306 se
2101 2246 2372 2324 praestitit
2385 2247 2892 2326 opificem,verum
2915 2246 3090 2307 etiam
3111 2246 3468 2310 refectorem
3484 2259 3661 2333 atque

2019 2344 2445 2413 reparatorem.
2467 2334 2540 2397 Ut
2564 2335 2757 2411 magni
2777 2353 3018 2415 quoque
3036 2342 3309 2416 martyris
3332 2338 3655 2419 Theodori,

2020 2425 2118 2504 qui
2146 2424 2257 2485 fuit
2282 2430 2339 2486 in
2362 2424 2609 2486 Taenaro
2637 2446 2651 2483 :
2689 2432 2745 2485 et
2767 2422 3085 2486 Stratonici
3111 2425 3404 2506 martyris,
3425 2428 3528 2510 qui
3553 2431 3660 2494 fuit

2024 2514 2259 2592 Rhegii.
2287 2512 2356 2575 Et
2384 2513 2538 2594 quod
2569 2523 2660 2575 est
2685 2512 2871 2591 magis
2892 2512 3273 2590 admirabile,
3302 2534 3437 2577 cum
3465 2519 3522 2579 in
3555 2539 3655 2582 sa-

2020 2602 2138 2664 cris
2165 2602 2393 2664 edibus
2415 2604 2545 2682 ejus
2567 2612 2725 2663 esset
2748 2620 2957 2664 manus
2979 2612 3093 2663 tam
3123 2602 3409 2681 liberalis,
3437 2625 3508 2671 ea
3530 2621 3656 2672 erat

2021 2692 2207 2753 multo
2240 2694 2422 2771 magis
2454 2692 2694 2773 profusa
2736 2691 2796 2752 in
2838 2709 2983 2753 cura
3010 2692 3270 2771 gerenda
3302 2713 3653 2776 pauperum.

2021 2782 2188 2854 Quod
2221 2782 2462 2862 quidem
2500 2800 2655 2842 nunc
2702 2784 2823 2842 vult
2870 2784 3090 2842 cursim
3125 2785 3407 2864 persequi
3438 2787 3653 2870 oratio,

2016 2872 2166 2932 adeo
2195 2881 2260 2932 ut
2292 2891 2410 2935 non
2440 2870 2633 2933 solum
2668 2870 2980 2932 manifesta
3011 2871 3182 2933 fleret
3212 2872 3368 2945 illius
3415 2874 3477 2936 in
3507 2895 3652 2955 ege-

2017 2980 2127 3023 nos
2146 2960 2503 3040 benignitas,
2533 2959 2639 3022 sed
2670 2961 2794 3022 hazc
2820 2959 2949 3040 ipsa
2971 2978 3208 3041 quoque
3232 2962 3649 3043 beneficentia,

2016 3049 2296 3128 qualibus
2326 3050 2498 3111 donis
2541 3050 2893 3129 dignaretur
2922 3049 3083 3111 illius
3114 3060 3432 3115 amatores.
3466 3053 3655 3119 Noctu

284 3150 410 3212 τοὺς
474 3148 696 3227 ξραστὰς
758 3147 958 3204 ἐκείνου
1045 3148 1149 3202 τῶν
1232 3144 1585 3225 χαρισμάτων
1661 3142 1928 3209 καταξιοϊ,

2020 3144 2096 3199 vir
2125 3141 2225 3199 ille
2253 3141 2616 3232 admirabilis
2645 3142 2852 3200 obiens
2885 3143 3459 3232 plateas-etcivitatis
3490 3152 3656 3222 angi-

284 3240 511 3317 Νύκτωρ
568 3240 596 3294 ὁ
636 3239 927 3311 θαυμάσιος
960 3237 1054 3300 τάς
1114 3256 1172 3291 τε
1209 3236 1463 3297 πλατείας
1521 3235 1608 3290 καὶ
1666 3234 1792 3298 τοὺς
1832 3239 1931 3300 τῆς

2020 3237 2242 3308 portus,
2277 3228 2455 3307 hujus
2485 3245 2719 3308 quoque
2744 3245 2944 3289 curam
2967 3227 3231 3307 gerebat.
3257 3229 3460 3294 Sicubi
3486 3234 3653 3296 inve-

286 3327 501 3391 πόλεως
584 3328 804 3404 περιιὼν
889 3326 1226 3404 στενωφοὺς,
1311 3321 1562 3398 ἐπιμελὲς
1648 3323 1927 3396 ἐποιεῖτο,

283 3424 390 3473 πού
450 3436 577 3473 ποτε
624 3414 686 3470 ἂν
740 3417 829 3471 καὶ
886 3414 1027 3491 εὕροι
1089 3415 1273 3492 νεκρὸν
1330 3412 1433 3468 ὑπὸ
1488 3410 1695 3479 πολλῆς
1746 3412 1929 3475 πενίας

286 3504 714 3583 πψερῤιμμένον
750 3524 762 3537 ·
830 3505 917 3560 καὶ
993 3508 1064 3568 ὡς
1138 3501 1201 3557 ἅν
1260 3499 1368 3558 ἴδοι
1426 3501 1691 3578 τοιοῦτον,
1752 3501 1932 3578 ὥσπερ

284 3595 529 3673 μεγάλου
586 3599 729 3656 τινος
809 3592 1022 3671 κέρδους
1089 3592 1362 3671 ἐπιτυχὼν
1440 3590 1685 3666 ἀσμένως
1742 3591 1879 3669 ἑώρα
1914 3609 1929 3625 ·

283 3687 375 3741 καὶ
429 3683 633 3760 σπουδῇ
689 3683 883 3746 λούσας
941 3684 1029 3739 καὶ
1087 3682 1377 3761 ἀμφιέσας,
1436 3681 1533 3737 καὶ
1587 3687 1694 3735 τῶν
1758 3678 1933 3741 ἄλλων

285 3772 351 3842 δὴ
430 3780 538 3829 τῶν
593 3772 991 3849 νενομισμένων
1080 3770 1309 3838 ἀξιώσας
1382 3775 1580 3845 τιμῶν,
1656 3770 1779 3827 εἶτα
1845 3770 1935 3826 καὶ

282 3864 467 3936 ὥσπερ
521 3866 607 3921 καὶ
650 3867 822 3935 ζῶντα
871 3864 964 3919 τὸν
997 3864 1185 3938 νεκρὸν
1216 3860 1644 3939 προσεφθέγγετο
1677 3878 1693 3896 ·
1745 3869 1927 3937 Δεὺρο,

280 3952 481 4033 λέγων,
544 3955 631 4009 καὶ
713 3958 811 4020 τῆς
888 3952 945 4007 ἐν
1030 3951 1242 4029 Χριστῷ
1312 3950 1529 4026 ἀγάπης
1602 3949 1933 4015 κοινώνησον

280 4047 446 4123 ἡμῖν,
484 4041 697 4120 ἀδελφέ,
746 4040 927 4105 Οὕτως
976 4042 1162 4114 εἰπὼν,
1216 4039 1552 4096 ὑπακούοντα
1595 4040 1687 4094 τὸν
1742 4039 1933 4113 κείμε-

280 4156 372 4190 νον
432 4135 593 4211 εἶχεν
624 4150 640 4167 ·
703 4130 951 4187 ἀνίστατο
1011 4131 1112 4209 γὰρ
1154 4128 1229 4208 (ὢ
1258 4129 1546 4201 θαύματος,
1583 4125 1881 4206 ἂπορῤήτου
1913 4128 1929 4187 ι

282 4222 377 4281 καί
440 4222 745 4299 Μαρκιανὸν
812 4220 1084 4291 ἠσπάζετο
1155 4220 1247 4276 τὸν
1322 4220 1566 4298 χρηστὸν
1632 4223 1733 4285 τῆς
1789 4239 1928 4295 προ-

284 4314 456 4383 νοίας,
492 4310 672 4389 ὥσπερ
698 4315 798 4376 τῆς
842 4310 961 4386 περὶ
1012 4311 1198 4383 αὐτὸν,
1254 4310 1350 4366 οὒκ
1407 4307 1637 4382 ἐκεῖνον,
1672 4306 1811 4364 ἀλλὰ
1839 4309 1932 4363 τὸν

286 4403 512 4482 Χριστὸν
570 4400 776 4475 μᾶλλον
816 4402 1120 4479 ὑποφαίνων
1175 4395 1606 4477 ἀποδεχόμενον,
1668 4396 1781 4453 Εἶθ’
1841 4396 1930 4455 οὕ-

2014 3316 2201 3379 nisset
2225 3330 2524 3378 mortuum
2548 3335 2667 3397 pm
2688 3317 2867 3378 nimia
2887 3325 3231 3398 paupertate
3254 3320 3578 3402 ubjectum,
3597 3334 3654 3387 et

2012 3409 2185 3485 cujus
2207 3425 2384 3468 nemo
2407 3424 2611 3469 curam
2632 3414 2893 3486 gereret,
2908 3416 2965 3468 et
2986 3426 3161 3488 quem
3189 3409 3366 3471 talem
3385 3410 3647 3489 vidisset,

2015 3504 2291 3577 tanquam
2316 3514 2594 3572 magnum
2618 3494 2855 3575 aliquod
2883 3496 3113 3558 lucrum
3141 3513 3474 3578 assecutus,
3512 3522 3650 3566 eum

2014 3585 2277 3648 libenter
2308 3584 2541 3647 videbat
2567 3607 2580 3643 :
2614 3603 2871 3665 cumque
2900 3604 3035 3649 eum
3068 3586 3386 3667 diligenter
3414 3591 3655 3657 lavisset

2015 3682 2075 3737 et
2105 3674 2414 3750 induisset,
2467 3685 2525 3737 et
2574 3674 2688 3736 alia
2724 3675 2888 3754 justa
2942 3694 3047 3755 pro
3094 3695 3261 3740 more
3304 3679 3357 3740 ei
3388 3679 3647 3760 fecisset,

2014 3764 2234 3827 deinde
2259 3766 2433 3827 etiam
2464 3772 2760 3827 mortuum
2786 3773 3064 3845 tanquam
3092 3766 3287 3828 vivum
3310 3769 3653 3852 alloqueba-

2016 3864 2112 3917 tur
2138 3876 2151 3918 ε
2186 3854 2482 3933 Agedum,
2517 3855 2744 3929 dicens,
2770 3855 2850 3916 sis
2869 3873 3108 3937 quoque
3138 3855 3447 3920 nobiscum
3478 3862 3654 3940 parti-

2015 3962 2157 4025 ceps
2190 3945 2343 4024 ejus,
2364 3963 2496 4026 qua;
2526 3953 2615 4007 est
2639 3944 2699 4007 in
2719 3945 2978 4021 Christo,
3002 3944 3334 4010 cbaritatis.
3359 3947 3500 4022 Quae
3517 3970 3651 4015 cum

2016 4035 2101 4096 sic
2130 4034 2379 4108 diceret,
2412 4033 2674 4098 habebat
2703 4052 2843 4097 eum
2874 4033 2973 4116 qui
2997 4033 3258 4115 jacebat,
3281 4038 3651 4106 audientem.

2018 4122 2310 4201 Surgebat
2333 4124 2493 4186 enim
2525 4133 2578 4199 (0
2604 4124 2983 4213 miraculum,
3004 4125 3161 4205 quod
3185 4124 3382 4188 verbis
3408 4148 3525 4191 non
3551 4151 3656 4213 po-

2015 4223 2131 4278 test
2171 4214 2599 4294 explicari!),et
2629 4212 2851 4276 bonum
2895 4215 3368 4295 amplectebatur
3396 4212 3655 4285 Marcia-

2014 4323 2179 4376 num,
2224 4323 2425 4366 curam
2467 4322 2600 4382 qum
2637 4304 2768 4383 ejus
2803 4303 3141 4384 gerebatur,
3168 4324 3286 4368 non
3317 4308 3513 4385 illum,
3546 4312 3654 4375 sed

2016 4394 2314 4457 Christum
2350 4394 2545 4475 potius
2573 4395 2902 4459 ostendens
2943 4395 3272 4476 suscipere.
3308 4398 3538 4464 Deinde
3569 4402 3658 4465 sic

283 4514 394 4555 τως
446 4494 477 4548 ὁ
528 4493 712 4569 νεκρὸς
769 4489 933 4547 πάλιν
993 4489 1179 4568 νεκρὸς
1244 4485 1330 4562 ἦν,
1393 4486 1489 4543 καῖ
1533 4493 1767 4552 τοιοῦτος
1832 4489 1932 4544 ὕπὸ

2020 4492 2312 4556 mortuus,
2343 4500 2549 4547 rursus
2581 4498 2707 4546 erat
2737 4493 3008 4546 mortuus
3047 4504 3062 4545 :
3098 4494 3156 4547 et
3184 4487 3317 4550 talis
3347 4489 3658 4554 videbatur

283 4588 392 4639 τῶν
424 4584 727 4662 παριόντων
777 4580 1070 4659 ὁρώμενος,
1105 4587 1270 4638 Τοῦτο
1301 4575 1356 4632 δὲ
1385 4576 1656 4655 γνώριμον
1696 4576 1795 4652 μὲν
1836 4583 1932 4638 καῖ

2020 4573 2092 4637 ab
2116 4574 2212 4650 iis,
2247 4575 2346 4655 qui
2377 4584 2550 4639 erant
2579 4573 2956 4655 superstites.
2985 4574 3111 4638 Hoc
3140 4586 3339 4640 autem
3372 4579 3479 4641 fuit
3508 4582 3659 4644 alias

285 4671 470 4734 ἄλλως
514 4674 756 4751 γέγονεν,
803 4670 864 4727 ὲκ
899 4668 954 4727 δὲ
981 4670 1168 4727 τούτου
1198 4665 1585 4746 φανερώτερον.

368 4760 461 4819 1Η¹
475 4808 488 4823 .
551 4761 741 4817 Μέσων
813 4766 1038 4835 νυκτῶν,
1111 4757 1200 4814 ὅτε
1282 4757 1380 4813 καί
1440 4754 1675 4830 μάλιστα
1736 4755 1932 4831 μηδενὲ

281 4852 511 4933 ὀφθῆναι
556 4851 715 4925 ᾤετο,
747 4852 879 4927 πρός
911 4871 1029 4906 τινα
1081 4849 1282 4918 συνήθη
1329 4846 1650 4925 τραπεζίτην
1680 4847 1740 4901 τὸ
1794 4869 1931 4925 χρυ-

280 4942 394 4998 σίον
480 4938 828 5005 καταλλάξων
912 4940 1119 5019 ἐφοίτα,
1205 4936 1302 4994 καὶ
1386 4934 1558 5011 κέρμα
1645 4933 1934 5009 λαμϐάνων

276 5029 553 5087 πλειόνων
584 5028 830 5110 χαλκῶν,
870 5030 944 5093 ὡς
993 5028 1057 5083 ἂν
1116 5027 1237 5109 ἔχοι
1279 5034 1439 5085 τοῦτο
1481 5023 1756 5100 διανεῖμαι
1814 5039 1932 5089 τοῖς

273 5119 602 5194 πενομένοις
634 5165 650 5195 ,
735 5121 881 5182 εὐθὺς
963 5117 1207 5195 ἐπανῄει,
1295 5117 1356 5174 Ὀ
1418 5123 1540 5193 γοῦν
1608 5117 1930 5191 τραπεζίτης

278 5211 353 5274 εἰς
414 5208 635 5285 κέρδους
692 5213 963 5288 πρόφασιν
1024 5211 1083 5266 τὸ
1139 5207 1313 5282 ἄωρον
1358 5209 1455 5271 τῆς
1488 5206 1677 5269 νυκτὸς
1723 5203 1932 5280 λαμϐά-

278 5323 409 5374 νων,
486 5308 677 5376 ζυγοῖς
749 5297 947 5365 ἀδίκοις
1020 5300 1142 5360 τοὺς
1207 5304 1435 5377 χρυσοῖκ
1495 5293 1786 5369 ἐταθμᾶτο,
1848 5297 1936 5352 καὶ

279 5389 490 5455 iuno;
549 5387 696 5446 οὐδὲν
751 5388 1043 5467 ἀντιλέγων
1090 5386 1197 5444 οὗθ’
1266 5384 1407 5448 ὅλως
1466 5382 1930 5462 ἐξακριϐούμενος,

286 5477 445 5546 δῆλος
504 5482 573 5546 ἦν
632 5481 695 5536 τὸ
744 5486 850 5536 πᾶν
906 5485 974 5556 τῇ
1039 5474 1337 5547 συνειδήσει
1401 5478 1496 5528 τοῦ
1554 5475 1933 5548 σταθμίζοντος

286 5569 611 5648 ὶπιτρέπων,
688 5561 784 5633 Ὠς
861 5567 916 5625 δὲ
993 5567 1255 5633 πολλάκις
1315 5570 1462 5620 τοῦτο
1518 5561 1830 5639 γενόμενον,
1908 5568 1935 5621 ὁ

293 5662 590 5741 Μαρκιανὸς
662 5662 753 5719 τὸν
825 5661 901 5739 μὴ
965 5660 1204 5720 συνιέντι
1278 5651 1722 5732 ὓποκρινόμενος,
1787 5653 1935 5712 οσῦδέν

2019 4683 2264 4745 quoque
2295 4667 2595 4743 cognitum
2625 4685 2638 4725 :
2675 4664 2776 4727 sed
2807 4682 2877 4727 ex
2902 4666 3015 4728 hoc
3047 4668 3233 4730 evasit
3257 4670 3652 4735 manifestius.

2097 4752 2302 4815 XVIII.
2359 4754 2550 4815 Media
2597 4762 2795 4828 nocte,
2844 4754 3081 4834 quando
3115 4756 3370 4820 maxime
3415 4761 3656 4841 putabat

2018 4845 2148 4906 fore
2168 4852 2286 4905 uta
2304 4844 2544 4906 nemine
2560 4843 3213 4917 videretur,ventitabat
3233 4850 3303 4909 ad
3331 4852 3651 4931 quemdam

2015 4933 2420 5013 argentarium
2443 4932 2557 4994 sibi
2578 4934 3247 5008 familiarem,utaurum
3265 4948 3649 5018 permutaret:

2016 5032 2077 5086 et
2096 5021 2398 5103 accipiens
2421 5023 2670 5085 multum
2698 5022 2940 5085 minutae
2962 5034 3216 5089 moneta;
3232 5045 3436 5102 aeneae,
3458 5038 3517 5089 ut
3540 5030 3651 5090 hae

2016 5114 2183 5176 beret
2215 5113 2369 5194 quod
2404 5122 2601 5192 posset
2636 5112 2998 5176 distribuere
3042 5116 3421 5195 pauperibus,
3456 5120 3650 5178 statim

2018 5202 2449 5267 revertebatur.
2472 5202 2863 5281 Argentarius
2882 5214 3079 5266 autem
3103 5205 3393 5267 adhibens
3416 5214 3649 5268 noctem

2018 5293 2496 5373 intempestivam
2520 5293 2593 5355 ad
2618 5292 2766 5355 lucri
2784 5295 3186 5365 occasionem,
3212 5295 3412 5374 iniqua
3434 5296 3653 5358 trutina

2021 5381 2389 5464 ponderabat
2409 5399 2648 5445 aureos.
2683 5381 2790 5444 Ille
2813 5391 3008 5445 autem
3037 5384 3184 5445 nihil
3209 5383 3648 5466 cuutradicens,

2019 5492 2130 5535 nec
2151 5472 2395 5534 omnino
2416 5480 2694 5534 accurate
2711 5472 3120 5545 considerans,
3153 5481 3357 5553 aperte
3376 5477 3654 5537 ostende-

2018 5564 2118 5626 bat
2146 5579 2212 5625 se
2234 5562 2435 5625 omnia
2455 5562 2800 5643 permittere
2825 5561 3206 5629 conscientia:
3226 5563 3354 5642 ejus
3377 5564 3476 5644 qui
3502 5583 3652 5646 pon—

2019 5651 2281 5717 derabat.
2311 5651 2453 5716 Cum
2482 5659 2675 5713 autem
2704 5653 2813 5713 hoc
2839 5670 2995 5734 saepe
3021 5653 3208 5731 fieret,
3237 5663 3293 5716 et
3320 5657 3653 5724 Marcianus
