4094 6196
435 320 547 397 451
1729 325 2008 390 MENSIS
2049 320 2500 394 JANUARIUS.
3686 331 3803 400 452

436 465 729 528 simulans
742 481 808 527 se
827 483 942 526 non
959 459 1296 540 intelligere
1312 475 1698 552 ,nequaquam
1716 457 1826 552 insi
1836 461 2045 552 mulart

2132 477 2146 521 ι
2173 464 2409 524 εένκάλει
2442 466 2517 539 τῷ
2573 467 2886 547 τραπεζίτῃ,
2936 465 3116 535 πολλὴ
3143 464 3398 536 ἔκπληξις
3429 472 3590 552 εἶχεν
3622 471 3801 549 αὐτὸν,

433 555 1012 635 argentarium,eum
1033 569 1250 629 magna
1265 548 1450 610 subiit
1472 547 1784 609 admiratio
1805 567 1817 608 :
1837 559 1896 610 et
1913 551 2045 612 simi

2171 557 2256 610 καὶ
2309 554 2421 630 ἅμα
2489 555 2588 622 τὴν
2647 555 2789 634 ὥραν
2849 557 3164 614 ἀνασκοπῶν
3225 559 3304 616 ὅτι
3345 563 3442 628 τῆς
3500 563 3684 626 νυκτὸς
3740 564 3802 618 τὸ

436 653 672 724 tempus
702 642 1112 712 considerans,
1159 657 1376 719 nempe
1427 635 1689 698 medium
1743 639 1957 715 noctis,
2005 659 2045 702 a.

2164 645 2512 718 μεσαίτατον,
2546 646 2620 708 εἰς
2661 646 2931 720 κρείττονα
2970 645 3229 725 λογισμὸν
3285 647 3504 726 ἐχώρει,
3566 653 3656 706 καί
3711 649 3801 717 τάς

438 733 744 794 meliorem
765 731 920 792 venit
942 727 1479 790 considerationem
1511 743 1523 788 :
1557 725 1852 806 cmpitque
1877 731 2039 811 suspi

2159 732 2462 809 ὑπολήψεις
2554 733 2862 812 ἐγγιζούσας
2927 736 3056 815 εἶχε
3135 744 3202 813 τῇ
3262 737 3507 815 ἀληθείᾳ,
3580 741 3667 796 καὶ
3723 741 3800 814 τῷ

431 821 550 882 cari
575 820 632 881 id
657 821 815 899 quod
849 827 972 880 erat
997 818 1221 879 veritati
1255 815 1524 896 propius,
1557 823 1616 876 et
1635 817 1919 878 Marciani
1943 819 2045 880 vita

2159 829 2466 899 Μαρκιανοῦ
2521 824 2620 899 βίῳ
2677 824 3002 899 πρεπούσας.
3079 824 3319 902 Ἀμέλει,
3381 830 3471 884 καί
3517 851 3635 885 τινα
3691 832 3795 887 τῶν

428 909 901 971 convenientius.
936 905 1133 970 Unum
1166 917 1328 968 certe
1372 923 1443 966 ex
1493 903 1615 965 suis
1666 906 1869 983 pueris
1895 907 2045 986 jussi

2156 916 2314 971 αὐτοῦ
2373 911 2572 969 παίδων
2658 912 2970 972 ἀκολουθεῖν
3040 914 3279 972 ἐκέλευεν
3364 918 3506 992 αύτῷ
3577 917 3791 994 ἐξιόντι,

431 1016 564 1058 eum
599 997 769 1076 sequi
799 995 1231 1075 egredientem,
1270 1004 1331 1056 ut
1346 994 1556 1085 sciret,
1579 993 1859 1085 quidnam
1889 995 1964 1056 ab
1998 1015 2045 1058 ei

2153 1001 2293 1058 ὥστε
2337 1005 2529 1078 μαθεῖν
2589 1012 2691 1061 ποῦ
2750 1024 2876 1060 ποτε
2937 1003 3036 1071 ἄρα
3082 1005 3148 1060 τα
3190 1006 3282 1062 τοῦ
3313 1007 3576 1085 κέρματος
3607 1011 3797 1082 ὲκείνῳ

430 1086 533 1148 illa
565 1089 795 1148 minuta
825 1086 997 1148 ﬁeret
1031 1086 1304 1174 pecunia.
1345 1082 1548 1164 Neque
1577 1084 1734 1174 enim
1765 1083 1840 1145 ab
1861 1103 2041 1165 argen

2151 1098 2444 1170 χωροῦσιν.
2509 1089 2763 1165 Οὒδαμῶς
2818 1095 2918 1171 γὰρ
2979 1093 3226 1159 ἐπίδηλος
3280 1097 3305 1150 ὁ
3364 1082 3664 1174 Μαρκιανὸς
3715 1097 3793 1171 τῷ

429 1175 577 1236 tario
597 1175 1076 1253 cognoscebatur
1098 1173 1527 1246 Marcianus,ut
1549 1171 1648 1251 qui
1675 1183 1809 1252 apte
1845 1176 2064 1236 vultum

424 1268 670 1343 celaret,
701 1266 937 1346 quando
973 1265 1045 1326 ad
1077 1265 1272 1345 ipsum
1306 1262 1772 1343 ingrediebatur,
1811 1276 1872 1324 ut
1902 1264 2062 1326 illam

425 1357 713 1416 minutam
733 1354 1034 1434 acciperet
1059 1353 1390 1433 pecuniam.
1432 1356 1620 1431 Atque
1646 1370 1793 1431 puer
1821 1353 2061 1432 quidem

421 1443 803 1528 sequebatur.
833 1443 1149 1523 Postquam
1173 1451 1369 1504 autem
1395 1442 1604 1502 incidit
1637 1441 1722 1502 vir
1747 1442 1982 1503 divinus
2001 1444 2062 1504 in

419 1542 727 1612 quemdam
762 1552 1076 1610 pauperem
1112 1547 1401 1594 mortuum
1427 1537 1483 1592 in
1510 1535 1984 1606 lectojacentem,
2009 1550 2062 1595 et

419 1634 726 1704 acceptum
753 1642 823 1685 ex
849 1622 1100 1703 quadam
1128 1621 1414 1702 cauponis
1439 1621 1825 1694 domuncula,
1848 1622 1984 1684 lavit
2004 1632 2062 1685 et

420 1716 660 1776 induit:
699 1723 756 1775 et
785 1731 918 1774 cum
967 1711 1345 1785 surrexisset,
1389 1720 1478 1771 est
1516 1711 1846 1790 amplexus,
1900 1721 1958 1775 et
1989 1732 2058 1775 eo

2150 1182 2436 1258 τραπεζίτῃ
2487 1181 2770 1258 γενόμενος
2849 1182 2938 1256 ἦν,
2999 1180 3266 1247 ἐπιδεξίως
3321 1185 3420 1250 τὴν
3477 1185 3599 1260 ὄψιν
3658 1185 3788 1242 ἔπι-

2147 1270 2534 1347 κρυπτόμενος,
2589 1270 2676 1326 ὅτε
2737 1272 2865 1348 πρὸς
2925 1271 3082 1326 αύτὸν
3140 1273 3304 1347 εἷσῇει
3362 1276 3423 1330 τὸ
3471 1274 3640 1352 κέρμα
3683 1273 3787 1331 λα·

2146 1355 2287 1420 ϐεῖν,
2322 1350 2379 1416 ’0
2411 1359 2510 1432 μὲν
2555 1359 2643 1415 οὖν
2676 1373 2806 1421 παῖς
2857 1359 3157 1426 ἠκολούθει.
3207 1360 3356 1418 Ἐπεὶ
3405 1362 3458 1418 δὲ
3493 1365 3576 1420 καὶ
3620 1371 3790 1442 νεκρῷ

2146 1449 2336 1514 πένητι
2398 1447 2636 1528 ἐντυχὼν
2690 1452 2718 1504 ὃ
2774 1453 2922 1514 θεῖος
2979 1451 3112 1527 ἀνὴρ
3144 1451 3231 1507 ἐπὶ
3287 1451 3470 1519 κλίνης
3529 1454 3784 1532 κειμένῳ,

2145 1533 2320 1592 λαϐὼν
2379 1535 2438 1592 ἔκ
2497 1558 2637 1600 τινος
2701 1537 2934 1594 οἰκίσκου
2997 1537 3302 1606 καπηλικοο
3359 1539 3542 1597 ἕλουσέ
3599 1562 3652 1596 τε
3698 1543 3790 1596 καὶ

2141 1626 2399 1705 ἠμφίασε,
2466 1629 2554 1683 καὶ
2613 1627 2912 1684 ἀναστάντα
2968 1629 3272 1698 ἠσπάσατο,
3324 1632 3410 1686 καὶ
3471 1630 3593 1686 εἶτα
3649 1631 3784 1685 ἀνα-

2141 1714 2319 1777 κλίνας
2370 1718 2516 1779 αὖθις
2564 1715 2724 1792 ἀπῄει
2762 1733 2774 1745 ·
2823 1724 2986 1772 ταῦτα
3036 1718 3126 1772 τὸν
3171 1716 3340 1774 παῖδα
3391 1717 3566 1775 ἰδόντα
3623 1719 3785 1798 φρίκη

418 1804 640 1866 deinde
669 1802 983 1875 reclinato,
1019 1819 1224 1862 rursus
1255 1799 1435 1861 abiit:
1464 1785 1738 1880 puerum,
1774 1785 1907 1864 cum
1931 1803 2045 1865 haec

2143 1807 2401 1884 κατέσχε,
2487 1807 2575 1861 καὶ
2653 1807 2900 1885 στραφεὶς
2988 1807 3060 1871 ὡς
3137 1810 3306 1887 ταχος
3375 1816 3454 1881 τῷ
3510 1808 3785 1883 πέμψαντι

419 1895 684 1970 vidisset,
701 1894 916 1954 horror
939 1890 1172 1964 invasit,
1191 1900 1248 1952 et
1270 1908 1617 1964 conversus,
1646 1909 1823 1969 quam
1847 1891 2057 1954 citissi-

420 2001 513 2046 me
537 1983 665 2045 (ieri
689 1981 1106 2064 potuit,omnia
1125 1980 1388 2042 declarat
1409 1981 1462 2041 ei
1483 1978 1764 2059 quiillum
1791 1981 2051 2044 miserat.

413 2072 587 2134 Illum
602 2083 800 2134 autem
815 2069 996 2132 subiit
1012 2069 1360 2150 paenitentia
1385 2087 1616 2144 eorum,
1641 2088 1772 2149 quae
1791 2069 2048 2133 fecerat:

415 2176 471 2226 et
504 2163 662 2243 quod
695 2180 759 2224 se
784 2161 1159 2241 iniquissime
1184 2162 1242 2219 in
1267 2168 1537 2220 sanctum
1561 2169 1848 2237 gesserat,
1873 2161 2054 2224 deﬂe-

414 2253 534 2326 bat,
567 2262 624 2314 et
656 2269 860 2333 poenas
889 2249 1158 2310 sumebat
1187 2248 1262 2310 de
1305 2267 1410 2309 sua
1460 2249 1848 2312 conscientia.
1881 2253 2055 2314 Certe

411 2361 546 2404 cum
579 2344 629 2402 is
649 2359 857 2403 rursus
878 2337 1161 2412 venisset,
1187 2347 1248 2399 ut
1276 2337 1500 2400 faceret
1531 2337 1776 2414 similia,
1803 2341 2056 2420 procidit

411 2433 467 2494 ei
486 2431 558 2493 ad
591 2432 794 2512 pedes,
823 2442 882 2490 et
904 2429 1216 2490 confessus
1237 2436 1440 2504 estea,
1467 2446 1599 2508 quae
1621 2429 1774 2490 male
1796 2430 2046 2492 fecerat:

411 2532 468 2584 et
491 2521 780 2602 quidquid
807 2537 913 2601 per
925 2518 1196 2580 fraudem
1215 2519 1474 2580 lucratus
1493 2517 1704 2593 fuerat,
1729 2537 2047 2584 enumera-

409 2613 510 2674 vit.
537 2611 620 2674 Ita
644 2613 799 2673 bona
818 2620 1022 2671 tacens
1043 2609 1199 2670 actio
1219 2609 1386 2688 plura
1411 2617 1602 2688 potest
1624 2611 1843 2686 facere,
1869 2629 2045 2690 quam

408 2702 726 2764 verborum
762 2699 1079 2761 multitudo
1110 2716 1122 2760 :
1163 2707 1219 2761 et
1251 2697 1470 2775 quibus
1503 2698 1650 2760 nihil
1675 2710 1921 2779 prosunt
1944 2719 2045 2764 re-

410 2791 846 2874 prehensiones
871 2798 929 2852 et
949 2789 1284 2862 suasiones,
1310 2787 1382 2848 iis
1409 2807 1563 2868 opus
1585 2788 1881 2850 laudabile
1902 2808 2044 2870 pro-

409 2882 636 2945 cedens
657 2881 920 2959 silentio,
955 2888 1012 2939 et
1035 2879 1288 2940 latenter
1309 2877 1721 2940 transmissum
1743 2878 1816 2938 ad
1835 2897 2045 2941 eorum

404 2971 860 3044 conscientiam,
892 2968 1173 3032 meliores
1201 2965 1487 3042 reddidit,
1521 2978 1577 3028 et
1608 2967 1824 3042 effecit,
1861 2977 1924 3028 ut
1946 2968 2048 3029 bo-

400 3083 542 3125 nurn
567 3083 671 3124 sua
696 3071 901 3136 sponte
920 3064 1230 3120 discerent.
1256 3061 1496 3120 Dlviuus
1517 3070 1706 3118 auttm
1727 3063 2046 3120 Marcianus

401 3174 536 3216 cum
562 3153 816 3215 dixisset
837 3168 901 3211 se
927 3149 1109 3211 fuisse
1133 3148 1292 3209 nulla
1314 3148 1590 3209 aifectum
1611 3147 1848 3226 injuria,
1873 3148 1947 3208 ab
1971 3166 2041 3210 eo

2132 3145 2354 3210 διδόντος
2413 3148 2473 3202 τὸ
2532 3145 2720 3203 λοιπὸν
2778 3147 3050 3226 ἀπέσχετο
3086 3163 3101 3177 ⁸

403 3245 558 3326 quod
589 3244 863 3316 dabatur,
903 3247 962 3301 et
991 3239 1092 3319 qui
1119 3236 1295 3298 dabat
1322 3254 1387 3298 se
1419 3235 1703 3317 deinceps
1732 3237 2039 3302 abstinuit:

402 3351 519 3394 non
547 3348 819 3408 tanquam
839 3333 1162 3404 improbum
1189 3332 1437 3402 aliquem
1457 3345 1726 3388 avarsans
1751 3332 1866 3388 :illi
1888 3337 2042 3392 enim

403 3442 522 3484 non
554 3423 747 3484 solum
782 3419 1025 3499 ignovit,
1053 3416 1156 3478 sed
1179 3415 1356 3476 etiam
1378 3415 1678 3496 professus
1709 3427 1798 3479 est
1821 3436 1886 3479 se
1904 3437 2038 3480 eum

401 3513 624 3574 habere
649 3507 1081 3572 amicissimum
1107 3528 1118 3563 :
1145 3505 1250 3566 sed
1278 3513 1394 3566 toto
1415 3505 2038 3586 pedefugiebatcram-

400 3601 542 3676 ben,
579 3620 648 3662 ex
679 3617 827 3660 vana
858 3597 1043 3676 gloria
1076 3603 1548 3675 proserpentem,
1585 3608 1644 3657 et
1693 3616 1810 3658 non
1839 3600 2040 3662 volens

399 3709 508 3752 sua
563 3689 740 3751 alicui
787 3686 1012 3748 homini
1067 3684 1196 3744 ﬁeri
1247 3683 1582 3758 manifesta,
1635 3687 1740 3746 sed
1788 3707 1857 3749 ea
1884 3689 2038 3770 apud

397 3779 584 3840 Deum
610 3777 800 3840 solum
826 3792 1150 3854 reponens.
1177 3771 1341 3834 Licet
1358 3792 1500 3852 ergo
1522 3773 1578 3835 ei
1596 3774 1699 3852 qui
1721 3778 2039 3850 velit,con-

401 3868 690 3940 siderare,
720 3864 1007 3944 quidnam
1022 3861 1186 3943 prius
1205 3863 1388 3944 possit
1405 3863 1710 3938 admirari,
1728 3867 2041 3944 insignene

400 3956 777 4029 miraculum,
811 3973 885 4014 an
920 3952 1331 4014 beneﬁcentiae
1361 3953 1648 4025 studium,
1681 3973 1754 4016 an
1785 3955 1847 4016 in
1895 3958 2036 4018 uni-

396 4064 565 4108 versa
596 4042 1041 4105 machinatione
1067 4043 1197 4121 ejus
1226 4043 1411 4104 animi
1443 4043 1882 4107 liberalitatem.
1917 4046 2037 4110 Ve-

397 4154 528 4196 rum
563 4135 877 4196 enimuero
921 4131 995 4194 de
1044 4133 1200 4194 illius
1232 4131 1626 4195 beneﬁcentia
1657 4137 1844 4198 oratio
1875 4136 2036 4198 aliud

398 4243 634 4306 quoque
665 4223 891 4286 bonum
926 4223 1071 4284 mihi
1099 4230 1338 4286 revocat
1369 4223 1429 4284 in
1462 4226 1832 4288 memoriam.

466 4323 601 4380 XIX.
626 4323 756 4380 Haec
774 4327 953 4382 virtus
979 4325 1027 4379 ei
1057 4333 1228 4379 tantae
1250 4331 1370 4379 erat
1393 4337 1560 4387 curae,
1579 4333 1640 4380 ut
1659 4335 1890 4395 propter
1911 4341 2035 4383 earn

2140 1897 2314 1952 πάντα
2368 1893 2641 1971 διασαφεῖ.
2715 1897 2816 1951 Τὸν
2897 1893 2951 1950 δὲ
3010 1896 3264 1970 μετάνοια
3324 1898 3429 1954 τῶν
3482 1897 3784 1974 γενομένων

2139 1985 2331 2060 εἷσῄει,
2363 1985 2451 2039 καὶ
2504 1983 2587 2063 ἐφ’
2638 1983 2727 2048 οἷς
2781 1985 2912 2062 πρὸς
2943 1987 3035 2040 τὸν
3065 1983 3211 2040 ὅσιον
3241 1985 3543 2043 ἀδικώτατα
3574 1983 3782 2053 διετέθη

2139 2073 2478 2150 μετακλιίων
2529 2073 2619 2146 ἦν,
2680 2074 2768 2129 καὶ
2843 2075 3103 2152 τιμωρίαν
3177 2073 3281 2130 ἀπὸ
3333 2082 3425 2132 τοῦ
3482 2073 3779 2137 συνειδότος

2137 2167 2323 2221 ἒαυτὸν
2369 2164 2836 2241 εἰσπραττόμενος.
2895 2162 3138 2242 Ἀμέλει,
3207 2163 3299 2219 καῖ
3360 2165 3776 2242 παραγενομένῳ

2139 2253 2298 2311 πάλιν
2357 2250 2439 2332 ἐφ’
2508 2256 2552 2325 ᾧ
2635 2253 2700 2308 τὰ
2770 2250 2930 2328 ὅμοια
3006 2252 3242 2332 πράξειε,
3317 2253 3645 2331 προσέπιπτέ
3714 2273 3773 2309 τε

2138 2357 2257 2406 τοῖς
2289 2342 2490 2398 ἐκείνου
2550 2343 2696 2421 ποσὶ,
2756 2340 3078 2420 διωμολόγει
3134 2344 3200 2400 τὰ
3229 2346 3532 2422 πραχθέντα
3565 2351 3768 2418 κακῶς,

2139 2436 2225 2490 καὶ
2282 2439 2385 2488 πᾶν
2441 2433 2502 2487 τὸ
2588 2431 2973 2498 πλεονεκτηθὲν
3057 2433 3372 2507 ἀπηρίθμει.
3431 2432 3580 2490 Οὕτω
3631 2438 3771 2511 πρᾶ-

2133 2524 2207 2590 ξις
2239 2523 2413 2600 ἀγαθὴ
2471 2527 2728 2577 σιωπῶσα
2773 2521 2977 2595 μᾶλλον
3023 2521 3058 2588 ἢ
3102 2520 3281 2591 πλήθη
3309 2522 3566 2598 ῥημάτων
3596 2519 3769 2578 ἀνύειν

2131 2612 2367 2684 δύναται,
2425 2612 2513 2666 καὶ
2571 2609 2658 2673 οὒς
2742 2609 2962 2689 ἔλεγχοι
3021 2612 3108 2666 καὶ
3195 2610 3534 2688 παραινέσεις
3621 2607 3769 2668 οὗδὲν

2128 2701 2366 2774 ὤνησαν,
2440 2701 2645 2761 τούτοις
2706 2699 2858 2778 ἔργον
2915 2701 3193 2757 ἐπαινετὸν
3249 2701 3470 2780 ἡσύχως
3529 2706 3769 2780 χωροῦν,

2131 2793 2218 2847 καὶ
2270 2791 2484 2869 ἀφανῶς
2544 2789 2716 2845 αὐτῶν
2765 2794 2865 2856 τῆς
2922 2787 3272 2859 συνειδήσεως
3330 2791 3765 2870 παραπτόμενον,

2131 2879 2414 2936 έϐελτίωσε
2484 2880 2571 2934 καὶ
2645 2877 2965 2956 αὐθαιρέτως
3040 2882 3371 2955 μεταμαθεῖν
3441 2881 3501 2936 τὸ
3573 2880 3766 2958 ἀγαθὸν

2128 2967 2525 3046 παρασκεύασε.
2604 2958 2662 3023 Ὀ
2738 2965 2792 3022 δὲ
2848 2971 2995 3032 θεῖος
3056 2970 3356 3046 Μαρκιανὸς
3417 2967 3584 3046 μηδὲν
3640 2965 3764 3036 ηδι-

2129 3060 2320 3126 κῆσθαι
2405 3058 2602 3135 φήσας,
2695 3063 2786 3113 τοῦ
2846 3079 2898 3113 τε
2972 3055 3253 3134 διδομένου
3312 3059 3398 3115 καὶ
3461 3063 3618 3118 αὐτοῦ
3672 3063 3764 3114 τοῦ

3158 3152 3260 3227 οὐχ
3290 3150 3362 3212 ὡς
3394 3148 3460 3204 ἅν
3487 3169 3605 3204 τινα
3664 3168 3764 3203 πο-

2127 3236 2286 3315 νηρὸν
2360 3235 2746 3315 ἐκτρεπόμενος
2823 3235 3029 3316 (ἐκείνῳ
3115 3240 3215 3314 γὰρ
3313 3239 3372 3294 ού
3439 3235 3762 3315 συγγνώμην

2127 3325 2311 3388 ἁπλῶς
2347 3323 2576 3404 ἔνειμεν,
2608 3323 2744 3382 ἀλλὰ
2801 3327 2890 3381 καὶ
2947 3325 3196 3405 φίλτατον
3228 3327 3384 3383 αύτὸν
3417 3323 3764 3402 διωμολόγη-

2125 3437 2214 3472 σεν
2247 3412 2449 3494 ἔχειν),
2483 3413 2604 3469 ἀλλ’
2635 3413 2744 3488 ὅλῳ
2789 3411 2906 3470 ποδὶ
2965 3415 3172 3494 φεύγων
3208 3415 3306 3481 τὴν
3351 3414 3458 3470 ἀπὸ
3514 3413 3608 3481 τῆς
3651 3433 3764 3487 μα-

2122 3508 2270 3570 ταίας
2327 3502 2481 3570 δόξης
2537 3525 2908 3582 παρερπουσαν
2971 3501 3201 3583 βλάϐην,
3264 3507 3352 3560 καὶ
3418 3503 3513 3560 οὐκ
3571 3499 3764 3558 ἐθέλων

2122 3593 2287 3653 οὔδενὶ
2317 3593 2606 3671 ἀνθρώπων
2637 3597 2701 3649 τὰ
2734 3595 2920 3650 ἑαυτοῦ
2977 3591 3112 3660 δῆλα
3171 3597 3431 3672 γίνεσθαι,
3493 3590 3631 3648 ἀλλὰ
3687 3597 3764 3664 τῷ

2125 3691 2240 3758 Θεῷ
2294 3693 2458 3742 ταῦτα
2516 3683 2663 3758 μόνῳ
2729 3685 3133 3759 ταμιευόμενος.
3193 3685 3427 3762 Πάρεστι
3486 3682 3762 3758 τοιγαροὸν

2122 3779 2198 3850 τῷ
2249 3773 2560 3849 βουλομένῳ
2602 3786 2851 3848 σκοπεῖν,
2884 3773 2934 3828 τί
2987 3795 3069 3838 τις
3102 3775 3356 3852 πρότερον
3399 3772 3521 3851 ἔχοι
3551 3770 3761 3845 θαυμά-

2123 3873 2253 3937 ζειν,
2301 3864 2399 3930 τὴν
2445 3870 2535 3918 τοῦ
2589 3865 2853 3936 θαύματος
2896 3861 3222 3941 ὑπερϐολὴν,
3255 3863 3290 3930 ἢ
3322 3865 3422 3929 τὴν
3478 3860 3604 3938 περὶ
3666 3859 3759 3926 τὴν

2123 3953 2358 4012 εὐποιίαν
2420 3950 2681 4026 σπουδὴν,
2740 3953 2837 4018 τὴν
2894 3957 2992 4019 τῆς
3043 3950 3196 4018 δόξης
3246 3950 3563 4029 ὑπεροψίαν,
3595 3948 3631 4017 ἢ
3661 3948 3761 4015 τὴν

2120 4043 2319 4104 παντὸς
2371 4041 2746 4120 τεχνάσματος
2802 4042 2898 4110 τῆς
2959 4041 3184 4119 γνώμης
3228 4040 3547 4119 ἐλευθερίαν,
3611 4035 3764 4094 Ἀλλ’

2122 4141 2272 4197 οὗτος
2305 4139 2429 4210 γούν
2461 4133 2488 4186 ὁ
2515 4135 2613 4198 τῆς
2645 4132 2880 4196 εὐποιίας
2911 4131 3112 4188 ἐκείνου
3141 4131 3299 4210 λόγος
3331 4132 3416 4187 καὶ
3445 4129 3624 4210 ἑτέρου
3659 4125 3759 4197 ἢδη

2121 4223 2518 4298 ἀναμιμνήσκει
2550 4222 2733 4281 καλοῦ.

2204 4320 2308 4378 ιϐ’.
2372 4320 2612 4386 Τοσαύτη
2671 4321 2772 4398 γὰρ
2830 4329 2906 4396 τῷ
2990 4319 3134 4400 ἀνδρὶ
3186 4323 3221 4389 ἡ
3279 4322 3396 4400 περὶ
3449 4317 3605 4391 τήνδε
3658 4320 3758 4386 τὴν

395 4424 468 4469 ne
483 4413 541 4466 in
556 4412 923 4467 meretricum
938 4409 1170 4480 quidem
1187 4412 1388 4465 domos
1401 4409 1593 4465 venire
1607 4410 2036 4483 dedignaretur,

2132 4411 2314 4490 Ξιρετὴν
2367 4408 2670 4484 ἐπιμέλεια,
2729 4410 2867 4468 ὣστε
2924 4412 3084 4491 χάριν
3143 4410 3307 4479 αὐτῆς
3363 4412 3452 4467 καὶ
3491 4411 3565 4474 εἰς
3623 4431 3758 4489 πορ-

391 4514 590 4576 neque
612 4514 741 4556 eam
761 4514 888 4557 rem
908 4513 1042 4557 esse
1067 4503 1302 4574 turpem
1327 4494 1720 4556 existimaret:
1749 4498 1852 4558 sed
1873 4497 1949 4559 ad
1966 4498 2031 4558 il-

2132 4504 2264 4566 ρικάς
2315 4501 2482 4563 οἷκίας
2513 4505 2695 4578 φοιτᾲν
2755 4502 2832 4574 μὴ
2890 4501 3164 4575 ἀπαξιοῦν,
3239 4497 3378 4575 μηδὲ
3449 4501 3510 4556 τὸ
3567 4505 3759 4579 χρῆμα

391 4587 514 4646 lum
530 4586 750 4666 ipsum,
768 4603 945 4665 quem
961 4583 1573 4662 diligebat,Cliristum
1593 4586 1890 4666 aspiciens
1911 4598 2036 4649 tan-

2132 4596 2175 4652 ἓν
2231 4615 2279 4648 τι
2341 4595 2446 4646 τῶν
2494 4591 2746 4664 ἀκόσμων
2779 4592 3028 4668 ἡγεῖσθαι
3059 4606 3073 4621 ⁸
3105 4589 3224 4646 ἀλλ’
3259 4593 3333 4653 εἷς
3365 4591 3520 4646 αύτὸν
3550 4589 3758 4646 ὶκεῖνον

389 4693 570 4756 quam
594 4675 666 4735 ad
695 4675 1020 4756 exemplar,
1051 4675 1306 4750 quicum
1329 4673 1660 4753 publicanis
1683 4685 1741 4738 et
1765 4687 2036 4756 peccato-

2132 4687 2178 4742 ὃν
2211 4681 2376 4763 ἐφίλει
2428 4681 2654 4758 Χριστὸν
2688 4679 2868 4759 ὥσπερ
2898 4682 2970 4745 εἷς
3000 4681 3302 4760 ἀρχέτυπον
3351 4680 3626 4759 ἀφορῶντα
3675 4678 3756 4758 (ὃς

392 4765 562 4826 ribus
585 4775 830 4845 propter
851 4783 1059 4826 eorum
1081 4764 1332 4824 salutem
1370 4783 1527 4846 saepe
1549 4765 1754 4826 habuit
1772 4785 2035 4829 consue-

2132 4777 2209 4834 ιαὶ
2266 4771 2522 4832 τελώναις
2581 4769 2665 4826 ἐπὶ
2750 4773 2986 4851 σωτηρίᾳ
3068 4772 3156 4828 καὶ
3212 4767 3556 4849 ἁμαρτωλοῖς
3613 4769 3754 4826 πολ-

399 4857 686 4932 tudinem,
713 4867 769 4918 et
792 4857 959 4917 malis
987 4855 1269 4917 suaderet
1309 4855 1684 4933 mulieribus,
1711 4876 1844 4938 quae
1870 4869 2038 4922 erant

2132 4867 2272 4928 \a'rxtc
2329 4860 2625 4937 ὡμιληκὼς
2669 4860 2778 4935 ἦν),
2828 4864 2912 4918 καὶ
2959 4863 3117 4921 αὐτὸν
3166 4861 3366 4940 γυναιξὶ
3412 4858 3634 4939 φαύλαις
3689 4860 3758 4915 τὰ

392 4948 666 5003 salutaria
688 4969 697 4996 :
714 4948 930 5017 quibus
949 4959 1373 5015 nonnunquam
1399 4948 1591 5016 inopia
1618 4961 1739 5004 erat
1759 4963 1928 5006 causa
1943 4951 2031 5006 sui

2132 4957 2355 5028 ῖωτήρια
2402 4963 2705 5029 παραινεῖν,
2754 4952 2845 5016 αἷς
2900 4953 2934 5018 ἡ
2985 4952 3176 5030 ἀπορία
3224 4950 3474 5012 ὑπόθεσις
3527 4949 3614 5021 ἦν,
3666 4947 3760 5004 ὅτε

394 5037 836 5106 interitus,dum
854 5038 1086 5100 vellent,
1113 5037 1256 5105 proh
1278 5035 1424 5092 dolo:
1445 5036 1459 5090 l
1484 5052 1588 5093 suo
1612 5051 1850 5110 corpore
1879 5055 2034 5110 quae-

2132 5052 2214 5113 εῆς
2273 5043 2474 5100 έαυτῶν
2545 5041 2838 5121 ἐτύγχανεν
2914 5041 3208 5116 ἀπωλείας,
3273 5039 3379 5095 ἀπὸ
3438 5046 3531 5096 τοῦ
3600 5037 3751 5116 ἰδίου,

391 5135 543 5187 stum
579 5126 798 5188 facere.
852 5128 917 5188 ln
949 5144 1052 5186 eas
1081 5143 1220 5204 ergo
1264 5127 1452 5204 magis
1483 5137 1607 5188 erat
1637 5129 1936 5209 profusus,
1974 5139 2034 5192 et

2132 5134 2257 5216 ρεῦέ
2322 5135 2571 5209 σώματος
2623 5135 2922 5210 πορίζεσθαι
2965 5132 3336 5210 βουλομέναις.
3378 5131 3515 5208 Πρὸς
3559 5133 3753 5193 ταύτας

387 5218 620 5275 dextera
651 5219 837 5289 magis
861 5229 1162 5288 promptus
1187 5219 1440 5286 optimus
1464 5219 1815 5279 Marcianus:
1839 5233 1891 5279 et
1910 5237 2028 5280 ma-

2132 5233 2394 5306 τοιγαροῦν
2444 5226 2532 5279 καὶ
2588 5221 2794 5298 μαλλον
2852 5226 2879 5279 ὁ
2934 5224 3175 5304 χρηστὸς
3233 5223 3299 5278 τὰ
3361 5225 3534 5278 πάντα
3600 5226 3755 5299 Μαρ-

388 5305 547 5366 xime
578 5306 626 5365 si
657 5306 1002 5384 contigisset
1033 5304 1246 5366 festum
1283 5305 1375 5382 agi
1409 5304 1504 5366 die
1533 5309 1830 5387 sequenti.
1865 5311 2030 5373 Tunc

386 5402 542 5456 enim
567 5407 687 5456 erat
711 5410 942 5470 paratus
967 5399 1132 5470 plura
1159 5399 1240 5455 eis
1263 5399 1442 5468 prmbt
1461 5413 1721 5470 re,quam
1747 5401 2032 5460 illaerant

386 5488 724 5559 accepturae
753 5497 825 5542 ex
855 5480 1253 5542 abominanda
1274 5479 1578 5558 nequitia:
1603 5484 2030 5561 persuadebat-

388 5587 500 5646 que
522 5571 777 5630 eisetuti
802 5570 1054 5645 lavacro,
1081 5579 1136 5632 et
1161 5589 1223 5630 se
1249 5569 1306 5630 in
1331 5583 1682 5650 sequentem
1710 5570 1867 5632 diem
1894 5593 2027 5635 ser-

385 5681 517 5722 vare
546 5668 895 5738 impollutas,
925 5678 977 5726 et
1005 5670 1074 5726 ad
1097 5669 1406 5726 ecclesiam
1431 5670 1633 5727 deinde
1657 5672 1953 5742 accedere,
1977 5685 2033 5734 et

2111 5318 2294 5377 κιανὸς
2326 5312 2512 5387 πολλῴ
2541 5313 2672 5389 ῥέων
2722 5313 2787 5379 ἧν
2842 5317 2929 5370 καὶ
2981 5314 3344 5391 ἑτοιμότερος,
3378 5317 3466 5368 καὶ
3521 5308 3758 5386 μάλιστα

2115 5409 2158 5462 εἰ
2209 5407 2365 5485 τύχοι
2425 5407 2524 5469 τῆς
2584 5403 2837 5469 ἐπιούσης
2899 5404 3087 5482 ἑορτὴν
3142 5402 3384 5481 ἄγεσθαι.
3464 5402 3594 5458 Τότε
3651 5401 3754 5480 γὰρ

2113 5494 2208 5550 καί
2270 5494 2438 5550 πλείω
2481 5491 2739 5571 παρέχειν
2797 5491 2832 5560 ἢ
2882 5495 3086 5549 ὶκεῖναι
3125 5492 3225 5558 τῆς
3273 5488 3546 5567 βδελυρίας
3595 5489 3756 5566 ἔμελ-

2114 5584 2205 5639 λον
2251 5582 2530 5658 ἀποφέρειν
2589 5581 2932 5656 ἑτοιμότατος
2998 5582 3086 5655 ἦν,
3141 5579 3344 5656 λουτρῷ
3419 5602 3472 5636 τε
3531 5582 3755 5660 χρήσα-

2115 5677 2231 5731 σθαι
2289 5673 2376 5728 καὶ
2453 5671 2739 5746 ἁμιάντους
2813 5673 3150 5753 φυλαχθῆναι
3211 5679 3277 5748 τῇ
3341 5669 3460 5738 ἑξῆς
3520 5673 3750 5760 ἔπειθεν,
