4062 6194
481 310 599 381 455

1764 309 2045 378 MENSIS
2083 304 2538 380 JANUABIUS.

3707 313 3814 386 456

481 452 672 534 Aspar
703 458 760 512 et
793 447 1145 513 Adabarius.
1171 445 1280 519 Qui
1307 443 1417 505 etsi
1436 450 1635 534 essent
1657 443 1808 534 mala
1832 444 2096 526 opinioni

2199 449 2263 504 Οἳ
2323 451 2492 504 καίτοι
2549 447 2825 516 κακόδοξοι
2883 449 3052 531 ὄντες,
3099 451 3208 525 καὶ,
3263 464 3380 516 τοῖς
3443 451 3601 524 ὅρθῶς
3643 451 3814 531 ’έχουσι

481 531 737 622 prmditi,
774 548 832 601 et
863 539 936 600 iis
966 539 1064 618 qui
1099 545 1257 598 recte
1289 531 1653 607 sentiebant,
1682 532 2108 617 inimicissimi,

483 621 743 693 divinum
781 637 976 689 tamen
1006 625 1364 686 Marcianum
1399 641 1474 683 ne
1507 621 1678 683 facile
1719 623 1958 702 quidem
2013 627 2112 687 in-

481 721 634 782 tueri
657 714 1252 798 poterant,iusignem
1277 713 1404 792 ejus
1427 713 1702 773 virtutem
1727 723 2067 776 reverentes
2095 737 2107 774 :

477 818 534 869 et
566 806 699 866 ideo
731 802 815 863 illi
852 821 1126 880 magnum
1160 803 1450 862 honorem
1485 800 1848 874 tribuebant,
1875 811 1933 863 et
1956 813 2109 865 tem-

471 897 632 976 plum
668 910 895 969 magnaa
925 891 1269 965 Anastasiae,
1298 891 1454 972 quod
1479 889 1553 952 ab
1579 890 1676 951 illo
1699 891 1888 954 fuerat
1909 893 2112 954 condi-

475 991 624 1058 tum,
661 982 932 1063 pretiosis
962 981 1115 1042 vasis
1141 1000 1206 1042 ex
1233 999 1378 1042 auro
1400 988 1457 1042 et
1481 991 1725 1058 argento
1743 982 1910 1042 factis
1934 982 2108 1045 deco-

466 1070 899 1134 raverunt.1lle
920 1081 1119 1132 autem
1148 1070 1369 1131 donum
1398 1089 1820 1147 remunerans,
1847 1071 2110 1134 decrevit

470 1171 534 1224 ut
565 1160 778 1223 diebus
809 1159 1203 1234 solemnibus,
1233 1162 1420 1240 patria
1443 1178 1649 1220 eorum
1686 1159 1884 1238 lingua
1912 1162 2108 1225 ’Gothi

471 1252 630 1313 enim
664 1251 858 1330 erant)
894 1250 1179 1312 divinitus
1221 1249 1526 1330 inspirata;
1575 1247 1900 1330 Scriptura:
1948 1252 2003 1313 in
2037 1272 2107 1313 eo

468 1341 693 1421 templo
742 1340 1104 1418 legerentur.
1159 1338 1274 1401 Sed
1326 1339 1659 1419 Byzantinis
1707 1340 1945 1420 quidem
1982 1353 2107 1404 erat

467 1429 788 1493 Martianus
819 1429 966 1490 adeo
1003 1428 1398 1491 venerandus.
1436 1427 1697 1489 Vocabat
1726 1443 1922 1490 autem
1955 1429 2108 1493 fama

469 1540 569 1583 eas
597 1537 854 1602 quoque,
910 1538 1041 1599 quae
1093 1519 1296 1599 procul
1346 1519 1475 1579 sitze
1504 1527 1693 1593 erant,
1729 1520 2015 1596 civitates,
2050 1531 2106 1582 et

467 1610 730 1690 undique
757 1607 1166 1670 conﬂuebant:
1197 1609 1295 1668 alii
1319 1607 1583 1688 quidem,
1614 1611 1946 1690 percepturi
1973 1630 2106 1691 pec-

467 1708 731 1761 catorum
767 1697 1159 1769 curationem,
1185 1697 1285 1759 alii
1321 1716 1456 1759 vero
1491 1697 1832 1759 morborum
1864 1719 1878 1761 :
1907 1707 1968 1760 ut
1996 1718 2103 1762 nec

463 1789 712 1851 deerant
732 1787 971 1866 quidem
995 1787 1150 1867 quia
1171 1785 1357 1848 Roma
1379 1787 1563 1848 veteri
1584 1787 1918 1849 veniebant.
1944 1788 2104 1856 Inter

461 1897 614 1956 quos
641 1877 756 1939 alio
781 1894 1044 1957 quoque,
1070 1875 1227 1957 quod
1254 1875 1468 1938 iactum
1493 1885 1582 1938 est
1604 1875 1852 1955 dignum
1881 1897 2101 1942 merno-

461 1977 612 2045 ratu,
649 1986 770 2029 non
802 1984 906 2049 par
929 1984 1061 2028 esse
1084 1966 1341 2028 arbitror
1361 1965 1636 2028 fraudare
1656 1976 1880 2029 vestras
1899 1986 2096 2034 aures.

548 2146 712 2209 XXI.
757 2144 1037 2218 Quaedam
1071 2147 1229 2208 enim
1265 2144 1482 2206 mulier
1512 2144 1786 2206 laborans
1816 2146 2097 2210 diuturno

463 2238 626 2300 ﬂuxu
658 2236 964 2315 sanguinis
987 2236 1134 2296 adeo
1158 2235 1433 2312 graviter,
1466 2243 1526 2295 ut
1549 2233 1741 2295 omnis
1765 2236 2097 2314 medicinae,

467 2329 628 2410 quod
661 2327 732 2389 ad
768 2345 897 2388 eam
931 2324 1239 2400 attinebat,
1263 2343 1475 2385 vanum
1512 2325 1952 2388 existimaretur
1972 2339 2100 2392 stu—

458 2420 621 2481 dium
655 2425 717 2479 et
747 2433 1274 2496 supervacaneum.
1311 2414 1414 2489 Ea,
1449 2418 1641 2476 Roma
1684 2416 1890 2478 relicta
1943 2419 2094 2498 (eam

461 2509 622 2571 enim
656 2506 942 2569 vocabant
973 2506 1172 2568 divina
1214 2505 1380 2584 signa
1412 2505 1717 2579 Marciani,
1755 2527 1885 2586 quae
1914 2529 2095 2572 cane-

455 2599 671 2660 bantur
699 2597 772 2658 ab
805 2595 1132 2672 omnibus),
1183 2595 1450 2677 pervenit
1497 2594 2090 2679 Constantinopolim.

455 2689 661 2769 Neque
691 2705 829 2748 vero
857 2704 986 2747 eam
1023 2695 1246 2746 tantum
1282 2687 1392 2747 iter
1420 2686 1750 2748 confecisse
1798 2691 2090 2766 tmnituit,

453 2789 524 2841 ut
557 2798 686 2861 qua:
713 2788 872 2838 tanta
896 2775 1207 2839 vexatione
1240 2775 1388 2836 nihil
1421 2775 1662 2854 dignum
1716 2777 2043 2840 obtinuerit
2075 2802 2087 2842 :

450 2869 562 2932 sed
601 2867 782 2930 simul
815 2873 879 2929 ut
903 2866 978 2928 ad
1017 2867 1243 2944 justum
1294 2866 1549 2927 acces:it
1594 2866 1981 2944 Marcianum,
2038 2877 2096 2931 et

454 2955 727 3020 morbum
755 2955 1136 3036 signiﬁcavit,
1159 2963 1359 3018 curata
1376 2963 1466 3015 est
1490 2954 1727 3017 mulier.
1753 2956 1911 3018 Talis
1933 2958 2092 3020 enim

452 3048 568 3110 fuit
597 3048 695 3110 hic
727 3047 815 3108 vir
846 3046 1099 3121 divinus,
1127 3054 1186 3106 ut
1208 3064 1317 3106 nec
1343 3052 1498 3107 tactu
1522 3044 1761 3125 quidem
1781 3065 1959 3128 saepe,
1987 3051 2092 3111 sed

452 3139 581 3201 sola
615 3136 958 3220 precatione
989 3144 1048 3197 et
1083 3139 1243 3196 nudo
1276 3143 1521 3214 aspectu
1554 3133 1837 3198 liberaret
1858 3155 1960 3199 eos
1991 3140 2091 3218 qui

2195 535 2349 604 δόξης
2419 536 2770 618 διαφερόντως
2833 539 3105 616 πολέμιοι,
3168 540 3315 616 ὅμως
3386 543 3676 618 Μαρκιανὸν
3733 545 3815 598 τὸν

2195 630 2339 683 θετον
2397 625 2514 686 οὒδὲ
2572 627 2924 706 προσϐλέπειν
2981 632 3215 710 εὐχερῶς
3273 627 3557 706 ἠδύναντο,
3617 632 3672 686 τὸ
3724 653 3812 687 πε-

2195 717 2305 794 ριὸν
2385 719 2546 774 αἰ)τοῦ
2628 723 2726 785 τῆς
2798 719 2990 793 ἀρετῆς
3069 717 3467 790 δυσωπούμενοι
3505 737 3518 751 ⁶
3600 721 3683 776 καὶ
3741 719 3817 776 διὰ

2193 813 2352 862 τσῦτο
2414 805 2620 876 πολλήν
2687 830 2746 864 τε
2802 809 2986 882 ἐκείνῳ
3044 809 3138 876 τὴν
3210 810 3376 884 τιμὴν
3417 808 3695 884 ἀπένεμον,
3738 811 3816 865 καὶ

2193 897 2283 951 τὸν
2335 893 2424 974 ᾧτ’
2488 898 2646 954 αὐτού
2700 898 2976 954 κτισθέντα
3029 899 3154 954 ναὸν
3207 904 3308 966 τῆς
3376 897 3614 976 μεγάλης
3665 898 3816 956 Ἀνα-

2193 987 2408 1042 στασίας
2495 987 2703 1043 σκεύεσι
2789 985 3102 1044 πολυτελέσι
3183 991 3391 1066 χρυσοῦ
3470 989 3554 1043 καὶ
3611 988 3815 1065 ἀργύρου

2191 1075 2575 1151 πεποιημένοις
2687 1075 3012 1156 ἐφαίδρυνον.
3101 1075 3364 1139 Κᾶκεῖνος
3458 1078 3555 1143 τῆς
3636 1075 3815 1152 δωρεᾶς

2193 1166 2375 1230 αὐτοὺς
2419 1163 2795 1245 ἀμειϐόμενος,
2862 1163 3226 1222 διετυπώσατο
3283 1166 3421 1221 κατὰ
3480 1167 3573 1230 τὰς
3633 1165 3816 1234 ἑπισήο

2191 1277 2319 1328 μους
2365 1255 2470 1310 τῶν
2514 1257 2727 1333 ἡμερῶν
2783 1261 2850 1332 τῇ
2907 1256 3110 1332 πατρίῳ
3162 1257 3335 1312 ubi:th
3393 1254 3610 1334 γλώττῃ
3668 1256 3814 1334 (Γότ-

2189 1347 2268 1400 θοι
2329 1345 2428 1423 γὰρ
2509 1345 2678 1422 ἦσαν)
2754 1345 2846 1406 τὰς
2923 1346 3302 1408 θεοπνεύστους
3365 1345 3575 1424 Γραφὰς
3632 1343 3682 1399 ἓν
3751 1349 3816 1416 τῷ

2189 1436 2312 1509 ἱερῷ
2384 1431 2514 1507 τῷδε
2591 1433 3065 1513 ἆναγινώσγεσθαι,
3140 1432 3277 1489 ἀλλὰ
3358 1434 3656 1505 Βυζαντίοις
3727 1432 3816 1507 μὲν

2187 1526 2352 1592 οὕτως
2386 1525 2651 1602 αἰδέσιμος
2681 1528 2748 1593 ἧν
2807 1529 2833 1582 ὁ
2879 1528 3035 1602 ἀνήρ,
3085 1526 3301 1584 Ἐκάλει
3360 1525 3417 1582 δὲ
3466 1529 3501 1596 ἡ
3545 1528 3696 1606 φήμη
3737 1526 3818 1580 καὶ

2186 1617 2275 1678 τὰς
2309 1618 2515 1694 μακρὰν
2572 1615 2873 1691 ᾠκισμένας
2929 1617 3036 1673 τῶν
3094 1615 3330 1690 πόλεων,
3391 1618 3479 1672 καὶ
3540 1615 3814 1695 πανταχό-

2184 1709 2268 1761 Θεν
2340 1705 2607 1784 συνέῤῥεον
2643 1722 2655 1736 ·
2733 1708 2779 1762 οἱ
2852 1706 2949 1780 μὲν
3024 1706 3454 1783 ἁμαρτημάτων,
3531 1707 3578 1760 οἱ
3627 1704 3678 1760 δὲ
3737 1705 3817 1760 καὶ

2184 1797 2503 1871 νοσημάτων
2556 1798 2655 1862 τὴν
2712 1796 2988 1872 θεραπείαν
3031 1795 3094 1852 ἅν
3127 1797 3483 1872 τρυγάσοντες
3522 1813 3535 1826 ⁶
3582 1797 3666 1851 καὶ
3710 1792 3817 1850 οὐδὲ

2183 1885 2278 1952 τῆς
2334 1884 2685 1964 πρεσϐυτέρας
2760 1884 3195 1959 ἁπελιμπένοντο
3255 1877 3498 1960 Ῥώμης,
3556 1882 3688 1940 ἀλλὰ
3739 1884 3817 1939 καὶ

2184 1977 2326 2033 αὐτοὶ
2384 1975 2709 2053 προσῄεσαν.
2755 1971 2844 2032 Ἐν
2888 1975 2978 2038 οἷς
3026 1976 3110 2030 καὶ
3155 1975 3376 2050 μνήμης
3427 1973 3569 2040 ἄξιόν
3620 1995 3668 2030 τι
3725 1995 3815 2049 γε-

2182 2067 2424 2143 νόμενον,
2460 2068 2519 2122 οὒ
2548 2062 2643 2128 τοίς
2665 2062 2919 2141 ὑμετέρας
2947 2064 3112 2127 ἀκοὰς
3141 2064 3302 2140 οἶμαι
3334 2067 3604 2139 ζημιώσαι
3638 2061 3810 2120 καλόν.

2265 2144 2392 2213 ΚΒ’.
2459 2157 2593 2221 Γυνὴ
2653 2153 2753 2232 γάρ
2809 2176 2888 2216 τις
2945 2153 3217 2232 αἱμοῤῥοίᾳ
3275 2153 3573 2228 πιεζομένη
3635 2153 3812 2232 χρονίᾳ

2184 2245 2322 2302 οὕτω
2379 2243 2662 2324 χαλεπῶς,
2717 2245 2788 2305 ὡς
2837 2249 3011 2299 πᾶσαν
3050 2244 3293 2322 ἰατρικὴν
3337 2243 3544 2324 τέχνην
3586 2241 3705 2298 ὅσον
3734 2240 3811 2298 ἐπ’

2183 2334 2316 2408 αὐτῇ
2396 2331 2629 2398 σπουδὴν
2705 2332 2932 2406 ματαίαν
3009 2332 3092 2388 καὶ
3174 2333 3430 2410 περιττὴν
3485 2333 3808 2407 νομισθῆναι,

2179 2422 2310 2489 αὐτὴ
2367 2423 2465 2490 τὴν
2523 2413 2736 2496 Ῥώμην
2819 2421 3183 2477 καταλιποῦσα
3272 2419 3386 2500 (καὶ
3444 2421 3544 2498 γὰρ
3601 2417 3811 2475 ἐκάλουν

2183 2513 2346 2580 αὐτὴν
2411 2515 2462 2567 αἱ
2535 2515 2851 2584 θεεσημεῖαι
2941 2517 3246 2588 Μαρκιανου
3333 2509 3588 2586 ᾁδόμεναι
3682 2509 3812 2586 παρὰ

2179 2601 2418 2680 πάντων)
2501 2602 2574 2664 εἰς
2677 2601 2776 2667 τὴν
2868 2599 3262 2657 Κωνσταντίνου
3348 2597 3634 2657 κατελαϐε.
3721 2598 3808 2655 Kui

2179 2691 2326 2749 οὐδὲν
2414 2689 2694 2766 ἐμέμψατο
2780 2690 2944 2764 ἑαυτῇ
3023 2694 3121 2756 τῆς
3202 2687 3537 2767 ὁδοιπορίας,
3597 2691 3668 2750 ὼς
3738 2687 3808 2761 μὴ

2178 2781 2320 2847 ἃξιόν
2353 2803 2400 2836 τι
2433 2779 2784 2840 κακοπαθείας
2817 2779 3080 2844 τοσαύτης
3111 2777 3428 2853 ἀποναμὲνη
3466 2798 3476 2810 ·
3542 2774 3660 2832 ἀλλ’
3704 2775 3806 2849 ἅμα

2179 2893 2235 2927 τε
2289 2869 2558 2948 προσῆλθε
2608 2875 2683 2942 τῷ
2731 2865 2937 2941 δικαίῳ,
3001 2869 3090 2922 καὶ
3144 2870 3242 2934 τὴν
3293 2867 3452 2924 νόσον
3509 2866 3803 2944 ἐγνώρισεν,

2179 2961 2212 3029 ἢ
2257 2981 2315 3017 τε
2347 2959 2500 3036 πηγὴ
2532 2957 2622 3014 τοῦ
2651 2955 2883 3032 αἵματος
2916 2955 3103 3034 ἔληγε,
3135 2959 3222 3012 καὶ
3251 2959 3286 3025 ἡ
3327 2957 3466 3034 γυνη
3511 2961 3608 3022 τῆς
3655 2955 3804 3033 θερα-

2178 3053 2327 3115 πείας
2384 3047 2639 3108 ἀπέλαυε,
2726 3053 2972 3110 Τοιοῦτος
3059 3046 3158 3122 γὰρ
3215 3047 3241 3101 ὃ
3300 3048 3450 3111 θεῖος
3510 3044 3661 3123 ἀνὴρ,
3739 3043 3804 3104 ὠς

2177 3140 2312 3218 μηδὲ
2344 3139 2453 3218 ἆφῆ
2483 3136 2767 3208 πολλάκις,
2800 3135 2938 3191 ἀλλὰ
2967 3136 3106 3214 εὖχῇ
3153 3134 3294 3212 μόνῃ
3325 3137 3418 3191 καὶ
3467 3132 3611 3210 ψιλῳ
3639 3132 3802 3210 βλέμ-

448 3226 842 3302 accedebant,
895 3233 952 3286 et
1005 3225 1056 3286 ei
1089 3223 1453 3286 exhibebant
1495 3225 1821 3303 negotium.
1867 3225 2090 3291 Tantus

2181 3253 2303 3306 ματι
2337 3231 2456 3290 τοὺς
2510 3227 2826 3304 προσιόντας
2882 3223 3236 3280 ἀπαλλάττων
3292 3223 3399 3280 τῶν
3431 3223 3800 3304 ἐνοχλούντων.

449 3318 698 3400 quidem
732 3316 842 3377 fuit
876 3314 1208 3376 Marcianus
1238 3313 1565 3375 miraculis.
1602 3311 1766 3376 Talis
1796 3325 1990 3377 autem
2022 3318 2095 3382 iis

2181 3327 2437 3379 Τοσοῦτοξ
2499 3316 2598 3390 μὲν
2654 3317 2681 3370 ὁ
2739 3315 3034 3390 Μαρκιανὸς
3091 3325 3208 3376 τοῖς
3261 3313 3518 3389 θαύμασι,
3568 3318 3802 3373 τοσοῦτος

449 3399 712 3490 quoque,
747 3423 881 3486 qua:
899 3414 1063 3467 recte
1094 3413 1238 3466 etex
1273 3404 1485 3464 virtute
1508 3413 1673 3482 gesta
1697 3414 1855 3480 sunt,
1884 3426 2092 3471 conve-

2181 3408 2230 3466 δὲ
2282 3410 2369 3466 καὶ
2423 3409 2538 3469 τοῖς
2598 3403 2650 3460 ἰν
2696 3403 2858 3481 ἀρετῇ
2886 3403 3281 3480 κατορθώμασι,
3333 3403 3473 3458 κατὰ
3532 3401 3650 3480 τὴν,
3683 3399 3806 3460 Τοὺς

447 3489 689 3558 nienter
739 3492 954 3555 divina
987 3491 1398 3573 promissioni,
1445 3510 1578 3570 quae
1607 3491 1752 3553 dicit
1783 3514 1796 3554 :
1830 3493 1955 3557 Eos
1985 3506 2093 3576 qui

2181 3497 2481 3569 δοξάζοντάς
2568 3515 2634 3569 με
2720 3490 2948 3571 δοξάσω,
3026 3489 3278 3569 θεολόγον
3333 3489 3680 3569 ἐπαγγελίαν,
3741 3494 3806 3544 Οὖ

448 3605 544 3649 me
576 3585 958 3666 glorificent,
983 3583 1333 3663 gloriﬁcabo
1353 3585 1406 3645 5.
1432 3581 1615 3662 Cujus
1645 3582 2091 3648 intercessioni-

2181 3591 2258 3646 καὶ
2335 3589 2478 3662 ἡμᾶς
2559 3581 2768 3660 γένοιτο
2853 3595 2975 3645 ταῖς
3053 3578 3355 3657 πρεσϐείαις
3442 3587 3548 3636 τῶν
3616 3578 3806 3635 ἐκείνου

446 3676 560 3738 bus
594 3676 768 3736 nobis
798 3674 1191 3748 concedatur,
1218 3671 1380 3735 illius
1404 3690 1539 3734 esse
1567 3671 1859 3736 bonorum
1895 3677 2081 3752 parti-

2181 3686 2580 3755 ιυμμετασχεῐν
2637 3673 2870 3749 ἀγαθῶν,
2928 3670 2981 3726 ἐν
3026 3675 3238 3748 Χριστῷ
3291 3667 3479 3736 ἰησοῦ
3534 3676 3610 3744 τῷ
3643 3667 3805 3745 Κυρίῳ

446 3765 637 3846 cipes,
667 3765 728 3826 in
763 3763 997 3828 Christo
1029 3763 1174 3826 Jesu
1205 3761 1460 3824 Domino
1494 3771 1723 3840 nostro,
1772 3764 1867 3826 cui
1899 3766 2086 3844 gloria

2181 3771 2346 3843 ἡμῶν,
2379 3769 2424 3840 ᾧ
2451 3766 2485 3832 ἡ
2515 3761 2636 3828 δόξα
2665 3761 2752 3817 καὶ
2783 3762 2842 3816 τὸ
2870 3761 3060 3838 κράτος
3088 3769 3176 3818 νῦν
3216 3760 3304 3816 οιαὶ
3349 3757 3432 3814 ἀεὶ
3468 3761 3556 3816 καὶ
3586 3759 3658 3821 εἷς
3691 3757 3804 3818 τοὺς

444 3866 503 3921 et
532 3855 800 3939 potentia
832 3872 988 3916 nunc
1021 3866 1080 3915 et
1108 3852 1170 3914 in
1202 3849 1420 3913 saecula
1449 3851 1827 3932 saeculorum,
1861 3858 2081 3922 Amen.

2181 3860 2364 3922 ιῖῶνας
2393 3863 2500 3913 τῶν
2533 3853 2763 3912 αἰώνων,
2796 3848 2993 3926 Ἀμήν,

517 3999 550 4048 5
579 3997 600 4058 1
633 3997 778 4071 Reg.
816 4006 878 4064 II,
915 3987 1014 4049 30.

2472 4151 3785 4179 ὥ

2463 4169 3788 4198 W

438 4173 1180 4204 ετ-

1157 4323 1295 4405 DE
1367 4321 1453 4415 S.
1532 4320 2176 4407 THEODOSIO
2247 4308 3090 4405 COENOBIARCHA

1596 4541 1778 4586 JUXTA
1820 4533 2286 4588 HIEHOSOLYIAM
2329 4538 2390 4584 IN
2430 4535 2654 4582 JUDEA.

1537 4707 1705 4772 (Anno
1775 4703 1882 4762 529
1945 4701 2074 4774 apud
2147 4701 2371 4758 Bolland.
2449 4699 2508 4753 11
2573 4695 2717 4760 Jan.)

2105 4981 2147 5031 ι)
2167 4971 2372 5036 Cilicia
2396 4967 2848 5043 celebre,etiam
2870 4966 3026 5049 apud
3053 4975 3347 5049 posteros,
3367 4954 3790 5049 cmnobium,in

557 5001 586 5078 Ξ
626 5001 669 5064 l.
717 4997 784 5062 S.
825 4994 1146 5061 Theodosii
1177 4993 1433 5073 natalis,
1481 4993 1644 5056 sacri
1675 4993 1958 5055 honores.
2105 4993 2848 5078 υξιιιίιδρειθυηξτεξιδῐη
2870 4993 3718 5078 δρμαξοδιυτξδ,ιξισιιζξιτξξιςέ

2165 5061 2424 5141 Scopulo
2456 5058 2819 5139 appellatum
2859 5077 2872 5119 :
2908 5057 3006 5120 hic
3039 5053 3351 5138 Cappadox
3401 5052 3463 5114 in
3495 5049 3794 5141 Palaestina

517 5163 779 5235 Quatuor
793 5178 909 5220 uno
925 5154 1482 5219 saeculoEcclesiam
1503 5151 2082 5216 illustravereTheo-

439 5253 614 5320 dosii,
651 5253 1047 5331 imperatores
1079 5246 1221 5319 duo,
1257 5247 1373 5306 duo
1404 5243 1930 5315 archimandritas;
1985 5241 2075 5302 illi

438 5341 778 5425 prudentia,
809 5339 1050 5420 pietate,
1081 5335 1389 5425 catholicae
1413 5334 1607 5425 studio
1629 5331 1961 5425 religionis,
1993 5348 2081 5425 se-

435 5421 570 5493 nior
601 5433 774 5492 etiam
806 5427 1023 5489 bellica
1055 5431 1310 5501 virtute;
1365 5424 1423 5485 hi
1475 5424 1608 5484 vita;
1658 5421 2076 5492 sanctimonia,

436 5523 743 5600 gloriaque
801 5517 1250 5580 miraculorum.
1305 5515 1528 5577 Horum
1565 5513 1800 5593 utrique
1844 5510 2081 5592 publica

439 5613 676 5670 «let-retu
700 5630 814 5670 uno
839 5611 1170 5686 eodemque
1191 5608 1284 5666 die
1309 5624 1614 5665 sacrarum
1641 5604 1936 5663 veneratio
1963 5611 2074 5676 est,

440 5700 626 5781 priori
649 5700 773 5759 fere
795 5695 867 5757 ab
888 5697 1032 5758 solis
1053 5695 1295 5770 ercis,
1323 5706 1380 5756 ut
1411 5711 1588 5774 supra
1615 5689 2082 5781 diiiuius,alte‘ri

439 5777 616 5850 etiam
642 5805 675 5849 a
696 5784 946 5848 Latinis.
964 5783 1074 5847 llle
1092 5785 1508 5848 Antiochenus
1533 5777 2078 5863 fuit,conditquein

2164 5134 2594 5213 monasterium
2619 5146 3058 5222 construxit,de
3077 5134 3194 5226 quo
3213 5150 3347 5225 post
3371 5141 3546 5223 paulo
3571 5157 3584 5202 :
3601 5134 3794 5216 junior

2164 5241 2260 5303 hic
2287 5241 2419 5316 fuit,
2455 5239 2682 5319 aliquot
2712 5246 2847 5318 post
2875 5236 3120 5298 alterius
3151 5233 3380 5296 obitum
3410 5229 3582 5292 annis
3602 5233 3786 5294 natus,

2163 5341 2227 5391 ut
2256 5331 2354 5412 qui
2383 5346 2610 5390 sacram
2644 5326 2862 5406 populo
2895 5325 3262 5406 Scripturam
3295 5321 3634 5412 explicaret,
3663 5326 3789 5412 curn

2163 5398 2536 5484 Theodosius
2566 5415 2620 5478 ΙΙ
2647 5398 2976 5496 imperator
3007 5398 3048 5476 ὁ
3069 5413 3214 5475 vivis
3243 5398 3499 5474 excessit
3527 5425 3624 5472 an.
3653 5398 3786 5464 450.

2164 5512 2365 5588 Longe
2391 5508 2541 5569 alius
2568 5505 2641 5566 ab
2665 5505 2757 5566 his
2789 5502 3164 5566 Theodosius
3198 5521 3270 5564 ex
3302 5497 3590 5588 monacho
3622 5507 3788 5586 pseu:

2165 5599 2561 5678 doepiscopus
2609 5593 3176 5673 [lierosolytnitanus
3225 5587 3786 5678 Eutyciiianus,_qltl

2164 5667 2854 5766 Marciani'imperatoris
2884 5667 3020 5743 vivit
3050 5690 3244 5756 aetate,
3283 5667 3525 5742 ut'iufra
3571 5674 3635 5736 in
3664 5667 3790 5730 Vita

2164 5775 2224 5844 S.
2259 5773 2556 5858 Euthymii
2585 5773 2664 5836 20
2689 5771 2954 5837 Januarii
2987 5772 3238 5834 dicetur.
