4094 6196
255 340 386 405 457

961 339 1151 404 VITA
1195 342 1255 403 S.
1305 333 1713 404 THEODOSII
1756 331 2370 400 C(ENOBIARCHE.
2434 372 2512 380 —
2570 339 2970 402 PROOEMIA.

3536 341 3654 406 458

350 477 413 536 2.
446 472 711 536 Natalem
736 471 991 552 igiturS.
1010 470 1334 536 Theodosii
1358 471 1792 534 cmnobiarchm
1812 472 1922 532 hoc
1949 479 1982 526 Α
2010 471 2231 533 femina
2255 473 2562 551 sanguinis
2587 473 2874 552 proﬂuvio
2896 474 3162 549 liberata,
3198 475 3258 536 in
3290 475 3426 550 vita,
3459 495 3520 541 n.
3546 478 3646 556 58,

257 566 368 628 die
391 565 470 625 ita
491 562 804 626 celebrant
826 561 1012 624 Graeci
1038 564 1096 623 in
1121 562 1454 639 Menologio
1479 581 1509 624 a
1533 563 1766 624 Canisio
1788 561 1920 621 edi-

256 665 322 712 to
357 676 370 708 :
403 654 863 710 Commmoratio
895 650 951 706 S.
987 653 1049 708 P.
1088 651 1154 708 N.
1194 652 1469 709 Theodosii
1514 651 1923 713 τοεηοὸὶανοθιω,

249 761 328 802 ex
365 743 561 816 oppido
596 741 817 798 Marissi
858 741 1236 813 Cappadociae.
1277 742 1537 799 Refertur
1569 751 1624 796 et
1657 742 1712 796 in
1753 741 1927 797 horo-

255 833 448 913 Iogio,
477 853 546 894 ac
569 830 917 910 Menologiis
940 831 1173 892 Maximi
1201 832 1389 912 episc.
1418 831 1926 911 Cytherazi,atque

253 921 684 1002 Christophori
710 921 1085 1002 proconsulis
1105 921 1458 1003 Mitylenaei:
1486 929 1542 982 in
1566 920 1924 983 Kalendario

256 1032 507 1094 quoque
536 1011 878 1074 Grmcorum
912 1028 944 1071 a
977 1009 1362 1073 Genebrardo
1393 1011 1576 1083 edito,
1605 1018 1662 1070 et
1693 1009 1920 1071 eisdem

257 1101 468 1164 verbis
500 1121 534 1162 a
566 1102 798 1163 Molano
826 1100 887 1160 in
918 1100 1102 1160 addit.
1139 1101 1210 1161 ad
1247 1099 1502 1164 Usuard.
1540 1121 1567 1158 α
1601 1098 1703 1160 Die
1728 1100 1921 1161 unde-

261 1194 419 1250 cima
455 1191 639 1248 sancti
673 1190 858 1246 Patris
888 1189 1195 1246 Theodosii
1233 1189 1672 1246 Caenobiarchaa.
1712 1208 1734 1240 ι
1771 1189 1919 1244 Mar-

265 1283 608 1356 tyrologium
629 1283 949 1337 Romanum.
991 1300 1012 1329 α
1059 1281 1120 1336 In
1153 1279 1527 1350 Cappadocia,
1564 1281 1620 1336 in
1659 1281 1782 1335 vico
1810 1279 1922 1334 Ilia-

263 1374 562 1452 gariasso,
609 1373 670 1432 S.
724 1369 1046 1432 'I‘iieodosii
1093 1368 1560 1439 C(enobiarchze,
1598 1369 1699 1450 qui
1737 1369 1922 1430 multa

268 1481 384 1543 pro
417 1462 532 1522 fide
565 1461 856 1527 catholica
887 1478 1096 1540 passus
1123 1470 1237 1524 est.
1280 1484 1301 1517 ι)
1340 1459 1704 1533 Galesinius,
1740 1476 1918 1520 secu-

268 1562 369 1613 tus
399 1551 741 1614 Graacorum
780 1549 1208 1629 Euchologion,
1247 1568 1378 1609 eum
1415 1550 1490 1610 t0
1516 1549 1782 1612 Januarii
1818 1567 1918 1608 re-

266 1643 426 1704 fert:
470 1667 494 1695 σ
531 1642 592 1702 1η
625 1639 850 1702 Graacia
881 1639 944 1702 S.
995 1639 1316 1700 Theodosii
1346 1639 1815 1700 Coenobiarchze.
1867 1640 1921 1701 Is

265 1729 616 1791 incredibili
663 1729 1020 1789 abstinentia
1061 1729 1192 1801 fuit,
1246 1737 1307 1787 ut
1340 1745 1445 1806 per
1478 1728 1719 1806 triginta
1762 1730 1920 1806 ipsos

2010 562 2265 623 refertur
2322 581 2536 624 cancro
2588 562 2648 623 in
2702 564 2961 626 mamilla
3018 565 3346 628 laborasse.
3401 564 3650 642 Eadem,

2010 651 2250 711 omissis
2305 661 2496 713 tamen
2549 652 2847 733 plerisque
2899 655 3222 733 miraculis,
3281 656 3559 735 leguntur
3593 659 3654 720 in

2011 740 2366 890 :ntthologio
2396 742 2760 816 Graecorum,
2814 761 2847 802 a
2899 742 3210 805 Clemente
3261 743 3391 807 VIII
3425 765 3650 828 appro—

2055 847 2085 890 a
2117 849 2174 890 o.

2055 847 2174 893 ato.

2236 964 2264 1042 §
2309 961 2380 1025 II.
2428 965 2572 1025 Vitas
2606 963 2674 1025 S.
2719 963 3040 1027 Theodosii
3069 971 3422 1045 scriptores.

2091 1093 2281 1156 Vitam
2317 1094 2380 1157 S.
2414 1094 2819 1156 Theodosiiex
2838 1094 3229 1175 Metaphra’ste
3259 1098 3445 1161 edidit
3477 1100 3649 1180 Lipo-

2008 1201 2217 1244 manus
2244 1192 2386 1244 tom.
2424 1183 2495 1259 ν,
2518 1193 2694 1264 atque
2726 1203 2794 1245 ex
2829 1203 2898 1244 eo
2931 1182 3160 1247 Surius.
3194 1185 3454 1250 Plurima
3481 1207 3552 1250 ex
3581 1206 3651 1252 ea

2005 1272 2296 1334 Baronius
2332 1285 2349 1331 t
2410 1272 2483 1334 VI
2516 1282 2573 1333 et
2609 1272 2712 1335 VII
2747 1291 2988 1333 suorum
3019 1275 3337 1337 Annalium
3369 1276 3645 1343 intexuit.

2005 1361 2122 1422 Nos
2155 1362 2424 1424 eamdem
2463 1361 2672 1423 damus
2700 1380 2837 1423 cum
2874 1381 2985 1422 ms.
3032 1363 3236 1425 Graeco
3271 1364 3651 1430 bibliotheca;

2005 1451 2304 1512 Vaticanm
2339 1451 2637 1530 collatam,
2674 1458 2730 1512 et
2765 1449 3036 1529 pluribus
3071 1451 3216 1513 locis
3247 1455 3647 1519 emendatam.

2005 1540 2221 1601 Eadem
2258 1548 2468 1614 exstat,
2499 1540 2602 1601 sed
2637 1549 2962 1613 contracta,
2986 1542 3192 1602 Latine
3217 1543 3276 1604 in
3305 1541 3452 1605 Vitis
3473 1547 3655 1608 Fran-

2005 1631 2144 1690 cisci
2177 1627 2372 1690 Harmi
2407 1639 2463 1690 et
2498 1629 2790 1709 Lippeloi,
2814 1648 2879 1691 ac
2909 1631 3070 1691 fastis
3101 1630 3375 1694 Marianis
3403 1655 3416 1708 ;
3452 1633 3652 1698 ltalice

2005 1719 2161 1780 edita
2186 1739 2216 1780 a
2236 1719 2513 1782 Gabriele
2543 1718 2840 1795 Flamma;
2871 1719 3187 1799 Hispaniae
3207 1741 3237 1783 a
3268 1720 3651 1788 Ribadineira

265 1839 466 1883 annos
497 1837 708 1898 panem
737 1837 852 1878 non
875 1818 1152 1896 gustarit,
1183 1817 1394 1895 palma)
1419 1817 1606 1878 fructu
1639 1831 1694 1879 et
1721 1818 1920 1897 paucis
1946 1838 1981 1887 Β
2004 1817 2233 1881 nostro,
2273 1818 2389 1870 etc.

264 1909 506 1990 siliquis
535 1907 806 1969 victitans
835 1927 848 1967 :
883 1909 1089 1987 sicque
1123 1906 1357 1987 corpori
1398 1926 1531 1967 cum
1565 1905 1763 1970 cibum
1809 1907 1918 1968 de-

267 2000 560 2078 traheret,
594 1998 851 2058 animam
883 1997 983 2059 ditt
1018 2006 1312 2077 noctuque
1339 2002 1494 2076 pavit
1522 1998 1757 2058 assidua
1793 2013 1917 2060 εω-

264 2090 510 2152 Iestium
545 2105 744 2148 rerum
777 2087 1306 2165 contemplatione.
1352 2085 1781 2166 iiZGaIesinium
1819 2105 1917 2148 se-

2084 1899 2140 1960 5.
2175 1900 2319 1960 Acta
2349 1916 2486 1959 vero
2520 1899 2645 1958 hinc
2673 1898 2887 1959 asserit
2941 1899 3230 1962 Baronius
3281 1902 3341 1963 in
3394 1905 3547 1966 notis
3574 1907 3648 1968 ad

2004 1987 2299 2066 Martyrnl.
2359 2013 2380 2045 (ι
2441 1987 2603 2048 omni
2651 1988 3058 2067 acceptatione
3115 1989 3491 2068 dignissima,
3531 2015 3558 2054 ›
3594 2004 3654 2056 et

2006 2077 2132 2142 t.VI
2157 2079 2378 2139 Annal.
2410 2097 2505 2140 an.
2537 2077 2644 2139 (2h.
2669 2077 2733 2138 5|
2759 2079 2776 2138 I
2798 2121 2809 2134 .
2835 2097 2892 2137 n.
2922 2077 3040 2140 Ε).οε
3084 2102 3105 2135 α
3137 2079 3320 2151 Quam
3351 2083 3653 2146 exactissi-

266 2180 477 2260 quitur
508 2175 986 2256 Martyrologium
1026 2165 1477 2238 Germanicum.
2007 2187 2100 2228 me
2124 2168 2470 2260 descripta,
2505 2168 2615 2228 etsi
2647 2165 2718 2227 ab
2751 2165 3001 2241 incerto,
3042 2176 3200 2230 certo
3252 2179 3448 2234 tamen
3492 2182 3646 2236 tem-

357 2270 418 2331 3.
447 2267 530 2328 De
553 2284 622 2328 eo
642 2266 842 2326 isthmc
865 2265 1444 2345 praedicantMenaaa.
1475 2290 1502 2322 α
1525 2265 1921 2328 venerandus
2006 2257 2167 2337 poris
2196 2256 2467 2334 ejusdem
2497 2263 2762 2327 auctore,
2796 2263 2856 2316 ut
2882 2256 3025 2316 nihil
3053 2257 3126 2317 sit
3152 2259 3464 2338 quodjure
3483 2281 3654 2325 revo-

269 2359 376 2422 hic
405 2361 471 2421 S.
502 2360 570 2418 P.
602 2354 674 2416 N.
708 2353 1082 2416 Theodosius
1117 2355 1175 2415 in
1212 2355 1500 2433 Mogariso
1538 2354 1923 2433 Cappadociae
2005 2347 2125 2407 cari
2161 2347 2343 2425 possit
2396 2346 2454 2406 in
2510 2346 2785 2415 dubium,
2837 2353 3036 2426 utpote
3086 2348 3332 2410 veritate
3383 2353 3545 2412 omni
3578 2371 3649 2415 ex

272 2443 889 2527 pago,Christianiset
905 2443 1532 2520 religiosisadmodum
1553 2443 1918 2523 parentibus,
2009 2443 2173 2527 parte
2206 2435 2555 2527 constantia.
2599 2458 2620 2490 ι)
2661 2433 2930 2527 Comvum
2957 2441 3259 2495 auctorem
3293 2437 3473 2499 fuisse
3507 2459 3650 2519 pro-

273 2520 610 2600 i’roaéresio
637 2546 696 2596 et
729 2533 976 2612 Eulogia
1008 2541 1200 2612 natus;
1232 2533 1405 2594 vitam
1437 2520 1780 2612 complexus
1809 2552 1929 2593 mo-
2010 2522 2149 2584 bant
2180 2521 2410 2612 quzede
2444 2520 2752 2612 Anastasio
2789 2521 3148 2602 imperatore
3180 2525 3409 2599 scribit,
3449 2548 3510 2592 η.
3543 2529 3645 2589 45.

274 2627 844 2698 nasticam,sacram
875 2611 1063 2684 induit
1087 2611 1394 2702 religionis
1427 2611 1649 2682 vestem
1677 2645 1688 2679 :
1719 2621 1925 2682 Hiero-
2017 2631 2040 2666 α
2075 2611 2231 2672 Tulit
2261 2611 2593 2702 aliquando
2615 2619 2881 2702 nostrum
2917 2631 3156 2702 quoque
3187 2621 3424 2688 tempus
3458 2620 3650 2698 impe-

275 2716 689 2796 solymamque
715 2714 1037 2794 profectus,
1058 2699 1604 2774 indeVAntiochiam
1633 2711 1796 2782 adiit,
1825 2712 1922 2772 ubi
2011 2711 2296 2796 ΐθξοῐᾫιη,
2326 2699 2426 2796 qui
2456 2699 2696 2796 quidem
2731 2701 2894 2796 prius
2926 2701 3113 2761 fuerat
3140 2705 3442 2782 (quantum
3475 2725 3653 2788 appa-

278 2789 635 2886 Symeonem
662 2789 942 2864 eiimium
967 2802 1134 2863 illum
1157 2802 1422 2881 Stylitam
1444 2801 1792 2876 convenit,a
1810 2821 1922 2881 quo
2009 2790 2198 2886 ιςεξκιί)
2229 2790 2538 2886 ρδξδδάίευε
2559 2789 2894 2886 voluptatis.
2928 2799 3230 2886 ρίξιιηθῐηο
3253 2803 3448 2855 autem
3474 2797 3652 2858 rebus

281 2879 486 2957 futura
509 2893 670 2955 illius
693 2892 823 2954 vitat
847 2879 1242 2954 sanctimonia
1277 2891 1363 2952 illi
1400 2894 1701 2972 praidicta,
1736 2900 1798 2951 ut
1828 2879 1930 2971 qui
2010 2879 2422 2972 ΐυὶίᾼςυεηίιιιε
2445 2897 2688 2972 campus
2708 2879 3154 2972 flestl'UPIiOHiS.
3178 2890 3233 2972 et
3252 2901 3401 2944 unus
3423 2885 3652 2972 scilicet

275 2988 476 3058 magni
502 2987 692 3058 gregis
719 2988 912 3043 ovium
934 2965 1931 3056 rationepollentiumfuturusesset
2012 2988 2084 3031 ex
2123 2970 2213 3030 his
2243 2969 2572 3049 pastoribus
2623 2967 2721 3058 qui
2767 2969 2962 3046 gregis
3005 2987 3144 3030 oves
3190 2965 3658 3052 dispergunt,'et

275 3055 527 3156 pastor:
568 3055 796 3134 Deinde
846 3069 1001 3152 apud
1066 3055 1395 3147 Longinum
1459 3068 1927 3132 Iaudatissimum
2014 3060 2385 3156 pe_riiliitt,_et
2416 3076 2518 3119 eas
2548 3055 3009 3156 turbidapotan‘t
3039 3059 3450 3156 subversione,
3483 3071 3562 3156 et,
3583 3073 3654 3156 ut

274 3147 588 3240 quemdam
605 3167 793 3222 virum
816 3147 989 3222 rebus
1008 3163 1220 3220 divinis
1243 3167 1299 3220 in
1317 3163 1629 3221 solitudine
1645 3163 1922 3224 eruditus,
1947 3200 1985 3250 Β
2013 3149 2243 3250 reliqua
2277 3148 2437 3209 illius
2469 3147 2936 3226 przetermittam,
2975 3148 3086 3208 hoc
3118 3149 3357 3228 quidem
3404 3153 3656 3234 accipiet

279 3238 358 3314 ad
392 3270 520 3313 eam
557 3251 824 3332 pervenit
853 3248 1292 3323 abstinentiam,
1329 3259 1392 3310 ut
1441 3249 1502 3310 in
1551 3238 1984 3309 hebdomada'
2011 3238 2164 3332 quod
2201 3245 2329 3332 post
2359 3257 2466 3299 nos
2492 3245 2778 3332 sequetur
2812 3245 3066 3332 tempus.
3104 3262 3130 3293 »

278 3325 712 3406 nonnislsemel
737 3346 867 3402 cibo
885 3359 1098 3416 corpus
1119 3344 1399 3412 reﬁceret,
1426 3342 1777 3414 tandemque
1800 3342 1931 3399 totis
2091 3327 2148 3390 6.
2200 3329 2520 3416 Auctorem
2550 3327 2706 3386 hunc
2733 3325 2978 3416 coniicit
3002 3325 3294 3416 Batonius
3324 3331 3505 3394 fuisse
3539 3334 3654 3415 Cy-

278 3433 526 3512 triginta
572 3431 745 3493 annis
775 3413 1009 3512 panem—
1036 3448 1154 3491 non
1175 3438 1471 3508 gustaret:
1504 3429 1842 3509 pariterque
1869 3427 1929 3488 in
2011 3416 2207 3512 filium
2235 3415 2617 3512 ηιῼηδξξὶυπξ»
2636 3433 2808 3512 θείω-ο
2826 3414 2968 3512 Aci“
2994 3413 3435 3512 SS°Euul_ymii)
3455 3413 3645 3499 Sabe.

2015 3513 2072 3567 et
2099 3504 2345 3567 Joannis
2388 3504 2710 3566 Silentiarii
2744 3503 3040 3582 descripta
3071 3518 3229 3566 sunt.
3264 3510 3346 3569 Ita
3389 3529 3489 3572 an.
3543 3511 3651 3578 Ch.

2020 3595 2159 3669 491,
2197 3611 2362 3652 num.
2400 3593 2497 3664 14,
2525 3592 2735 3653 scribit
2769 3613 2782 3655 :
2821 3618 2842 3647 ιι
2875 3592 2988 3653 Sed
3014 3603 3068 3654 et
3098 3596 3365 3674 ejusdem
3399 3603 3660 3665 auctoris

2018 3683 2345 3744 creduntur
2367 3701 2498 3743 esse
2525 3683 2673 3742 Vita:
2699 3681 3018 3742 Theodosii
3061 3684 3509 3765 Ccnobiarchaa,
3550 3711 3659 3753 nec

2021 3791 2137 3833 non
2163 3772 2417 3843 Qniriaci
2449 3771 2844 3843 anachoreta),
2901 3772 3000 3850 qui
3048 3771 3255 3834 iisdem
3293 3779 3662 3856 temporibus

282 3520 424 3583 aliis
455 3523 732 3581 virtutum
765 3517 975 3580 studiis
997 3525 1221 3580 tantum
1247 3518 1561 3598 promovit,
1587 3528 1649 3580 ut
1686 3518 1744 3577 in
1769 3535 1932 3578 sum-

287 3628 456 3672 mum
483 3610 714 3688 pietatis
733 3609 988 3670 culmem
1017 3608 1510 3681 enisus,iIIustria
1537 3607 1742 3668 ederet
1765 3606 1938 3666 mira-

287 3699 446 3761 cuIa.
465 3699 748 3762 Basilium
774 3699 1092 3779 quemdam
1117 3698 1469 3758 monachum
1497 3697 1861 3766 defunctum,
1880 3703 1938 3754 et

288 3789 358 3851 in
382 3788 648 3850 tumbam
680 3788 1042 3868 depositum,
1078 3786 1218 3847 vidit
1251 3805 1404 3847 unus
1434 3785 1536 3847 ille
1569 3803 1703 3845 cum
1749 3785 1934 3846 altero

291 3878 550 3958 quodam
569 3877 863 3940 monacho
881 3877 1162 3939 fratribus
1185 3886 1495 3949 astantem,
1516 3884 1573 3936 et
1589 3873 1830 3955 psalmis
1843 3893 1938 3935 ac-

2019 3862 2289 3922 claruere
2343 3860 2450 3922 viri
2503 3859 2860 3920 sanctissimi
2897 3878 2909 3921 :
2949 3860 3051 3921 sed
3085 3863 3243 3938 quod
3277 3864 3664 3928 illze‘careant
3775 3863 3800 3877 ”

291 3968 618 4030 cinentem.
647 3967 974 4041 Carbones,
1005 3966 1165 4027 nullo
1191 3965 1460 4046 subjecto
1485 3969 1644 4044 igne,
1670 3963 1771 4024 ubi
1805 3983 1935 4024 mo-

292 4057 626 4118 nasterium
660 4065 783 4117 erat
817 4055 1188 4129 conditurus,
1215 4053 1508 4116 accendit.
1538 4053 1839 4115 Feminam
1866 4053 1937 4114 ad

293 4163 364 4208 se
382 4146 703 4207 adeuntem
737 4147 1040 4222 sanguinis
1063 4145 1350 4225 proﬂuvio
1385 4143 1675 4205 liberavit.
1707 4141 1788 4203 Ex
1822 4162 1940 4204 uno

291 4234 581 4298 frumenti
606 4253 788 4314 grano
824 4253 930 4315 per
954 4252 1163 4315 preces
1195 4235 1424 4314 integra
1453 4232 1724 4313 granaria
1753 4232 1946 4313 reple-

296 4325 402 4388 vit.
429 4328 683 4386 Puerum
731 4325 790 4385 in
820 4324 996 4385 altam
1033 4324 1195 4404 putei
1227 4323 1536 4402 delapsum
1583 4323 1942 4401 voraginem,

296 4418 695 4489 inaspeclabili
723 4423 1025 4488 praesentia
1051 4419 1320 4474 extraxit.
1348 4416 1590 4473 Fetuum
1619 4415 1948 4472 abortiones

293 4504 607 4585 repressit,
644 4504 744 4582 qui
775 4503 915 4564 dum
955 4502 1014 4562 in
1046 4504 1217 4563 vitam
1253 4501 1555 4562 immaturi
1606 4500 1948 4579 prodibant,

2021 3953 2279 4014 auctoris
2321 3950 2737 4030 inscriptione,
2793 3951 3068 4011 feruntur
3100 3951 3343 4014 nomine
3376 3956 3529 4034 ejus,
3564 3959 3660 4038 qui

2025 4052 2323 4122 postremo
2351 4038 3009 4120 ediditMetapbrasles,
3046 4059 3177 4102 cum
3213 4051 3407 4105 tamen
3442 4046 3566 4126 ipse
3588 4066 3658 4108 ea

2023 4131 2345 4210 antiquitus
2379 4128 2604 4208 scripta
2636 4137 2862 4190 tantum
2909 4131 3315 4209 exscripserit.
3359 4158 3381 4190 ι
3421 4133 3490 4195 Et
3519 4154 3675 4198 anno

2030 4221 2168 4294 5H,
2209 4239 2265 4282 n.
2301 4220 2364 4279 ‘21
2411 4239 2424 4280 :
2469 4242 2490 4276 ε
2527 4219 2748 4280 Auctor
2781 4219 2887 4280 etsi
2915 4224 3157 4281 nomine
3189 4219 3474 4284 habeatur
3503 4225 3677 4286 inco-

2032 4311 2250 4388 gnitus,
2285 4307 2561 4390 Cyrillum
2597 4308 2755 4370 hunc
2791 4308 2982 4388 ipsum
3031 4309 3338 4388 existimo,
3375 4313 3476 4393 qui
3508 4315 3681 4376 sicuti

2032 4407 2373 4462 sanctorum
2402 4399 2572 4461 Sabze
2609 4409 2666 4459 et
2692 4397 2988 4478 Euthymii
3009 4407 3187 4480 atque
3215 4403 3462 4464 Joannis
3492 4404 3683 4466 Silen-

2038 4489 2191 4552 tiarii
2226 4498 2282 4550 et
2311 4489 2558 4551 aliorum
2605 4489 2752 4548 vitas
2783 4487 3020 4567 scriptis
3067 4495 3154 4548 est
3195 4500 3568 4568 prosecutus,
3607 4497 3684 4554 ita

301 4555 414 4675 peli‘
441 4555 693 4654 mortem
731 4611 800 4653 ex
831 4593 946 4654 vita
976 4591 1463 4654 exturbabantnr.
1513 4555 1705 4662 Quare
1739 4555 1948 4651 horuni
1974 4555 2192 4675 Dl_lt_lud
2227 4597 2335 4675 Pal:
2360 4588 2450 4640 θδι
2480 4578 2756 4675 οΐθάθτξξ,
2795 4595 2966 4656 quem
3013 4577 3271 4675 habe?“
3320 4599 3439 4659 ΡΠΒ
3468 4583 3682 4656 oculis.

305 4666 560 4746 inatrem
593 4681 670 4743 ob
702 4682 854 4744 hanc
881 4681 1254 4744 aifectionem
1283 4680 1534 4762 perinde
1556 4698 1622 4740 ac
1650 4679 1698 4740 si
1731 4679 1956 4741 sterilis
2036 4669 2441 4762 Theodosium
2475 4667 2859 4762 prieteriisse,
2886 4666 3461 4762 prmterrnisisseque
3491 4690 3589 4734 res
3612 4671 3686 4734 ab

305 4773 510 4830 fuisset
527 4771 836 4828 fecundam
862 4757 1345 4842 reddiditlngens
1371 4770 1726 4826 locustarum
1749 4782 1954 4840 agmen
2040 4778 2109 4820 eo
2145 4757 2425 4839 prwclare
2451 4767 2666 4836 gestas,
2696 4757 2942 4818 minime
2976 4775 3095 4836 prm
3125 4759 3216 4819 sui
3250 4758 3541 4839 dignitate
3573 4761 3688 4824 ob-

309 4861 862 4932 verboincrepitans
883 4861 1090 4931 abegit.
1120 4859 1384 4916 Kericum
1414 4858 1665 4916 Orientis
1687 4861 1956 4916 comitem
2044 4849 2302 4909 ruendas
2333 4847 2596 4923 silentio,
2635 4850 2890 4927 posteris
2939 4846 3200 4911 tradere.
3259 4848 3524 4930 Conjicio
3556 4854 3692 4933 qui-

305 4962 474 5015 veste
499 4971 608 5013 sua
633 4951 890 5027 cilicina,
923 4971 1036 5032 qua
1057 4969 1162 5032 pro
1189 4951 1427 5012 thorace
1460 4949 1626 5010 illum
1660 4949 1957 5024 induerat,
2048 4939 2181 4999 dem
2226 4936 2300 5032 ait
2356 4936 2736 5032 imprudente
2796 4936 2995 5032 aliquo
3057 4935 3451 5032 obliteratum;
3495 4941 3697 5021 Cyrilli

308 5041 809 5106 invulnerabilem
846 5025 1140 5123 praestitit.
1175 5039 1311 5103 Sata
1343 5047 1518 5101 terrae
1551 5038 1765 5100 ardore
1800 5039 1959 5114 laesa,
2049 5027 2583 5123 {lyctot'isnotnem
2637 5025 2737 5106 qui
2784 5025 3058 5123 referens
3089 5026 3255 5123 illud
3289 5029 3368 5123 ad
3413 5030 3689 5123 Cyrillum

305 5132 630 5213 impetrato
659 5151 766 5212 per
794 5149 1004 5212 preces
1031 5128 1223 5191 imbre
1245 5130 1552 5191 recreavit.
1575 5128 1851 5191 Praadixit
1880 5130 1937 5190 in
1961 5167 1968 5174 -

307 5231 550 5303 gentem
581 5240 688 5302 per
713 5231 888 5284 terras
912 5229 1134 5282 motum
1169 5218 1499 5280 Antiochia:
1521 5219 1780 5280 ruinam.
1821 5218 1964 5281 Mul-

311 5320 428 5390 tos,
453 5313 555 5393 qui
574 5311 942 5390 naufragium
975 5310 1262 5382 fecerant,
1291 5328 1424 5370 cum
1449 5308 1727 5369 ﬂuctibus
1749 5308 1968 5370 colluc-

311 5409 532 5477 tantes,
564 5402 832 5483 pericqu
863 5398 1210 5482 spectabilis
1250 5398 1491 5480 eripuit.
1530 5398 1730 5460 Multis
1763 5408 1968 5460 auctor

317 5491 451 5552 vitae
478 5491 778 5569 religiosae
802 5491 1090 5566 factus,ad
1128 5489 1447 5553 Dominum
1482 5507 1514 5550 e
1543 5487 1654 5548 vita
1689 5489 1962 5549 excessit.

317 5583 452 5644 Dies
476 5586 559 5642 illi
585 5586 866 5643 solemnis
889 5587 945 5642 in
972 5585 1295 5642 veneranda
1317 5584 1378 5640 Β.
1405 5583 1557 5639 Petri
1580 5581 1830 5652 Apostoti
1857 5582 1970 5639 aede

318 5671 645 5758 peragitur.
702 5695 730 5727 ιι
794 5669 1092 5732 Hactenus
1155 5672 1395 5731 Monaea.
1455 5667 1596 5741 Quae
1628 5666 1724 5729 hic
1755 5667 1972 5729 dicitur

563 5790 824 5853 PATROL.
864 5789 979 5852 Gn.
1025 5790 1231 5852 CXIV.

2048 5115 2656 5196 Hierosolymitanum
2713 5114 3095 5196 episcopum,
3158 5115 3257 5196 qui
3317 5117 3530 5179 claruit
3584 5117 3694 5178 sub

2053 5207 2392 5270 Constantio
2424 5204 2811 5283 imperatore,
2840 5205 2985 5266 falso
3015 5205 3236 5285 putarit
3269 5206 3447 5267 tribui
3479 5205 3696 5286 Cyrillo

2051 5297 2385 5374 historiam,
2419 5313 2534 5376 qua
2567 5313 2663 5355 res
2709 5304 2890 5372 gestae
2937 5299 3048 5356 sub
3103 5296 3316 5369 Leone,
3374 5294 3609 5356 Zenone
3640 5304 3700 5357 et

2055 5387 2376 5450 Anastasio
2430 5385 2708 5464 Augustis
2757 5393 3111 5456 tractantur,
3171 5383 3451 5461 ignorans
3502 5383 3696 5463 ipsum

2053 5479 2127 5540 de
2158 5497 2277 5557 quo
2313 5487 2404 5538 est
2435 5495 2654 5550 sermo,
2695 5474 2950 5535 nobilem
3006 5472 3355 5533 historicum
3388 5474 3696 5554 Cyrillum,

2054 5578 2230 5650 atque
2261 5565 2666 5645 Palaestinum,
2699 5565 2811 5625 hoc
2850 5561 3066 5623 vixisse
3101 5569 3390 5643 tempore.
3428 5588 3452 5623 υ

2131 5664 2194 5726 7,
2229 5657 2366 5719 Haec
2397 5653 2629 5717 Baronii
2663 5652 3033 5731 conjectura.
3087 5650 3339 5731 Cyrillus
3363 5655 3594 5732 juvenis
3628 5656 3700 5720 ad

3315 5771 3386 5838 15
