  <div class='ocr_page' id='page_1' title='image "/cluster/home/n/w/nwhite01/storage/ocr_20150623/114/hvd.32044073502254/236.png"; bbox 0 0 4094 6196; ppageno 0'>
   <div class='ocr_carea' id='block_1_1' title="bbox 284 346 3665 420">
    <p class='ocr_par' dir='ltr' id='par_1_1' title="bbox 284 346 3665 420">
     <span class='ocr_line' id='line_1_1' title="bbox 284 346 3665 420; baseline 0 -3"><span class='ocrx_word' id='word_1_1' title='bbox 284 346 399 417; x_wconf 78' lang='grc'><strong>461</strong></span> <span class='ocrx_word' id='word_1_2' title='bbox 979 350 1165 418; x_wconf 85' lang='lat' dir='ltr'><strong>VITA</strong></span> <span class='ocrx_word' id='word_1_3' title='bbox 1210 354 1271 417; x_wconf 88' lang='lat' dir='ltr'><strong>S.</strong></span> <span class='ocrx_word' id='word_1_4' title='bbox 1321 350 1725 416; x_wconf 88' lang='lat' dir='ltr'><strong>THEODOSII</strong></span> <span class='ocrx_word' id='word_1_5' title='bbox 1768 352 2382 417; x_wconf 73' lang='lat' dir='ltr'><strong>COENOBIABCH/E.</strong></span> <span class='ocrx_word' id='word_1_6' title='bbox 2448 386 2524 399; x_wconf 87' lang='lat'><strong>-—</strong></span> <span class='ocrx_word' id='word_1_7' title='bbox 2588 353 2977 418; x_wconf 81' lang='lat' dir='ltr'><strong>PROOEMIA.</strong></span> <span class='ocrx_word' id='word_1_8' title='bbox 3111 361 3119 365; x_wconf 72' lang='grc'><em>’</em></span> <span class='ocrx_word' id='word_1_9' title='bbox 3548 353 3665 420; x_wconf 79' lang='grc'><strong>462</strong></span> 
     </span>
    </p>
   </div>
   <div class='ocr_carea' id='block_1_2' title="bbox 283 486 3664 572">
    <p class='ocr_par' dir='ltr' id='par_1_2' title="bbox 283 486 3664 572">
     <span class='ocr_line' id='line_1_2' title="bbox 283 486 3664 572; baseline 0.001 -23"><span class='ocrx_word' id='word_1_10' title='bbox 283 488 563 550; x_wconf 87' lang='lat' dir='ltr'><strong>Petavius</strong></span> <span class='ocrx_word' id='word_1_11' title='bbox 581 497 786 551; x_wconf 89' lang='lat' dir='ltr'><strong>noster</strong></span> <span class='ocrx_word' id='word_1_12' title='bbox 806 488 846 551; x_wconf 93' lang='lat' dir='ltr'><strong>l.</strong></span> <span class='ocrx_word' id='word_1_13' title='bbox 873 505 973 551; x_wconf 87' lang='lat' dir='ltr'><strong>xm</strong></span> <span class='ocrx_word' id='word_1_14' title='bbox 998 486 1088 549; x_wconf 82' lang='lat' dir='ltr'><strong>De</strong></span> <span class='ocrx_word' id='word_1_15' title='bbox 1101 488 1389 549; x_wconf 81' lang='lat' dir='ltr'><strong>doctrina</strong></span> <span class='ocrx_word' id='word_1_16' title='bbox 1412 496 1771 567; x_wconf 82' lang='lat' dir='ltr'><strong>temporum,</strong></span> <span class='ocrx_word' id='word_1_17' title='bbox 1789 491 1930 553; x_wconf 50' lang='lat' dir='ltr'><strong>scri-</strong></span> <span class='ocrx_word' id='word_1_18' title='bbox 1952 510 1988 552; x_wconf 84' lang='lat' dir='ltr'><strong>A</strong></span> <span class='ocrx_word' id='word_1_19' title='bbox 2016 493 2142 571; x_wconf 80' lang='lat' dir='ltr'><strong>ejus</strong></span> <span class='ocrx_word' id='word_1_20' title='bbox 2164 511 2217 553; x_wconf 87' lang='grc' dir='ltr'><strong>ιιι</strong></span> <span class='ocrx_word' id='word_1_21' title='bbox 2232 490 2533 559; x_wconf 70' lang='grc' dir='ltr'>ςιιιιιειθιὶἱ,</span> <span class='ocrx_word' id='word_1_22' title='bbox 2565 489 2892 552; x_wconf 88' lang='lat' dir='ltr'><strong>Theodosii</strong></span> <span class='ocrx_word' id='word_1_23' title='bbox 2916 492 3145 569; x_wconf 70' lang='lat' dir='ltr'><strong>legatus</strong></span> <span class='ocrx_word' id='word_1_24' title='bbox 3170 489 3547 572; x_wconf 77' lang='lat' dir='ltr'><strong>subscriptus</strong></span> <span class='ocrx_word' id='word_1_25' title='bbox 3570 491 3664 554; x_wconf 90' lang='lat' dir='ltr'><strong>ei-</strong></span> 
     </span>
    </p>
   </div>
   <div class='ocr_carea' id='block_1_3' title="bbox 282 576 3667 661">
    <p class='ocr_par' dir='ltr' id='par_1_3' title="bbox 282 576 3667 661">
     <span class='ocr_line' id='line_1_3' title="bbox 282 576 3667 661; baseline 0.001 -23"><span class='ocrx_word' id='word_1_26' title='bbox 282 576 373 640; x_wconf 92' lang='lat' dir='ltr'><strong>bit</strong></span> <span class='ocrx_word' id='word_1_27' title='bbox 401 598 498 640; x_wconf 90' lang='lat' dir='ltr'><strong>an.</strong></span> <span class='ocrx_word' id='word_1_28' title='bbox 530 579 633 642; x_wconf 90' lang='lat' dir='ltr'><strong>Ch.</strong></span> <span class='ocrx_word' id='word_1_29' title='bbox 666 578 804 652; x_wconf 74' lang='grc'><strong>529,</strong></span> <span class='ocrx_word' id='word_1_30' title='bbox 825 577 1000 641; x_wconf 85' lang='lat' dir='ltr'><strong>Junio</strong></span> <span class='ocrx_word' id='word_1_31' title='bbox 1027 595 1296 652; x_wconf 88' lang='lat' dir='ltr'><strong>mense,a</strong></span> <span class='ocrx_word' id='word_1_32' title='bbox 1329 580 1717 641; x_wconf 85' lang='lat' dir='ltr'><strong>Sainaritanis</strong></span> <span class='ocrx_word' id='word_1_33' title='bbox 1744 589 1802 642; x_wconf 90' lang='lat' dir='ltr'><strong>et</strong></span> <span class='ocrx_word' id='word_1_34' title='bbox 1832 584 1939 645; x_wconf 83' lang='lat' dir='ltr'><strong>Ju—</strong></span> <span class='ocrx_word' id='word_1_35' title='bbox 2021 580 2158 643; x_wconf 89' lang='lat' dir='ltr'><strong>dem</strong></span> <span class='ocrx_word' id='word_1_36' title='bbox 2195 580 2396 643; x_wconf 89' lang='lat' dir='ltr'><strong>libello</strong></span> <span class='ocrx_word' id='word_1_37' title='bbox 2424 579 2658 659; x_wconf 91' lang='lat' dir='ltr'><strong>legitur.</strong></span> <span class='ocrx_word' id='word_1_38' title='bbox 2694 580 2941 642; x_wconf 75' lang='lat' dir='ltr'><strong>Vivebat</strong></span> <span class='ocrx_word' id='word_1_39' title='bbox 2971 581 3165 642; x_wconf 89' lang='lat' dir='ltr'><strong>adhuc</strong></span> <span class='ocrx_word' id='word_1_40' title='bbox 3196 581 3435 661; x_wconf 88' lang='lat' dir='ltr'><strong>quidem</strong></span> <span class='ocrx_word' id='word_1_41' title='bbox 3470 579 3667 644; x_wconf 85' lang='lat' dir='ltr'><strong>Theo-</strong></span> 
     </span>
    </p>
   </div>
   <div class='ocr_carea' id='block_1_4' title="bbox 281 666 3663 751">
    <p class='ocr_par' dir='ltr' id='par_1_4' title="bbox 281 666 3663 751">
     <span class='ocr_line' id='line_1_4' title="bbox 281 666 3663 751; baseline 0.002 -24"><span class='ocrx_word' id='word_1_42' title='bbox 281 667 431 728; x_wconf 71' lang='lat' dir='ltr'><strong>daais</strong></span> <span class='ocrx_word' id='word_1_43' title='bbox 457 667 890 729; x_wconf 81' lang='lat' dir='ltr'><strong>rebellantibus</strong></span> <span class='ocrx_word' id='word_1_44' title='bbox 912 667 1067 728; x_wconf 92' lang='lat' dir='ltr'><strong>hunc</strong></span> <span class='ocrx_word' id='word_1_45' title='bbox 1088 666 1396 728; x_wconf 84' lang='lat' dir='ltr'><strong>Julianum</strong></span> <span class='ocrx_word' id='word_1_46' title='bbox 1426 686 1627 747; x_wconf 87' lang='lat' dir='ltr'><strong>regem</strong></span> <span class='ocrx_word' id='word_1_47' title='bbox 1661 673 1941 733; x_wconf 89' lang='lat' dir='ltr'><strong>constitu-</strong></span> <span class='ocrx_word' id='word_1_48' title='bbox 2023 671 2228 732; x_wconf 88' lang='lat' dir='ltr'><strong>dosius</strong></span> <span class='ocrx_word' id='word_1_49' title='bbox 2260 671 2409 751; x_wconf 91' lang='lat' dir='ltr'><strong>ipse,</strong></span> <span class='ocrx_word' id='word_1_50' title='bbox 2446 670 2520 731; x_wconf 87' lang='lat' dir='ltr'><strong>de</strong></span> <span class='ocrx_word' id='word_1_51' title='bbox 2542 689 2658 750; x_wconf 88' lang='lat' dir='ltr'><strong>quo</strong></span> <span class='ocrx_word' id='word_1_52' title='bbox 2690 669 2802 732; x_wconf 90' lang='lat' dir='ltr'><strong>ista</strong></span> <span class='ocrx_word' id='word_1_53' title='bbox 2833 670 2891 730; x_wconf 94' lang='lat' dir='ltr'><strong>in</strong></span> <span class='ocrx_word' id='word_1_54' title='bbox 2924 670 3053 748; x_wconf 89' lang='lat' dir='ltr'><strong>ejus</strong></span> <span class='ocrx_word' id='word_1_55' title='bbox 3082 671 3226 744; x_wconf 85' lang='lat' dir='ltr'><strong>vita,</strong></span> <span class='ocrx_word' id='word_1_56' title='bbox 3263 678 3389 751; x_wconf 91' lang='lat' dir='ltr'><strong>post</strong></span> <span class='ocrx_word' id='word_1_57' title='bbox 3419 670 3534 734; x_wconf 88' lang='lat' dir='ltr'><strong>alia</strong></span> <span class='ocrx_word' id='word_1_58' title='bbox 3557 689 3663 733; x_wconf 86' lang='lat' dir='ltr'><strong>su-</strong></span> 
     </span>
    </p>
   </div>
   <div class='ocr_carea' id='block_1_5' title="bbox 280 755 3661 841">
    <p class='ocr_par' dir='ltr' id='par_1_5' title="bbox 280 755 3661 841">
     <span class='ocr_line' id='line_1_5' title="bbox 280 755 3661 841; baseline 0.002 -23"><span class='ocrx_word' id='word_1_59' title='bbox 280 755 435 832; x_wconf 67' lang='lat' dir='ltr'><strong>lum,</strong></span> <span class='ocrx_word' id='word_1_60' title='bbox 467 758 820 820; x_wconf 87' lang='lat' dir='ltr'><strong>etdeindea</strong></span> <span class='ocrx_word' id='word_1_61' title='bbox 841 757 1029 837; x_wconf 86' lang='lat' dir='ltr'><strong>copiis</strong></span> <span class='ocrx_word' id='word_1_62' title='bbox 1047 756 1364 819; x_wconf 86' lang='lat' dir='ltr'><strong>Justiniani</strong></span> <span class='ocrx_word' id='word_1_63' title='bbox 1394 776 1528 818; x_wconf 85' lang='lat' dir='ltr'><strong>cum</strong></span> <span class='ocrx_word' id='word_1_64' title='bbox 1552 762 1676 820; x_wconf 88' lang='lat' dir='ltr'><strong>suis</strong></span> <span class='ocrx_word' id='word_1_65' title='bbox 1706 761 1942 823; x_wconf 86' lang='lat' dir='ltr'><strong>rebelli-</strong></span> <span class='ocrx_word' id='word_1_66' title='bbox 2023 770 2226 841; x_wconf 88' lang='lat' dir='ltr'><strong>scepta</strong></span> <span class='ocrx_word' id='word_1_67' title='bbox 2284 778 2389 840; x_wconf 80' lang='lat' dir='ltr'><strong>pro</strong></span> <span class='ocrx_word' id='word_1_68' title='bbox 2429 758 2542 820; x_wconf 91' lang='lat' dir='ltr'><strong>ﬁde</strong></span> <span class='ocrx_word' id='word_1_69' title='bbox 2573 758 2901 820; x_wconf 74' lang='lat' dir='ltr'><strong>orthodoxa</strong></span> <span class='ocrx_word' id='word_1_70' title='bbox 2931 758 3279 833; x_wconf 85' lang='lat' dir='ltr'><strong>certamina,</strong></span> <span class='ocrx_word' id='word_1_71' title='bbox 3333 758 3613 839; x_wconf 79' lang='lat' dir='ltr'><strong>leguntur</strong></span> <span class='ocrx_word' id='word_1_72' title='bbox 3645 783 3661 826; x_wconf 89' lang='lat'><strong>:</strong></span> 
     </span>
    </p>
   </div>
   <div class='ocr_carea' id='block_1_6' title="bbox 278 845 3667 933">
    <p class='ocr_par' dir='ltr' id='par_1_6' title="bbox 278 845 3667 933">
     <span class='ocr_line' id='line_1_6' title="bbox 278 845 3667 933; baseline 0.002 -28"><span class='ocrx_word' id='word_1_73' title='bbox 278 845 397 907; x_wconf 79' lang='lat' dir='ltr'><strong>bus</strong></span> <span class='ocrx_word' id='word_1_74' title='bbox 419 847 874 927; x_wconf 73' lang='lat' dir='ltr'><strong>interemptum.</strong></span> <span class='ocrx_word' id='word_1_75' title='bbox 912 850 1088 908; x_wconf 87' lang='lat' dir='ltr'><strong>Anno</strong></span> <span class='ocrx_word' id='word_1_76' title='bbox 1112 847 1388 926; x_wconf 87' lang='lat' dir='ltr'><strong>sequenti</strong></span> <span class='ocrx_word' id='word_1_77' title='bbox 1412 846 1531 909; x_wconf 85' lang='lat'><strong>530</strong></span> <span class='ocrx_word' id='word_1_78' title='bbox 1557 848 1740 910; x_wconf 76' lang='lat' dir='ltr'><strong>refert</strong></span> <span class='ocrx_word' id='word_1_79' title='bbox 1772 851 1932 929; x_wconf 75' lang='lat' dir='ltr'><strong>lega—</strong></span> <span class='ocrx_word' id='word_1_80' title='bbox 2025 849 2169 912; x_wconf 86' lang='lat' dir='ltr'><strong>Cum</strong></span> <span class='ocrx_word' id='word_1_81' title='bbox 2194 848 2268 910; x_wconf 91' lang='lat' dir='ltr'><strong>de</strong></span> <span class='ocrx_word' id='word_1_82' title='bbox 2301 868 2371 909; x_wconf 93' lang='lat' dir='ltr'><strong>eo</strong></span> <span class='ocrx_word' id='word_1_83' title='bbox 2395 848 2746 920; x_wconf 73' lang='lat' dir='ltr'><strong>(Theodosio</strong></span> <span class='ocrx_word' id='word_1_84' title='bbox 2791 848 3044 928; x_wconf 87' lang='lat' dir='ltr'><strong>scilicet)</strong></span> <span class='ocrx_word' id='word_1_85' title='bbox 3072 847 3461 911; x_wconf 84' lang='lat' dir='ltr'><strong>intellexisset</strong></span> <span class='ocrx_word' id='word_1_86' title='bbox 3482 859 3540 912; x_wconf 92' lang='lat' dir='ltr'><strong>et</strong></span> <span class='ocrx_word' id='word_1_87' title='bbox 3560 851 3667 933; x_wconf 86' lang='lat' dir='ltr'><strong>qui</strong></span> 
     </span>
    </p>
   </div>
   <div class='ocr_carea' id='block_1_7' title="bbox 282 934 1930 1020">
    <p class='ocr_par' dir='ltr' id='par_1_7' title="bbox 282 934 1930 1020">
     <span class='ocr_line' id='line_1_7' title="bbox 282 934 1930 1020; baseline 0.006 -26"><span class='ocrx_word' id='word_1_88' title='bbox 282 934 507 996; x_wconf 88' lang='lat' dir='ltr'><strong>tionem</strong></span> <span class='ocrx_word' id='word_1_89' title='bbox 560 937 621 998; x_wconf 90' lang='lat' dir='ltr'><strong>S.</strong></span> <span class='ocrx_word' id='word_1_90' title='bbox 672 936 842 998; x_wconf 59' lang='lat' dir='ltr'><strong>Saba}</strong></span> <span class='ocrx_word' id='word_1_91' title='bbox 870 936 941 998; x_wconf 91' lang='lat' dir='ltr'><strong>ad</strong></span> <span class='ocrx_word' id='word_1_92' title='bbox 972 935 1380 1010; x_wconf 83' lang='lat' dir='ltr'><strong>Justitianum,</strong></span> <span class='ocrx_word' id='word_1_93' title='bbox 1417 955 1536 1014; x_wconf 87' lang='lat' dir='ltr'><strong>quo</strong></span> <span class='ocrx_word' id='word_1_94' title='bbox 1571 946 1839 1020; x_wconf 87' lang='lat' dir='ltr'><strong>tempore</strong></span> <span class='ocrx_word' id='word_1_95' title='bbox 1868 944 1930 1004; x_wconf 61' lang='grc' dir='ltr'>Β.</span> 
     </span>
    </p>
   </div>
   <div class='ocr_carea' id='block_1_8' title="bbox 278 1024 1935 1104">
    <p class='ocr_par' dir='ltr' id='par_1_8' title="bbox 278 1024 1935 1104">
     <span class='ocr_line' id='line_1_8' title="bbox 278 1024 1935 1104; baseline 0.004 -17"><span class='ocrx_word' id='word_1_96' title='bbox 278 1026 474 1087; x_wconf 87' lang='lat' dir='ltr'><strong>Sabas</strong></span> <span class='ocrx_word' id='word_1_97' title='bbox 502 1024 713 1104; x_wconf 81' lang='lat' dir='ltr'><strong>agebat</strong></span> <span class='ocrx_word' id='word_1_98' title='bbox 745 1045 966 1086; x_wconf 89' lang='lat' dir='ltr'><strong>annum</strong></span> <span class='ocrx_word' id='word_1_99' title='bbox 1000 1025 1190 1087; x_wconf 74' lang='lat' dir='ltr'><strong>aetatis</strong></span> <span class='ocrx_word' id='word_1_100' title='bbox 1235 1027 1336 1100; x_wconf 83' lang='lat'><strong>91,</strong></span> <span class='ocrx_word' id='word_1_101' title='bbox 1374 1033 1583 1104; x_wconf 82' lang='lat' dir='ltr'><strong>utpote</strong></span> <span class='ocrx_word' id='word_1_102' title='bbox 1618 1042 1790 1090; x_wconf 84' lang='lat' dir='ltr'><strong>natus</strong></span> <span class='ocrx_word' id='word_1_103' title='bbox 1823 1030 1935 1093; x_wconf 89' lang='lat' dir='ltr'><strong>sub</strong></span> 
     </span>
    </p>
   </div>
   <div class='ocr_carea' id='block_1_9' title="bbox 276 1113 1936 1194">
    <p class='ocr_par' dir='ltr' id='par_1_9' title="bbox 276 1113 1936 1194">
     <span class='ocr_line' id='line_1_9' title="bbox 276 1113 1936 1194; baseline 0.005 -21"><span class='ocrx_word' id='word_1_104' title='bbox 276 1113 593 1177; x_wconf 88' lang='lat' dir='ltr'><strong>consulatu</strong></span> <span class='ocrx_word' id='word_1_105' title='bbox 622 1116 693 1176; x_wconf 85' lang='lat' dir='ltr'><strong>l7</strong></span> <span class='ocrx_word' id='word_1_106' title='bbox 724 1115 1068 1194; x_wconf 84' lang='lat' dir='ltr'><strong>Theodosii,</strong></span> <span class='ocrx_word' id='word_1_107' title='bbox 1107 1115 1163 1175; x_wconf 92' lang='lat' dir='ltr'><strong>id</strong></span> <span class='ocrx_word' id='word_1_108' title='bbox 1200 1121 1293 1177; x_wconf 87' lang='lat' dir='ltr'><strong>est</strong></span> <span class='ocrx_word' id='word_1_109' title='bbox 1319 1133 1476 1176; x_wconf 90' lang='lat' dir='ltr'><strong>anno</strong></span> <span class='ocrx_word' id='word_1_110' title='bbox 1508 1115 1645 1179; x_wconf 85' lang='lat' dir='ltr'><strong>Chr.</strong></span> <span class='ocrx_word' id='word_1_111' title='bbox 1695 1119 1836 1192; x_wconf 77' lang='lat'><strong>439,</strong></span> <span class='ocrx_word' id='word_1_112' title='bbox 1872 1131 1936 1182; x_wconf 93' lang='lat' dir='ltr'><strong>ut</strong></span> 
     </span>
    </p>
   </div>
   <div class='ocr_carea' id='block_1_10' title="bbox 274 1204 1929 1284">
    <p class='ocr_par' dir='ltr' id='par_1_10' title="bbox 274 1204 1929 1284">
     <span class='ocr_line' id='line_1_10' title="bbox 274 1204 1929 1284; baseline 0.003 -21"><span class='ocrx_word' id='word_1_113' title='bbox 274 1221 346 1263; x_wconf 81' lang='lat' dir='ltr'><strong>ex</strong></span> <span class='ocrx_word' id='word_1_114' title='bbox 379 1204 585 1282; x_wconf 82' lang='lat' dir='ltr'><strong>Cyrilli</strong></span> <span class='ocrx_word' id='word_1_115' title='bbox 616 1204 946 1265; x_wconf 86' lang='lat' dir='ltr'><strong>assertione</strong></span> <span class='ocrx_word' id='word_1_116' title='bbox 979 1213 1222 1284; x_wconf 86' lang='lat' dir='ltr'><strong>apparet</strong></span> <span class='ocrx_word' id='word_1_117' title='bbox 1253 1204 1422 1265; x_wconf 89' lang='lat' dir='ltr'><strong>initio</strong></span> <span class='ocrx_word' id='word_1_118' title='bbox 1458 1206 1602 1267; x_wconf 60' lang='lat' dir='ltr'><strong>Vitas</strong></span> <span class='ocrx_word' id='word_1_119' title='bbox 1633 1210 1692 1269; x_wconf 93' lang='lat' dir='ltr'><strong>S.</strong></span> <span class='ocrx_word' id='word_1_120' title='bbox 1739 1206 1929 1271; x_wconf 74' lang='lat' dir='ltr'><strong>Sabae.</strong></span> 
     </span>
    </p>
   </div>
   <div class='ocr_carea' id='block_1_11' title="bbox 272 1290 1936 1373">
    <p class='ocr_par' dir='ltr' id='par_1_11' title="bbox 272 1290 1936 1373">
     <span class='ocr_line' id='line_1_11' title="bbox 272 1290 1936 1373; baseline 0.003 -19"><span class='ocrx_word' id='word_1_121' title='bbox 272 1290 511 1354; x_wconf 90' lang='lat' dir='ltr'><strong>Obierit</strong></span> <span class='ocrx_word' id='word_1_122' title='bbox 541 1312 683 1373; x_wconf 83' lang='lat' dir='ltr'><strong>ergo</strong></span> <span class='ocrx_word' id='word_1_123' title='bbox 713 1296 776 1355; x_wconf 91' lang='lat' dir='ltr'><strong>S.</strong></span> <span class='ocrx_word' id='word_1_124' title='bbox 814 1293 1189 1355; x_wconf 85' lang='lat' dir='ltr'><strong>Theodosius</strong></span> <span class='ocrx_word' id='word_1_125' title='bbox 1220 1294 1418 1355; x_wconf 83' lang='lat' dir='ltr'><strong>hocll</strong></span> <span class='ocrx_word' id='word_1_126' title='bbox 1458 1293 1751 1373; x_wconf 86' lang='lat' dir='ltr'><strong>Januarii,</strong></span> <span class='ocrx_word' id='word_1_127' title='bbox 1781 1316 1936 1359; x_wconf 90' lang='lat' dir='ltr'><strong>anno</strong></span> 
     </span>
    </p>
   </div>
   <div class='ocr_carea' id='block_1_12' title="bbox 270 1379 1937 1455">
    <p class='ocr_par' dir='ltr' id='par_1_12' title="bbox 270 1379 1937 1455">
     <span class='ocr_line' id='line_1_12' title="bbox 270 1379 1937 1455; baseline 0.004 -13"><span class='ocrx_word' id='word_1_128' title='bbox 270 1379 382 1445; x_wconf 86' lang='lat' dir='ltr'><strong>Cb.</strong></span> <span class='ocrx_word' id='word_1_129' title='bbox 418 1382 564 1455; x_wconf 74' lang='grc'><strong>529,</strong></span> <span class='ocrx_word' id='word_1_130' title='bbox 600 1398 746 1444; x_wconf 75' lang='lat' dir='ltr'><strong>ante</strong></span> <span class='ocrx_word' id='word_1_131' title='bbox 776 1382 1112 1444; x_wconf 84' lang='lat' dir='ltr'><strong>inchoatam</strong></span> <span class='ocrx_word' id='word_1_132' title='bbox 1149 1384 1656 1446; x_wconf 89' lang='lat' dir='ltr'><strong>Samaritanorum</strong></span> <span class='ocrx_word' id='word_1_133' title='bbox 1689 1386 1937 1448; x_wconf 90' lang='lat' dir='ltr'><strong>seditio-</strong></span> 
     </span>
    </p>
   </div>
   <div class='ocr_carea' id='block_1_13' title="bbox 2019 936 3666 1014">
    <p class='ocr_par' dir='ltr' id='par_1_13' title="bbox 2019 936 3666 1014">
     <span class='ocr_line' id='line_1_13' title="bbox 2019 936 3666 1014; baseline 0.002 -16"><span class='ocrx_word' id='word_1_134' title='bbox 2019 937 2450 1000; x_wconf 67' lang='lat' dir='ltr'><strong>veterisRomai</strong></span> <span class='ocrx_word' id='word_1_135' title='bbox 2466 937 2670 999; x_wconf 89' lang='lat' dir='ltr'><strong>sedem</strong></span> <span class='ocrx_word' id='word_1_136' title='bbox 2689 938 2933 1014; x_wconf 83' lang='lat' dir='ltr'><strong>pulchre</strong></span> <span class='ocrx_word' id='word_1_137' title='bbox 2960 936 3198 999; x_wconf 83' lang='lat' dir='ltr'><strong>tenebat</strong></span> <span class='ocrx_word' id='word_1_138' title='bbox 3221 937 3289 1013; x_wconf 89' lang='lat' dir='ltr'><strong>(is</strong></span> <span class='ocrx_word' id='word_1_139' title='bbox 3316 945 3511 999; x_wconf 90' lang='lat' dir='ltr'><strong>autem</strong></span> <span class='ocrx_word' id='word_1_140' title='bbox 3537 947 3666 1002; x_wconf 88' lang='lat' dir='ltr'><strong>erat</strong></span> 
     </span>
    </p>
   </div>
   <div class='ocr_carea' id='block_1_14' title="bbox 2020 1026 3665 1108">
    <p class='ocr_par' dir='ltr' id='par_1_14' title="bbox 2020 1026 3665 1108">
     <span class='ocr_line' id='line_1_14' title="bbox 2020 1026 3665 1108; baseline 0.001 -18"><span class='ocrx_word' id='word_1_141' title='bbox 2020 1028 2324 1108; x_wconf 82' lang='lat' dir='ltr'><strong>Agapitus)</strong></span> <span class='ocrx_word' id='word_1_142' title='bbox 2387 1036 2447 1089; x_wconf 91' lang='lat' dir='ltr'><strong>et</strong></span> <span class='ocrx_word' id='word_1_143' title='bbox 2504 1030 2603 1105; x_wconf 86' lang='lat' dir='ltr'><strong>qui</strong></span> <span class='ocrx_word' id='word_1_144' title='bbox 2663 1026 3094 1089; x_wconf 84' lang='lat' dir='ltr'><strong>Antiochenam</strong></span> <span class='ocrx_word' id='word_1_145' title='bbox 3154 1028 3355 1088; x_wconf 88' lang='lat' dir='ltr'><strong>sedem</strong></span> <span class='ocrx_word' id='word_1_146' title='bbox 3419 1028 3665 1107; x_wconf 89' lang='lat' dir='ltr'><strong>regebat</strong></span> 
     </span>
    </p>
   </div>
   <div class='ocr_carea' id='block_1_15' title="bbox 2018 1115 3661 1199">
    <p class='ocr_par' dir='ltr' id='par_1_15' title="bbox 2018 1115 3661 1199">
     <span class='ocr_line' id='line_1_15' title="bbox 2018 1115 3661 1199; baseline 0.001 -21"><span class='ocrx_word' id='word_1_147' title='bbox 2018 1117 2451 1199; x_wconf 88' lang='lat' dir='ltr'><strong>Ephraim,sive</strong></span> <span class='ocrx_word' id='word_1_148' title='bbox 2469 1115 2767 1195; x_wconf 61' lang='lat' dir='ltr'><strong>Ephrazm;</strong></span> <span class='ocrx_word' id='word_1_149' title='bbox 2788 1115 2914 1194; x_wconf 90' lang='lat' dir='ltr'><strong>ipse</strong></span> <span class='ocrx_word' id='word_1_150' title='bbox 2932 1134 3167 1195; x_wconf 76' lang='lat' dir='ltr'><strong>quoque</strong></span> <span class='ocrx_word' id='word_1_151' title='bbox 3185 1115 3419 1196; x_wconf 89' lang='lat' dir='ltr'><strong>populis</strong></span> <span class='ocrx_word' id='word_1_152' title='bbox 3437 1125 3661 1179; x_wconf 90' lang='lat' dir='ltr'><strong>rectam</strong></span> 
     </span>
    </p>
   </div>
   <div class='ocr_carea' id='block_1_16' title="bbox 2020 1203 3662 1286">
    <p class='ocr_par' dir='ltr' id='par_1_16' title="bbox 2020 1203 3662 1286">
     <span class='ocr_line' id='line_1_16' title="bbox 2020 1203 3662 1286; baseline 0.001 -19"><span class='ocrx_word' id='word_1_153' title='bbox 2020 1209 2197 1268; x_wconf 87' lang='lat' dir='ltr'><strong>tidem</strong></span> <span class='ocrx_word' id='word_1_154' title='bbox 2221 1203 2713 1286; x_wconf 69' lang='lat' dir='ltr'><strong>praedicabantln</strong></span> <span class='ocrx_word' id='word_1_155' title='bbox 2742 1204 2954 1285; x_wconf 87' lang='lat' dir='ltr'><strong>quibus</strong></span> <span class='ocrx_word' id='word_1_156' title='bbox 2977 1205 3311 1266; x_wconf 90' lang='lat' dir='ltr'><strong>multasunt</strong></span> <span class='ocrx_word' id='word_1_157' title='bbox 3328 1205 3401 1267; x_wconf 90' lang='lat' dir='ltr'><strong>ad</strong></span> <span class='ocrx_word' id='word_1_158' title='bbox 3426 1206 3662 1269; x_wconf 89' lang='lat' dir='ltr'><strong>Iaudem</strong></span> 
     </span>
    </p>
   </div>
   <div class='ocr_carea' id='block_1_17' title="bbox 2020 1295 3661 1377">
    <p class='ocr_par' dir='ltr' id='par_1_17' title="bbox 2020 1295 3661 1377">
     <span class='ocr_line' id='line_1_17' title="bbox 2020 1295 3661 1377; baseline 0 -19"><span class='ocrx_word' id='word_1_159' title='bbox 2020 1298 2198 1377; x_wconf 85' lang='lat' dir='ltr'><strong>hujus</strong></span> <span class='ocrx_word' id='word_1_160' title='bbox 2231 1295 2383 1356; x_wconf 89' lang='lat' dir='ltr'><strong>beati</strong></span> <span class='ocrx_word' id='word_1_161' title='bbox 2416 1295 2762 1375; x_wconf 89' lang='lat' dir='ltr'><strong>composita,</strong></span> <span class='ocrx_word' id='word_1_162' title='bbox 2796 1313 2929 1374; x_wconf 68' lang='lat' dir='ltr'><strong>quae</strong></span> <span class='ocrx_word' id='word_1_163' title='bbox 2956 1314 3071 1355; x_wconf 92' lang='lat' dir='ltr'><strong>non</strong></span> <span class='ocrx_word' id='word_1_164' title='bbox 3102 1295 3393 1356; x_wconf 90' lang='lat' dir='ltr'><strong>minorem</strong></span> <span class='ocrx_word' id='word_1_165' title='bbox 3414 1295 3661 1374; x_wconf 84' lang='lat' dir='ltr'><strong>gloriam</strong></span> 
     </span>
    </p>
   </div>
   <div class='ocr_carea' id='block_1_18' title="bbox 2023 1382 3659 1465">
    <p class='ocr_par' dir='ltr' id='par_1_18' title="bbox 2023 1382 3659 1465">
     <span class='ocr_line' id='line_1_18' title="bbox 2023 1382 3659 1465; baseline -0.001 -17"><span class='ocrx_word' id='word_1_166' title='bbox 2023 1387 2278 1448; x_wconf 77' lang='lat' dir='ltr'><strong>aderunt</strong></span> <span class='ocrx_word' id='word_1_167' title='bbox 2308 1384 2379 1445; x_wconf 89' lang='lat' dir='ltr'><strong>iis</strong></span> <span class='ocrx_word' id='word_1_168' title='bbox 2410 1384 2511 1464; x_wconf 89' lang='lat' dir='ltr'><strong>qui</strong></span> <span class='ocrx_word' id='word_1_169' title='bbox 2541 1382 2933 1463; x_wconf 88' lang='lat' dir='ltr'><strong>scripserunt,</strong></span> <span class='ocrx_word' id='word_1_170' title='bbox 2957 1402 3131 1465; x_wconf 80' lang='lat' dir='ltr'><strong>quam</strong></span> <span class='ocrx_word' id='word_1_171' title='bbox 3161 1382 3217 1445; x_wconf 89' lang='lat' dir='ltr'><strong>ei</strong></span> <span class='ocrx_word' id='word_1_172' title='bbox 3247 1386 3346 1465; x_wconf 90' lang='lat' dir='ltr'><strong>qui</strong></span> <span class='ocrx_word' id='word_1_173' title='bbox 3370 1383 3659 1448; x_wconf 87' lang='lat' dir='ltr'><strong>laudaba-</strong></span> 
     </span>
    </p>
   </div>
   <div class='ocr_carea' id='block_1_19' title="bbox 272 1471 3662 1558">
    <p class='ocr_par' dir='ltr' id='par_1_19' title="bbox 272 1471 3662 1558">
     <span class='ocr_line' id='line_1_19' title="bbox 272 1471 3662 1558; baseline 0.002 -26"><span class='ocrx_word' id='word_1_174' title='bbox 272 1483 448 1551; x_wconf 86' lang='lat' dir='ltr'><strong>nem,</strong></span> <span class='ocrx_word' id='word_1_175' title='bbox 480 1473 749 1534; x_wconf 91' lang='lat' dir='ltr'><strong>secundo</strong></span> <span class='ocrx_word' id='word_1_176' title='bbox 772 1491 928 1534; x_wconf 89' lang='lat' dir='ltr'><strong>anno</strong></span> <span class='ocrx_word' id='word_1_177' title='bbox 954 1472 1191 1553; x_wconf 90' lang='lat' dir='ltr'><strong>imperii</strong></span> <span class='ocrx_word' id='word_1_178' title='bbox 1213 1471 1559 1547; x_wconf 87' lang='lat' dir='ltr'><strong>Justiuiani,</strong></span> <span class='ocrx_word' id='word_1_179' title='bbox 1587 1474 1686 1554; x_wconf 92' lang='lat' dir='ltr'><strong>qui</strong></span> <span class='ocrx_word' id='word_1_180' title='bbox 1708 1475 1940 1539; x_wconf 87' lang='lat' dir='ltr'><strong>Justino</strong></span> <span class='ocrx_word' id='word_1_181' title='bbox 2027 1486 2139 1552; x_wconf 89' lang='lat' dir='ltr'><strong>tur,</strong></span> <span class='ocrx_word' id='word_1_182' title='bbox 2174 1476 2333 1558; x_wconf 88' lang='lat' dir='ltr'><strong>quod</strong></span> <span class='ocrx_word' id='word_1_183' title='bbox 2367 1493 2486 1536; x_wconf 90' lang='lat' dir='ltr'><strong>non</strong></span> <span class='ocrx_word' id='word_1_184' title='bbox 2519 1475 2589 1537; x_wconf 88' lang='lat' dir='ltr'><strong>ad</strong></span> <span class='ocrx_word' id='word_1_185' title='bbox 2623 1476 2892 1551; x_wconf 79' lang='lat' dir='ltr'><strong>gratiam,</strong></span> <span class='ocrx_word' id='word_1_186' title='bbox 2930 1476 3032 1538; x_wconf 90' lang='lat' dir='ltr'><strong>sed</strong></span> <span class='ocrx_word' id='word_1_187' title='bbox 3067 1476 3241 1555; x_wconf 89' lang='lat' dir='ltr'><strong>plane</strong></span> <span class='ocrx_word' id='word_1_188' title='bbox 3259 1477 3331 1538; x_wconf 89' lang='lat' dir='ltr'><strong>ad</strong></span> <span class='ocrx_word' id='word_1_189' title='bbox 3356 1476 3662 1540; x_wconf 83' lang='lat' dir='ltr'><strong>veritatem</strong></span> 
     </span>
    </p>
   </div>
   <div class='ocr_carea' id='block_1_20' title="bbox 266 1562 3660 1645">
    <p class='ocr_par' dir='ltr' id='par_1_20' title="bbox 266 1562 3660 1645">
     <span class='ocr_line' id='line_1_20' title="bbox 266 1562 3660 1645; baseline 0.003 -27"><span class='ocrx_word' id='word_1_190' title='bbox 266 1562 571 1623; x_wconf 81' lang='lat' dir='ltr'><strong>avunculo</strong></span> <span class='ocrx_word' id='word_1_191' title='bbox 598 1581 756 1623; x_wconf 82' lang='lat' dir='ltr'><strong>anno</strong></span> <span class='ocrx_word' id='word_1_192' title='bbox 783 1562 894 1624; x_wconf 67' lang='lat'><strong>527</strong></span> <span class='ocrx_word' id='word_1_193' title='bbox 924 1562 1169 1641; x_wconf 82' lang='lat' dir='ltr'><strong>Augusti</strong></span> <span class='ocrx_word' id='word_1_194' title='bbox 1207 1569 1225 1620; x_wconf 84' lang='lat' dir='ltr'><strong>t</strong></span> <span class='ocrx_word' id='word_1_195' title='bbox 1270 1570 1371 1622; x_wconf 90' lang='lat' dir='ltr'><strong>aut</strong></span> <span class='ocrx_word' id='word_1_196' title='bbox 1393 1562 1430 1622; x_wconf 71' lang='grc'>2</span> <span class='ocrx_word' id='word_1_197' title='bbox 1456 1563 1710 1630; x_wconf 81' lang='lat' dir='ltr'><strong>(variant</strong></span> <span class='ocrx_word' id='word_1_198' title='bbox 1738 1575 1938 1627; x_wconf 82' lang='lat' dir='ltr'><strong>aucto-</strong></span> <span class='ocrx_word' id='word_1_199' title='bbox 2023 1566 2201 1627; x_wconf 83' lang='lat' dir='ltr'><strong>ﬁeret</strong></span> <span class='ocrx_word' id='word_1_200' title='bbox 2231 1562 2553 1628; x_wconf 75' lang='lat' dir='ltr'><strong>laudatio.»</strong></span> <span class='ocrx_word' id='word_1_201' title='bbox 2587 1562 2670 1625; x_wconf 88' lang='lat' dir='ltr'><strong>Ita</strong></span> <span class='ocrx_word' id='word_1_202' title='bbox 2697 1565 3008 1626; x_wconf 78' lang='lat' dir='ltr'><strong>Baronius.</strong></span> <span class='ocrx_word' id='word_1_203' title='bbox 3041 1565 3260 1627; x_wconf 87' lang='lat' dir='ltr'><strong>Verum</strong></span> <span class='ocrx_word' id='word_1_204' title='bbox 3285 1583 3481 1645; x_wconf 88' lang='lat' dir='ltr'><strong>neque</strong></span> <span class='ocrx_word' id='word_1_205' title='bbox 3500 1564 3660 1644; x_wconf 87' lang='lat' dir='ltr'><strong>Aga-</strong></span> 
     </span>
    </p>
   </div>
   <div class='ocr_carea' id='block_1_21' title="bbox 267 1650 3663 1736">
    <p class='ocr_par' dir='ltr' id='par_1_21' title="bbox 267 1650 3663 1736">
     <span class='ocr_line' id='line_1_21' title="bbox 267 1650 3663 1736; baseline 0.002 -27"><span class='ocrx_word' id='word_1_206' title='bbox 267 1659 389 1736; x_wconf 78' lang='lat' dir='ltr'><strong>res)</strong></span> <span class='ocrx_word' id='word_1_207' title='bbox 415 1650 1268 1730; x_wconf 83' lang='lat' dir='ltr'><strong>defuncto,successeratipsis</strong></span> <span class='ocrx_word' id='word_1_208' title='bbox 1291 1661 1428 1712; x_wconf 90' lang='lat' dir='ltr'><strong>ante</strong></span> <span class='ocrx_word' id='word_1_209' title='bbox 1451 1652 1737 1715; x_wconf 85' lang='lat' dir='ltr'><strong>Kalendis</strong></span> <span class='ocrx_word' id='word_1_210' title='bbox 1754 1655 1932 1733; x_wconf 85' lang='lat' dir='ltr'><strong>Apri-</strong></span> <span class='ocrx_word' id='word_1_211' title='bbox 2019 1664 2192 1736; x_wconf 88' lang='lat' dir='ltr'><strong>petus</strong></span> <span class='ocrx_word' id='word_1_212' title='bbox 2228 1672 2399 1734; x_wconf 87' lang='lat' dir='ltr'><strong>papa,</strong></span> <span class='ocrx_word' id='word_1_213' title='bbox 2447 1671 2644 1733; x_wconf 88' lang='lat' dir='ltr'><strong>neque</strong></span> <span class='ocrx_word' id='word_1_214' title='bbox 2677 1653 2955 1733; x_wconf 83' lang='lat' dir='ltr'><strong>Epliraim</strong></span> <span class='ocrx_word' id='word_1_215' title='bbox 2991 1654 3349 1734; x_wconf 82' lang='lat' dir='ltr'><strong>patriarcha,</strong></span> <span class='ocrx_word' id='word_1_216' title='bbox 3375 1654 3663 1717; x_wconf 88' lang='lat' dir='ltr'><strong>dicuntur</strong></span> 
     </span>
    </p>
   </div>
   <div class='ocr_carea' id='block_1_22' title="bbox 268 1730 3661 1823">
    <p class='ocr_par' dir='ltr' id='par_1_22' title="bbox 268 1730 3661 1823">
     <span class='ocr_line' id='line_1_22' title="bbox 268 1730 3661 1823; baseline 0.003 -25"><span class='ocrx_word' id='word_1_217' title='bbox 268 1730 345 1800; x_wconf 85' lang='lat' dir='ltr'><strong>lis</strong></span> <span class='ocrx_word' id='word_1_218' title='bbox 374 1740 577 1801; x_wconf 78' lang='lat' dir='ltr'><strong>l&#39;eria5</strong></span> <span class='ocrx_word' id='word_1_219' title='bbox 595 1741 652 1801; x_wconf 88' lang='lat' dir='ltr'><strong>in</strong></span> <span class='ocrx_word' id='word_1_220' title='bbox 669 1740 848 1803; x_wconf 70' lang='lat' dir='ltr'><strong>Caana</strong></span> <span class='ocrx_word' id='word_1_221' title='bbox 870 1738 1216 1816; x_wconf 86' lang='lat' dir='ltr'><strong>Domini,ab</strong></span> <span class='ocrx_word' id='word_1_222' title='bbox 1231 1759 1299 1801; x_wconf 92' lang='lat' dir='ltr'><strong>eo</strong></span> <span class='ocrx_word' id='word_1_223' title='bbox 1322 1742 1649 1819; x_wconf 85' lang='lat' dir='ltr'><strong>imperator</strong></span> <span class='ocrx_word' id='word_1_224' title='bbox 1671 1730 1926 1807; x_wconf 80' lang='lat' dir='ltr'><strong>creatus.</strong></span> <span class='ocrx_word' id='word_1_225' title='bbox 2017 1730 2211 1806; x_wconf 71' lang='lat' dir='ltr'><strong>vivum</strong></span> <span class='ocrx_word' id='word_1_226' title='bbox 2228 1730 2583 1806; x_wconf 82' lang='lat' dir='ltr'><strong>laudasseS.</strong></span> <span class='ocrx_word' id='word_1_227' title='bbox 2600 1730 3035 1823; x_wconf 71' lang='lat' dir='ltr'><strong>Theodosium;</strong></span> <span class='ocrx_word' id='word_1_228' title='bbox 3065 1743 3168 1804; x_wconf 90' lang='lat' dir='ltr'><strong>sed</strong></span> <span class='ocrx_word' id='word_1_229' title='bbox 3194 1730 3661 1808; x_wconf 34' lang='lat' dir='ltr'><strong>cum-certamen</strong></span> 
     </span>
    </p>
   </div>
   <div class='ocr_carea' id='block_1_23' title="bbox 265 1826 3662 1915">
    <p class='ocr_par' dir='ltr' id='par_1_23' title="bbox 265 1826 3662 1915">
     <span class='ocr_line' id='line_1_23' title="bbox 265 1826 3662 1915; baseline 0.001 -26"><span class='ocrx_word' id='word_1_230' title='bbox 265 1826 398 1899; x_wconf 88' lang='lat' dir='ltr'><strong>Quo</strong></span> <span class='ocrx_word' id='word_1_231' title='bbox 431 1829 766 1910; x_wconf 88' lang='lat' dir='ltr'><strong>imperante</strong></span> <span class='ocrx_word' id='word_1_232' title='bbox 800 1829 1199 1909; x_wconf 80' lang='lat' dir='ltr'><strong>supervixerit</strong></span> <span class='ocrx_word' id='word_1_233' title='bbox 1250 1833 1313 1892; x_wconf 84' lang='lat' dir='ltr'><strong>S.</strong></span> <span class='ocrx_word' id='word_1_234' title='bbox 1348 1830 1723 1893; x_wconf 87' lang='lat' dir='ltr'><strong>Theodosius</strong></span> <span class='ocrx_word' id='word_1_235' title='bbox 1774 1852 1930 1895; x_wconf 92' lang='lat' dir='ltr'><strong>anno</strong></span> <span class='ocrx_word' id='word_1_236' title='bbox 1957 1868 1990 1915; x_wconf 73' lang='grc' dir='ltr'>Β</span> <span class='ocrx_word' id='word_1_237' title='bbox 2016 1836 2312 1913; x_wconf 84' lang='lat' dir='ltr'><strong>ejus,cum</strong></span> <span class='ocrx_word' id='word_1_238' title='bbox 2339 1833 2653 1895; x_wconf 88' lang='lat' dir='ltr'><strong>Anastasio</strong></span> <span class='ocrx_word' id='word_1_239' title='bbox 2680 1832 2998 1913; x_wconf 83' lang='lat' dir='ltr'><strong>imper,pro</strong></span> <span class='ocrx_word' id='word_1_240' title='bbox 3021 1831 3137 1893; x_wconf 90' lang='lat' dir='ltr'><strong>ﬁde</strong></span> <span class='ocrx_word' id='word_1_241' title='bbox 3163 1832 3495 1894; x_wconf 83' lang='lat' dir='ltr'><strong>orthodoxa</strong></span> <span class='ocrx_word' id='word_1_242' title='bbox 3507 1832 3662 1912; x_wconf 88' lang='lat' dir='ltr'><strong>jam-</strong></span> 
     </span>
    </p>
   </div>
   <div class='ocr_carea' id='block_1_24' title="bbox 268 1919 3662 2003">
    <p class='ocr_par' dir='ltr' id='par_1_24' title="bbox 268 1919 3662 2003">
     <span class='ocr_line' id='line_1_24' title="bbox 268 1919 3662 2003; baseline 0.002 -25"><span class='ocrx_word' id='word_1_243' title='bbox 268 1937 417 1993; x_wconf 90' lang='lat' dir='ltr'><strong>uno,</strong></span> <span class='ocrx_word' id='word_1_244' title='bbox 451 1920 764 1981; x_wconf 88' lang='lat' dir='ltr'><strong>mensibus</strong></span> <span class='ocrx_word' id='word_1_245' title='bbox 788 1921 1078 2000; x_wconf 88' lang='lat' dir='ltr'><strong>quinque,</strong></span> <span class='ocrx_word' id='word_1_246' title='bbox 1114 1928 1214 1981; x_wconf 91' lang='lat' dir='ltr'><strong>aut</strong></span> <span class='ocrx_word' id='word_1_247' title='bbox 1245 1937 1479 1982; x_wconf 85' lang='lat' dir='ltr'><strong>navem.</strong></span> <span class='ocrx_word' id='word_1_248' title='bbox 1510 1919 1635 1992; x_wconf 88' lang='lat' dir='ltr'><strong>Quo</strong></span> <span class='ocrx_word' id='word_1_249' title='bbox 1665 1930 1929 2002; x_wconf 76' lang='lat' dir='ltr'><strong>tempore</strong></span> <span class='ocrx_word' id='word_1_250' title='bbox 2016 1925 2244 2003; x_wconf 49' lang='lat' dir='ltr'><strong>pridem</strong></span> <span class='ocrx_word' id='word_1_251' title='bbox 2272 1924 2506 1998; x_wconf 87' lang='lat' dir='ltr'><strong>initum,</strong></span> <span class='ocrx_word' id='word_1_252' title='bbox 2534 1924 2671 1985; x_wconf 83' lang='lat' dir='ltr'><strong>huic</strong></span> <span class='ocrx_word' id='word_1_253' title='bbox 2694 1922 3025 1984; x_wconf 85' lang='lat' dir='ltr'><strong>laudationi</strong></span> <span class='ocrx_word' id='word_1_254' title='bbox 3048 1920 3272 1983; x_wconf 87' lang='lat' dir='ltr'><strong>ibidem</strong></span> <span class='ocrx_word' id='word_1_255' title='bbox 3297 1940 3357 1983; x_wconf 88' lang='grc' dir='ltr'><strong>ιι.</strong></span> <span class='ocrx_word' id='word_1_256' title='bbox 3386 1921 3487 1996; x_wconf 71' lang='grc'><strong>55,</strong></span> <span class='ocrx_word' id='word_1_257' title='bbox 3521 1941 3662 1984; x_wconf 87' lang='lat' dir='ltr'><strong>con-</strong></span> 
     </span>
    </p>
   </div>
   <div class='ocr_carea' id='block_1_25' title="bbox 264 2005 3662 2094">
    <p class='ocr_par' dir='ltr' id='par_1_25' title="bbox 264 2005 3662 2094">
     <span class='ocr_line' id='line_1_25' title="bbox 264 2005 3662 2094; baseline 0.001 -27"><span class='ocrx_word' id='word_1_258' title='bbox 264 2005 520 2069; x_wconf 87' lang='lat' dir='ltr'><strong>Kericus</strong></span> <span class='ocrx_word' id='word_1_259' title='bbox 545 2009 851 2071; x_wconf 89' lang='lat' dir='ltr'><strong>victoriam</strong></span> <span class='ocrx_word' id='word_1_260' title='bbox 880 2009 954 2070; x_wconf 89' lang='lat' dir='ltr'><strong>de</strong></span> <span class='ocrx_word' id='word_1_261' title='bbox 982 2006 1182 2068; x_wconf 50' lang='lat' dir='ltr'><strong>Persis</strong></span> <span class='ocrx_word' id='word_1_262' title='bbox 1214 2010 1555 2087; x_wconf 85' lang='lat' dir='ltr'><strong>reportavit,</strong></span> <span class='ocrx_word' id='word_1_263' title='bbox 1593 2009 1839 2073; x_wconf 87' lang='lat' dir='ltr'><strong>indutus</strong></span> <span class='ocrx_word' id='word_1_264' title='bbox 1865 2011 1927 2075; x_wconf 92' lang='lat' dir='ltr'><strong>S.</strong></span> <span class='ocrx_word' id='word_1_265' title='bbox 2006 2015 2312 2094; x_wconf 78' lang='lat' dir='ltr'><strong>jungatur,</strong></span> <span class='ocrx_word' id='word_1_266' title='bbox 2348 2011 2583 2074; x_wconf 89' lang='lat' dir='ltr'><strong>videtur</strong></span> <span class='ocrx_word' id='word_1_267' title='bbox 2626 2011 2858 2073; x_wconf 89' lang='lat' dir='ltr'><strong>oblatus</strong></span> <span class='ocrx_word' id='word_1_268' title='bbox 2906 2012 2980 2072; x_wconf 87' lang='lat' dir='ltr'><strong>ab</strong></span> <span class='ocrx_word' id='word_1_269' title='bbox 3032 2011 3163 2091; x_wconf 90' lang='lat' dir='ltr'><strong>ejus</strong></span> <span class='ocrx_word' id='word_1_270' title='bbox 3208 2010 3662 2073; x_wconf 86' lang='lat' dir='ltr'><strong>successoribus</strong></span> 
     </span>
    </p>
   </div>
   <div class='ocr_carea' id='block_1_26' title="bbox 271 2094 3664 2181">
    <p class='ocr_par' dir='ltr' id='par_1_26' title="bbox 271 2094 3664 2181">
     <span class='ocr_line' id='line_1_26' title="bbox 271 2094 3664 2181; baseline 0.001 -24"><span class='ocrx_word' id='word_1_271' title='bbox 271 2094 599 2160; x_wconf 88' lang='lat' dir='ltr'><strong>Theodosii</strong></span> <span class='ocrx_word' id='word_1_272' title='bbox 634 2098 851 2175; x_wconf 90' lang='lat' dir='ltr'><strong>cilicio,</strong></span> <span class='ocrx_word' id='word_1_273' title='bbox 891 2098 1146 2178; x_wconf 84' lang='lat' dir='ltr'><strong>ejusque</strong></span> <span class='ocrx_word' id='word_1_274' title='bbox 1177 2097 1584 2159; x_wconf 91' lang='lat' dir='ltr'><strong>admonitione</strong></span> <span class='ocrx_word' id='word_1_275' title='bbox 1613 2110 1751 2160; x_wconf 64' lang='lat' dir='ltr'><strong>ante</strong></span> <span class='ocrx_word' id='word_1_276' title='bbox 1783 2119 1930 2162; x_wconf 83' lang='lat' dir='ltr'><strong>con-</strong></span> <span class='ocrx_word' id='word_1_277' title='bbox 2015 2103 2253 2164; x_wconf 80' lang='lat' dir='ltr'><strong>libellus</strong></span> <span class='ocrx_word' id='word_1_278' title='bbox 2303 2102 2682 2164; x_wconf 82' lang='lat' dir='ltr'><strong>occasionem</strong></span> <span class='ocrx_word' id='word_1_279' title='bbox 2731 2101 3058 2181; x_wconf 67' lang='lat' dir='ltr'><strong>praebuisse</strong></span> <span class='ocrx_word' id='word_1_280' title='bbox 3091 2100 3375 2162; x_wconf 85' lang='lat' dir='ltr'><strong>laudandi</strong></span> <span class='ocrx_word' id='word_1_281' title='bbox 3424 2100 3664 2163; x_wconf 77' lang='lat' dir='ltr'><strong>nonita</strong></span> 
     </span>
    </p>
   </div>
   <div class='ocr_carea' id='block_1_27' title="bbox 276 2186 3658 2271">
    <p class='ocr_par' dir='ltr' id='par_1_27' title="bbox 276 2186 3658 2271">
     <span class='ocr_line' id='line_1_27' title="bbox 276 2186 3658 2271; baseline 0.002 -26"><span class='ocrx_word' id='word_1_282' title='bbox 276 2186 571 2263; x_wconf 89' lang='lat' dir='ltr'><strong>ﬁrmatus,</strong></span> <span class='ocrx_word' id='word_1_283' title='bbox 602 2196 665 2248; x_wconf 88' lang='lat' dir='ltr'><strong>ut</strong></span> <span class='ocrx_word' id='word_1_284' title='bbox 699 2207 757 2248; x_wconf 91' lang='grc' dir='ltr'><strong>ιι.</strong></span> <span class='ocrx_word' id='word_1_285' title='bbox 789 2188 866 2248; x_wconf 81' lang='lat'><strong>&#39;73</strong></span> <span class='ocrx_word' id='word_1_286' title='bbox 891 2198 944 2248; x_wconf 94' lang='lat' dir='ltr'><strong>et</strong></span> <span class='ocrx_word' id='word_1_287' title='bbox 975 2188 1050 2248; x_wconf 72' lang='grc'><strong>’74</strong></span> <span class='ocrx_word' id='word_1_288' title='bbox 1077 2187 1318 2247; x_wconf 86' lang='lat' dir='ltr'><strong>dicitur.</strong></span> <span class='ocrx_word' id='word_1_289' title='bbox 1350 2186 1453 2248; x_wconf 79' lang='lat' dir='ltr'><strong>llis</strong></span> <span class='ocrx_word' id='word_1_290' title='bbox 1476 2187 1555 2249; x_wconf 88' lang='lat' dir='ltr'><strong>ita</strong></span> <span class='ocrx_word' id='word_1_291' title='bbox 1570 2190 1927 2267; x_wconf 86' lang='lat' dir='ltr'><strong>constitutis,</strong></span> <span class='ocrx_word' id='word_1_292' title='bbox 2017 2195 2248 2271; x_wconf 86' lang='lat' dir='ltr'><strong>pridem</strong></span> <span class='ocrx_word' id='word_1_293' title='bbox 2272 2192 2620 2254; x_wconf 84' lang='lat' dir='ltr'><strong>defunctum</strong></span> <span class='ocrx_word' id='word_1_294' title='bbox 2645 2192 3072 2266; x_wconf 82' lang='lat' dir='ltr'><strong>Theodosium,</strong></span> <span class='ocrx_word' id='word_1_295' title='bbox 3094 2190 3428 2269; x_wconf 87' lang='lat' dir='ltr'><strong>piissimum</strong></span> <span class='ocrx_word' id='word_1_296' title='bbox 3449 2208 3658 2253; x_wconf 86' lang='lat' dir='ltr'><strong>eorum</strong></span> 
     </span>
    </p>
   </div>
   <div class='ocr_carea' id='block_1_28' title="bbox 273 2276 3662 2363">
    <p class='ocr_par' dir='ltr' id='par_1_28' title="bbox 273 2276 3662 2363">
     <span class='ocr_line' id='line_1_28' title="bbox 273 2276 3662 2363; baseline 0.002 -27"><span class='ocrx_word' id='word_1_297' title='bbox 273 2285 457 2337; x_wconf 87' lang='lat' dir='ltr'><strong>natus</strong></span> <span class='ocrx_word' id='word_1_298' title='bbox 474 2276 653 2339; x_wconf 83' lang='lat' dir='ltr'><strong>fuerit</strong></span> <span class='ocrx_word' id='word_1_299' title='bbox 675 2281 736 2340; x_wconf 82' lang='lat' dir='ltr'><strong>S.</strong></span> <span class='ocrx_word' id='word_1_300' title='bbox 759 2276 1137 2338; x_wconf 89' lang='lat' dir='ltr'><strong>Theodosius</strong></span> <span class='ocrx_word' id='word_1_301' title='bbox 1161 2294 1257 2337; x_wconf 92' lang='lat' dir='ltr'><strong>an.</strong></span> <span class='ocrx_word' id='word_1_302' title='bbox 1288 2276 1549 2340; x_wconf 70' lang='lat' dir='ltr'><strong>Ch.423.</strong></span> <span class='ocrx_word' id='word_1_303' title='bbox 1581 2278 1935 2343; x_wconf 83' lang='lat' dir='ltr'><strong>Discesserit</strong></span> <span class='ocrx_word' id='word_1_304' title='bbox 2018 2292 2324 2363; x_wconf 82' lang='lat' dir='ltr'><strong>parentem</strong></span> <span class='ocrx_word' id='word_1_305' title='bbox 2362 2293 2421 2345; x_wconf 89' lang='lat' dir='ltr'><strong>et</strong></span> <span class='ocrx_word' id='word_1_306' title='bbox 2454 2281 2800 2344; x_wconf 88' lang='lat' dir='ltr'><strong>monasterii</strong></span> <span class='ocrx_word' id='word_1_307' title='bbox 2836 2281 3235 2342; x_wconf 82' lang='lat' dir='ltr'><strong>lundatorem.</strong></span> <span class='ocrx_word' id='word_1_308' title='bbox 3285 2280 3537 2343; x_wconf 83' lang='lat' dir='ltr'><strong>Creatus</strong></span> <span class='ocrx_word' id='word_1_309' title='bbox 3567 2288 3662 2344; x_wconf 82' lang='lat' dir='ltr'><strong>est</strong></span> 
     </span>
    </p>
   </div>
   <div class='ocr_carea' id='block_1_29' title="bbox 272 2365 1929 2449">
    <p class='ocr_par' dir='ltr' id='par_1_29' title="bbox 272 2365 1929 2449">
     <span class='ocr_line' id='line_1_29' title="bbox 272 2365 1929 2449; baseline 0.004 -23"><span class='ocrx_word' id='word_1_310' title='bbox 272 2382 307 2426; x_wconf 89' lang='lat' dir='ltr'><strong>e</strong></span> <span class='ocrx_word' id='word_1_311' title='bbox 339 2368 555 2445; x_wconf 88' lang='lat' dir='ltr'><strong>patria,</strong></span> <span class='ocrx_word' id='word_1_312' title='bbox 594 2378 725 2446; x_wconf 87' lang='lat' dir='ltr'><strong>post</strong></span> <span class='ocrx_word' id='word_1_313' title='bbox 754 2385 982 2429; x_wconf 86' lang='lat' dir='ltr'><strong>sacram</strong></span> <span class='ocrx_word' id='word_1_314' title='bbox 1017 2365 1384 2446; x_wconf 88' lang='lat' dir='ltr'><strong>Scripturam</strong></span> <span class='ocrx_word' id='word_1_315' title='bbox 1409 2368 1627 2449; x_wconf 88' lang='lat' dir='ltr'><strong>populo</strong></span> <span class='ocrx_word' id='word_1_316' title='bbox 1652 2368 1754 2430; x_wconf 89' lang='lat' dir='ltr'><strong>diu</strong></span> <span class='ocrx_word' id='word_1_317' title='bbox 1783 2389 1929 2449; x_wconf 72' lang='lat' dir='ltr'><strong>pra:-</strong></span> 
     </span>
    </p>
   </div>
   <div class='ocr_carea' id='block_1_30' title="bbox 270 2453 1925 2533">
    <p class='ocr_par' dir='ltr' id='par_1_30' title="bbox 270 2453 1925 2533">
     <span class='ocr_line' id='line_1_30' title="bbox 270 2453 1925 2533; baseline 0.005 -21"><span class='ocrx_word' id='word_1_318' title='bbox 270 2456 515 2529; x_wconf 73' lang='lat' dir='ltr'><strong>lectam,</strong></span> <span class='ocrx_word' id='word_1_319' title='bbox 570 2476 632 2519; x_wconf 86' lang='grc' dir='ltr'><strong>ιι.</strong></span> <span class='ocrx_word' id='word_1_320' title='bbox 685 2457 745 2528; x_wconf 80' lang='grc'><strong>4,</strong></span> <span class='ocrx_word' id='word_1_321' title='bbox 793 2473 949 2517; x_wconf 89' lang='lat' dir='ltr'><strong>anno</strong></span> <span class='ocrx_word' id='word_1_322' title='bbox 1000 2455 1187 2516; x_wconf 65' lang='lat' dir='ltr'><strong>aetatis</strong></span> <span class='ocrx_word' id='word_1_323' title='bbox 1219 2453 1318 2529; x_wconf 69' lang='lat'><strong>28,</strong></span> <span class='ocrx_word' id='word_1_324' title='bbox 1354 2454 1571 2518; x_wconf 89' lang='lat' dir='ltr'><strong>Christi</strong></span> <span class='ocrx_word' id='word_1_325' title='bbox 1604 2457 1746 2533; x_wconf 79' lang='grc'><strong>451,</strong></span> <span class='ocrx_word' id='word_1_326' title='bbox 1784 2459 1925 2520; x_wconf 90' lang='lat' dir='ltr'><strong>dum</strong></span> 
     </span>
    </p>
   </div>
   <div class='ocr_carea' id='block_1_31' title="bbox 269 2542 1682 2625">
    <p class='ocr_par' dir='ltr' id='par_1_31' title="bbox 269 2542 1682 2625">
     <span class='ocr_line' id='line_1_31' title="bbox 269 2542 1682 2625; baseline 0 -20"><span class='ocrx_word' id='word_1_327' title='bbox 269 2542 789 2607; x_wconf 86' lang='lat' dir='ltr'><strong>Chalcedonensis</strong></span> <span class='ocrx_word' id='word_1_328' title='bbox 822 2545 1083 2625; x_wconf 81' lang='lat' dir='ltr'><strong>synodus</strong></span> <span class='ocrx_word' id='word_1_329' title='bbox 1115 2544 1608 2623; x_wconf 88' lang='lat' dir='ltr'><strong>congregabatur.</strong></span> <span class='ocrx_word' id='word_1_330' title='bbox 1656 2570 1682 2605; x_wconf 76' lang='grc' dir='ltr'><strong>ι</strong></span> 
     </span>
    </p>
   </div>
   <div class='ocr_carea' id='block_1_32' title="bbox 354 2632 1919 2711">
    <p class='ocr_par' dir='ltr' id='par_1_32' title="bbox 354 2632 1919 2711">
     <span class='ocr_line' id='line_1_32' title="bbox 354 2632 1919 2711; baseline 0.001 -17"><span class='ocrx_word' id='word_1_331' title='bbox 354 2635 380 2694; x_wconf 78' lang='grc'>1</span> <span class='ocrx_word' id='word_1_332' title='bbox 401 2635 451 2693; x_wconf 86' lang='grc'>1.</span> <span class='ocrx_word' id='word_1_333' title='bbox 482 2632 770 2696; x_wconf 84' lang='lat' dir='ltr'><strong>Baronius</strong></span> <span class='ocrx_word' id='word_1_334' title='bbox 788 2650 930 2697; x_wconf 83' lang='lat' dir='ltr'><strong>tom.</strong></span> <span class='ocrx_word' id='word_1_335' title='bbox 953 2632 1054 2695; x_wconf 82' lang='lat' dir='ltr'><strong>VII</strong></span> <span class='ocrx_word' id='word_1_336' title='bbox 1076 2634 1309 2697; x_wconf 77' lang='lat' dir='ltr'><strong>Annal.</strong></span> <span class='ocrx_word' id='word_1_337' title='bbox 1338 2633 1507 2696; x_wconf 84' lang='lat' dir='ltr'><strong>Eccl.</strong></span> <span class='ocrx_word' id='word_1_338' title='bbox 1529 2653 1624 2695; x_wconf 91' lang='lat' dir='ltr'><strong>an.</strong></span> <span class='ocrx_word' id='word_1_339' title='bbox 1649 2635 1755 2697; x_wconf 86' lang='lat' dir='ltr'><strong>Ch.</strong></span> <span class='ocrx_word' id='word_1_340' title='bbox 1780 2636 1919 2711; x_wconf 77' lang='grc'><strong>532,</strong></span> 
     </span>
    </p>
   </div>
   <div class='ocr_carea' id='block_1_33' title="bbox 269 2722 1920 2803">
    <p class='ocr_par' dir='ltr' id='par_1_33' title="bbox 269 2722 1920 2803">
     <span class='ocr_line' id='line_1_33' title="bbox 269 2722 1920 2803; baseline 0.005 -23"><span class='ocrx_word' id='word_1_341' title='bbox 269 2740 330 2781; x_wconf 89' lang='grc' dir='ltr'><strong>ιι.</strong></span> <span class='ocrx_word' id='word_1_342' title='bbox 366 2722 468 2798; x_wconf 70' lang='lat' dir='ltr'><strong>2t,</strong></span> <span class='ocrx_word' id='word_1_343' title='bbox 508 2733 708 2784; x_wconf 88' lang='lat' dir='ltr'><strong>censet</strong></span> <span class='ocrx_word' id='word_1_344' title='bbox 748 2746 770 2780; x_wconf 75' lang='grc' dir='ltr'>α</span> <span class='ocrx_word' id='word_1_345' title='bbox 810 2724 1210 2785; x_wconf 84' lang='lat' dir='ltr'><strong>Theodosium</strong></span> <span class='ocrx_word' id='word_1_346' title='bbox 1248 2727 1417 2801; x_wconf 88' lang='lat' dir='ltr'><strong>longe</strong></span> <span class='ocrx_word' id='word_1_347' title='bbox 1449 2735 1579 2803; x_wconf 89' lang='lat' dir='ltr'><strong>post</strong></span> <span class='ocrx_word' id='word_1_348' title='bbox 1613 2722 1674 2787; x_wconf 93' lang='lat' dir='ltr'><strong>S.</strong></span> <span class='ocrx_word' id='word_1_349' title='bbox 1710 2724 1920 2788; x_wconf 83' lang='lat' dir='ltr'><strong>Sabam</strong></span> 
     </span>
    </p>
   </div>
   <div class='ocr_carea' id='block_1_34' title="bbox 266 2810 1923 2896">
    <p class='ocr_par' dir='ltr' id='par_1_34' title="bbox 266 2810 1923 2896">
     <span class='ocr_line' id='line_1_34' title="bbox 266 2810 1923 2896; baseline 0.002 -24"><span class='ocrx_word' id='word_1_350' title='bbox 266 2810 431 2873; x_wconf 81' lang='lat' dir='ltr'><strong>diem</strong></span> <span class='ocrx_word' id='word_1_351' title='bbox 452 2823 788 2875; x_wconf 64' lang='lat' dir='ltr'><strong>extremum</strong></span> <span class='ocrx_word' id='word_1_352' title='bbox 811 2812 1121 2887; x_wconf 86' lang='lat' dir='ltr'><strong>clausisse,</strong></span> <span class='ocrx_word' id='word_1_353' title='bbox 1150 2822 1208 2872; x_wconf 90' lang='lat' dir='ltr'><strong>et</strong></span> <span class='ocrx_word' id='word_1_354' title='bbox 1229 2812 1441 2873; x_wconf 81' lang='lat' dir='ltr'><strong>vixisse</strong></span> <span class='ocrx_word' id='word_1_355' title='bbox 1468 2812 1666 2875; x_wconf 87' lang='lat' dir='ltr'><strong>adhuc</strong></span> <span class='ocrx_word' id='word_1_356' title='bbox 1694 2825 1923 2896; x_wconf 89' lang='lat' dir='ltr'><strong>tempo-</strong></span> 
     </span>
    </p>
   </div>
   <div class='ocr_carea' id='block_1_35' title="bbox 267 2899 1927 2983">
    <p class='ocr_par' dir='ltr' id='par_1_35' title="bbox 267 2899 1927 2983">
     <span class='ocr_line' id='line_1_35' title="bbox 267 2899 1927 2983; baseline 0.002 -21"><span class='ocrx_word' id='word_1_357' title='bbox 267 2899 698 2982; x_wconf 87' lang='lat' dir='ltr'><strong>ribusAgapeti</strong></span> <span class='ocrx_word' id='word_1_358' title='bbox 719 2901 970 2964; x_wconf 80' lang='lat' dir='ltr'><strong>Romani</strong></span> <span class='ocrx_word' id='word_1_359' title='bbox 998 2902 1332 2975; x_wconf 88' lang='lat' dir='ltr'><strong>Pontiﬁcis;</strong></span> <span class='ocrx_word' id='word_1_360' title='bbox 1359 2901 1557 2982; x_wconf 89' lang='lat' dir='ltr'><strong>itaque</strong></span> <span class='ocrx_word' id='word_1_361' title='bbox 1592 2903 1776 2983; x_wconf 89' lang='lat' dir='ltr'><strong>plane</strong></span> <span class='ocrx_word' id='word_1_362' title='bbox 1799 2924 1927 2966; x_wconf 88' lang='lat' dir='ltr'><strong>cor-</strong></span> 
     </span>
    </p>
   </div>
   <div class='ocr_carea' id='block_1_36' title="bbox 267 2990 1921 3071">
    <p class='ocr_par' dir='ltr' id='par_1_36' title="bbox 267 2990 1921 3071">
     <span class='ocr_line' id='line_1_36' title="bbox 267 2990 1921 3071; baseline 0.003 -20"><span class='ocrx_word' id='word_1_363' title='bbox 267 2990 610 3069; x_wconf 88' lang='lat' dir='ltr'><strong>rigendum,</strong></span> <span class='ocrx_word' id='word_1_364' title='bbox 645 2993 802 3071; x_wconf 91' lang='lat' dir='ltr'><strong>quod</strong></span> <span class='ocrx_word' id='word_1_365' title='bbox 834 2992 1100 3053; x_wconf 89' lang='lat' dir='ltr'><strong>additum</strong></span> <span class='ocrx_word' id='word_1_366' title='bbox 1136 3000 1224 3052; x_wconf 88' lang='lat' dir='ltr'><strong>est</strong></span> <span class='ocrx_word' id='word_1_367' title='bbox 1250 2990 1310 3052; x_wconf 93' lang='lat' dir='ltr'><strong>in</strong></span> <span class='ocrx_word' id='word_1_368' title='bbox 1333 2991 1482 3054; x_wconf 89' lang='lat' dir='ltr'><strong>actis</strong></span> <span class='ocrx_word' id='word_1_369' title='bbox 1507 2990 1699 3067; x_wconf 81' lang='lat' dir='ltr'><strong>Sabae,</strong></span> <span class='ocrx_word' id='word_1_370' title='bbox 1727 2993 1921 3056; x_wconf 87' lang='lat' dir='ltr'><strong>Theo-</strong></span> 
     </span>
    </p>
   </div>
   <div class='ocr_carea' id='block_1_37' title="bbox 266 3079 1919 3147">
    <p class='ocr_par' dir='ltr' id='par_1_37' title="bbox 266 3079 1919 3147">
     <span class='ocr_line' id='line_1_37' title="bbox 266 3079 1919 3147; baseline 0.004 -7"><span class='ocrx_word' id='word_1_371' title='bbox 266 3079 505 3142; x_wconf 87' lang='lat' dir='ltr'><strong>dosium</strong></span> <span class='ocrx_word' id='word_1_372' title='bbox 537 3091 675 3143; x_wconf 89' lang='lat' dir='ltr'><strong>ante</strong></span> <span class='ocrx_word' id='word_1_373' title='bbox 712 3100 847 3143; x_wconf 90' lang='lat' dir='ltr'><strong>eum</strong></span> <span class='ocrx_word' id='word_1_374' title='bbox 883 3081 1041 3143; x_wconf 89' lang='lat' dir='ltr'><strong>diem</strong></span> <span class='ocrx_word' id='word_1_375' title='bbox 1076 3080 1320 3143; x_wconf 89' lang='lat' dir='ltr'><strong>obiisse.</strong></span> <span class='ocrx_word' id='word_1_376' title='bbox 1364 3107 1387 3137; x_wconf 86' lang='grc'><strong>››</strong></span> <span class='ocrx_word' id='word_1_377' title='bbox 1425 3084 1564 3145; x_wconf 69' lang='lat' dir='ltr'><strong>Hice</strong></span> <span class='ocrx_word' id='word_1_378' title='bbox 1612 3084 1919 3147; x_wconf 86' lang='lat' dir='ltr'><strong>Baronius.</strong></span> 
     </span>
    </p>
   </div>
   <div class='ocr_carea' id='block_1_38' title="bbox 269 3166 1920 3255">
    <p class='ocr_par' dir='ltr' id='par_1_38' title="bbox 269 3166 1920 3255">
     <span class='ocr_line' id='line_1_38' title="bbox 269 3166 1920 3255; baseline 0.004 -26"><span class='ocrx_word' id='word_1_379' title='bbox 269 3166 386 3230; x_wconf 90' lang='lat' dir='ltr'><strong>Sed</strong></span> <span class='ocrx_word' id='word_1_380' title='bbox 422 3171 721 3248; x_wconf 79' lang='lat' dir='ltr'><strong>quomodo</strong></span> <span class='ocrx_word' id='word_1_381' title='bbox 753 3171 811 3232; x_wconf 92' lang='lat' dir='ltr'><strong>id</strong></span> <span class='ocrx_word' id='word_1_382' title='bbox 845 3173 1010 3233; x_wconf 89' lang='lat' dir='ltr'><strong>Actis</strong></span> <span class='ocrx_word' id='word_1_383' title='bbox 1038 3171 1305 3233; x_wconf 89' lang='lat' dir='ltr'><strong>additum</strong></span> <span class='ocrx_word' id='word_1_384' title='bbox 1331 3172 1574 3251; x_wconf 87' lang='lat' dir='ltr'><strong>probat?</strong></span> <span class='ocrx_word' id='word_1_385' title='bbox 1595 3171 1728 3252; x_wconf 88' lang='lat' dir='ltr'><strong>Ipse</strong></span> <span class='ocrx_word' id='word_1_386' title='bbox 1753 3180 1793 3233; x_wconf 91' lang='lat' dir='ltr'><strong>t.</strong></span> <span class='ocrx_word' id='word_1_387' title='bbox 1825 3173 1920 3255; x_wconf 88' lang='lat' dir='ltr'><strong>Vl,</strong></span> 
     </span>
    </p>
   </div>
   <div class='ocr_carea' id='block_1_39' title="bbox 266 3259 1919 3342">
    <p class='ocr_par' dir='ltr' id='par_1_39' title="bbox 266 3259 1919 3342">
     <span class='ocr_line' id='line_1_39' title="bbox 266 3259 1919 3342; baseline 0.003 -23"><span class='ocrx_word' id='word_1_388' title='bbox 266 3275 365 3319; x_wconf 87' lang='lat' dir='ltr'><strong>an.</strong></span> <span class='ocrx_word' id='word_1_389' title='bbox 402 3259 541 3320; x_wconf 89' lang='lat' dir='ltr'><strong>Chr.</strong></span> <span class='ocrx_word' id='word_1_390' title='bbox 577 3262 718 3335; x_wconf 70' lang='grc'><strong><em>4⁵15,</em></strong></span> <span class='ocrx_word' id='word_1_391' title='bbox 755 3280 815 3323; x_wconf 87' lang='grc' dir='ltr'><strong>ιι.</strong></span> <span class='ocrx_word' id='word_1_392' title='bbox 851 3261 950 3337; x_wconf 80' lang='grc'><strong>43,</strong></span> <span class='ocrx_word' id='word_1_393' title='bbox 976 3262 1139 3322; x_wconf 91' lang='lat' dir='ltr'><strong>hunc</strong></span> <span class='ocrx_word' id='word_1_394' title='bbox 1180 3285 1198 3316; x_wconf 84' lang='grc' dir='ltr'><strong>ι</strong></span> <span class='ocrx_word' id='word_1_395' title='bbox 1237 3260 1526 3340; x_wconf 78' lang='lat' dir='ltr'><strong>Cyrillum</strong></span> <span class='ocrx_word' id='word_1_396' title='bbox 1575 3263 1919 3342; x_wconf 82' lang='lat' dir='ltr'><strong>diligentem</strong></span> 
     </span>
    </p>
   </div>
   <div class='ocr_carea' id='block_1_40' title="bbox 268 3349 1918 3430">
    <p class='ocr_par' dir='ltr' id='par_1_40' title="bbox 268 3349 1918 3430">
     <span class='ocr_line' id='line_1_40' title="bbox 268 3349 1918 3430; baseline 0.002 -22"><span class='ocrx_word' id='word_1_397' title='bbox 268 3358 328 3408; x_wconf 88' lang='lat' dir='ltr'><strong>et</strong></span> <span class='ocrx_word' id='word_1_398' title='bbox 359 3349 626 3411; x_wconf 86' lang='lat' dir='ltr'><strong>veritatis</strong></span> <span class='ocrx_word' id='word_1_399' title='bbox 656 3350 946 3413; x_wconf 89' lang='lat' dir='ltr'><strong>cultorem</strong></span> <span class='ocrx_word' id='word_1_400' title='bbox 980 3350 1216 3411; x_wconf 91' lang='lat' dir='ltr'><strong>illorum</strong></span> <span class='ocrx_word' id='word_1_401' title='bbox 1241 3358 1575 3430; x_wconf 88' lang='lat' dir='ltr'><strong>temporum</strong></span> <span class='ocrx_word' id='word_1_402' title='bbox 1608 3351 1918 3414; x_wconf 87' lang='lat' dir='ltr'><strong>ﬂorentem</strong></span> 
     </span>
    </p>
   </div>
   <div class='ocr_carea' id='block_1_41' title="bbox 268 3437 1920 3515">
    <p class='ocr_par' dir='ltr' id='par_1_41' title="bbox 268 3437 1920 3515">
     <span class='ocr_line' id='line_1_41' title="bbox 268 3437 1920 3515; baseline 0.002 -16"><span class='ocrx_word' id='word_1_403' title='bbox 268 3437 621 3501; x_wconf 87' lang='lat' dir='ltr'><strong>historicum</strong></span> <span class='ocrx_word' id='word_1_404' title='bbox 647 3440 901 3515; x_wconf 81' lang='lat' dir='ltr'><strong>dixerat,</strong></span> <span class='ocrx_word' id='word_1_405' title='bbox 940 3465 966 3496; x_wconf 73' lang='lat' dir='ltr'><strong>in</strong></span> <span class='ocrx_word' id='word_1_406' title='bbox 1003 3449 1065 3502; x_wconf 89' lang='lat' dir='ltr'><strong>et</strong></span> <span class='ocrx_word' id='word_1_407' title='bbox 1091 3459 1190 3503; x_wconf 88' lang='lat' dir='ltr'><strong>an.</strong></span> <span class='ocrx_word' id='word_1_408' title='bbox 1224 3439 1335 3502; x_wconf 90' lang='lat' dir='ltr'><strong>Ch.</strong></span> <span class='ocrx_word' id='word_1_409' title='bbox 1366 3440 1508 3515; x_wconf 77' lang='grc'><strong>491,</strong></span> <span class='ocrx_word' id='word_1_410' title='bbox 1535 3459 1598 3503; x_wconf 92' lang='lat' dir='ltr'><strong>n.</strong></span> <span class='ocrx_word' id='word_1_411' title='bbox 1633 3440 1693 3513; x_wconf 79' lang='lat'><strong>5,</strong></span> <span class='ocrx_word' id='word_1_412' title='bbox 1728 3441 1920 3502; x_wconf 88' lang='lat' dir='ltr'><strong>histo-</strong></span> 
     </span>
    </p>
   </div>
   <div class='ocr_carea' id='block_1_42' title="bbox 266 3526 1917 3608">
    <p class='ocr_par' dir='ltr' id='par_1_42' title="bbox 266 3526 1917 3608">
     <span class='ocr_line' id='line_1_42' title="bbox 266 3526 1917 3608; baseline 0.002 -22"><span class='ocrx_word' id='word_1_413' title='bbox 266 3526 421 3589; x_wconf 86' lang='lat' dir='ltr'><strong>riam</strong></span> <span class='ocrx_word' id='word_1_414' title='bbox 454 3530 587 3608; x_wconf 87' lang='lat' dir='ltr'><strong>ejus</strong></span> <span class='ocrx_word' id='word_1_415' title='bbox 624 3554 644 3586; x_wconf 77' lang='grc' dir='ltr'><strong>ι</strong></span> <span class='ocrx_word' id='word_1_416' title='bbox 678 3530 833 3592; x_wconf 91' lang='lat' dir='ltr'><strong>scitu</strong></span> <span class='ocrx_word' id='word_1_417' title='bbox 865 3529 1132 3608; x_wconf 88' lang='lat' dir='ltr'><strong>dignam,</strong></span> <span class='ocrx_word' id='word_1_418' title='bbox 1157 3538 1214 3590; x_wconf 90' lang='lat' dir='ltr'><strong>et</strong></span> <span class='ocrx_word' id='word_1_419' title='bbox 1243 3528 1574 3590; x_wconf 79' lang='lat' dir='ltr'><strong>Annalibus</strong></span> <span class='ocrx_word' id='word_1_420' title='bbox 1598 3529 1917 3591; x_wconf 85' lang='lat' dir='ltr'><strong>ecclesias-</strong></span> 
     </span>
    </p>
   </div>
   <div class='ocr_carea' id='block_1_43' title="bbox 268 3617 1912 3699">
    <p class='ocr_par' dir='ltr' id='par_1_43' title="bbox 268 3617 1912 3699">
     <span class='ocr_line' id='line_1_43' title="bbox 268 3617 1912 3699; baseline 0.002 -22"><span class='ocrx_word' id='word_1_421' title='bbox 268 3617 404 3679; x_wconf 88' lang='lat' dir='ltr'><strong>ticis</strong></span> <span class='ocrx_word' id='word_1_422' title='bbox 436 3637 763 3698; x_wconf 85' lang='lat' dir='ltr'><strong>congruam</strong></span> <span class='ocrx_word' id='word_1_423' title='bbox 793 3628 1064 3689; x_wconf 86' lang='lat' dir='ltr'><strong>vocarat;</strong></span> <span class='ocrx_word' id='word_1_424' title='bbox 1101 3638 1237 3679; x_wconf 83' lang='lat' dir='ltr'><strong>cum</strong></span> <span class='ocrx_word' id='word_1_425' title='bbox 1274 3620 1640 3699; x_wconf 65' lang='lat' dir='ltr'><strong>praesertim,</strong></span> <span class='ocrx_word' id='word_1_426' title='bbox 1673 3619 1865 3699; x_wconf 88' lang='lat' dir='ltr'><strong>inquit</strong></span> <span class='ocrx_word' id='word_1_427' title='bbox 1898 3670 1912 3696; x_wconf 92' lang='lat'><strong>,</strong></span> 
     </span>
    </p>
   </div>
   <div class='ocr_carea' id='block_1_44' title="bbox 263 3707 1915 3788">
    <p class='ocr_par' dir='ltr' id='par_1_44' title="bbox 263 3707 1915 3788">
     <span class='ocr_line' id='line_1_44' title="bbox 263 3707 1915 3788; baseline 0.002 -22"><span class='ocrx_word' id='word_1_428' title='bbox 263 3725 298 3766; x_wconf 89' lang='lat' dir='ltr'><strong>a</strong></span> <span class='ocrx_word' id='word_1_429' title='bbox 330 3707 552 3787; x_wconf 86' lang='lat' dir='ltr'><strong>Cyrillo</strong></span> <span class='ocrx_word' id='word_1_430' title='bbox 581 3710 876 3772; x_wconf 90' lang='lat' dir='ltr'><strong>monacho</strong></span> <span class='ocrx_word' id='word_1_431' title='bbox 909 3708 1201 3788; x_wconf 88' lang='lat' dir='ltr'><strong>discipulo</strong></span> <span class='ocrx_word' id='word_1_432' title='bbox 1233 3707 1572 3769; x_wconf 82' lang='lat' dir='ltr'><strong>admirandi</strong></span> <span class='ocrx_word' id='word_1_433' title='bbox 1604 3708 1763 3771; x_wconf 90' lang='lat' dir='ltr'><strong>illius</strong></span> <span class='ocrx_word' id='word_1_434' title='bbox 1794 3708 1915 3770; x_wconf 87' lang='lat' dir='ltr'><strong>Eu-</strong></span> 
     </span>
    </p>
   </div>
   <div class='ocr_carea' id='block_1_45' title="bbox 265 3796 1913 3878">
    <p class='ocr_par' dir='ltr' id='par_1_45' title="bbox 265 3796 1913 3878">
     <span class='ocr_line' id='line_1_45' title="bbox 265 3796 1913 3878; baseline 0.004 -23"><span class='ocrx_word' id='word_1_435' title='bbox 265 3796 502 3876; x_wconf 88' lang='lat' dir='ltr'><strong>thymii,</strong></span> <span class='ocrx_word' id='word_1_436' title='bbox 536 3799 636 3877; x_wconf 92' lang='lat' dir='ltr'><strong>qui</strong></span> <span class='ocrx_word' id='word_1_437' title='bbox 665 3799 758 3859; x_wconf 82' lang='lat' dir='ltr'><strong>bis</strong></span> <span class='ocrx_word' id='word_1_438' title='bbox 785 3796 1018 3860; x_wconf 85' lang='lat' dir='ltr'><strong>vivebat</strong></span> <span class='ocrx_word' id='word_1_439' title='bbox 1045 3796 1436 3878; x_wconf 88' lang='lat' dir='ltr'><strong>temporibus,</strong></span> <span class='ocrx_word' id='word_1_440' title='bbox 1467 3798 1687 3878; x_wconf 84' lang='lat' dir='ltr'><strong>scripta</strong></span> <span class='ocrx_word' id='word_1_441' title='bbox 1716 3798 1913 3861; x_wconf 83' lang='lat' dir='ltr'><strong>fuerit.</strong></span> 
     </span>
    </p>
   </div>
   <div class='ocr_carea' id='block_1_46' title="bbox 264 3886 1916 3970">
    <p class='ocr_par' dir='ltr' id='par_1_46' title="bbox 264 3886 1916 3970">
     <span class='ocr_line' id='line_1_46' title="bbox 264 3886 1916 3970; baseline 0.002 -23"><span class='ocrx_word' id='word_1_442' title='bbox 264 3886 472 3948; x_wconf 85' lang='lat' dir='ltr'><strong>Liceat</strong></span> <span class='ocrx_word' id='word_1_443' title='bbox 504 3890 735 3967; x_wconf 87' lang='lat' dir='ltr'><strong>absque</strong></span> <span class='ocrx_word' id='word_1_444' title='bbox 766 3887 984 3949; x_wconf 65' lang='lat' dir='ltr'><strong>invidia</strong></span> <span class='ocrx_word' id='word_1_445' title='bbox 1013 3887 1239 3964; x_wconf 88' lang='lat' dir='ltr'><strong>dicere,</strong></span> <span class='ocrx_word' id='word_1_446' title='bbox 1269 3905 1365 3949; x_wconf 90' lang='lat' dir='ltr'><strong>me</strong></span> <span class='ocrx_word' id='word_1_447' title='bbox 1397 3888 1696 3949; x_wconf 90' lang='lat' dir='ltr'><strong>neminem</strong></span> <span class='ocrx_word' id='word_1_448' title='bbox 1737 3907 1916 3970; x_wconf 89' lang='lat' dir='ltr'><strong>repe-</strong></span> 
     </span>
    </p>
   </div>
   <div class='ocr_carea' id='block_1_47' title="bbox 259 3973 1916 4060">
    <p class='ocr_par' dir='ltr' id='par_1_47' title="bbox 259 3973 1916 4060">
     <span class='ocr_line' id='line_1_47' title="bbox 259 3973 1916 4060; baseline 0.002 -24"><span class='ocrx_word' id='word_1_449' title='bbox 259 3973 416 4037; x_wconf 88' lang='lat' dir='ltr'><strong>risse</strong></span> <span class='ocrx_word' id='word_1_450' title='bbox 443 3983 580 4056; x_wconf 83' lang='lat' dir='ltr'><strong>post</strong></span> <span class='ocrx_word' id='word_1_451' title='bbox 607 3976 710 4039; x_wconf 89' lang='lat' dir='ltr'><strong>SS.</strong></span> <span class='ocrx_word' id='word_1_452' title='bbox 747 3977 1136 4039; x_wconf 88' lang='lat' dir='ltr'><strong>Athanasium</strong></span> <span class='ocrx_word' id='word_1_453' title='bbox 1164 3986 1340 4058; x_wconf 88' lang='lat' dir='ltr'><strong>atque</strong></span> <span class='ocrx_word' id='word_1_454' title='bbox 1363 3977 1916 4060; x_wconf 84' lang='lat' dir='ltr'><strong>Hieronymum,qui</strong></span> 
     </span>
    </p>
   </div>
   <div class='ocr_carea' id='block_1_48' title="bbox 262 4065 1917 4147">
    <p class='ocr_par' dir='ltr' id='par_1_48' title="bbox 262 4065 1917 4147">
     <span class='ocr_line' id='line_1_48' title="bbox 262 4065 1917 4147; baseline 0.001 -20"><span class='ocrx_word' id='word_1_455' title='bbox 262 4065 476 4144; x_wconf 89' lang='lat' dir='ltr'><strong>majori</strong></span> <span class='ocrx_word' id='word_1_456' title='bbox 511 4066 631 4127; x_wconf 89' lang='lat' dir='ltr'><strong>ﬁde</strong></span> <span class='ocrx_word' id='word_1_457' title='bbox 649 4067 959 4147; x_wconf 87' lang='lat' dir='ltr'><strong>scripserit</strong></span> <span class='ocrx_word' id='word_1_458' title='bbox 987 4068 1496 4128; x_wconf 76' lang='lat' dir='ltr'><strong>sanctissimnrum</strong></span> <span class='ocrx_word' id='word_1_459' title='bbox 1522 4068 1785 4129; x_wconf 86' lang='lat' dir='ltr'><strong>virorum</strong></span> <span class='ocrx_word' id='word_1_460' title='bbox 1819 4087 1917 4130; x_wconf 91' lang='lat' dir='ltr'><strong>res</strong></span> 
     </span>
    </p>
   </div>
   <div class='ocr_carea' id='block_1_49' title="bbox 258 4155 1918 4238">
    <p class='ocr_par' dir='ltr' id='par_1_49' title="bbox 258 4155 1918 4238">
     <span class='ocr_line' id='line_1_49' title="bbox 258 4155 1918 4238; baseline 0.003 -23"><span class='ocrx_word' id='word_1_461' title='bbox 258 4155 523 4233; x_wconf 85' lang='lat' dir='ltr'><strong>gestas,d</strong></span> <span class='ocrx_word' id='word_1_462' title='bbox 551 4174 770 4234; x_wconf 87' lang='lat' dir='ltr'><strong>gerens</strong></span> <span class='ocrx_word' id='word_1_463' title='bbox 797 4175 899 4218; x_wconf 85' lang='lat' dir='ltr'><strong>eas</strong></span> <span class='ocrx_word' id='word_1_464' title='bbox 915 4165 1088 4237; x_wconf 91' lang='lat' dir='ltr'><strong>atque</strong></span> <span class='ocrx_word' id='word_1_465' title='bbox 1114 4156 1492 4237; x_wconf 81' lang='lat' dir='ltr'><strong>distinguens</strong></span> <span class='ocrx_word' id='word_1_466' title='bbox 1511 4169 1788 4220; x_wconf 90' lang='lat' dir='ltr'><strong>accurate</strong></span> <span class='ocrx_word' id='word_1_467' title='bbox 1811 4176 1918 4238; x_wconf 92' lang='lat' dir='ltr'><strong>per</strong></span> 
     </span>
    </p>
   </div>
   <div class='ocr_carea' id='block_1_50' title="bbox 260 4244 1915 4328">
    <p class='ocr_par' dir='ltr' id='par_1_50' title="bbox 260 4244 1915 4328">
     <span class='ocr_line' id='line_1_50' title="bbox 260 4244 1915 4328; baseline 0.004 -24"><span class='ocrx_word' id='word_1_468' title='bbox 260 4252 553 4325; x_wconf 90' lang='lat' dir='ltr'><strong>tempora,</strong></span> <span class='ocrx_word' id='word_1_469' title='bbox 588 4264 656 4308; x_wconf 91' lang='lat' dir='ltr'><strong>ac</strong></span> <span class='ocrx_word' id='word_1_470' title='bbox 686 4246 817 4327; x_wconf 91' lang='lat' dir='ltr'><strong>ipse</strong></span> <span class='ocrx_word' id='word_1_471' title='bbox 840 4245 1118 4327; x_wconf 85' lang='lat' dir='ltr'><strong>Cyrillus,</strong></span> <span class='ocrx_word' id='word_1_472' title='bbox 1144 4244 1284 4307; x_wconf 88' lang='lat' dir='ltr'><strong>dum</strong></span> <span class='ocrx_word' id='word_1_473' title='bbox 1311 4264 1446 4326; x_wconf 73' lang='lat' dir='ltr'><strong>quae</strong></span> <span class='ocrx_word' id='word_1_474' title='bbox 1467 4246 1603 4327; x_wconf 90' lang='lat' dir='ltr'><strong>ipse</strong></span> <span class='ocrx_word' id='word_1_475' title='bbox 1632 4249 1801 4328; x_wconf 91' lang='lat' dir='ltr'><strong>vidit,</strong></span> <span class='ocrx_word' id='word_1_476' title='bbox 1825 4250 1915 4310; x_wconf 89' lang='lat' dir='ltr'><strong>vel</strong></span> 
     </span>
    </p>
   </div>
   <div class='ocr_carea' id='block_1_51' title="bbox 260 4337 1915 4417">
    <p class='ocr_par' dir='ltr' id='par_1_51' title="bbox 260 4337 1915 4417">
     <span class='ocr_line' id='line_1_51' title="bbox 260 4337 1915 4417; baseline 0.002 -21"><span class='ocrx_word' id='word_1_477' title='bbox 260 4346 610 4397; x_wconf 83' lang='lat' dir='ltr'><strong>sanctorum</strong></span> <span class='ocrx_word' id='word_1_478' title='bbox 660 4337 824 4399; x_wconf 87' lang='lat' dir='ltr'><strong>omni</strong></span> <span class='ocrx_word' id='word_1_479' title='bbox 877 4338 1173 4417; x_wconf 88' lang='lat' dir='ltr'><strong>probitate</strong></span> <span class='ocrx_word' id='word_1_480' title='bbox 1212 4338 1619 4417; x_wconf 68' lang='lat' dir='ltr'><strong>praestantium</strong></span> <span class='ocrx_word' id='word_1_481' title='bbox 1652 4337 1915 4399; x_wconf 83' lang='lat' dir='ltr'><strong>virorum</strong></span> 
     </span>
    </p>
   </div>
   <div class='ocr_carea' id='block_1_52' title="bbox 263 4426 1915 4506">
    <p class='ocr_par' dir='ltr' id='par_1_52' title="bbox 263 4426 1915 4506">
     <span class='ocr_line' id='line_1_52' title="bbox 263 4426 1915 4506; baseline 0.001 -19"><span class='ocrx_word' id='word_1_482' title='bbox 263 4426 560 4487; x_wconf 88' lang='lat' dir='ltr'><strong>relatione</strong></span> <span class='ocrx_word' id='word_1_483' title='bbox 591 4426 820 4501; x_wconf 88' lang='lat' dir='ltr'><strong>didicit,</strong></span> <span class='ocrx_word' id='word_1_484' title='bbox 845 4429 1075 4504; x_wconf 87' lang='lat' dir='ltr'><strong>absque</strong></span> <span class='ocrx_word' id='word_1_485' title='bbox 1107 4427 1222 4488; x_wconf 87' lang='lat' dir='ltr'><strong>levi</strong></span> <span class='ocrx_word' id='word_1_486' title='bbox 1256 4426 1598 4506; x_wconf 85' lang='lat' dir='ltr'><strong>suspicione</strong></span> <span class='ocrx_word' id='word_1_487' title='bbox 1624 4427 1915 4490; x_wconf 89' lang='lat' dir='ltr'><strong>mendacii</strong></span> 
     </span>
    </p>
   </div>
   <div class='ocr_carea' id='block_1_53' title="bbox 258 4515 1913 4597">
    <p class='ocr_par' dir='ltr' id='par_1_53' title="bbox 258 4515 1913 4597">
     <span class='ocr_line' id='line_1_53' title="bbox 258 4515 1913 4597; baseline 0.002 -21"><span class='ocrx_word' id='word_1_488' title='bbox 258 4516 557 4576; x_wconf 89' lang='lat' dir='ltr'><strong>sinceram</strong></span> <span class='ocrx_word' id='word_1_489' title='bbox 572 4515 884 4579; x_wconf 81' lang='lat' dir='ltr'><strong>veritatem</strong></span> <span class='ocrx_word' id='word_1_490' title='bbox 904 4517 1081 4579; x_wconf 89' lang='lat' dir='ltr'><strong>veluti</strong></span> <span class='ocrx_word' id='word_1_491' title='bbox 1103 4528 1551 4578; x_wconf 87' lang='lat' dir='ltr'><strong>sacrosanctum</strong></span> <span class='ocrx_word' id='word_1_492' title='bbox 1578 4517 1913 4597; x_wconf 88' lang='lat' dir='ltr'><strong>depositum</strong></span> 
     </span>
    </p>
   </div>
   <div class='ocr_carea' id='block_1_54' title="bbox 2013 2368 3661 2452">
    <p class='ocr_par' dir='ltr' id='par_1_54' title="bbox 2013 2368 3661 2452">
     <span class='ocr_line' id='line_1_54' title="bbox 2013 2368 3661 2452; baseline -0.001 -19"><span class='ocrx_word' id='word_1_493' title='bbox 2013 2375 2310 2452; x_wconf 71' lang='lat' dir='ltr'><strong>Agapetus</strong></span> <span class='ocrx_word' id='word_1_494' title='bbox 2366 2373 2433 2432; x_wconf 81' lang='lat' dir='ltr'><strong>tl</strong></span> <span class='ocrx_word' id='word_1_495' title='bbox 2486 2370 2653 2435; x_wconf 81' lang='lat' dir='ltr'><strong>Junii</strong></span> <span class='ocrx_word' id='word_1_496' title='bbox 2701 2370 2839 2432; x_wconf 87' lang='lat' dir='ltr'><strong>anni</strong></span> <span class='ocrx_word' id='word_1_497' title='bbox 2872 2369 3011 2443; x_wconf 80' lang='lat'><strong>535,</strong></span> <span class='ocrx_word' id='word_1_498' title='bbox 3062 2368 3507 2431; x_wconf 89' lang='lat' dir='ltr'><strong>decessitanno</strong></span> <span class='ocrx_word' id='word_1_499' title='bbox 3557 2387 3661 2432; x_wconf 85' lang='lat' dir='ltr'><strong>se-</strong></span> 
     </span>
    </p>
   </div>
   <div class='ocr_carea' id='block_1_55' title="bbox 2056 2463 2245 2525">
    <p class='ocr_par' dir='ltr' id='par_1_55' title="bbox 2056 2463 2245 2525">
     <span class='ocr_line' id='line_1_55' title="bbox 2056 2463 2245 2525; baseline -0.016 0"><span class='ocrx_word' id='word_1_500' title='bbox 2056 2463 2245 2525; x_wconf 74' lang='lat' dir='ltr'><strong>ueuﬁ.</strong></span> 
     </span>
    </p>
   </div>
   <div class='ocr_carea' id='block_1_56' title="bbox 2011 2484 3663 2627">
    <p class='ocr_par' dir='ltr' id='par_1_56' title="bbox 2011 2484 3663 2627">
     <span class='ocr_line' id='line_1_56' title="bbox 2011 2484 3663 2627; baseline -0.001 -16"><span class='ocrx_word' id='word_1_501' title='bbox 2011 2484 2448 2615; x_wconf 46' lang='lat' dir='ltr'><strong>qufglllleinde</strong></span> <span class='ocrx_word' id='word_1_502' title='bbox 2472 2549 2716 2612; x_wconf 82' lang='lat' dir='ltr'><strong>difﬁcile</strong></span> <span class='ocrx_word' id='word_1_503' title='bbox 2746 2550 2995 2627; x_wconf 66' lang='lat' dir='ltr'><strong>probatu</strong></span> <span class='ocrx_word' id='word_1_504' title='bbox 3019 2546 3479 2627; x_wconf 88' lang='lat' dir='ltr'><strong>estHesycbium</strong></span> <span class='ocrx_word' id='word_1_505' title='bbox 3502 2547 3663 2609; x_wconf 90' lang='lat' dir='ltr'><strong>hunc</strong></span> 
     </span>
    </p>
   </div>
   <div class='ocr_carea' id='block_1_57' title="bbox 2007 2636 3663 2721">
    <p class='ocr_par' dir='ltr' id='par_1_57' title="bbox 2007 2636 3663 2721">
     <span class='ocr_line' id='line_1_57' title="bbox 2007 2636 3663 2721; baseline 0 -22"><span class='ocrx_word' id='word_1_506' title='bbox 2007 2644 2137 2721; x_wconf 87' lang='lat' dir='ltr'><strong>(qui</strong></span> <span class='ocrx_word' id='word_1_507' title='bbox 2185 2639 2447 2720; x_wconf 84' lang='lat' dir='ltr'><strong>Isycbus,</strong></span> <span class='ocrx_word' id='word_1_508' title='bbox 2501 2637 2755 2701; x_wconf 89' lang='lat' dir='ltr'><strong>Isichius</strong></span> <span class='ocrx_word' id='word_1_509' title='bbox 2807 2636 3047 2717; x_wconf 88' lang='lat' dir='ltr'><strong>dicitur)</strong></span> <span class='ocrx_word' id='word_1_510' title='bbox 3104 2636 3352 2696; x_wconf 89' lang='lat' dir='ltr'><strong>missum</strong></span> <span class='ocrx_word' id='word_1_511' title='bbox 3401 2636 3585 2699; x_wconf 76' lang='lat' dir='ltr'><strong>fuisse</strong></span> <span class='ocrx_word' id='word_1_512' title='bbox 3628 2654 3663 2699; x_wconf 85' lang='lat' dir='ltr'><strong>a</strong></span> 
     </span>
    </p>
   </div>
   <div class='ocr_carea' id='block_1_58' title="bbox 2008 2726 3658 2808">
    <p class='ocr_par' dir='ltr' id='par_1_58' title="bbox 2008 2726 3658 2808">
     <span class='ocr_line' id='line_1_58' title="bbox 2008 2726 3658 2808; baseline -0.004 -14"><span class='ocrx_word' id='word_1_513' title='bbox 2008 2732 2076 2794; x_wconf 90' lang='grc' dir='ltr'>Β.</span> <span class='ocrx_word' id='word_1_514' title='bbox 2112 2728 2456 2791; x_wconf 80' lang='lat' dir='ltr'><strong>Theodosio</strong></span> <span class='ocrx_word' id='word_1_515' title='bbox 2491 2738 2614 2789; x_wconf 92' lang='lat' dir='ltr'><strong>tum</strong></span> <span class='ocrx_word' id='word_1_516' title='bbox 2651 2726 3062 2808; x_wconf 88' lang='lat' dir='ltr'><strong>superstite;et</strong></span> <span class='ocrx_word' id='word_1_517' title='bbox 3092 2744 3211 2787; x_wconf 90' lang='lat' dir='ltr'><strong>non</strong></span> <span class='ocrx_word' id='word_1_518' title='bbox 3241 2726 3444 2806; x_wconf 91' lang='lat' dir='ltr'><strong>potius</strong></span> <span class='ocrx_word' id='word_1_519' title='bbox 3476 2745 3511 2787; x_wconf 89' lang='lat' dir='ltr'><strong>a</strong></span> <span class='ocrx_word' id='word_1_520' title='bbox 3539 2726 3658 2789; x_wconf 81' lang='lat' dir='ltr'><strong>So-</strong></span> 
     </span>
    </p>
   </div>
   <div class='ocr_carea' id='block_1_59' title="bbox 2009 2816 3645 2902">
    <p class='ocr_par' dir='ltr' id='par_1_59' title="bbox 2009 2816 3645 2902">
     <span class='ocr_line' id='line_1_59' title="bbox 2009 2816 3645 2902; baseline -0.002 -21"><span class='ocrx_word' id='word_1_521' title='bbox 2009 2820 2260 2902; x_wconf 89' lang='lat' dir='ltr'><strong>phronio</strong></span> <span class='ocrx_word' id='word_1_522' title='bbox 2292 2820 2421 2899; x_wconf 91' lang='lat' dir='ltr'><strong>ejus</strong></span> <span class='ocrx_word' id='word_1_523' title='bbox 2449 2836 2822 2880; x_wconf 88' lang='lat' dir='ltr'><strong>successore.</strong></span> <span class='ocrx_word' id='word_1_524' title='bbox 2855 2816 2939 2878; x_wconf 89' lang='lat' dir='ltr'><strong>Ita</strong></span> <span class='ocrx_word' id='word_1_525' title='bbox 2973 2816 3134 2878; x_wconf 90' lang='lat' dir='ltr'><strong>enim</strong></span> <span class='ocrx_word' id='word_1_526' title='bbox 3164 2816 3398 2878; x_wconf 86' lang='lat' dir='ltr'><strong>actione</strong></span> <span class='ocrx_word' id='word_1_527' title='bbox 3426 2834 3447 2876; x_wconf 85' lang='grc' dir='ltr'><strong>ι</strong></span> <span class='ocrx_word' id='word_1_528' title='bbox 3480 2818 3645 2895; x_wconf 89' lang='lat' dir='ltr'><strong>ejus-</strong></span> 
     </span>
    </p>
   </div>
   <div class='ocr_carea' id='block_1_60' title="bbox 2009 2904 3647 2989">
    <p class='ocr_par' dir='ltr' id='par_1_60' title="bbox 2009 2904 3647 2989">
     <span class='ocr_line' id='line_1_60' title="bbox 2009 2904 3647 2989; baseline -0.002 -20"><span class='ocrx_word' id='word_1_529' title='bbox 2009 2912 2145 2970; x_wconf 87' lang='lat' dir='ltr'><strong>dem</strong></span> <span class='ocrx_word' id='word_1_530' title='bbox 2180 2908 2414 2989; x_wconf 80' lang='lat' dir='ltr'><strong>synodi,</strong></span> <span class='ocrx_word' id='word_1_531' title='bbox 2442 2908 2501 2968; x_wconf 93' lang='lat' dir='ltr'><strong>in</strong></span> <span class='ocrx_word' id='word_1_532' title='bbox 2533 2906 2734 2968; x_wconf 91' lang='lat' dir='ltr'><strong>libello</strong></span> <span class='ocrx_word' id='word_1_533' title='bbox 2765 2925 2797 2967; x_wconf 88' lang='lat' dir='ltr'><strong>a</strong></span> <span class='ocrx_word' id='word_1_534' title='bbox 2832 2914 3018 2967; x_wconf 88' lang='lat' dir='ltr'><strong>morte</strong></span> <span class='ocrx_word' id='word_1_535' title='bbox 3050 2904 3295 2984; x_wconf 86' lang='lat' dir='ltr'><strong>Agapeti</strong></span> <span class='ocrx_word' id='word_1_536' title='bbox 3326 2904 3401 2966; x_wconf 89' lang='lat' dir='ltr'><strong>ab</strong></span> <span class='ocrx_word' id='word_1_537' title='bbox 3432 2904 3647 2966; x_wconf 90' lang='lat' dir='ltr'><strong>iisdem</strong></span> 
     </span>
    </p>
   </div>
   <div class='ocr_carea' id='block_1_61' title="bbox 2014 2993 3652 3073">
    <p class='ocr_par' dir='ltr' id='par_1_61' title="bbox 2014 2993 3652 3073">
     <span class='ocr_line' id='line_1_61' title="bbox 2014 2993 3652 3073; baseline -0.002 -15"><span class='ocrx_word' id='word_1_538' title='bbox 2014 2997 2322 3060; x_wconf 86' lang='lat' dir='ltr'><strong>monachis</strong></span> <span class='ocrx_word' id='word_1_539' title='bbox 2345 2997 2541 3058; x_wconf 91' lang='lat' dir='ltr'><strong>oblato</strong></span> <span class='ocrx_word' id='word_1_540' title='bbox 2570 2993 2964 3058; x_wconf 84' lang='lat' dir='ltr'><strong>subscribitur</strong></span> <span class='ocrx_word' id='word_1_541' title='bbox 2989 3012 3002 3057; x_wconf 90' lang='lat'>:</span> <span class='ocrx_word' id='word_1_542' title='bbox 3040 3015 3069 3053; x_wconf 67' lang='grc' dir='ltr'><strong>ι</strong></span> <span class='ocrx_word' id='word_1_543' title='bbox 3093 2993 3421 3073; x_wconf 82' lang='lat' dir='ltr'><strong>Hesychius</strong></span> <span class='ocrx_word' id='word_1_544' title='bbox 3454 2993 3652 3055; x_wconf 87' lang='lat' dir='ltr'><strong>divina</strong></span> 
     </span>
    </p>
   </div>
   <div class='ocr_carea' id='block_1_62' title="bbox 2012 3082 3650 3166">
    <p class='ocr_par' dir='ltr' id='par_1_62' title="bbox 2012 3082 3650 3166">
     <span class='ocr_line' id='line_1_62' title="bbox 2012 3082 3650 3166; baseline -0.003 -18"><span class='ocrx_word' id='word_1_545' title='bbox 2012 3088 2397 3149; x_wconf 87' lang='lat' dir='ltr'><strong>miseratione</strong></span> <span class='ocrx_word' id='word_1_546' title='bbox 2450 3086 2757 3166; x_wconf 78' lang='lat' dir='ltr'><strong>presbyter</strong></span> <span class='ocrx_word' id='word_1_547' title='bbox 2811 3093 2868 3145; x_wconf 89' lang='lat' dir='ltr'><strong>et</strong></span> <span class='ocrx_word' id='word_1_548' title='bbox 2925 3084 3252 3145; x_wconf 90' lang='lat' dir='ltr'><strong>monachus</strong></span> <span class='ocrx_word' id='word_1_549' title='bbox 3305 3082 3650 3145; x_wconf 88' lang='lat' dir='ltr'><strong>monasterii</strong></span> 
     </span>
    </p>
   </div>
   <div class='ocr_carea' id='block_1_63' title="bbox 2012 3171 3651 3251">
    <p class='ocr_par' dir='ltr' id='par_1_63' title="bbox 2012 3171 3651 3251">
     <span class='ocr_line' id='line_1_63' title="bbox 2012 3171 3651 3251; baseline -0.002 -14"><span class='ocrx_word' id='word_1_550' title='bbox 2012 3177 2167 3238; x_wconf 88' lang='lat' dir='ltr'><strong>beati</strong></span> <span class='ocrx_word' id='word_1_551' title='bbox 2200 3175 2430 3237; x_wconf 87' lang='lat' dir='ltr'><strong>abbatis</strong></span> <span class='ocrx_word' id='word_1_552' title='bbox 2461 3172 2808 3245; x_wconf 89' lang='lat' dir='ltr'><strong>Theodosii,</strong></span> <span class='ocrx_word' id='word_1_553' title='bbox 2847 3173 3040 3234; x_wconf 79' lang='lat' dir='ltr'><strong>locum</strong></span> <span class='ocrx_word' id='word_1_554' title='bbox 3077 3182 3289 3232; x_wconf 90' lang='lat' dir='ltr'><strong>tenens</strong></span> <span class='ocrx_word' id='word_1_555' title='bbox 3327 3171 3651 3251; x_wconf 90' lang='lat' dir='ltr'><strong>Sophronii</strong></span> 
     </span>
    </p>
   </div>
   <div class='ocr_carea' id='block_1_64' title="bbox 2009 3261 3650 3347">
    <p class='ocr_par' dir='ltr' id='par_1_64' title="bbox 2009 3261 3650 3347">
     <span class='ocr_line' id='line_1_64' title="bbox 2009 3261 3650 3347; baseline -0.002 -21"><span class='ocrx_word' id='word_1_556' title='bbox 2009 3265 2334 3347; x_wconf 80' lang='lat' dir='ltr'><strong>presbyteri</strong></span> <span class='ocrx_word' id='word_1_557' title='bbox 2386 3274 2445 3326; x_wconf 92' lang='lat' dir='ltr'><strong>et</strong></span> <span class='ocrx_word' id='word_1_558' title='bbox 2487 3263 2967 3325; x_wconf 65' lang='lat' dir='ltr'><strong>archimandritas</strong></span> <span class='ocrx_word' id='word_1_559' title='bbox 2998 3263 3182 3342; x_wconf 90' lang='lat' dir='ltr'><strong>ipsius</strong></span> <span class='ocrx_word' id='word_1_560' title='bbox 3216 3261 3559 3323; x_wconf 86' lang='lat' dir='ltr'><strong>monasterii</strong></span> <span class='ocrx_word' id='word_1_561' title='bbox 3591 3269 3650 3323; x_wconf 88' lang='lat' dir='ltr'><strong>et</strong></span> 
     </span>
    </p>
   </div>
   <div class='ocr_carea' id='block_1_65' title="bbox 2007 3348 3649 3434">
    <p class='ocr_par' dir='ltr' id='par_1_65' title="bbox 2007 3348 3649 3434">
     <span class='ocr_line' id='line_1_65' title="bbox 2007 3348 3649 3434; baseline -0.004 -18"><span class='ocrx_word' id='word_1_562' title='bbox 2007 3356 2183 3434; x_wconf 91' lang='lat' dir='ltr'><strong>primi</strong></span> <span class='ocrx_word' id='word_1_563' title='bbox 2206 3355 2384 3415; x_wconf 91' lang='lat' dir='ltr'><strong>totius</strong></span> <span class='ocrx_word' id='word_1_564' title='bbox 2407 3355 2593 3415; x_wconf 89' lang='lat' dir='ltr'><strong>eremi</strong></span> <span class='ocrx_word' id='word_1_565' title='bbox 2617 3352 3185 3431; x_wconf 87' lang='lat' dir='ltr'><strong>Hierosolymorum,</strong></span> <span class='ocrx_word' id='word_1_566' title='bbox 3205 3368 3342 3412; x_wconf 92' lang='lat' dir='ltr'><strong>cum</strong></span> <span class='ocrx_word' id='word_1_567' title='bbox 3367 3348 3649 3411; x_wconf 89' lang='lat' dir='ltr'><strong>omnibus</strong></span> 
     </span>
    </p>
   </div>
   <div class='ocr_carea' id='block_1_66' title="bbox 2005 3438 3645 3524">
    <p class='ocr_par' dir='ltr' id='par_1_66' title="bbox 2005 3438 3645 3524">
     <span class='ocr_line' id='line_1_66' title="bbox 2005 3438 3645 3524; baseline -0.002 -19"><span class='ocrx_word' id='word_1_568' title='bbox 2005 3445 2122 3517; x_wconf 89' lang='lat' dir='ltr'><strong>his,</strong></span> <span class='ocrx_word' id='word_1_569' title='bbox 2156 3449 2256 3524; x_wconf 87' lang='lat' dir='ltr'><strong>qui</strong></span> <span class='ocrx_word' id='word_1_570' title='bbox 2288 3461 2522 3507; x_wconf 82' lang='lat' dir='ltr'><strong>mecum</strong></span> <span class='ocrx_word' id='word_1_571' title='bbox 2557 3442 2721 3503; x_wconf 91' lang='lat' dir='ltr'><strong>missi</strong></span> <span class='ocrx_word' id='word_1_572' title='bbox 2774 3453 2937 3516; x_wconf 85' lang='lat' dir='ltr'><strong>sunt,</strong></span> <span class='ocrx_word' id='word_1_573' title='bbox 2972 3438 3452 3501; x_wconf 90' lang='lat' dir='ltr'><strong>archimandritis</strong></span> <span class='ocrx_word' id='word_1_574' title='bbox 3498 3438 3645 3501; x_wconf 86' lang='lat' dir='ltr'><strong>Hie-</strong></span> 
     </span>
    </p>
   </div>
   <div class='ocr_carea' id='block_1_67' title="bbox 2003 3527 3648 3612">
    <p class='ocr_par' dir='ltr' id='par_1_67' title="bbox 2003 3527 3648 3612">
     <span class='ocr_line' id='line_1_67' title="bbox 2003 3527 3648 3612; baseline -0.002 -18"><span class='ocrx_word' id='word_1_575' title='bbox 2003 3533 2441 3612; x_wconf 87' lang='lat' dir='ltr'><strong>rosolymitanis</strong></span> <span class='ocrx_word' id='word_1_576' title='bbox 2472 3531 2544 3593; x_wconf 88' lang='lat' dir='ltr'><strong>ad</strong></span> <span class='ocrx_word' id='word_1_577' title='bbox 2581 3533 2734 3592; x_wconf 80' lang='lat' dir='ltr'><strong>hanc</strong></span> <span class='ocrx_word' id='word_1_578' title='bbox 2765 3531 2990 3609; x_wconf 83' lang='lat' dir='ltr'><strong>regiam</strong></span> <span class='ocrx_word' id='word_1_579' title='bbox 3025 3529 3265 3604; x_wconf 83' lang='lat' dir='ltr'><strong>urbem,</strong></span> <span class='ocrx_word' id='word_1_580' title='bbox 3290 3529 3390 3608; x_wconf 92' lang='lat' dir='ltr'><strong>qui</strong></span> <span class='ocrx_word' id='word_1_581' title='bbox 3423 3527 3648 3590; x_wconf 77' lang='lat' dir='ltr'><strong>faciunt</strong></span> 
     </span>
    </p>
   </div>
   <div class='ocr_carea' id='block_1_68' title="bbox 2004 3618 3642 3701">
    <p class='ocr_par' dir='ltr' id='par_1_68' title="bbox 2004 3618 3642 3701">
     <span class='ocr_line' id='line_1_68' title="bbox 2004 3618 3642 3701; baseline -0.002 -18"><span class='ocrx_word' id='word_1_582' title='bbox 2004 3642 2108 3701; x_wconf 88' lang='lat' dir='ltr'><strong>pro</strong></span> <span class='ocrx_word' id='word_1_583' title='bbox 2145 3622 2425 3684; x_wconf 81' lang='lat' dir='ltr'><strong>omnibus</strong></span> <span class='ocrx_word' id='word_1_584' title='bbox 2451 3621 2942 3683; x_wconf 89' lang='lat' dir='ltr'><strong>archimandritis</strong></span> <span class='ocrx_word' id='word_1_585' title='bbox 2967 3627 3024 3680; x_wconf 91' lang='lat' dir='ltr'><strong>et</strong></span> <span class='ocrx_word' id='word_1_586' title='bbox 3051 3619 3382 3695; x_wconf 90' lang='lat' dir='ltr'><strong>monachis,</strong></span> <span class='ocrx_word' id='word_1_587' title='bbox 3405 3618 3508 3698; x_wconf 91' lang='lat' dir='ltr'><strong>qui</strong></span> <span class='ocrx_word' id='word_1_588' title='bbox 3533 3618 3642 3680; x_wconf 85' lang='lat' dir='ltr'><strong>ha-</strong></span> 
     </span>
    </p>
   </div>
   <div class='ocr_carea' id='block_1_69' title="bbox 2003 3707 3645 3793">
    <p class='ocr_par' dir='ltr' id='par_1_69' title="bbox 2003 3707 3645 3793">
     <span class='ocr_line' id='line_1_69' title="bbox 2003 3707 3645 3793; baseline -0.002 -20"><span class='ocrx_word' id='word_1_589' title='bbox 2003 3713 2181 3773; x_wconf 87' lang='lat' dir='ltr'><strong>bitam</strong></span> <span class='ocrx_word' id='word_1_590' title='bbox 2218 3713 2406 3793; x_wconf 91' lang='lat' dir='ltr'><strong>ipsam</strong></span> <span class='ocrx_word' id='word_1_591' title='bbox 2443 3729 2712 3772; x_wconf 90' lang='lat' dir='ltr'><strong>eremum</strong></span> <span class='ocrx_word' id='word_1_592' title='bbox 2748 3720 2806 3771; x_wconf 92' lang='lat' dir='ltr'><strong>et</strong></span> <span class='ocrx_word' id='word_1_593' title='bbox 2837 3718 2954 3770; x_wconf 89' lang='lat' dir='ltr'><strong>tres</strong></span> <span class='ocrx_word' id='word_1_594' title='bbox 2987 3708 3343 3782; x_wconf 62' lang='lat' dir='ltr'><strong>Palaestinas,</strong></span> <span class='ocrx_word' id='word_1_595' title='bbox 3379 3707 3480 3787; x_wconf 94' lang='lat' dir='ltr'><strong>qui</strong></span> <span class='ocrx_word' id='word_1_596' title='bbox 3525 3726 3645 3770; x_wconf 87' lang='lat' dir='ltr'><strong>una</strong></span> 
     </span>
    </p>
   </div>
   <div class='ocr_carea' id='block_1_70' title="bbox 2004 3797 3645 3881">
    <p class='ocr_par' dir='ltr' id='par_1_70' title="bbox 2004 3797 3645 3881">
     <span class='ocr_line' id='line_1_70' title="bbox 2004 3797 3645 3881; baseline -0.003 -17"><span class='ocrx_word' id='word_1_597' title='bbox 2004 3820 2236 3864; x_wconf 90' lang='lat' dir='ltr'><strong>mecum</strong></span> <span class='ocrx_word' id='word_1_598' title='bbox 2296 3800 2751 3881; x_wconf 86' lang='lat' dir='ltr'><strong>supplicarunt;</strong></span> <span class='ocrx_word' id='word_1_599' title='bbox 2817 3798 3142 3877; x_wconf 87' lang='lat' dir='ltr'><strong>subscripsi</strong></span> <span class='ocrx_word' id='word_1_600' title='bbox 3201 3797 3277 3857; x_wconf 83' lang='lat' dir='ltr'><strong>de</strong></span> <span class='ocrx_word' id='word_1_601' title='bbox 3347 3814 3645 3859; x_wconf 86' lang='lat' dir='ltr'><strong>consensu</strong></span> 
     </span>
    </p>
   </div>
   <div class='ocr_carea' id='block_1_71' title="bbox 2004 3885 3643 3972">
    <p class='ocr_par' dir='ltr' id='par_1_71' title="bbox 2004 3885 3643 3972">
     <span class='ocr_line' id='line_1_71' title="bbox 2004 3885 3643 3972; baseline -0.004 -18"><span class='ocrx_word' id='word_1_602' title='bbox 2004 3893 2269 3955; x_wconf 91' lang='lat' dir='ltr'><strong>omnium</strong></span> <span class='ocrx_word' id='word_1_603' title='bbox 2305 3903 2363 3953; x_wconf 90' lang='lat' dir='ltr'><strong>et</strong></span> <span class='ocrx_word' id='word_1_604' title='bbox 2394 3890 2653 3972; x_wconf 79' lang='lat' dir='ltr'><strong>porrexi.</strong></span> <span class='ocrx_word' id='word_1_605' title='bbox 2690 3914 2709 3945; x_wconf 74' lang='grc' dir='ltr'><strong>ι</strong></span> <span class='ocrx_word' id='word_1_606' title='bbox 2748 3891 2870 3949; x_wconf 90' lang='lat' dir='ltr'><strong>lmo</strong></span> <span class='ocrx_word' id='word_1_607' title='bbox 2892 3888 2986 3948; x_wconf 92' lang='lat' dir='ltr'><strong>hic</strong></span> <span class='ocrx_word' id='word_1_608' title='bbox 3011 3885 3360 3965; x_wconf 79' lang='lat' dir='ltr'><strong>Hesychius;</strong></span> <span class='ocrx_word' id='word_1_609' title='bbox 3386 3886 3643 3965; x_wconf 89' lang='lat' dir='ltr'><strong>quicum</strong></span> 
     </span>
    </p>
   </div>
   <div class='ocr_carea' id='block_1_72' title="bbox 2003 3975 3645 4064">
    <p class='ocr_par' dir='ltr' id='par_1_72' title="bbox 2003 3975 3645 4064">
     <span class='ocr_line' id='line_1_72' title="bbox 2003 3975 3645 4064; baseline -0.005 -18"><span class='ocrx_word' id='word_1_610' title='bbox 2003 3985 2323 4064; x_wconf 67' lang='lat' dir='ltr'><strong>l’olyeucto</strong></span> <span class='ocrx_word' id='word_1_611' title='bbox 2376 3982 2629 4042; x_wconf 88' lang='lat' dir='ltr'><strong>diacono</strong></span> <span class='ocrx_word' id='word_1_612' title='bbox 2689 3988 2746 4040; x_wconf 92' lang='lat' dir='ltr'><strong>et</strong></span> <span class='ocrx_word' id='word_1_613' title='bbox 2774 3975 3009 4039; x_wconf 86' lang='lat' dir='ltr'><strong>Juliano</strong></span> <span class='ocrx_word' id='word_1_614' title='bbox 3044 3975 3354 4050; x_wconf 87' lang='lat' dir='ltr'><strong>monacho,</strong></span> <span class='ocrx_word' id='word_1_615' title='bbox 3388 3986 3645 4055; x_wconf 82' lang='lat' dir='ltr'><strong>utroque</strong></span> 
     </span>
    </p>
   </div>
   <div class='ocr_carea' id='block_1_73' title="bbox 2002 4064 3642 4153">
    <p class='ocr_par' dir='ltr' id='par_1_73' title="bbox 2002 4064 3642 4153">
     <span class='ocr_line' id='line_1_73' title="bbox 2002 4064 3642 4153; baseline -0.004 -18"><span class='ocrx_word' id='word_1_616' title='bbox 2002 4073 2273 4153; x_wconf 89' lang='lat' dir='ltr'><strong>ejusdem</strong></span> <span class='ocrx_word' id='word_1_617' title='bbox 2299 4071 2648 4133; x_wconf 87' lang='lat' dir='ltr'><strong>monasterii</strong></span> <span class='ocrx_word' id='word_1_618' title='bbox 2671 4068 2739 4130; x_wconf 89' lang='lat' dir='ltr'><strong>B.</strong></span> <span class='ocrx_word' id='word_1_619' title='bbox 2760 4064 3080 4130; x_wconf 89' lang='lat' dir='ltr'><strong>Theodosii</strong></span> <span class='ocrx_word' id='word_1_620' title='bbox 3101 4064 3642 4135; x_wconf 80' lang='lat' dir='ltr'><strong>alumno,interl‘uit</strong></span> 
     </span>
    </p>
   </div>
   <div class='ocr_carea' id='block_1_74' title="bbox 1999 4154 3643 4240">
    <p class='ocr_par' dir='ltr' id='par_1_74' title="bbox 1999 4154 3643 4240">
     <span class='ocr_line' id='line_1_74' title="bbox 1999 4154 3643 4240; baseline -0.004 -17"><span class='ocrx_word' id='word_1_621' title='bbox 1999 4163 2085 4223; x_wconf 93' lang='lat' dir='ltr'><strong>illi</strong></span> <span class='ocrx_word' id='word_1_622' title='bbox 2116 4162 2365 4240; x_wconf 90' lang='lat' dir='ltr'><strong>synodo,</strong></span> <span class='ocrx_word' id='word_1_623' title='bbox 2404 4161 2578 4222; x_wconf 89' lang='lat' dir='ltr'><strong>modo</strong></span> <span class='ocrx_word' id='word_1_624' title='bbox 2612 4159 2830 4220; x_wconf 89' lang='lat' dir='ltr'><strong>dicitur</strong></span> <span class='ocrx_word' id='word_1_625' title='bbox 2856 4154 3258 4232; x_wconf 88' lang='lat' dir='ltr'><strong>Ambasiator,</strong></span> <span class='ocrx_word' id='word_1_626' title='bbox 3292 4163 3355 4216; x_wconf 91' lang='lat' dir='ltr'><strong>ut</strong></span> <span class='ocrx_word' id='word_1_627' title='bbox 3383 4161 3497 4215; x_wconf 90' lang='lat' dir='ltr'><strong>act.</strong></span> <span class='ocrx_word' id='word_1_628' title='bbox 3521 4154 3643 4217; x_wconf 58' lang='lat' dir='ltr'><strong>ﬁet</strong></span> 
     </span>
    </p>
   </div>
   <div class='ocr_carea' id='block_1_75' title="bbox 2000 4244 3642 4324">
    <p class='ocr_par' dir='ltr' id='par_1_75' title="bbox 2000 4244 3642 4324">
     <span class='ocr_line' id='line_1_75' title="bbox 2000 4244 3642 4324; baseline -0.004 -11"><span class='ocrx_word' id='word_1_629' title='bbox 2000 4261 2060 4315; x_wconf 90' lang='lat' dir='ltr'><strong>et</strong></span> <span class='ocrx_word' id='word_1_630' title='bbox 2091 4254 2153 4324; x_wconf 77' lang='grc'><strong>4,</strong></span> <span class='ocrx_word' id='word_1_631' title='bbox 2192 4250 2368 4311; x_wconf 93' lang='lat' dir='ltr'><strong>modo</strong></span> <span class='ocrx_word' id='word_1_632' title='bbox 2400 4252 2588 4324; x_wconf 90' lang='lat' dir='ltr'><strong>Prior,</strong></span> <span class='ocrx_word' id='word_1_633' title='bbox 2628 4259 2692 4309; x_wconf 88' lang='lat' dir='ltr'><strong>ut</strong></span> <span class='ocrx_word' id='word_1_634' title='bbox 2721 4257 2816 4309; x_wconf 93' lang='lat' dir='ltr'><strong>act</strong></span> <span class='ocrx_word' id='word_1_635' title='bbox 2870 4246 2927 4323; x_wconf 89' lang='grc'><strong>5,</strong></span> <span class='ocrx_word' id='word_1_636' title='bbox 2985 4247 3160 4306; x_wconf 88' lang='lat' dir='ltr'><strong>modo</strong></span> <span class='ocrx_word' id='word_1_637' title='bbox 3211 4244 3386 4305; x_wconf 91' lang='lat' dir='ltr'><strong>etiam</strong></span> <span class='ocrx_word' id='word_1_638' title='bbox 3439 4244 3642 4306; x_wconf 90' lang='lat' dir='ltr'><strong>archi-</strong></span> 
     </span>
    </p>
   </div>
   <div class='ocr_carea' id='block_1_76' title="bbox 2001 4333 3635 4416">
    <p class='ocr_par' dir='ltr' id='par_1_76' title="bbox 2001 4333 3635 4416">
     <span class='ocr_line' id='line_1_76' title="bbox 2001 4333 3635 4416; baseline -0.004 -14"><span class='ocrx_word' id='word_1_639' title='bbox 2001 4340 2320 4414; x_wconf 87' lang='lat' dir='ltr'><strong>mandrita,</strong></span> <span class='ocrx_word' id='word_1_640' title='bbox 2347 4347 2543 4401; x_wconf 91' lang='lat' dir='ltr'><strong>utact.</strong></span> <span class='ocrx_word' id='word_1_641' title='bbox 2575 4345 2598 4399; x_wconf 82' lang='lat' dir='ltr'><strong>i</strong></span> <span class='ocrx_word' id='word_1_642' title='bbox 2631 4347 2690 4399; x_wconf 90' lang='lat' dir='ltr'><strong>et</strong></span> <span class='ocrx_word' id='word_1_643' title='bbox 2712 4336 2871 4412; x_wconf 87' lang='lat' dir='ltr'><strong>5,vel</strong></span> <span class='ocrx_word' id='word_1_644' title='bbox 2901 4334 3040 4416; x_wconf 89' lang='lat' dir='ltr'><strong>quia</strong></span> <span class='ocrx_word' id='word_1_645' title='bbox 3059 4334 3308 4397; x_wconf 88' lang='lat' dir='ltr'><strong>alterius</strong></span> <span class='ocrx_word' id='word_1_646' title='bbox 3329 4333 3635 4410; x_wconf 72' lang='lat' dir='ltr'><strong>emnobili,</strong></span> 
     </span>
    </p>
   </div>
   <div class='ocr_carea' id='block_1_77' title="bbox 1999 4424 3640 4508">
    <p class='ocr_par' dir='ltr' id='par_1_77' title="bbox 1999 4424 3640 4508">
     <span class='ocr_line' id='line_1_77' title="bbox 1999 4424 3640 4508; baseline -0.003 -16"><span class='ocrx_word' id='word_1_647' title='bbox 1999 4431 2086 4492; x_wconf 91' lang='lat' dir='ltr'><strong>illi</strong></span> <span class='ocrx_word' id='word_1_648' title='bbox 2109 4429 2523 4492; x_wconf 87' lang='lat' dir='ltr'><strong>Theodosiano</strong></span> <span class='ocrx_word' id='word_1_649' title='bbox 2548 4424 3156 4508; x_wconf 73' lang='lat' dir='ltr'><strong>subjecti,prael‘ectus</strong></span> <span class='ocrx_word' id='word_1_650' title='bbox 3171 4424 3296 4503; x_wconf 89' lang='lat' dir='ltr'><strong>jam</strong></span> <span class='ocrx_word' id='word_1_651' title='bbox 3318 4424 3517 4499; x_wconf 87' lang='lat' dir='ltr'><strong>fuerit,</strong></span> <span class='ocrx_word' id='word_1_652' title='bbox 3546 4425 3640 4487; x_wconf 88' lang='lat' dir='ltr'><strong>vel</strong></span> 
     </span>
    </p>
   </div>
   <div class='ocr_carea' id='block_1_78' title="bbox 2003 4512 3642 4601">
    <p class='ocr_par' dir='ltr' id='par_1_78' title="bbox 2003 4512 3642 4601">
     <span class='ocr_line' id='line_1_78' title="bbox 2003 4512 3642 4601; baseline -0.002 -19"><span class='ocrx_word' id='word_1_653' title='bbox 2003 4522 2160 4601; x_wconf 89' lang='lat' dir='ltr'><strong>quod</strong></span> <span class='ocrx_word' id='word_1_654' title='bbox 2188 4529 2421 4580; x_wconf 90' lang='lat' dir='ltr'><strong>mortuo</strong></span> <span class='ocrx_word' id='word_1_655' title='bbox 2447 4517 2786 4598; x_wconf 85' lang='lat' dir='ltr'><strong>Sophronio</strong></span> <span class='ocrx_word' id='word_1_656' title='bbox 2811 4512 3553 4596; x_wconf 87' lang='lat' dir='ltr'><strong>successerit,additusque</strong></span> <span class='ocrx_word' id='word_1_657' title='bbox 3576 4514 3642 4578; x_wconf 91' lang='lat' dir='ltr'><strong>in</strong></span> 
     </span>
    </p>
   </div>
   <div class='ocr_carea' id='block_1_79' title="bbox 261 4602 3635 4691">
    <p class='ocr_par' dir='ltr' id='par_1_79' title="bbox 261 4602 3635 4691">
     <span class='ocr_line' id='line_1_79' title="bbox 261 4602 3635 4691; baseline 0 -26"><span class='ocrx_word' id='word_1_658' title='bbox 261 4605 522 4686; x_wconf 86' lang='lat' dir='ltr'><strong>posteris</strong></span> <span class='ocrx_word' id='word_1_659' title='bbox 555 4605 822 4686; x_wconf 88' lang='lat' dir='ltr'><strong>tradidit,</strong></span> <span class='ocrx_word' id='word_1_660' title='bbox 862 4625 994 4667; x_wconf 80' lang='lat' dir='ltr'><strong>ueni</strong></span> <span class='ocrx_word' id='word_1_661' title='bbox 1007 4625 1078 4687; x_wconf 92' lang='lat' dir='ltr'><strong>pe</strong></span> <span class='ocrx_word' id='word_1_662' title='bbox 1115 4614 1245 4668; x_wconf 89' lang='lat' dir='ltr'><strong>acta</strong></span> <span class='ocrx_word' id='word_1_663' title='bbox 1276 4605 1602 4686; x_wconf 87' lang='lat' dir='ltr'><strong>Euthymii,</strong></span> <span class='ocrx_word' id='word_1_664' title='bbox 1650 4607 1912 4685; x_wconf 90' lang='lat' dir='ltr'><strong>itemque</strong></span> <span class='ocrx_word' id='word_1_665' title='bbox 1940 4602 1979 4652; x_wconf 71' lang='grc' dir='ltr'><strong>ί)</strong></span> <span class='ocrx_word' id='word_1_666' title='bbox 1999 4608 2442 4691; x_wconf 77' lang='lat' dir='ltr'><strong>exemplaribus</strong></span> <span class='ocrx_word' id='word_1_667' title='bbox 2471 4608 2547 4669; x_wconf 87' lang='lat' dir='ltr'><strong>sit</strong></span> <span class='ocrx_word' id='word_1_668' title='bbox 2575 4606 3058 4670; x_wconf 77' lang='lat' dir='ltr'><strong>archimandritas</strong></span> <span class='ocrx_word' id='word_1_669' title='bbox 3077 4603 3282 4665; x_wconf 91' lang='lat' dir='ltr'><strong>titulus</strong></span> <span class='ocrx_word' id='word_1_670' title='bbox 3302 4622 3335 4665; x_wconf 91' lang='lat' dir='ltr'><strong>a</strong></span> <span class='ocrx_word' id='word_1_671' title='bbox 3355 4604 3635 4666; x_wconf 90' lang='lat' dir='ltr'><strong>librariis.</strong></span> 
     </span>
    </p>
   </div>
   <div class='ocr_carea' id='block_1_80' title="bbox 257 4694 1913 4777">
    <p class='ocr_par' dir='ltr' id='par_1_80' title="bbox 257 4694 1913 4777">
     <span class='ocr_line' id='line_1_80' title="bbox 257 4694 1913 4777; baseline 0.001 -20"><span class='ocrx_word' id='word_1_672' title='bbox 257 4694 432 4757; x_wconf 59' lang='lat' dir='ltr'><strong>Saba;</strong></span> <span class='ocrx_word' id='word_1_673' title='bbox 480 4703 660 4776; x_wconf 88' lang='lat' dir='ltr'><strong>atque</strong></span> <span class='ocrx_word' id='word_1_674' title='bbox 705 4694 955 4758; x_wconf 81' lang='lat' dir='ltr'><strong>Joannis</strong></span> <span class='ocrx_word' id='word_1_675' title='bbox 987 4697 1330 4759; x_wconf 82' lang='lat' dir='ltr'><strong>Silentiarii.</strong></span> <span class='ocrx_word' id='word_1_676' title='bbox 1375 4720 1397 4752; x_wconf 76' lang='grc'><strong>1</strong></span> <span class='ocrx_word' id='word_1_677' title='bbox 1437 4695 1554 4758; x_wconf 87' lang='lat' dir='ltr'><strong>Cur</strong></span> <span class='ocrx_word' id='word_1_678' title='bbox 1585 4714 1703 4757; x_wconf 92' lang='lat' dir='ltr'><strong>non</strong></span> <span class='ocrx_word' id='word_1_679' title='bbox 1734 4698 1913 4777; x_wconf 89' lang='lat' dir='ltr'><strong>igitur</strong></span> 
     </span>
    </p>
   </div>
   <div class='ocr_carea' id='block_1_81' title="bbox 256 4785 1908 4866">
    <p class='ocr_par' dir='ltr' id='par_1_81' title="bbox 256 4785 1908 4866">
     <span class='ocr_line' id='line_1_81' title="bbox 256 4785 1908 4866; baseline 0.001 -19"><span class='ocrx_word' id='word_1_680' title='bbox 256 4785 515 4847; x_wconf 73' lang='lat' dir='ltr'><strong>illaesum</strong></span> <span class='ocrx_word' id='word_1_681' title='bbox 547 4793 724 4865; x_wconf 86' lang='lat' dir='ltr'><strong>atque</strong></span> <span class='ocrx_word' id='word_1_682' title='bbox 752 4785 1038 4849; x_wconf 90' lang='lat' dir='ltr'><strong>intactam</strong></span> <span class='ocrx_word' id='word_1_683' title='bbox 1069 4788 1220 4848; x_wconf 89' lang='lat' dir='ltr'><strong>hanc</strong></span> <span class='ocrx_word' id='word_1_684' title='bbox 1252 4786 1397 4847; x_wconf 91' lang='lat' dir='ltr'><strong>tanti</strong></span> <span class='ocrx_word' id='word_1_685' title='bbox 1443 4785 1752 4866; x_wconf 84' lang='lat' dir='ltr'><strong>scriptoris</strong></span> <span class='ocrx_word' id='word_1_686' title='bbox 1782 4787 1908 4849; x_wconf 80' lang='lat' dir='ltr'><strong>bis-</strong></span> 
     </span>
    </p>
   </div>
   <div class='ocr_carea' id='block_1_82' title="bbox 260 4875 1907 4957">
    <p class='ocr_par' dir='ltr' id='par_1_82' title="bbox 260 4875 1907 4957">
     <span class='ocr_line' id='line_1_82' title="bbox 260 4875 1907 4957; baseline 0.002 -22"><span class='ocrx_word' id='word_1_687' title='bbox 260 4876 473 4936; x_wconf 86' lang='lat' dir='ltr'><strong>teriam</strong></span> <span class='ocrx_word' id='word_1_688' title='bbox 508 4876 893 4954; x_wconf 90' lang='lat' dir='ltr'><strong>suscipimus,</strong></span> <span class='ocrx_word' id='word_1_689' title='bbox 928 4895 961 4937; x_wconf 90' lang='lat' dir='ltr'><strong>a</strong></span> <span class='ocrx_word' id='word_1_690' title='bbox 992 4875 1268 4939; x_wconf 87' lang='lat' dir='ltr'><strong>Patribus</strong></span> <span class='ocrx_word' id='word_1_691' title='bbox 1296 4894 1533 4957; x_wconf 89' lang='lat' dir='ltr'><strong>quoque</strong></span> <span class='ocrx_word' id='word_1_692' title='bbox 1564 4877 1768 4957; x_wconf 86' lang='lat' dir='ltr'><strong>synodi</strong></span> <span class='ocrx_word' id='word_1_693' title='bbox 1800 4876 1907 4940; x_wconf 83' lang='lat' dir='ltr'><strong>Ni-</strong></span> 
     </span>
    </p>
   </div>
   <div class='ocr_carea' id='block_1_83' title="bbox 252 4966 1744 5048">
    <p class='ocr_par' dir='ltr' id='par_1_83' title="bbox 252 4966 1744 5048">
     <span class='ocr_line' id='line_1_83' title="bbox 252 4966 1744 5048; baseline -0.002 -21"><span class='ocrx_word' id='word_1_694' title='bbox 252 4982 438 5029; x_wconf 70' lang='lat' dir='ltr'><strong>czenaa</strong></span> <span class='ocrx_word' id='word_1_695' title='bbox 469 4983 510 5027; x_wconf 92' lang='grc' dir='ltr'><strong>ιι</strong></span> <span class='ocrx_word' id='word_1_696' title='bbox 541 4969 777 5028; x_wconf 88' lang='lat' dir='ltr'><strong>actione</strong></span> <span class='ocrx_word' id='word_1_697' title='bbox 808 4967 1021 5048; x_wconf 88' lang='lat' dir='ltr'><strong>prima,</strong></span> <span class='ocrx_word' id='word_1_698' title='bbox 1058 4966 1388 5029; x_wconf 89' lang='lat' dir='ltr'><strong>honoriﬁce</strong></span> <span class='ocrx_word' id='word_1_699' title='bbox 1418 4968 1678 5028; x_wconf 87' lang='lat' dir='ltr'><strong>citatam.</strong></span> <span class='ocrx_word' id='word_1_700' title='bbox 1716 4994 1744 5024; x_wconf 79' lang='grc' dir='ltr'>ι›</span> 
     </span>
    </p>
   </div>
   <div class='ocr_carea' id='block_1_84' title="bbox 336 5053 1904 5137">
    <p class='ocr_par' dir='ltr' id='par_1_84' title="bbox 336 5053 1904 5137">
     <span class='ocr_line' id='line_1_84' title="bbox 336 5053 1904 5137; baseline 0.003 -20"><span class='ocrx_word' id='word_1_701' title='bbox 336 5058 413 5117; x_wconf 87' lang='grc'><strong>12</strong></span> <span class='ocrx_word' id='word_1_702' title='bbox 464 5053 714 5117; x_wconf 90' lang='lat' dir='ltr'><strong>Causam</strong></span> <span class='ocrx_word' id='word_1_703' title='bbox 736 5057 1072 5137; x_wconf 89' lang='lat' dir='ltr'><strong>corrigendi</strong></span> <span class='ocrx_word' id='word_1_704' title='bbox 1098 5059 1224 5119; x_wconf 71' lang='lat' dir='ltr'><strong>hinc</strong></span> <span class='ocrx_word' id='word_1_705' title='bbox 1245 5058 1394 5119; x_wconf 90' lang='lat' dir='ltr'><strong>Acta</strong></span> <span class='ocrx_word' id='word_1_706' title='bbox 1417 5057 1681 5133; x_wconf 88' lang='lat' dir='ltr'><strong>deducit,</strong></span> <span class='ocrx_word' id='word_1_707' title='bbox 1706 5069 1747 5123; x_wconf 92' lang='lat' dir='ltr'><strong>t.</strong></span> <span class='ocrx_word' id='word_1_708' title='bbox 1779 5058 1904 5137; x_wconf 89' lang='lat' dir='ltr'><strong>Vll,</strong></span> 
     </span>
    </p>
   </div>
   <div class='ocr_carea' id='block_1_85' title="bbox 247 5145 1907 5228">
    <p class='ocr_par' dir='ltr' id='par_1_85' title="bbox 247 5145 1907 5228">
     <span class='ocr_line' id='line_1_85' title="bbox 247 5145 1907 5228; baseline 0.002 -20"><span class='ocrx_word' id='word_1_709' title='bbox 247 5165 408 5209; x_wconf 89' lang='lat' dir='ltr'><strong>anno</strong></span> <span class='ocrx_word' id='word_1_710' title='bbox 436 5145 581 5209; x_wconf 87' lang='lat' dir='ltr'><strong>Chr.</strong></span> <span class='ocrx_word' id='word_1_711' title='bbox 604 5147 745 5224; x_wconf 81' lang='lat'><strong>536;</strong></span> <span class='ocrx_word' id='word_1_712' title='bbox 773 5166 940 5211; x_wconf 90' lang='lat' dir='ltr'><strong>num.</strong></span> <span class='ocrx_word' id='word_1_713' title='bbox 966 5149 1025 5221; x_wconf 83' lang='lat'><strong>1,</strong></span> <span class='ocrx_word' id='word_1_714' title='bbox 1061 5148 1160 5209; x_wconf 92' lang='lat' dir='ltr'><strong>ubi</strong></span> <span class='ocrx_word' id='word_1_715' title='bbox 1184 5147 1372 5209; x_wconf 89' lang='lat' dir='ltr'><strong>relato</strong></span> <span class='ocrx_word' id='word_1_716' title='bbox 1396 5164 1471 5209; x_wconf 82' lang='lat' dir='ltr'><strong>ex</strong></span> <span class='ocrx_word' id='word_1_717' title='bbox 1502 5148 1726 5228; x_wconf 88' lang='lat' dir='ltr'><strong>synodo</strong></span> <span class='ocrx_word' id='word_1_718' title='bbox 1747 5146 1907 5211; x_wconf 86' lang='lat' dir='ltr'><strong>Con-</strong></span> 
     </span>
    </p>
   </div>
   <div class='ocr_carea' id='block_1_86' title="bbox 247 5237 1906 5315">
    <p class='ocr_par' dir='ltr' id='par_1_86' title="bbox 247 5237 1906 5315">
     <span class='ocr_line' id='line_1_86' title="bbox 247 5237 1906 5315; baseline 0.001 -16"><span class='ocrx_word' id='word_1_719' title='bbox 247 5237 783 5315; x_wconf 78' lang='lat' dir='ltr'><strong>stantinOpolitana</strong></span> <span class='ocrx_word' id='word_1_720' title='bbox 806 5238 915 5300; x_wconf 90' lang='lat' dir='ltr'><strong>sub</strong></span> <span class='ocrx_word' id='word_1_721' title='bbox 942 5240 1154 5301; x_wconf 82' lang='lat' dir='ltr'><strong>Menna</strong></span> <span class='ocrx_word' id='word_1_722' title='bbox 1174 5248 1326 5313; x_wconf 89' lang='lat' dir='ltr'><strong>acta,</strong></span> <span class='ocrx_word' id='word_1_723' title='bbox 1353 5237 1554 5300; x_wconf 91' lang='lat' dir='ltr'><strong>libello</strong></span> <span class='ocrx_word' id='word_1_724' title='bbox 1579 5240 1906 5301; x_wconf 89' lang='lat' dir='ltr'><strong>monacho-</strong></span> 
     </span>
    </p>
   </div>
   <div class='ocr_carea' id='block_1_87' title="bbox 245 5327 1902 5411">
    <p class='ocr_par' dir='ltr' id='par_1_87' title="bbox 245 5327 1902 5411">
     <span class='ocr_line' id='line_1_87' title="bbox 245 5327 1902 5411; baseline 0.001 -21"><span class='ocrx_word' id='word_1_725' title='bbox 245 5327 617 5404; x_wconf 87' lang='lat' dir='ltr'><strong>rum,oblato</strong></span> <span class='ocrx_word' id='word_1_726' title='bbox 638 5332 905 5410; x_wconf 86' lang='lat' dir='ltr'><strong>Agapeto</strong></span> <span class='ocrx_word' id='word_1_727' title='bbox 933 5347 1100 5411; x_wconf 64' lang='lat' dir='ltr'><strong>papa;</strong></span> <span class='ocrx_word' id='word_1_728' title='bbox 1118 5338 1325 5390; x_wconf 89' lang='lat' dir='ltr'><strong>contra</strong></span> <span class='ocrx_word' id='word_1_729' title='bbox 1345 5327 1902 5407; x_wconf 88' lang='lat' dir='ltr'><strong>Antbimum,Seve-</strong></span> 
     </span>
    </p>
   </div>
   <div class='ocr_carea' id='block_1_88' title="bbox 247 5417 1899 5498">
    <p class='ocr_par' dir='ltr' id='par_1_88' title="bbox 247 5417 1899 5498">
     <span class='ocr_line' id='line_1_88' title="bbox 247 5417 1899 5498; baseline 0 -16"><span class='ocrx_word' id='word_1_730' title='bbox 247 5438 380 5482; x_wconf 89' lang='lat' dir='ltr'><strong>rum</strong></span> <span class='ocrx_word' id='word_1_731' title='bbox 409 5427 468 5480; x_wconf 92' lang='lat' dir='ltr'><strong>et</strong></span> <span class='ocrx_word' id='word_1_732' title='bbox 492 5427 742 5482; x_wconf 68' lang='lat' dir='ltr'><strong>caeteros</strong></span> <span class='ocrx_word' id='word_1_733' title='bbox 776 5420 1108 5491; x_wconf 76' lang='lat' dir='ltr'><strong>haereticos,</strong></span> <span class='ocrx_word' id='word_1_734' title='bbox 1138 5417 1442 5498; x_wconf 87' lang='lat' dir='ltr'><strong>subjungit</strong></span> <span class='ocrx_word' id='word_1_735' title='bbox 1468 5439 1482 5481; x_wconf 91' lang='lat'><strong>:</strong></span> <span class='ocrx_word' id='word_1_736' title='bbox 1510 5441 1539 5480; x_wconf 73' lang='grc' dir='ltr'><strong>ι</strong></span> <span class='ocrx_word' id='word_1_737' title='bbox 1565 5417 1727 5481; x_wconf 89' lang='lat' dir='ltr'><strong>Inter</strong></span> <span class='ocrx_word' id='word_1_738' title='bbox 1752 5420 1899 5482; x_wconf 88' lang='lat' dir='ltr'><strong>alios</strong></span> 
     </span>
    </p>
   </div>
   <div class='ocr_carea' id='block_1_89' title="bbox 252 5507 1896 5589">
    <p class='ocr_par' dir='ltr' id='par_1_89' title="bbox 252 5507 1896 5589">
     <span class='ocr_line' id='line_1_89' title="bbox 252 5507 1896 5589; baseline -0.001 -16"><span class='ocrx_word' id='word_1_739' title='bbox 252 5513 415 5575; x_wconf 82' lang='lat' dir='ltr'><strong>alluit</strong></span> <span class='ocrx_word' id='word_1_740' title='bbox 444 5510 660 5589; x_wconf 81' lang='lat' dir='ltr'><strong>legatio</strong></span> <span class='ocrx_word' id='word_1_741' title='bbox 681 5530 718 5574; x_wconf 90' lang='lat' dir='ltr'><strong>a</strong></span> <span class='ocrx_word' id='word_1_742' title='bbox 739 5527 952 5589; x_wconf 90' lang='lat' dir='ltr'><strong>magno</strong></span> <span class='ocrx_word' id='word_1_743' title='bbox 979 5508 1078 5571; x_wconf 90' lang='lat' dir='ltr'><strong>illo</strong></span> <span class='ocrx_word' id='word_1_744' title='bbox 1091 5508 1429 5571; x_wconf 90' lang='lat' dir='ltr'><strong>Theodosio</strong></span> <span class='ocrx_word' id='word_1_745' title='bbox 1446 5507 1896 5587; x_wconf 68' lang='lat' dir='ltr'><strong>Caenobiarcha,</strong></span> 
     </span>
    </p>
   </div>
   <div class='ocr_carea' id='block_1_90' title="bbox 254 5598 1902 5684">
    <p class='ocr_par' dir='ltr' id='par_1_90' title="bbox 254 5598 1902 5684">
     <span class='ocr_line' id='line_1_90' title="bbox 254 5598 1902 5684; baseline -0.001 -19"><span class='ocrx_word' id='word_1_746' title='bbox 254 5607 330 5665; x_wconf 89' lang='lat' dir='ltr'><strong>de</strong></span> <span class='ocrx_word' id='word_1_747' title='bbox 362 5621 479 5684; x_wconf 89' lang='lat' dir='ltr'><strong>quo</strong></span> <span class='ocrx_word' id='word_1_748' title='bbox 514 5603 686 5684; x_wconf 85' lang='lat' dir='ltr'><strong>plura</strong></span> <span class='ocrx_word' id='word_1_749' title='bbox 711 5599 988 5683; x_wconf 89' lang='lat' dir='ltr'><strong>superius</strong></span> <span class='ocrx_word' id='word_1_750' title='bbox 1018 5599 1195 5662; x_wconf 87' lang='lat' dir='ltr'><strong>laude</strong></span> <span class='ocrx_word' id='word_1_751' title='bbox 1224 5598 1576 5680; x_wconf 86' lang='lat' dir='ltr'><strong>dignissima</strong></span> <span class='ocrx_word' id='word_1_752' title='bbox 1629 5618 1735 5682; x_wconf 89' lang='lat' dir='ltr'><strong>pro</strong></span> <span class='ocrx_word' id='word_1_753' title='bbox 1785 5600 1902 5663; x_wconf 88' lang='lat' dir='ltr'><strong>ﬁde</strong></span> 
     </span>
    </p>
   </div>
   <div class='ocr_carea' id='block_1_91' title="bbox 251 5690 1904 5782">
    <p class='ocr_par' dir='ltr' id='par_1_91' title="bbox 251 5690 1904 5782">
     <span class='ocr_line' id='line_1_91' title="bbox 251 5690 1904 5782; baseline -0.006 -17"><span class='ocrx_word' id='word_1_754' title='bbox 251 5704 563 5782; x_wconf 76' lang='lat' dir='ltr'><strong>perfuncta</strong></span> <span class='ocrx_word' id='word_1_755' title='bbox 593 5701 867 5757; x_wconf 83' lang='lat' dir='ltr'><strong>enarrata</strong></span> <span class='ocrx_word' id='word_1_756' title='bbox 890 5690 1391 5772; x_wconf 83' lang='lat' dir='ltr'><strong>sunt.Hesychius</strong></span> <span class='ocrx_word' id='word_1_757' title='bbox 1409 5692 1566 5754; x_wconf 92' lang='lat' dir='ltr'><strong>enim</strong></span> <span class='ocrx_word' id='word_1_758' title='bbox 1596 5693 1904 5773; x_wconf 85' lang='lat' dir='ltr'><strong>presbyter</strong></span> 
     </span>
    </p>
   </div>
   <div class='ocr_carea' id='block_1_92' title="bbox 1994 4693 3642 4776">
    <p class='ocr_par' dir='ltr' id='par_1_92' title="bbox 1994 4693 3642 4776">
     <span class='ocr_line' id='line_1_92' title="bbox 1994 4693 3642 4776; baseline -0.002 -15"><span class='ocrx_word' id='word_1_759' title='bbox 1994 4700 2233 4763; x_wconf 68' lang='lat' dir='ltr'><strong>Priefuit</strong></span> <span class='ocrx_word' id='word_1_760' title='bbox 2266 4698 2403 4760; x_wconf 90' lang='lat' dir='ltr'><strong>huic</strong></span> <span class='ocrx_word' id='word_1_761' title='bbox 2434 4703 2794 4759; x_wconf 89' lang='lat' dir='ltr'><strong>monasterio</strong></span> <span class='ocrx_word' id='word_1_762' title='bbox 2822 4693 3145 4776; x_wconf 88' lang='lat' dir='ltr'><strong>Gregorius</strong></span> <span class='ocrx_word' id='word_1_763' title='bbox 3172 4694 3642 4757; x_wconf 87' lang='lat' dir='ltr'><strong>archimandrita</strong></span> 
     </span>
    </p>
   </div>
   <div class='ocr_carea' id='block_1_93' title="bbox 1998 4785 3639 4872">
    <p class='ocr_par' dir='ltr' id='par_1_93' title="bbox 1998 4785 3639 4872">
     <span class='ocr_line' id='line_1_93' title="bbox 1998 4785 3639 4872; baseline -0.002 -21"><span class='ocrx_word' id='word_1_764' title='bbox 1998 4802 2267 4872; x_wconf 89' lang='lat' dir='ltr'><strong>tempore</strong></span> <span class='ocrx_word' id='word_1_765' title='bbox 2316 4788 2544 4850; x_wconf 90' lang='lat' dir='ltr'><strong>Tiberii</strong></span> <span class='ocrx_word' id='word_1_766' title='bbox 2598 4786 2975 4867; x_wconf 88' lang='lat' dir='ltr'><strong>imperatoris</strong></span> <span class='ocrx_word' id='word_1_767' title='bbox 3019 4786 3176 4855; x_wconf 90' lang='lat' dir='ltr'><strong>circa</strong></span> <span class='ocrx_word' id='word_1_768' title='bbox 3218 4802 3314 4849; x_wconf 89' lang='lat' dir='ltr'><strong>an.</strong></span> <span class='ocrx_word' id='word_1_769' title='bbox 3348 4785 3459 4848; x_wconf 90' lang='lat' dir='ltr'><strong>Cb.</strong></span> <span class='ocrx_word' id='word_1_770' title='bbox 3495 4785 3639 4859; x_wconf 80' lang='lat'><strong>580,</strong></span> 
     </span>
    </p>
   </div>
   <div class='ocr_carea' id='block_1_94' title="bbox 1992 4874 3640 4960">
    <p class='ocr_par' dir='ltr' id='par_1_94' title="bbox 1992 4874 3640 4960">
     <span class='ocr_line' id='line_1_94' title="bbox 1992 4874 3640 4960; baseline -0.002 -17"><span class='ocrx_word' id='word_1_771' title='bbox 1992 4882 2167 4960; x_wconf 84' lang='lat' dir='ltr'><strong>cujus</strong></span> <span class='ocrx_word' id='word_1_772' title='bbox 2204 4877 2476 4941; x_wconf 86' lang='lat' dir='ltr'><strong>meminit</strong></span> <span class='ocrx_word' id='word_1_773' title='bbox 2507 4880 2771 4941; x_wconf 79' lang='lat' dir='ltr'><strong>Joannes</strong></span> <span class='ocrx_word' id='word_1_774' title='bbox 2803 4875 3103 4949; x_wconf 81' lang='lat' dir='ltr'><strong>Moschus,</strong></span> <span class='ocrx_word' id='word_1_775' title='bbox 3138 4894 3270 4956; x_wconf 89' lang='lat' dir='ltr'><strong>cap.</strong></span> <span class='ocrx_word' id='word_1_776' title='bbox 3303 4876 3404 4950; x_wconf 73' lang='grc'><strong>92,</strong></span> <span class='ocrx_word' id='word_1_777' title='bbox 3451 4874 3532 4937; x_wconf 87' lang='grc'><strong>93</strong></span> <span class='ocrx_word' id='word_1_778' title='bbox 3579 4884 3640 4939; x_wconf 89' lang='lat' dir='ltr'><strong>et</strong></span> 
     </span>
    </p>
   </div>
   <div class='ocr_carea' id='block_1_95' title="bbox 1990 4964 3634 5050">
    <p class='ocr_par' dir='ltr' id='par_1_95' title="bbox 1990 4964 3634 5050">
     <span class='ocr_line' id='line_1_95' title="bbox 1990 4964 3634 5050; baseline -0.005 -16"><span class='ocrx_word' id='word_1_779' title='bbox 1990 4972 2072 5035; x_wconf 78' lang='grc'><strong>94</strong></span> <span class='ocrx_word' id='word_1_780' title='bbox 2102 4967 2685 5050; x_wconf 79' lang='lat' dir='ltr'><strong>Pratispiritualis.</strong></span> <span class='ocrx_word' id='word_1_781' title='bbox 2740 4968 2803 5027; x_wconf 86' lang='lat' dir='ltr'><strong>In</strong></span> <span class='ocrx_word' id='word_1_782' title='bbox 2836 4965 3036 5046; x_wconf 86' lang='lat' dir='ltr'><strong>elogio</strong></span> <span class='ocrx_word' id='word_1_783' title='bbox 3083 4964 3330 5027; x_wconf 85' lang='lat' dir='ltr'><strong>Joannis</strong></span> <span class='ocrx_word' id='word_1_784' title='bbox 3379 4965 3634 5040; x_wconf 87' lang='lat' dir='ltr'><strong>Moschi,</strong></span> 
     </span>
    </p>
   </div>
   <div class='ocr_carea' id='block_1_96' title="bbox 1992 5053 3639 5140">
    <p class='ocr_par' dir='ltr' id='par_1_96' title="bbox 1992 5053 3639 5140">
     <span class='ocr_line' id='line_1_96' title="bbox 1992 5053 3639 5140; baseline -0.007 -16"><span class='ocrx_word' id='word_1_785' title='bbox 1992 5080 2128 5124; x_wconf 90' lang='lat' dir='ltr'><strong>cum</strong></span> <span class='ocrx_word' id='word_1_786' title='bbox 2160 5078 2377 5140; x_wconf 88' lang='lat' dir='ltr'><strong>corpus</strong></span> <span class='ocrx_word' id='word_1_787' title='bbox 2410 5059 2540 5139; x_wconf 89' lang='lat' dir='ltr'><strong>ejus</strong></span> <span class='ocrx_word' id='word_1_788' title='bbox 2597 5076 2754 5119; x_wconf 92' lang='lat' dir='ltr'><strong>anno</strong></span> <span class='ocrx_word' id='word_1_789' title='bbox 2786 5056 2904 5118; x_wconf 82' lang='grc'><strong>619</strong></span> <span class='ocrx_word' id='word_1_790' title='bbox 2935 5056 3028 5119; x_wconf 89' lang='lat' dir='ltr'><strong>vel</strong></span> <span class='ocrx_word' id='word_1_791' title='bbox 3078 5054 3196 5117; x_wconf 74' lang='grc'><strong>620</strong></span> <span class='ocrx_word' id='word_1_792' title='bbox 3247 5055 3494 5115; x_wconf 80' lang='lat' dir='ltr'><strong>ineunte</strong></span> <span class='ocrx_word' id='word_1_793' title='bbox 3545 5053 3639 5133; x_wconf 86' lang='lat' dir='ltr'><strong>(ut</strong></span> 
     </span>
    </p>
   </div>
   <div class='ocr_carea' id='block_1_97' title="bbox 1991 5141 3637 5230">
    <p class='ocr_par' dir='ltr' id='par_1_97' title="bbox 1991 5141 3637 5230">
     <span class='ocr_line' id='line_1_97' title="bbox 1991 5141 3637 5230; baseline -0.007 -17"><span class='ocrx_word' id='word_1_794' title='bbox 1991 5151 2291 5230; x_wconf 89' lang='lat' dir='ltr'><strong>colligitur</strong></span> <span class='ocrx_word' id='word_1_795' title='bbox 2321 5168 2392 5211; x_wconf 81' lang='lat' dir='ltr'><strong>ex</strong></span> <span class='ocrx_word' id='word_1_796' title='bbox 2418 5147 2591 5210; x_wconf 90' lang='lat' dir='ltr'><strong>initio</strong></span> <span class='ocrx_word' id='word_1_797' title='bbox 2623 5145 2972 5208; x_wconf 91' lang='lat' dir='ltr'><strong>indictionis</strong></span> <span class='ocrx_word' id='word_1_798' title='bbox 2992 5145 3077 5221; x_wconf 85' lang='lat'><strong>8),</strong></span> <span class='ocrx_word' id='word_1_799' title='bbox 3105 5144 3431 5206; x_wconf 80' lang='lat' dir='ltr'><strong>referretur</strong></span> <span class='ocrx_word' id='word_1_800' title='bbox 3450 5141 3637 5203; x_wconf 86' lang='lat' dir='ltr'><strong>Roma</strong></span> 
     </span>
    </p>
   </div>
   <div class='ocr_carea' id='block_1_98' title="bbox 1988 5230 3633 5313">
    <p class='ocr_par' dir='ltr' id='par_1_98' title="bbox 1988 5230 3633 5313">
     <span class='ocr_line' id='line_1_98' title="bbox 1988 5230 3633 5313; baseline -0.006 -9"><span class='ocrx_word' id='word_1_801' title='bbox 1988 5243 2061 5304; x_wconf 87' lang='lat' dir='ltr'><strong>ad</strong></span> <span class='ocrx_word' id='word_1_802' title='bbox 2115 5243 2228 5303; x_wconf 93' lang='lat' dir='ltr'><strong>boc</strong></span> <span class='ocrx_word' id='word_1_803' title='bbox 2274 5240 2729 5313; x_wconf 89' lang='lat' dir='ltr'><strong>monasterium,</strong></span> <span class='ocrx_word' id='word_1_804' title='bbox 2783 5236 3169 5298; x_wconf 85' lang='lat' dir='ltr'><strong>nominantur</strong></span> <span class='ocrx_word' id='word_1_805' title='bbox 3220 5231 3471 5295; x_wconf 88' lang='lat' dir='ltr'><strong>antistes</strong></span> <span class='ocrx_word' id='word_1_806' title='bbox 3501 5230 3633 5311; x_wconf 82' lang='lat' dir='ltr'><strong>ejus</strong></span> 
     </span>
    </p>
   </div>
   <div class='ocr_carea' id='block_1_99' title="bbox 1983 5327 3345 5409">
    <p class='ocr_par' dir='ltr' id='par_1_99' title="bbox 1983 5327 3345 5409">
     <span class='ocr_line' id='line_1_99' title="bbox 1983 5327 3345 5409; baseline -0.01 -12"><span class='ocrx_word' id='word_1_807' title='bbox 1983 5331 2299 5409; x_wconf 86' lang='lat' dir='ltr'><strong>Georgius,</strong></span> <span class='ocrx_word' id='word_1_808' title='bbox 2336 5329 2605 5409; x_wconf 88' lang='lat' dir='ltr'><strong>Gregorii</strong></span> <span class='ocrx_word' id='word_1_809' title='bbox 2636 5328 2790 5390; x_wconf 81' lang='lat' dir='ltr'><strong>forte</strong></span> <span class='ocrx_word' id='word_1_810' title='bbox 2819 5327 2983 5390; x_wconf 91' lang='lat' dir='ltr'><strong>illius</strong></span> <span class='ocrx_word' id='word_1_811' title='bbox 3011 5340 3345 5387; x_wconf 89' lang='lat' dir='ltr'><strong>successor.</strong></span> 
     </span>
    </p>
   </div>
   <div class='ocr_carea' id='block_1_100' title="bbox 2066 5410 3631 5494">
    <p class='ocr_par' dir='ltr' id='par_1_100' title="bbox 2066 5410 3631 5494">
     <span class='ocr_line' id='line_1_100' title="bbox 2066 5410 3631 5494; baseline -0.007 -9"><span class='ocrx_word' id='word_1_812' title='bbox 2066 5426 2164 5485; x_wconf 73' lang='grc' dir='ltr'><strong>Μ.</strong></span> <span class='ocrx_word' id='word_1_813' title='bbox 2195 5424 2334 5485; x_wconf 73' lang='lat' dir='ltr'><strong>Haec</strong></span> <span class='ocrx_word' id='word_1_814' title='bbox 2357 5421 2432 5482; x_wconf 91' lang='lat' dir='ltr'><strong>de</strong></span> <span class='ocrx_word' id='word_1_815' title='bbox 2456 5431 2628 5482; x_wconf 64' lang='lat' dir='ltr'><strong>astate</strong></span> <span class='ocrx_word' id='word_1_816' title='bbox 2656 5416 2716 5480; x_wconf 93' lang='lat' dir='ltr'><strong>S.</strong></span> <span class='ocrx_word' id='word_1_817' title='bbox 2744 5415 3090 5489; x_wconf 88' lang='lat' dir='ltr'><strong>Theodosii,</strong></span> <span class='ocrx_word' id='word_1_818' title='bbox 3116 5412 3287 5494; x_wconf 87' lang='lat' dir='ltr'><strong>quasi</strong></span> <span class='ocrx_word' id='word_1_819' title='bbox 3307 5410 3631 5489; x_wconf 89' lang='lat' dir='ltr'><strong>velitando,</strong></span> 
     </span>
    </p>
   </div>
   <div class='ocr_carea' id='block_1_101' title="bbox 1984 5501 3636 5593">
    <p class='ocr_par' dir='ltr' id='par_1_101' title="bbox 1984 5501 3636 5593">
     <span class='ocr_line' id='line_1_101' title="bbox 1984 5501 3636 5593; baseline -0.006 -18"><span class='ocrx_word' id='word_1_820' title='bbox 1984 5511 2306 5576; x_wconf 85' lang='lat' dir='ltr'><strong>subtimide</strong></span> <span class='ocrx_word' id='word_1_821' title='bbox 2320 5511 2459 5593; x_wconf 90' lang='lat' dir='ltr'><strong>quia</strong></span> <span class='ocrx_word' id='word_1_822' title='bbox 2480 5517 2689 5573; x_wconf 89' lang='lat' dir='ltr'><strong>contra</strong></span> <span class='ocrx_word' id='word_1_823' title='bbox 2711 5508 2904 5588; x_wconf 84' lang='lat' dir='ltr'><strong>magni</strong></span> <span class='ocrx_word' id='word_1_824' title='bbox 2925 5505 3245 5568; x_wconf 87' lang='lat' dir='ltr'><strong>Annalium</strong></span> <span class='ocrx_word' id='word_1_825' title='bbox 3272 5501 3636 5565; x_wconf 89' lang='lat' dir='ltr'><strong>ecclesiasti-</strong></span> 
     </span>
    </p>
   </div>
   <div class='ocr_carea' id='block_1_102' title="bbox 1986 5593 3634 5673">
    <p class='ocr_par' dir='ltr' id='par_1_102' title="bbox 1986 5593 3634 5673">
     <span class='ocr_line' id='line_1_102' title="bbox 1986 5593 3634 5673; baseline -0.005 -5"><span class='ocrx_word' id='word_1_826' title='bbox 1986 5623 2193 5668; x_wconf 92' lang='lat' dir='ltr'><strong>corum</strong></span> <span class='ocrx_word' id='word_1_827' title='bbox 2220 5600 2481 5667; x_wconf 89' lang='lat' dir='ltr'><strong>auctoris</strong></span> <span class='ocrx_word' id='word_1_828' title='bbox 2502 5600 2882 5672; x_wconf 82' lang='lat' dir='ltr'><strong>sententiain,</strong></span> <span class='ocrx_word' id='word_1_829' title='bbox 2901 5611 3196 5673; x_wconf 87' lang='lat' dir='ltr'><strong>nusquam</strong></span> <span class='ocrx_word' id='word_1_830' title='bbox 3212 5601 3411 5657; x_wconf 89' lang='lat' dir='ltr'><strong>tamen</strong></span> <span class='ocrx_word' id='word_1_831' title='bbox 3431 5593 3549 5658; x_wconf 93' lang='lat' dir='ltr'><strong>nisi</strong></span> <span class='ocrx_word' id='word_1_832' title='bbox 3568 5593 3634 5659; x_wconf 92' lang='lat' dir='ltr'><strong>in</strong></span> 
     </span>
    </p>
   </div>
   <div class='ocr_carea' id='block_1_103' title="bbox 1988 5684 3625 5772">
    <p class='ocr_par' dir='ltr' id='par_1_103' title="bbox 1988 5684 3625 5772">
     <span class='ocr_line' id='line_1_103' title="bbox 1988 5684 3625 5772; baseline -0.003 -14"><span class='ocrx_word' id='word_1_833' title='bbox 1988 5693 2180 5760; x_wconf 89' lang='lat' dir='ltr'><strong>solido</strong></span> <span class='ocrx_word' id='word_1_834' title='bbox 2207 5693 2443 5756; x_wconf 89' lang='lat' dir='ltr'><strong>ﬁrmum</strong></span> <span class='ocrx_word' id='word_1_835' title='bbox 2467 5692 2714 5772; x_wconf 86' lang='lat' dir='ltr'><strong>ﬁgentes</strong></span> <span class='ocrx_word' id='word_1_836' title='bbox 2740 5684 3625 5771; x_wconf 78' lang='lat' dir='ltr'><strong>vestigium,diSputaveramus;</strong></span> 
     </span>
    </p>
   </div>
  </div>
