4094 6196
401 359 520 429 463
1702 359 1982 426 MENSIS
2021 363 2039 423 J

2128 361 2322 425 .‘IUAB
2337 361 2476 425 [US.
3663 355 3784 423 464

404 519 538 562 cum
571 519 786 563 novum
821 502 1079 564 oblatum
1120 509 1210 561 est
1240 497 1436 571 nobis,
1487 516 1602 578 quo
1635 498 2062 574 conjecturam,
2089 499 2124 550 Α
2152 492 2270 552 lum
2304 492 2666 555 carbonibus
2697 491 2926 572 implet,
2961 490 3184 572 absque
3207 491 3343 570 igne
3372 493 3629 554 sumtum
3663 493 3783 554 im-

404 600 668 653 nostram
696 587 1751 668 stabiliremus,argumentum,idque
1773 586 2038 662 ejusmo-
2126 583 2290 660 ponit
2321 601 2426 662 per
2458 582 2813 644 solitudines
2843 580 3121 643 Judaicas
3145 600 3628 661 quaquaversum
3662 582 3783 642 de-

405 681 489 754 di,
515 688 578 742 ut
606 680 858 742 convelli
888 698 1004 740 non
1032 696 1206 758 posse
1230 677 1666 738 existimemus.
1688 676 1834 738 Nam
1861 691 2039 752 anea

400 770 802 848 Metapbraste
835 769 993 830 edita
1027 777 1116 830 est
1146 766 1203 830 S.
1241 765 1408 829 Saba:
1450 767 1587 839 vita,
1621 765 1908 826 hactenus
1945 762 2040 824 hic

402 856 578 918 citata
610 875 643 917 a
677 855 873 929 nobis,
910 859 1241 936 iterumque
1292 854 1444 916 infra
1474 853 1734 927 citanda,
1791 851 1927 931 quia
1978 850 2036 910 in

397 944 662 1006 omnium
698 953 786 1006 est
820 945 1090 1007 manibus
1122 966 1137 1020 ;
1167 964 1294 1006 eam
1328 965 1360 1006 e
1391 951 1623 1005 vetusto
1649 941 1877 1013 codice,
1903 949 2039 1002 ante

391 1051 613 1096 annum
647 1034 864 1097 Christi
897 1036 1076 1108 1034,
1114 1033 1563 1112 exarato,|nacti
1597 1049 1803 1092 sumus
1835 1030 2038 1093 Latine

392 1140 622 1184 versam
646 1132 782 1185 ante
800 1124 986 1202 ipsius
1005 1123 1418 1204 Metaphrastze
1439 1130 1698 1183 aetatem:
1716 1137 1747 1180 e
1774 1135 2035 1199 quacum

387 1211 537 1272 illud
571 1212 1119 1282 animadvertimus,
1153 1232 1284 1274 eam
1322 1231 1437 1293 que
1469 1211 1701 1286 vulgata
1733 1217 1821 1269 est
1842 1226 1975 1269 esse
2005 1224 2039 1266 a

392 1300 790 1382 Metaphraste
840 1303 1076 1384 paulum
1101 1304 1240 1365 hinc
1283 1302 1422 1363 inde
1445 1300 2035 1380 ampliﬁcatam,tum

389 1392 454 1454 S.
479 1392 803 1455 Theodosii
827 1393 1022 1455 obitus
1045 1412 1266 1455 annum
1286 1393 1573 1468 diemque
1599 1389 1941 1451 didicimus.
1959 1385 2041 1446 Ita

391 1480 552 1542 enim
579 1481 788 1544 habet:
823 1481 1194 1563 «Incipiente
1217 1491 1413 1543 autem
1443 1479 1826 1558 nonagesimo
1847 1477 2038 1557 primo

393 1579 582 1633 aetatis
605 1589 759 1633 anno
788 1571 978 1634 Patris
999 1572 1185 1633 nostri
1211 1571 1401 1644 Saba),
1432 1571 1639 1632 beatus
1663 1567 2040 1649 supradictus

388 1661 767 1724 Theodosius
790 1663 912 1742 jam
949 1680 1130 1724 senex
1182 1671 1242 1724 et
1301 1662 1515 1741 plenus
1569 1658 1826 1730 dierum,
1861 1657 2039 1716 vitam

400 1750 555 1812 hanc
617 1759 917 1814 terrenam
980 1754 1288 1826 deserens,
1352 1751 1422 1812 ad
1487 1749 1701 1810 coelum
1749 1746 2038 1819 transivit,

2124 671 2239 732 fert
2276 693 2288 733 :
2327 681 2396 732 att
2432 673 2592 751 ripas
2627 672 2804 732 maris
2836 671 3048 732 Μοτῐυί
3085 672 3294 732 transit
3329 689 3342 733 :
3376 682 3594 733 conatu
3629 690 3778 734 nec-

2125 761 2264 821 dum
2300 763 2661 824 succedente
2698 760 2857 822 redit
2912 761 2980 820 ad
3025 761 3373 841 speluncam
3413 782 3426 820 :
3461 761 3694 822 accedit
3719 770 3780 822 et

2125 868 2266 910 ecce
2298 849 2525 912 fumum
2563 870 2631 911 ex
2666 849 3030 911 carbonibus
3055 851 3216 911 videt
3245 850 3719 912 adscendentem
3755 869 3770 913 :

2118 940 2264 1017 jacit
2281 940 2957 1019 fundamenta,templui:
2986 958 3101 1019 que
3116 959 3184 1001 ac
3199 946 3626 1002 monasterium
3645 940 3780 1002 ardi-

2123 1029 2283 1104 ﬁcat,
2315 1029 2473 1109 quod
2498 1029 2986 1092 deindedilatatis
3022 1030 3775 1111 pommriisamplissimum

2125 1118 2264 1179 fecit
2298 1119 2616 1180 exstructis
2643 1120 2703 1180 in
2740 1139 2808 1180 eo
2835 1131 3094 1200 qnatucr
3123 1120 3382 1200 templis,
3408 1127 3470 1180 ut
3495 1139 3554 1182 n.
3577 1119 3647 1181 37
3677 1120 3774 1180 di-

2117 1207 2512 1272 citur.Prima
2547 1217 2604 1271 et
2639 1210 2950 1290 praecipua
2987 1230 3122 1290 pars
3155 1209 3287 1289 ejus
3320 1209 3392 1271 ad
3428 1209 3774 1291 speluncam

2122 1297 2432 1360 Cathisma
2448 1299 2583 1359 dicit
2599 1319 2670 1360 ur
2696 1299 2755 1360 in
2775 1302 2904 1360 Vita
2924 1298 3164 1362 S.Saba3
3185 1299 3278 1360 his
3300 1299 3515 1362 verbis:
3540 1324 3564 1356 α
3581 1299 3778 1362 Theo-

2123 1387 2328 1447 dosius
2352 1389 2476 1466 jam
2508 1398 2842 1453 recesserat
2869 1388 2942 1451 ab
2967 1392 3222 1452 ecclesia
3249 1407 3380 1468 quae
3411 1388 3628 1450 dicitur
3656 1389 3775 1452 Ca-

2123 1475 2442 1554 tbismatis,
2471 1484 2531 1538 et
2557 1484 2612 1538 in
2644 1488 2807 1557 parte
2829 1478 3010 1539 laurm
3029 1497 3159 1560 quae
3185 1478 3366 1556 vergit
3390 1479 3461 1540 ad
3486 1478 3774 1540 occiden-

2127 1574 2268 1637 tem,
2302 1568 2691 1628 constituerat
2715 1569 3334 1648 monasterium,quod
3361 1569 3491 1629 vitae
3515 1586 3784 1630 commu-

2128 1655 2285 1716 niter
2316 1656 2605 1731 degendae
2636 1656 3050 1732 conveniebat,
3091 1659 3324 1719 distans
3370 1676 3403 1718 a
3441 1659 3627 1720 Laure
3687 1658 3780 1738 (S.

2125 1743 2321 1824 Sat-te)
2358 1745 2602 1823 triginta
2634 1747 2899 1826 quinque
2933 1748 3163 1818 stadiis,
3205 1772 3231 1802 ι»
3268 1748 3323 1808 id
3362 1755 3449 1808 es'.
3477 1748 3600 1808 fere
3643 1766 3780 1809 ses-

394 1842 602 1902 Mense
619 1839 928 1916 Januario,
948 1841 1404 1915 dieundecima,
1425 1840 1749 1902 indictione
1764 1837 2039 1916 septima.
2068 1859 2104 1909 3
2128 1833 2868 1914 quimilliariBelgico,seu
2895 1847 3156 1913 quatuor
3183 1836 3444 1898 millibus
3471 1856 3778 1917 passuum.

395 1927 503 1990 Cui
529 1928 587 1988 in
613 1931 961 1991 monasterii
989 1931 1283 2009 regimine
1309 1928 1625 1991 Sofronins
1647 1925 1960 1997 successit,
1981 1924 2040 1984 in

396 2018 765 2080 monachisis
797 2019 1136 2081 actionibus
1157 2019 1304 2080 satis
1329 2017 1650 2097 perfectus.
1679 2015 1817 2077 Post
1838 2013 2045 2076 defun-

395 2108 654 2169 ctionem
689 2116 886 2171 autem
911 2107 1143 2171 abbatis
1163 2107 1484 2171 Theodosii
1510 2109 1806 2168 irruentes
1831 2103 2040 2166 Sama-

394 2198 600 2273 ritani,
653 2207 832 2258 totam
890 2207 1128 2277 gentem
1179 2197 1509 2259 Patrestinae
1567 2194 2036 2267 concitaverunt,

393 2286 585 2348 multa
607 2287 808 2348 illicita
831 2297 1172 2366 operantes,
1195 2288 1604 2367 ecclesiasque
1628 2283 2042 2366 deprzedantes

392 2386 572 2458 atque
603 2377 1018 2453 incendentes,
1048 2378 1415 2440 Christianos
1447 2376 1672 2452 absque
1704 2375 1823 2435 ulla
1856 2372 2038 2434 mise-

394 2465 660 2527 ricordia
714 2466 1080 2540 occidentes,
1118 2486 1356 2528 omnem
1395 2466 1698 2544 regionem
1733 2463 1854 2542 igni
1917 2471 2039 2522 tra-

391 2555 641 2618 debant.
676 2553 1004 2618 Venientes
1033 2569 1232 2618 autem
1263 2557 1334 2617 ad
1368 2555 1708 2634 Neapolim,
1744 2553 2042 2631 nimisque

393 2646 836 2727 Superbientes,
867 2650 1294 2728 imperatorem
1328 2646 1443 2708 sibi
1474 2646 1914 2707 constituerunt
1945 2641 2042 2704 Ju-

391 2736 615 2798 liannm
650 2738 968 2817 quemdam
998 2755 1013 2812 ;
1048 2738 1521 2816 invadentesque
1549 2734 1872 2804 civitatem,
1907 2733 2040 2812 epi-

396 2844 644 2908 scopum
704 2828 1160 2902 interl’ecerunt,
1195 2829 1382 2888 virum
1419 2825 1735 2885 sanctitate
1767 2822 2038 2902 plenum,

2206 1925 2305 1986 18.
2344 1927 2607 1986 Lauram
2642 1925 2754 1987 hoc
2789 1925 2914 1988 fere
2949 1937 3221 2007 tempore
3248 1926 3535 1988 vocabant
3565 1946 3781 1988 mona-

2127 2014 2376 2074 chorum
2403 2014 2746 2075 mansiones
2771 2034 2877 2076 seu
2898 2016 3258 2096 cellas,quas
3281 2016 3496 2078 additis
3521 2017 3783 2097 propriis

2127 2103 2474 2164 nominibus
2506 2104 2946 2174 discernebant,
2975 2115 3040 2167 ut
3075 2106 3322 2168 lauram.
3359 2104 3398 2168 S
3448 2107 3774 2186 Euthymii,

2129 2191 2188 2254 S.
2215 2192 2672 2271 Sabai,Pharan,
2703 2196 3006 2274 etc.0rigo
3033 2201 3159 2273 ejus
3187 2197 3421 2257 videtur
3446 2196 3781 2276 repetenda

2127 2302 2159 2343 a
2183 2283 2358 2344 ﬂuvio
2380 2285 2687 2364 Μανιληυὶ
2713 2286 2936 2362 regioni
2962 2286 3372 2366 vicinaz,quam
3391 2286 3761 2365 praiterﬂuit,

2129 2383 2186 2433 et
2215 2374 2592 2434 monasteriis
2619 2373 2676 2434 in
2701 2393 2768 2435 ea
2792 2375 3093 2436 tedilicatis
3117 2394 3332 2436 nomen
3352 2375 3627 2436 dedit.De
3651 2377 3767 2437 hac

2129 2465 2293 2524 lanra
2315 2464 2394 2524 ita
2417 2463 2704 2524 scribitur
2738 2465 2792 2524 in
2825 2465 2940 2526 vita
2967 2464 3026 2529 S.
3062 2464 3345 2537 Quiriaci,
3374 2465 3453 2526 920
3484 2465 3765 2545 Septem-

2126 2551 2251 2613 bris
2278 2573 2290 2612 :
2332 2575 2357 2611 ι
2384 2553 2630 2615 Divinus
2653 2572 2855 2614 rursus
2878 2555 3190 2625 Quiriacus
3205 2560 3364 2615 venit
3388 2555 3445 2615 in
3468 2573 3596 2615 eam
3624 2572 3760 2634 par-

2128 2653 2248 2703 tem
2271 2642 2705 2716 solitudinis,in
2731 2662 2844 2723 qua
2871 2645 3066 2705 nullus
3087 2646 3445 2706 anachoreta
3472 2662 3580 2705 nec
3603 2662 3769 2705 man-

2127 2741 2310 2800 serat,
2341 2750 2452 2792 nec
2473 2751 2730 2811 unquam
2756 2733 3089 2794 transierat.
3115 2731 3545 2794 Nominabatur
3565 2743 3766 2794 autem

2127 2820 2291 2881 locus
2321 2821 2391 2880 ab
2423 2821 2640 2882 accolis
2671 2822 2966 2896 Susacim,
3015 2836 3072 2884 et
3101 2823 3161 2883 in
3197 2841 3267 2884 eo
3300 2831 3357 2882 et
3391 2841 3552 2883 novae
3582 2822 3770 2883 laurae

393 2917 630 2978 Mamon
657 2917 924 2978 nomine.
947 2916 1237 2978 Similiter
1259 2924 1321 2976 et
1345 2913 1631 2994 quosdam
1662 2910 2040 2991 presbyteros
2124 2916 2183 2969 et
2213 2911 2380 2970 Sucte
2411 2911 2571 2971 ﬂuvii
2604 2912 2778 2972 ambo
2813 2913 3191 2980 conveniunt,
3229 2930 3436 2974 eorum
3471 2931 3618 2992 quos
3637 2911 3766 2973 sci-

399 3006 1116 3087 apprehensos,‘diversis
1136 3003 1444 3084 suppliciis
1467 3003 1742 3071 laniatos,
1777 2999 1897 3077 igni
1925 3007 2036 3058 tra-
2125 3016 2256 3058 mus
2290 3000 2528 3060 maximi
2564 3009 2623 3062 et
2657 3001 3132 3080 profundissimi.
3167 3001 3466 3064 Feruntur
3492 3010 3685 3065 autem
3722 3003 3771 3064 ii

395 3095 653 3171 debant;
710 3097 968 3174 viasque,
1019 3112 1149 3174 quae
1191 3093 1370 3171 regite
1401 3090 1782 3164 vocabantur,
1831 3087 2036 3151 Cbris-
2123 3104 2256 3148 esse
2286 3088 2361 3150 de
2394 3089 2609 3168 quibus
2642 3091 2876 3153 Christo
2907 3092 3130 3154 dictum
3170 3111 3204 3153 a
3232 3091 3454 3154 Davide
3487 3109 3500 3154 :
3543 3093 3625 3154 Tu
3648 3095 3767 3155 sic-

394 3184 572 3246 tianis
602 3183 790 3245 invias
834 3182 1256 3243 exhibuerunt.
1296 3201 1323 3240 ›
2057 3213 2097 3262 ο
2121 3178 2279 3240 σαειί
2303 3177 2522 3258 ﬂuvios
2553 3179 2784 3242 Etltan.
2820 3179 2976 3244 Psal.
3009 3199 3234 3256 Lxxvu,
3271 3182 3367 3244 15.
3407 3206 3433 3237 ιι

598 3273 626 3351 §
656 3271 756 3333 IV.
807 3271 977 3334 Situs
1006 3271 1364 3332 monasterii
1395 3269 1458 3334 S.
1501 3267 1834 3330 Theodosii.
2206 3268 2303 3329 19.
2340 3267 2401 3331 S.
2437 3267 2700 3332 Isidorus
2731 3269 3026 3334 Pelusiota
3051 3273 3125 3334 de
3148 3273 3261 3334 hoc
3290 3272 3422 3334 loco
3453 3272 3765 3335 consultus

476 3362 573 3422 15.
629 3360 798 3432 Quod
835 3377 1011 3439 supra
1044 3361 1071 3439 §
1102 3377 1142 3438 ι,
1181 3379 1240 3421 n.
1276 3364 1311 3418 2
1345 3369 1405 3420 et
1435 3358 1472 3419 3
1504 3358 1561 3418 in
1617 3354 2042 3436 Martyrologiis
2125 3355 2199 3418 ab
2230 3355 2566 3438 Epiphanio
2599 3361 2877 3434 diacono,
2914 3362 2994 3424 ita
3027 3361 3377 3443 respondet,
3411 3360 3453 3421 1.
3487 3378 3551 3433 n,
3587 3362 3766 3441 epist.

397 3449 760 3520 nominatur,
791 3448 966 3509 veluti
995 3451 1055 3511 S.
1091 3447 1414 3510 Theodosii
1442 3447 1643 3527 sedes,
1669 3447 2045 3527 Cappadocia
2125 3447 2206 3508 66
2240 3469 2252 3508 :
2289 3469 2318 3508 (
2349 3447 2539 3511 Etban
2576 3453 2741 3512 locus
2773 3459 2898 3512 erat
2945 3452 3004 3512 in
3052 3452 3360 3515 Palaestina
3389 3450 3585 3512 ﬂuviis
3617 3450 3768 3512 irri—

396 3538 646 3613 Graecia,
700 3537 987 3617 vicusque
1019 3538 1412 3616 Magariassus
1440 3536 1564 3617 (qui
1596 3536 1654 3597 in
1688 3535 2042 3615 Anthologio
2126 3555 2300 3618 gnus,
2322 3546 2496 3619 atque
2519 3539 2834 3602 arboribus
2855 3541 3224 3604 etfructibus
3247 3541 3578 3614 abundans,
3608 3549 3665 3603 et
3684 3539 3770 3602 ob

400 3629 745 3705 Μωγαρισός,
788 3630 844 3687 in
870 3630 983 3688 vita
1012 3627 1392 3689 bibliotheca;
1410 3625 1708 3688 Vaticana:
1732 3633 2039 3704 Μογαριασιε

2128 3626 2457 3705 ingentium
2491 3627 2883 3692 animantium
2913 3649 2980 3692 ac
3009 3631 3260 3712 piscium
3293 3629 3522 3710 copiam
3556 3630 3628 3691 ad
3656 3648 3771 3691 ve-

397 3719 513 3790 σός,
537 3719 594 3778 in
615 3717 949 3797 Menologio
971 3719 1425 3797 :llarissus)non
1451 3718 1528 3778 ita
1543 3717 1599 3777 id
1624 3715 2040 3794 accipiendum
2125 3717 2386 3777 nandum
2411 3719 2857 3795 accommodus,
2879 3743 2901 3778 ii
2928 3731 3044 3783 etc.
3072 3719 3536 3799 Allegatdeinde
3557 3728 3772 3782 aucto-

399 3817 510 3877 est,
565 3809 733 3889 quasi
780 3809 959 3869 isthic
990 3817 1088 3867 aut
1117 3807 1356 3881 obierit,
1392 3815 1489 3869 aut
1522 3805 1879 3888 praecipuam
1914 3805 2043 3866 vita;
2125 3805 2822 3888 ritatemJosephi,cujus
2841 3809 3773 3890 haecverbasunt,l.xvanliq.

399 3905 626 3974 partem
659 3899 957 3977 exegerit;
995 3898 1096 3958 sed
1133 3898 1288 3978 quod
1319 3897 1562 3958 circiter
1590 3915 1687 3957 an.
1724 3897 1864 3958 Chr.
1898 3896 2039 3972 493,
2125 3895 2371 3959 Judaie.
2400 3895 2506 3958 αἳ
2534 3918 2546 3958 :
2573 3919 2596 3955 σ
2618 3897 3047 3961 Aberatautem
3075 3898 3147 3960 ab
3175 3898 3602 3979 Hierosolymis
3625 3899 3779 3961 duo-

397 3997 461 4050 ut
510 3987 789 4061 diximus,
845 3989 901 4048 in
937 3989 1132 4048 lucem
1169 3987 1345 4048 isthic
1382 3986 1599 4048 editus.
1635 3986 2046 4063 educatusque
2131 4003 2262 4045 rum
2288 3985 2665 4048 schaenorum
2689 3988 2876 4069 spatio
2893 3991 3179 4070 praedium
3203 3988 3782 4071 quoddammomine

395 4077 468 4138 ad
505 4094 726 4136 annum
762 4078 949 4137 aetatis
979 4077 1054 4135 Q8
1082 4077 1315 4151 vixerit,
1351 4086 1407 4137 et
1437 4095 1665 4138 sacram
1693 4077 1911 4156 populo
1937 4095 2042 4137 ex-
2127 4073 2321 4149 Ettan,
2359 4076 2546 4137 hortis
2576 4085 2636 4139 et
2672 4076 2932 4140 inductis
2964 4079 3227 4140 fontibus
3258 4096 3559 4141 amoenum
3593 4077 3778 4140 simul

397 4165 672 4246 posuerit
702 4165 1098 4246 Scripturam.
2128 4172 2187 4226 et
2214 4164 2558 4243 opulentum
2598 4189 2612 4228 :
2647 4166 2708 4229 in
2740 4168 2852 4230 hoc
2882 4169 3076 4232 exitus
3105 4169 3362 4230 faciebat
3406 4167 3603 4229 libens
3638 4167 3777 4246 (seu

483 4256 576 4314 16.
615 4253 760 4316 Inde
783 4274 938 4316 anno
970 4253 1188 4318 Christi
1210 4257 1348 4330 451,
1375 4275 1507 4317 cum
1533 4254 1848 4317 concilium
1875 4272 2031 4316 (eruo
2126 4253 2288 4315 exire
2312 4254 2740 4326 delectabatur)
2763 4258 3066 4320 Salomon.
3085 4283 3105 4313 ι
3126 4257 3773 4331 EstautemSchmnus‘,

401 4345 704 4405 menicum
739 4361 796 4405 tv
838 4344 1217 4406 Chalcedone
1249 4345 1684 4420 celebraretur,
1739 4345 2042 4423 profectus
2127 4341 2375 4423 σχοῖνος,
2413 4363 2690 4407 mensura
2723 4356 2896 4409 terra:
2926 4348 3280 4429 Egyptiaca,
3319 4347 3633 4408 continens
3665 4363 3773 4406 se-

395 4431 1146 4516 Hierosolymam,aliquot
1170 4435 1344 4496 isthic
1368 4454 1557 4497 annos
1581 4443 1844 4496 moratus
1861 4443 2044 4506 est,et
2126 4432 2363 4509 xaginta
2394 4433 2605 4510 stadia,
2642 4434 2944 4500 Herodoto
2978 4447 3245 4510 auctore,
3272 4437 3311 4498 Ι.
3337 4452 3399 4510 ti,
3435 4455 3485 4496 c.
3519 4436 3589 4514 6;
3623 4434 3771 4497 licet

399 4523 676 4631 spiritum
703 4525 898 4631 h'ansit
920 4525 1051 4624 vitae
1075 4524 1380 4625 solitariae.
1409 4525 1568 4586 Abiit
1591 4525 1788 4604 itaque
1811 4523 1870 4584 in
1895 4524 2041 4631 soli-
2064 4521 2377 4631 l)Plinius,
2404 4524 2575 4631 1.x",
2603 4545 2658 4589 ο.
2687 4527 2784 4602 14,
2810 4528 3203 4629 quadraginta
3227 4525 3628 4631 stadia'dicat;
3661 4525 3770 4631 ubi

401 4611 668 4672 tudinem
694 4612 950 4694 aliquam
978 4613 1257 4688 vicinam,
1276 4631 1448 4694 quam
1475 4637 1502 4669 ε
1533 4630 1800 4675 eremum
1821 4625 2043 4676 sanctae
2067 4611 2324 4675 "tamen
2385 4623 2656 4677 notarum
2717 4635 2983 4681 errorem
3043 4618 3380 4697 suspicatur
3422 4615 3675 4678 Budaeus
3702 4620 3771 4676 in

401 4697 623 4761 Christi
655 4699 893 4764 Domini
927 4703 1116 4764 nostri
1151 4702 1413 4765 civitatis
1443 4729 1467 4758 ι)
1504 4702 1762 4784 appellat
1790 4704 2046 4766 Joannes
2124 4702 2402 4765 Annotat.
2461 4705 2711 4784 priorib.
2765 4708 2824 4768 in
2875 4732 2934 4770 π.
2990 4707 3257 4768 Distahat
3301 4723 3438 4784 ergo
3473 4705 3566 4766 hic
3597 4704 3770 4766 locus

398 4790 1496 4873 MoschusinPratospirituali,c.82
1517 4791 2042 4855 et105.Hicinco-
2126 4791 2579 4874 Hierosolymis,
2622 4795 2791 4874 juxta
2839 4795 3128 4859 Herodoti
3161 4795 3476 4869 calculum,
3533 4801 3766 4874 septem

399 4878 877 4959 luitspeluncam
907 4883 1141 4952 eam,ad
1169 4901 1343 4962 quam
1371 4883 1686 4944 traduntur
1734 4883 1884 4961 Magi
1906 4884 2044 4942 ado-
2128 4881 2396 4944 millibus
2429 4892 2484 4945 et
2515 4887 2856 4964 quingentis
2889 4887 3162 4967 passibus
3193 4904 3296 4947 seu
3352 4886 3605 4946 duarum
3657 4882 3770 4944 ho-

397 4978 528 5030 rato
555 4969 612 5030 in
639 4969 944 5033 Bethleem
972 4973 1210 5035 Christo
1233 4972 1714 5051 divertisse,cum
1740 4969 1813 5032 ab
1834 4974 2042 5051 angelo
2126 4989 2325 5031 rarum
2358 4990 2425 5033 ac
2451 4974 2712 5036 dimidiae
2742 4975 2980 5038 itinere.
3009 4976 3309 5040 Consonat
3339 4973 3773 5051 Peregrinatio

392 5058 551 5138 jussi
579 5067 784 5121 essent
811 5080 915 5141 per
935 5062 1108 5122 aliam
1143 5065 1292 5122 viam
1321 5065 1376 5122 in
1401 5081 1538 5123 suas
1562 5061 1763 5123 redire
1799 5061 2041 5141 provin-
2127 5059 2688 5143 Hierosolymitana
2765 5065 3174 5146 Christophori
3246 5063 3593 5139 Radzivilii,
3664 5064 3776 5138 qui

398 5149 546 5211 cias.
583 5150 647 5210 In
682 5149 834 5211 hanc
851 5151 1201 5231 speluncam
1226 5152 1584 5214 descensum
1621 5170 1730 5232 per
1751 5152 1959 5213 decem
1987 5160 2045 5213 et
2129 5168 2409 5231 egressus
2461 5163 2626 5216 extra
2677 5167 2905 5236 portam
2951 5156 3233 5230 Piscium,
3290 5153 3553 5216 emensis
3585 5152 3778 5215 tribus

398 5247 532 5303 octo
567 5239 784 5316 gradus
819 5241 1078 5321 patuisse
1111 5241 1283 5302 docet
1319 5241 1613 5317 Moschus,
1650 5260 1703 5303 c.
1741 5243 1878 5304 105.
2128 5241 2492 5304 milliaribus
2546 5248 2795 5323 magnis,
2833 5246 3104 5326 pervenit
3135 5244 3205 5306 ad
3241 5242 3667 5305 monasterium
3699 5240 3774 5304 S.

481 5332 580 5392 17.
628 5329 807 5392 Fama
840 5331 1170 5393 sanctitatis
1201 5331 1334 5412 ejus
1364 5331 1583 5393 deinde
1615 5333 1792 5395 exciti
1821 5333 1941 5402 alii,
1978 5351 2043 5396 se
2127 5331 2324 5412 Sabaa,
2349 5333 2504 5412 quod
2530 5334 2859 5397 etiamnum
2885 5344 3109 5417 exstat;
3135 5353 3166 5397 e
3188 5352 3306 5416 quo
3330 5340 3490 5395 circa
3513 5331 3778 5393 mediam

401 5419 532 5499 ejus
563 5419 896 5500 disciplinte
927 5421 1315 5500 subjecerunt
1342 5443 1357 5495 ;
1410 5432 1467 5484 et
1513 5423 1783 5501 praeclari
1816 5422 2039 5484 ibidem
2129 5430 2362 5482 noctem
2380 5424 2904 5500 egressus,itinere
2930 5434 3220 5487 nocturno
3241 5421 3624 5484 confecittria
3642 5437 3776 5500 pas-

404 5508 738 5569 aediﬁcandi
771 5509 1031 5571 crenobii
1063 5509 1440 5571 occasionem
1471 5509 1870 5588 praebuerunt.
1925 5512 2039 5570 Lo-
2124 5527 2294 5571 suum
2335 5510 2542 5585 millia,
2578 5521 2635 5574 et
2667 5514 2724 5574 in
2755 5533 2967 5576 aurora
3003 5533 3164 5576 mare
3186 5512 3591 5592 Asphalticum
3626 5528 3779 5571 con-

402 5596 745 5682 cum,ubiid
766 5608 1027 5661 statuere
1041 5599 1466 5661 monasterium
1481 5597 2041 5671 deberet,divinitus
2122 5599 2340 5678 spexit,
2366 5601 2436 5662 ad
2471 5602 2644 5682 cujus
2670 5603 2833 5664 littus
2867 5605 3016 5666 hora
3045 5603 3167 5667 diei
3193 5601 3454 5664 secunda
3475 5600 3770 5681 pervenit.

402 5681 517 5748 sibi
549 5688 867 5750 monstrari
895 5700 1198 5770 precatus,
1220 5687 1503 5750 instinctu
1528 5687 1727 5749 divino
1760 5687 2034 5753 thuribu-
2121 5681 3014 5775 ConsulendusAdrichomius,
3051 5696 3151 5778 qui
3184 5693 3240 5757 id
3267 5689 3515 5755 collocat
3542 5691 3613 5754 ad
3645 5690 3780 5753 An-
