4094 6196
248 369 378 436 465

950 375 1136 436 VlTA
1183 375 1243 437 S.
1290 372 1696 438 THEODOSII
1743 369 2357 436 COENOBIARCH/E.
2417 399 2492 412 —-
2557 363 2953 431 PROtEMIA.

3525 367 3657 434 466

251 515 453 568 strum
479 507 745 580 Herodii,
779 510 936 569 inter
977 507 1301 570 Herodium
1342 517 1400 570 et
1445 508 1772 570 Thecuam.
1821 507 1908 569 Ab
1932 517 1965 564 Α
1993 504 2112 565 imo
2139 521 2276 565 vero
2307 501 2666 563 voluntatem
2699 499 2943 561 alterius
2975 495 3218 580 putabat
3247 516 3382 562 esse
3416 518 3586 563 suam
3628 521 3646 566 :

253 597 376 658 hoc
399 597 652 659 distabat
676 600 1102 660 monasterium
1130 598 1192 662 S.
1228 598 1551 660 Theodosii
1573 599 1916 677 sesquimil-

2003 612 2136 654 cum
2169 590 2392 654 Christi
2423 608 2589 651 amor
2620 589 2706 650 sic
2725 607 2828 649 eos
2851 588 3292 667 coniunxisset,
3319 597 3379 651 et
3401 600 3466 651 ut
3488 591 3649 653 idem

257 686 402 748 liari
453 705 658 747 versus
709 687 1122 761 occidentem,
1190 688 1616 769 Hierosolyma:
1667 688 1915 769 propin-
2001 681 2408 742 sentirenteis
2431 677 2993 758 persuasisset.Hoc
3013 686 3210 739 autem
3235 682 3656 744 eratamnium

256 776 491 856 quius;
529 785 593 836 ut
625 776 814 856 exigit
852 777 1002 837 visio
1052 777 1109 836 in
1146 796 1216 839 eo
1253 779 1400 838 facta
1433 781 1488 840 S.
1531 777 1720 851 Saba},
1757 802 1782 832 α
1817 795 1914 838 os-

259 865 524 925 tendens
543 866 918 939 Torrentem,
943 867 1099 946 quia
1123 865 1283 928 Siloe
1305 867 1512 928 deﬂuit
1531 867 1599 927 ad
1627 875 1915 940 austrum,

260 966 328 1015 et
359 953 722 1016 denuntians
757 963 818 1016 ut
850 955 1144 1018 habitaret
1186 955 1497 1017 Torrentis
1546 957 1920 1036 speluncam,

264 1061 407 1122 qua:
443 1044 629 1122 vergit
657 1043 728 1104 ad
775 1043 1093 1106 orientem.
1131 1066 1157 1104 ι
1198 1044 1304 1106 Hic
1338 1044 1524 1119 Siloe,
1560 1064 1662 1106 seu
1699 1045 1926 1126 piscina

264 1133 595 1203 natatoria,
621 1141 896 1212 respectu
921 1133 1344 1215 Hierosolyma:
1367 1135 1437 1196 ad
1463 1144 1752 1209 austrum,
1789 1135 1925 1196 illa-

265 1221 436 1283 bitur
465 1225 522 1283 in
555 1222 812 1295 Cedron,
857 1223 1030 1302 vulgo
1074 1225 1474 1305 Torrentem;
1526 1225 1625 1304 qui
1676 1223 1929 1286 ﬂuviolis

267 1331 342 1373 ac
375 1311 643 1374 fontibus
667 1322 874 1374 auctus
899 1331 1006 1391 per
1039 1314 1209 1393 plana
1235 1313 1459 1376 deserti
1489 1332 1692 1374 versus
1723 1314 1928 1374 orien-

270 1411 398 1464 tem
430 1402 489 1463 in
527 1420 689 1463 mare
721 1406 1018 1464 Mortuum
1053 1403 1333 1475 influens,
1368 1403 1746 1465 absorbetur.
1781 1405 1930 1465 Huic

268 1491 557 1554 Torrenti
589 1493 1004 1553 immiscentur
1034 1493 1196 1556 citati
1241 1493 1406 1554 ﬂuvii
1443 1495 1629 1554 Laura
1661 1505 1717 1554 et
1748 1492 1924 1566 Sura,

266 1583 343 1643 a-l
401 1582 583 1660 hujus
629 1599 768 1642 vero
817 1583 1194 1642 conﬂuentes
1245 1581 1510 1644 Susacim
1543 1583 1605 1645 S.
1641 1581 1921 1655 Quiriaci,

270 1672 595 1750 nonaginta
612 1688 643 1730 a
667 1669 852 1730 Laura
876 1672 932 1733 8.
955 1671 1124 1733 δείδω
1147 1671 1322 1732 stadii
1348 1672 1458 1732 situ
1471 1692 1520 1731 η]
1542 1674 1834 1735 erat.llzec
1851 1672 1926 1732 de

268 1760 408 1822 loco
443 1769 502 1820 et
533 1759 711 1821 laurea
740 1757 801 1822 S.
835 1761 1004 1822 Saba:
1028 1773 1086 1822 et
1113 1762 1458 1822 monasterii
1481 1761 1541 1823 S.
1571 1761 1917 1824 Theodosii.

2004 791 2282 833 sermone
2306 770 2699 843 celebratum,
2737 777 2797 829 et
2824 769 2983 829 aliud
3018 786 3124 848 per
3153 769 3544 847 apostolicum
3579 772 3654 835 ab

2005 858 3013 942 Hierosolymitanisjudicabantur
3045 866 3220 938 atque
3255 859 3655 923 nominaban-

2009 959 2126 1012 tur.
2161 950 2258 1011 Eis
2280 949 2351 1011 ab
2376 948 2849 1028 archiepiscopo,
2877 966 2909 1009 a
2937 949 3220 1021 Salustio,
3249 947 3515 1028 inquam,
3548 952 3656 1031 qui

2009 1048 2134 1101 erat
2157 1040 2216 1101 in
2233 1038 2465 1102 Christo
2492 1036 3026 1110 consummandus,
3059 1036 3336 1097 mandata
3363 1037 3471 1098 fuit
3495 1058 3652 1120 pra;-

2013 1129 2243 1190 fectura
2272 1128 2538 1190 universi
2579 1135 2772 1190 emtas
2823 1127 3274 1201 monachorum,
3329 1144 3446 1187 non
3493 1130 3654 1209 quod

2015 1219 2126 1298 ipsi
2155 1237 2281 1280 eam
2306 1236 2434 1278 rem
2466 1216 2912 1298 concupissent,
2946 1216 3048 1277 sed
3087 1215 3280 1295 potius
3311 1215 3488 1277 electi
3511 1217 3660 1279 fuis-

2013 1316 2146 1368 sent
2177 1327 2210 1368 a
2243 1306 2578 1382 monachis,
2614 1315 2672 1368 et
2705 1306 3013 1387 praemium
3050 1305 3286 1368 virtutis
3318 1323 3446 1366 eam
3480 1325 3659 1370 acce-

2015 1397 2246 1476 pissent
2281 1399 2715 1476 praeiecturam.
2772 1393 3041 1466 Quonam
3098 1394 3272 1455 modo
3334 1401 3530 1456 autem
3582 1399 3659 1460 ad

2015 1486 2764 1548 hancadministrationem
2785 1483 3395 1564 pervenerint,dicam
3427 1490 3655 1563 paucis.

2095 1577 2193 1638 23,
2238 1599 2259 1631 α
2291 1574 2437 1638 Cum
2465 1575 2737 1652 Elpidius
2762 1582 2818 1636 et
2842 1573 3025 1647 Elias,
3054 1591 3438 1634 successores
3465 1578 3661 1655 magni

2011 1665 2374 1740 Pasarionis,
2409 1687 2440 1724 e
2491 1666 2606 1726 vita
2637 1665 3056 1739 excessissent,
3105 1671 3554 1740 consequenter
3582 1669 3660 1730 ad

2008 1757 2286 1817 Lazarum
2333 1759 2543 1816 transit
2573 1752 3037 1815 administratio.
3088 1753 3186 1816 Sic
3219 1757 3396 1822 etiam
3430 1761 3502 1823 ad
3534 1763 3658 1826 Ge-

353 1851 456 1910 ‘20.
494 1848 556 1910 In
591 1850 703 1910 hoc
731 1849 1112 1911 celeberrimi
1141 1849 1466 1912 Theodosii
1491 1849 1776 1911 doctrinae
1802 1851 1892 1910 fru
1949 1845 2295 1933 Brontium.
2351 1843 2460 1916 Qui
2521 1862 2657 1933 cum
2717 1843 3108 1916 decessisset,
3162 1843 3483 1912 Anastasio
3515 1867 3660 1912 cura

267 1949 434 2001 ctum
487 1939 826 2018 percepisse
859 1939 1078 2002 dicitur
1107 1941 1197 2017 (in
1230 1941 1349 2001 vita
1395 1940 1454 2002 S.
1509 1940 1704 2017 Sabze)
1752 1932 1956 2002 beata
2009 1935 2256 1995 fratrum
2292 1932 2706 1996 committitur.
2740 1937 2885 1995 Cum
2921 1933 2981 1993 hi
3024 1950 3186 2012 ergo,
3225 1938 3502 2014 Lazarus,
3555 1940 3658 2000 in-

269 2031 624 2106 imperatrix
655 2027 940 2101 Eudocia,
973 2029 1296 2091 Theodosii
1350 2029 1397 2093 [l
1448 2031 1714 2091 defuncti
1749 2048 1919 2103 uxor,

267 2138 408 2179 cum
430 2123 692 2179 hzeresim
708 2121 1155 2194 Eutycbianam,
1176 2139 1347 2194 quam
1371 2139 1398 2180 a
1416 2124 1922 2195 pseudomonacho

274 2205 616 2268 Theodosio
647 2207 947 2277 hauserat,
983 2205 1336 2286 abjurasset,
1370 2215 1427 2269 et
1467 2209 1716 2270 remissa
1747 2226 1780 2269 a
1810 2210 1922 2287 Sy-

273 2316 498 2359 nieone
530 2296 736 2376 Stylita
757 2296 828 2357 ad
862 2299 923 2359 S.
957 2296 1369 2377 Euthymium,
1402 2317 1519 2358 una
1549 2296 1609 2360 S.
1645 2297 1924 2359 Theodo-

273 2390 433 2450 sium
470 2388 795 2462 inviseret;
843 2387 989 2448 obiit
1023 2387 1124 2448 illa
1157 2406 1254 2449 an.
1291 2389 1399 2450 Ch.
1435 2389 1570 2452 460.
1608 2389 1688 2451 De
1720 2407 1790 2450 ea
1819 2407 1923 2450 ac-

276 2489 400 2541 tum
435 2479 494 2540 in
529 2477 695 2539 Notis
727 2477 798 2538 ad
832 2477 1007 2538 vitam
1060 2479 1122 2541 S.
1162 2478 1462 2540 Simeonis
1510 2479 1733 2559 Stylitae
1776 2499 1922 2541 auc-

273 2577 404 2629 tore
437 2567 858 2644 Metaphraste,
896 2569 930 2629 5
963 2568 1092 2628 Jan.
1129 2586 1183 2628 c.
1222 2570 1293 2628 12
1327 2569 1406 2630 lit.
1462 2569 1522 2631 h.
1565 2577 1625 2630 et
1658 2569 1924 2648 pluribus

273 2667 488 2735 agetur
519 2657 575 2717 in
607 2655 738 2718 Vita
786 2658 849 2718 S.
903 2656 1228 2738 Euthymii,
1278 2657 1355 2719 20
1399 2659 1641 2719 Januar.
1700 2656 1823 2720 [loc
1855 2661 1916 2721 S.

269 2745 595 2808 Theodosii
649 2745 1108 2818 monasterium,
1158 2749 1229 2808 ab
1283 2747 1450 2809 obitu
1507 2747 1636 2826 ejus
1683 2766 1924 2828 semper

269 2837 749 2908 denominatum,
807 2835 1123 2916 praeclaros
1170 2836 1374 2897 habuit
1404 2836 1540 2897 fidei
1576 2836 1921 2898 orthodoxa;

272 2934 775 3008 propugnatores,
807 2924 1024 3005 quibus
1048 2942 1169 3004 prie
1192 2926 1437 3005 reliquis
1457 2925 1769 2987 Palestina:
1796 2946 1923 2987 mo-

273 3015 568 3078 nasteriis
593 3015 1041 3094 prazeminentia
1076 3033 1310 3076 summa
1341 3016 1496 3096 apud
1529 3016 1922 3096 imperatores

273 3116 331 3167 et
356 3106 417 3166 in
445 3104 720 3166 conciliis
739 3105 870 3167 fuit.
896 3105 1124 3184 Saepius
1156 3123 1364 3166 eorum
1398 3104 1646 3168 virtutes
1681 3106 1918 3186 deprae-

276 3195 438 3256 dicat
465 3196 725 3256 Joannes
753 3196 1027 3258 Moschus
1060 3196 1117 3255 in
1153 3197 1337 3258 Prata
1357 3197 1697 3275 spirituali,
1730 3197 1918 3276 potis-

274 3286 496 3344 simum
533 3303 585 3345 c.
640 3286 696 3358 3,
750 3288 850 3358 22,
884 3285 983 3357 ‘23,
1021 3285 1117 3359 92,
1157 3293 1214 3346 et
1246 3257 1564 3347 duodecim
1611 3257 1982 3366 sequenti-C

275 3373 410 3449 bus,
446 3382 507 3435 et
544 3373 677 3444 109,
715 3392 972 3452 quorum
1026 3374 1311 3435 nonnulla
1345 3393 1656 3455 perperam
1693 3377 1924 3438 titulum

279 3462 631 3524 monasterii
666 3465 727 3526 S.
764 3462 1090 3525 Theodosii
1122 3467 1185 3524 in
1217 3465 1475 3544 Scapula
1508 3464 1742 3527 Citzciw
1769 3485 1924 3546 prai-

279 3551 505 3632 ferunt,
540 3562 598 3612 ut
632 3553 826 3632 capita
853 3554 929 3616 95
961 3562 1019 3615 et
1050 3553 1150 3627 99,
1180 3555 1336 3634 quod
1374 3556 1591 3616 mirum
1626 3575 1659 3618 a
1689 3556 1926 3618 nemine

279 3641 579 3703 hactenus
611 3643 794 3704 fuisse
825 3643 1331 3718 animadversum.

403 3776 433 3855 §
463 3777 537 3838 ν.
572 3775 691 3838 SS.
726 3777 894 3839 Saba?
929 3783 985 3839 et
1024 3777 1342 3840 Theodosii
1368 3777 1802 3856 familiaritas.

363 3897 466 3956 2t.
502 3899 722 3956 Auctor
753 3896 883 3956 vitae
909 3897 969 3959 S.
997 3895 1318 3959 Theodosii
1345 3916 1419 3959 ne
1442 3898 1530 3958 vel
1559 3916 1775 3958 nomen
1796 3897 1924 3977 qui-

279 3985 420 4046 dem
473 3988 531 4044 S.
587 3985 758 4048 Sabre
809 3986 1112 4065 exprimit.
1169 3989 1234 4050 In
1279 3987 1458 4065 hujus
1489 3985 1621 4049 Vita
1656 3986 1926 4063 pluribus

280 4075 598 4153 utriusque
635 4075 954 4136 amicitiam
982 4076 1280 4137 collaudat
1312 4075 1584 4158 Cyrillus.
1625 4098 1646 4134 α
1685 4076 1928 4138 Accedit

280 4163 354 4223 ad
407 4162 648 4237 Sabam,
714 4163 934 4242 inquit,
990 4165 1230 4244 quidam
1282 4169 1630 4240 monachus,
1686 4166 1928 4228 nomine

285 4255 544 4326 Anthus,
581 4253 670 4313 vir
700 4253 928 4315 amicus
959 4253 1212 4329 virtutis,
1234 4256 1332 4336 qui
1356 4256 1468 4336 ipsi
1494 4275 1729 4336 quoque
1755 4258 1927 4334 longo

285 4353 556 4421 tempore
611 4353 878 4406 versatus
934 4343 1123 4405 fuerat
1177 4365 1310 4406 cum
1370 4365 1586 4424 magno
1648 4345 1924 4407 Theodo-

285 4434 508 4493 sio.....
559 4459 580 4490 ο
648 4432 754 4494 Hic
806 4434 863 4494 in
900 4434 1025 4495 Vita
1063 4434 1266 4496 Latina
1301 4434 1512 4497 Florus
1541 4435 1871 4516 appellatur
1909 4458 1923 4498 ;

293 4547 320 4576 α
354 4520 522 4582 Tunc
558 4523 812 4602 primum
851 4524 1136 4585 divinitus
1182 4525 1279 4586 hic
1309 4525 1496 4587 Sabas
1527 4526 1721 4588 evadit
1754 4535 1926 4586 notus

2008 2043 2210 2104 quam,
2251 2031 2309 2085 et
2332 2023 2703 2102 Anastasius,
2754 2032 3083 2104 praeessent
3128 2022 3655 2105 administrationi,

2006 2131 2103 2173 res
2137 2114 2562 2175 monachorum
2597 2123 2766 2174 erant
2814 2111 3134 2173 admodum
3185 2115 3566 2194 turbulentae,
3600 2125 3662 2179 et

2011 2201 2282 2264 maximis
2309 2202 2682 2280 agitabantur
2712 2202 3016 2264 ﬂuctibus.
3051 2201 3194 2264 Cnm
3223 2205 3281 2265 hi
3304 2224 3469 2286 ergo,
3498 2226 3656 2288 quos

2009 2291 2290 2366 diximus,
2344 2292 2623 2365 Lazarus,
2680 2292 2948 2372 inquam,
3002 2300 3059 2352 et
3112 2291 3486 2374 Anastasius,
3521 2317 3658 2358 mo-

2009 2381 2250 2442 nasticae
2284 2381 2673 2461 perfectionis
2729 2399 2966 2462 parvam
3019 2389 3122 2442 aut
3171 2384 3398 2445 nullam
3453 2405 3656 2448 curam

2009 2480 2310 2549 gererent,
2347 2472 2418 2534 ad
2450 2471 2741 2553 quasdam
2791 2479 2988 2532 autem
3024 2472 3361 2535 mundanas
3393 2493 3566 2540 curas
3598 2483 3658 2536 et

2011 2560 2277 2640 pecuniae
2309 2561 2722 2623 emolumenta
2753 2569 2871 2621 tota
2905 2569 3101 2620 mente
3149 2570 3209 2621 et
3256 2563 3452 2624 anima
3503 2582 3657 2626 con-

2009 2653 2158 2711 versi
2195 2659 2436 2726 essent;
2475 2650 2734 2712 maxime
2763 2669 2897 2711 cum
2933 2651 3286 2712 Anastasius
3332 2659 3472 2714 tunc
3526 2661 3658 2732 post

2007 2740 2310 2802 Zenonem
2345 2740 2708 2820 suscepisset
2740 2739 3083 2818 imperium,
3100 2747 3159 2800 et
3181 2739 3503 2803 schismata
3519 2759 3656 2803 cum

2005 2847 2237 2890 summa
2267 2829 2644 2908 impudentia
2676 2837 2734 2891 et
2760 2828 3000 2890 licentia
3022 2827 3415 2907 loquerentur
3443 2831 3656 2893 adver-

2005 2937 2106 2979 sus
2135 2917 2490 2982 Ecclesiam.
2526 2920 2674 2982 Cum
2709 2928 2848 2980 tunc
2890 2936 3030 2997 ergo
3084 2917 3325 2979 divinus
3361 2916 3655 2983 Salustius

2002 3008 2158 3086 (erat
2189 3016 2385 3070 autem
2413 3009 2466 3069 is
2499 3009 2840 3071 Patriarcha
2865 3007 3504 3088 Hierosolymitamus),
3531 3017 3658 3071 sta-

2007 3097 2216 3158 tuisset
2248 3097 2508 3159 liberare
2533 3098 2746 3159 fratres
2770 3098 2842 3158 ab
2868 3097 2970 3158 illa
2995 3105 3370 3178 tempestate,
3400 3099 3656 3178 primum

1968 3187 2248 3270 ‘quidem
2279 3188 2614 3261 constituit,
2652 3197 2739 3261 ut,
2797 3188 2894 3268 qui
2938 3188 3062 3267 jam
3115 3205 3148 3247 a
3202 3206 3296 3248 me
3343 3188 3540 3250 dictus
3571 3194 3664 3251 est

2008 3277 2348 3340 Marcianus
2382 3278 2469 3339 eis
2503 3286 2812 3357 praeesset,
2848 3287 2904 3339 et
2936 3297 3142 3339 eorum
3177 3279 3660 3359 susciperetrec-

2012 3367 2258 3430 tionem.
2278 3367 2420 3428 Cum
2438 3375 2640 3428 autem
2662 3368 3100 3430 intercessisset
3120 3368 3489 3447 aliquantum
3512 3376 3658 3430 tem¢

2013 3457 2194 3536 poris,
2225 3455 2547 3534 aegrotabat
2573 3457 2815 3536 quidem
2845 3457 3083 3518 divinus
3107 3455 3422 3533 Salustius,
3450 3466 3508 3519 et
3528 3476 3658 3520 cor-

2015 3564 2154 3625 pore
2178 3555 2308 3608 erat
2331 3547 2485 3608 male
2512 3547 2760 3608 affectus
2787 3567 2800 3609 :
2837 3547 2909 3607 ad
2942 3565 3078 3608 eum
3117 3565 3258 3608 vero
3290 3547 3656 3610 conveniunt

2016 3653 2228 3695 omnes
2260 3636 2360 3715 qui
2390 3644 2561 3696 erant
2591 3635 2651 3697 in
2683 3634 3007 3697 solitudine
3041 3655 3054 3698 :
3089 3636 3221 3716 ipse
3249 3641 3447 3698 autem
3480 3655 3652 3698 com-

2016 3732 2177 3785 muni
2209 3725 2488 3802 suffragio
2521 3744 2728 3786 eorum
2758 3729 2858 3805 qui
2886 3724 3064 3784 simul
3086 3734 3513 3800 convenerant,
3535 3735 3656 3790 sta-

2015 3813 2123 3874 iuit
2153 3823 2219 3874 ut
2260 3814 2666 3886 monasteriis,
2703 3833 2839 3894 qua:
2867 3822 3039 3875 erant
3072 3814 3230 3875 circa
3261 3823 3526 3875 sanctam
3559 3814 3652 3876 ci-

2010 3903 2272 3977 vitatem,
2305 3913 2628 3983 praiessent
2658 3901 2844 3966 Sabas
2883 3915 2942 3962 et
2972 3902 3366 3977 Theodosius,
3402 3902 3464 3976 ii,
3499 3921 3652 3981 quos

2012 4011 2272 4072 prmsens
2331 3991 2499 4055 vobis
2553 3993 2813 4054 ostendit
2874 3993 3156 4054 narratio.
3223 3992 3312 4053 Ab
3360 3991 3462 4053 illo
3511 4011 3650 4072 ergo

2014 4091 2280 4160 tempore
2311 4081 2688 4142 Theodosius
2719 4081 2958 4161 quidem
2991 4081 3085 4156 iis,
3121 4082 3223 4161 qui
3253 4084 3653 4145 communiter

2012 4170 2323 4232 vivebant:
2355 4170 2543 4231 Sabas
2569 4179 2768 4232 autem
2813 4171 2910 4244 iis,
2936 4170 3037 4247 qui
3062 4190 3194 4231 cum
3230 4172 3468 4234 nemine
3498 4190 3651 4235 con-

2011 4261 2455 4337 grediebantur,
2513 4269 2570 4320 et
2620 4269 2788 4321 erant
2837 4261 3081 4321 omnino
3139 4260 3420 4340 separati,
3454 4280 3649 4342 praee-

2011 4358 2163 4410 rant.
2199 4374 2220 4404 υ
2259 4348 2869 4430 Subjungiturobitus
2893 4348 3135 4411 Salustii
3160 4361 3218 4409 ut
3248 4349 3297 4410 is
3328 4350 3381 4411 ei
3408 4351 3650 4414 morbus

2011 4438 2278 4499 videatur
2303 4439 2485 4500 fuisse
2521 4438 2738 4500 letalis.
2765 4438 3036 4500 Decessit
3060 4457 3217 4499 anno
3258 4439 3474 4500 Christi
3505 4442 3646 4504 513.

2091 4529 2189 4592 24.
2222 4552 2243 4585 (ι
2274 4531 2420 4590 Cum
2448 4528 2632 4590 Sabas
2653 4548 2685 4590 a
2701 4527 2931 4590 Joanne
2954 4527 3488 4608 llierosolymitano
3510 4549 3652 4608 pon-

290 4613 336 4674 B
396 4610 752 4686 Theodosio,
781 4632 913 4673 cum
961 4617 1046 4675 eis
1078 4615 1149 4674 ad
1181 4616 1332 4676 hanc
1364 4614 1764 4694 cognitionem
1797 4615 1920 4677 An-
1950 4602 2166 4680 Dtiiice
2199 4626 2438 4680 vocatus
2490 4627 2648 4680 esset
2697 4618 2767 4678 ad
2823 4617 3180 4697 convivium,
3215 4602 3653 4694 quoniam'una

292 4704 433 4763 thus
469 4701 717 4781 pulchre
749 4703 1218 4767 intercessisset.
1255 4704 1488 4766 Deinde
1518 4715 1715 4766 antem
1746 4705 1922 4767 etiam

287 4790 672 4851 solitudinem
721 4791 860 4852 facit
907 4793 1113 4866 Sabas,
1170 4802 1224 4854 et
1278 4793 1500 4855 lauram
1550 4793 1610 4854 in
1645 4814 1713 4855 ea
1742 4811 1922 4854 cons-

278 4879 456 4939 tituit.
498 4904 522 4932 ››
560 4882 770 4941 Annus
801 4879 851 4940 is
881 4890 1008 4942 erat
1038 4882 1260 4943 Christi
1293 4883 1434 4946 477.

358 4967 460 5028 2‘2.
502 4993 524 5022 α
565 4969 806 5030 Divinas
834 4968 1022 5032 Sabas
1054 4973 1265 5051 (pergit
1298 4971 1520 5032 ibidem
1557 4970 1842 5050 Cyrillus)
1872 4971 1921 5030 si

277 5075 456 5137 quem
490 5076 556 5118 ex
592 5057 664 5117 iis
691 5058 790 5137 qui
822 5060 1045 5120 mundo
1070 5061 1488 5122 renuntiabant
1511 5060 1923 5140 videietejus-

277 5146 465 5219 modi,
493 5147 587 5206 cui
613 5148 848 5209 scilicet
881 5149 1061 5210 facies
1089 5151 1350 5211 nandum
1385 5160 1543 5211 esset
1574 5157 1728 5211 tecta
1758 5151 1916 5231 pilis,

275 5254 412 5296 cum
449 5235 725 5297 mittebat
757 5237 827 5296 ad
864 5237 1290 5314 Theodosium,
1315 5241 1414 5316 qui
1450 5258 1552 5301 eos
1582 5241 1682 5319 qui
1718 5246 1916 5302 mitte-

275 5324 766 5385 banturlibenter
785 5325 1108 5387 admodum
1135 5328 1462 5408 excipiens,
1493 5329 1770 5390 omnibus
1800 5350 1921 5390 mo-

274 5415 367 5473 dis
399 5415 677 5476 studebat
709 5433 916 5475 eoruin
955 5434 1156 5476 curam
1196 5435 1428 5493 gerere,
1459 5419 1514 5478 ei
1541 5423 1637 5497 qui
1673 5419 1920 5479 miserat

274 5505 643 5578 gratiﬁcans:
674 5512 846 5565 erant
866 5505 1023 5564 enim
1050 5523 1263 5582 magno
1289 5507 1445 5568 inter
1469 5526 1534 5568 se
1553 5526 1758 5568 amore
1781 5527 1922 5569 con-

271 5591 458 5669 juncti
480 5593 716 5653 divinus
739 5593 924 5655 Sabas
946 5607 1003 5654 et
1023 5595 1118 5655 hic
1139 5594 1204 5657 Β.
1229 5596 1604 5657 Theodosius
1631 5616 1643 5659 :
1673 5605 1729 5657 et
1754 5605 1919 5658 uter-

281 5699 394 5760 que
421 5681 675 5745 alterius
703 5683 1052 5744 voluntatem
1079 5684 1434 5764 praeferebat
1464 5685 1752 5748 voluntati
1776 5704 1917 5763 suae,

2008 4713 2179 4768 etiam
2210 4712 2402 4768 aderat
2427 4712 2713 4768 Antonius
2737 4709 3042 4780 episcOpus
3065 4709 3526 4774 Ascalonitanus.
3548 4712 3652 4784 qui

2010 4805 2134 4856 erat
2162 4796 2343 4856 frater
2369 4794 2834 4876 archiepiscopi,
2866 4814 2998 4856 cum
3027 4795 3112 4856 illi
3134 4794 3346 4858 Sabam
3383 4795 3650 4859 medium

2008 4882 2492 4964 intercepissent,
2521 4884 2607 4944 illi
2630 4885 2824 4946 amice
2856 4884 3274 4965 prapinabant,
3303 4894 3360 4947 et
3385 4905 3493 4965 pro
3513 4885 3648 4946 viri-

2009 4972 2118 5034 bus
2142 4992 2276 5034 eum
2305 4973 2630 5035 invitabant
2649 4981 2706 5035 et
2731 4975 3125 5055 accipiebant.
3160 4975 3277 5039 Sed
3301 4994 3496 5056 neque
3517 4993 3648 5038 rur-

2005 5081 2107 5124 sus
2139 5072 2344 5124 sancto
2379 5071 2548 5123 erant
2580 5081 2790 5123 manus
2823 5064 3028 5125 otiosa:
3059 5085 3071 5127 :
3109 5065 3237 5138 sed,
3271 5074 3332 5125 ut
3364 5083 3468 5144 par
3494 5075 3642 5138 erat,

2007 5164 2234 5212 remota
2264 5151 2429 5211 omni
2463 5150 2702 5212 fictione
2747 5160 2806 5212 et
2857 5153 3261 5222 simulatione.
3303 5152 3649 5214 vescebatur

2005 5240 2742 5321 appositisAderatautem
2761 5240 2991 5301 divinus
3013 5241 3636 5321 quoqueTlieodosius

2004 5331 2103 5410 qui
2137 5338 2261 5391 erat
2291 5328 2346 5389 ei
2377 5328 2553 5389 valde
2586 5329 2814 5390 amicus
2838 5339 2894 5391 et
2915 5330 3244 5401 familiaris,
3275 5331 3526 5408 utjama
3552 5349 3647 5391 me

2003 5436 2159 5496 saepe
2187 5417 2410 5478 dictum
2439 5427 2527 5479 est
2559 5437 2574 5476 :
2605 5419 2702 5498 qui
2727 5438 2863 5478 cum
2906 5419 3086 5480 veluti
3112 5418 3406 5498 quoddam
3432 5418 3647 5480 condi-

2007 5505 2490 5577 mentunuvellet
2521 5525 2742 5566 mensa:
2773 5507 3101 5586 speciosam
3137 5505 3392 5586 aliquam
3425 5515 3646 5588 etgra-

2006 5604 2123 5655 tam
2159 5595 2410 5674 injicere
2455 5595 2812 5669 orationem,
2848 5595 3077 5656 urbane
3107 5595 3425 5656 admodum
3462 5604 3519 5657 et
3553 5596 3645 5659 le-

2008 5684 2448 5767 pideinferons
2479 5687 2649 5765 dixit,
2705 5684 2970 5745 divinum
3006 5682 3224 5747 Sabam
3279 5685 3361 5746 ita
3419 5689 3648 5750 esurire
