4094 6196
451 343 567 414 467

1749 308 2031 405 MENSIS
2069 336 2521 402 JANUABIUS.

3704 326 3814 395 468

451 493 519 550 ut
547 503 623 548 ne
648 501 756 547 vos
793 483 1036 565 quidem
1072 479 1271 551 ambo,
1325 477 1543 551 aiebat,
1578 474 1678 556 qui
1712 473 1991 537 sufﬁcitis
2021 473 2094 537 ad
2120 481 2155 531 Α
2181 471 2307 565 tiat,
2341 488 2473 565 quae
2505 466 2818 565 Eutychos,
2865 465 3196 565 Nestorius,
3237 466 3527 565 .Severus,
3564 462 3815 565 et'Sote-

453 584 637 640 totam
685 554 859 636 simul
908 571 1181 634 alendam
1231 554 1630 639 Palaestinam,
1691 567 1928 645 possitis
1960 565 2089 645 ejus
2176 562 2383 623 richus
2419 561 2707 623 Caesareae
2733 556 3126 645 Cappadociae
3155 555 3502 636 episcopus,
3549 554 3626 645 sit
3672 571 3815 616 ana-

456 673 722 730 ventrem
753 663 915 725 alere
938 660 1011 723 ad
1044 661 1402 720 satietatem.
1436 655 1580 717 Tale
1607 664 1661 717 el
1688 663 1801 716 tam
1835 654 2088 717 Validum

454 775 525 818 ac
557 753 867 817 robustum
899 766 1117 827 corpus
1143 750 1212 811 B.
1247 746 1417 810 Sabae
1437 762 1746 825 generosae
1766 745 2099 822 contigerat

454 850 692 909 animae.
728 843 871 904 Erat
902 854 1100 901 autem
1128 856 1359 899 summa
1396 835 1687 897 modestia
1711 834 2014 915 praeditus,
2040 851 2095 895 et

458 931 726 996 moribus
758 930 913 991 lenis
944 947 1011 990 ac
1042 928 1255 989 facilis.
1290 929 1365 989 Et
1392 926 1462 986 ad
1497 943 1630 987 eum
1674 925 1915 1006 quidem
1950 943 2099 985 con-

455 1019 818 1083 veniendum
872 1016 1062 1080 facilis
1112 1017 1342 1099 patebat
1402 1015 1601 1078 aditus
1643 1035 1655 1075 :
1712 1023 1837 1076 erat
1866 1031 2006 1076 vero
2041 1013 2102 1074 in

457 1128 739 1174 sermone
765 1108 1070 1189 jucundus
1099 1116 1156 1169 et
1192 1105 1458 1168 moribus
1487 1103 1728 1186 quidem
1776 1103 2100 1183 simplicis-

457 1202 666 1275 simus,
702 1198 1019 1280 prudentia
1052 1205 1248 1280 autem
1300 1194 1840 1280 constantissimus,
1893 1193 2096 1254 chari-

459 1289 643 1344 tatem
675 1275 794 1341 non
828 1280 1023 1341 ﬁctam
1079 1291 1137 1339 et
1181 1276 1478 1338 sinceram
1518 1275 1675 1355 apud
1712 1292 1921 1335 omnes
1952 1292 2103 1335 con-

459 1388 729 1436 servans.
761 1369 900 1431 Erat
930 1386 1068 1430 vero
1097 1368 1265 1429 valde
1295 1367 1541 1428 affectus
1581 1366 1640 1426 in
1670 1363 2101 1440 Theodosium,

459 1460 611 1523 adeo
667 1467 731 1522 ut
790 1457 1055 1540 quotidie
1108 1457 1178 1518 ad
1232 1475 1295 1518 se
1345 1456 1594 1518 invicem
1631 1455 2010 1533 ventitarelt,
2048 1461 2108 1515 et

2185 651 2410 712 thema.
2448 648 2618 711 Tunc
2646 646 2826 708 sentit
2852 644 2978 707 Dux
3012 644 3306 723 fraudem,
3350 652 3410 704 ct
3458 642 3683 704 veritus
3713 660 3814 722 po-

2186 738 2311 821 puli
2372 754 2732 800 consensum
2796 734 3163 808 unanimem,
3222 734 3364 795 satis
3415 732 3624 794 habuit
3674 738 3721 793 si
3759 749 3817 793 se

2186 828 2532 890 subducens
2564 825 2801 887 silentio
2834 825 3081 903 fugeret,
3116 832 3175 886 et
3203 822 3343 886 abiit
3377 823 3725 886 Caesaream.
3761 841 3785 879 ι

2264 918 2366 979 96.
2418 915 2640 978 Eadem
2693 914 3042 976 referuntur
3088 911 3321 976 actione
3374 917 3393 972 Ι
3463 911 3667 992 synodi
3716 928 3814 981 vu,

2187 1006 2588 1085 oecumenice,
2621 1022 2727 1065 seu
2761 1002 3017 1066 Nicaanae
3058 1020 3120 1084 ιι,
3171 1003 3270 1064 ubi
3316 1011 3562 1063 sanctus
3589 998 3817 1063 Thodo-

2188 1097 2312 1159 sius
2337 1094 2726 1177 praeponitur:
2754 1094 2927 1174 ’Ἑχοδ
2948 1096 3198 1163 Ἰωάννης
3224 1092 3538 1169 μεθ’ἔειυτοῦ
3555 1088 3817 1148 Θεοδὸσιον

2190 1190 2275 1245 καὶ
2310 1185 2547 1262 Σαϐϐαν,
2583 1186 2704 1247 τοὺς
2751 1192 2856 1241 τῶν
2906 1191 3158 1264 μοναχῶν
3202 1183 3514 1261 κορυφαίους
3569 1183 3656 1238 καὶ
3691 1182 3817 1257 ἠγε-

2191 1279 2382 1353 μόνας,
2417 1277 2489 1337 At
2522 1273 2656 1335 Vita
2678 1273 2850 1336 Sabze
2879 1272 3108 1346 Latina,
3138 1281 3271 1353 post
3297 1268 3821 1334 anathematismos

2189 1386 2223 1429 a
2244 1367 2474 1430 Joanne
2504 1363 2845 1444 patriarcha
2878 1362 3316 1442 pronuntiatos,
3349 1361 3592 1423 subdit:
3633 1383 3659 1415 «
3695 1358 3823 1420 Haec

2190 1457 2483 1527 dicentes,
2511 1452 2979 1516 descenderunt.
2998 1451 3341 1532 Iterumque
3357 1450 3544 1513 abbas
3565 1448 3821 1512 Theodo-

460 1551 621 1613 inter
663 1568 728 1611 se
782 1550 856 1610 de
889 1549 1100 1611 virtute
1134 1546 1498 1619 conferrent,
1557 1552 1614 1607 et
1670 1552 1877 1605 essent
1926 1543 2103 1604 ambo

460 1642 652 1703 instar
683 1640 1064 1702 luminarium
1100 1636 1400 1711 omnibus,
1433 1634 1532 1716 qui
1565 1635 1742 1695 vitam
1775 1633 2103 1713 amplecte-
2190 1638 2402 1699 effatus
2434 1642 2523 1696 est
2550 1651 2562 1695 :
2591 1631 2726 1706 Qui,
2752 1631 2969 1712 inquit,
2994 1643 3250 1712 quatuor
3272 1630 3529 1713 synodos
3551 1648 3665 1690 non
3698 1644 3824 1689 sus-

462 1730 684 1793 bantur
731 1729 1145 1790 monasticam.
1182 1727 1296 1791 Sed
1330 1726 1429 1787 ille
1461 1723 1699 1806 quidem
1737 1741 1970 1795 eorum,
2007 1722 2108 1802 qui
2192 1726 2357 1805 cipit,
2394 1725 2547 1785 sicut
2579 1729 2637 1783 et
2669 1730 2922 1802 quatuor
2969 1721 3310 1800 Evangelia,
3364 1720 3442 1781 sit
3497 1718 3821 1780 anathema.

460 1819 639 1881 vitam
673 1817 1034 1881 exercebant
1064 1833 1469 1889 communem;
1505 1813 1602 1875 hic
1630 1820 1857 1885 autem,
1895 1810 2102 1883 Sabas,
2132 1851 2168 1899 Β
2192 1815 2297 1878 His
2328 1816 2407 1875 ita
2436 1810 2693 1893 peractis
2741 1811 2855 1871 dux
2908 1811 3349 1873 multitudinem
3407 1809 3824 1871 monachorum

461 1907 736 1988 inquam,
773 1925 977 1969 eorum
1011 1905 1115 1987 qui
1147 1925 1180 1967 a
1209 1902 1638 1983 congressione
1682 1911 2016 1980 separatam
2052 1907 2110 1961 et
2191 1904 2360 1966 valde
2394 1919 2729 1984 pavescens
2755 1901 2901 1979 fugit
2923 1901 2982 1961 in
3007 1900 3359 1964 Caesaream.
3389 1899 3606 1963 Consul
3639 1906 3823 1988 autem

465 1986 728 2078 quietam
780 1986 1126 2077 susceperat
1170 1996 1609 2075 praefecturam.
1667 1990 1897 2051 Dicitur
1946 2000 2109 2051 certe
2191 1993 2564 2072 (Zacharias,
2597 2010 2783 2072 nepos
2813 1991 3220 2069 imperatoris)
3252 1990 3459 2051 multis
3481 1986 3827 2069 juramentis

462 2084 534 2150 B.
570 2085 783 2149 Sabam
816 2086 1045 2157 urbane
1067 2103 1226 2165 saepe
1258 2084 1480 2146 dixisse
1511 2080 1711 2143 divino
1742 2079 2103 2153 Theodosio,
2193 2103 2260 2145 so
2290 2085 2707 2160 constringens
2739 2080 2820 2141 ita
2849 2080 2924 2141 ad
2957 2080 3339 2143 venerandos
3366 2081 3577 2142 Patres
3607 2078 3826 2138 locutus

464 2175 631 2238 illum
663 2175 902 2258 quidem
940 2194 1289 2256 puerorum,
1325 2193 1389 2235 se
1420 2181 1616 2235 autem
1674 2189 1808 2233 esse
1853 2169 2107 2251 praefec-
2193 2182 2304 2248 est,
2357 2173 2567 2235 dicens
2603 2190 2616 2233 :
2667 2170 2817 2243 Quia
2846 2172 2979 2233 veni
3022 2171 3155 2247 huc,
3215 2190 3332 2232 non
3392 2178 3456 2231 ut
3503 2167 3828 2258 consentire

469 2274 593 2329 tum
627 2254 1043 2347 praefectorum
1078 2282 1092 2327 :
1122 2264 1213 2327 Ὠς
1247 2264 1448 2328 suam;
1482 2264 1579 2339 μὲν
1611 2259 1832 2339 παίδων,
1869 2262 2025 2323 αὐτὸς
2054 2258 2109 2314 δὲ

2200 2266 2414 2327 Severo
2446 2262 2647 2333 velim,
2681 2261 2786 2322 sed
2842 2267 2906 2321 ut
2945 2269 3197 2322 vestram
3248 2258 3588 2342 promereri
3620 2254 3824 2347 possim

467 2344 778 2435 ἡγουμένων
809 2357 1106 2434 inceptam;
1137 2355 1255 2421 εἴη.
1288 2352 1453 2426 Quod
1503 2368 1719 2430 nempe
1749 2348 1907 2410 solos
1941 2348 2108 2409 adul-

2200 2352 2568 2415 societatem.
2603 2350 2727 2415 Hoc
2757 2349 2914 2411 dicto
2949 2349 3165 2412 obtulit
3214 2358 3456 2411 centum
3506 2347 3684 2409 libras
3709 2344 3827 2406 auri

465 2445 692 2521 tos,ille
726 2445 903 2506 etiam
930 2441 1234 2507 imberbes
1263 2452 1321 2505 et
1345 2443 1653 2505 eunuchos
1682 2438 2114 2515 admitteret,ut
2197 2452 2414 2505 sanctae
2469 2440 2951 2520 Resurrectioni,
3008 2449 3333 2517 sanctoque
3382 2436 3664 2501 Calvariaa
3692 2453 3825 2497 cen-

470 2534 547 2599 de
592 2535 686 2597 his
719 2536 873 2596 infra
905 2534 1145 2596 dicitur.
2199 2540 2346 2603 tum,
2382 2542 2440 2595 et
2481 2540 2702 2592 sanctae
2755 2529 2930 2592 Cruci
2972 2539 3232 2593 centum.
3267 2528 3525 2608 Insuper
3559 2536 3745 2588 autem
3776 2531 3829 2584 et

555 2649 585 2680 α
620 2626 719 2689 25.
754 2622 883 2687 Νοη
918 2625 1115 2685 minor
1144 2622 1483 2686 animorum
1517 2622 1867 2701 conjunctio
1898 2622 1959 2682 in
1991 2620 2108 2683 ﬁde
2198 2631 2434 2685 centum
2499 2619 2825 2681 venerabili
2875 2618 3240 2693 Theodosio,
3295 2627 3623 2697 sanctoque
3679 2616 3826 2679 Patri

471 2714 779 2779 Catholica
806 2722 1014 2775 contra
1062 2714 1480 2776 haereticorum
1529 2711 1644 2773 vim
1680 2711 2111 2793 propugnanda
2194 2722 2397 2776 nostro
2444 2713 2608 2778 Sabae
2649 2712 2795 2773 alias
2823 2711 2946 2774 aari
2986 2711 3168 2773 libras
3215 2712 3484 2787 centum,
3532 2710 3604 2772 ad
3635 2709 3824 2770 distri-

470 2803 739 2865 emicuit.
797 2801 887 2864 Ita
943 2821 1077 2864 cum
1139 2800 1455 2882 praedictus
1504 2803 1762 2863 Joannes
1810 2801 1871 2861 in
1903 2800 2109 2862 sedem
2197 2804 2497 2866 buendum
2530 2802 2623 2863 his
2654 2801 2755 2882 qui
2789 2820 2894 2882 per
2929 2801 3236 2881 regionem
3288 2809 3459 2863 erant
3513 2798 3825 2870 monachis,

470 2891 1103 2972 Hierosolymitanam,
1143 2892 1311 2971 pulso
1360 2890 1509 2969 Elia,
1545 2899 1705 2951 esset
1734 2888 1807 2950 ab
1842 2888 2112 2968 Olympio
2197 2892 2384 2954 dedit.
2422 2890 2752 2970 Imperator
2779 2900 2975 2951 autem
3021 2890 3369 2953 Anastasius
3406 2892 3548 2952 dum
3580 2889 3829 2950 audisset

471 2979 827 3042 Caesariensi
881 2980 1181 3055 intrusus,
1250 2979 1407 3060 quod
1467 2976 1670 3040 Severi
1727 2986 2115 3057 suscepturus
2203 3001 2333 3063 qua:
2368 2982 2520 3044 facta
2551 2981 2789 3042 fuerant
2820 2980 3268 3061 Hierosolymis,
3301 2981 3580 3061 cogitavit
3612 2985 3668 3041 et
3694 2996 3828 3041 con-

477 3069 966 3132 communionem
1013 3067 1342 3142 videretur,
1376 3067 1737 3129 anathemati
1787 3086 1923 3129 vero
1971 3066 2116 3129 sub-
2205 3072 2405 3134 silium
2439 3071 2596 3144 iniit,
2631 3078 2693 3132 ut
2718 3070 3237 3152 archiepiscopum
3264 3072 3555 3134 Joannem
3581 3069 3829 3133 etTheo-

468 3159 740 3241 jecturus
759 3158 1045 3238 synodum
1067 3156 1645 3227 Chalcedonensem,
1671 3164 1791 3218 tum
1818 3161 1887 3221 B.
1908 3156 2115 3232 Sabas,
2204 3162 2460 3236 dosium,
2493 3159 2830 3242 Sabamque
2858 3158 3065 3222 exsilio
3098 3159 3549 3224 condemnaret.
3589 3186 3611 3218 ι)

473 3247 573 3311 cui
596 3255 867 3309 sanctum
892 3244 1294 3308 Theodosium
1319 3244 1545 3307 socium
1570 3243 1755 3307 fuisse
1782 3264 1912 3308 mox
1933 3255 2115 3328 patet,
2137 3267 2176 3318 c
2280 3250 2378 3313 97.
2414 3252 2667 3315 Demum
2697 3250 3004 3331 utriusque
3024 3249 3344 3313 amicitiam
3370 3259 3432 3313 et
3452 3249 3826 3313 monasterio-

474 3343 780 3418 assumpto
803 3353 979 3398 sacro
1009 3335 1441 3397 monachorum
1467 3336 1752 3411 exercitu,
1796 3358 1823 3395 ι
1855 3338 1914 3397 in
1948 3339 2122 3400 Joan-
2203 3359 2334 3403 rnm
2374 3340 2880 3422 prepinquitatem
2908 3339 3173 3401 indicant
3194 3340 3337 3401 varii
3359 3341 3437 3402 ab
3458 3360 3573 3402 uno
3589 3340 3658 3402 ad
3682 3337 3823 3401 aliud

2190 1547 2337 1620 sius,
2372 1544 2443 1607 ad
2481 1544 2765 1625 populum
2801 1559 3149 1617 conversus,
3176 1560 3390 1618 magna
3414 1559 3549 1602 cum
3584 1556 3718 1601 voce
3746 1538 3826 1598 sic

472 3444 613 3489 nem
648 3425 941 3502 indicens,
972 3443 1189 3486 novum
1220 3424 1623 3504 patriarcham
1657 3426 2029 3501 testiﬁcatur,
2064 3437 2122 3491 et

474 3514 814 3589 denuntiat,
874 3534 949 3577 ne
999 3516 1285 3576 Severum
1328 3514 1600 3577 admittat
1632 3515 1692 3576 in
1743 3525 2117 3578 communio-

475 3623 638 3682 nem,
675 3604 780 3668 sed
814 3613 1053 3668 tueatur
1083 3604 1280 3686 potius
1324 3604 1612 3684 synodum
1663 3606 2117 3669 Chalcedonen-

478 3714 632 3770 sem,
666 3703 725 3757 et
765 3713 872 3777 pro
904 3713 973 3757 ea
1002 3694 1072 3757 ad
1108 3692 1459 3774 sanguinem
1491 3714 1679 3776 usque
1726 3696 2116 3776 periclitetur.

476 3783 645 3858 Quod
679 3783 920 3865 quidem
952 3783 1091 3846 facit
1122 3782 1247 3857 ille,
1282 3784 1571 3845 reveritus
1611 3783 1853 3847 Patrum
1886 3794 2117 3865 protes-

475 3874 786 3950 tationem,
816 3873 1058 3936 omnino
1082 3874 1303 3936 oblitus
1325 3883 1745 3937 conventorum
1771 3894 1903 3937 cum
1929 3873 2124 3955 Olym-

475 3964 601 4047 pio.
642 3990 670 4021 π
706 3963 935 4026 Deinde
966 3984 1000 4025 a
1044 3962 1344 4025 submisso
1392 3964 1708 4026 Anastasio
1761 3965 1914 4026 duce
1962 3965 2122 4025 varie

477 4054 829 4131 exagitatus,
867 4056 923 4114 in
958 4053 1178 4133 templo
1228 4052 1290 4115 S.
1349 4053 1635 4134 Stephani
1669 4063 1871 4128 caute,
1910 4062 2123 4134 praeter

478 4142 649 4205 ducis
681 4143 989 4223 praesentis
1015 4142 1387 4224 opinionem,
1412 4144 1589 4206 ﬁdem
1615 4144 1963 4208 catholicam
1992 4162 2119 4223 pro-

478 4232 702 4293 ﬁtetur.
741 4256 767 4286 (ί
801 4230 1078 4292 Protinus
1106 4251 1246 4310 ergo
1269 4233 1538 4293 ascendit
1570 4242 1908 4313 suggestum
1932 4232 2118 4295 Joan-

477 4338 589 4383 nes
616 4327 863 4400 utraque
898 4338 1074 4381 manu
1108 4329 1320 4382 tenens
1360 4320 1574 4384 Sabam
1610 4331 1669 4384 et
1714 4322 2119 4384 Theodosium

479 4408 717 4491 pietatis
751 4418 1243 4490 propugnatores.
1294 4414 1437 4474 Cum
1472 4429 1536 4472 se
1566 4421 1767 4474 autem
1800 4411 2117 4473 sustinuis-

478 4505 571 4560 set
602 4498 1059 4580 aliquantulum,
1095 4499 1256 4562 visus
1304 4508 1396 4563 est
1444 4500 1664 4562 sensim
1711 4508 2119 4563 susurrantem

2206 3430 2535 3493 transmissi
2573 3430 2874 3491 monachi.
2902 3428 2985 3490 Ita
3011 3429 3272 3510 quidam.
3298 3429 3560 3493 Jacobus
3582 3429 3824 3507 nomine,

2205 3519 2280 3581 ob
2311 3523 2399 3581 sui
2431 3537 2499 3583 ex
2537 3528 2900 3600 praepostero
2935 3518 3063 3581 zelo
3096 3520 3515 3582 castratio..em
3547 3539 3579 3582 a
3608 3519 3750 3582 Saba
3778 3525 3827 3579 et

2206 3615 2563 3670 monasterio
2597 3608 2904 3689 expulsus,
2940 3606 3000 3671 S.
3034 3608 3370 3671 Theodosio
3404 3610 3825 3681 intercedente,

2206 3707 2484 3778 receptus
2512 3706 2623 3772 est,
2660 3698 2732 3758 ad
2763 3715 2937 3777 quem
2970 3716 3102 3759 cum
3125 3700 3330 3777 jussus
3360 3699 3569 3762 fuisset
3598 3698 3827 3759 descen-

2205 3790 2374 3864 dere,
2408 3807 2665 3868 eumque
2697 3788 3035 3863 salutasset,
3072 3790 3167 3869 pie
3191 3788 3572 3851 obdormivit.
3609 3789 3828 3868 Aphro-

2206 3878 2420 3939 disium
2445 3879 2619 3941 etiam
2650 3877 2993 3957 quemdam,
3021 3897 3054 3940 a
3074 3888 3281 3939 sancto
3303 3878 3662 3959 Theodosio,
3689 3876 3829 3959 quod

2208 3968 2429 4029 mulum
2458 3984 2652 4047 pugno
2674 3965 3105 4041 interemisset,
3141 3967 3479 4048 expulsum,
3515 3970 3576 4031 in
3609 3983 3829 4030 monas-

2206 4058 2421 4119 terium
2456 4074 2629 4116 suum
2691 4056 2929 4136 excepit
2977 4063 3220 4119 sanctus
3249 4056 3458 4135 Sabas,
3496 4060 3667 4140 eique
3696 4074 3827 4117 con-

2204 4145 2379 4207 cessit
2405 4154 2541 4205 ante
2564 4152 2815 4206 mortem
2849 4145 3225 4207 descendere
3249 4147 3321 4207 ad
3349 4157 3616 4211 sanctum
3648 4146 3825 4209 Theo-

2203 4235 2434 4296 dosium
2467 4243 2529 4295 ut
2557 4242 2630 4296 ab
2661 4253 2731 4295 eo
2762 4236 3180 4297 remissionem
3231 4246 3715 4318 consequeretur.
3748 4230 3824 4293 Ad

2204 4325 2329 4387 haec
2362 4325 2418 4387 S.
2458 4323 2663 4401 Sabas,
2700 4342 2833 4385 cum
2889 4343 2958 4386 ex
3012 4325 3134 4386 suis
3193 4328 3503 4389 monachis
3537 4328 3705 4394 duos,
3736 4319 3825 4402 qui

2203 4414 2264 4475 in
2296 4412 2485 4475 Turre
2517 4414 3014 4475 monasteriorum
3047 4414 3119 4475 ab
3170 4413 3432 4479 Eudocia
3467 4412 3825 4497 impcratrice

2205 4503 2493 4566 aediﬁcata
2540 4502 2907 4576 habitabant,
2971 4505 3030 4564 in
3091 4505 3506 4568 Nestorianam
3567 4506 3822 4568 haeresim

478 4587 689 4650 audire
719 4588 2510 4674 multitudinem,etdicentem.oportereferireoprolapsos
2562 4592 2943 4669 intelligeret,
3008 4595 3095 4654 eis
3163 4593 3360 4656 locum
3430 4596 3489 4657 in
3550 4599 3821 4657 conventu

477 4677 855 4740 anathemate
889 4696 994 4740 eos
1024 4678 1126 4759 qui
1160 4698 1278 4740 non
1308 4687 1471 4741 recte
1501 4681 1785 4743 sentiunt.
1819 4681 1943 4742 Hec
1972 4698 2116 4759 ergo

478 4765 582 4829 ille
613 4785 747 4829 cum
799 4775 1072 4848 tanquam
1110 4768 1375 4830 divinum
1407 4768 1642 4849 aliquod
1674 4768 1908 4849 signum
1940 4788 2115 4832 acce-

480 4856 688 4937 pisset,
722 4864 779 4918 et
808 4875 912 4919 cor
944 4857 1250 4921 habuisset
1295 4860 1588 4940 repletum
1637 4858 1907 4935 audacia,
1941 4878 2119 4921 unam

481 4945 696 5010 emittit
724 4965 929 5010 vocem
963 4967 1096 5011 cum
1130 4949 1507 5012 multitudine
1541 4967 1554 5012 :
1591 4948 1641 5011 si
1687 4949 1821 5030 quis
1869 4969 1937 5013 ea
1977 4969 2120 5012 sen-

2200 4683 2388 4743 sancti
2416 4682 2738 4745 Theodosii
2769 4682 3066 4763 impetrat,
3118 4691 3176 4747 et
3207 4704 3383 4766 quem
3418 4684 3629 4746 Turris
3660 4698 3820 4744 cura.

2202 4772 2349 4832 tioni
2383 4772 2731 4852 praeﬁceret,
2788 4771 3078 4836 Joannem
3131 4775 3539 4856 Bysantinum,
3577 4769 3822 4835 moribus

2204 4875 2264 4924 et
2295 4861 2565 4923 doctrina
2598 4861 3021 4927 excellentem.
