4062 6194
354 300 469 365 471
1644 306 1804 368 ΜΕΝ
1813 305 1925 368 SIS
1988 307 2019 367 J

2108 304 2445 367 lUARIUS.
2866 330 2873 335 ·
3618 299 3743 365 472

352 435 673 518 carissimi,
706 454 842 500 eum
878 445 1106 520 patrem
1162 437 1372 500 habuit
1400 436 1796 519 spiritualem,
1831 441 2004 519 cujus

2108 440 2374 519 εῦρομὲνη,
2420 445 2604 497 τοῦτον
2648 439 2778 519 ἔσχε
2823 437 3027 517 πατέρα
3083 438 3461 514 πνευματικὸν,
3524 437 3585 493 οὗ
3625 438 3745 512 μή-

357 526 491 609 ipsa
519 527 712 589 fuerat
738 537 928 590 mater
968 526 1297 590 secundum
1330 546 1570 591 carnem
1601 549 1615 589 :
1652 548 1758 610 pro
1792 527 2010 592 carnali

2108 532 2194 609 τήρ
2251 529 2384 597 αὐτὴ
2438 531 2498 586 τὸ
2542 528 2678 586 κατᾶ
2733 529 2901 607 σάρκα
2956 528 3197 608 γέγονεν,
3243 524 3596 585 ἀντιλαϐοὖσα
3635 547 3742 583 κα-

360 616 747 697 generatione
806 626 969 678 recte
1026 617 1328 696 accipiens
1385 610 1780 700 spiritualem,
1830 638 2009 699 rege-

2108 625 2200 683 Κῶς
2255 620 2553 696 γεννήσεως
2614 618 2869 696 σαρκικῆς
2944 618 3310 693 πνευματικὴν
3366 617 3742 695 ἀναγέινησιν.

359 706 752 769 nerationem.
787 704 856 766 Et
885 706 933 766 si
987 704 1230 768 difﬁcile
1261 714 1351 768 est
1384 707 1527 783 ﬁlio,
1560 707 1766 787 dignas
1798 710 2011 789 gratias

2108 710 2194 767 Καὶ
2250 711 2294 764 εἷ
2323 708 2560 786 γονεῦσιν
2618 706 2761 773 ἀξίας
2821 705 3104 765 ἀποδοῦναι
3155 708 3381 787 χάριτας
3412 709 3507 781 υἱῷ
3565 705 3745 787 χαλε-

359 794 588 856 ret‘erre
620 792 991 874 parentibus,
1029 795 1132 876 qui
1164 804 1229 857 ut
1281 795 1357 857 sit
1388 805 1523 857 sunt
1565 804 1875 871 auctores;
1909 818 2015 862 cur

359 900 482 944 non
513 881 611 944 hic
641 900 879 963 quoque
911 892 1002 945 est
1022 885 1318 968 superior,
1353 886 1449 966 qui
1479 885 1590 949 fuit
1618 905 1794 949 causa
1816 889 2007 963 matri,

357 980 422 1034 ut
448 970 603 1035 bene
633 979 844 1035 esset?

439 1060 502 1123 3.
555 1061 641 1123 Ex
670 1061 761 1124 bis
824 1080 964 1142 ergo
1016 1063 1116 1125 ille
1176 1072 1364 1138 ortus,
1400 1082 1693 1143 generosa
1727 1074 1785 1127 et
1844 1065 2017 1128 beata

361 1149 585 1231 planta,
611 1152 707 1234 pie
736 1170 806 1216 ac
837 1153 1119 1232 religiose
1168 1154 1431 1217 nutritur
1461 1163 1518 1216 et
1542 1163 1807 1235 augetur,
1837 1155 2016 1217 simul

358 1240 716 1323 incorporea
746 1250 807 1304 et
833 1243 1085 1322 spiritali
1116 1251 1309 1319 aetate,
1345 1253 1402 1306 et
1433 1246 1734 1325 quomodo
1770 1244 2014 1306 omnino

361 1331 673 1413 oportebat
697 1333 968 1415 eum,qui
988 1352 1059 1396 ex
1078 1333 1296 1397 talibus
1309 1334 1551 1414 quidem
1576 1346 1738 1397 esset
1756 1335 2017 1407 natus,el

366 1421 500 1484 talis
531 1441 765 1505 quoque
788 1431 948 1486 esset
979 1441 1285 1487 evasurus.
1322 1425 1467 1486 Cum
1501 1432 1697 1486 autem
1732 1443 1862 1488 eam
1889 1425 2014 1504 jam

362 1512 680 1591 attingeret
699 1520 1099 1592 mtatem,quze
1117 1513 1389 1594 providet
1410 1521 1469 1576 et
1500 1513 2013 1589 discernit,statim

365 1601 644 1677 ostendit,
672 1602 744 1664 ad
769 1621 1035 1684 quaenam
1069 1612 1225 1665 esset
1248 1603 1377 1683 ejus
1401 1622 1733 1685 propensus
1753 1605 2012 1675 animus,

2096 800 2197 854 πον
2255 812 2371 862 τοῖς
2424 805 2516 855 τοῦ
2563 799 2706 855 εἶναι
2768 798 2975 876 αἰτίοις,
3010 801 3124 859 πῶς
3185 797 3308 875 οὐχὶ
3332 795 3534 872 μᾶλλον
3593 798 3747 859 οὗτος

2096 890 2181 944 καί
2249 885 2593 967 ὑπερέϐαλεν,
2648 886 2822 951 α’ίτιος
2883 893 2974 943 τοῦ
3045 885 3100 942 εὖ
3173 886 3316 943 εἶναι
3371 887 3532 962 μητρὶ
3585 885 3749 965 γενό-

2096 1001 2256 1056 μενος
2286 1000 2302 1059 ς

2181 1070 2264 1148 γ’.
2326 1070 2421 1128 Ἐκ
2449 1070 2702 1127 τοιούτων
2746 1071 2831 1126 οὖν
2865 1067 3135 1147 προελθὼν
3181 1067 3410 1141 ἐκεῖνος,
3442 1068 3531 1124 καὶ
3587 1071 3744 1145 εὖγε-

2099 1161 2183 1223 νὲς
2237 1161 2397 1241 φυτὸν
2444 1161 2529 1216 καὶ
2563 1160 2846 1237 μακάριον,
2880 1158 3128 1237 τρέφεταί
3179 1179 3233 1214 τε
3283 1155 3604 1235 φιλευσεϐῶς
3648 1156 3744 1214 καὶ

2097 1249 2302 1314 αὔξεται
2362 1250 2459 1317 τὴν
2521 1251 2835 1323 σωματικὴν
2893 1249 3005 1323 ἅμα
3079 1249 3166 1304 καὶ
3228 1249 3322 1315 τὴν
3381 1247 3745 1322 πνευματικήν

2097 1338 2331 1413 ἡλικίαν,
2393 1340 2479 1395 καὶ
2536 1338 2716 1415 ὥσπερ
2777 1336 2877 1394 ἔδει
2944 1338 3154 1402 πάντως
3210 1337 3302 1391 τὸν
3355 1344 3590 1394 τοιοῦτον
3648 1337 3749 1411 μὲν

2097 1429 2284 1506 φύντα,
2335 1438 2571 1487 τοιοῦτον
2621 1426 2676 1483 δὲ
2742 1428 2844 1507 ἄρα
2898 1429 2985 1485 καὶ
3040 1424 3402 1495 ἁποϐησεσθαι
3460 1425 3748 1499 μέλλοντα.

2099 1517 2241 1585 ’Ἤδη
2299 1516 2353 1573 δὲ
2411 1517 2707 1596 φρονούσης
2758 1518 3056 1592 ἁπτόμενος
3107 1514 3340 1594 ἡλικίας,
3389 1517 3531 1578 εὐθὺς
3587 1513 3752 1584 δῆλος

2098 1606 2350 1684 κατέστη,
2386 1606 2489 1662 ποῦ
2546 1607 2634 1661 καὶ
2690 1607 2824 1662 τίσιν
2869 1604 3073 1669 ἐκεῖνος
3117 1607 3218 1673 τὴν
3265 1610 3363 1672 τῆς
3418 1610 3601 1686 ψυχῆς
3655 1606 3755 1683 ῥο-

3720 1695 3741 1713 ἢ

368 1710 486 1753 non
510 1709 716 1755 amans
741 1692 1164 1774 pecunias.non
1189 1712 1590 1775 corpora,quae
1617 1693 1856 1775 quidem
1882 1702 2019 1755 sunt

2108 1698 2209 1763 πὴν
2271 1694 2501 1771 δίδωσιν,
2549 1695 2609 1750 οὗ
2658 1696 2953 1775 χρημάτων
3000 1694 3249 1774 ἐραστὴς³
3285 1698 3344 1753 οὔ
3399 1698 3661 1771 σωμάτων
3719 1695 3754 1750 ἃ

366 1780 791 1844 exsultationes
812 1790 868 1843 et
888 1782 1156 1860 germina
1172 1801 1289 1843 non
1304 1800 1611 1862 generosae
1630 1791 1689 1844 et
1710 1802 1827 1844 non
1852 1794 2018 1845 recte

368 1869 600 1934 eductae
616 1872 973 1951 juventutis;
1008 1880 1286 1953 tanquam
1321 1871 1524 1949 equini
1558 1871 1704 1952 pulli
1724 1871 1824 1954 qui
1848 1874 2017 1934 freno

367 1961 619 2024 minime
635 1961 914 2037 assuevit,
948 1970 1006 2023 et
1028 1970 1222 2034 terrae,
1251 1960 1346 2022 cui
1371 1978 1488 2022 non
1516 1960 1784 2039 obtigere
1808 1980 2019 2023 manus

302 2124 305 2127 _
371 2059 430 2113 et
462 2050 700 2113 labores
729 2051 1042 2131 agricola}:
1076 2050 1182 2111 sed
1210 2050 1341 2111 vitae
1371 2049 1800 2131 philosophicas
1817 2068 2021 2113 amore

367 2140 731 2224 parturiens,
768 2149 826 2202 et
854 2141 982 2204 loca
1011 2147 1213 2201 sancta
1255 2139 1460 2203 videre
1489 2140 1762 2220 cupiens,
1797 2140 1859 2201 in
1889 2145 2019 2219 qui-

364 2231 479 2295 bus
509 2231 775 2293 omnium
804 2229 997 2310 opifex
1030 2238 1088 2291 et
1118 2229 1296 2303 Deus,
1331 2231 1433 2291 toti
1460 2229 1682 2292 mundo
1725 2228 2019 2292 salutares

370 2320 654 2384 sustinuit
684 2321 1014 2399 passiones,
1041 2320 1148 2381 has
1174 2317 1335 2400 ipsas
1373 2318 1593 2381 Christi
1617 2319 1820 2401 utique
1842 2337 2017 2381 reve-

2103 1787 2179 1860 μὴ
2238 1787 2481 1862 εὐγενοῦς
2538 1785 2704 1858 ἐστιν,
2737 1783 2874 1861 μηδὲ
2935 1784 3115 1849 καλῶς
3164 1786 3496 1865 ἀνοιγομένης
3552 1785 3753 1851 νεότη-

2101 1896 2191 1941 τος
2249 1876 2586 1953 σκιρτήματα
2640 1877 2727 1931 καὶ
2783 1875 3163 1950 βλαστήματα,
3209 1876 3388 1949 ὥσπερ
3437 1873 3619 1932 πώλου
3674 1875 3754 1950 μὴ

2102 1965 2233 2039 πρὸς
2297 1962 2518 2043 χαλινὸν
2572 1963 2915 2034 ἂσκηθέντος,
2963 1965 3054 2020 καὶ
3111 1969 3212 2043 γῆς
3273 1970 3582 2043 γεωργικῶν
3624 1985 3759 2043 χει-

2103 2054 2207 2128 ρῶν
2252 2050 2347 2109 καί
2390 2052 2567 2109 πόνων
2621 2054 2681 2109 οὔ
2710 2053 3105 2133 τυγχανούσης·
3164 2053 3303 2110 ἀλλὰ
3360 2053 3533 2131 ἔρωτα
3592 2052 3757 2131 φιλο-

2102 2143 2264 2221 σόφου
2321 2142 2461 2213 ζωῆς
2522 2139 2824 2215 ὡδυνήσας,
2855 2146 2942 2198 καὶ
3002 2144 3195 2207 τόπους
3253 2144 3430 2221 ἁγίους
3490 2142 3764 2217 ἐπιθυμή-

2102 2253 2198 2295 σας
2251 2229 2405 2303 ἰδεῖν,
2443 2231 2499 2287 ἐν
2542 2231 2629 2294 οἷς
2664 2233 2691 2287 ὁ
2753 2232 2969 2288 πάντων
3012 2230 3334 2311 δημιουργὸς
3376 2233 3462 2288 καὶ
3522 2232 3650 2291 Θεὸς
3694 2231 3765 2286 τὰ

2102 2324 2298 2385 παντὸς
2372 2322 2573 2396 κόσμου
2646 2322 2883 2399 σωτήρια
2955 2320 3203 2398 ὑπέμεινε
3275 2322 3440 2394 πάθη,
3507 2320 3636 2380 αὒτὰ
3689 2317 3759 2387 δὴ

370 2410 521 2474 ritus
556 2410 888 2493 passiones,
923 2410 973 2470 si
1002 2408 1135 2472 illas
1181 2409 1312 2489 ipse
1346 2417 1462 2472 tam
1497 2409 1657 2489 parvi
1686 2409 1929 2483 faceret,
1961 2417 2022 2470 ut

2108 2419 2265 2468 ταῦτα
2344 2412 2402 2468 τὰ
2456 2419 2683 2490 Χριστοῦ
2752 2412 2895 2478 πάθη
2956 2409 3309 2485 δκισωπηθεὶς,
3370 2409 3525 2489 εἴπερ
3597 2408 3759 2472 αὖτὸς

371 2509 616 2584 propter
632 2500 904 2581 corporis
927 2498 1191 2562 laborem
1224 2497 1447 2560 cedens
1469 2499 1591 2561 otio
1616 2517 1683 2561 ac
1705 2497 2019 2575 socordiae,

2108 2502 2285 2559 ἐκεῖνα
2345 2502 2463 2579 περὶ
2519 2499 2809 2579 ἐλαχίστου
2874 2502 2988 2568 θείη
3039 2501 3201 2558 πόνου
3258 2512 3585 2575 σωματικοῦ,
3618 2498 3762 2555 ὥστε

370 2589 442 2655 ad
468 2599 672 2653 sancta
693 2590 793 2652 illa
816 2592 944 2651 loca
968 2607 1086 2651 non
1110 2593 1658 2671 veniret:praeterea
1685 2597 1883 2651 autem
1915 2608 2020 2650 vo-

2108 2591 2183 2666 μὴ
2239 2590 2431 2655 τόπους
2483 2590 2709 2652 ἐκείνους
2766 2590 2886 2653 τούς
2948 2591 3126 2668 ἁγίους
3184 2588 3534 2668 καταλαϐεῖν,
3567 2588 3643 2644 ἔτι
3702 2585 3759 2642 δὲ

374 2681 507 2743 lens
540 2679 716 2742 etiam
748 2679 1024 2759 accipere
1055 2677 1828 2758 solitudinem,adjutricem
1859 2697 2022 2757 egre-

2108 2682 2199 2737 καί
2240 2683 2339 2745 τὴν
2370 2680 2594 2756 ἐρημίαν
2647 2678 2818 2747 καλὴν
2850 2681 3097 2758 συνεργὸν
3143 2680 3216 2742 εἷς
3280 2678 3594 2759 φιλοσοφίαν
3650 2675 3758 2733 λα-

375 2772 529 2849 giam
548 2769 620 2831 ad
646 2768 1114 2851 philosophiam,
1140 2775 1199 2829 et
1218 2766 1497 2846 amplecti
1520 2767 1696 2829 vitam
1725 2767 1900 2849 plane
1917 2786 2021 2829 so-

2108 2770 2223 2827 ϐεϊν
2298 2770 2648 2849 βουλόμενος,
2710 2772 2799 2827 καὶ
2875 2771 2967 2828 τόν
3039 2771 3272 2849 ἂκρικῶς
3332 2768 3617 2843 μοναδικὸν
3668 2768 3764 2824 καὶ

368 2859 623 2922 litariam
675 2866 737 2920 et
766 2857 1053 2938 quietam.
1086 2854 1214 2917 Non
1246 2856 1404 2918 enim
1466 2855 1744 2936 cupiebat
1778 2876 2017 2932 nomen,

2108 2861 2328 2940 ἡσύχιον
2399 2860 2734 2919 ἀσπασάσθαι
2791 2861 2929 2937 βίον.
2983 2858 3112 2918 Οὒδὲ
3172 2861 3273 2938 γὰρ
3342 2859 3591 2933 ἐπεθύμει
3630 2857 3760 2913 δνό-

369 2949 530 3031 quod
562 2966 716 3027 eam,
751 2965 882 3028 quae
914 2954 1002 3007 est
1050 2945 1109 3006 in
1141 2947 1348 3020 rebus,
1376 2944 1660 3008 mentitur
1688 2943 2016 3009 veritatem.

2108 2972 2272 3025 ματος
2328 2950 2427 3016 τὴν
2456 2950 2510 3006 ἐν
2568 2963 2686 3014 τοῖς
2736 2950 3044 3030 πράγμασιν
3101 2948 3353 3019 ἀλήθειαν
3406 2946 3755 3025 ψευδομένω·

370 3038 651 3113 Quaenam
697 3044 895 3099 autem
929 3034 1106 3097 fuerit
1133 3034 1189 3096 ei
1251 3035 1481 3096 occasio
1512 3035 1688 3115 hujus
1737 3054 2022 3118 peragra-

2108 3040 2263 3096 πόθὲν
2322 3038 2375 3095 δὲ
2403 3039 2500 3106 τῆς
2558 3037 2860 3115 ἀποδημίας
2896 3039 3091 3107 ταύτης
3123 3039 3254 3119 ἔσχε
3310 3039 3404 3103 τὰς
3438 3037 3680 3118 ἀφορμὰς
3728 3038 3759 3092 ὁ

370 3129 574 3200 tionis,
610 3126 731 3192 vult
753 3128 876 3208 jam
912 3124 1187 3207 persequi
1218 3121 1430 3187 oratio.

2108 3128 2263 3206 λόγος
2295 3127 2398 3196 ἤδη
2430 3127 2655 3186 διελθεῖν
2684 3128 2954 3205 βούλεται,

451 3221 516 3281 4.
564 3218 785 3281 Dexter
813 3223 941 3280 erat
969 3214 1040 3277 ad
1099 3213 1332 3277 divinas
1365 3213 1647 3293 legendas
1697 3216 2022 3296 scripturas

2186 3217 2259 3278 δ’.
2343 3216 2521 3285 Δεξιὸς
2581 3219 2712 3297 πρὸς
2772 3219 3071 3297 ἀνάγνωσιν
3135 3220 3240 3275 τῶν
3299 3218 3450 3275 θείων
3512 3222 3757 3297 Γραφῶν,

371 3308 690 3390 praeclarus
710 3303 1167 3380 Theodosius,si
1192 3304 1353 3367 ullus
1372 3301 1845 3368 alius.Libenter
1862 3306 2020 3368 enim

368 3396 876 3470 audiebatur,non
899 3393 1089 3456 solum
1115 3393 1270 3473 quod
1296 3394 1407 3456 hac
1431 3394 1490 3455 in
1506 3411 1572 3455 re
1592 3392 1840 3473 pulchre
1865 3403 2026 3458 esset

373 3486 667 3561 eruditus,
701 3483 808 3546 sed
842 3483 1047 3563 etiam,
1080 3482 1239 3563 quod
1271 3500 1411 3545 acre
1441 3481 1720 3562 injiceret
1747 3482 2025 3545 omnibus

373 3574 833 3648 desiderium,et
852 3591 921 3634 ex
946 3590 1177 3634 morum
1207 3572 1622 3634 moderatione
1641 3579 1697 3633 et
1728 3591 2024 3634 verecun-

373 3662 615 3746 dia,qua
638 3661 784 3725 nihil
803 3661 964 3725 aliud
990 3661 1177 3740 magis
1204 3660 1378 3723 decet
1392 3661 1668 3741 juvenes.
1706 3660 2026 3743 Propterea

372 3770 513 3834 ergo
554 3752 611 3816 ei
639 3752 984 3816 mandatum
1018 3750 1235 3826 fuerat,
1275 3758 1338 3811 ut
1390 3768 1591 3812 sacros
1623 3749 1809 3813 libros
1858 3750 2022 3832 lege-

370 3851 467 3906 ret
521 3843 759 3925 populo.
799 3843 959 3916 Quos
991 3839 1232 3921 quidem
1294 3838 1588 3901 concinne
1619 3846 1677 3900 et
1709 3839 2027 3919 diligenter

371 3933 597 4014 legens,
631 3950 767 3996 eum
822 3928 1138 4013 aliquando
1170 3928 1412 4010 quidem
1470 3929 1656 3991 Deum
1691 3927 2026 3992 Abrahamo

2107 3306 2260 3386 εἴπερ
2344 3330 2424 3371 τις
2494 3307 2694 3386 ἕτερος,
2765 3310 2792 3364 ὁ
2883 3306 3045 3371 καλὸς
3123 3305 3387 3364 ἐδείκνυτο
3454 3304 3758 3368 Θεοδόσιος

2107 3397 2331 3464 ἠκούετο
2388 3398 2489 3475 γὰρ
2517 3396 2685 3465 ἡδέως
2745 3399 2806 3457 οὗ
2833 3403 2910 3468 τῷ
2968 3397 3342 3458 πεπαιδεῦσθαι
3387 3399 3550 3472 μόνον
3606 3402 3763 3452 τοῦτο

2105 3484 2310 3560 καλῶς,
2373 3484 2509 3542 ἀλλὰ
2568 3488 2654 3542 καὶ
2714 3490 2791 3561 τῷ
2866 3485 3051 3567 δριμὺν
3110 3490 3269 3545 αὺτοῦ
3335 3486 3498 3543 πόθον
3564 3484 3763 3542 ἅπασιν

2108 3572 2418 3651 ἐμϐάλλειν,
2477 3574 2583 3632 ἀπό
2645 3598 2704 3631 τε
2765 3582 2864 3645 τῆς
2923 3596 3030 3633 των
3085 3575 3229 3644 ἠθῶν
3303 3574 3613 3650 εὖκοσμίας,
3673 3578 3767 3633 καὶ

2105 3664 2202 3732 τῆς
2236 3665 2309 3727 ὡς
2370 3662 2514 3720 οὐδὲν
2558 3663 2690 3721 ἄλλο
2747 3679 2865 3728 τοῖς
2913 3666 3048 3727 νέοις
3122 3664 3521 3743 ἐπιπρεπούσης
3564 3660 3759 3728 αἰδοῦς.

2072 3754 2209 3809 ’Διὰ
2268 3762 2431 3813 ταῦτα
2494 3764 2612 3831 γοῦν
2664 3756 2749 3810 καὶ
2809 3755 2901 3819 τὰς
2961 3755 3102 3834 ἱερὰς
3157 3756 3617 3832 ῦπαναγινώσκειν
3674 3752 3767 3829 βί-

2106 3841 2262 3907 ϐλους
2320 3849 2396 3917 τῷ
2451 3843 2565 3916 λαῷ
2634 3842 2958 3900 διε-τέταντοο
3038 3849 3103 3911 ἧς
3164 3844 3371 3908 ἐκεῖνος
3440 3845 3528 3899 καὶ
3564 3843 3763 3918 μετιὼν

2110 3932 2384 4013 ἐμμελῶς,
2431 3936 2518 3990 καὶ
2569 3933 2697 3991 ποτὲ
2756 3935 2855 4009 μὲν
2912 3941 3004 3992 τοῦ
3063 3941 3192 3991 Θεοῦ
3262 3933 3465 3990 ἁκούων
3534 3932 3630 3999 τῆς
3701 3932 3766 3988 ἐκ

373 4022 817 4104 ρτιεοὶρίεηιθηι
848 4020 1103 4094 audiret,
1139 4027 1202 4080 ut
1234 4017 1425 4081 exiret
1470 4037 1503 4080 e
1539 4027 1694 4080 terra
1727 4027 1781 4080 et
1804 4038 2022 4099 cogna-

2110 4024 2207 4091 τῆς
2265 4028 2366 4100 γῆς
2424 4044 2481 4079 τε
2536 4025 2622 4079 καὶ
2678 4026 2984 4103 συγγενείας
3049 4023 3312 4089 ἒξὲλευσιν
3384 4028 3460 4095 τῷ
3522 4018 3767 4099 Ἀϐραὰμ

375 4112 539 4174 tione
561 4110 933 4192 |;aliquando
957 4117 1156 4171 autem
1181 4116 1237 4170 et
1259 4108 1462 4189 patriae
1483 4107 2022 4185 derelictionemet

2113 4112 2511 4188 ἐπιτάττοντος,
2545 4113 2675 4169 ποτὲ
2735 4111 2791 4168 δὲ
2849 4115 2933 4172 καὶ
2979 4112 3226 4191 πατρίδος
3285 4110 3623 4185 κατάλειψιν,
3675 4112 3766 4166 καὶ

373 4201 589 4264 domus
612 4206 996 4280 etparentum
1033 4205 1095 4258 et
1116 4197 1390 4269 fratrum,
1418 4215 1549 4278 quae
1578 4196 1642 4257 tit
1670 4210 1913 4279 propter
1932 4199 2022 4279 ip-

2113 4203 2306 4280 οἱκίας,
2370 4203 2458 4257 καὶ
2514 4200 2873 4279 γεννητόρων,
2936 4204 3023 4258 καὶ
3066 4200 3330 4276 ἀδελφῶν,
3396 4203 3470 4264 ὡς
3533 4200 3598 4255 τὰ
3652 4200 3768 4277 ἱερὰ

372 4306 530 4362 sum,
554 4296 620 4351 ut
642 4305 815 4351 sacra
844 4287 1172 4367 loquuntur
1194 4284 1514 4364 Evangelia
1534 4285 1565 4335 2
1594 4286 1667 4346 iis
1698 4285 1797 4367 qui
1822 4287 1909 4348 sic
1937 4287 2022 4349 fe-

2114 4310 2279 4369 φησιν
2337 4289 2645 4367 εὐαγγέλια,
2706 4288 2772 4346 δι’
2817 4290 2975 4347 αὐτὸν
3042 4293 3361 4370 γενομένην,
3423 4290 3590 4346 αἰτίαν
3646 4302 3768 4353 to”;

377 4386 609 4455 cerunt,
637 4396 770 4441 esse
801 4393 1041 4439 causam
1078 4376 1213 4437 vitm
1247 4382 1529 4448 aeterna};
1564 4376 1690 4435 haec
1721 4374 1950 4454 legens,
1976 4383 2022 4435 el

2117 4378 2255 4435 οὕτω
2299 4377 2489 4455 πράξαι
2552 4383 2695 4449 ζωῆς
2757 4382 3063 4437 καθίστσθαι
3135 4382 3367 4437 αἰωνίαν
3445 4386 3609 4434 ταῦτα
3679 4380 3771 4434 καὶ

374 4485 444 4530 ea
473 4486 605 4551 quae
634 4476 775 4530 sunt
802 4467 895 4529 his
916 4465 1226 4539 similia,et
1256 4464 1317 4526 in
1350 4462 1569 4525 mentis
1601 4462 1772 4525 sinus
1804 4463 2022 4526 immit-

2115 4468 2179 4523 τὰ
2223 4468 2427 4527 τούτοις
2465 4466 2661 4541 ὁμοίως
2723 4468 2920 4547 ἔχοντα
2965 4471 3188 4545 μετιὼν,
3223 4470 3305 4527 καὶ
3337 4481 3454 4530 τοῖς
3486 4471 3583 4533 τῆς
3643 4464 3767 4522 δια-

376 4565 530 4636 tens,
564 4559 643 4621 ita
685 4566 750 4620 ut
782 4575 887 4638 par
914 4563 1063 4631 erat,
1098 4552 1538 4616 accendebatur
1579 4553 1801 4626 animo,
1841 4560 1900 4614 et
1928 4570 2029 4615 se-

375 4647 602 4726 quendi
632 4647 932 4712 Christum
967 4663 1180 4725 magno
1228 4642 1544 4705 tenebatur
1575 4641 1901 4717 desiderio,
1927 4660 2034 4723 per

374 4736 527 4798 viam
557 4746 865 4818 augustam
919 4743 981 4798 et
1010 4752 1308 4815 asperam.
1358 4731 1626 4812 Cumque
1658 4731 1765 4793 bas
1793 4731 2033 4795 assidue

374 4835 640 4889 versaret
660 4827 857 4888 animo
880 4824 1294 4905 cogitationes,
1322 4840 1531 4903 preces
1548 4821 1764 4895 fundit,
1791 4840 1923 4902 quae
1954 4822 2032 4882 vi-

375 4926 450 4980 ta:
477 4916 900 4998 pulcherrima;
924 4914 1091 4977 fuere
1124 4912 1464 4993 proemium.
1520 4910 1726 4974 Deduc
1757 4928 1877 4985 me,
1904 4910 2030 4974 Do-

376 5006 565 5078 mine,
596 5006 830 5087 dicens,
866 5007 926 5067 in
958 5004 1048 5065 via
1096 5011 1215 5077 tua,
1253 5010 1311 5064 et
1338 4999 1655 5063 ambulabo
1696 5001 1756 5061 in
1787 5001 2034 5064 veritate

375 5104 497 5159 tua.
532 5095 761 5159 Deinde
810 5091 1080 5173 diligenti
1114 5092 1309 5155 studio
1339 5090 1452 5152 init
1480 5089 1659 5166 viam,
1694 5108 1824 5170 quae
1868 5089 2035 5153 ducit

371 5184 809 5266 Hierosolyma,
844 5183 946 5245 illo
1001 5180 1242 5263 quidem
1277 5187 1571 5260 tempore,
1607 5198 1724 5260 quo
1777 5180 2032 5242 Marcia-

375 5292 489 5339 nus
536 5275 615 5355 (2)
672 5273 996 5355 imperator
1040 5269 1250 5333 eratin
1299 5269 1431 5331 vitae
1491 5286 1760 5343 occasu;
1813 5269 2031 5333 Chalce

456 5455 478 5498 ¹
509 5456 735 5520 Genes.
766 5468 873 5527 xu,
908 5456 968 5511 1.
1054 5449 1081 5492 9
1108 5447 1313 5513 Matth.
1339 5465 1459 5523 χιχ,
1494 5444 1593 5509 29.

2115 4558 2256 4622 νοίας
2313 4554 2536 4619 κόλποις
2608 4554 2890 4632 ἐμϐάλλων
2934 4560 3152 4624 εἰκότως
3214 4557 3599 4633 διεθερμαίνετο
3668 4560 3772 4622 τῆν

2115 4646 2324 4726 ψυχὴν,
2370 4646 2457 4703 καὶ
2500 4644 2667 4702 πολὺν
2730 4645 2899 4724 ἔρωτα
2962 4648 3124 4728 εἶχεν
3192 4645 3559 4713 ἀπολουθῆσαι
3631 4650 3770 4716 Χρι-

2114 4737 2190 4810 τῷ
2240 4733 2323 4792 διὰ
2365 4739 2463 4802 τῆς
2523 4735 2712 4802 στενῆς
2766 4733 2886 4792 ὁδοῦ
2928 4737 3015 4793 καὶ
3057 4737 3337 4816 τραχείας,
3403 4736 3497 4792 Καὶ
3554 4733 3765 4790 τούτου·

2114 4831 2353 4904 συνεχῶς
2398 4823 2632 4904 στρέφων
2661 4824 2780 4886 τοὺς
2840 4823 3130 4904 λογισμοὺς
3161 4825 3332 4906 εὐχὴν
3387 4835 3620 4880 ποιεῖται
3667 4826 3768 4889 τῆς

2114 4913 2405 4980 καλλίστης
2450 4911 2570 4970 ὁδοῦ
2613 4915 2914 4989 προοίμιον·
2979 4906 3278 4992 Ὀδήγησόν
3330 4933 3420 4987 με,
3460 4912 3637 4992 Κύριε,
3671 4908 3770 4967 λέ-

2115 5025 2226 5081 γων
2254 5003 2308 5060 ἐν
2365 5009 2433 5078 τῇ
2464 5001 2687 5074 ἀληθείᾳ
2715 5025 2830 5066 σου,
2878 5005 2973 5061 Καὶ
3006 4991 3130 5060 εἶτα
3172 5008 3272 5070 τῆς
3305 5002 3435 5080 πρός
3493 5001 3559 5056 τὰ
3600 4991 3771 5068 Ἱερο-

2116 5092 2325 5168 σόλυμα
2398 5092 2658 5170 φερούσης
2724 5092 2992 5169 ἐπιμελῶς
3063 5092 3319 5163 ἅπτεται,
3374 5087 3492 5147 κατ’
3563 5087 3772 5145 ἐκεῖνον

2116 5182 2183 5250 δὴ
2228 5183 2320 5238 τὸν
2385 5182 2571 5259 καιρὸν
2602 5180 2732 5239 καθ’
2805 5183 2863 5238 ὃν
2922 5183 3218 5258 Μαρκιανὸς
3288 5184 3316 5238 ὁ
3374 5175 3623 5255 βασιλεὺς
3665 5176 3773 5244 ἤδη

2116 5271 2241 5349 περί
2303 5273 2397 5337 τὰς
2442 5280 2535 5328 του
2591 5270 2705 5347 βίου
2761 5270 2958 5348 δυσμὰς
3014 5271 3104 5345 ἦν,
3151 5273 3183 5340 ἡ
3240 5270 3292 5327 δὲ
3354 5270 3409 5326 ἐν
3468 5263 3773 5334 Χαλκηδονι

453 5628 543 5711 (2)
577 5630 766 5712 Cmpit
794 5629 1155 5695 Marcianus
1186 5627 1486 5711 imperare
1519 5642 1623 5688 an.
1657 5624 1764 5688 Ch.
1797 5623 1957 5711 450;
1989 5625 2137 5690 obiit
2163 5633 2418 5691 exeunte
2436 5627 2716 5691 Januario
2746 5625 2888 5689 anni
2916 5624 3057 5693 457.
