4094 6196
328 343 460 414 4⁵73

1328 347 1515 413 VITA
1554 347 1617 411 S.
1658 343 2068 410 THEODOSII
2111 340 2723 411 COENOBIABCHE.

3603 327 3720 403 474

333 479 556 546 σύνοδος
587 480 875 563 (τετάρτην
905 479 961 537 δὲ
991 480 1156 549 αὐτὴν
1214 481 1305 539 καὶ
1355 481 1509 558 ἆγίαν
1540 480 1685 537 εἶναι
1714 479 1982 558 γινώσκο-

2073 478 2355 543 donensis
2379 478 2468 559 (3)
2484 486 2680 541 autem
2706 476 2965 560 synodus
2980 476 3138 556 (eam
3160 480 3356 538 autem
3382 491 3515 537 esse
3536 492 3721 555 quan-

333 582 462 649 μεν)
503 573 642 629 κατὰ
700 572 987 651 Νεστορίω
1060 572 1150 629 καὶ
1217 573 1326 628 τῶν
1382 569 1563 627 ἄλλων
1619 569 1988 649 αἱρετιζόντων

336 675 741 742 συνεκροτεῖτο.

419 751 488 815 ε’.
519 750 666 819 ’Ἠδη
713 750 769 808 δὲ
813 751 951 809 κατὰ
997 750 1097 818 τὴν
1143 749 1435 830 Ἀντιόχου
1476 750 1760 827 γινόμενος
1792 751 1819 806 ὁ
1851 771 1991 806 παν-

327 842 566 922 ταχόθεν
611 842 851 921 χρηστὸς
912 838 1217 915 Θεοδόσιος,
1285 841 1383 897 οὒκ
1436 838 1575 917 ἔγνω
1626 838 1740 896 δεῖν
1787 837 1992 916 παρελ-

329 935 474 1006 θεῖν,
536 933 581 987 εἰ
635 931 715 1006 μὴ
772 930 862 986 καὶ
919 931 1050 1009 πρὸς
1110 928 1404 1005 Συμεώνην
1433 930 1526 985 τὸν
1567 928 1729 1005 πάνυ,
1778 928 1993 1005 Συμεώ-

330 1044 461 1097 νην,
497 1023 663 1101 φημὶ,
695 1021 788 1076 τὸν
819 1026 912 1077 τοῦ
956 1019 1174 1099 στύλου,
1225 1026 1436 1099 πρῶτον
1465 1018 1747 1099 ἀφίκηται,
1779 1018 1903 1095 ὄψιν
1936 1039 1991 1074 τε

328 1110 438 1177 τὴν
490 1110 693 1170 ἐκείνου
747 1110 1027 1182 θεάσηται,
1080 1110 1169 1166 καὶ
1226 1107 1404 1189 λόγων
1430 1109 1659 1188 ἀκούσῃ,
1692 1109 1782 1165 καὶ
1825 1115 1989 1165 ταῦτα

2082 578 2197 631 tam
2232 580 2292 631 et
2334 577 2560 632 santam
2610 570 3044 648 cognoscimus)
3093 563 3568 647 congregabatur
3611 565 3724 628 ad-

2075 678 2277 722 versus
2305 657 2645 722 Nestorium
2680 663 2761 735 (4)
2791 666 2849 721 et
2879 658 3026 720 alios
3059 656 3393 719 haereticos.

2155 749 2213 810 5.
2247 748 2393 812 Cum
2416 756 2613 810 autem
2633 750 2754 827 jam
2781 744 3431 811 venissetAntiochiam
3459 743 3624 805 omni
3649 762 3718 807 ex

2079 846 2245 919 parte
2269 837 2462 900 bonus
2483 836 2883 912 Theodosius,
2909 857 3029 899 non
3062 835 3265 898 statuit
3287 842 3563 916 oportere
3584 852 3716 896 eam

2081 927 2356 1002 transire,
2385 928 2500 989 nisi
2536 928 2607 989 ad
2642 927 2938 1007 insignem
2957 926 3313 1007 Symeonem
3338 924 3447 1004 (5),
3476 922 3721 1003 Symeo-

2077 1036 2238 1097 nem,
2254 1016 2497 1099 inquam
2513 1066 2527 1095 ,
2554 1016 2825 1098 Styliten,
2842 1016 2899 1078 id
2920 1025 3030 1090 est,
3055 1015 3116 1075 in
3137 1014 3413 1076 columna
3434 1020 3712 1086 stantem,

2077 1107 2241 1187 prius
2273 1109 2526 1185 veniret,
2559 1114 2616 1167 et
2649 1106 2782 1187 ejus
2810 1106 3041 1168 vultum
3091 1102 3620 1185 contemplaretur,
3654 1110 3717 1165 et

328 1200 671 1280 παραψυχὴν
714 1198 895 1279 ὥσπερ
939 1199 1236 1269 ποιήσηται
1282 1199 1463 1255 κόπων
1515 1196 1753 1268 ἓνοδίων,
1818 1201 1982 1278 εῦχῆς

2073 1214 2385 1259 sermones
2407 1195 2668 1272 audiret,
2693 1206 2750 1259 et
2776 1216 2845 1259 ex
2870 1196 2963 1258 his
2982 1194 3165 1257 veluti
3186 1193 3290 1258 via:
3314 1193 3591 1257 solatium
3616 1211 3712 1255 ca-

327 1311 390 1345 τε
446 1293 546 1347 καὶ
608 1288 851 1369 εόλογίας
911 1291 1007 1356 τῆς
1069 1290 1229 1346 αὐτοῦ
1296 1289 1590 1369 μετάσχοι,
1635 1286 1749 1364 ἅμα
1793 1288 1892 1358 τήν
1934 1309 1982 1344 τε

2074 1284 3228 1370 peret,orationisque,etbenedictionis
3249 1285 3381 1364 ejus
3398 1291 3555 1345 esset
3579 1300 3711 1363 par-

326 1378 629 1453 νοουμένην
686 1381 830 1454 αῦτῷ
889 1378 987 1447 τῆς
1036 1378 1231 1457 ἀρετῆς
1291 1376 1433 1450 ὁδὸν,
1498 1380 1589 1434 καὶ
1630 1378 1726 1446 τὴν
1776 1377 1982 1457 ὁρωμέ-

2075 1376 2292 1457 ticeps,
2324 1393 2452 1457 qua:
2485 1375 2662 1438 simul
2695 1385 2754 1439 et
2783 1377 3012 1437 virtutis
3041 1375 3218 1449 viam,
3252 1391 3425 1455 quam
3454 1370 3712 1434 habebat

330 1492 436 1535 νην
492 1468 903 1547 εὐμαριζούσης.
965 1469 1102 1545 Πρὸς
1166 1475 1345 1525 τοῦτον
1390 1466 1479 1523 οὖν
1534 1466 1710 1524 ἀπιὼν
1742 1465 1981 1542 σύμϐου-

2073 1465 2131 1526 ἰη
2154 1466 2380 1541 animo,
2406 1476 2468 1528 et
2496 1483 2650 1537 eam,
2677 1484 2809 1547 quae
2833 1463 3210 1531 cernebatur.
3239 1464 3428 1525 levem
3451 1460 3719 1524 facilem-

328 1557 429 1615 λον
484 1559 633 1621 εῦθῦς
690 1559 751 1615 οὗ
803 1557 1004 1637 φαῦλον
1047 1555 1165 1613 οῦδὲ
1222 1557 1283 1613 τὸ
1335 1558 1502 1636 τυχὸν
1546 1558 1679 1634 πρὸς
1727 1558 1818 1613 τὸν
1851 1558 1982 1613 Θεὸν

2073 1573 2192 1636 que
2229 1554 2533 1618 redderet.
2574 1556 2716 1618 Cum
2766 1554 2839 1616 ad
2875 1572 3010 1616 eum
3043 1562 3241 1616 autem
3272 1552 3482 1621 abiret,
3516 1550 3714 1612 statim

330 1647 537 1703 ἐιιείνου
583 1645 803 1727 δέχεται
843 1645 1140 1725 παρρησίας
1191 1646 1278 1702 καὶ
1329 1645 1672 1719 οἷκειώσεως,
1728 1646 1853 1725 πρῖν
1906 1652 1982 1719 τῷ

2073 1663 2184 1706 non
2201 1643 2707 1707 contemnendum
2734 1643 2865 1705 leve
2890 1644 3122 1721 signum
3142 1640 3528 1722 accipitillius
3551 1638 3710 1721 apud

326 1738 459 1815 ἱερῷ
512 1735 689 1811 στύλῳ
770 1736 1087 1809 προσελθεῖν
1141 1735 1228 1791 καὶ
1308 1732 1485 1793 δοῦναι
1546 1734 1752 1814 φωνὰν,
1828 1736 1982 1797 αὒτὸς

2073 1733 2253 1797 Deum
2274 1733 2506 1795 ﬁducia)
2520 1741 2578 1795 et
2592 1732 3388 1812 familiaritatis,priusquam
3404 1738 3462 1792 et
3478 1747 3708 1792 sacram

328 1826 567 1891 ἀκούσας
622 1823 822 1883 ἄδωθεν
867 1825 1069 1883 ἐκείνου
1118 1825 1350 1900 βοῶντος
1401 1825 1488 1881 καὶ
1532 1824 1822 1888 καλοῦντος
1883 1824 1982 1881 αῦ-

2073 1823 2388 1886 accederet
2419 1822 2758 1885 columnam
2785 1833 2842 1884 et
2871 1840 3076 1884 vocem
3103 1821 3425 1893 emitteret,
3450 1820 3577 1898 ipse
3597 1818 3711 1881 de-

328 1917 428 1972 τὸν
452 1914 507 1981 ἐξ
534 1915 822 1990 ὀνόματος,
861 1916 1003 1994 Εἶχε
1034 1912 1089 1970 δὲ
1119 1916 1154 1981 ἡ
1186 1914 1337 1993 φωνὴ
1363 1913 1549 1979 οὕτως·
1584 1912 1773 1979 Καλῶς
1797 1913 1981 1983 ἦλθες,

328 2004 576 2084 ἄνθρωπε
619 2012 713 2062 τοῦ
766 2011 923 2086 Θεοῦ,
958 2002 1229 2066 Θεοδόσιε,
1264 2001 1587 2080 Ἐκπλαγεὶς
1639 2010 1728 2060 οῦν
1775 2003 1983 2069 ἐκεῖνος

327 2096 461 2174 γόνυ
516 2116 573 2152 τε
628 2094 948 2169 αὖτοκλίνει,
1003 2095 1093 2151 καὶ
1128 2098 1198 2169 τῇ
1246 2097 1318 2169 γῇ
1369 2093 1429 2148 τὸ
1460 2094 1749 2169 πρόσωπον
1778 2091 1983 2174 δίδωσι,

326 2184 759 2263 φιλοτιμωτὲραν
832 2188 1024 2253 κλῆσιν
1080 2180 1456 2259 ταπεινωτέρῳ
1510 2186 1759 2263 σχήματι
1819 2184 1982 2258 ἀμει-

326 2272 578 2349 ϐόμενος.
616 2276 756 2332 Εἶτα
786 2275 874 2331 καὶ
932 2275 1064 2353 πρὸς
1109 2273 1270 2332 αὐτὸν
1306 2271 1476 2328 ἄνεισι
1516 2274 1744 2352 χαίρων,
1782 2271 1984 2329 ἐκείνου

328 2363 707 2437 κελεύσαντος,
775 2365 861 2421 καὶ
921 2363 1292 2436 ἀσπαζόμενον
1348 2366 1737 2429 κατησπάσατο
1768 2379 1781 2392 ⁸
1844 2363 1983 2442 μέγα

328 2454 419 2511 καὶ
487 2461 644 2511 τοῦτο
702 2454 1025 2530 ποιούμενος
1083 2453 1146 2507 τὸ
1191 2464 1413 2516 σεπτοϊς
1446 2451 1707 2515 τοιούτοις
1738 2449 1982 2530 προσϐα-

326 2543 447 2600 λεῖν
506 2541 725 2618 μέλεσιν
761 2591 777 2616 ,
856 2544 944 2599 καὶ
1024 2541 1308 2616 ἀσπασμὸν
1368 2540 1571 2597 ἐκείνου
1629 2541 1809 2619 ὥσπερ
1863 2541 1983 2598 τινὰ

322 2633 470 2689 θείαν
527 2630 796 2712 σφραγῖδα
827 2630 1123 2713 δεχόμενος
1154 2627 1472 2707 βεϐαιοῦσαν
1529 2630 1672 2705 αὒτῷ
1729 2631 1795 2686 τὰ
1849 2632 1981 2710 πρὸς

325 2722 524 2802 ἆρετῆν
583 2720 916 2798 διαδήματα.
970 2722 1151 2778 Πάντα
1205 2727 1294 2777 οῦν
1339 2721 1543 2780 ἐκεῖνος
1578 2720 1981 2778 θεοπτικώτατα

323 2812 784 2891 προσηγόρευσεν,
837 2812 957 2869 οἷόν
1012 2833 1071 2867 τε
1124 2815 1224 2877 τῆς
1287 2806 1409 2869 ὁδοῦ
1459 2810 1656 2878 ταύτης
1696 2810 1758 2866 τὸ
1817 2810 1979 2887 πέρας

324 2903 567 2982 εῦρήσει,
613 2902 702 2957 καὶ
758 2899 891 2968 ὅσης
951 2901 1088 2978 μετὰ
1129 2905 1296 2957 ταῦτα
1351 2904 1452 2967 τῆς
1511 2900 1747 2974 ποίμνης
1814 2896 1975 2977 ἄρξει,

325 2992 417 3050 καὶ
459 2994 534 3054 ὡς
594 2988 771 3048 πολλὰ
834 2990 939 3047 τῶν
997 2988 1231 3068 λογικῶν
1284 2989 1605 3067 θρεμμάτων
1646 2995 1741 3045 τοῦ
1788 2998 1981 3056 νοητοῦ

2069 1931 2254 1993 super
2284 1912 2452 1974 illum
2499 1912 2751 1975 audiens
2781 1911 3158 1982 clamantem,
3194 1918 3254 1971 et
3284 1909 3481 1990 ipsum
3513 1909 3708 1971 nomi-

2069 2003 2252 2065 natim
2309 2011 2644 2065 vocantem.
2684 1999 2807 2063 Vox
2843 2011 3039 2063 autem
3072 2000 3155 2060 ita
3205 1998 3461 2061 habebat
3493 2015 3508 2061 :
3548 1999 3713 2061 Bene

2070 2092 2284 2155 venisti
2316 2092 2494 2154 homo
2529 2093 2660 2164 Dei,
2697 2090 3018 2153 Theodosi.
3054 2088 3160 2153 Ille
3187 2096 3383 2151 autem
3418 2088 3711 2169 obstupe—

2068 2183 2281 2256 factus,
2318 2189 2375 2244 et
2406 2181 2461 2244 ei
2492 2200 2649 2261 genu
2680 2180 2953 2253 inclinat,
2984 2187 3042 2241 et
3072 2178 3299 2241 vultum
3330 2178 3499 2240 humi
3533 2194 3708 2258 pros-

2068 2278 2270 2347 ternit,
2298 2270 2716 2351 gloriosiorem
2749 2269 3212 2351 appellationem
3245 2271 3447 2349 specie
3501 2267 3701 2330 humi-

2066 2362 2217 2423 liore
2244 2362 2643 2441 respondens.
2671 2358 2902 2422 Deinde
2923 2359 2992 2419 ad
3012 2357 3208 2437 ipsum
3228 2357 3393 2419 laetus
3407 2357 3704 2433 ascendit,

2067 2469 2200 2512 cum
2226 2449 2326 2511 ille
2340 2449 2641 2531 jussisset,
2662 2458 2718 2511 et
2739 2448 3201 2528 amplectentem
3227 2454 3317 2509 est
3333 2446 3703 2527 complexus;

2063 2540 2178 2601 hoc
2206 2558 2448 2621 quoque
2480 2538 2680 2615 magni
2712 2537 2962 2611 faciens,
2993 2534 3267 2597 membra
3289 2536 3581 2613 attingere
3606 2552 3711 2597 ve-

2063 2629 2373 2702 nerabilia,
2394 2637 2454 2692 et
2475 2628 2637 2690 illius
2662 2631 3039 2708 complexum
3063 2625 3402 2706 suscipiens
3425 2633 3710 2706 tanquam

2065 2719 2329 2781 divinum
2355 2716 2595 2796 aliquod
2612 2716 3381 2797 signaculum,conﬁrmans
3396 2713 3450 2776 ei
3471 2731 3711 2794 gressus

2066 2809 2137 2871 ad
2170 2809 2468 2871 virtutem.
2495 2806 2601 2870 ille
2624 2817 2822 2870 autem
2848 2808 2903 2869 ei
2930 2805 3131 2868 omnia
3159 2804 3530 2867 divinissime
3552 2821 3708 2884 prae-

2064 2897 2236 2965 dixit.
2271 2906 2329 2959 et
2359 2897 2740 2978 qualemnam
2770 2898 2845 2958 sit
2875 2896 3056 2975 hujus
3080 2893 3189 2956 viae
3218 2895 3397 2957 tinem
3424 2895 3711 2955 inventu-

2063 3005 2190 3061 rus,
2208 2993 2265 3049 et
2288 2986 2527 3048 cuinam
2548 2984 2803 3064 sitgregi
2827 2994 3031 3064 postea
3053 2984 3433 3065 praefuturus.
3458 2990 3517 3045 et
3537 2980 3702 3061 quod

328 3079 610 3161 διαρπάσει
652 3078 837 3154 λύκου,
874 3082 962 3136 καὶ
994 3080 1059 3136 τὰ
1087 3076 1225 3134 ἄλλα
1254 3076 1354 3134 ὅσα
1416 3076 1536 3153 μετ’
1595 3077 1775 3157 ὀλίγον
1823 3079 1979 3135 καθὲν

2073 3078 2283 3139 multas
2318 3075 2581 3156 pecudes
2613 3074 2852 3137 ratione
2884 3072 3159 3155 praaditas
3181 3071 3541 3161 abrepturus
3571 3069 3649 3131 sit
3677 3087 3713 3131 a

323 3172 389 3227 τὸ
437 3170 591 3234 τέλος
672 3168 995 3246 ἐλάμϐανεν,

328 3260 540 3340 προῖὼν
568 3261 598 3317 ὁ
628 3258 788 3338 λόγος
818 3262 955 3339 ἔρεϊ.

1085 3167 1118 3224 ἃ
1175 3169 1263 3225 καὶ
1317 3169 1456 3227 κατὰ
1509 3170 1699 3245 καιρὸν
1756 3167 1977 3226 ἕκαστον

2073 3167 2230 3248 lupo,
2282 3164 2384 3248 qui
2436 3163 2768 3245 percipitur
2816 3162 3245 3243 intelligentia;
3293 3168 3353 3223 et
3398 3160 3532 3231 alia,
3580 3175 3713 3239 quas

2060 3256 2233 3338 paulo
2266 3262 2400 3337 post
2428 3256 2609 3318 ﬁnem
2644 3252 2878 3334 singula
2904 3269 3219 3334 accepere,
3246 3267 3378 3332 qua;
3400 3250 3576 3312 etiam
3604 3264 3714 3330 per

2057 3344 2530 3426 unumquodque
2562 3352 2797 3425 tempus
2831 3341 3163 3425 procedens
3188 3340 3349 3403 dicet
3378 3338 3599 3402 oratio.

1847 3464 2073 3524 CAPUT
2121 3466 2189 3523 ΙΙ.

1445 3561 1886 3644 Hierosolymis
1921 3561 2245 3624 habitatio.
2277 3560 2584 3625 Secessus.

411 3677 516 3764 ς’.
550 3687 773 3752 τούτοις
804 3693 894 3743 οῦν
957 3686 1036 3743 ἔτι
1078 3688 1167 3744 καὶ
1224 3685 1431 3763 μᾶλλον
1474 3686 1821 3766 ἐπιρρωσθεὶς
1878 3686 1977 3752 τὴ)

325 3773 586 3848 διάνοιαν,
635 3775 803 3854 εὒχάς
862 3795 920 3830 τε
962 3781 1055 3831 τοῦ
1102 3779 1408 3850 θαυμαστοῦ
1459 3777 1682 3851 Συμεὼν
1725 3776 1798 3840 ὥς
1829 3796 1978 3836 τινας

325 3863 588 3944 διάνοιαν,
623 3865 714 3920 καὶ
758 3864 1011 3943 φρουροὺς
1070 3861 1378 3945 δεξάμενος,
1424 3866 1769 3943 εὐθυμότερον
1832 3863 1863 3931 ἢ
1920 3865 1980 3919 τὸ

326 3958 554 4033 προσθεν
612 3952 732 4011 ὁδοῦ
804 3952 1023 4033 εἴχετο,
1080 3955 1168 4011 καὶ
1226 3955 1324 4023 τὴν
1400 3955 1555 4033 ἁγίαν
1612 3950 1983 4027 κατελάμϐανε

324 4043 508 4117 πόλιν,
554 4041 909 4101 ’1ουϐεναλίου
965 4044 1087 4101 τότε
1130 4045 1231 4112 τὴν
1284 4044 1688 4124 ἀρχιερωσύνην
1747 4042 1980 4121 Ἰεροσο-

322 4131 512 4207 λύμων
565 4131 1016 4206 πεπιστευμένου.
1088 4135 1269 4189 Πάντα
1326 4132 1381 4187 δὲ
1440 4134 1532 4188 τὸν
1585 4134 1731 4188 θεῖον
1774 4130 1982 4187 ἐκεῖνον

321 4222 509 4302 χῶρον
553 4220 869 4297 περιελθὼν,
921 4226 1013 4278 καὶ
1056 4224 1219 4299 αγίως
1275 4223 1341 4278 τὰ
1400 4221 1530 4299 ἅγια
1582 4222 1978 4299 προσκυνήσας,

323 4310 589 4390 λογισμὸν
632 4312 805 4384 ἑαυτῷ
837 4311 1076 4391 στρέφων
1122 4312 1216 4385 ἧν,
1270 4318 1385 4376 πῶς
1442 4308 1542 4389 ἄρα
1602 4319 1696 4368 τοῦ
1755 4310 1979 4392 φιλοσο-

320 4413 446 4479 φεῖν
507 4398 748 4479 ἄρξαιτο,
783 4402 867 4456 καὶ
920 4402 1149 4479 ποτέραν
1207 4406 1316 4457 τῶν
1358 4400 1590 4478 ἀγωγῶν
1622 4400 1800 4458 ἕλοιτο
1836 4421 1848 4436 ·
1882 4401 1983 4468 τὴν

322 4491 578 4570 ἰσχάτως
624 4488 914 4564 μοναδικήν
957 4490 1054 4547 καῖ
1101 4489 1355 4570 ἄμικτον,
1387 4490 1421 4559 ἢ
1468 4491 1564 4558 τὴν
1616 4489 1734 4565 μεθ’
1788 4490 1982 4568 ἑτέρων

324 4576 569 4640 εῦλαόὼν
643 4580 729 4636 καὶ
811 4588 905 4639 τοῦ
978 4580 1100 4640 ἴσου
1184 4587 1387 4638 σκοποῦ
1476 4583 1977 4655 μεταποιουμένων.

2141 3683 2202 3744 6.
2231 3678 2338 3744 His
2361 3699 2500 3759 ergo
2522 3680 2713 3742 adhuc
2737 3681 2923 3761 magis
2940 3680 3140 3744 animo
3158 3680 3709 3756 conﬁrmatus,cum

2066 3787 2276 3851 preces
2297 3768 2670 3832 admirabilis
2694 3770 2994 3834 Simeonis
3018 3780 3295 3851 tanquam
3320 3769 3506 3832 duces
3532 3788 3709 3850 quas-

2069 3860 2206 3922 dam
2240 3868 2299 3922 et
2326 3860 2607 3923 custodes
2633 3860 2985 3941 accepisset,
3020 3859 3278 3921 alacrius
3317 3875 3491 3939 quam
3541 3865 3710 3939 prius

2067 3950 2183 4012 iter
2208 3949 2704 4031 persequebatur,
2732 3958 2789 4010 et
2814 3948 3082 4030 pervenit
3111 3948 3181 4010 ad
3202 3955 3470 4012 sanctam
3501 3946 3711 4009 civita-

2073 4048 2359 4112 tem,cum
2381 4039 2913 4118 Juvenali(6)tunc
2939 4047 3099 4100 esset
3118 4035 3717 4101 commissusarcbie-

2068 4129 2413 4209 piscopatus
2438 4128 3017 4212 Hierosolymorum.
3034 4126 3177 4191 Cum
3201 4136 3398 4190 autem
3421 4134 3611 4189 totum
3635 4127 3712 4189 il-

2067 4217 2189 4281 lum
2214 4218 2478 4281 divinum
2511 4218 2708 4281 locum
2739 4218 3011 4293 obiisset,
3036 4226 3095 4281 et
3119 4225 3321 4280 sancta
3342 4224 3548 4279 sancte
3561 4219 3712 4279 ado-

2071 4319 2287 4383 rasset,
2314 4309 2470 4390 apud
2488 4328 2554 4371 se
2581 4309 2641 4370 in
2666 4309 2865 4371 animo
2889 4308 3185 4385 versabat,
3218 4306 3518 4388 quomodo
3551 4306 3712 4368 inci-

2068 4408 2236 4480 peret
2262 4397 2696 4480 philosophari.
2724 4410 2782 4461 et
2803 4409 2999 4461 utrum
3027 4416 3097 4460 ex
3120 4396 3352 4459 duobus
3373 4396 3504 4457 vitae
3532 4394 3712 4457 insti-

2070 4488 2209 4550 tutis
2231 4488 2481 4567 eligeret
2508 4510 2524 4561 ;
2559 4489 2719 4568 idne,
2751 4487 2908 4570 quod
2933 4496 3027 4549 est
3053 4486 3229 4567 plane
3256 4485 3614 4559 solitarium,
3652 4491 3712 4546 et

2066 4577 2225 4657 quod
2250 4596 2368 4638 non
2394 4577 2575 4639 habet
2595 4578 2855 4655 aliquam
2881 4595 3016 4638 cum
3042 4575 3163 4637 ullo
3187 4573 3711 4647 consuetudinem;

321 4668 496 4727 Ἀλλὰ
550 4670 615 4725 το
666 4667 763 4742 μὲν
825 4670 959 4725 κατὰ
1004 4671 1173 4744 μόνας
1231 4671 1497 4751 ἦσυχύσαι
1530 4671 1592 4727 τό
1638 4691 1698 4748 γε
1730 4677 1820 4727 νῦν
1851 4669 1981 4750 ἔχοι

2073 4686 2139 4730 an
2157 4666 2313 4748 quod
2328 4668 2667 4745 agiturcum
2684 4669 2816 4729 aliis
2831 4667 3029 4747 piis,et
3046 4667 3144 4747 qui
3164 4664 3446 4727 eumdem
3465 4681 3714 4745 scopum

322 4759 421 4817 οὒκ
479 4756 785 4833 ἐδοκίμαζε,
822 4759 909 4816 καὶ
966 4760 1202 4839 ἀσφαλὲς
1248 4763 1438 4839 κρίνων
1501 4760 1704 4839 ἀπείρῳ
1760 4782 1821 4839 γε
1871 4760 1983 4816 ὄντι

2070 4766 2535 4837 persequuntur.
2563 4755 2854 4819 Caeterum
2882 4757 3206 4837 separatim
3238 4754 3443 4829 silere,
3471 4754 3717 4835 etquie-

322 4861 444 4913 τοῖς
503 4850 605 4914 τῆς
667 4850 924 4925 πονηρίας
1006 4850 1126 4907 καθ’
1208 4851 1394 4907 ἑαυτὸν
1451 4848 1590 4914 ὅλως
1656 4849 1982 4907 διαπαλαίων

2073 4855 2183 4908 tem
2216 4863 2419 4924 agere,
2467 4864 2585 4907 non
2624 4845 2892 4927 probavit
2922 4846 2982 4907 in
3015 4844 3356 4926 praesentia,
3388 4844 3449 4905 id
3483 4860 3715 4923 nequa-

321 4937 647 5013 πνεύμασιν.
724 4939 783 4995 Εἰ
841 4939 939 5017 γὰρ
996 4946 1104 4995 τῶν
1162 4940 1216 4995 ἐν
1281 4938 1473 5013 κόσμῳ
1547 4939 1982 5014 στρατευομένων

2073 4953 2244 5017 quam
2298 4942 2491 4997 tutum
2543 4953 2677 4997 esse
2699 4934 2981 5016 judicans
3012 4937 3093 5005 ei,
3128 4934 3228 5015 qui
3256 4933 3523 4995 nondum
3559 4938 3717 4993 esset

323 5025 496 5091 οὐδεὶς
529 5026 693 5106 οὕτω,
726 5049 881 5107 φησι,
916 5030 977 5084 τὸ
1007 5029 1196 5099 θράσος
1228 5028 1453 5108 ἄμαχος
1507 5032 1603 5085 καὶ
1648 5028 1749 5094 τὴν
1803 5028 1982 5085 ἄνοιαν

2073 5032 2350 5104 expertus
2370 5043 2478 5105 per
2502 5043 2566 5086 se
2590 5023 2800 5086 luctari
2819 5042 2954 5087 cum
2979 5024 3293 5106 spiritibus
3316 5020 3617 5103 nequitiae.
3644 5019 3715 5080 Si

2068 5145 2405 5219 damnatus,
2437 5145 2595 5220 quod
2632 5145 2935 5209 Christum
2966 5150 3269 5207 assereret
3300 5139 3524 5222 duplici
3556 5154 3709 5222 con-

324 5218 523 5298 nes,'i
563 5218 853 5290 Novemb.
887 5228 1027 5289 anni
1059 5218 1281 5292 Christi
1316 5230 1456 5292 451.
1494 5218 1508 5229 ’

2073 5232 2220 5286 stare
2270 5218 2546 5303 perSona,
2601 5245 2669 5287 ac
2698 5224 2766 5289 B.
2800 5225 3041 5287 Mariam
3078 5224 3234 5285 haud
3265 5218 3400 5283 esse
3428 5218 3704 5303 0503659»

409 5296 490 5389 (4)
525 5309 611 5389 Ita
645 5305 819 5370 etiam
852 5306 1120 5389 Grzecum
1155 5328 1244 5370 ms
1272 5311 1582 5387 Νεστόριον,
1615 5306 1972 5389 improprie.
2105 5384 2118 5389 Δ
2145 5296 2424 5389 (5)De_e_o
2447 5296 2575 5367 fuse
2596 5304 3128 5389 actutn_5.lanuarii
3154 5304 3370 5389 (supra
3390 5298 3501 5361 col.
3530 5296 3703 5389 3%)),

327 5378 601 5451 Dam'nati
627 5389 684 5470 in
712 5406 782 5449 ea
804 5396 940 5470 sunt
960 5387 1253 5470 Eutyches
1278 5378 1977 5470 Constantinopolitanus
2062 5378 2163 5446 ubi
2222 5389 2280 5446 in
2329 5386 2465 5447 Vita
2497 5404 2566 5447 ex
2597 5386 2998 5468 Metaphraste
3048 5402 3110 5447 n.
3160 5378 3269 5456 39,
3321 5380 3445 5441 haec
3494 5378 3707 5441 eadem

327 5467 931 5545 archimandrita,qui
950 5467 1290 5533 naturarum
1317 5477 1377 5533 in
1391 5471 1628 5535 Christo
1648 5467 1976 5531 discrimen
2063 5472 2403 5528 narrantur.

332 5547 599 5630 tollebat,
637 5535 888 5630 ejusque
911 5549 1105 5612 fautor
1129 5551 1445 5614 Dioscorus
1473 5549 1808 5630 patriarcha
1830 5547 1973 5630 Ale-
2054 5626 2069 5630 _
2137 5546 2227 5630 αἱ)
2254 5545 2559 5630 Juvenalis
2590 5546 2909 5630 episcopus
2940 5540 3258 5630 ordinatur
3291 5552 3525 5630 mortuo
3556 5535 3706 5601 Pra-

332 5616 1023 5717 xandrinuslliestorius
1053 5650 1197 5717 vero
1222 5632 1333 5717 sub
1360 5616 1703 5717 Theodosio
1728 5628 1974 5717 juniore
2054 5616 2274 5717 hyl'io',“
2294 5645 2392 5717 a_n.
2435 5624 2582 5717 .Chr.
2798 5616 3114 5717 'in‘terfuit.
3144 5616 3385 5717 synodis
3414 5635 3707 5717 mounta-

328 5727 428 5776 an.
456 5707 599 5775 Chr.
631 5708 772 5792 431,
805 5708 869 5773 in
900 5712 1122 5795 synodo
1152 5711 1457 5796 Ephesina
1477 5700 1855 5778 oecumenica
1877 5724 1969 5787 tu,
2057 5700 2209 5771 nicis
2232 5706 2547 5791 Ephesinae
2570 5712 2627 5768 et
2643 5704 3115 5777 Chalcedonensi
3136 5721 3153 5784 ;
3177 5700 3428 5764 moritur
3447 5718 3546 5769 an.
3562 5700 3678 5765 457
3692 5745 3709 5763 .

406 5147 488 5229 (3)
522 5147 728 5229 coepta
751 5155 842 5229 est
865 5153 898 5209 8
927 5147 1169 5229 Ocrtob.,
1193 5147 1465 5211 absoluta
1493 5158 1627 5229 post
1651 5148 1724 5211 i3
1748 5146 1975 5210 sessio-
