  <div class='ocr_page' id='page_1' title='image "/cluster/home/n/w/nwhite01/storage/ocr_20150623/114/hvd.32044073502254/243.png"; bbox 0 0 4062 6194; ppageno 0'>
   <div class='ocr_carea' id='block_1_1' title="bbox 369 280 486 357">
    <p class='ocr_par' dir='ltr' id='par_1_1' title="bbox 369 280 486 357">
     <span class='ocr_line' id='line_1_1' title="bbox 369 280 486 357; baseline -0.034 -1"><span class='ocrx_word' id='word_1_1' title='bbox 369 280 486 357; x_wconf 76' lang='grc'><strong>475</strong></span> 
     </span>
    </p>
   </div>
   <div class='ocr_carea' id='block_1_2' title="bbox 1576 260 2444 392">
    <p class='ocr_par' dir='ltr' id='par_1_2' title="bbox 1576 260 2444 392">
     <span class='ocr_line' id='line_1_2' title="bbox 1576 260 2444 392; baseline 0 -33"><span class='ocrx_word' id='word_1_2' title='bbox 1576 260 1591 271; x_wconf 67' lang='grc'><em>”</em></span> <span class='ocrx_word' id='word_1_3' title='bbox 1658 295 1939 360; x_wconf 89' lang='lat' dir='ltr'><strong>MENSIS</strong></span> <span class='ocrx_word' id='word_1_4' title='bbox 1985 296 2444 392; x_wconf 11' lang='lat' dir='ltr'><strong>.JANUARIUS.</strong></span> 
     </span>
    </p>
   </div>
   <div class='ocr_carea' id='block_1_3' title="bbox 3616 297 3734 368">
    <p class='ocr_par' dir='ltr' id='par_1_3' title="bbox 3616 297 3734 368">
     <span class='ocr_line' id='line_1_3' title="bbox 3616 297 3734 368; baseline 0.042 -5"><span class='ocrx_word' id='word_1_5' title='bbox 3616 297 3734 368; x_wconf 74' lang='lat'><strong>476</strong></span> 
     </span>
    </p>
   </div>
   <div class='ocr_carea' id='block_1_4' title="bbox 370 434 1997 520">
    <p class='ocr_par' dir='ltr' id='par_1_4' title="bbox 370 434 1997 520">
     <span class='ocr_line' id='line_1_4' title="bbox 370 434 1997 520; baseline 0.001 -23"><span class='ocrx_word' id='word_1_6' title='bbox 370 435 530 498; x_wconf 90' lang='lat' dir='ltr'><strong>enim</strong></span> <span class='ocrx_word' id='word_1_7' title='bbox 564 454 635 499; x_wconf 85' lang='lat' dir='ltr'><strong>ex</strong></span> <span class='ocrx_word' id='word_1_8' title='bbox 668 435 743 500; x_wconf 87' lang='lat' dir='ltr'><strong>iis</strong></span> <span class='ocrx_word' id='word_1_9' title='bbox 772 439 871 520; x_wconf 86' lang='lat' dir='ltr'><strong>qui</strong></span> <span class='ocrx_word' id='word_1_10' title='bbox 904 439 966 502; x_wconf 93' lang='lat' dir='ltr'><strong>in</strong></span> <span class='ocrx_word' id='word_1_11' title='bbox 998 438 1222 503; x_wconf 88' lang='lat' dir='ltr'><strong>mundo</strong></span> <span class='ocrx_word' id='word_1_12' title='bbox 1253 437 1531 516; x_wconf 89' lang='lat' dir='ltr'><strong>militant,</strong></span> <span class='ocrx_word' id='word_1_13' title='bbox 1555 453 1755 509; x_wconf 90' lang='lat' dir='ltr'><strong>nemo,</strong></span> <span class='ocrx_word' id='word_1_14' title='bbox 1784 434 1997 515; x_wconf 80' lang='lat' dir='ltr'><strong>inquit,</strong></span> 
     </span>
    </p>
   </div>
   <div class='ocr_carea' id='block_1_5' title="bbox 2086 434 3734 520">
    <p class='ocr_par' dir='ltr' id='par_1_5' title="bbox 2092 435 3734 519">
     <span class='ocr_line' id='line_1_5' title="bbox 2092 435 3734 519; baseline 0.005 -29"><span class='ocrx_word' id='word_1_15' title='bbox 2092 437 2365 512; x_wconf 80' lang='grc' dir='ltr'>περιττὸς,</span> <span class='ocrx_word' id='word_1_16' title='bbox 2426 437 2483 500; x_wconf 88' lang='grc' dir='ltr'><strong>ὃς</strong></span> <span class='ocrx_word' id='word_1_17' title='bbox 2527 437 2867 497; x_wconf 84' lang='grc' dir='ltr'>παντάπασιν</span> <span class='ocrx_word' id='word_1_18' title='bbox 2923 436 3149 519; x_wconf 76' lang='grc' dir='ltr'>ἀκριϐὴς</span> <span class='ocrx_word' id='word_1_19' title='bbox 3193 435 3267 497; x_wconf 82' lang='grc' dir='ltr'><strong>ὣν</strong></span> <span class='ocrx_word' id='word_1_20' title='bbox 3315 437 3405 497; x_wconf 83' lang='grc' dir='ltr'><strong>καὶ</strong></span> <span class='ocrx_word' id='word_1_21' title='bbox 3433 438 3734 509; x_wconf 81' lang='grc' dir='ltr'>ἆνάστητος</span> 
     </span>
    </p>
   </div>
   <div class='ocr_carea' id='block_1_6' title="bbox 370 526 2009 608">
    <p class='ocr_par' dir='ltr' id='par_1_6' title="bbox 370 526 2009 608">
     <span class='ocr_line' id='line_1_6' title="bbox 370 526 2009 608; baseline -0.002 -17"><span class='ocrx_word' id='word_1_22' title='bbox 370 534 463 591; x_wconf 86' lang='lat' dir='ltr'><strong>est</strong></span> <span class='ocrx_word' id='word_1_23' title='bbox 492 536 608 591; x_wconf 89' lang='lat' dir='ltr'><strong>tam</strong></span> <span class='ocrx_word' id='word_1_24' title='bbox 641 528 859 593; x_wconf 87' lang='lat' dir='ltr'><strong>invicta</strong></span> <span class='ocrx_word' id='word_1_25' title='bbox 881 532 1146 605; x_wconf 87' lang='lat' dir='ltr'><strong>audacia,</strong></span> <span class='ocrx_word' id='word_1_26' title='bbox 1174 538 1233 592; x_wconf 93' lang='lat' dir='ltr'><strong>et</strong></span> <span class='ocrx_word' id='word_1_27' title='bbox 1257 538 1372 592; x_wconf 89' lang='lat' dir='ltr'><strong>tam</strong></span> <span class='ocrx_word' id='word_1_28' title='bbox 1406 528 1623 608; x_wconf 82' lang='lat' dir='ltr'>insigni</span> <span class='ocrx_word' id='word_1_29' title='bbox 1646 526 1920 598; x_wconf 89' lang='lat' dir='ltr'><strong>stultitia,</strong></span> <span class='ocrx_word' id='word_1_30' title='bbox 1943 533 2009 588; x_wconf 87' lang='lat' dir='ltr'><strong>ut</strong></span> 
     </span>
    </p>
   </div>
   <div class='ocr_carea' id='block_1_7' title="bbox 372 618 2008 701">
    <p class='ocr_par' dir='ltr' id='par_1_7' title="bbox 372 618 2008 701">
     <span class='ocr_line' id='line_1_7' title="bbox 372 618 2008 701; baseline -0.002 -19"><span class='ocrx_word' id='word_1_31' title='bbox 372 619 424 682; x_wconf 90' lang='lat' dir='ltr'>si</span> <span class='ocrx_word' id='word_1_32' title='bbox 448 619 525 681; x_wconf 93' lang='lat' dir='ltr'><strong>sit</strong></span> <span class='ocrx_word' id='word_1_33' title='bbox 546 620 720 701; x_wconf 84' lang='lat' dir='ltr'><strong>plane</strong></span> <span class='ocrx_word' id='word_1_34' title='bbox 744 622 910 684; x_wconf 89' lang='lat' dir='ltr'><strong>rudis</strong></span> <span class='ocrx_word' id='word_1_35' title='bbox 934 629 992 684; x_wconf 87' lang='lat' dir='ltr'><strong>et</strong></span> <span class='ocrx_word' id='word_1_36' title='bbox 1013 623 1069 682; x_wconf 91' lang='lat' dir='ltr'><strong>in</strong></span> <span class='ocrx_word' id='word_1_37' title='bbox 1088 639 1154 683; x_wconf 87' lang='lat' dir='ltr'><strong>re</strong></span> <span class='ocrx_word' id='word_1_38' title='bbox 1179 619 1685 684; x_wconf 91' lang='lat' dir='ltr'><strong>militariomnino</strong></span> <span class='ocrx_word' id='word_1_39' title='bbox 1710 618 2008 680; x_wconf 82' lang='lat' dir='ltr'><strong>inexerci-</strong></span> 
     </span>
    </p>
   </div>
   <div class='ocr_carea' id='block_1_8' title="bbox 372 708 2004 789">
    <p class='ocr_par' dir='ltr' id='par_1_8' title="bbox 372 708 2004 789">
     <span class='ocr_line' id='line_1_8' title="bbox 372 708 2004 789; baseline -0.001 -19"><span class='ocrx_word' id='word_1_40' title='bbox 372 716 553 782; x_wconf 81' lang='lat' dir='ltr'><strong>tatus,</strong></span> <span class='ocrx_word' id='word_1_41' title='bbox 581 728 616 770; x_wconf 88' lang='lat' dir='ltr'><strong>a</strong></span> <span class='ocrx_word' id='word_1_42' title='bbox 645 709 803 772; x_wconf 91' lang='lat' dir='ltr'><strong>linea</strong></span> <span class='ocrx_word' id='word_1_43' title='bbox 824 711 880 772; x_wconf 89' lang='lat' dir='ltr'><strong>in</strong></span> <span class='ocrx_word' id='word_1_44' title='bbox 908 710 1138 773; x_wconf 88' lang='lat' dir='ltr'><strong>medios</strong></span> <span class='ocrx_word' id='word_1_45' title='bbox 1163 710 1357 772; x_wconf 79' lang='lat' dir='ltr'><strong>statim</strong></span> <span class='ocrx_word' id='word_1_46' title='bbox 1378 710 1579 771; x_wconf 79' lang='lat' dir='ltr'><strong>hostes</strong></span> <span class='ocrx_word' id='word_1_47' title='bbox 1602 708 1822 783; x_wconf 86' lang='lat' dir='ltr'><strong>irruat;</strong></span> <span class='ocrx_word' id='word_1_48' title='bbox 1850 726 2004 789; x_wconf 91' lang='lat' dir='ltr'><strong>quo-</strong></span> 
     </span>
    </p>
   </div>
   <div class='ocr_carea' id='block_1_9' title="bbox 373 797 2002 879">
    <p class='ocr_par' dir='ltr' id='par_1_9' title="bbox 373 797 2002 879">
     <span class='ocr_line' id='line_1_9' title="bbox 373 797 2002 879; baseline -0.001 -19"><span class='ocrx_word' id='word_1_49' title='bbox 373 798 551 860; x_wconf 88' lang='lat' dir='ltr'><strong>modo</strong></span> <span class='ocrx_word' id='word_1_50' title='bbox 565 801 795 877; x_wconf 80' lang='lat' dir='ltr'><strong>egocui</strong></span> <span class='ocrx_word' id='word_1_51' title='bbox 812 818 1021 862; x_wconf 91' lang='lat' dir='ltr'><strong>manus</strong></span> <span class='ocrx_word' id='word_1_52' title='bbox 1040 819 1156 861; x_wconf 92' lang='lat' dir='ltr'><strong>non</strong></span> <span class='ocrx_word' id='word_1_53' title='bbox 1184 808 1322 862; x_wconf 92' lang='lat' dir='ltr'><strong>sunt</strong></span> <span class='ocrx_word' id='word_1_54' title='bbox 1343 798 1592 861; x_wconf 64' lang='lat' dir='ltr'><strong>erudita:</strong></span> <span class='ocrx_word' id='word_1_55' title='bbox 1612 798 1681 859; x_wconf 91' lang='lat' dir='ltr'><strong>ad</strong></span> <span class='ocrx_word' id='word_1_56' title='bbox 1708 797 2002 879; x_wconf 64' lang='lat' dir='ltr'><strong>praelium,</strong></span> 
     </span>
    </p>
   </div>
   <div class='ocr_carea' id='block_1_10' title="bbox 373 887 2008 969">
    <p class='ocr_par' dir='ltr' id='par_1_10' title="bbox 373 887 2008 969">
     <span class='ocr_line' id='line_1_10' title="bbox 373 887 2008 969; baseline -0.001 -20"><span class='ocrx_word' id='word_1_57' title='bbox 373 906 485 949; x_wconf 86' lang='lat' dir='ltr'><strong>nec</strong></span> <span class='ocrx_word' id='word_1_58' title='bbox 506 888 669 967; x_wconf 88' lang='lat' dir='ltr'><strong>digiti</strong></span> <span class='ocrx_word' id='word_1_59' title='bbox 684 889 755 950; x_wconf 88' lang='lat' dir='ltr'><strong>ad</strong></span> <span class='ocrx_word' id='word_1_60' title='bbox 784 888 1241 967; x_wconf 84' lang='lat' dir='ltr'><strong>bellum,neque</strong></span> <span class='ocrx_word' id='word_1_61' title='bbox 1262 908 1524 969; x_wconf 89' lang='lat' dir='ltr'><strong>superna</strong></span> <span class='ocrx_word' id='word_1_62' title='bbox 1548 907 1676 950; x_wconf 90' lang='lat' dir='ltr'><strong>sum</strong></span> <span class='ocrx_word' id='word_1_63' title='bbox 1700 887 2008 949; x_wconf 85' lang='lat' dir='ltr'><strong>accinctus</strong></span> 
     </span>
    </p>
   </div>
   <div class='ocr_carea' id='block_1_11' title="bbox 367 977 2005 1060">
    <p class='ocr_par' dir='ltr' id='par_1_11' title="bbox 367 977 2005 1060">
     <span class='ocr_line' id='line_1_11' title="bbox 367 977 2005 1060; baseline 0 -21"><span class='ocrx_word' id='word_1_64' title='bbox 367 980 629 1058; x_wconf 89' lang='lat' dir='ltr'><strong>potentia</strong></span> <span class='ocrx_word' id='word_1_65' title='bbox 656 1002 668 1038; x_wconf 91' lang='lat'><strong>:</strong></span> <span class='ocrx_word' id='word_1_66' title='bbox 695 978 877 1060; x_wconf 82' lang='lat' dir='ltr'><strong>idque</strong></span> <span class='ocrx_word' id='word_1_67' title='bbox 904 999 1039 1042; x_wconf 90' lang='lat' dir='ltr'><strong>cum</strong></span> <span class='ocrx_word' id='word_1_68' title='bbox 1073 983 1149 1044; x_wconf 88' lang='lat' dir='ltr'><strong>sit</strong></span> <span class='ocrx_word' id='word_1_69' title='bbox 1170 978 1481 1042; x_wconf 80' lang='lat' dir='ltr'><strong>conﬂictus</strong></span> <span class='ocrx_word' id='word_1_70' title='bbox 1506 978 1681 1058; x_wconf 89' lang='lat' dir='ltr'><strong>longe</strong></span> <span class='ocrx_word' id='word_1_71' title='bbox 1706 977 2005 1059; x_wconf 91' lang='lat' dir='ltr'><strong>periculo-</strong></span> 
     </span>
    </p>
   </div>
   <div class='ocr_carea' id='block_1_12' title="bbox 368 1067 2007 1151">
    <p class='ocr_par' dir='ltr' id='par_1_12' title="bbox 368 1067 2007 1151">
     <span class='ocr_line' id='line_1_12' title="bbox 368 1067 2007 1151; baseline 0.001 -22"><span class='ocrx_word' id='word_1_72' title='bbox 368 1067 492 1130; x_wconf 85' lang='lat' dir='ltr'><strong>sior</strong></span> <span class='ocrx_word' id='word_1_73' title='bbox 518 1072 579 1132; x_wconf 89' lang='lat' dir='ltr'><strong>et</strong></span> <span class='ocrx_word' id='word_1_74' title='bbox 608 1068 915 1150; x_wconf 83' lang='lat' dir='ltr'><strong>incertior,</strong></span> <span class='ocrx_word' id='word_1_75' title='bbox 950 1070 1237 1133; x_wconf 73' lang='lat' dir='ltr'><strong>adversus</strong></span> <span class='ocrx_word' id='word_1_76' title='bbox 1283 1069 1672 1151; x_wconf 85' lang='lat' dir='ltr'><strong>principatus,</strong></span> <span class='ocrx_word' id='word_1_77' title='bbox 1725 1070 2007 1130; x_wconf 79' lang='lat' dir='ltr'><strong>adversus</strong></span> 
     </span>
    </p>
   </div>
   <div class='ocr_carea' id='block_1_13' title="bbox 367 1156 2001 1239">
    <p class='ocr_par' dir='ltr' id='par_1_13' title="bbox 367 1156 2001 1239">
     <span class='ocr_line' id='line_1_13' title="bbox 367 1156 2001 1239; baseline 0.001 -20"><span class='ocrx_word' id='word_1_78' title='bbox 367 1167 711 1237; x_wconf 78' lang='lat' dir='ltr'><strong>potestates,</strong></span> <span class='ocrx_word' id='word_1_79' title='bbox 747 1161 1031 1222; x_wconf 87' lang='lat' dir='ltr'><strong>adversus</strong></span> <span class='ocrx_word' id='word_1_80' title='bbox 1063 1160 1270 1222; x_wconf 87' lang='lat' dir='ltr'><strong>mundi</strong></span> <span class='ocrx_word' id='word_1_81' title='bbox 1298 1158 1601 1239; x_wconf 84' lang='lat' dir='ltr'><strong>principes</strong></span> <span class='ocrx_word' id='word_1_82' title='bbox 1623 1156 2001 1220; x_wconf 87' lang='lat' dir='ltr'><strong>tenebrarum</strong></span> 
     </span>
    </p>
   </div>
   <div class='ocr_carea' id='block_1_14' title="bbox 362 1246 2001 1330">
    <p class='ocr_par' dir='ltr' id='par_1_14' title="bbox 362 1246 2001 1330">
     <span class='ocr_line' id='line_1_14' title="bbox 362 1246 2001 1330; baseline -0.001 -21"><span class='ocrx_word' id='word_1_83' title='bbox 362 1246 545 1328; x_wconf 85' lang='lat' dir='ltr'><strong>hujus</strong></span> <span class='ocrx_word' id='word_1_84' title='bbox 570 1250 1093 1324; x_wconf 67' lang='lat' dir='ltr'><strong>saeculi,adversus</strong></span> <span class='ocrx_word' id='word_1_85' title='bbox 1114 1247 2001 1330; x_wconf 64' lang='lat' dir='ltr'><strong>spiritualianequitiae,possem</strong></span> 
     </span>
    </p>
   </div>
   <div class='ocr_carea' id='block_1_15' title="bbox 2088 524 3735 607">
    <p class='ocr_par' dir='ltr' id='par_1_15' title="bbox 2088 524 3735 607">
     <span class='ocr_line' id='line_1_15' title="bbox 2088 524 3735 607; baseline 0.005 -28"><span class='ocrx_word' id='word_1_86' title='bbox 2088 524 2155 579; x_wconf 78' lang='grc' dir='ltr'>τὰ</span> <span class='ocrx_word' id='word_1_87' title='bbox 2211 525 2467 601; x_wconf 81' lang='grc' dir='ltr'>πολέμια,</span> <span class='ocrx_word' id='word_1_88' title='bbox 2521 529 2668 591; x_wconf 74' lang='grc' dir='ltr'>εὒθὺς</span> <span class='ocrx_word' id='word_1_89' title='bbox 2717 528 2824 585; x_wconf 77' lang='grc' dir='ltr'><strong>ἀπὸ</strong></span> <span class='ocrx_word' id='word_1_90' title='bbox 2867 528 3122 607; x_wconf 75' lang='grc' dir='ltr'>γραμμῆς</span> <span class='ocrx_word' id='word_1_91' title='bbox 3163 530 3239 593; x_wconf 85' lang='grc' dir='ltr'>εἷς</span> <span class='ocrx_word' id='word_1_92' title='bbox 3271 528 3465 602; x_wconf 83' lang='grc' dir='ltr'><strong>μέσους</strong></span> <span class='ocrx_word' id='word_1_93' title='bbox 3495 527 3562 599; x_wconf 80' lang='grc' dir='ltr'><strong>δὴ</strong></span> <span class='ocrx_word' id='word_1_94' title='bbox 3610 532 3735 599; x_wconf 83' lang='grc' dir='ltr'>τοὺς</span> 
     </span>
    </p>
   </div>
   <div class='ocr_carea' id='block_1_16' title="bbox 2088 612 3735 698">
    <p class='ocr_par' dir='ltr' id='par_1_16' title="bbox 2088 612 3735 698">
     <span class='ocr_line' id='line_1_16' title="bbox 2088 612 3735 698; baseline 0.005 -29"><span class='ocrx_word' id='word_1_95' title='bbox 2088 612 2373 689; x_wconf 87' lang='grc' dir='ltr'>πολεμίους</span> <span class='ocrx_word' id='word_1_96' title='bbox 2427 617 2613 674; x_wconf 65' lang='grc' dir='ltr'>ἑαδτὸν</span> <span class='ocrx_word' id='word_1_97' title='bbox 2684 615 3014 692; x_wconf 74' lang='grc' dir='ltr'>εἶσωθήσειὲ,</span> <span class='ocrx_word' id='word_1_98' title='bbox 3089 618 3205 683; x_wconf 79' lang='grc' dir='ltr'><strong>πῶς</strong></span> <span class='ocrx_word' id='word_1_99' title='bbox 3262 617 3324 675; x_wconf 79' lang='grc' dir='ltr'><strong>ἂν</strong></span> <span class='ocrx_word' id='word_1_100' title='bbox 3396 618 3504 698; x_wconf 84' lang='grc' dir='ltr'><strong>ἐγὼ</strong></span> <span class='ocrx_word' id='word_1_101' title='bbox 3561 621 3735 696; x_wconf 74' lang='grc' dir='ltr'>μήπω</span> 
     </span>
    </p>
   </div>
   <div class='ocr_carea' id='block_1_17' title="bbox 2087 704 3735 788">
    <p class='ocr_par' dir='ltr' id='par_1_17' title="bbox 2087 704 3735 788">
     <span class='ocr_line' id='line_1_17' title="bbox 2087 704 3735 788; baseline 0.005 -29"><span class='ocrx_word' id='word_1_102' title='bbox 2087 704 2181 765; x_wconf 78' lang='grc' dir='ltr'>τὰς</span> <span class='ocrx_word' id='word_1_103' title='bbox 2256 717 2452 785; x_wconf 84' lang='grc' dir='ltr'>χεῖρας</span> <span class='ocrx_word' id='word_1_104' title='bbox 2523 705 2789 788; x_wconf 84' lang='grc' dir='ltr'>διδαχθεὶς</span> <span class='ocrx_word' id='word_1_105' title='bbox 2875 710 2949 773; x_wconf 81' lang='grc' dir='ltr'><strong>εἰς</strong></span> <span class='ocrx_word' id='word_1_106' title='bbox 3036 707 3352 786; x_wconf 72' lang='grc' dir='ltr'>παράταξιν,</span> <span class='ocrx_word' id='word_1_107' title='bbox 3414 707 3551 783; x_wconf 74' lang='grc' dir='ltr'>μηδὲ</span> <span class='ocrx_word' id='word_1_108' title='bbox 3609 711 3735 773; x_wconf 80' lang='grc' dir='ltr'>τοὺς</span> 
     </span>
    </p>
   </div>
   <div class='ocr_carea' id='block_1_18' title="bbox 2089 791 3733 878">
    <p class='ocr_par' dir='ltr' id='par_1_18' title="bbox 2089 791 3733 878">
     <span class='ocr_line' id='line_1_18' title="bbox 2089 791 3733 878; baseline 0.004 -30"><span class='ocrx_word' id='word_1_109' title='bbox 2089 791 2376 858; x_wconf 84' lang='grc' dir='ltr'>δακτύλους</span> <span class='ocrx_word' id='word_1_110' title='bbox 2436 798 2509 860; x_wconf 77' lang='grc' dir='ltr'><strong>εἰς</strong></span> <span class='ocrx_word' id='word_1_111' title='bbox 2568 796 2833 878; x_wconf 87' lang='grc' dir='ltr'>πόλεμον,</span> <span class='ocrx_word' id='word_1_112' title='bbox 2891 795 3027 874; x_wconf 81' lang='grc' dir='ltr'>μηδὲ</span> <span class='ocrx_word' id='word_1_113' title='bbox 3078 798 3177 866; x_wconf 64' lang='grc' dir='ltr'>τὴν</span> <span class='ocrx_word' id='word_1_114' title='bbox 3228 798 3427 855; x_wconf 76' lang='grc' dir='ltr'>ἄνωθεν</span> <span class='ocrx_word' id='word_1_115' title='bbox 3470 806 3733 877; x_wconf 66' lang='grc' dir='ltr'>περιεζωα</span> 
     </span>
    </p>
   </div>
   <div class='ocr_carea' id='block_1_19' title="bbox 2091 883 3734 967">
    <p class='ocr_par' dir='ltr' id='par_1_19' title="bbox 2091 883 3734 967">
     <span class='ocr_line' id='line_1_19' title="bbox 2091 883 3734 967; baseline 0.005 -29"><span class='ocrx_word' id='word_1_116' title='bbox 2091 883 2284 958; x_wconf 81' lang='grc' dir='ltr'>σμένος</span> <span class='ocrx_word' id='word_1_117' title='bbox 2333 883 2575 967; x_wconf 86' lang='grc' dir='ltr'>δύναμιν,</span> <span class='ocrx_word' id='word_1_118' title='bbox 2636 888 2728 944; x_wconf 85' lang='grc' dir='ltr'><strong>καὶ</strong></span> <span class='ocrx_word' id='word_1_119' title='bbox 2781 887 2947 944; x_wconf 73' lang='grc' dir='ltr'>ταῦτα</span> <span class='ocrx_word' id='word_1_120' title='bbox 3020 892 3117 955; x_wconf 80' lang='grc' dir='ltr'>τῆς</span> <span class='ocrx_word' id='word_1_121' title='bbox 3176 886 3493 964; x_wconf 79' lang='grc' dir='ltr'><strong>συμπλοκῆς</strong></span> <span class='ocrx_word' id='word_1_122' title='bbox 3537 890 3734 956; x_wconf 84' lang='grc' dir='ltr'>ταύτης</span> 
     </span>
    </p>
   </div>
   <div class='ocr_carea' id='block_1_20' title="bbox 2088 973 3736 1059">
    <p class='ocr_par' dir='ltr' id='par_1_20' title="bbox 2088 973 3736 1059">
     <span class='ocr_line' id='line_1_20' title="bbox 2088 973 3736 1059; baseline 0.005 -32"><span class='ocrx_word' id='word_1_123' title='bbox 2088 973 2364 1032; x_wconf 82' lang='grc' dir='ltr'>καταπολὺ</span> <span class='ocrx_word' id='word_1_124' title='bbox 2422 974 2629 1050; x_wconf 90' lang='grc' dir='ltr'>μαλλον</span> <span class='ocrx_word' id='word_1_125' title='bbox 2678 975 3021 1041; x_wconf 82' lang='grc' dir='ltr'>κινδυνώδους</span> <span class='ocrx_word' id='word_1_126' title='bbox 3083 974 3243 1046; x_wconf 73' lang='grc' dir='ltr'>οὔσης</span> <span class='ocrx_word' id='word_1_127' title='bbox 3312 978 3400 1034; x_wconf 77' lang='grc' dir='ltr'><strong>καὶ</strong></span> <span class='ocrx_word' id='word_1_128' title='bbox 3442 976 3736 1059; x_wconf 82' lang='grc' dir='ltr'>σφαλερᾶς,</span> 
     </span>
    </p>
   </div>
   <div class='ocr_carea' id='block_1_21' title="bbox 2090 1064 3735 1146">
    <p class='ocr_par' dir='ltr' id='par_1_21' title="bbox 2090 1064 3735 1146">
     <span class='ocr_line' id='line_1_21' title="bbox 2090 1064 3735 1146; baseline 0.004 -28"><span class='ocrx_word' id='word_1_129' title='bbox 2090 1065 2221 1140; x_wconf 83' lang='grc' dir='ltr'>πρὸς</span> <span class='ocrx_word' id='word_1_130' title='bbox 2255 1064 2347 1127; x_wconf 78' lang='grc' dir='ltr'><strong>τὰς</strong></span> <span class='ocrx_word' id='word_1_131' title='bbox 2405 1064 2601 1146; x_wconf 78' lang='grc' dir='ltr'>ἀρχὰς,</span> <span class='ocrx_word' id='word_1_132' title='bbox 2650 1068 2779 1146; x_wconf 82' lang='grc' dir='ltr'>πρὸς</span> <span class='ocrx_word' id='word_1_133' title='bbox 2827 1067 2922 1131; x_wconf 77' lang='grc' dir='ltr'><strong>τὰς</strong></span> <span class='ocrx_word' id='word_1_134' title='bbox 2976 1066 3238 1135; x_wconf 66' lang='grc' dir='ltr'>ἐξουσίας,</span> <span class='ocrx_word' id='word_1_135' title='bbox 3293 1067 3424 1146; x_wconf 74' lang='grc' dir='ltr'>πρὸς</span> <span class='ocrx_word' id='word_1_136' title='bbox 3456 1068 3575 1134; x_wconf 82' lang='grc' dir='ltr'>τοὺς</span> <span class='ocrx_word' id='word_1_137' title='bbox 3632 1091 3735 1126; x_wconf 81' lang='grc' dir='ltr'>κο-</span> 
     </span>
    </p>
   </div>
   <div class='ocr_carea' id='block_1_22' title="bbox 2089 1151 3732 1236">
    <p class='ocr_par' dir='ltr' id='par_1_22' title="bbox 2089 1151 3732 1236">
     <span class='ocr_line' id='line_1_22' title="bbox 2089 1151 3732 1236; baseline 0.005 -29"><span class='ocrx_word' id='word_1_138' title='bbox 2089 1151 2457 1232; x_wconf 77' lang='grc' dir='ltr'>σμοκράτορας</span> <span class='ocrx_word' id='word_1_139' title='bbox 2513 1163 2606 1212; x_wconf 81' lang='grc' dir='ltr'>τοῦ</span> <span class='ocrx_word' id='word_1_140' title='bbox 2676 1156 2895 1222; x_wconf 71' lang='grc' dir='ltr'>σειότους</span> <span class='ocrx_word' id='word_1_141' title='bbox 2953 1163 3045 1214; x_wconf 78' lang='grc' dir='ltr'><strong>τοῦ</strong></span> <span class='ocrx_word' id='word_1_142' title='bbox 3104 1158 3294 1220; x_wconf 73' lang='grc' dir='ltr'>αἰῶνος</span> <span class='ocrx_word' id='word_1_143' title='bbox 3338 1157 3548 1231; x_wconf 87' lang='grc' dir='ltr'>τούτου,</span> <span class='ocrx_word' id='word_1_144' title='bbox 3601 1159 3732 1236; x_wconf 80' lang='grc' dir='ltr'>πρὸς</span> 
     </span>
    </p>
   </div>
   <div class='ocr_carea' id='block_1_23' title="bbox 2085 1241 3733 1326">
    <p class='ocr_par' dir='ltr' id='par_1_23' title="bbox 2085 1241 3733 1326">
     <span class='ocr_line' id='line_1_23' title="bbox 2085 1241 3733 1326; baseline 0.005 -30"><span class='ocrx_word' id='word_1_145' title='bbox 2085 1241 2150 1297; x_wconf 81' lang='grc' dir='ltr'>τὰ</span> <span class='ocrx_word' id='word_1_146' title='bbox 2234 1245 2567 1319; x_wconf 76' lang='grc' dir='ltr'>πνευματικὰ</span> <span class='ocrx_word' id='word_1_147' title='bbox 2662 1244 2760 1313; x_wconf 77' lang='grc' dir='ltr'>τῆς</span> <span class='ocrx_word' id='word_1_148' title='bbox 2875 1245 3130 1323; x_wconf 88' lang='grc' dir='ltr'>πονηρίας</span> <span class='ocrx_word' id='word_1_149' title='bbox 3211 1244 3733 1326; x_wconf 65' lang='grc' dir='ltr'><strong>ἀντιπαρατάξασθαι</strong></span> 
     </span>
    </p>
   </div>
   <div class='ocr_carea' id='block_1_24' title="bbox 366 1328 1997 1419">
    <p class='ocr_par' dir='ltr' id='par_1_24' title="bbox 366 1328 1997 1419">
     <span class='ocr_line' id='line_1_24' title="bbox 366 1328 1997 1419; baseline -0.001 -20"><span class='ocrx_word' id='word_1_150' title='bbox 366 1338 426 1400; x_wconf 91' lang='lat' dir='ltr'><strong>in</strong></span> <span class='ocrx_word' id='word_1_151' title='bbox 458 1339 585 1400; x_wconf 89' lang='lat' dir='ltr'><strong>acie</strong></span> <span class='ocrx_word' id='word_1_152' title='bbox 616 1339 996 1403; x_wconf 80' lang='lat' dir='ltr'><strong>consistere?</strong></span> <span class='ocrx_word' id='word_1_153' title='bbox 1028 1328 1241 1404; x_wconf 79' lang='lat' dir='ltr'><strong>Restat</strong></span> <span class='ocrx_word' id='word_1_154' title='bbox 1263 1357 1428 1419; x_wconf 85' lang='lat' dir='ltr'><strong>ergo,</strong></span> <span class='ocrx_word' id='word_1_155' title='bbox 1463 1345 1525 1400; x_wconf 91' lang='lat' dir='ltr'><strong>ut</strong></span> <span class='ocrx_word' id='word_1_156' title='bbox 1556 1328 1864 1418; x_wconf 83' lang='lat' dir='ltr'><strong>postquam</strong></span> <span class='ocrx_word' id='word_1_157' title='bbox 1894 1356 1997 1416; x_wconf 91' lang='lat' dir='ltr'><strong>ego</strong></span> 
     </span>
    </p>
   </div>
   <div class='ocr_carea' id='block_1_25' title="bbox 2086 1328 3734 1419">
    <p class='ocr_par' dir='ltr' id='par_1_25' title="bbox 2087 1328 3734 1415">
     <span class='ocr_line' id='line_1_25' title="bbox 2087 1328 3734 1415; baseline 0.004 -28"><span class='ocrx_word' id='word_1_158' title='bbox 2087 1328 2413 1409; x_wconf 72' lang='grc' dir='ltr'>δυνηθείηι;</span> <span class='ocrx_word' id='word_1_159' title='bbox 2464 1334 2713 1391; x_wconf 84' lang='grc' dir='ltr'>Λείπεται</span> <span class='ocrx_word' id='word_1_160' title='bbox 2772 1335 2897 1412; x_wconf 75' lang='grc' dir='ltr'>γοῦν</span> <span class='ocrx_word' id='word_1_161' title='bbox 2955 1335 3125 1415; x_wconf 79' lang='grc' dir='ltr'>ἁγίοις</span> <span class='ocrx_word' id='word_1_162' title='bbox 3181 1357 3248 1410; x_wconf 83' lang='grc' dir='ltr'><strong>με</strong></span> <span class='ocrx_word' id='word_1_163' title='bbox 3306 1338 3563 1415; x_wconf 78' lang='grc' dir='ltr'>πρότερον</span> <span class='ocrx_word' id='word_1_164' title='bbox 3620 1358 3734 1413; x_wconf 87' lang='grc' dir='ltr'>μα-</span> 
     </span>
    </p>
   </div>
   <div class='ocr_carea' id='block_1_26' title="bbox 364 1421 1997 1509">
    <p class='ocr_par' dir='ltr' id='par_1_26' title="bbox 364 1427 1997 1509">
     <span class='ocr_line' id='line_1_26' title="bbox 364 1427 1997 1509; baseline -0.002 -17"><span class='ocrx_word' id='word_1_165' title='bbox 364 1447 400 1492; x_wconf 89' lang='lat' dir='ltr'><strong>a</strong></span> <span class='ocrx_word' id='word_1_166' title='bbox 443 1429 665 1492; x_wconf 85' lang='lat' dir='ltr'><strong>sanctis</strong></span> <span class='ocrx_word' id='word_1_167' title='bbox 715 1428 985 1492; x_wconf 84' lang='lat' dir='ltr'><strong>Patrihus</strong></span> <span class='ocrx_word' id='word_1_168' title='bbox 1037 1430 1331 1507; x_wconf 84' lang='lat' dir='ltr'><strong>didicero,</strong></span> <span class='ocrx_word' id='word_1_169' title='bbox 1367 1428 1467 1509; x_wconf 81' lang='lat' dir='ltr'><strong>qui</strong></span> <span class='ocrx_word' id='word_1_170' title='bbox 1518 1446 1584 1490; x_wconf 91' lang='lat' dir='ltr'><strong>se</strong></span> <span class='ocrx_word' id='word_1_171' title='bbox 1614 1433 1673 1489; x_wconf 89' lang='lat' dir='ltr'><strong>in</strong></span> <span class='ocrx_word' id='word_1_172' title='bbox 1713 1427 1806 1488; x_wconf 90' lang='lat' dir='ltr'><strong>his</strong></span> <span class='ocrx_word' id='word_1_173' title='bbox 1840 1428 1997 1506; x_wconf 89' lang='lat' dir='ltr'><strong>prius</strong></span> 
     </span>
    </p>
   </div>
   <div class='ocr_carea' id='block_1_27' title="bbox 2086 1421 3731 1509">
    <p class='ocr_par' dir='ltr' id='par_1_27' title="bbox 2086 1421 3731 1503">
     <span class='ocr_line' id='line_1_27' title="bbox 2086 1421 3731 1503; baseline 0.004 -26"><span class='ocrx_word' id='word_1_174' title='bbox 2086 1421 2400 1487; x_wconf 79' lang='grc' dir='ltr'>θητευθέντα</span> <span class='ocrx_word' id='word_1_175' title='bbox 2458 1425 2739 1503; x_wconf 82' lang='grc' dir='ltr'>πατράσιν,</span> <span class='ocrx_word' id='word_1_176' title='bbox 2785 1425 2875 1488; x_wconf 80' lang='grc' dir='ltr'><strong>οῖς</strong></span> <span class='ocrx_word' id='word_1_177' title='bbox 2925 1425 2989 1482; x_wconf 78' lang='grc' dir='ltr'><strong>τὰ</strong></span> <span class='ocrx_word' id='word_1_178' title='bbox 3038 1422 3177 1481; x_wconf 80' lang='grc' dir='ltr'>καλὰ</span> <span class='ocrx_word' id='word_1_179' title='bbox 3234 1427 3579 1503; x_wconf 73' lang='grc' dir='ltr'>προησκήθη,</span> <span class='ocrx_word' id='word_1_180' title='bbox 3642 1427 3731 1482; x_wconf 75' lang='grc' dir='ltr'>καὶ</span> 
     </span>
    </p>
   </div>
   <div class='ocr_carea' id='block_1_28' title="bbox 362 1512 1997 1596">
    <p class='ocr_par' dir='ltr' id='par_1_28' title="bbox 362 1516 1997 1594">
     <span class='ocr_line' id='line_1_28' title="bbox 362 1516 1997 1594; baseline -0.004 -11"><span class='ocrx_word' id='word_1_181' title='bbox 362 1528 527 1583; x_wconf 89' lang='lat' dir='ltr'><strong>recte</strong></span> <span class='ocrx_word' id='word_1_182' title='bbox 557 1528 981 1594; x_wconf 81' lang='lat' dir='ltr'><strong>exercuerunt,</strong></span> <span class='ocrx_word' id='word_1_183' title='bbox 1015 1528 1074 1581; x_wconf 91' lang='lat' dir='ltr'><strong>et</strong></span> <span class='ocrx_word' id='word_1_184' title='bbox 1104 1520 1247 1581; x_wconf 90' lang='lat' dir='ltr'><strong>satis</strong></span> <span class='ocrx_word' id='word_1_185' title='bbox 1275 1518 1349 1580; x_wconf 91' lang='lat' dir='ltr'><strong>ab</strong></span> <span class='ocrx_word' id='word_1_186' title='bbox 1382 1519 1471 1581; x_wconf 88' lang='lat' dir='ltr'><strong>eis</strong></span> <span class='ocrx_word' id='word_1_187' title='bbox 1504 1517 1670 1579; x_wconf 63' lang='lat' dir='ltr'><strong>fut-ro</strong></span> <span class='ocrx_word' id='word_1_188' title='bbox 1704 1516 1997 1578; x_wconf 85' lang='lat' dir='ltr'><strong>institutus</strong></span> 
     </span>
    </p>
   </div>
   <div class='ocr_carea' id='block_1_29' title="bbox 2086 1512 3728 1596">
    <p class='ocr_par' dir='ltr' id='par_1_29' title="bbox 2086 1512 3728 1596">
     <span class='ocr_line' id='line_1_29' title="bbox 2086 1512 3728 1596; baseline 0.004 -31"><span class='ocrx_word' id='word_1_189' title='bbox 2086 1512 2277 1577; x_wconf 79' lang='grc' dir='ltr'>ἱκανῶς</span> <span class='ocrx_word' id='word_1_190' title='bbox 2334 1513 2424 1569; x_wconf 83' lang='grc' dir='ltr'><strong>ὑπ’</strong></span> <span class='ocrx_word' id='word_1_191' title='bbox 2482 1518 2663 1576; x_wconf 71' lang='grc' dir='ltr'>αὐτοῖς</span> <span class='ocrx_word' id='word_1_192' title='bbox 2722 1515 2787 1571; x_wconf 80' lang='grc' dir='ltr'><strong>τὰ</strong></span> <span class='ocrx_word' id='word_1_193' title='bbox 2843 1515 2974 1593; x_wconf 82' lang='grc' dir='ltr'>πρὸς</span> <span class='ocrx_word' id='word_1_194' title='bbox 3043 1515 3163 1577; x_wconf 78' lang='grc' dir='ltr'>τοὺς</span> <span class='ocrx_word' id='word_1_195' title='bbox 3224 1515 3448 1581; x_wconf 80' lang='grc' dir='ltr'>νοητοὺς</span> <span class='ocrx_word' id='word_1_196' title='bbox 3499 1514 3728 1596; x_wconf 75' lang='grc' dir='ltr'>ἐχθροὺς</span> 
     </span>
    </p>
   </div>
   <div class='ocr_carea' id='block_1_30' title="bbox 364 1603 1997 1688">
    <p class='ocr_par' dir='ltr' id='par_1_30' title="bbox 364 1606 1997 1688">
     <span class='ocr_line' id='line_1_30' title="bbox 364 1606 1997 1688; baseline -0.003 -16"><span class='ocrx_word' id='word_1_197' title='bbox 364 1609 440 1673; x_wconf 89' lang='lat' dir='ltr'><strong>ad</strong></span> <span class='ocrx_word' id='word_1_198' title='bbox 469 1609 896 1672; x_wconf 89' lang='lat' dir='ltr'><strong>decertandum</strong></span> <span class='ocrx_word' id='word_1_199' title='bbox 932 1620 1146 1671; x_wconf 89' lang='lat' dir='ltr'><strong>contra</strong></span> <span class='ocrx_word' id='word_1_200' title='bbox 1176 1610 1404 1681; x_wconf 87' lang='lat' dir='ltr'><strong>hostes,</strong></span> <span class='ocrx_word' id='word_1_201' title='bbox 1440 1607 1540 1688; x_wconf 90' lang='lat' dir='ltr'><strong>qui</strong></span> <span class='ocrx_word' id='word_1_202' title='bbox 1591 1606 1997 1687; x_wconf 85' lang='lat' dir='ltr'><strong>percipiuntur</strong></span> 
     </span>
    </p>
   </div>
   <div class='ocr_carea' id='block_1_31' title="bbox 2086 1603 3728 1688">
    <p class='ocr_par' dir='ltr' id='par_1_31' title="bbox 2086 1603 3728 1683">
     <span class='ocr_line' id='line_1_31' title="bbox 2086 1603 3728 1683; baseline 0.002 -26"><span class='ocrx_word' id='word_1_203' title='bbox 2086 1603 2512 1683; x_wconf 87' lang='grc' dir='ltr'>γυμνασάμενον,</span> <span class='ocrx_word' id='word_1_204' title='bbox 2545 1604 2670 1660; x_wconf 80' lang='grc' dir='ltr'>εἶτα</span> <span class='ocrx_word' id='word_1_205' title='bbox 2707 1606 2796 1660; x_wconf 81' lang='grc' dir='ltr'><strong>καὶ</strong></span> <span class='ocrx_word' id='word_1_206' title='bbox 2824 1605 2946 1667; x_wconf 79' lang='grc' dir='ltr'>τοὺς</span> <span class='ocrx_word' id='word_1_207' title='bbox 2992 1604 3094 1661; x_wconf 77' lang='grc' dir='ltr'><strong>ὑπὸ</strong></span> <span class='ocrx_word' id='word_1_208' title='bbox 3125 1608 3225 1671; x_wconf 79' lang='grc' dir='ltr'><strong>τῆς</strong></span> <span class='ocrx_word' id='word_1_209' title='bbox 3255 1604 3486 1683; x_wconf 79' lang='grc' dir='ltr'>ἡσυχίας</span> <span class='ocrx_word' id='word_1_210' title='bbox 3518 1608 3728 1683; x_wconf 78' lang='grc' dir='ltr'>φυομέ-</span> 
     </span>
    </p>
   </div>
   <div class='ocr_carea' id='block_1_32' title="bbox 361 1695 2000 1779">
    <p class='ocr_par' dir='ltr' id='par_1_32' title="bbox 361 1695 2000 1779">
     <span class='ocr_line' id='line_1_32' title="bbox 361 1695 2000 1779; baseline -0.002 -17"><span class='ocrx_word' id='word_1_211' title='bbox 361 1698 784 1778; x_wconf 82' lang='lat' dir='ltr'><strong>intelligentia,</strong></span> <span class='ocrx_word' id='word_1_212' title='bbox 818 1698 1041 1761; x_wconf 91' lang='lat' dir='ltr'><strong>deinde</strong></span> <span class='ocrx_word' id='word_1_213' title='bbox 1072 1701 1132 1759; x_wconf 92' lang='lat' dir='ltr'><strong>in</strong></span> <span class='ocrx_word' id='word_1_214' title='bbox 1166 1707 1435 1779; x_wconf 90' lang='lat' dir='ltr'><strong>tempore</strong></span> <span class='ocrx_word' id='word_1_215' title='bbox 1468 1695 1790 1776; x_wconf 91' lang='lat' dir='ltr'><strong>percipiam</strong></span> <span class='ocrx_word' id='word_1_216' title='bbox 1837 1696 2000 1759; x_wconf 87' lang='lat' dir='ltr'><strong>fruc-</strong></span> 
     </span>
    </p>
   </div>
   <div class='ocr_carea' id='block_1_33' title="bbox 361 1786 1716 1868">
    <p class='ocr_par' dir='ltr' id='par_1_33' title="bbox 361 1786 1716 1868">
     <span class='ocr_line' id='line_1_33' title="bbox 361 1786 1716 1868; baseline -0.003 -16"><span class='ocrx_word' id='word_1_217' title='bbox 361 1797 479 1858; x_wconf 88' lang='lat' dir='ltr'><strong>tus.</strong></span> <span class='ocrx_word' id='word_1_218' title='bbox 515 1789 617 1868; x_wconf 87' lang='lat' dir='ltr'><strong>qui</strong></span> <span class='ocrx_word' id='word_1_219' title='bbox 647 1788 1009 1866; x_wconf 83' lang='lat' dir='ltr'><strong>colliguntur</strong></span> <span class='ocrx_word' id='word_1_220' title='bbox 1040 1807 1108 1851; x_wconf 84' lang='lat' dir='ltr'><strong>ex</strong></span> <span class='ocrx_word' id='word_1_221' title='bbox 1144 1788 1340 1867; x_wconf 85' lang='lat' dir='ltr'><strong>quiete</strong></span> <span class='ocrx_word' id='word_1_222' title='bbox 1369 1796 1428 1849; x_wconf 94' lang='lat' dir='ltr'><strong>et</strong></span> <span class='ocrx_word' id='word_1_223' title='bbox 1457 1786 1716 1848; x_wconf 92' lang='lat' dir='ltr'><strong>silentio.</strong></span> 
     </span>
    </p>
   </div>
   <div class='ocr_carea' id='block_1_34' title="bbox 436 1875 1997 1958">
    <p class='ocr_par' dir='ltr' id='par_1_34' title="bbox 436 1875 1997 1958">
     <span class='ocr_line' id='line_1_34' title="bbox 436 1875 1997 1958; baseline -0.003 -17"><span class='ocrx_word' id='word_1_224' title='bbox 436 1881 498 1941; x_wconf 87' lang='grc'><strong>7.</strong></span> <span class='ocrx_word' id='word_1_225' title='bbox 533 1878 671 1940; x_wconf 63' lang='lat' dir='ltr'><strong>Haec.</strong></span> <span class='ocrx_word' id='word_1_226' title='bbox 693 1896 827 1940; x_wconf 91' lang='lat' dir='ltr'><strong>cum</strong></span> <span class='ocrx_word' id='word_1_227' title='bbox 848 1877 1285 1957; x_wconf 87' lang='lat' dir='ltr'><strong>sapientissime</strong></span> <span class='ocrx_word' id='word_1_228' title='bbox 1308 1876 1628 1958; x_wconf 82' lang='lat' dir='ltr'><strong>cogitasset</strong></span> <span class='ocrx_word' id='word_1_229' title='bbox 1658 1875 1810 1955; x_wconf 84' lang='lat' dir='ltr'><strong>(erat</strong></span> <span class='ocrx_word' id='word_1_230' title='bbox 1841 1875 1997 1937; x_wconf 92' lang='lat' dir='ltr'><strong>enim</strong></span> 
     </span>
    </p>
   </div>
   <div class='ocr_carea' id='block_1_35' title="bbox 364 1963 1999 2048">
    <p class='ocr_par' dir='ltr' id='par_1_35' title="bbox 364 1963 1999 2048">
     <span class='ocr_line' id='line_1_35' title="bbox 364 1963 1999 2048; baseline -0.002 -18"><span class='ocrx_word' id='word_1_231' title='bbox 364 1969 421 2031; x_wconf 91' lang='lat' dir='ltr'><strong>ei</strong></span> <span class='ocrx_word' id='word_1_232' title='bbox 451 1968 610 2029; x_wconf 73' lang='lat' dir='ltr'><strong>inter</strong></span> <span class='ocrx_word' id='word_1_233' title='bbox 637 1967 751 2030; x_wconf 91' lang='lat' dir='ltr'><strong>alia</strong></span> <span class='ocrx_word' id='word_1_234' title='bbox 781 1968 1046 2048; x_wconf 85' lang='lat' dir='ltr'><strong>perfecta</strong></span> <span class='ocrx_word' id='word_1_235' title='bbox 1073 1985 1309 2048; x_wconf 91' lang='lat' dir='ltr'><strong>quoque</strong></span> <span class='ocrx_word' id='word_1_236' title='bbox 1342 1964 1757 2044; x_wconf 83' lang='lat' dir='ltr'><strong>intelligentia)</strong></span> <span class='ocrx_word' id='word_1_237' title='bbox 1802 1963 1999 2026; x_wconf 88' lang='lat' dir='ltr'><strong>statim</strong></span> 
     </span>
    </p>
   </div>
   <div class='ocr_carea' id='block_1_36' title="bbox 361 2053 1997 2138">
    <p class='ocr_par' dir='ltr' id='par_1_36' title="bbox 361 2053 1997 2138">
     <span class='ocr_line' id='line_1_36' title="bbox 361 2053 1997 2138; baseline -0.003 -19"><span class='ocrx_word' id='word_1_238' title='bbox 361 2074 429 2119; x_wconf 88' lang='lat' dir='ltr'><strong>se</strong></span> <span class='ocrx_word' id='word_1_239' title='bbox 456 2056 753 2119; x_wconf 85' lang='lat' dir='ltr'><strong>convertit</strong></span> <span class='ocrx_word' id='word_1_240' title='bbox 791 2057 861 2118; x_wconf 87' lang='lat' dir='ltr'><strong>ad</strong></span> <span class='ocrx_word' id='word_1_241' title='bbox 897 2075 999 2118; x_wconf 90' lang='lat' dir='ltr'><strong>eos</strong></span> <span class='ocrx_word' id='word_1_242' title='bbox 1030 2056 1409 2138; x_wconf 62' lang='lat' dir='ltr'><strong>quarendos,</strong></span> <span class='ocrx_word' id='word_1_243' title='bbox 1458 2056 1560 2136; x_wconf 92' lang='lat' dir='ltr'><strong>qui</strong></span> <span class='ocrx_word' id='word_1_244' title='bbox 1591 2053 1812 2116; x_wconf 91' lang='lat' dir='ltr'><strong>bonum</strong></span> <span class='ocrx_word' id='word_1_245' title='bbox 1864 2072 1997 2115; x_wconf 91' lang='lat' dir='ltr'><strong>cum</strong></span> 
     </span>
    </p>
   </div>
   <div class='ocr_carea' id='block_1_37' title="bbox 360 2143 1999 2226">
    <p class='ocr_par' dir='ltr' id='par_1_37' title="bbox 360 2143 1999 2226">
     <span class='ocr_line' id='line_1_37' title="bbox 360 2143 1999 2226; baseline -0.002 -18"><span class='ocrx_word' id='word_1_246' title='bbox 360 2144 569 2209; x_wconf 86' lang='lat' dir='ltr'><strong>labore</strong></span> <span class='ocrx_word' id='word_1_247' title='bbox 621 2145 981 2209; x_wconf 85' lang='lat' dir='ltr'><strong>meditantur</strong></span> <span class='ocrx_word' id='word_1_248' title='bbox 1021 2165 1034 2209; x_wconf 93' lang='lat'>:</span> <span class='ocrx_word' id='word_1_249' title='bbox 1067 2154 1129 2207; x_wconf 92' lang='lat' dir='ltr'><strong>ut</strong></span> <span class='ocrx_word' id='word_1_250' title='bbox 1161 2148 1259 2226; x_wconf 90' lang='lat' dir='ltr'><strong>qui</strong></span> <span class='ocrx_word' id='word_1_251' title='bbox 1292 2145 1494 2220; x_wconf 90' lang='lat' dir='ltr'><strong>sciret,</strong></span> <span class='ocrx_word' id='word_1_252' title='bbox 1530 2144 1687 2224; x_wconf 91' lang='lat' dir='ltr'><strong>quod</strong></span> <span class='ocrx_word' id='word_1_253' title='bbox 1722 2143 1999 2223; x_wconf 88' lang='lat' dir='ltr'><strong>patiendo</strong></span> 
     </span>
    </p>
   </div>
   <div class='ocr_carea' id='block_1_38' title="bbox 359 2230 2000 2313">
    <p class='ocr_par' dir='ltr' id='par_1_38' title="bbox 359 2230 2000 2313">
     <span class='ocr_line' id='line_1_38' title="bbox 359 2230 2000 2313; baseline -0.001 -18"><span class='ocrx_word' id='word_1_254' title='bbox 359 2235 542 2297; x_wconf 90' lang='lat' dir='ltr'><strong>tutius</strong></span> <span class='ocrx_word' id='word_1_255' title='bbox 598 2235 845 2298; x_wconf 90' lang='lat' dir='ltr'><strong>docetur</strong></span> <span class='ocrx_word' id='word_1_256' title='bbox 894 2243 955 2298; x_wconf 89' lang='lat' dir='ltr'><strong>et</strong></span> <span class='ocrx_word' id='word_1_257' title='bbox 1008 2235 1277 2299; x_wconf 87' lang='lat' dir='ltr'><strong>discitur.</strong></span> <span class='ocrx_word' id='word_1_258' title='bbox 1344 2233 1615 2313; x_wconf 86' lang='lat' dir='ltr'><strong>Longino</strong></span> <span class='ocrx_word' id='word_1_259' title='bbox 1652 2231 1736 2312; x_wconf 93' lang='lat'><strong>(7)</strong></span> <span class='ocrx_word' id='word_1_260' title='bbox 1797 2230 2000 2313; x_wconf 87' lang='lat' dir='ltr'><strong>itaque</strong></span> 
     </span>
    </p>
   </div>
   <div class='ocr_carea' id='block_1_39' title="bbox 361 2319 1996 2405">
    <p class='ocr_par' dir='ltr' id='par_1_39' title="bbox 361 2319 1996 2405">
     <span class='ocr_line' id='line_1_39' title="bbox 361 2319 1996 2405; baseline -0.004 -19"><span class='ocrx_word' id='word_1_261' title='bbox 361 2323 534 2386; x_wconf 89' lang='lat' dir='ltr'><strong>beato</strong></span> <span class='ocrx_word' id='word_1_262' title='bbox 562 2326 721 2399; x_wconf 90' lang='lat' dir='ltr'><strong>seni,</strong></span> <span class='ocrx_word' id='word_1_263' title='bbox 780 2326 879 2405; x_wconf 87' lang='lat' dir='ltr'><strong>qui</strong></span> <span class='ocrx_word' id='word_1_264' title='bbox 914 2334 1039 2387; x_wconf 87' lang='lat' dir='ltr'><strong>erat</strong></span> <span class='ocrx_word' id='word_1_265' title='bbox 1068 2321 1610 2387; x_wconf 87' lang='lat' dir='ltr'><strong>excellentissimus</strong></span> <span class='ocrx_word' id='word_1_266' title='bbox 1639 2319 1873 2381; x_wconf 86' lang='lat' dir='ltr'><strong>Patrum</strong></span> <span class='ocrx_word' id='word_1_267' title='bbox 1905 2320 1996 2381; x_wconf 91' lang='lat' dir='ltr'><strong>sui</strong></span> 
     </span>
    </p>
   </div>
   <div class='ocr_carea' id='block_1_40' title="bbox 358 2408 1999 2493">
    <p class='ocr_par' dir='ltr' id='par_1_40' title="bbox 358 2408 1999 2493">
     <span class='ocr_line' id='line_1_40' title="bbox 358 2408 1999 2493; baseline -0.002 -19"><span class='ocrx_word' id='word_1_268' title='bbox 358 2414 669 2491; x_wconf 87' lang='lat' dir='ltr'><strong>temporis,</strong></span> <span class='ocrx_word' id='word_1_269' title='bbox 688 2414 952 2493; x_wconf 87' lang='lat' dir='ltr'><strong>seipsum</strong></span> <span class='ocrx_word' id='word_1_270' title='bbox 980 2414 1189 2477; x_wconf 87' lang='lat' dir='ltr'><strong>tradit:</strong></span> <span class='ocrx_word' id='word_1_271' title='bbox 1218 2413 1483 2491; x_wconf 90' lang='lat' dir='ltr'><strong>undique</strong></span> <span class='ocrx_word' id='word_1_272' title='bbox 1505 2429 1637 2473; x_wconf 86' lang='lat' dir='ltr'><strong>cum</strong></span> <span class='ocrx_word' id='word_1_273' title='bbox 1662 2427 1732 2471; x_wconf 92' lang='lat' dir='ltr'><strong>eo</strong></span> <span class='ocrx_word' id='word_1_274' title='bbox 1761 2418 1817 2472; x_wconf 89' lang='lat' dir='ltr'><strong>et</strong></span> <span class='ocrx_word' id='word_1_275' title='bbox 1839 2408 1999 2489; x_wconf 90' lang='lat' dir='ltr'><strong>degit</strong></span> 
     </span>
    </p>
   </div>
   <div class='ocr_carea' id='block_1_41' title="bbox 357 2499 1994 2578">
    <p class='ocr_par' dir='ltr' id='par_1_41' title="bbox 357 2499 1994 2578">
     <span class='ocr_line' id='line_1_41' title="bbox 357 2499 1994 2578; baseline -0.002 -14"><span class='ocrx_word' id='word_1_276' title='bbox 357 2509 418 2564; x_wconf 87' lang='lat' dir='ltr'><strong>et</strong></span> <span class='ocrx_word' id='word_1_277' title='bbox 447 2502 695 2578; x_wconf 89' lang='lat' dir='ltr'><strong>habitat,</strong></span> <span class='ocrx_word' id='word_1_278' title='bbox 730 2503 887 2565; x_wconf 90' lang='lat' dir='ltr'><strong>illius</strong></span> <span class='ocrx_word' id='word_1_279' title='bbox 922 2503 1189 2566; x_wconf 89' lang='lat' dir='ltr'><strong>moribus</strong></span> <span class='ocrx_word' id='word_1_280' title='bbox 1208 2500 1533 2564; x_wconf 86' lang='lat' dir='ltr'><strong>admodum</strong></span> <span class='ocrx_word' id='word_1_281' title='bbox 1558 2499 1909 2574; x_wconf 88' lang='lat' dir='ltr'><strong>delectatus,</strong></span> <span class='ocrx_word' id='word_1_282' title='bbox 1936 2507 1994 2561; x_wconf 93' lang='lat' dir='ltr'><strong>et</strong></span> 
     </span>
    </p>
   </div>
   <div class='ocr_carea' id='block_1_42' title="bbox 354 2588 1989 2667">
    <p class='ocr_par' dir='ltr' id='par_1_42' title="bbox 354 2588 1989 2667">
     <span class='ocr_line' id='line_1_42' title="bbox 354 2588 1989 2667; baseline -0.002 -13"><span class='ocrx_word' id='word_1_283' title='bbox 354 2590 493 2655; x_wconf 87' lang='lat' dir='ltr'><strong>ideo</strong></span> <span class='ocrx_word' id='word_1_284' title='bbox 525 2602 688 2655; x_wconf 89' lang='lat' dir='ltr'><strong>totus</strong></span> <span class='ocrx_word' id='word_1_285' title='bbox 732 2593 788 2654; x_wconf 92' lang='lat' dir='ltr'><strong>ei</strong></span> <span class='ocrx_word' id='word_1_286' title='bbox 839 2592 1015 2655; x_wconf 85' lang='lat' dir='ltr'><strong>veluti</strong></span> <span class='ocrx_word' id='word_1_287' title='bbox 1050 2594 1374 2667; x_wconf 70' lang='lat' dir='ltr'><strong>inhmrens,</strong></span> <span class='ocrx_word' id='word_1_288' title='bbox 1411 2599 1468 2651; x_wconf 93' lang='lat' dir='ltr'><strong>et</strong></span> <span class='ocrx_word' id='word_1_289' title='bbox 1502 2597 1568 2650; x_wconf 90' lang='lat' dir='ltr'><strong>ut</strong></span> <span class='ocrx_word' id='word_1_290' title='bbox 1598 2588 1792 2650; x_wconf 81' lang='lat' dir='ltr'><strong>dicam</strong></span> <span class='ocrx_word' id='word_1_291' title='bbox 1855 2607 1989 2650; x_wconf 91' lang='lat' dir='ltr'><strong>cum</strong></span> 
     </span>
    </p>
   </div>
   <div class='ocr_carea' id='block_1_43' title="bbox 355 2677 1988 2763">
    <p class='ocr_par' dir='ltr' id='par_1_43' title="bbox 355 2677 1988 2763">
     <span class='ocr_line' id='line_1_43' title="bbox 355 2677 1988 2763; baseline -0.003 -20"><span class='ocrx_word' id='word_1_292' title='bbox 355 2680 556 2744; x_wconf 88' lang='lat' dir='ltr'><strong>divino</strong></span> <span class='ocrx_word' id='word_1_293' title='bbox 587 2680 833 2758; x_wconf 78' lang='lat' dir='ltr'><strong>Davide,</strong></span> <span class='ocrx_word' id='word_1_294' title='bbox 857 2688 1055 2744; x_wconf 88' lang='lat' dir='ltr'><strong>anima</strong></span> <span class='ocrx_word' id='word_1_295' title='bbox 1081 2689 1209 2763; x_wconf 87' lang='lat' dir='ltr'><strong>post</strong></span> <span class='ocrx_word' id='word_1_296' title='bbox 1233 2698 1366 2743; x_wconf 91' lang='lat' dir='ltr'><strong>eum</strong></span> <span class='ocrx_word' id='word_1_297' title='bbox 1394 2677 1814 2758; x_wconf 78' lang='lat' dir='ltr'><strong>agglutinatus.</strong></span> <span class='ocrx_word' id='word_1_298' title='bbox 1841 2678 1988 2740; x_wconf 90' lang='lat' dir='ltr'><strong>Nam</strong></span> 
     </span>
    </p>
   </div>
   <div class='ocr_carea' id='block_1_44' title="bbox 353 2766 1992 2851">
    <p class='ocr_par' dir='ltr' id='par_1_44' title="bbox 353 2766 1992 2851">
     <span class='ocr_line' id='line_1_44' title="bbox 353 2766 1992 2851; baseline -0.004 -17"><span class='ocrx_word' id='word_1_299' title='bbox 353 2790 487 2834; x_wconf 90' lang='lat' dir='ltr'><strong>cum</strong></span> <span class='ocrx_word' id='word_1_300' title='bbox 521 2789 636 2849; x_wconf 88' lang='lat' dir='ltr'><strong>quo</strong></span> <span class='ocrx_word' id='word_1_301' title='bbox 666 2771 801 2851; x_wconf 87' lang='lat' dir='ltr'><strong>quis</strong></span> <span class='ocrx_word' id='word_1_302' title='bbox 833 2771 1054 2832; x_wconf 86' lang='lat' dir='ltr'><strong>versari</strong></span> <span class='ocrx_word' id='word_1_303' title='bbox 1085 2771 1438 2843; x_wconf 82' lang='lat' dir='ltr'><strong>delectatur,</strong></span> <span class='ocrx_word' id='word_1_304' title='bbox 1475 2766 1607 2829; x_wconf 91' lang='lat' dir='ltr'><strong>talis</strong></span> <span class='ocrx_word' id='word_1_305' title='bbox 1650 2766 1825 2828; x_wconf 89' lang='lat' dir='ltr'><strong>etiam</strong></span> <span class='ocrx_word' id='word_1_306' title='bbox 1859 2784 1992 2828; x_wconf 90' lang='lat' dir='ltr'><strong>esse</strong></span> 
     </span>
    </p>
   </div>
   <div class='ocr_carea' id='block_1_45' title="bbox 354 2856 1990 2938">
    <p class='ocr_par' dir='ltr' id='par_1_45' title="bbox 354 2856 1990 2938">
     <span class='ocr_line' id='line_1_45' title="bbox 354 2856 1990 2938; baseline -0.002 -15"><span class='ocrx_word' id='word_1_307' title='bbox 354 2860 622 2923; x_wconf 88' lang='lat' dir='ltr'><strong>creditur</strong></span> <span class='ocrx_word' id='word_1_308' title='bbox 653 2880 667 2921; x_wconf 93' lang='lat'><strong>:</strong></span> <span class='ocrx_word' id='word_1_309' title='bbox 707 2868 767 2923; x_wconf 91' lang='lat' dir='ltr'><strong>et</strong></span> <span class='ocrx_word' id='word_1_310' title='bbox 796 2859 853 2921; x_wconf 90' lang='lat' dir='ltr'><strong>id</strong></span> <span class='ocrx_word' id='word_1_311' title='bbox 889 2861 1139 2938; x_wconf 74' lang='lat' dir='ltr'><strong>pulchre</strong></span> <span class='ocrx_word' id='word_1_312' title='bbox 1164 2860 1385 2920; x_wconf 84' lang='lat' dir='ltr'><strong>dicitur</strong></span> <span class='ocrx_word' id='word_1_313' title='bbox 1414 2856 1487 2918; x_wconf 87' lang='lat' dir='ltr'><strong>ab</strong></span> <span class='ocrx_word' id='word_1_314' title='bbox 1521 2856 1806 2937; x_wconf 88' lang='lat' dir='ltr'><strong>antiquis.</strong></span> <span class='ocrx_word' id='word_1_315' title='bbox 1870 2857 1990 2919; x_wconf 82' lang='lat' dir='ltr'><strong>Ad-</strong></span> 
     </span>
    </p>
   </div>
   <div class='ocr_carea' id='block_1_46' title="bbox 354 2944 1993 3028">
    <p class='ocr_par' dir='ltr' id='par_1_46' title="bbox 354 2944 1993 3028">
     <span class='ocr_line' id='line_1_46' title="bbox 354 2944 1993 3028; baseline -0.004 -16"><span class='ocrx_word' id='word_1_316' title='bbox 354 2947 647 3012; x_wconf 89' lang='lat' dir='ltr'><strong>mirabilis</strong></span> <span class='ocrx_word' id='word_1_317' title='bbox 678 2957 877 3012; x_wconf 89' lang='lat' dir='ltr'><strong>autem</strong></span> <span class='ocrx_word' id='word_1_318' title='bbox 910 2949 1003 3010; x_wconf 90' lang='lat' dir='ltr'><strong>hic</strong></span> <span class='ocrx_word' id='word_1_319' title='bbox 1028 2949 1333 3028; x_wconf 85' lang='lat' dir='ltr'><strong>Longinus</strong></span> <span class='ocrx_word' id='word_1_320' title='bbox 1386 2964 1451 3007; x_wconf 90' lang='lat' dir='ltr'><strong>se</strong></span> <span class='ocrx_word' id='word_1_321' title='bbox 1490 2944 1552 3006; x_wconf 91' lang='lat' dir='ltr'><strong>in</strong></span> <span class='ocrx_word' id='word_1_322' title='bbox 1582 2945 1839 3022; x_wconf 75' lang='lat' dir='ltr'><strong>qua-iam</strong></span> <span class='ocrx_word' id='word_1_323' title='bbox 1891 2946 1993 3007; x_wconf 86' lang='lat' dir='ltr'><strong>do-</strong></span> 
     </span>
    </p>
   </div>
   <div class='ocr_carea' id='block_1_47' title="bbox 356 3033 1994 3121">
    <p class='ocr_par' dir='ltr' id='par_1_47' title="bbox 356 3033 1994 3121">
     <span class='ocr_line' id='line_1_47' title="bbox 356 3033 1994 3121; baseline -0.004 -20"><span class='ocrx_word' id='word_1_324' title='bbox 356 3037 640 3101; x_wconf 84' lang='lat' dir='ltr'><strong>muncula</strong></span> <span class='ocrx_word' id='word_1_325' title='bbox 666 3040 848 3100; x_wconf 80' lang='lat' dir='ltr'><strong>turris</strong></span> <span class='ocrx_word' id='word_1_326' title='bbox 862 3040 950 3118; x_wconf 92' lang='lat'>(8)</span> <span class='ocrx_word' id='word_1_327' title='bbox 969 3038 1152 3121; x_wconf 84' lang='lat' dir='ltr'><strong>divini</strong></span> <span class='ocrx_word' id='word_1_328' title='bbox 1174 3037 1355 3101; x_wconf 87' lang='lat' dir='ltr'><strong>David</strong></span> <span class='ocrx_word' id='word_1_329' title='bbox 1371 3036 1511 3114; x_wconf 92' lang='lat' dir='ltr'><strong>(hoc</strong></span> <span class='ocrx_word' id='word_1_330' title='bbox 1532 3034 1694 3096; x_wconf 91' lang='lat' dir='ltr'><strong>enim</strong></span> <span class='ocrx_word' id='word_1_331' title='bbox 1720 3033 1994 3113; x_wconf 90' lang='lat' dir='ltr'><strong>perhibet</strong></span> 
     </span>
    </p>
   </div>
   <div class='ocr_carea' id='block_1_48' title="bbox 351 3123 2055 3209">
    <p class='ocr_par' dir='ltr' id='par_1_48' title="bbox 351 3123 2055 3209">
     <span class='ocr_line' id='line_1_48' title="bbox 351 3123 2055 3209; baseline -0.004 -18"><span class='ocrx_word' id='word_1_332' title='bbox 351 3128 513 3208; x_wconf 86' lang='lat' dir='ltr'><strong>longi</strong></span> <span class='ocrx_word' id='word_1_333' title='bbox 565 3128 854 3209; x_wconf 90' lang='lat' dir='ltr'><strong>temporis</strong></span> <span class='ocrx_word' id='word_1_334' title='bbox 902 3128 1139 3208; x_wconf 89' lang='lat' dir='ltr'><strong>tradito)</strong></span> <span class='ocrx_word' id='word_1_335' title='bbox 1196 3127 1545 3200; x_wconf 86' lang='lat' dir='ltr'><strong>incluserat,</strong></span> <span class='ocrx_word' id='word_1_336' title='bbox 1577 3132 1635 3185; x_wconf 90' lang='lat' dir='ltr'><strong>et</strong></span> <span class='ocrx_word' id='word_1_337' title='bbox 1666 3123 1787 3185; x_wconf 92' lang='lat' dir='ltr'><strong>illic</strong></span> <span class='ocrx_word' id='word_1_338' title='bbox 1820 3123 2055 3209; x_wconf 76' lang='lat' dir='ltr'><strong>dulcec</strong></span> 
     </span>
    </p>
   </div>
   <div class='ocr_carea' id='block_1_49' title="bbox 355 3215 1479 3282">
    <p class='ocr_par' dir='ltr' id='par_1_49' title="bbox 355 3215 1479 3282">
     <span class='ocr_line' id='line_1_49' title="bbox 355 3215 1479 3282; baseline -0.006 -1"><span class='ocrx_word' id='word_1_339' title='bbox 355 3219 473 3282; x_wconf 91' lang='lat' dir='ltr'><strong>mel</strong></span> <span class='ocrx_word' id='word_1_340' title='bbox 506 3217 740 3280; x_wconf 91' lang='lat' dir='ltr'><strong>virtutis</strong></span> <span class='ocrx_word' id='word_1_341' title='bbox 776 3217 1072 3280; x_wconf 88' lang='lat' dir='ltr'><strong>laboriose</strong></span> <span class='ocrx_word' id='word_1_342' title='bbox 1103 3215 1479 3281; x_wconf 82' lang='lat' dir='ltr'><strong>conﬁciebat.</strong></span> 
     </span>
    </p>
   </div>
   <div class='ocr_carea' id='block_1_50' title="bbox 431 3392 1990 3477">
    <p class='ocr_par' dir='ltr' id='par_1_50' title="bbox 431 3392 1990 3477">
     <span class='ocr_line' id='line_1_50' title="bbox 431 3392 1990 3477; baseline -0.003 -18"><span class='ocrx_word' id='word_1_343' title='bbox 431 3395 493 3459; x_wconf 90' lang='lat'><strong>8.</strong></span> <span class='ocrx_word' id='word_1_344' title='bbox 526 3395 700 3477; x_wconf 87' lang='lat' dir='ltr'><strong>Apud</strong></span> <span class='ocrx_word' id='word_1_345' title='bbox 727 3412 903 3477; x_wconf 88' lang='lat' dir='ltr'><strong>quem</strong></span> <span class='ocrx_word' id='word_1_346' title='bbox 931 3413 1064 3457; x_wconf 87' lang='lat' dir='ltr'><strong>cum</strong></span> <span class='ocrx_word' id='word_1_347' title='bbox 1094 3412 1303 3457; x_wconf 89' lang='lat' dir='ltr'><strong>omnes</strong></span> <span class='ocrx_word' id='word_1_348' title='bbox 1325 3412 1537 3456; x_wconf 90' lang='lat' dir='ltr'><strong>sensus</strong></span> <span class='ocrx_word' id='word_1_349' title='bbox 1560 3393 1690 3475; x_wconf 91' lang='lat' dir='ltr'><strong>pius</strong></span> <span class='ocrx_word' id='word_1_350' title='bbox 1711 3392 1990 3455; x_wconf 79' lang='lat' dir='ltr'><strong>Theodo-</strong></span> 
     </span>
    </p>
   </div>
   <div class='ocr_carea' id='block_1_51' title="bbox 357 3483 1997 3565">
    <p class='ocr_par' dir='ltr' id='par_1_51' title="bbox 357 3483 1997 3565">
     <span class='ocr_line' id='line_1_51' title="bbox 357 3483 1997 3565; baseline -0.001 -19"><span class='ocrx_word' id='word_1_351' title='bbox 357 3484 585 3558; x_wconf 88' lang='lat' dir='ltr'><strong>sius,ita</strong></span> <span class='ocrx_word' id='word_1_352' title='bbox 611 3492 673 3546; x_wconf 91' lang='lat' dir='ltr'><strong>ut</strong></span> <span class='ocrx_word' id='word_1_353' title='bbox 698 3484 1501 3565; x_wconf 85' lang='lat' dir='ltr'><strong>oportebat,exercuisset,et</strong></span> <span class='ocrx_word' id='word_1_354' title='bbox 1524 3484 1584 3544; x_wconf 92' lang='lat' dir='ltr'><strong>in</strong></span> <span class='ocrx_word' id='word_1_355' title='bbox 1606 3483 1681 3545; x_wconf 92' lang='lat' dir='ltr'><strong>iis</strong></span> <span class='ocrx_word' id='word_1_356' title='bbox 1706 3502 1836 3563; x_wconf 67' lang='lat' dir='ltr'><strong>quae</strong></span> <span class='ocrx_word' id='word_1_357' title='bbox 1858 3492 1997 3545; x_wconf 89' lang='lat' dir='ltr'><strong>sunt</strong></span> 
     </span>
    </p>
   </div>
   <div class='ocr_carea' id='block_1_52' title="bbox 357 3571 1997 3654">
    <p class='ocr_par' dir='ltr' id='par_1_52' title="bbox 357 3571 1997 3654">
     <span class='ocr_line' id='line_1_52' title="bbox 357 3571 1997 3654; baseline -0.001 -20"><span class='ocrx_word' id='word_1_358' title='bbox 357 3573 690 3653; x_wconf 84' lang='lat' dir='ltr'><strong>expetenda</strong></span> <span class='ocrx_word' id='word_1_359' title='bbox 713 3582 768 3635; x_wconf 91' lang='lat' dir='ltr'><strong>et</strong></span> <span class='ocrx_word' id='word_1_360' title='bbox 792 3574 1088 3654; x_wconf 84' lang='lat' dir='ltr'><strong>fugienda,</strong></span> <span class='ocrx_word' id='word_1_361' title='bbox 1111 3572 1526 3635; x_wconf 85' lang='lat' dir='ltr'><strong>discernendis</strong></span> <span class='ocrx_word' id='word_1_362' title='bbox 1548 3590 1780 3633; x_wconf 91' lang='lat' dir='ltr'><strong>summe</strong></span> <span class='ocrx_word' id='word_1_363' title='bbox 1803 3571 1997 3633; x_wconf 87' lang='lat' dir='ltr'><strong>elabo-</strong></span> 
     </span>
    </p>
   </div>
   <div class='ocr_carea' id='block_1_53' title="bbox 353 3661 1997 3741">
    <p class='ocr_par' dir='ltr' id='par_1_53' title="bbox 353 3661 1997 3741">
     <span class='ocr_line' id='line_1_53' title="bbox 353 3661 1997 3741; baseline -0.001 -17"><span class='ocrx_word' id='word_1_364' title='bbox 353 3670 563 3733; x_wconf 88' lang='lat' dir='ltr'><strong>rasset,</strong></span> <span class='ocrx_word' id='word_1_365' title='bbox 593 3661 653 3723; x_wconf 90' lang='lat' dir='ltr'><strong>in</strong></span> <span class='ocrx_word' id='word_1_366' title='bbox 680 3671 942 3725; x_wconf 90' lang='lat' dir='ltr'><strong>veterem</strong></span> <span class='ocrx_word' id='word_1_367' title='bbox 965 3662 1170 3726; x_wconf 88' lang='lat' dir='ltr'><strong>sedem</strong></span> <span class='ocrx_word' id='word_1_368' title='bbox 1204 3664 1363 3741; x_wconf 91' lang='lat' dir='ltr'><strong>(eum</strong></span> <span class='ocrx_word' id='word_1_369' title='bbox 1386 3668 1546 3724; x_wconf 84' lang='lat' dir='ltr'><strong>enim</strong></span> <span class='ocrx_word' id='word_1_370' title='bbox 1576 3662 1770 3724; x_wconf 91' lang='lat' dir='ltr'><strong>locum</strong></span> <span class='ocrx_word' id='word_1_371' title='bbox 1797 3662 1877 3723; x_wconf 90' lang='lat' dir='ltr'><strong>ita</strong></span> <span class='ocrx_word' id='word_1_372' title='bbox 1902 3681 1997 3724; x_wconf 82' lang='lat' dir='ltr'><strong>vo-</strong></span> 
     </span>
    </p>
   </div>
   <div class='ocr_carea' id='block_1_54' title="bbox 359 3750 1995 3832">
    <p class='ocr_par' dir='ltr' id='par_1_54' title="bbox 359 3750 1995 3832">
     <span class='ocr_line' id='line_1_54' title="bbox 359 3750 1995 3832; baseline -0.001 -19"><span class='ocrx_word' id='word_1_373' title='bbox 359 3759 497 3813; x_wconf 88' lang='lat' dir='ltr'><strong>cant</strong></span> <span class='ocrx_word' id='word_1_374' title='bbox 529 3769 544 3815; x_wconf 93' lang='lat'><em>:</em></span> <span class='ocrx_word' id='word_1_375' title='bbox 581 3761 668 3814; x_wconf 92' lang='lat' dir='ltr'><strong>est</strong></span> <span class='ocrx_word' id='word_1_376' title='bbox 700 3763 898 3814; x_wconf 88' lang='lat' dir='ltr'><strong>autem</strong></span> <span class='ocrx_word' id='word_1_377' title='bbox 930 3754 987 3814; x_wconf 94' lang='lat' dir='ltr'><strong>in</strong></span> <span class='ocrx_word' id='word_1_378' title='bbox 1012 3752 1109 3814; x_wconf 87' lang='lat' dir='ltr'><strong>via</strong></span> <span class='ocrx_word' id='word_1_379' title='bbox 1141 3751 1396 3825; x_wconf 83' lang='lat' dir='ltr'><strong>publica.</strong></span> <span class='ocrx_word' id='word_1_380' title='bbox 1424 3770 1557 3832; x_wconf 69' lang='lat' dir='ltr'><strong>quae</strong></span> <span class='ocrx_word' id='word_1_381' title='bbox 1579 3750 1767 3812; x_wconf 90' lang='lat' dir='ltr'><strong>tendit</strong></span> <span class='ocrx_word' id='word_1_382' title='bbox 1788 3769 1995 3813; x_wconf 88' lang='lat' dir='ltr'><strong>versus</strong></span> 
     </span>
    </p>
   </div>
   <div class='ocr_carea' id='block_1_55' title="bbox 354 3839 1997 3923">
    <p class='ocr_par' dir='ltr' id='par_1_55' title="bbox 354 3839 1997 3923">
     <span class='ocr_line' id='line_1_55' title="bbox 354 3839 1997 3923; baseline 0.001 -22"><span class='ocrx_word' id='word_1_383' title='bbox 354 3839 688 3923; x_wconf 84' lang='lat' dir='ltr'><strong>Bethleem)</strong></span> <span class='ocrx_word' id='word_1_384' title='bbox 722 3842 1096 3921; x_wconf 85' lang='lat' dir='ltr'><strong>commigrat.</strong></span> <span class='ocrx_word' id='word_1_385' title='bbox 1124 3840 1344 3903; x_wconf 85' lang='lat' dir='ltr'><strong>invitus</strong></span> <span class='ocrx_word' id='word_1_386' title='bbox 1367 3840 1630 3921; x_wconf 89' lang='lat' dir='ltr'><strong>quidem,</strong></span> <span class='ocrx_word' id='word_1_387' title='bbox 1651 3840 1755 3901; x_wconf 90' lang='lat' dir='ltr'><strong>sed</strong></span> <span class='ocrx_word' id='word_1_388' title='bbox 1778 3840 1997 3902; x_wconf 89' lang='lat' dir='ltr'><strong>sedens</strong></span> 
     </span>
    </p>
   </div>
   <div class='ocr_carea' id='block_1_56' title="bbox 353 3930 1991 4012">
    <p class='ocr_par' dir='ltr' id='par_1_56' title="bbox 353 3930 1991 4012">
     <span class='ocr_line' id='line_1_56' title="bbox 353 3930 1991 4012; baseline -0.003 -18"><span class='ocrx_word' id='word_1_389' title='bbox 353 3939 614 4012; x_wconf 71' lang='lat' dir='ltr'><strong>paternae</strong></span> <span class='ocrx_word' id='word_1_390' title='bbox 633 3931 937 4005; x_wconf 87' lang='lat' dir='ltr'><strong>voluntati,</strong></span> <span class='ocrx_word' id='word_1_391' title='bbox 965 3930 1060 3992; x_wconf 91' lang='lat' dir='ltr'><strong>cui</strong></span> <span class='ocrx_word' id='word_1_392' title='bbox 1083 3930 1276 4010; x_wconf 87' lang='lat' dir='ltr'><strong>potius</strong></span> <span class='ocrx_word' id='word_1_393' title='bbox 1302 3949 1476 4011; x_wconf 89' lang='lat' dir='ltr'><strong>quam</strong></span> <span class='ocrx_word' id='word_1_394' title='bbox 1512 3930 1739 4011; x_wconf 78' lang='lat' dir='ltr'><strong>sibiipsi</strong></span> <span class='ocrx_word' id='word_1_395' title='bbox 1764 3948 1991 3991; x_wconf 88' lang='lat' dir='ltr'><strong>morem</strong></span> 
     </span>
    </p>
   </div>
   <div class='ocr_carea' id='block_1_57' title="bbox 351 4020 1995 4098">
    <p class='ocr_par' dir='ltr' id='par_1_57' title="bbox 351 4020 1995 4098">
     <span class='ocr_line' id='line_1_57' title="bbox 351 4020 1995 4098; baseline -0.002 -15"><span class='ocrx_word' id='word_1_396' title='bbox 351 4021 618 4097; x_wconf 85' lang='lat' dir='ltr'><strong>gerebat.</strong></span> <span class='ocrx_word' id='word_1_397' title='bbox 653 4022 939 4095; x_wconf 66' lang='lat' dir='ltr'><strong>Quaenam</strong></span> <span class='ocrx_word' id='word_1_398' title='bbox 970 4028 1170 4082; x_wconf 88' lang='lat' dir='ltr'><strong>autem</strong></span> <span class='ocrx_word' id='word_1_399' title='bbox 1211 4021 1317 4082; x_wconf 79' lang='lat' dir='ltr'><strong>fuit</strong></span> <span class='ocrx_word' id='word_1_400' title='bbox 1349 4036 1528 4082; x_wconf 87' lang='lat' dir='ltr'><strong>causa</strong></span> <span class='ocrx_word' id='word_1_401' title='bbox 1569 4020 1943 4098; x_wconf 87' lang='lat' dir='ltr'><strong>migrationis</strong></span> <span class='ocrx_word' id='word_1_402' title='bbox 1964 4020 1995 4080; x_wconf 79' lang='lat' dir='ltr'><strong>‘I</strong></span> 
     </span>
    </p>
   </div>
   <div class='ocr_carea' id='block_1_58' title="bbox 351 4109 1993 4190">
    <p class='ocr_par' dir='ltr' id='par_1_58' title="bbox 351 4109 1993 4190">
     <span class='ocr_line' id='line_1_58' title="bbox 351 4109 1993 4190; baseline -0.001 -18"><span class='ocrx_word' id='word_1_403' title='bbox 351 4109 563 4173; x_wconf 77' lang='lat' dir='ltr'><strong>Mulier</strong></span> <span class='ocrx_word' id='word_1_404' title='bbox 589 4109 857 4190; x_wconf 62' lang='lat' dir='ltr'><strong>quaedam</strong></span> <span class='ocrx_word' id='word_1_405' title='bbox 889 4109 1212 4171; x_wconf 90' lang='lat' dir='ltr'><strong>admodum</strong></span> <span class='ocrx_word' id='word_1_406' title='bbox 1248 4111 1340 4190; x_wconf 87' lang='lat' dir='ltr'><strong>pia</strong></span> <span class='ocrx_word' id='word_1_407' title='bbox 1372 4118 1430 4171; x_wconf 92' lang='lat' dir='ltr'><strong>et</strong></span> <span class='ocrx_word' id='word_1_408' title='bbox 1459 4112 1725 4179; x_wconf 83' lang='lat' dir='ltr'><strong>honesta,</strong></span> <span class='ocrx_word' id='word_1_409' title='bbox 1749 4109 1993 4171; x_wconf 90' lang='lat' dir='ltr'><strong>nomine</strong></span> 
     </span>
    </p>
   </div>
   <div class='ocr_carea' id='block_1_59' title="bbox 352 4196 1995 4271">
    <p class='ocr_par' dir='ltr' id='par_1_59' title="bbox 352 4196 1995 4271">
     <span class='ocr_line' id='line_1_59' title="bbox 352 4196 1995 4271; baseline -0.001 -10"><span class='ocrx_word' id='word_1_410' title='bbox 352 4196 558 4271; x_wconf 88' lang='lat' dir='ltr'><strong>Icelia,</strong></span> <span class='ocrx_word' id='word_1_411' title='bbox 584 4198 749 4260; x_wconf 89' lang='lat' dir='ltr'><strong>dives</strong></span> <span class='ocrx_word' id='word_1_412' title='bbox 773 4198 1171 4269; x_wconf 80' lang='lat' dir='ltr'><strong>facultatibus,</strong></span> <span class='ocrx_word' id='word_1_413' title='bbox 1193 4200 1298 4262; x_wconf 92' lang='lat' dir='ltr'><strong>sed</strong></span> <span class='ocrx_word' id='word_1_414' title='bbox 1318 4199 1529 4262; x_wconf 88' lang='lat' dir='ltr'><strong>virtute</strong></span> <span class='ocrx_word' id='word_1_415' title='bbox 1550 4199 1836 4262; x_wconf 85' lang='lat' dir='ltr'><strong>ditior.Ea</strong></span> <span class='ocrx_word' id='word_1_416' title='bbox 1858 4218 1995 4262; x_wconf 90' lang='lat' dir='ltr'><strong>cum</strong></span> 
     </span>
    </p>
   </div>
   <div class='ocr_carea' id='block_1_60' title="bbox 352 4287 1994 4369">
    <p class='ocr_par' dir='ltr' id='par_1_60' title="bbox 352 4287 1994 4369">
     <span class='ocr_line' id='line_1_60' title="bbox 352 4287 1994 4369; baseline 0 -19"><span class='ocrx_word' id='word_1_417' title='bbox 352 4288 552 4369; x_wconf 89' lang='lat' dir='ltr'><strong>aliquo</strong></span> <span class='ocrx_word' id='word_1_418' title='bbox 583 4287 827 4365; x_wconf 87' lang='lat' dir='ltr'><strong>quidem</strong></span> <span class='ocrx_word' id='word_1_419' title='bbox 859 4289 1025 4369; x_wconf 90' lang='lat' dir='ltr'><strong>prius</strong></span> <span class='ocrx_word' id='word_1_420' title='bbox 1076 4288 1473 4367; x_wconf 88' lang='lat' dir='ltr'><strong>cohabitavit;</strong></span> <span class='ocrx_word' id='word_1_421' title='bbox 1535 4298 1741 4369; x_wconf 91' lang='lat' dir='ltr'><strong>postea</strong></span> <span class='ocrx_word' id='word_1_422' title='bbox 1795 4297 1994 4351; x_wconf 89' lang='lat' dir='ltr'><strong>autem</strong></span> 
     </span>
    </p>
   </div>
   <div class='ocr_carea' id='block_1_61' title="bbox 354 4375 1998 4459">
    <p class='ocr_par' dir='ltr' id='par_1_61' title="bbox 354 4375 1998 4459">
     <span class='ocr_line' id='line_1_61' title="bbox 354 4375 1998 4459; baseline -0.001 -18"><span class='ocrx_word' id='word_1_423' title='bbox 354 4375 572 4442; x_wconf 86' lang='lat' dir='ltr'><strong>Christi</strong></span> <span class='ocrx_word' id='word_1_424' title='bbox 605 4376 963 4440; x_wconf 83' lang='lat' dir='ltr'><strong>iitministra</strong></span> <span class='ocrx_word' id='word_1_425' title='bbox 986 4388 1232 4459; x_wconf 91' lang='lat' dir='ltr'><strong>propter</strong></span> <span class='ocrx_word' id='word_1_426' title='bbox 1257 4378 1564 4458; x_wconf 89' lang='lat' dir='ltr'><strong>pietatem.</strong></span> <span class='ocrx_word' id='word_1_427' title='bbox 1588 4377 1821 4439; x_wconf 78' lang='lat' dir='ltr'><strong>Etenim</strong></span> <span class='ocrx_word' id='word_1_428' title='bbox 1851 4387 1998 4447; x_wconf 85' lang='lat' dir='ltr'><strong>tem-</strong></span> 
     </span>
    </p>
   </div>
   <div class='ocr_carea' id='block_1_62' title="bbox 353 4465 1993 4548">
    <p class='ocr_par' dir='ltr' id='par_1_62' title="bbox 353 4465 1993 4548">
     <span class='ocr_line' id='line_1_62' title="bbox 353 4465 1993 4548; baseline 0 -21"><span class='ocrx_word' id='word_1_429' title='bbox 353 4465 518 4546; x_wconf 89' lang='lat' dir='ltr'><strong>plum</strong></span> <span class='ocrx_word' id='word_1_430' title='bbox 533 4484 774 4547; x_wconf 88' lang='lat' dir='ltr'><strong>quoque</strong></span> <span class='ocrx_word' id='word_1_431' title='bbox 791 4465 944 4546; x_wconf 91' lang='lat' dir='ltr'><strong>quod</strong></span> <span class='ocrx_word' id='word_1_432' title='bbox 965 4467 1086 4529; x_wconf 91' lang='lat' dir='ltr'><strong>illic</strong></span> <span class='ocrx_word' id='word_1_433' title='bbox 1103 4466 1436 4541; x_wconf 84' lang='lat' dir='ltr'><strong>est,dicitur</strong></span> <span class='ocrx_word' id='word_1_434' title='bbox 1449 4468 1717 4548; x_wconf 87' lang='lat' dir='ltr'><strong>posuisse</strong></span> <span class='ocrx_word' id='word_1_435' title='bbox 1731 4468 1993 4528; x_wconf 92' lang='lat' dir='ltr'><strong>omnium</strong></span> 
     </span>
    </p>
   </div>
   <div class='ocr_carea' id='block_1_63' title="bbox 352 4555 1998 4636">
    <p class='ocr_par' dir='ltr' id='par_1_63' title="bbox 352 4555 1998 4636">
     <span class='ocr_line' id='line_1_63' title="bbox 352 4555 1998 4636; baseline 0 -18"><span class='ocrx_word' id='word_1_436' title='bbox 352 4555 621 4618; x_wconf 63' lang='lat' dir='ltr'><strong>Dominae</strong></span> <span class='ocrx_word' id='word_1_437' title='bbox 641 4564 698 4617; x_wconf 91' lang='lat' dir='ltr'><strong>et</strong></span> <span class='ocrx_word' id='word_1_438' title='bbox 724 4556 1158 4635; x_wconf 70' lang='lat' dir='ltr'><strong>Deiparm.Cum</strong></span> <span class='ocrx_word' id='word_1_439' title='bbox 1183 4576 1252 4620; x_wconf 90' lang='lat' dir='ltr'><strong>ea</strong></span> <span class='ocrx_word' id='word_1_440' title='bbox 1274 4575 1414 4636; x_wconf 89' lang='lat' dir='ltr'><strong>ergo</strong></span> <span class='ocrx_word' id='word_1_441' title='bbox 1439 4567 1577 4619; x_wconf 93' lang='lat' dir='ltr'><strong>tunc</strong></span> <span class='ocrx_word' id='word_1_442' title='bbox 1602 4557 1731 4618; x_wconf 91' lang='lat' dir='ltr'><strong>seni</strong></span> <span class='ocrx_word' id='word_1_443' title='bbox 1760 4574 1998 4633; x_wconf 84' lang='lat' dir='ltr'><strong>magno-</strong></span> 
     </span>
    </p>
   </div>
   <div class='ocr_carea' id='block_1_64' title="bbox 356 4645 1994 4728">
    <p class='ocr_par' dir='ltr' id='par_1_64' title="bbox 356 4645 1994 4728">
     <span class='ocr_line' id='line_1_64' title="bbox 356 4645 1994 4728; baseline 0.001 -21"><span class='ocrx_word' id='word_1_444' title='bbox 356 4663 499 4725; x_wconf 89' lang='lat' dir='ltr'><strong>pere</strong></span> <span class='ocrx_word' id='word_1_445' title='bbox 522 4645 1011 4726; x_wconf 82' lang='lat' dir='ltr'><strong>supplicasset,ut</strong></span> <span class='ocrx_word' id='word_1_446' title='bbox 1033 4648 1091 4708; x_wconf 93' lang='lat' dir='ltr'><strong>in</strong></span> <span class='ocrx_word' id='word_1_447' title='bbox 1118 4647 1525 4728; x_wconf 90' lang='lat' dir='ltr'><strong>templo,quod</strong></span> <span class='ocrx_word' id='word_1_448' title='bbox 1552 4648 1679 4728; x_wconf 89' lang='lat' dir='ltr'><strong>ipsa</strong></span> <span class='ocrx_word' id='word_1_449' title='bbox 1704 4645 1994 4708; x_wconf 86' lang='lat' dir='ltr'><strong>condide—</strong></span> 
     </span>
    </p>
   </div>
   <div class='ocr_carea' id='block_1_65' title="bbox 353 4733 1998 4817">
    <p class='ocr_par' dir='ltr' id='par_1_65' title="bbox 353 4733 1998 4817">
     <span class='ocr_line' id='line_1_65' title="bbox 353 4733 1998 4817; baseline 0.001 -20"><span class='ocrx_word' id='word_1_450' title='bbox 353 4735 795 4810; x_wconf 85' lang='lat' dir='ltr'><strong>rat,collocaret</strong></span> <span class='ocrx_word' id='word_1_451' title='bbox 815 4733 1244 4811; x_wconf 85' lang='lat' dir='ltr'><strong>Theodosium;</strong></span> <span class='ocrx_word' id='word_1_452' title='bbox 1266 4737 1366 4798; x_wconf 89' lang='lat' dir='ltr'><strong>ille</strong></span> <span class='ocrx_word' id='word_1_453' title='bbox 1388 4736 1633 4813; x_wconf 90' lang='lat' dir='ltr'><strong>quidem</strong></span> <span class='ocrx_word' id='word_1_454' title='bbox 1659 4745 1826 4817; x_wconf 88' lang='lat' dir='ltr'><strong>paret</strong></span> <span class='ocrx_word' id='word_1_455' title='bbox 1848 4735 1998 4798; x_wconf 89' lang='lat' dir='ltr'><strong>invi-</strong></span> 
     </span>
    </p>
   </div>
   <div class='ocr_carea' id='block_1_66' title="bbox 355 4824 1998 4905">
    <p class='ocr_par' dir='ltr' id='par_1_66' title="bbox 355 4824 1998 4905">
     <span class='ocr_line' id='line_1_66' title="bbox 355 4824 1998 4905; baseline 0 -18"><span class='ocrx_word' id='word_1_456' title='bbox 355 4835 451 4888; x_wconf 92' lang='lat' dir='ltr'><strong>tus</strong></span> <span class='ocrx_word' id='word_1_457' title='bbox 471 4843 485 4887; x_wconf 89' lang='lat'><strong>:</strong></span> <span class='ocrx_word' id='word_1_458' title='bbox 506 4824 824 4905; x_wconf 88' lang='lat' dir='ltr'><strong>persuadet</strong></span> <span class='ocrx_word' id='word_1_459' title='bbox 842 4834 1039 4887; x_wconf 88' lang='lat' dir='ltr'><strong>autem</strong></span> <span class='ocrx_word' id='word_1_460' title='bbox 1066 4826 1250 4887; x_wconf 90' lang='lat' dir='ltr'><strong>multo</strong></span> <span class='ocrx_word' id='word_1_461' title='bbox 1272 4825 1457 4904; x_wconf 84' lang='lat' dir='ltr'><strong>magis</strong></span> <span class='ocrx_word' id='word_1_462' title='bbox 1481 4824 1998 4887; x_wconf 89' lang='lat' dir='ltr'><strong>nolentiTheodo-</strong></span> 
     </span>
    </p>
   </div>
   <div class='ocr_carea' id='block_1_67' title="bbox 352 4914 1995 4993">
    <p class='ocr_par' dir='ltr' id='par_1_67' title="bbox 352 4914 1995 4993">
     <span class='ocr_line' id='line_1_67' title="bbox 352 4914 1995 4993; baseline -0.001 -16"><span class='ocrx_word' id='word_1_463' title='bbox 352 4914 466 4991; x_wconf 91' lang='lat' dir='ltr'><strong>sio,</strong></span> <span class='ocrx_word' id='word_1_464' title='bbox 490 4923 555 4976; x_wconf 89' lang='lat' dir='ltr'><strong>ut</strong></span> <span class='ocrx_word' id='word_1_465' title='bbox 572 4914 844 4978; x_wconf 89' lang='lat' dir='ltr'><strong>admittat</strong></span> <span class='ocrx_word' id='word_1_466' title='bbox 870 4914 1458 4980; x_wconf 87' lang='lat' dir='ltr'><strong>translationem.Cui</strong></span> <span class='ocrx_word' id='word_1_467' title='bbox 1484 4914 1644 4976; x_wconf 92' lang='lat' dir='ltr'><strong>enim</strong></span> <span class='ocrx_word' id='word_1_468' title='bbox 1659 4914 1995 4993; x_wconf 88' lang='lat' dir='ltr'><strong>jucundum</strong></span> 
     </span>
    </p>
   </div>
   <div class='ocr_carea' id='block_1_68' title="bbox 353 5000 1997 5084">
    <p class='ocr_par' dir='ltr' id='par_1_68' title="bbox 353 5000 1997 5084">
     <span class='ocr_line' id='line_1_68' title="bbox 353 5000 1997 5084; baseline -0.002 -18"><span class='ocrx_word' id='word_1_469' title='bbox 353 5012 483 5067; x_wconf 89' lang='lat' dir='ltr'><strong>erat</strong></span> <span class='ocrx_word' id='word_1_470' title='bbox 509 5002 687 5066; x_wconf 87' lang='lat' dir='ltr'><strong>simul</strong></span> <span class='ocrx_word' id='word_1_471' title='bbox 721 5002 1011 5078; x_wconf 81' lang='lat' dir='ltr'><strong>habitare,</strong></span> <span class='ocrx_word' id='word_1_472' title='bbox 1033 5019 1413 5084; x_wconf 89' lang='lat' dir='ltr'><strong>consequens</strong></span> <span class='ocrx_word' id='word_1_473' title='bbox 1443 5011 1553 5079; x_wconf 88' lang='lat' dir='ltr'><strong>est,</strong></span> <span class='ocrx_word' id='word_1_474' title='bbox 1581 5010 1645 5064; x_wconf 89' lang='lat' dir='ltr'><strong>ut</strong></span> <span class='ocrx_word' id='word_1_475' title='bbox 1672 5000 1729 5064; x_wconf 90' lang='lat' dir='ltr'><strong>ei</strong></span> <span class='ocrx_word' id='word_1_476' title='bbox 1761 5019 1997 5082; x_wconf 89' lang='lat' dir='ltr'><strong>quoque</strong></span> 
     </span>
    </p>
   </div>
   <div class='ocr_carea' id='block_1_69' title="bbox 430 5122 981 5203">
    <p class='ocr_par' dir='ltr' id='par_1_69' title="bbox 430 5122 981 5203">
     <span class='ocr_line' id='line_1_69' title="bbox 430 5122 981 5203; baseline -0.004 -15"><span class='ocrx_word' id='word_1_477' title='bbox 430 5124 463 5175; x_wconf 78' lang='lat'><strong>3</strong></span> <span class='ocrx_word' id='word_1_478' title='bbox 489 5122 515 5188; x_wconf 91' lang='grc' dir='ltr'>Ι</span> <span class='ocrx_word' id='word_1_479' title='bbox 543 5122 690 5203; x_wconf 80' lang='lat' dir='ltr'><strong>Reg.</strong></span> <span class='ocrx_word' id='word_1_480' title='bbox 726 5140 890 5200; x_wconf 81' lang='lat' dir='ltr'><strong>xvut,</strong></span> <span class='ocrx_word' id='word_1_481' title='bbox 922 5123 981 5186; x_wconf 77' lang='lat' dir='ltr'><strong>t.</strong></span> 
     </span>
    </p>
   </div>
   <div class='ocr_carea' id='block_1_70' title="bbox 418 5280 1992 5353">
    <p class='ocr_par' dir='ltr' id='par_1_70' title="bbox 418 5280 1992 5353">
     <span class='ocr_line' id='line_1_70' title="bbox 418 5280 1992 5353; baseline -0.002 -13"><span class='ocrx_word' id='word_1_482' title='bbox 418 5284 503 5353; x_wconf 89' lang='lat'><strong>(7)</strong></span> <span class='ocrx_word' id='word_1_483' title='bbox 535 5280 835 5352; x_wconf 86' lang='lat' dir='ltr'><strong>Longinus</strong></span> <span class='ocrx_word' id='word_1_484' title='bbox 866 5280 1105 5353; x_wconf 87' lang='lat' dir='ltr'><strong>quidam</strong></span> <span class='ocrx_word' id='word_1_485' title='bbox 1129 5295 1283 5339; x_wconf 83' lang='lat' dir='ltr'><strong>anno</strong></span> <span class='ocrx_word' id='word_1_486' title='bbox 1315 5281 1448 5353; x_wconf 79' lang='lat' dir='ltr'><strong>Chr.</strong></span> <span class='ocrx_word' id='word_1_487' title='bbox 1484 5280 1610 5349; x_wconf 61' lang='lat'><strong>£69,</strong></span> <span class='ocrx_word' id='word_1_488' title='bbox 1633 5296 1661 5337; x_wconf 73' lang='grc' dir='ltr'><strong>ο</strong></span> <span class='ocrx_word' id='word_1_489' title='bbox 1687 5280 1742 5338; x_wconf 89' lang='lat' dir='ltr'><strong>S.</strong></span> <span class='ocrx_word' id='word_1_490' title='bbox 1770 5281 1992 5353; x_wconf 81' lang='lat' dir='ltr'><strong>Euthy-</strong></span> 
     </span>
    </p>
   </div>
   <div class='ocr_carea' id='block_1_71' title="bbox 348 5351 1998 5427">
    <p class='ocr_par' dir='ltr' id='par_1_71' title="bbox 348 5351 1998 5427">
     <span class='ocr_line' id='line_1_71' title="bbox 348 5351 1998 5427; baseline -0.001 -14"><span class='ocrx_word' id='word_1_491' title='bbox 348 5351 490 5413; x_wconf 52' lang='lat' dir='ltr'><strong>mio&#39;</strong></span> <span class='ocrx_word' id='word_1_492' title='bbox 518 5351 823 5427; x_wconf 56' lang='lat' dir='ltr'><strong>praefectus</strong></span> <span class='ocrx_word' id='word_1_493' title='bbox 873 5351 1226 5427; x_wconf 73' lang='lat' dir='ltr'><strong>monasterio</strong></span> <span class='ocrx_word' id='word_1_494' title='bbox 1285 5352 1546 5427; x_wconf 81' lang='lat' dir='ltr'><strong>interiori</strong></span> <span class='ocrx_word' id='word_1_495' title='bbox 1581 5367 1695 5410; x_wconf 92' lang='lat' dir='ltr'><strong>non</strong></span> <span class='ocrx_word' id='word_1_496' title='bbox 1732 5351 1998 5427; x_wconf 74' lang='lat' dir='ltr'><strong>procula</strong></span> 
     </span>
    </p>
   </div>
   <div class='ocr_carea' id='block_1_72' title="bbox 2083 1689 3181 1772">
    <p class='ocr_par' dir='ltr' id='par_1_72' title="bbox 2083 1689 3181 1772">
     <span class='ocr_line' id='line_1_72' title="bbox 2083 1689 3181 1772; baseline 0.006 -27"><span class='ocrx_word' id='word_1_497' title='bbox 2083 1711 2203 1756; x_wconf 68' lang='grc' dir='ltr'>νοδς</span> <span class='ocrx_word' id='word_1_498' title='bbox 2235 1693 2370 1748; x_wconf 79' lang='grc' dir='ltr'>κατὰ</span> <span class='ocrx_word' id='word_1_499' title='bbox 2399 1694 2584 1770; x_wconf 79' lang='grc' dir='ltr'>καιρὸν</span> <span class='ocrx_word' id='word_1_500' title='bbox 2616 1693 2846 1772; x_wconf 80' lang='grc' dir='ltr'>καρποὺς</span> <span class='ocrx_word' id='word_1_501' title='bbox 2880 1689 3181 1770; x_wconf 82' lang='grc' dir='ltr'>δρέπεσθαι.</span> 
     </span>
    </p>
   </div>
   <div class='ocr_carea' id='block_1_73' title="bbox 2162 1868 3729 1951">
    <p class='ocr_par' dir='ltr' id='par_1_73' title="bbox 2162 1868 3729 1951">
     <span class='ocr_line' id='line_1_73' title="bbox 2162 1868 3729 1951; baseline 0 -21"><span class='ocrx_word' id='word_1_502' title='bbox 2162 1868 2230 1942; x_wconf 83' lang='grc' dir='ltr'><strong>ζ’.</strong></span> <span class='ocrx_word' id='word_1_503' title='bbox 2281 1873 2452 1928; x_wconf 75' lang='grc' dir='ltr'>Ταῦτα</span> <span class='ocrx_word' id='word_1_504' title='bbox 2485 1870 2766 1951; x_wconf 80' lang='grc' dir='ltr'>σοφώτατα</span> <span class='ocrx_word' id='word_1_505' title='bbox 2801 1871 3093 1940; x_wconf 87' lang='grc' dir='ltr'>διανοηθείς</span> <span class='ocrx_word' id='word_1_506' title='bbox 3139 1871 3229 1949; x_wconf 71' lang='grc' dir='ltr'><strong>(ἦν</strong></span> <span class='ocrx_word' id='word_1_507' title='bbox 3274 1872 3374 1951; x_wconf 72' lang='grc' dir='ltr'>γὰρ</span> <span class='ocrx_word' id='word_1_508' title='bbox 3406 1875 3549 1946; x_wconf 62' lang='lat' dir='ltr'><strong>animi»</strong></span> <span class='ocrx_word' id='word_1_509' title='bbox 3591 1875 3729 1949; x_wconf 71' lang='grc' dir='ltr'>μετὰ</span> 
     </span>
    </p>
   </div>
   <div class='ocr_carea' id='block_1_74' title="bbox 2081 1959 3732 2042">
    <p class='ocr_par' dir='ltr' id='par_1_74' title="bbox 2081 1959 3732 2042">
     <span class='ocr_line' id='line_1_74' title="bbox 2081 1959 3732 2042; baseline 0.001 -26"><span class='ocrx_word' id='word_1_510' title='bbox 2081 1967 2187 2016; x_wconf 84' lang='grc' dir='ltr'><strong>τῶν</strong></span> <span class='ocrx_word' id='word_1_511' title='bbox 2248 1959 2427 2017; x_wconf 63' lang='grc' dir='ltr'>ἄλλων</span> <span class='ocrx_word' id='word_1_512' title='bbox 2487 1961 2577 2018; x_wconf 87' lang='grc' dir='ltr'><strong>καί</strong></span> <span class='ocrx_word' id='word_1_513' title='bbox 2616 1962 2820 2027; x_wconf 82' lang='grc' dir='ltr'>σύνεσις</span> <span class='ocrx_word' id='word_1_514' title='bbox 2884 1960 3132 2042; x_wconf 78' lang='grc' dir='ltr'>ἀκριϐὴς)</span> <span class='ocrx_word' id='word_1_515' title='bbox 3179 1964 3282 2042; x_wconf 81' lang='grc' dir='ltr'>πρὸ</span> <span class='ocrx_word' id='word_1_516' title='bbox 3339 1964 3564 2034; x_wconf 74' lang='grc' dir='ltr'>ζήτησιν</span> <span class='ocrx_word' id='word_1_517' title='bbox 3623 1968 3732 2020; x_wconf 79' lang='grc' dir='ltr'>τῶν</span> 
     </span>
    </p>
   </div>
   <div class='ocr_carea' id='block_1_75' title="bbox 2084 2050 3731 2130">
    <p class='ocr_par' dir='ltr' id='par_1_75' title="bbox 2084 2050 3731 2130">
     <span class='ocr_line' id='line_1_75' title="bbox 2084 2050 3731 2130; baseline 0.002 -25"><span class='ocrx_word' id='word_1_518' title='bbox 2084 2050 2219 2125; x_wconf 76' lang='grc' dir='ltr'>μετὰ</span> <span class='ocrx_word' id='word_1_519' title='bbox 2238 2050 2441 2106; x_wconf 71' lang='grc' dir='ltr'>,πόνων</span> <span class='ocrx_word' id='word_1_520' title='bbox 2500 2053 2594 2115; x_wconf 86' lang='grc' dir='ltr'><strong>τὰς</strong></span> <span class='ocrx_word' id='word_1_521' title='bbox 2654 2053 2746 2108; x_wconf 77' lang='grc' dir='ltr'>τοῦ</span> <span class='ocrx_word' id='word_1_522' title='bbox 2803 2052 3003 2130; x_wconf 76' lang='grc' dir='ltr'>ἀγαθοῦ</span> <span class='ocrx_word' id='word_1_523' title='bbox 3063 2051 3291 2122; x_wconf 85' lang='grc' dir='ltr'>μελέτας</span> <span class='ocrx_word' id='word_1_524' title='bbox 3349 2052 3731 2127; x_wconf 80' lang='grc' dir='ltr'>ποιησαμένων</span> 
     </span>
    </p>
   </div>
   <div class='ocr_carea' id='block_1_76' title="bbox 2083 2138 3729 2221">
    <p class='ocr_par' dir='ltr' id='par_1_76' title="bbox 2083 2138 3729 2221">
     <span class='ocr_line' id='line_1_76' title="bbox 2083 2138 3729 2221; baseline 0.002 -26"><span class='ocrx_word' id='word_1_525' title='bbox 2083 2140 2227 2201; x_wconf 73' lang='grc' dir='ltr'>εὒθὺς</span> <span class='ocrx_word' id='word_1_526' title='bbox 2293 2140 2566 2220; x_wconf 77' lang='grc' dir='ltr'>τρέπεται,</span> <span class='ocrx_word' id='word_1_527' title='bbox 2624 2138 2774 2204; x_wconf 74' lang='grc' dir='ltr'>εἰδὼς</span> <span class='ocrx_word' id='word_1_528' title='bbox 2835 2139 2920 2197; x_wconf 85' lang='grc' dir='ltr'><strong>ὅτι</strong></span> <span class='ocrx_word' id='word_1_529' title='bbox 2986 2140 3046 2198; x_wconf 86' lang='grc' dir='ltr'><strong>ἐκ</strong></span> <span class='ocrx_word' id='word_1_530' title='bbox 3098 2140 3191 2199; x_wconf 71' lang='grc' dir='ltr'>τοῦ</span> <span class='ocrx_word' id='word_1_531' title='bbox 3253 2145 3442 2218; x_wconf 77' lang='grc' dir='ltr'>μαθεῖν</span> <span class='ocrx_word' id='word_1_532' title='bbox 3486 2141 3729 2221; x_wconf 80' lang='grc' dir='ltr'>ἀσφαλε-</span> 
     </span>
    </p>
   </div>
   <div class='ocr_carea' id='block_1_77' title="bbox 2082 2228 3731 2310">
    <p class='ocr_par' dir='ltr' id='par_1_77' title="bbox 2082 2228 3731 2310">
     <span class='ocr_line' id='line_1_77' title="bbox 2082 2228 3731 2310; baseline 0.001 -27"><span class='ocrx_word' id='word_1_533' title='bbox 2082 2229 2239 2306; x_wconf 76' lang='grc' dir='ltr'>στέρα</span> <span class='ocrx_word' id='word_1_534' title='bbox 2312 2230 2539 2296; x_wconf 74' lang='grc' dir='ltr'>μάθησίς</span> <span class='ocrx_word' id='word_1_535' title='bbox 2597 2251 2654 2286; x_wconf 91' lang='grc' dir='ltr'><strong>τε</strong></span> <span class='ocrx_word' id='word_1_536' title='bbox 2712 2230 2801 2287; x_wconf 87' lang='grc' dir='ltr'><strong>καί</strong></span> <span class='ocrx_word' id='word_1_537' title='bbox 2854 2228 3066 2296; x_wconf 77' lang='grc' dir='ltr'>δίδαξις,</span> <span class='ocrx_word' id='word_1_538' title='bbox 3144 2231 3388 2309; x_wconf 78' lang='grc' dir='ltr'>Λογγίνῳ</span> <span class='ocrx_word' id='word_1_539' title='bbox 3448 2239 3731 2310; x_wconf 82' lang='grc' dir='ltr'>τοιγαροῦν</span> 
     </span>
    </p>
   </div>
   <div class='ocr_carea' id='block_1_78' title="bbox 2081 2317 3735 2399">
    <p class='ocr_par' dir='ltr' id='par_1_78' title="bbox 2081 2317 3735 2399">
     <span class='ocr_line' id='line_1_78' title="bbox 2081 2317 3735 2399; baseline 0.003 -26"><span class='ocrx_word' id='word_1_540' title='bbox 2081 2325 2157 2392; x_wconf 77' lang='grc' dir='ltr'>τῷ</span> <span class='ocrx_word' id='word_1_541' title='bbox 2214 2320 2457 2394; x_wconf 81' lang='grc' dir='ltr'>μακαρίῳ</span> <span class='ocrx_word' id='word_1_542' title='bbox 2514 2317 2742 2397; x_wconf 75' lang='grc' dir='ltr'>γέροντι,</span> <span class='ocrx_word' id='word_1_543' title='bbox 2790 2320 2848 2383; x_wconf 82' lang='grc' dir='ltr'>ὃς</span> <span class='ocrx_word' id='word_1_544' title='bbox 2895 2320 2985 2376; x_wconf 83' lang='grc' dir='ltr'><strong>καί</strong></span> <span class='ocrx_word' id='word_1_545' title='bbox 3032 2317 3427 2399; x_wconf 83' lang='grc' dir='ltr'>διαφορώτατος</span> <span class='ocrx_word' id='word_1_546' title='bbox 3473 2327 3582 2377; x_wconf 82' lang='grc' dir='ltr'><strong>τῶν</strong></span> <span class='ocrx_word' id='word_1_547' title='bbox 3612 2320 3735 2378; x_wconf 84' lang='grc' dir='ltr'>καθ’</span> 
     </span>
    </p>
   </div>
   <div class='ocr_carea' id='block_1_79' title="bbox 2081 2408 3727 2490">
    <p class='ocr_par' dir='ltr' id='par_1_79' title="bbox 2081 2408 3727 2490">
     <span class='ocr_line' id='line_1_79' title="bbox 2081 2408 3727 2490; baseline 0.002 -27"><span class='ocrx_word' id='word_1_548' title='bbox 2081 2408 2267 2464; x_wconf 68' lang='grc' dir='ltr'>ἐαυτξν</span> <span class='ocrx_word' id='word_1_549' title='bbox 2319 2409 2560 2485; x_wconf 77' lang='grc' dir='ltr'>πατέρων</span> <span class='ocrx_word' id='word_1_550' title='bbox 2617 2410 2910 2489; x_wconf 78' lang='grc' dir='ltr'>ἐτύγχανεν</span> <span class='ocrx_word' id='word_1_551' title='bbox 2967 2409 3067 2484; x_wconf 83' lang='grc' dir='ltr'>ὢν,</span> <span class='ocrx_word' id='word_1_552' title='bbox 3127 2410 3298 2490; x_wconf 71' lang='grc' dir='ltr'>φέρων</span> <span class='ocrx_word' id='word_1_553' title='bbox 3349 2410 3535 2467; x_wconf 84' lang='grc' dir='ltr'>ἐαυτὸν</span> <span class='ocrx_word' id='word_1_554' title='bbox 3566 2409 3727 2468; x_wconf 81' lang='grc' dir='ltr'>δίδω-</span> 
     </span>
    </p>
   </div>
   <div class='ocr_carea' id='block_1_80' title="bbox 2080 2496 3728 2579">
    <p class='ocr_par' dir='ltr' id='par_1_80' title="bbox 2080 2496 3728 2579">
     <span class='ocr_line' id='line_1_80' title="bbox 2080 2496 3728 2579; baseline 0.003 -27"><span class='ocrx_word' id='word_1_555' title='bbox 2080 2518 2185 2570; x_wconf 89' lang='grc' dir='ltr'>σιν,</span> <span class='ocrx_word' id='word_1_556' title='bbox 2221 2496 2532 2571; x_wconf 72' lang='grc' dir='ltr'>ὁμοδίαιτος</span> <span class='ocrx_word' id='word_1_557' title='bbox 2566 2520 2617 2554; x_wconf 88' lang='grc' dir='ltr'><strong>τε</strong></span> <span class='ocrx_word' id='word_1_558' title='bbox 2654 2502 2796 2573; x_wconf 73' lang='grc' dir='ltr'><strong>αὖτῷ</strong></span> <span class='ocrx_word' id='word_1_559' title='bbox 2826 2500 2914 2555; x_wconf 82' lang='grc' dir='ltr'><strong>καί</strong></span> <span class='ocrx_word' id='word_1_560' title='bbox 2941 2500 3182 2561; x_wconf 86' lang='grc' dir='ltr'>σύνοικος</span> <span class='ocrx_word' id='word_1_561' title='bbox 3237 2500 3467 2579; x_wconf 83' lang='grc' dir='ltr'>γίνεται,</span> <span class='ocrx_word' id='word_1_562' title='bbox 3528 2499 3728 2579; x_wconf 81' lang='grc' dir='ltr'>σφόδρα</span> 
     </span>
    </p>
   </div>
   <div class='ocr_carea' id='block_1_81' title="bbox 2075 2586 3729 2667">
    <p class='ocr_par' dir='ltr' id='par_1_81' title="bbox 2075 2586 3729 2667">
     <span class='ocr_line' id='line_1_81' title="bbox 2075 2586 3729 2667; baseline 0.002 -26"><span class='ocrx_word' id='word_1_563' title='bbox 2075 2598 2193 2645; x_wconf 69' lang='grc' dir='ltr'>τοῖς</span> <span class='ocrx_word' id='word_1_564' title='bbox 2244 2586 2446 2643; x_wconf 70' lang='grc' dir='ltr'>ἐκείνο)</span> <span class='ocrx_word' id='word_1_565' title='bbox 2504 2588 2717 2666; x_wconf 82' lang='grc' dir='ltr'>τρόποις</span> <span class='ocrx_word' id='word_1_566' title='bbox 2768 2589 2968 2663; x_wconf 79' lang='grc' dir='ltr'>ἡσθείς,</span> <span class='ocrx_word' id='word_1_567' title='bbox 3004 2589 3093 2645; x_wconf 87' lang='grc' dir='ltr'><strong>καί</strong></span> <span class='ocrx_word' id='word_1_568' title='bbox 3118 2587 3203 2646; x_wconf 81' lang='grc' dir='ltr'>διὰ</span> <span class='ocrx_word' id='word_1_569' title='bbox 3233 2595 3389 2646; x_wconf 79' lang='grc' dir='ltr'>τοῦτο</span> <span class='ocrx_word' id='word_1_570' title='bbox 3423 2588 3513 2644; x_wconf 83' lang='grc' dir='ltr'><strong>καί</strong></span> <span class='ocrx_word' id='word_1_571' title='bbox 3542 2589 3729 2667; x_wconf 80' lang='grc' dir='ltr'>ὥσπερ</span> 
     </span>
    </p>
   </div>
   <div class='ocr_carea' id='block_1_82' title="bbox 2076 2676 3722 2762">
    <p class='ocr_par' dir='ltr' id='par_1_82' title="bbox 2076 2676 3722 2762">
     <span class='ocr_line' id='line_1_82' title="bbox 2076 2676 3722 2762; baseline 0.001 -30"><span class='ocrx_word' id='word_1_572' title='bbox 2076 2676 2199 2740; x_wconf 87' lang='grc' dir='ltr'>ὃλος</span> <span class='ocrx_word' id='word_1_573' title='bbox 2257 2678 2401 2751; x_wconf 70' lang='grc' dir='ltr'><strong>αὒτῷ</strong></span> <span class='ocrx_word' id='word_1_574' title='bbox 2459 2676 2651 2758; x_wconf 66' lang='grc' dir='ltr'>ἐμφὺς,</span> <span class='ocrx_word' id='word_1_575' title='bbox 2705 2678 2794 2734; x_wconf 86' lang='grc' dir='ltr'><strong>καί</strong></span> <span class='ocrx_word' id='word_1_576' title='bbox 2848 2686 2909 2734; x_wconf 86' lang='grc' dir='ltr'>τὸ</span> <span class='ocrx_word' id='word_1_577' title='bbox 2957 2684 3050 2734; x_wconf 82' lang='grc' dir='ltr'>τοῦ</span> <span class='ocrx_word' id='word_1_578' title='bbox 3105 2677 3246 2734; x_wconf 86' lang='grc' dir='ltr'>θείου</span> <span class='ocrx_word' id='word_1_579' title='bbox 3325 2680 3484 2758; x_wconf 69' lang='grc' dir='ltr'>φάναι</span> <span class='ocrx_word' id='word_1_580' title='bbox 3540 2676 3722 2762; x_wconf 63' lang='grc' dir='ltr'>Δαϐίό,</span> 
     </span>
    </p>
   </div>
   <div class='ocr_carea' id='block_1_83' title="bbox 2076 2764 3725 2845">
    <p class='ocr_par' dir='ltr' id='par_1_83' title="bbox 2076 2764 3725 2845">
     <span class='ocr_line' id='line_1_83' title="bbox 2076 2764 3725 2845; baseline 0.002 -25"><span class='ocrx_word' id='word_1_581' title='bbox 2076 2767 2171 2832; x_wconf 78' lang='grc' dir='ltr'><strong>τὴν</strong></span> <span class='ocrx_word' id='word_1_582' title='bbox 2232 2767 2417 2845; x_wconf 72' lang='grc' dir='ltr'>ψυχὴν</span> <span class='ocrx_word' id='word_1_583' title='bbox 2477 2768 2646 2823; x_wconf 82' lang='grc' dir='ltr'>ὀπίσω</span> <span class='ocrx_word' id='word_1_584' title='bbox 2703 2764 3142 2845; x_wconf 86' lang='grc' dir='ltr'>προσκολληθείς.</span> <span class='ocrx_word' id='word_1_585' title='bbox 3192 2764 3345 2824; x_wconf 87' lang='grc' dir='ltr'>Ἐπεί</span> <span class='ocrx_word' id='word_1_586' title='bbox 3404 2766 3493 2821; x_wconf 79' lang='grc' dir='ltr'><strong>καί</strong></span> <span class='ocrx_word' id='word_1_587' title='bbox 3548 2772 3593 2840; x_wconf 79' lang='grc' dir='ltr'>ᾧ</span> <span class='ocrx_word' id='word_1_588' title='bbox 3640 2790 3725 2833; x_wconf 81' lang='grc' dir='ltr'><strong>τις</strong></span> 
     </span>
    </p>
   </div>
   <div class='ocr_carea' id='block_1_84' title="bbox 2076 2854 3720 2934">
    <p class='ocr_par' dir='ltr' id='par_1_84' title="bbox 2076 2854 3720 2934">
     <span class='ocr_line' id='line_1_84' title="bbox 2076 2854 3720 2934; baseline 0.001 -22"><span class='ocrx_word' id='word_1_589' title='bbox 2076 2855 2246 2912; x_wconf 77' lang='grc' dir='ltr'>συνὼν</span> <span class='ocrx_word' id='word_1_590' title='bbox 2304 2854 2509 2931; x_wconf 73' lang='grc' dir='ltr'>ἥδεται,</span> <span class='ocrx_word' id='word_1_591' title='bbox 2575 2862 2813 2920; x_wconf 78' lang='grc' dir='ltr'>τοιοῦτος</span> <span class='ocrx_word' id='word_1_592' title='bbox 2868 2855 2970 2934; x_wconf 73' lang='grc' dir='ltr'>ἄρα</span> <span class='ocrx_word' id='word_1_593' title='bbox 3027 2857 3114 2912; x_wconf 80' lang='grc' dir='ltr'>γαί</span> <span class='ocrx_word' id='word_1_594' title='bbox 3184 2856 3329 2912; x_wconf 72' lang='grc' dir='ltr'>εἶναι</span> <span class='ocrx_word' id='word_1_595' title='bbox 3385 2857 3720 2929; x_wconf 78' lang='grc' dir='ltr'>πιστεύεται,</span> 
     </span>
    </p>
   </div>
   <div class='ocr_carea' id='block_1_85' title="bbox 2076 2932 3725 3023">
    <p class='ocr_par' dir='ltr' id='par_1_85' title="bbox 2076 2932 3725 3023">
     <span class='ocr_line' id='line_1_85' title="bbox 2076 2932 3725 3023; baseline 0.001 -24"><span class='ocrx_word' id='word_1_596' title='bbox 2076 2944 2165 2999; x_wconf 80' lang='grc' dir='ltr'><strong>καί</strong></span> <span class='ocrx_word' id='word_1_597' title='bbox 2194 2942 2370 3007; x_wconf 80' lang='grc' dir='ltr'>καλῶς</span> <span class='ocrx_word' id='word_1_598' title='bbox 2401 2950 2557 2999; x_wconf 75' lang='grc' dir='ltr'>τοῦτο</span> <span class='ocrx_word' id='word_1_599' title='bbox 2620 2945 2722 3001; x_wconf 80' lang='grc' dir='ltr'><strong>ὑπὸ</strong></span> <span class='ocrx_word' id='word_1_600' title='bbox 2780 2932 3186 3001; x_wconf 12' lang='grc' dir='ltr'>τῶνγπαλαιῶν</span> <span class='ocrx_word' id='word_1_601' title='bbox 3216 2943 3454 3023; x_wconf 81' lang='grc' dir='ltr'>λέγεται.</span> <span class='ocrx_word' id='word_1_602' title='bbox 3515 2932 3612 3001; x_wconf 53' lang='grc' dir='ltr'>Ἠν</span> <span class='ocrx_word' id='word_1_603' title='bbox 3668 2942 3725 3001; x_wconf 77' lang='grc' dir='ltr'><strong>δὲ</strong></span> 
     </span>
    </p>
   </div>
   <div class='ocr_carea' id='block_1_86' title="bbox 2081 3033 3727 3111">
    <p class='ocr_par' dir='ltr' id='par_1_86' title="bbox 2081 3033 3727 3111">
     <span class='ocr_line' id='line_1_86' title="bbox 2081 3033 3727 3111; baseline 0.002 -23"><span class='ocrx_word' id='word_1_604' title='bbox 2081 3035 2105 3088; x_wconf 69' lang='grc' dir='ltr'>ὃ</span> <span class='ocrx_word' id='word_1_605' title='bbox 2161 3033 2458 3107; x_wconf 76' lang='grc' dir='ltr'>θαυμαστὸς</span> <span class='ocrx_word' id='word_1_606' title='bbox 2538 3040 2691 3097; x_wconf 74' lang='grc' dir='ltr'>οὖτος</span> <span class='ocrx_word' id='word_1_607' title='bbox 2751 3038 3016 3111; x_wconf 72' lang='grc' dir='ltr'>Λογγῖνος</span> <span class='ocrx_word' id='word_1_608' title='bbox 3090 3033 3144 3089; x_wconf 83' lang='grc' dir='ltr'><strong>ἐν</strong></span> <span class='ocrx_word' id='word_1_609' title='bbox 3191 3035 3420 3108; x_wconf 81' lang='grc' dir='ltr'>οἰκίσκῷ</span> <span class='ocrx_word' id='word_1_610' title='bbox 3475 3035 3578 3090; x_wconf 90' lang='grc' dir='ltr'>τινί</span> <span class='ocrx_word' id='word_1_611' title='bbox 3632 3041 3727 3091; x_wconf 81' lang='grc' dir='ltr'>τοῦ</span> 
     </span>
    </p>
   </div>
   <div class='ocr_carea' id='block_1_87' title="bbox 2078 3120 3726 3203">
    <p class='ocr_par' dir='ltr' id='par_1_87' title="bbox 2078 3120 3726 3203">
     <span class='ocr_line' id='line_1_87' title="bbox 2078 3120 3726 3203; baseline 0.002 -25"><span class='ocrx_word' id='word_1_612' title='bbox 2078 3122 2276 3199; x_wconf 82' lang='grc' dir='ltr'>πύργου</span> <span class='ocrx_word' id='word_1_613' title='bbox 2330 3130 2422 3180; x_wconf 74' lang='grc' dir='ltr'>τοῦ</span> <span class='ocrx_word' id='word_1_614' title='bbox 2463 3123 2743 3180; x_wconf 84' lang='grc' dir='ltr'>θεσπεσίου</span> <span class='ocrx_word' id='word_1_615' title='bbox 2778 3120 2938 3178; x_wconf 80' lang='grc' dir='ltr'>Δαϐίδ</span> <span class='ocrx_word' id='word_1_616' title='bbox 2994 3123 3176 3201; x_wconf 83' lang='grc' dir='ltr'>(τουτο</span> <span class='ocrx_word' id='word_1_617' title='bbox 3216 3124 3317 3201; x_wconf 74' lang='grc' dir='ltr'><strong>γὰρ</strong></span> <span class='ocrx_word' id='word_1_618' title='bbox 3346 3125 3381 3193; x_wconf 74' lang='grc' dir='ltr'><strong>ἡ</strong></span> <span class='ocrx_word' id='word_1_619' title='bbox 3427 3123 3487 3181; x_wconf 85' lang='grc' dir='ltr'><strong>ἐκ</strong></span> <span class='ocrx_word' id='word_1_620' title='bbox 3516 3130 3726 3203; x_wconf 74' lang='grc' dir='ltr'>μακροῦ</span> 
     </span>
    </p>
   </div>
   <div class='ocr_carea' id='block_1_88' title="bbox 2080 3208 3725 3288">
    <p class='ocr_par' dir='ltr' id='par_1_88' title="bbox 2080 3208 3725 3288">
     <span class='ocr_line' id='line_1_88' title="bbox 2080 3208 3725 3288; baseline 0.002 -21"><span class='ocrx_word' id='word_1_621' title='bbox 2080 3209 2367 3287; x_wconf 73' lang='grc' dir='ltr'>παράδοσις</span> <span class='ocrx_word' id='word_1_622' title='bbox 2421 3208 2646 3281; x_wconf 82' lang='grc' dir='ltr'>δίδωσιν)</span> <span class='ocrx_word' id='word_1_623' title='bbox 2729 3212 2914 3269; x_wconf 77' lang='grc' dir='ltr'>ἑαυτὸν</span> <span class='ocrx_word' id='word_1_624' title='bbox 2997 3211 3441 3288; x_wconf 65' lang='grc' dir='ltr'>ἐγκλεισάμενος,</span> <span class='ocrx_word' id='word_1_625' title='bbox 3498 3213 3725 3270; x_wconf 72' lang='grc' dir='ltr'>κᾶκεϊσε</span> 
     </span>
    </p>
   </div>
   <div class='ocr_carea' id='block_1_89' title="bbox 2078 3299 3620 3381">
    <p class='ocr_par' dir='ltr' id='par_1_89' title="bbox 2078 3299 3620 3381">
     <span class='ocr_line' id='line_1_89' title="bbox 2078 3299 3620 3381; baseline 0.003 -24"><span class='ocrx_word' id='word_1_626' title='bbox 2078 3302 2140 3357; x_wconf 69' lang='grc' dir='ltr'>τό</span> <span class='ocrx_word' id='word_1_627' title='bbox 2168 3299 2262 3369; x_wconf 50' lang='lat' dir='ltr'><strong>ita}</strong></span> <span class='ocrx_word' id='word_1_628' title='bbox 2292 3305 2390 3365; x_wconf 81' lang='grc' dir='ltr'>τῆς</span> <span class='ocrx_word' id='word_1_629' title='bbox 2424 3299 2617 3377; x_wconf 78' lang='grc' dir='ltr'>ἀρετῆς</span> <span class='ocrx_word' id='word_1_630' title='bbox 2653 3300 2777 3375; x_wconf 79' lang='grc' dir='ltr'>μέλι</span> <span class='ocrx_word' id='word_1_631' title='bbox 2809 3300 3220 3381; x_wconf 78' lang='grc' dir='ltr'>φιλοπονότερον</span> <span class='ocrx_word' id='word_1_632' title='bbox 3244 3302 3620 3381; x_wconf 78' lang='grc' dir='ltr'>ἐργαζόμενος.</span> 
     </span>
    </p>
   </div>
   <div class='ocr_carea' id='block_1_90' title="bbox 2159 3389 3728 3471">
    <p class='ocr_par' dir='ltr' id='par_1_90' title="bbox 2159 3389 3728 3471">
     <span class='ocr_line' id='line_1_90' title="bbox 2159 3389 3728 3471; baseline 0.013 -35"><span class='ocrx_word' id='word_1_633' title='bbox 2159 3389 2245 3457; x_wconf 78' lang='grc' dir='ltr'>η’,</span> <span class='ocrx_word' id='word_1_634' title='bbox 2296 3389 2425 3465; x_wconf 75' lang='grc' dir='ltr'>Παρ’</span> <span class='ocrx_word' id='word_1_635' title='bbox 2474 3390 2519 3465; x_wconf 85' lang='grc' dir='ltr'>ᾦ</span> <span class='ocrx_word' id='word_1_636' title='bbox 2562 3392 2650 3447; x_wconf 84' lang='grc' dir='ltr'><strong>καὶ</strong></span> <span class='ocrx_word' id='word_1_637' title='bbox 2700 3391 2765 3446; x_wconf 72' lang='grc' dir='ltr'><strong>τὰ</strong></span> <span class='ocrx_word' id='word_1_638' title='bbox 2818 3390 3133 3469; x_wconf 67' lang='grc' dir='ltr'>αἰσθητήρια</span> <span class='ocrx_word' id='word_1_639' title='bbox 3192 3392 3364 3448; x_wconf 85' lang='grc' dir='ltr'>πάντα</span> <span class='ocrx_word' id='word_1_640' title='bbox 3408 3393 3435 3449; x_wconf 84' lang='grc' dir='ltr'>ὁ</span> <span class='ocrx_word' id='word_1_641' title='bbox 3477 3392 3728 3471; x_wconf 71' lang='grc' dir='ltr'>θεοφιλὴς</span> 
     </span>
    </p>
   </div>
   <div class='ocr_carea' id='block_1_91' title="bbox 2080 3477 3727 3558">
    <p class='ocr_par' dir='ltr' id='par_1_91' title="bbox 2080 3477 3727 3558">
     <span class='ocr_line' id='line_1_91' title="bbox 2080 3477 3727 3558; baseline 0.002 -23"><span class='ocrx_word' id='word_1_642' title='bbox 2080 3477 2358 3545; x_wconf 72' lang='grc' dir='ltr'>Θεοδόσιος</span> <span class='ocrx_word' id='word_1_643' title='bbox 2388 3479 2566 3550; x_wconf 81' lang='grc' dir='ltr'>ὥσπερ</span> <span class='ocrx_word' id='word_1_644' title='bbox 2597 3477 2699 3535; x_wconf 77' lang='grc' dir='ltr'>ἔδει</span> <span class='ocrx_word' id='word_1_645' title='bbox 2732 3480 3199 3557; x_wconf 72' lang='grc' dir='ltr'>ἐγγυμνασάμενος</span> <span class='ocrx_word' id='word_1_646' title='bbox 3231 3482 3316 3537; x_wconf 83' lang='grc' dir='ltr'>καὶ</span> <span class='ocrx_word' id='word_1_647' title='bbox 3359 3482 3458 3548; x_wconf 75' lang='grc' dir='ltr'>τὴν</span> <span class='ocrx_word' id='word_1_648' title='bbox 3499 3484 3616 3558; x_wconf 83' lang='grc' dir='ltr'>περὶ</span> <span class='ocrx_word' id='word_1_649' title='bbox 3661 3484 3727 3539; x_wconf 79' lang='grc' dir='ltr'><strong>τὰ</strong></span> 
     </span>
    </p>
   </div>
   <div class='ocr_carea' id='block_1_92' title="bbox 2079 3567 3723 3649">
    <p class='ocr_par' dir='ltr' id='par_1_92' title="bbox 2079 3567 3723 3649">
     <span class='ocr_line' id='line_1_92' title="bbox 2079 3567 3723 3649; baseline 0.001 -24"><span class='ocrx_word' id='word_1_650' title='bbox 2079 3571 2258 3647; x_wconf 75' lang='grc' dir='ltr'>αἱρετὰ</span> <span class='ocrx_word' id='word_1_651' title='bbox 2328 3568 2423 3625; x_wconf 74' lang='grc' dir='ltr'>καί</span> <span class='ocrx_word' id='word_1_652' title='bbox 2492 3568 2691 3647; x_wconf 67' lang='grc' dir='ltr'>φευκτά</span> <span class='ocrx_word' id='word_1_653' title='bbox 2745 3567 3004 3647; x_wconf 77' lang='grc' dir='ltr'>διάκρισιν</span> <span class='ocrx_word' id='word_1_654' title='bbox 3049 3572 3122 3634; x_wconf 80' lang='grc' dir='ltr'><strong>εἰς</strong></span> <span class='ocrx_word' id='word_1_655' title='bbox 3167 3570 3327 3649; x_wconf 78' lang='grc' dir='ltr'>ἄκρον</span> <span class='ocrx_word' id='word_1_656' title='bbox 3385 3570 3723 3644; x_wconf 77' lang='grc' dir='ltr'>ἐκπονηθεὶς,</span> 
     </span>
    </p>
   </div>
   <div class='ocr_carea' id='block_1_93' title="bbox 2080 3657 3724 3740">
    <p class='ocr_par' dir='ltr' id='par_1_93' title="bbox 2080 3657 3724 3740">
     <span class='ocr_line' id='line_1_93' title="bbox 2080 3657 3724 3740; baseline 0.002 -27"><span class='ocrx_word' id='word_1_657' title='bbox 2080 3658 2414 3733; x_wconf 74' lang='grc' dir='ltr'>μετανάστης</span> <span class='ocrx_word' id='word_1_658' title='bbox 2471 3659 2544 3721; x_wconf 81' lang='grc' dir='ltr'>εἷς</span> <span class='ocrx_word' id='word_1_659' title='bbox 2600 3660 2661 3714; x_wconf 74' lang='grc' dir='ltr'>τὸ</span> <span class='ocrx_word' id='word_1_660' title='bbox 2720 3657 2947 3715; x_wconf 81' lang='grc' dir='ltr'>παλαιὸν</span> <span class='ocrx_word' id='word_1_661' title='bbox 3006 3661 3237 3734; x_wconf 73' lang='grc' dir='ltr'>κάθισμα</span> <span class='ocrx_word' id='word_1_662' title='bbox 3270 3659 3448 3740; x_wconf 81' lang='grc' dir='ltr'>(τοῦτο</span> <span class='ocrx_word' id='word_1_663' title='bbox 3476 3661 3575 3737; x_wconf 76' lang='grc' dir='ltr'>γὰρ</span> <span class='ocrx_word' id='word_1_664' title='bbox 3617 3683 3724 3717; x_wconf 87' lang='grc' dir='ltr'>κα-</span> 
     </span>
    </p>
   </div>
   <div class='ocr_carea' id='block_1_94' title="bbox 2079 3746 3727 3829">
    <p class='ocr_par' dir='ltr' id='par_1_94' title="bbox 2079 3746 3727 3829">
     <span class='ocr_line' id='line_1_94' title="bbox 2079 3746 3727 3829; baseline 0.001 -25"><span class='ocrx_word' id='word_1_665' title='bbox 2079 3747 2226 3807; x_wconf 80' lang='grc' dir='ltr'>λοῦσι</span> <span class='ocrx_word' id='word_1_666' title='bbox 2270 3752 2360 3804; x_wconf 79' lang='grc' dir='ltr'>τὸν</span> <span class='ocrx_word' id='word_1_667' title='bbox 2404 3748 2589 3825; x_wconf 79' lang='grc' dir='ltr'>τόπον,</span> <span class='ocrx_word' id='word_1_668' title='bbox 2624 3746 2734 3804; x_wconf 81' lang='grc' dir='ltr'>ἐστὶ</span> <span class='ocrx_word' id='word_1_669' title='bbox 2763 3746 2818 3804; x_wconf 74' lang='grc' dir='ltr'><strong>δὲ</strong></span> <span class='ocrx_word' id='word_1_670' title='bbox 2849 3748 2985 3805; x_wconf 83' lang='grc' dir='ltr'>κατᾶ</span> <span class='ocrx_word' id='word_1_671' title='bbox 3016 3749 3115 3816; x_wconf 77' lang='grc' dir='ltr'><strong>τὴν</strong></span> <span class='ocrx_word' id='word_1_672' title='bbox 3172 3748 3442 3829; x_wconf 80' lang='grc' dir='ltr'>λεωφόρον</span> <span class='ocrx_word' id='word_1_673' title='bbox 3485 3750 3583 3816; x_wconf 73' lang='grc' dir='ltr'>τὴν</span> <span class='ocrx_word' id='word_1_674' title='bbox 3638 3749 3727 3807; x_wconf 83' lang='grc' dir='ltr'>ἐπὶ</span> 
     </span>
    </p>
   </div>
   <div class='ocr_carea' id='block_1_95' title="bbox 2081 3835 3723 3916">
    <p class='ocr_par' dir='ltr' id='par_1_95' title="bbox 2081 3835 3723 3916">
     <span class='ocr_line' id='line_1_95' title="bbox 2081 3835 3723 3916; baseline 0.001 -22"><span class='ocrx_word' id='word_1_675' title='bbox 2081 3836 2322 3909; x_wconf 76' lang='grc' dir='ltr'>Βηθλεὲμ</span> <span class='ocrx_word' id='word_1_676' title='bbox 2353 3835 2632 3916; x_wconf 77' lang='grc' dir='ltr'>φέρουσαν)</span> <span class='ocrx_word' id='word_1_677' title='bbox 2683 3838 2909 3914; x_wconf 87' lang='grc' dir='ltr'>γίνεται,</span> <span class='ocrx_word' id='word_1_678' title='bbox 2943 3836 3086 3894; x_wconf 75' lang='grc' dir='ltr'>ἄκων</span> <span class='ocrx_word' id='word_1_679' title='bbox 3116 3839 3238 3913; x_wconf 77' lang='grc' dir='ltr'>μὲν,</span> <span class='ocrx_word' id='word_1_680' title='bbox 3270 3837 3409 3895; x_wconf 76' lang='grc' dir='ltr'><strong>ἀλλᾶ</strong></span> <span class='ocrx_word' id='word_1_681' title='bbox 3440 3853 3723 3915; x_wconf 70' lang='grc' dir='ltr'>πατρικοῖς</span> 
     </span>
    </p>
   </div>
   <div class='ocr_carea' id='block_1_96' title="bbox 2080 3925 3723 4004">
    <p class='ocr_par' dir='ltr' id='par_1_96' title="bbox 2080 3925 3723 4004">
     <span class='ocr_line' id='line_1_96' title="bbox 2080 3925 3723 4004; baseline 0.001 -21"><span class='ocrx_word' id='word_1_682' title='bbox 2080 3926 2244 3984; x_wconf 81' lang='grc' dir='ltr'>εἴκων</span> <span class='ocrx_word' id='word_1_683' title='bbox 2288 3926 2606 4000; x_wconf 68' lang='grc' dir='ltr'>θελήμασιν,</span> <span class='ocrx_word' id='word_1_684' title='bbox 2640 3926 2675 3982; x_wconf 81' lang='grc' dir='ltr'>ἂ</span> <span class='ocrx_word' id='word_1_685' title='bbox 2703 3925 2909 4000; x_wconf 85' lang='grc' dir='ltr'>μᾶλλον</span> <span class='ocrx_word' id='word_1_686' title='bbox 2940 3928 2973 3996; x_wconf 71' lang='grc' dir='ltr'>ἢ</span> <span class='ocrx_word' id='word_1_687' title='bbox 3003 3928 3173 4002; x_wconf 76' lang='grc' dir='ltr'>ἑαυτῴ</span> <span class='ocrx_word' id='word_1_688' title='bbox 3204 3928 3515 4004; x_wconf 76' lang='grc' dir='ltr'>πειθόμενος</span> <span class='ocrx_word' id='word_1_689' title='bbox 3536 3929 3723 3996; x_wconf 78' lang='grc' dir='ltr'>ἧν.Τές</span> 
     </span>
    </p>
   </div>
   <div class='ocr_carea' id='block_1_97' title="bbox 2081 4015 3724 4096">
    <p class='ocr_par' dir='ltr' id='par_1_97' title="bbox 2081 4015 3724 4096">
     <span class='ocr_line' id='line_1_97' title="bbox 2081 4015 3724 4096; baseline 0.001 -23"><span class='ocrx_word' id='word_1_690' title='bbox 2081 4015 2135 4073; x_wconf 76' lang='grc' dir='ltr'><strong>δὲ</strong></span> <span class='ocrx_word' id='word_1_691' title='bbox 2168 4017 2247 4072; x_wconf 72' lang='grc' dir='ltr'>καὶ</span> <span class='ocrx_word' id='word_1_692' title='bbox 2279 4018 2313 4084; x_wconf 79' lang='grc' dir='ltr'>ἡ</span> <span class='ocrx_word' id='word_1_693' title='bbox 2339 4018 2475 4072; x_wconf 76' lang='grc' dir='ltr'>αἰτία</span> <span class='ocrx_word' id='word_1_694' title='bbox 2533 4016 2630 4084; x_wconf 71' lang='grc' dir='ltr'>τῆς</span> <span class='ocrx_word' id='word_1_695' title='bbox 2686 4017 3060 4091; x_wconf 73' lang='grc' dir='ltr'>μεταστάσεως</span> <span class='ocrx_word' id='word_1_696' title='bbox 3097 4036 3113 4092; x_wconf 85' lang='lat'><strong>;</strong></span> <span class='ocrx_word' id='word_1_697' title='bbox 3146 4019 3279 4096; x_wconf 74' lang='grc' dir='ltr'>γυνή</span> <span class='ocrx_word' id='word_1_698' title='bbox 3332 4040 3414 4083; x_wconf 87' lang='grc' dir='ltr'><strong>τις</strong></span> <span class='ocrx_word' id='word_1_699' title='bbox 3470 4017 3585 4075; x_wconf 89' lang='grc' dir='ltr'>λίαν</span> <span class='ocrx_word' id='word_1_700' title='bbox 3627 4023 3724 4077; x_wconf 73' lang='grc' dir='ltr'><strong>εὖ·</strong></span> 
     </span>
    </p>
   </div>
   <div class='ocr_carea' id='block_1_98' title="bbox 2081 4104 3719 4185">
    <p class='ocr_par' dir='ltr' id='par_1_98' title="bbox 2081 4104 3719 4185">
     <span class='ocr_line' id='line_1_98' title="bbox 2081 4104 3719 4185; baseline 0.001 -21"><span class='ocrx_word' id='word_1_701' title='bbox 2081 4104 2239 4174; x_wconf 74' lang='grc' dir='ltr'>σεϐἦς</span> <span class='ocrx_word' id='word_1_702' title='bbox 2282 4108 2367 4163; x_wconf 81' lang='grc' dir='ltr'>καὶ</span> <span class='ocrx_word' id='word_1_703' title='bbox 2411 4107 2629 4180; x_wconf 77' lang='grc' dir='ltr'>κοσμία,</span> <span class='ocrx_word' id='word_1_704' title='bbox 2676 4106 2908 4182; x_wconf 70' lang='grc' dir='ltr'>τοῦνομα</span> <span class='ocrx_word' id='word_1_705' title='bbox 2937 4105 3156 4181; x_wconf 80' lang='grc' dir='ltr'>ἰκελία,</span> <span class='ocrx_word' id='word_1_706' title='bbox 3202 4106 3427 4165; x_wconf 85' lang='grc' dir='ltr'>πλουσία</span> <span class='ocrx_word' id='word_1_707' title='bbox 3458 4110 3549 4165; x_wconf 83' lang='grc' dir='ltr'><strong>τὸν</strong></span> <span class='ocrx_word' id='word_1_708' title='bbox 3579 4109 3719 4185; x_wconf 88' lang='grc' dir='ltr'>βίον,</span> 
     </span>
    </p>
   </div>
   <div class='ocr_carea' id='block_1_99' title="bbox 2079 4194 3725 4274">
    <p class='ocr_par' dir='ltr' id='par_1_99' title="bbox 2079 4194 3725 4274">
     <span class='ocr_line' id='line_1_99' title="bbox 2079 4194 3725 4274; baseline 0 -21"><span class='ocrx_word' id='word_1_709' title='bbox 2079 4194 2442 4272; x_wconf 68' lang='grc' dir='ltr'>πλουσιωτέρα</span> <span class='ocrx_word' id='word_1_710' title='bbox 2485 4196 2582 4263; x_wconf 77' lang='grc' dir='ltr'>τὴν</span> <span class='ocrx_word' id='word_1_711' title='bbox 2635 4196 2851 4272; x_wconf 72' lang='grc' dir='ltr'>ἀρετήν,</span> <span class='ocrx_word' id='word_1_712' title='bbox 2913 4194 3056 4263; x_wconf 71' lang='grc' dir='ltr'>Αὕτη</span> <span class='ocrx_word' id='word_1_713' title='bbox 3114 4196 3355 4263; x_wconf 85' lang='grc' dir='ltr'>σύνοικος</span> <span class='ocrx_word' id='word_1_714' title='bbox 3387 4198 3486 4272; x_wconf 73' lang='grc' dir='ltr'>μὲν</span> <span class='ocrx_word' id='word_1_715' title='bbox 3531 4196 3725 4274; x_wconf 69' lang='grc' dir='ltr'>ὃπῆρξὲ</span> 
     </span>
    </p>
   </div>
   <div class='ocr_carea' id='block_1_100' title="bbox 2080 4282 3725 4364">
    <p class='ocr_par' dir='ltr' id='par_1_100' title="bbox 2080 4282 3725 4364">
     <span class='ocr_line' id='line_1_100' title="bbox 2080 4282 3725 4364; baseline 0.001 -23"><span class='ocrx_word' id='word_1_716' title='bbox 2080 4286 2180 4341; x_wconf 85' lang='grc' dir='ltr'>τινὶ</span> <span class='ocrx_word' id='word_1_717' title='bbox 2265 4285 2542 4363; x_wconf 86' lang='grc' dir='ltr'>πρότερον,</span> <span class='ocrx_word' id='word_1_718' title='bbox 2624 4282 2842 4364; x_wconf 75' lang='grc' dir='ltr'>ὕστερον</span> <span class='ocrx_word' id='word_1_719' title='bbox 2924 4283 2975 4340; x_wconf 76' lang='grc' dir='ltr'>δὲ</span> <span class='ocrx_word' id='word_1_720' title='bbox 3037 4284 3131 4341; x_wconf 71' lang='grc' dir='ltr'>καὶ</span> <span class='ocrx_word' id='word_1_721' title='bbox 3204 4293 3429 4362; x_wconf 79' lang='grc' dir='ltr'>Χριστοῦ</span> <span class='ocrx_word' id='word_1_722' title='bbox 3486 4286 3725 4350; x_wconf 78' lang='grc' dir='ltr'>διάκονος</span> 
     </span>
    </p>
   </div>
   <div class='ocr_carea' id='block_1_101' title="bbox 2079 4372 3729 4452">
    <p class='ocr_par' dir='ltr' id='par_1_101' title="bbox 2079 4372 3729 4452">
     <span class='ocr_line' id='line_1_101' title="bbox 2079 4372 3729 4452; baseline 0 -22"><span class='ocrx_word' id='word_1_723' title='bbox 2079 4374 2197 4431; x_wconf 86' lang='grc' dir='ltr'>κατ’</span> <span class='ocrx_word' id='word_1_724' title='bbox 2257 4372 2522 4430; x_wconf 68' lang='grc' dir='ltr'>εὐσέϐειαν</span> <span class='ocrx_word' id='word_1_725' title='bbox 2566 4375 2787 4448; x_wconf 85' lang='grc' dir='ltr'>γίνεται.</span> <span class='ocrx_word' id='word_1_726' title='bbox 2852 4375 2950 4432; x_wconf 84' lang='grc' dir='ltr'><strong>Καὶ</strong></span> <span class='ocrx_word' id='word_1_727' title='bbox 3007 4375 3107 4452; x_wconf 72' lang='grc' dir='ltr'><strong>γαρ</strong></span> <span class='ocrx_word' id='word_1_728' title='bbox 3136 4375 3229 4431; x_wconf 82' lang='grc' dir='ltr'>καί</span> <span class='ocrx_word' id='word_1_729' title='bbox 3264 4377 3355 4431; x_wconf 81' lang='grc' dir='ltr'>τὸν</span> <span class='ocrx_word' id='word_1_730' title='bbox 3385 4377 3566 4433; x_wconf 76' lang='grc' dir='ltr'>ἐκεῖσε</span> <span class='ocrx_word' id='word_1_731' title='bbox 3598 4377 3729 4433; x_wconf 79' lang='grc' dir='ltr'>ναὸν</span> 
     </span>
    </p>
   </div>
   <div class='ocr_carea' id='block_1_102' title="bbox 2086 4461 3727 4543">
    <p class='ocr_par' dir='ltr' id='par_1_102' title="bbox 2086 4461 3727 4543">
     <span class='ocr_line' id='line_1_102' title="bbox 2086 4461 3727 4543; baseline 0.001 -24"><span class='ocrx_word' id='word_1_732' title='bbox 2086 4466 2148 4532; x_wconf 70' lang='grc' dir='ltr'>τῆ</span> <span class='ocrx_word' id='word_1_733' title='bbox 2211 4464 2469 4537; x_wconf 74' lang='grc' dir='ltr'>Δεσποίνῃ</span> <span class='ocrx_word' id='word_1_734' title='bbox 2531 4463 2744 4518; x_wconf 82' lang='grc' dir='ltr'>πάντων</span> <span class='ocrx_word' id='word_1_735' title='bbox 2788 4463 2876 4518; x_wconf 87' lang='grc' dir='ltr'><strong>καὶ</strong></span> <span class='ocrx_word' id='word_1_736' title='bbox 2942 4464 3183 4538; x_wconf 78' lang='grc' dir='ltr'>Θεοτόκῳ</span> <span class='ocrx_word' id='word_1_737' title='bbox 3230 4461 3429 4542; x_wconf 70' lang='grc' dir='ltr'>ἱδρῦσαι</span> <span class='ocrx_word' id='word_1_738' title='bbox 3486 4463 3727 4543; x_wconf 82' lang='grc' dir='ltr'>λέγεται,</span> 
     </span>
    </p>
   </div>
   <div class='ocr_carea' id='block_1_103' title="bbox 2083 4551 3724 4633">
    <p class='ocr_par' dir='ltr' id='par_1_103' title="bbox 2083 4551 3724 4633">
     <span class='ocr_line' id='line_1_103' title="bbox 2083 4551 3724 4633; baseline 0 -22"><span class='ocrx_word' id='word_1_739' title='bbox 2083 4554 2290 4620; x_wconf 81' lang='grc' dir='ltr'>Ταύτης</span> <span class='ocrx_word' id='word_1_740' title='bbox 2348 4555 2471 4629; x_wconf 60' lang='grc' dir='ltr'><strong>γοῦν</strong></span> <span class='ocrx_word' id='word_1_741' title='bbox 2513 4551 2720 4619; x_wconf 76' lang='grc' dir='ltr'>πολλὴν</span> <span class='ocrx_word' id='word_1_742' title='bbox 2764 4551 2885 4608; x_wconf 85' lang='grc' dir='ltr'>τότε</span> <span class='ocrx_word' id='word_1_743' title='bbox 2928 4559 3003 4626; x_wconf 80' lang='grc' dir='ltr'>τῷ</span> <span class='ocrx_word' id='word_1_744' title='bbox 3056 4551 3263 4630; x_wconf 79' lang='grc' dir='ltr'>γέροντι</span> <span class='ocrx_word' id='word_1_745' title='bbox 3320 4557 3724 4633; x_wconf 81' lang='grc' dir='ltr'>προσφερούσης</span> 
     </span>
    </p>
   </div>
   <div class='ocr_carea' id='block_1_104' title="bbox 2076 4639 3730 4720">
    <p class='ocr_par' dir='ltr' id='par_1_104' title="bbox 2076 4639 3730 4720">
     <span class='ocr_line' id='line_1_104' title="bbox 2076 4639 3730 4720; baseline 0.001 -22"><span class='ocrx_word' id='word_1_746' title='bbox 2076 4644 2177 4709; x_wconf 70' lang='grc' dir='ltr'>τὴν</span> <span class='ocrx_word' id='word_1_747' title='bbox 2220 4640 2469 4720; x_wconf 72' lang='grc' dir='ltr'>ἱκετείαν,</span> <span class='ocrx_word' id='word_1_748' title='bbox 2519 4640 2656 4697; x_wconf 81' lang='grc' dir='ltr'>ὥστε</span> <span class='ocrx_word' id='word_1_749' title='bbox 2715 4645 2791 4713; x_wconf 69' lang='grc' dir='ltr'>τῷ</span> <span class='ocrx_word' id='word_1_750' title='bbox 2846 4639 2971 4718; x_wconf 81' lang='grc' dir='ltr'>παρ’</span> <span class='ocrx_word' id='word_1_751' title='bbox 3039 4642 3203 4709; x_wconf 73' lang='grc' dir='ltr'>αὕτῆς</span> <span class='ocrx_word' id='word_1_752' title='bbox 3260 4641 3393 4716; x_wconf 80' lang='grc' dir='ltr'>τῷδε</span> <span class='ocrx_word' id='word_1_753' title='bbox 3464 4642 3730 4700; x_wconf 81' lang='grc' dir='ltr'>κτισθέντι</span> 
     </span>
    </p>
   </div>
   <div class='ocr_carea' id='block_1_105' title="bbox 2078 4727 3729 4809">
    <p class='ocr_par' dir='ltr' id='par_1_105' title="bbox 2078 4727 3729 4809">
     <span class='ocr_line' id='line_1_105' title="bbox 2078 4727 3729 4809; baseline 0 -20"><span class='ocrx_word' id='word_1_754' title='bbox 2078 4739 2187 4805; x_wconf 86' lang='grc' dir='ltr'><strong>ναῷ</strong></span> <span class='ocrx_word' id='word_1_755' title='bbox 2245 4730 2629 4809; x_wconf 72' lang='grc' dir='ltr'>ἐγκατοικῆσαι</span> <span class='ocrx_word' id='word_1_756' title='bbox 2669 4732 2760 4787; x_wconf 67' lang='grc' dir='ltr'><strong>τοι</strong></span> <span class='ocrx_word' id='word_1_757' title='bbox 2806 4727 3110 4801; x_wconf 80' lang='grc' dir='ltr'>Θεοδόσιον,</span> <span class='ocrx_word' id='word_1_758' title='bbox 3158 4732 3391 4789; x_wconf 84' lang='grc' dir='ltr'>πείθεται</span> <span class='ocrx_word' id='word_1_759' title='bbox 3435 4732 3531 4806; x_wconf 75' lang='grc' dir='ltr'>μὲν</span> <span class='ocrx_word' id='word_1_760' title='bbox 3584 4730 3729 4789; x_wconf 80' lang='grc' dir='ltr'>ἄκων</span> 
     </span>
    </p>
   </div>
   <div class='ocr_carea' id='block_1_106' title="bbox 2078 4818 3732 4901">
    <p class='ocr_par' dir='ltr' id='par_1_106' title="bbox 2078 4818 3732 4901">
     <span class='ocr_line' id='line_1_106' title="bbox 2078 4818 3732 4901; baseline -0.001 -22"><span class='ocrx_word' id='word_1_761' title='bbox 2078 4823 2307 4900; x_wconf 77' lang='grc' dir='ltr'>ἐκεῖνος,</span> <span class='ocrx_word' id='word_1_762' title='bbox 2341 4823 2505 4877; x_wconf 75' lang='grc' dir='ltr'>πείθει</span> <span class='ocrx_word' id='word_1_763' title='bbox 2536 4819 2589 4876; x_wconf 69' lang='grc' dir='ltr'><em>δὲ</em></span> <span class='ocrx_word' id='word_1_764' title='bbox 2621 4819 2809 4894; x_wconf 89' lang='grc' dir='ltr'>πολλῷ</span> <span class='ocrx_word' id='word_1_765' title='bbox 2838 4818 3044 4893; x_wconf 81' lang='grc' dir='ltr'>μᾶλλον</span> <span class='ocrx_word' id='word_1_766' title='bbox 3075 4824 3180 4901; x_wconf 73' lang='grc' dir='ltr'><strong>οὔχ</strong></span> <span class='ocrx_word' id='word_1_767' title='bbox 3230 4822 3420 4901; x_wconf 67' lang='grc' dir='ltr'>ἑκόντα</span> <span class='ocrx_word' id='word_1_768' title='bbox 3464 4824 3557 4879; x_wconf 56' lang='grc' dir='ltr'><strong>τὸν</strong></span> <span class='ocrx_word' id='word_1_769' title='bbox 3615 4844 3732 4897; x_wconf 80' lang='grc' dir='ltr'>μα-</span> 
     </span>
    </p>
   </div>
   <div class='ocr_carea' id='block_1_107' title="bbox 2076 4899 3732 4992">
    <p class='ocr_par' dir='ltr' id='par_1_107' title="bbox 2076 4899 3732 4992">
     <span class='ocr_line' id='line_1_107' title="bbox 2076 4899 3732 4992; baseline 0.001 -26"><span class='ocrx_word' id='word_1_770' title='bbox 2076 4915 2245 4979; x_wconf 77' lang='grc' dir='ltr'>θητὴν</span> <span class='ocrx_word' id='word_1_771' title='bbox 2298 4899 2710 4988; x_wconf 75' lang='grc' dir='ltr'>παραδέξασθαι</span> <span class='ocrx_word' id='word_1_772' title='bbox 2788 4910 2888 4977; x_wconf 77' lang='grc' dir='ltr'>τὴν</span> <span class='ocrx_word' id='word_1_773' title='bbox 2959 4899 3262 4983; x_wconf 79' lang='grc' dir='ltr'>μετάθεσιν.</span> <span class='ocrx_word' id='word_1_774' title='bbox 3321 4899 3385 4992; x_wconf 66' lang='grc' dir='ltr'><strong>ᾯ</strong></span> <span class='ocrx_word' id='word_1_775' title='bbox 3442 4912 3543 4990; x_wconf 83' lang='grc' dir='ltr'><strong>γὰρ</strong></span> <span class='ocrx_word' id='word_1_776' title='bbox 3600 4913 3732 4989; x_wconf 80' lang='grc' dir='ltr'>πρὸς</span> 
     </span>
    </p>
   </div>
   <div class='ocr_carea' id='block_1_108' title="bbox 2076 4997 3728 5076">
    <p class='ocr_par' dir='ltr' id='par_1_108' title="bbox 2076 4997 3728 5076">
     <span class='ocr_line' id='line_1_108' title="bbox 2076 4997 3728 5076; baseline 0.001 -19"><span class='ocrx_word' id='word_1_777' title='bbox 2076 4999 2273 5068; x_wconf 73' lang='grc' dir='ltr'>ἡδονῆς</span> <span class='ocrx_word' id='word_1_778' title='bbox 2314 4999 2378 5067; x_wconf 73' lang='grc' dir='ltr'>ἦν</span> <span class='ocrx_word' id='word_1_779' title='bbox 2429 4998 2819 5076; x_wconf 71' lang='grc' dir='ltr'>ἣσυνοίκησις,</span> <span class='ocrx_word' id='word_1_780' title='bbox 2851 4998 3137 5056; x_wconf 77' lang='grc' dir='ltr'>ἀκόλουθον</span> <span class='ocrx_word' id='word_1_781' title='bbox 3195 4997 3250 5055; x_wconf 81' lang='grc' dir='ltr'><strong>δὲ</strong></span> <span class='ocrx_word' id='word_1_782' title='bbox 3294 5000 3463 5075; x_wconf 80' lang='grc' dir='ltr'>τούτῳ</span> <span class='ocrx_word' id='word_1_783' title='bbox 3511 5001 3728 5065; x_wconf 83' lang='grc' dir='ltr'>πάντως</span> 
     </span>
    </p>
   </div>
   <div class='ocr_carea' id='block_1_109' title="bbox 2154 5278 3740 5352">
    <p class='ocr_par' dir='ltr' id='par_1_109' title="bbox 2154 5278 3740 5352">
     <span class='ocr_line' id='line_1_109' title="bbox 2154 5278 3740 5352; baseline 0.002 -16"><span class='ocrx_word' id='word_1_784' title='bbox 2154 5280 2230 5351; x_wconf 89' lang='grc'><strong>(8)</strong></span> <span class='ocrx_word' id='word_1_785' title='bbox 2276 5279 2417 5337; x_wconf 86' lang='lat' dir='ltr'><strong>Eam</strong></span> <span class='ocrx_word' id='word_1_786' title='bbox 2450 5278 2680 5352; x_wconf 76' lang='lat' dir='ltr'><strong>exhibet</strong></span> <span class='ocrx_word' id='word_1_787' title='bbox 2711 5278 3142 5352; x_wconf 11' lang='lat' dir='ltr'><strong>Adrichomiusg</strong></span> <span class='ocrx_word' id='word_1_788' title='bbox 3172 5279 3228 5337; x_wconf 89' lang='lat' dir='ltr'><strong>in</strong></span> <span class='ocrx_word' id='word_1_789' title='bbox 3263 5280 3647 5352; x_wconf 74' lang='lat' dir='ltr'><strong>topographia</strong></span> <span class='ocrx_word' id='word_1_790' title='bbox 3681 5287 3740 5339; x_wconf 88' lang='lat' dir='ltr'><strong>et</strong></span> 
     </span>
    </p>
   </div>
   <div class='ocr_carea' id='block_1_110' title="bbox 2084 5349 3734 5422">
    <p class='ocr_par' dir='ltr' id='par_1_110' title="bbox 2084 5349 3734 5422">
     <span class='ocr_line' id='line_1_110' title="bbox 2084 5349 3734 5422; baseline 0.001 -13"><span class='ocrx_word' id='word_1_791' title='bbox 2084 5349 2477 5422; x_wconf 80' lang='lat' dir='ltr'><strong>descriptione</strong></span> <span class='ocrx_word' id='word_1_792' title='bbox 2539 5349 3344 5422; x_wconf 17' lang='lat' dir='ltr'><strong>urbis,tiierosolymitanm.‘</strong></span> <span class='ocrx_word' id='word_1_793' title='bbox 3387 5349 3734 5411; x_wconf 83' lang='lat' dir='ltr'><strong>Wiltertnus</strong></span> 
     </span>
    </p>
   </div>
   <div class='ocr_carea' id='block_1_111' title="bbox 346 5420 3735 5498">
    <p class='ocr_par' dir='ltr' id='par_1_111' title="bbox 346 5420 3735 5498">
     <span class='ocr_line' id='line_1_111' title="bbox 346 5420 3735 5498; baseline -0.001 -14"><span class='ocrx_word' id='word_1_794' title='bbox 346 5420 535 5484; x_wconf 75' lang='lat' dir='ltr'><strong>Laura</strong></span> <span class='ocrx_word' id='word_1_795' title='bbox 571 5425 627 5498; x_wconf 7' lang='lat' dir='ltr'><strong>Si.</strong></span> <span class='ocrx_word' id='word_1_796' title='bbox 679 5423 1027 5498; x_wconf 69' lang='lat' dir='ltr'><strong>Euthymii:</strong></span> <span class='ocrx_word' id='word_1_797' title='bbox 1064 5423 1133 5498; x_wconf 68' lang='lat' dir='ltr'><strong>de</strong></span> <span class='ocrx_word' id='word_1_798' title='bbox 1165 5439 1278 5498; x_wconf 92' lang='lat' dir='ltr'><strong>quo</strong></span> <span class='ocrx_word' id='word_1_799' title='bbox 1311 5422 1595 5498; x_wconf 26' lang='lat' dir='ltr'><strong>in_h,ujus,</strong></span> <span class='ocrx_word' id='word_1_800' title='bbox 1652 5432 1708 5498; x_wconf 84' lang='lat' dir='ltr'><strong>et</strong></span> <span class='ocrx_word' id='word_1_801' title='bbox 1733 5420 1999 5498; x_wconf 60' lang='lat' dir='ltr'><strong>&#39;S._Sabaa</strong></span> <span class='ocrx_word' id='word_1_802' title='bbox 2084 5420 2295 5498; x_wconf 78' lang='lat' dir='ltr'><strong>Tyrius</strong></span> <span class='ocrx_word' id='word_1_803' title='bbox 2325 5423 2425 5480; x_wconf 90' lang='lat' dir='ltr'><strong>lib.</strong></span> <span class='ocrx_word' id='word_1_804' title='bbox 2454 5420 2616 5498; x_wconf 22' lang='grc' dir='ltr'>ιιλυε</span> <span class='ocrx_word' id='word_1_805' title='bbox 2640 5421 2776 5498; x_wconf 71' lang='lat' dir='ltr'><strong>bello</strong></span> <span class='ocrx_word' id='word_1_806' title='bbox 2804 5428 2967 5480; x_wconf 75' lang='lat' dir='ltr'><strong>terra</strong></span> <span class='ocrx_word' id='word_1_807' title='bbox 2982 5420 3369 5498; x_wconf 66' lang='lat' dir='ltr'><strong>sanctq,_cap.</strong></span> <span class='ocrx_word' id='word_1_808' title='bbox 3403 5422 3463 5498; x_wconf 75' lang='lat'><strong>3,</strong></span> <span class='ocrx_word' id='word_1_809' title='bbox 3487 5423 3735 5481; x_wconf 82' lang='lat' dir='ltr'><strong>refertin</strong></span> 
     </span>
    </p>
   </div>
   <div class='ocr_carea' id='block_1_112' title="bbox 346 5494 3733 5568">
    <p class='ocr_par' dir='ltr' id='par_1_112' title="bbox 346 5494 3733 5568">
     <span class='ocr_line' id='line_1_112' title="bbox 346 5494 3733 5568; baseline -0 -15"><span class='ocrx_word' id='word_1_810' title='bbox 346 5497 493 5554; x_wconf 81' lang='lat' dir='ltr'><strong>Vitis</strong></span> <span class='ocrx_word' id='word_1_811' title='bbox 526 5497 737 5568; x_wconf 73' lang='lat' dir='ltr'><strong>agitur.</strong></span> <span class='ocrx_word' id='word_1_812' title='bbox 773 5494 952 5554; x_wconf 67' lang='lat' dir='ltr'><strong>Graeci</strong></span> <span class='ocrx_word' id='word_1_813' title='bbox 987 5496 1044 5553; x_wconf 91' lang='lat' dir='ltr'><strong>in</strong></span> <span class='ocrx_word' id='word_1_814' title='bbox 1076 5494 1304 5553; x_wconf 55' lang='lat' dir='ltr'><strong>Menaeis</strong></span> <span class='ocrx_word' id='word_1_815' title='bbox 1338 5494 1409 5568; x_wconf 16' lang='lat' dir='ltr'><strong>t7,</strong></span> <span class='ocrx_word' id='word_1_816' title='bbox 1434 5494 1715 5568; x_wconf 71' lang='lat' dir='ltr'><strong>Navemb.</strong></span> <span class='ocrx_word' id='word_1_817' title='bbox 1739 5494 2000 5554; x_wconf 76' lang='lat' dir='ltr'><strong>referunt</strong></span> <span class='ocrx_word' id='word_1_818' title='bbox 2083 5494 2219 5553; x_wconf 78' lang='lat' dir='ltr'><strong>arce</strong></span> <span class='ocrx_word' id='word_1_819' title='bbox 2274 5504 2329 5552; x_wconf 86' lang='lat' dir='ltr'><strong>et</strong></span> <span class='ocrx_word' id='word_1_820' title='bbox 2387 5494 2825 5568; x_wconf 31' lang='lat' dir='ltr'><strong>turriLDavidis‘</strong></span> <span class='ocrx_word' id='word_1_821' title='bbox 2868 5507 3042 5568; x_wconf 86' lang='lat' dir='ltr'><strong>omne</strong></span> <span class='ocrx_word' id='word_1_822' title='bbox 3098 5495 3265 5552; x_wconf 87' lang='lat' dir='ltr'><strong>urbis</strong></span> <span class='ocrx_word' id='word_1_823' title='bbox 3304 5494 3733 5552; x_wconf 86' lang='lat' dir='ltr'><strong>munimentum</strong></span> 
     </span>
    </p>
   </div>
   <div class='ocr_carea' id='block_1_113' title="bbox 375 5563 3271 5707">
    <p class='ocr_par' dir='ltr' id='par_1_113' title="bbox 375 5563 3271 5707">
     <span class='ocr_line' id='line_1_113' title="bbox 375 5563 3271 5707; baseline 0.001 -87"><span class='ocrx_word' id='word_1_824' title='bbox 375 5563 874 5707; x_wconf 41' lang='lat' dir='ltr'><strong>gu$i:;$::£ini</strong></span> <span class='ocrx_word' id='word_1_825' title='bbox 908 5568 1150 5634; x_wconf 85' lang='lat' dir='ltr'><strong>obitum,</strong></span> <span class='ocrx_word' id='word_1_826' title='bbox 1200 5581 1239 5641; x_wconf 87' lang='lat' dir='ltr'><strong>q</strong></span> <span class='ocrx_word' id='word_1_827' title='bbox 1261 5566 1357 5626; x_wconf 74' lang='lat' dir='ltr'><strong>Iod</strong></span> <span class='ocrx_word' id='word_1_828' title='bbox 1392 5567 1538 5626; x_wconf 77' lang='lat' dir='ltr'><strong>forte</strong></span> <span class='ocrx_word' id='word_1_829' title='bbox 1592 5566 1663 5623; x_wconf 85' lang='lat' dir='ltr'><strong>de</strong></span> <span class='ocrx_word' id='word_1_830' title='bbox 1720 5568 2001 5626; x_wconf 76' lang='lat' dir='ltr'><strong>alterutro</strong></span> <span class='ocrx_word' id='word_1_831' title='bbox 2087 5567 2259 5625; x_wconf 77' lang='lat' dir='ltr'><strong>tuisse</strong></span> <span class='ocrx_word' id='word_1_832' title='bbox 2289 5581 2421 5624; x_wconf 88' lang='lat' dir='ltr'><strong>cum</strong></span> <span class='ocrx_word' id='word_1_833' title='bbox 2451 5582 2481 5625; x_wconf 90' lang='lat' dir='ltr'><strong>a</strong></span> <span class='ocrx_word' id='word_1_834' title='bbox 2517 5563 2859 5630; x_wconf 82' lang='lat' dir='ltr'><strong>Christianis</strong></span> <span class='ocrx_word' id='word_1_835' title='bbox 2891 5566 3271 5638; x_wconf 76' lang='lat' dir='ltr'><strong>reciperetur.</strong></span> 
     </span>
    </p>
   </div>
  </div>
