4094 6196
1577 158 1603 189 μ

324 356 449 425 477
922 392 927 397 ·
1327 350 1516 424 VITA
1558 356 1614 421 S.
1665 353 2072 435 THEODOSII
2113 353 2728 424 CCENOBIABCHE.
2972 374 2975 375 '
3579 346 3697 419 478

322 492 548 573 ἀνιαρὸν
604 487 844 573 γενέσθαι
894 497 1000 550 τῶν
1057 490 1360 574 χωρισμὸν,
1422 489 1600 556 ἄλλως
1655 512 1710 547 τε
1754 488 1808 546 δὲ
1879 485 1972 543 καί

2076 486 2308 574 nolesta
2338 489 2520 552 fuerit
2549 491 2846 573 separatio
2884 512 2899 554 :
2945 492 3202 557 maxime
3231 509 3363 555 cum
3393 491 3463 554 B.
3498 486 3699 551 Theo-

320 591 423 641 ’τοῦ
478 583 737 662 μακαρίου
780 581 1059 642 Θεοδοσίου
1092 573 1372 660 ἄρχεσθαι
1432 578 1638 656 μᾶλλον
1696 580 1733 649 ἢ
1788 578 1977 658 ἄρχειν

2076 573 2265 639 iosius
2296 579 2497 641 mallet
2546 599 2779 661 parere,
2836 600 3012 664 quam
3044 582 3367 663 imperare,
3402 579 3559 642 sicut
3589 575 3700 639 de-

328 672 634 753 ἐφιεμένου,
668 672 848 753 ὥσπερ
890 671 990 752 ἄρα
1022 670 1111 728 καὶ
1141 673 1169 727 ὁ
1201 669 1359 749 λόγος
1393 668 1645 738 δηλώσει.

413 761 492 825 θ’.
540 764 778 826 Πεισθεὶς
833 762 935 839 γὰρ
989 761 1078 818 καὶ
1151 760 1478 839 μετατεθεὶς,
1542 760 1627 815 καὶ
1686 758 1776 813 τὸν
1833 759 1978 813 θεῖον

328 854 459 910 ναὸν
516 853 726 910 ἐκεῖνον
794 853 1042 926 οἰκήσας,
1108 850 1232 906 εἶτα
1288 849 1384 917 τῆς
1440 848 1626 928 φήμης
1698 844 1979 924 παραπολὺ

327 941 539 1020 μᾶλλον
612 942 767 998 αὐτὸν
829 943 900 1007 εἰς
957 940 1197 1003 ἅπαντας
1268 935 1672 1009 διαϐιϐαζούσης
1730 935 1979 1015 (φανερὸν

327 1036 433 1113 γὰρ
476 1035 512 1101 ἡ
559 1031 743 1110 ἀρετή.
778 1033 877 1088 Τὸν
935 1028 1263 1104 κεκτημένον
1300 1026 1416 1085 οἶδε
1476 1040 1630 1084 ποεῖν
1674 1029 1779 1104 οὔχ
1821 1024 1982 1092 ἧττον

324 1124 364 1192 ἢ
412 1125 447 1191 ἡ
492 1120 710 1196 λαμπὰς
760 1120 851 1176 τὸν
893 1117 1170 1198 φέροντα),
1235 1119 1331 1175 οὒκ
1382 1115 1614 1195 ἐνεγκὼν
1664 1116 1758 1180 τὰς
1805 1115 1982 1171 ἐκεῖσε

325 1208 623 1291 διατριϐὰς,
670 1211 742 1272 εἷς
788 1206 905 1265 τόδε
949 1209 1011 1264 τὸ
1062 1207 1183 1277 ὅρος
1250 1204 1344 1261 καί
1401 1207 1462 1262 τὸ
1515 1206 1654 1283 ἱερὸν
1714 1202 1980 1273 σπήλαιον

328 1300 665 1379 μεταϐαίνει,
748 1296 800 1363 ἐξ
873 1297 933 1354 οὗ
1016 1297 1139 1372 μίαν
1203 1294 1409 1360 ἐκεῖνος
1470 1294 1639 1370 μόνην
1695 1294 1794 1360 τὴν
1850 1293 1981 1368 πρὸς

327 1393 463 1448 Θεὸν
500 1402 738 1446 ποιεῖται
792 1384 1104 1461 μετάϐασιν,
1158 1384 1275 1441 ἐκεῖ
1324 1388 1386 1441 τὸ
1440 1390 1598 1451 σῶμα
1645 1382 1978 1443 καταλιπών.

332 1470 399 1538 Ἦ
462 1479 644 1555 μέντοι
703 1478 834 1554 πρὸς
889 1485 948 1533 τὸ
991 1474 1112 1551 ὅρος
1157 1475 1330 1547 τούτῳ
1389 1475 1667 1549 μετάθεσις
1726 1471 1811 1528 διὰ
1842 1484 1983 1551 τρεῖς

324 1569 527 1631 ταύτας
601 1566 768 1630 αἰτίας
826 1563 1086 1643 θεοφιλῶς
1157 1564 1385 1641 γίνεται.
1463 1568 1679 1642 Πρῶτον
1738 1560 1837 1636 μὲν
1891 1559 1985 1616 ἵνα

325 1657 430 1726 τὴν
489 1657 671 1735 ἀρχὴν
728 1657 802 1717 ὡς
861 1654 1000 1731 μέγα
1059 1676 1110 1709 τι
1143 1650 1310 1728 ἅψθος
1342 1651 1568 1732 ἐκφύγῃ,
1601 1652 1666 1720 ἣν
1711 1650 1982 1720 ἐπιθήσειν

329 1746 478 1819 αὸτῷ
534 1748 582 1801 οἱ
641 1744 818 1801 ἐκεῖσε
862 1742 1114 1822 πατέρες,
1175 1741 1210 1808 ἣ
1266 1743 1328 1798 τὸ
1385 1743 1568 1820 περιὸν
1623 1739 1828 1817 μᾶλλον
1883 1744 1983 1807 τῆς

2061 664 2311 729 clarabit
2339 669 2552 732 oratio.

2141 758 2202 819 9.
2238 758 2386 819 Cum
2418 758 2616 839 itaque
2650 779 2971 843 persuasus
3003 764 3056 827 ei
3090 764 3412 826 translatus
3442 768 3622 833 esset,
3644 766 3703 820 et

2062 845 2324 908 divinum
2347 847 2492 910 illud
2519 851 2803 933 templum
2819 852 3298 932 habitasset,ejus
3310 852 3528 915 deinde
3548 850 3703 913 fama

2065 935 2135 997 ad
2165 956 2377 1000 omnes
2402 943 2947 1019 pervadente(solet
2971 945 3133 1006 enim
3150 945 3337 1006 virtus
3368 962 3485 1005 non
3510 941 3704 1002 minus

2067 1028 2335 1107 eum,qui
2367 1048 2498 1091 eam
2528 1031 3211 1114 possidet,conspicuum
3243 1033 3701 1111 reddere,quam

2066 1119 2337 1198 eum,qui
2368 1137 2497 1181 eam
2530 1120 2941 1197 fert,lucernal
2971 1144 3092 1187 non
3114 1125 3314 1187 ferens
3335 1123 3459 1186 illic
3482 1120 3704 1182 versari

2067 1205 2316 1281 diutius,
2350 1211 2557 1271 transit
2612 1210 2669 1271 in
2714 1212 2874 1274 hunc
2903 1232 3136 1276 sacrum
3173 1223 3435 1277 montem
3465 1220 3520 1275 et
3552 1212 3703 1273 hanc

2067 1296 2409 1369 Speluncam
2443 1299 2521 1379 t9)
2554 1322 2566 1359 :
2602 1318 2671 1361 ex
2705 1321 2818 1382 qua
2848 1302 2986 1365 facit
3008 1304 3110 1367 ille
3127 1324 3306 1366 unum
3334 1303 3518 1365 solam
3544 1318 3699 1373 eam,

2068 1402 2201 1466 qua!
2232 1394 2319 1446 est
2346 1386 2419 1447 ad
2452 1389 2665 1466 Deum,
2703 1393 3137 1469 transitionem,
3173 1394 3295 1457 illic
3324 1393 3533 1455 relicto
3565 1406 3703 1451 cor-

2069 1492 2235 1555 pore.
2269 1473 2484 1565 Tribus
2515 1487 2709 1563 autem
2746 1480 2820 1542 de
2849 1484 3045 1545 causis
3079 1484 3173 1565 pie
3199 1484 3263 1545 fit
3292 1485 3422 1563 ejus
3451 1482 3510 1543 in
3544 1498 3706 1541 mon-

2071 1573 2187 1627 tem
2222 1564 2549 1629 translatio'.
2586 1568 2850 1632 Primum
2901 1574 3163 1653 quidem,
3198 1585 3265 1635 ut
3297 1572 3704 1653 praefecturam

2068 1660 2343 1745 tanquam
2378 1674 2654 1736 magnum
2684 1660 2923 1741 aliquod
2958 1683 3109 1725 onus
3139 1664 3583 1745 fugeret,quam
3618 1657 3707 1720 illi

2068 1751 2236 1834 erant
2262 1742 2598 1824 imposituri
2622 1757 2840 1828 patres,
2870 1752 2958 1813 vel
2991 1753 3186 1833 potius
3214 1742 3350 1834 ejus
3374 1742 3568 1813 virtus
3586 1746 3709 1810 exi-

330 1834 528 1915 ἆρετῆς
585 1832 807 1910 ἔμελλε.
863 1834 1117 1911 Δεύτερον
1173 1829 1253 1904 δὲ,
1308 1830 1400 1886 ’ίνα
1468 1831 1552 1886 καὶ
1611 1831 1709 1898 τὴν
1755 1836 1843 1886 τοῦ
1887 1830 1981 1886 τό-

2076 1832 2230 1922 mia.
2260 1835 2536 1897 Secundo
2590 1845 2653 1899 ut
2707 1840 2822 1901 loci
2853 1829 3093 1922 quoque
3129 1829 3598 1910 translationem,
3631 1834 3704 1898 ad

329 1946 436 1981 που
509 1923 833 1998 μετάστασιν
911 1920 1054 1998 δείξῃ
1138 1921 1227 1977 καὶ
1303 1918 1572 1983 πολιτείας
1649 1918 1983 1998 ὑψηλοτέρας

331 2014 434 2080 τὴν
462 2018 570 2069 τῶν
621 2012 908 2092 ἀνθρώπων
937 2010 1167 2087 ἔρημίαν
1197 2008 1515 2089 πελυγονίαν
1565 2012 1705 2066 εἶναι
1765 2008 1982 2079 καρπῶν

332 2107 438 2169 τῆς
482 2101 677 2180 ἀρετῆς
736 2102 1062 2180 ἡγούμενος.
1127 2102 1197 2157 Τὸ
1255 2098 1311 2156 δὲ
1369 2100 1564 2179 τρίτον,
1611 2100 1680 2160 ὡς
1715 2097 1792 2173 μὴ
1822 2098 1981 2155 οἴκου

327 2195 442 2266 θεν,
487 2189 608 2247 ἀλλ’
637 2193 738 2248 ὑπὸ
783 2193 917 2247 Θεοῦ
968 2191 1229 2270 κινηθεὶς,
1289 2189 1365 2244 ἵν’
1422 2189 1641 2246 ἐνταῦθα
1694 2188 1789 2255 τῆς
1851 2195 1983 2266 Χρι-

331 2303 464 2341 arcu
519 2281 790 2361 φάλαγγος
841 2281 941 2348 τὴν
1000 2280 1325 2358 στρατηγίαν
1385 2279 1721 2358 ἐγχειρισθῇ,
1757 2277 1877 2334 ἔνθα
1919 2276 1984 2345 δὴ

333 2373 427 2429 καὶ
509 2372 767 2435 τοσαύτας
851 2376 1190 2444 στρατιωτῶν
1276 2366 1529 2442 μυριάδας
1635 2365 1839 2442 μᾶλλον
1930 2365 1986 2423 δὲ

334 2463 713 2537 πνευματικῶν
770 2460 1025 2540 ἀριστέων
1085 2463 1162 2532 τῷ
1214 2464 1379 2532 κοινῷ
1416 2456 1662 2533 Δεσπότῃ
1694 2479 1982 2535 προσενεγ-

333 2564 458 2608 κεῖν
536 2549 781 2627 ἔμελλεν.
869 2548 1050 2614 Οὕτως
1128 2547 1224 2605 οὐκ
1281 2546 1380 2613 ἔξω
1438 2549 1661 2625 γνώμης
1715 2545 1985 2627 θεοφιλοῦς

338 2642 599 2714 κινηθεὶς,
656 2646 726 2718 τῇ
783 2662 839 2696 τε
894 2647 987 2697 τοῦ
1034 2637 1187 2716 ὅρους
1227 2644 1429 2718 κορυφῇ
1474 2638 1738 2714 πρόσεισι,
1786 2636 1875 2692 καὶ
1934 2635 1988 2690 ἐν

330 2736 412 2803 τῷ
458 2732 706 2805 σπηλαίῳ
753 2731 924 2804 τούτῳ
977 2729 1141 2807 μέχρι
1176 2728 1358 2792 τέλους
1415 2726 1706 2807 αὐλίζεται,
1738 2725 1767 2781 ’ὁ
1798 2727 1884 2781 καὶ
1916 2726 1986 2791 εἷς

335 2819 490 2900 δεῦρο
519 2821 580 2877 τὸ
610 2820 747 2899 ἱερὸν
778 2820 939 2877 αὒτοῦ
969 2818 1197 2876 πλουτεῖ
1226 2817 1499 2893 λείψανον,

426 2909 494 2972 ι’,
557 2909 728 2987 Λόγος
783 2907 840 2964 δέ
900 2930 981 2972 τις
1037 2910 1110 2972 εἰς
1169 2909 1313 2982 ἡμᾶς
1373 2905 1432 2961 ἐκ
1488 2905 1732 2983 πατέρων
1789 2904 1986 2961 ἄνωθεν

340 2998 640 3078 ἀφιγμένος
696 3000 817 3062 τοὺς
862 2998 1081 3059 πιστοὺς
1149 2996 1377 3059 ἐκείνους
1422 2996 1637 3074 Μάγους
1688 2995 1873 3074 φησὶν,
1933 2996 1988 3050 οἳ

338 3086 394 3153 ἐξ
447 3086 753 3144 Ἀνατολῶν
782 3089 854 3152 εἰς
909 3085 1146 3162 βηθλεὲμ
1200 3083 1510 3163 ἐληλύθασι,
1541 3091 1618 3158 τῷ
1660 3084 1722 3140 ἐκ
1748 3088 1844 3149 τῆς
1879 3082 1988 3138 ἅνω

2068 1921 2417 1985 excelsioris
2445 1925 2576 1987 vita;
2634 1921 2969 1992 institutum
3005 1932 3451 1996 translationem
3497 1928 3703 1991 efﬁce-

2066 2019 2178 2092 ret,
2214 2012 2593 2078 solitudinem
2647 2017 2721 2079 ab
2769 2020 3078 2083 hominum
3112 2024 3381 2085 convictu
3412 2026 3703 2081 secretam

2069 2102 2430 2183 multiplices
2485 2109 2715 2168 virtutis
2764 2108 2990 2173 fructus
3024 2112 3352 2190 producere
3382 2107 3702 2171 arbitrans.

2067 2193 2265 2254 Tertio
2293 2202 2515 2270 autem,
2552 2197 2707 2277 quod
2738 2217 2858 2260 non
2887 2219 2921 2261 a
2966 2218 3055 2275 se,
3108 2204 3212 2264 sed
3262 2221 3296 2262 a
3350 2203 3474 2263 Deo
3507 2204 3703 2259 motus

2068 2280 2267 2355 fuerit,
2302 2291 2366 2344 ut
2394 2282 2572 2346 isthic
2605 2285 2662 2347 ei
2692 2284 2911 2350 Christi
2953 2290 3205 2369 phalanx
3238 2287 3513 2351 ducenda
3539 2304 3700 2347 com-

2073 2370 2432 2445 mitteretur,
2469 2372 2571 2434 ubi
2629 2382 2712 2435 tot
2765 2376 3043 2451 militum,
3080 2379 3168 2440 vel
3196 2380 3391 2458 potius
3423 2375 3700 2456 spiritua-

2070 2458 2212 2521 lium
2269 2462 2590 2522 Procerum
2654 2465 2864 2540 millia,
2927 2477 3051 2528 erat
3102 2466 3408 2529 communi
3459 2464 3711 2527 Domino

2071 2546 2397 2612 oblaturus.
2435 2550 2531 2613 Sic
2563 2570 2705 2630 ergo
2737 2556 2833 2633 pia
2867 2565 3064 2618 mente
3094 2564 3451 2630 commotus,
3473 2551 3713 2616 accedit.

2070 2637 2454 2727 adverlicem
2490 2642 2735 2721 montis,
2786 2653 2843 2705 et
2873 2644 2934 2705 in
2979 2646 3087 2709 hac
3113 2644 3398 2727 spelunca
3427 2651 3711 2723 perpetuo

2071 2725 2314 2801 habitat,
2342 2746 2471 2809 qute
2501 2728 2685 2792 etiam
2721 2733 3031 2814 hucusque
3052 2725 3182 2815 ejus
3211 2734 3395 2796 sacris
3425 2733 3591 2794 dives
3622 2738 3713 2793 est

2070 2815 2368 2897 reliquiis.

2150 2907 2535 2979 10.Quaedam
2558 2918 2758 2974 antem
2786 2912 2941 2976 fama
2967 2914 3041 2976 ab
3073 2914 3191 2977 alto
3213 2933 3246 2977 a
3281 2913 3548 2997 patribus
3579 2920 3706 2975 tra-

2068 2995 2212 3074 dita,
2245 2997 2317 3058 ad
2372 3017 2480 3060 nos
2541 3019 2754 3078 usque,
2809 3005 3097 3082 pervenit,
3132 3023 3265 3085 quas
3283 2995 3463 3075 dicit,
3499 3002 3712 3065 fideles

2070 3085 2204 3148 illos
2234 3087 2453 3165 Magos,
2488 3091 2589 3171 qui
2649 3091 2959 3154 Bethleem
3016 3102 3309 3157 venerunt
3338 3093 3410 3155 ab
3443 3091 3712 3170 Oriente,

339 3177 622 3255 περιωπῆς
669 3178 740 3242 εἰς
796 3177 891 3238 τὰς
948 3178 1042 3233 τοῦ
1084 3175 1288 3248 κόσμου
1346 3171 1490 3230 τοῦδε
1529 3173 1740 3248 Δυσμὰς
1786 3171 1985 3229 ἐλθόντι

340 3274 379 3278 _
522 3270 549 3278 _
771 3266 784 3278 .
956 3266 969 3278 .
1034 3262 1117 3278 ..ρ
1364 3265 1377 3278 .
1504 3264 1515 3278 .
1673 3260 1724 3278 κ,
1869 3264 1883 3278 .

2076 3192 2206 3278 pum
2238 3175 2384 3251 Deo,
2420 3178 2521 3256 qui
2552 3194 2621 3240 ex
2666 3196 2929 3260 superna
2957 3182 3201 3261 specula
3230 3182 3293 3244 in
3325 3179 3725 3245 Occidentem

340 3270 584 3345 Χριστῷ,
629 3266 828 3347 χρυσὸν
884 3266 973 3323 καὶ
1032 3262 1243 3321 λίϐανον
1294 3265 1381 3320 καὶ
1414 3264 1644 3338 σμύρναν
1673 3260 1788 3318 λίαν
1836 3264 1985 3319 εὗσε-

2076 3264 2250 3353 hujus
2271 3266 2475 3327 mundi
2497 3277 2762 3343 venerat,
2791 3260 3029 3353 aurum,
3054 3271 3193 3333 thus
3217 3279 3275 3332 et
3297 3269 3593 3351 myrrham
3621 3267 3718 3345 pie

337 3354 452 3419 ϐὡς
509 3355 994 3433 προσενέγκαντας,
1028 3355 1152 3410 εἶτα
1192 3354 1281 3410 καὶ
1338 3352 1428 3409 ὑπ’
1475 3351 1702 3431 ἀγγέλου
1759 3373 1985 3432 χρημα-

2076 3351 2393 3414 admodum
2410 3351 3340 3438 obtulissent,deindeabAngelo
3358 3373 3713 3438 responsum

336 3444 610 3508 τισθέντας
641 3445 719 3519 μὴ
773 3445 937 3511 αὐτὴν
995 3446 1061 3512 ἢν
1106 3442 1266 3511 ἦλθον
1299 3442 1440 3506 αὖθις
1484 3456 1694 3516 τεμεῖν,
1726 3440 1865 3498 ἀλλὰ
1920 3439 1985 3497 δι’

2076 3443 2462 3521 accepissent,
2500 3464 2574 3507 ne
2605 3447 2879 3509 eamdem
2915 3448 3066 3509 viam
3096 3466 3303 3510 rursus
3337 3447 3583 3521 inirent,
3610 3442 3714 3507 sed

337 3532 520 3611 ἑτέρας
576 3533 783 3609 μᾶλλον
840 3534 913 3595 εἰς
971 3533 1069 3599 τὴν
1129 3532 1325 3589 οἰκείαν
1384 3529 1716 3587 ἐπανελθεῖν*
1773 3532 1985 3593 τούτους

2076 3548 2182 3610 per
2205 3532 2379 3593 aliam
2409 3534 2604 3613 potius
2627 3536 2894 3597 redirent
2918 3536 2977 3598 in
2994 3555 3162 3599 suam
3184 3537 3489 3617 regionem
3525 3554 3539 3597 :
3570 3534 3713 3608 Hos,

338 3620 405 3690 δὴ
446 3622 568 3687 τώς
615 3623 828 3701 Μάγους
867 3622 921 3677 ἐν
953 3619 1109 3695 τῷδε,
1143 3622 1296 3701 φησὶ,
1343 3626 1420 3694 τῷ
1464 3618 1714 3691 σπηλαίῳ
1743 3622 1860 3696 περὶ
1898 3619 1985 3686 τὴν

2076 3620 2494 3700 inquam,dicit
2524 3626 2720 3702 Magos
2743 3626 2870 3704 (l0)
2905 3625 2966 3686 in
2996 3627 3105 3687 hac
3126 3627 3413 3707 spelunca
3435 3626 3496 3687 in
3520 3624 3714 3687 reditu

338 3710 598 3769 ἐπάνοδον
658 3711 977 3784 καταλῦσαι,
1040 3710 1133 3766 καί
1196 3712 1417 3767 ἐνταῦθα
1491 3710 1672 3772 νυκτὸς
1726 3707 1984 3778 καθευδή-

2076 3708 2253 3771 iuisse
2283 3711 2651 3774 diversatos:
2685 3731 2942 3794 cumque
2977 3715 3073 3776 hic
3098 3723 3273 3776 noctu
3306 3714 3714 3787 dormiissent,

337 3823 560 3880 σαντας,
621 3800 787 3863 οὕτως
861 3799 1023 3856 ἕωθεν
1082 3804 1180 3866 τῆς
1241 3797 1427 3855 οἴκαδε
1496 3799 1757 3878 φερούσης
1800 3799 1985 3861 αὖτοὺς

2076 3817 2249 3860 tuane
2270 3800 2570 3877 ingressos
2595 3819 2727 3863 esse
2747 3806 3063 3883 viam,qua3
3077 3803 3330 3866 ducebat
3351 3806 3409 3863 in
3434 3802 3714 3881 patriam;

338 3891 596 3965 ἅψασθαι.
634 3889 737 3947 Καὶ
766 3887 970 3946 τοιόνδε
1004 3885 1057 3944 δὲ
1091 3888 1229 3952 ἴσως
1274 3888 1525 3944 ἀπίθανον
1558 3889 1683 3945 αὐτὸ
1726 3885 1938 3944 διασείει
1970 3890 1986 3917 ⁶

340 3985 554 4057 πρῶτον
613 3980 713 4053 μὲν
766 3980 866 4057 γὰρ
908 3980 1028 4040 τοὺς
1076 3975 1159 4034 διὰ
1211 3984 1317 4033 τῶν
1361 3976 1744 4051 Ἰεροσολύμων
1795 3975 1990 4033 ὁδεύειν

340 4067 775 4147 προῃρημένους,
809 4067 869 4122 ού
918 4067 1054 4123 πάνυ
1105 4088 1156 4122 τι
1204 4065 1420 4145 εὐχερὲς
1454 4066 1704 4140 ἑτέρωθεν
1735 4065 1841 4121 ἀπὸ
1884 4066 1989 4141 βη-

340 4157 505 4232 θλεὲμ
547 4155 730 4232 οἴκαδε
788 4158 1003 4220 τούτους
1056 4154 1351 4228 ἐπανιέναι,
1412 4154 1555 4211 ἔνθεν
1627 4153 1681 4210 δὲ
1743 4155 1819 4228 μὴ
1883 4175 1988 4210 πα-

341 4247 576 4326 ριόντας,
637 4230 845 4324 ’Ὠσπερ
882 4248 971 4302 καὶ
1031 4251 1118 4301 νῦν
1164 4244 1373 4322 ὁρῶμεν
1422 4245 1543 4307 τοὺς
1595 4243 1699 4301 ἀπὸ
1733 4242 1984 4317 Βεθλεὲμ,

341 4335 463 4402 ἤτοι
494 4335 589 4402 τῆς
658 4336 965 4414 περιχώρου
1024 4339 1189 4400 αὒτῆς
1242 4331 1646 4411 παροδεύοντος,
1679 4330 1765 4388 διά
1806 4338 1902 4399 τῆς
1935 4330 1989 4388 δε

340 4424 732 4502 πορευομένους
743 4472 757 4486 .

426 4512 522 4577 ια’.
555 4514 788 4571 ’Ἔπειτα
844 4510 899 4569 δὲ
952 4514 1038 4570 καὶ
1089 4509 1262 4568 πολλὰ
1293 4515 1398 4568 τῶν
1430 4508 1594 4567 πάλαι
1625 4511 1722 4585 μὲν
1757 4532 1987 4588 γεγενη-

2073 3900 2132 3950 et
2154 3888 2267 3950 tale
2289 3889 2531 3969 quidem
2557 3901 2646 3952 est
2666 3891 2918 3973 id,quod
2942 3892 3185 3965 dicitur,
3210 3903 3272 3954 et
3301 3892 3551 3953 fortasse
3584 3908 3714 3951 eam

2073 3976 2236 4039 nulla
2280 3976 2588 4041 labefactat
2631 3979 3065 4060 improbalitas.
3102 3984 3249 4045 Nam
3287 3984 3543 4060 primum
3575 3978 3715 4061 qui-

2073 4065 2376 4141 dem,cum
2396 4071 2737 4131 statuissent
2763 4070 3001 4149 ingredi
3020 4072 3132 4133 iter
3155 4089 3261 4152 per
3280 4069 3713 4148 Hierosolyma,

2074 4175 2191 4217 non
2211 4165 2303 4218 est
2321 4156 2641 4218 admodum
2669 4158 2861 4232 facile,
2891 4170 2957 4221 ut
2982 4160 3024 4222 ii
3044 4161 3159 4225 alia
3181 4179 3250 4223 ex
3274 4160 3582 4222 Bethleem
3606 4160 3717 4220 do-

2076 4263 2233 4306 mum
2251 4251 2893 4311 reverterentur.Sicut
2917 4251 3095 4311 etiam
3122 4269 3280 4313 nunc
3298 4250 3567 4312 videmus
3589 4266 3716 4327 eos,

2074 4340 2172 4414 qui
2203 4351 2236 4395 a
2267 4336 2602 4411 Bethleem,
2628 4339 2716 4400 vel
2743 4342 2816 4400 ab
2840 4358 2909 4401 ea
2933 4358 3064 4419 quas
3085 4349 3174 4401 est
3197 4339 3590 4402 circumcirca
3620 4355 3716 4399 re-

2071 4422 2274 4502 gione,
2311 4434 2644 4498 transeunt,
2679 4445 2785 4505 per
2815 4429 2972 4490 hanc
3004 4428 3323 4509 proficisci.

2156 4514 2567 4576 “Praeterea
2591 4522 2788 4577 autem
2824 4517 3012 4579 multa
3040 4537 3111 4579 ex
3148 4519 3382 4599 iis,qttae
3407 4516 3547 4579 olim
3578 4517 3715 4596 qui—

339 4604 543 4681 μένων,
574 4603 642 4679 τῇ
694 4604 807 4676 θείᾳ
859 4600 913 4659 δὲ
971 4604 1049 4677 μὴ
1081 4598 1408 4679 ἐγκειμένων
1441 4579 1647 4675 Γραφῇ,
1686 4600 1719 4666 ἡ
1750 4579 1985 4677 ἀγραφος

2076 4599 2209 4664 dem
2236 4599 2386 4663 facta
2408 4612 2566 4675 sunt,
2594 4603 2707 4665 sita
2729 4615 2928 4668 autem
2961 4625 3079 4668 non
3100 4579 3239 4668 sunt
3258 4579 3317 4666 i'n
3343 4606 3542 4668 divina
3563 4579 3721 4669 Sueri-

338 4691 632 4773 παράδοσις
688 4693 825 4770 μόνῃ
872 4694 960 4749 καὶ
1002 4693 1076 4751 εἰς
1130 4689 1208 4745 ἔτι
1272 4688 1662 4766 παρασκευάζει
1719 4703 1936 4765 κρατεῖν
1971 4705 1984 4720 ⁸

339 4784 439 4839 οἶα
498 4780 563 4850 δὴ
616 4784 704 4839 καὶ
762 4783 827 4838 τὰ
887 4782 1002 4859 περὶ
1032 4786 1125 4837 τοῦ
1155 4779 1367 4849 κρανίου
1398 4774 1664 4853 λεγόμενα
1694 4782 1881 4851 τόπου,
1916 4782 1992 4853 τῷ

342 4870 593 4950 μεγάλῳ,
626 4871 787 4950 φημὶ,
836 4868 1137 4935 διείληπται
1195 4864 1473 4943 βασιλείῳ.
1530 4866 1625 4923 Καὶ
1656 4865 1755 4943 γὰρ
1785 4866 1988 4930 ἐκεῖνος

339 4960 397 5017 ἐν
450 4961 551 5017 τινὶ
610 4963 716 5016 τῶν
774 4962 930 5017 αύτοῦ
980 4956 1154 5035 λόγων
1215 4953 1322 5035 (δεῖ
1380 4956 1479 5032 γὰρ
1536 4956 1625 5011 καὶ
1680 4955 1846 5012 ταῦτα
1915 4958 1988 5019 ὼς

413 5090 489 5160 (9)
520 5091 604 5173 De
636 5093 753 5173 hac.
773 5089 1049 5162 spelunca
1077 5099 1131 5145 et
1160 5088 1288 5145 loco
1327 5086 1459 5145 fuse
1487 5094 1676 5144 actum
1710 5088 1767 5144 in
1804 5087 1996 5146 Prole-

339 5164 632 5233 gomenis,
673 5163 701 5232 θ
730 5163 785 5217 4.

411 5232 528 5303 (10)
561 5232 776 5290 Eadem
802 5233 1133 5303 referuntur
1167 5231 1222 5286 in
1254 5229 1481 5303 Elogio
1503 5228 1741 5303 Joannis
1781 5229 1992 5289 Moschi

336 5300 518 5375 supra
549 5302 732 5361 relato
765 5306 821 5359 in
862 5302 1314 5372 Prolegomenis.
1355 5321 1377 5348 ι
1417 5300 1770 5365 Didicerant,
1806 5303 1994 5373 inquit

336 5374 658 5430 Barradius
688 5383 888 5430 noster
924 5381 1080 5430 tomo
1112 5373 1134 5429 Ι
1171 5374 1228 5428 in
1270 5373 1585 5430 comment.
1644 5373 1697 5427 in
1731 5373 1990 5430 Concor-

335 5374 658 5433 Ba’rradius
688 5383 888 5431 noster
924 5381 1080 5430 tomo
1112 5374 1134 5429 Ι
1171 5374 1228 5428 in
1270 5374 1585 5430 comment.
1644 5374 1697 5427 in
1731 5374 1990 5432 Concor-

336 5447 495 5502 diam
562 5443 974 5515 Evangelicam
1013 5486 1025 5509 ,
1110 5444 1446 5515 speluncam
1544 5440 1772 5512 palatiis
1828 5456 1991 5504 ante-

339 5530 579 5598 ponere,
612 5514 753 5574 cum’
777 5515 1071 5574 Christum
1104 5516 1162 5573 in
1197 5514 1473 5586 spelunca
1508 5522 1705 5571 natum
1737 5529 1989 5586 conspe-

338 5597 811 5731 Χιείῗῗῗιῧέεὶιὶυε
858 5656 918 5714 in
958 5671 1087 5732 cal)»
1124 5669 1162 5715 ν
1194 5655 1373 5715 Εεδίθ
1415 5670 1431 5715 ³
1476 5674 1499 5707 ⁸
1542 5651 1809 5715 0mm“
1840 5656 1987 5717 [ama

2074 4697 2267 4770 ptura.
2303 4693 2428 4753 sola
2448 4693 2690 4774 scriptis
2712 4714 2829 4756 non
2865 4706 3139 4757 mandata
3158 4696 3420 4769 traditio,
3448 4696 3628 4758 efficit
3658 4706 3719 4757 ut

2074 4780 2134 4840 in
2170 4780 2525 4842 hodiernum
2561 4802 2750 4863 usque
2782 4784 2939 4846 diem
2980 4803 3084 4863 pro
3139 4785 3319 4847 certis
3367 4786 3719 4850 habeantur.

2072 4867 2279 4940 Qualia
2310 4879 2447 4930 sunt
2476 4888 2566 4945 ea,
2602 4891 2737 4948 quae
2766 4872 3051 4935 dicuntur
3073 4873 3148 4935 de
3178 4874 3310 4935 loco
3343 4876 3553 4954 cranii,
3587 4893 3721 4955 qua;

2071 4965 2230 5031 sunt,
2266 4956 2537 5039 inquam,
2572 4968 2817 5022 tractata
2852 4980 2885 5023 a
2937 4980 3152 5041 magno
3187 4963 3401 5024 Basilio
3433 4964 3488 5042 (1
3511 4963 3582 5039 t).
3618 4963 3720 5023 ille

2077 5088 2338 5164 quaedam
2370 5092 2427 5147 in
2475 5090 2732 5149 Ecclesia
2766 5096 3136 5164 memoriam
3191 5108 3566 5164 conservans,
3600 5106 3715 5151 non

2077 5162 2309 5237 quidem
2341 5163 2918 5237 scripto_p_roditam,
2970 5180 3099 5237 quas
3149 5176 3204 5224 et
3232 5168 3365 5225 talis
3396 5176 3480 5223 est
3515 5162 3717 5237 :quod

2078 5233 2261 5305 prima
2316 5233 2516 5305 utique
2569 5233 2757 5292 Judaea
2816 5233 3112 5295 hominem
3169 5238 3414 5295 habebat
3445 5233 3717 5299 incolam,

2076 5303 2355 5379 nimirum
2386 5303 2586 5371 A'dam,
2633 5306 2805 5379 simul
2851 5317 3018 5379 atque
3046 5308 3250 5379 estidit
3297 5305 3521 5379 deliciis
3551 5319 3718 5376 para-

2076 5374 2209 5446 disi,
2234 5376 2297 5450 in
2333 5375 2439 5433 hac
2471 5387 2617 5433 terra
2652 5374 3098 5441 collocatum.ad
3130 5377 3500 5450 mitigandam
3525 5374 3722 5450 jactu-

2075 5461 2197 5503 ram
2231 5446 2512 5504 bonorum
2570 5450 2778 5519 quibus
2833 5451 3018 5506 iuerat
3050 5446 3280 5506 exutus:
3316 5446 3719 5520 Prima'igitur

2074 5518 2894 5590 etiam‘mortuum’hominem
2929 5522 3170 5590 excepit,
3203 5520 3301 5589 qui
3333 5528 3388 5576 et
3409 5518 3529 5575 illic
3559 5518 3711 5585 eam,

2073 5589 2166 5645 cui
2198 5588 2461 5645 addictus
2488 5594 2985 5664 erat,sententiam
3017 5588 3512 5649 condemnationis
3548 5591 3719 5664 plene

2072 5667 2155 5717 est
2186 5664 2507 5718 exsecutus.
2540 5658 2738 5732 Itaque
2769 5659 3028 5720 insolens
3056 5674 3184 5721 esse
3213 5674 3284 5720 ac
3311 5676 3524 5723 novum
3550 5658 3723 5723 'vide-v
