4062 6194
346 337 465 403 4⁸79
1627 343 1907 408 MENSIS
1957 344 1992 407 ,ί

2088 345 2408 411 ΓΗΑΒΙΗΒ.
3612 342 3731 411 480

349 470 511 535 enim
543 470 688 535 dicit
719 471 780 533 in
813 473 1066 555 quadam
1092 489 1196 533 sua
1227 470 1498 534 oratione
1533 471 1793 552 (oportet
1823 475 1986 536 enim

2088 478 2283 557 ἥδυσμά
2335 505 2386 538 τι
2441 484 2754 561 προσθεῖναι
2833 487 2910 555 τῷ
2989 477 3164 560 λόγῳ)
3237 475 3526 558 παράδοσιν
3583 482 3727 557 ἡμῖν

352 581 420 624 ea
448 571 724 642 tanquam
746 562 1188 652 condimentum
1212 560 1449 642 aliquod
1468 561 1700 652 addere
1720 565 1992 642 orationi)

2088 569 2315 649 ἔγραφον
2371 560 2746 650 ἐξηγούμενος.
2836 567 3033 646 Ἀδάμ,
3092 571 3277 650 φησὶν,
3352 573 3380 627 6
3441 572 3733 652 προπάτωρ

353 671 472 714 non
505 652 782 732 scriptam
810 651 983 711 nobis
1015 669 1319 730 exponens
1353 651 1758 728 traditionem,
1783 654 1992 729 Adam,

2088 662 2259 736 ἡμῶν,
2297 660 2349 716 ὲν
2407 660 2539 734 τῷδε
2587 668 2664 733 τῷ
2721 658 3037 735 καλουμένῳ
3066 660 3281 738 κρανίου
3315 661 3463 735 τόπῳ
3491 667 3730 742 ταφῆναι

353 743 802 822 inquit,primus
826 749 1028 829 noster
1049 757 1266 820 parens
1291 745 1347 800 in
1373 741 1508 816 hoc,
1529 743 1630 822 qui
1659 762 1817 806 nunc
1841 744 1992 805 dici-

2088 748 2318 829 λέγεται,
2377 749 2494 806 ἔνθα
2526 750 2590 817 δὴ
2635 751 2723 806 καὶ
2755 752 2782 806 6
2829 751 2955 825 ὲμὸς
3015 751 3244 828 Χριστὸς
3286 751 3380 806 τὸν
3410 750 3539 827 δπὶρ
3573 741 3731 827 ἡμῶν

353 839 446 890 tur
475 829 687 907 cranii,
721 830 852 890 loco
882 828 1102 892 dicitur
1132 847 1266 890 esse
1317 831 1589 911 sepultus
1624 853 1637 893 :
1695 832 1793 895 ubi
1831 852 1992 894 meus

2088 828 2312 915 σταυρόν
2359 861 2416 895 τε
2474 841 2562 896 καὶ
2614 840 2838 897 θάνατον
2926 838 3011 895 διὰ
3077 837 3469 919 φιλανθρωπίαν
3526 840 3736 922 ἄφατον

351 936 587 999 quoque
621 916 890 980 Christus
915 935 1022 997 pro
1050 919 1221 980 nobis
1253 937 1491 982 crucem
1514 931 1571 983 et
1598 931 1847 984 mortem
1872 943 1992 984 sus-

2088 926 2416 994 κατεδέξατο.
2468 929 2561 987 Καὶ
2592 935 2756 985 ταῦτα
2788 928 2884 1004 μὲν
2917 927 3107 995 οὕτως.

352 1007 533 1089 cepit,
570 1015 815 1087 prapter
843 1026 998 1084 eam,
1023 1027 1153 1088 quae
1185 1009 1383 1071 verbis
1414 1011 1700 1092 explicari
1735 1031 1853 1075 non
1889 1033 1998 1094 po-

353 1103 485 1170 test,
521 1094 973 1176 benignitatem.
1009 1097 1080 1160 Et
1111 1098 1237 1161 haec
1261 1099 1502 1179 quidem
1538 1099 1646 1162 sic.

1842 1240 2081 1299 CAPUT
2136 1241 2235 1298 III.

1452 1353 1840 1416 Exercitatio
1875 1356 2170 1419 virtutum
2211 1357 2277 1418 in
2305 1358 2612 1436 spelunca.

434 1461 787 1544 12.8apiens
805 1473 1002 1526 autem
1021 1465 1399 1528 Theodosius
1417 1487 1550 1530 cum
1580 1469 1786 1532 fuisset
1813 1471 1870 1531 in
1892 1471 1992 1532 hoc

2172 1475 2246 1549 ιβ.
2293 1464 2362 1532 "0
2397 1473 2579 1549 μέντοι
2625 1475 2788 1552 σοφὸς
2847 1471 3121 1538 Θεοδόσιος
3167 1474 3385 1532 ἐνταῦθα
3415 1479 3506 1529 τοῦ
3561 1473 3732 1530 τόποδ

353 1551 573 1626 loco,et
604 1571 842 1634 semper
863 1559 1693 1634 cuperetexcelsiora,divino
1718 1561 1992 1640 Apostolc

2089 1564 2392 1638 γενόμενος,
2464 1565 2543 1619 καὶ
2602 1551 2810 1639 μέτρων
2854 1563 2934 1618 ἀεὶ
2983 1569 3088 1618 τῶν
3123 1561 3476 1640 ὑψηλοτέρων
3521 1560 3732 1640 γλιχό-

351 1642 469 1703 sibi
501 1643 1039 1732 velutiexemplari
1074 1647 1396 1726 proposito,
1437 1649 1621 1709 evasit
1672 1650 1829 1711 illius
1858 1649 1992 1711 imi-

2088 1673 2245 1726 μενος
2307 1652 2608 1727 θαυμαστὸν
2653 1653 2775 1709 οἷον
2832 1651 3134 1732 ἀρχέτυπον
3186 1652 3354 1725 ἑαυτῷ
3399 1652 3604 1729 προθεὶς
3637 1651 3734 1706 τὸν

354 1730 736 1803 tator,omnia
765 1732 1004 1813 quidem
1037 1752 1206 1795 sacra
1231 1753 1441 1796 amans
1476 1736 1748 1798 mandata
1779 1737 1992 1798 simili-

2088 1745 2225 1798 θεῖον
2256 1741 2608 1816 Ἃπόστολον,
2668 1741 2918 1813 ζηλωτὴς
2971 1742 3171 1799 ἐκείνου
3203 1744 3506 1814 καθίστατο,
3545 1742 3735 1796 πασῶν

353 1822 761 1910 ter,precipue
783 1831 981 1883 autem
1017 1833 1224 1904 captus
1256 1843 1459 1887 amore
1499 1826 1712 1888 divina:
1735 1827 1992 1888 dilectio-

2088 1831 2178 1903 μὲν
2236 1831 2435 1906 ὁμοίως
2498 1838 2604 1888 τῶν
2662 1833 2818 1908 ἱερῶν
2853 1831 3108 1905 ἐντολῶν,
3162 1830 3512 1910 διαφερόντως
3569 1827 3625 1884 δὲ
3655 1835 3737 1902 τῷ

352 1909 624 1990 nis.Ejus
657 1917 814 1971 enim
848 1913 1237 1992 suavijaculo
1271 1914 1358 1976 sic
1389 1924 1516 1976 erat
1546 1915 1709 1976 illius
1741 1917 1992 1978 sauciata

2088 1919 2171 1986 τῆς
2231 1921 2372 1982 θείας
2418 1920 2632 1997 ἀγάπης
2666 1921 2822 1998 ἔρωτι
2854 1921 3093 2001 κάτοχος
3129 1920 3223 1977 ὤν.
3263 1909 3414 1978 Οὕτω
3444 1920 3544 1998 γὰρ
3575 1917 3733 1974 ἐκεῖ·

350 2000 643 2108 anima,et
669 2002 746 2063 ita
770 2007 898 2081 ejus
920 2003 1336 2065 insolubilibus
1366 2005 1853 2084 adstringebatur
1879 2006 1992 2066 vin-

2088 2031 2174 2072 νος
2203 2016 2279 2082 τῷ
2309 2007 2500 2086 γλυκεῖ
2530 2011 2732 2076 ταύτης
2767 2009 2897 2086 βάλε
2927 2000 3028 2077 τὴν
3056 2011 3242 2088 ψυχὴν
3303 2007 3585 2081 ἐϐέϐλητο,
3644 2007 3734 2063 καὶ

347 2091 523 2165 culis,
559 2100 622 2153 ut
671 2093 971 2153 excelsum
1015 2093 1158 2154 illud
1194 2103 1250 2155 et
1281 2094 1544 2155 divinum
1584 2105 1943 2176 praeceptum
1981 2114 1992 2157 :

2088 2099 2250 2161 οὕτως
2297 2099 2504 2162 ἀλύτως
2548 2100 2714 2168 αὐτῆς
2747 2114 2865 2160 τοῖς
2911 2098 3128 2174 δεσμοῖς
3161 2098 3462 2178 συνείχετο,
3508 2097 3646 2154 ὥστε
3672 2096 3734 2153 τδ

352 2181 581 2259 Diliges
606 2182 930 2243 Dominum
958 2185 1150 2244 Deum
1179 2191 1346 2245 tuum
1368 2202 1449 2245 ea:
1505 2193 1628 2247 toto
1657 2187 1838 2247 corde
1869 2192 1992 2261 tuo,

2088 2191 2289 2264 ὃψηλὸν
2343 2199 2498 2246 τοῦτο
2555 2191 2642 2244 καὶ
2725 2193 2870 2246 θεῖον
2949 2189 3328 2266 παράγγελμα,
3394 2187 3735 2266 Ἀγαπήσεις

353 2276 408 2332 et
429 2288 503 2332 ea:
532 2277 657 2332 tota
679 2273 893 2333 anima
917 2279 1106 2346 tua,et
1129 2290 1203 2334 ea:
1226 2281 1348 2334 tota
1371 2282 1567 2335 mente
1587 2281 1696 2336 tua
1722 2277 1850 2349 3,re
1873 2274 1992 2355 ipsa

2088 2279 2272 2356 Κύριον
2327 2281 2418 2334 τὸν
2463 2278 2592 2334 Θεόν
2654 2301 2746 2335 σου
2804 2277 2856 2344 εξ
2909 2277 3042 2345 ὅλης
3087 2280 3184 2344 τῆς
3241 2275 3457 2356 καρδίας
3490 2299 3607 2348 σου,
3642 2277 3739 2332 καὶ

350 2359 423 2422 ab
456 2379 526 2420 eo
561 2361 916 2440 impleretur
948 2362 980 2410 4
1011 2381 1024 2421 :
1063 2362 1221 2441 quod
1255 2363 1495 2442 quidem
1531 2382 1648 2424 non
1681 2364 1862 2425 aliter
1901 2367 1992 2426 ﬁe-

2088 2367 2134 2431 ἒξ
2179 2366 2311 2433 ὅλης
2353 2368 2450 2434 τῆς
2483 2366 2718 2430 διανοίας
2750 2389 2868 2442 σου,
2903 2367 3078 2445 ἔργοις
3139 2366 3228 2424 ὑπ’
3278 2370 3438 2423 αὒτοῦ
3487 2365 3737 2442 πὶηροῦ-

351 2450 402 2510 ri
436 2451 720 2530 potuerit,
755 2451 868 2512 nisi
928 2469 1138 2512 omnes
1169 2454 1470 2514 naturales
1499 2454 1712 2513 animae
1744 2453 1992 2514 lac-uba-

2088 2461 2194 2514 σθαι
2231 2475 2245 2490 °
2293 2455 2420 2534 ὅπερ
2451 2459 2546 2513 οὒκ
2577 2456 2638 2513 ἂν
2668 2456 2848 2519 ἄλλως
2885 2457 3118 2536 γέδοιτο,
3155 2458 3188 2525 ἢ
3221 2463 3327 2513 τῶν
3359 2458 3595 2536 φυσικῶν
3627 2459 3731 2521 τῆς

353 2549 439 2601 tes
465 2538 540 2600 ad
572 2539 718 2600 nihil
752 2540 934 2620 aliud,
969 2541 1125 2621 quod
1161 2541 1735 2616 adsit,contendant,
1772 2542 1888 2604 nisi
1921 2543 1992 2604 ad

2088 2547 2257 2626 ψυχῆς
2287 2544 2560 2619 δυνάμεων
2599 2547 2720 2622 πρὸς
2774 2545 2920 2604 οὸδέν
2964 2545 3098 2602 ἄλλο
3152 2552 3259 2601 τῶν
3303 2547 3603 2623 παρόντων,
3649 2545 3734 2600 ὅτι

348 2630 540 2690 solum
574 2629 874 2691 Creatoris
905 2629 1297 2692 desiderium.
1333 2630 1474 2706 Has,
1513 2631 1776 2711 inquam,
1813 2632 1992 2694 intel-

2088 2637 2152 2702 ιη
2197 2637 2326 2714 πρὸς
2373 2636 2534 2706 μόνον
2566 2636 2658 2691 τὸν
2701 2642 2790 2693 τοῦ
2852 2643 3190 2714 Δημιουργοῦ
3248 2635 3408 2692 πόθον
3442 2655 3724 2691 συντεινο-

351 2719 608 2798 ligentes
656 2719 871 2780 anima:
925 2721 1327 2800 operationes,
1382 2730 1442 2782 ut
1474 2723 1715 2782 musicae
1747 2723 1992 2800 peritus,

2088 2726 2277 2798 μένων,
2346 2725 2550 2788 Ταύτας
2601 2728 2688 2781 οὖν
2747 2726 2840 2787 τάς
2901 2727 3113 2804 νοεράς,
3178 2727 3339 2805 φημὶ,
3387 2730 3484 2793 τῆς
3543 2728 3735 2802 ψυχῆς

351 2809 486 2889 pius
532 2808 904 2870 Theodosius
958 2810 1256 2871 concinne
1309 2822 1366 2871 et
1401 2829 1720 2872 numerosa
1755 2830 1992 2873 movens

2088 2814 2372 2893 ἐνεργείας,
2422 2815 2517 2872 οἷα
2568 2821 2830 2888 μουσικῆς
2879 2814 3135 2890 ἔμπειρος
3171 2818 3198 2871 6
3231 2812 3514 2874 Θεοδόσιος
3574 2816 3729 2877 οὗτος

350 2897 421 2958 ad
455 2915 546 2971 ea,
577 2915 708 2976 quae
738 2907 995 2978 oportet,
1032 2909 1089 2960 et
1119 2900 1379 2980 quando,
1409 2910 1466 2962 et
1495 2909 1778 2980 quantum
1812 2920 1992 2980 opor-

2088 2904 2349 2978 εὒρύθμως
2393 2909 2554 2959 κινῶν
2598 2905 2672 2966 είς
2712 2903 2745 2959 ἃ
2788 2901 2894 2977 δεῖ,
2953 2905 3042 2960 καὶ
3087 2903 3176 2960 ὅτε
3208 2905 3295 2959 καὶ
3331 2901 3411 2983 ἐφ’
3459 2901 3584 2959 ὅσον
3619 2901 3728 2983 δεῖ,

354 2995 456 3058 tet,
492 2995 550 3048 et
581 2995 641 3047 ut
676 3005 779 3067 par
811 2997 922 3061 est,
961 3007 1444 3070 unamquamque
1475 2991 1992 3068 conjungens,om.

2088 2994 2169 3050 καὶ
2222 2994 2594 3071 συναρμόττων
2650 2993 2882 3060 ἑκάστην
2937 2995 3010 3058 ὡς
3076 2993 3278 3071 πρέπον
3323 2993 3490 3066 ἐστὶν,
3553 2992 3731 3070 ἀρμο-

356 3076 520 3138 nium
553 3075 1000 3139 harmoniarum
1036 3078 1588 3140 nunierosissimam
1615 3079 1992 3159 etjucundis-

2088 3087 2207 3139 νιῶν
2250 3089 2434 3138 πασῶν
2480 3082 2888 3156 ἑμμελεστάτην
2934 3083 3052 3139 τινά
3097 3087 3185 3140 καὶ
3243 3080 3463 3150 ἡδίστην
3489 3088 3583 3138 τοῦ
3611 3081 3731 3138 καθ’

357 3167 566 3227 simam
603 3165 802 3226 effecit
833 3185 956 3228 suae
985 3168 1120 3229 vitae
1153 3175 1615 3247 temperaturam
1643 3188 1659 3243 ;
1692 3187 1875 3229 unum
1906 3187 1992 3229 so-

2088 3172 2266 3228 ἑαυτὸν
2311 3173 2424 3247 βίου
2456 3171 2699 3228 ἀπετέλει
2729 3179 2916 3250 κρᾶσιν
2949 3188 2962 3203 ⁸
3025 3174 3156 3250 πρὸς
3199 3169 3291 3228 ἕνα
3349 3180 3536 3230 τοῦτον
3593 3193 3731 3228 σκο-

353 3255 474 3317 lum
533 3273 782 3334 scopum
837 3255 951 3316 sibi
1015 3274 1377 3338 proponens,
1441 3264 1503 3317 ut
1555 3275 1624 3318 ex
1673 3256 1794 3318 Deo
1849 3276 1883 3318 a
1934 3275 1992 3319 se

2088 3262 2184 3316 πὸν
2241 3261 2476 3340 ἀφορῶν,
2523 3261 2666 3326 ὅπως
2710 3261 2772 3316 ἂν
2819 3264 2961 3335 αὒτῷ
2991 3263 3162 3318 πάντα
3193 3263 3328 3318 κατὰ
3373 3263 3503 3317 Θεὸν
3547 3262 3732 3339 γένοι-

351 3343 553 3406 omnia
581 3344 816 3421 tierent,
852 3353 912 3407 et
941 3345 1092 3408 nihil
1123 3346 1196 3408 ab
1219 3365 1291 3407 eo
1317 3345 1663 3408 dissentiret
1694 3356 1749 3408 et
1776 3345 1992 3408 discre-

2088 3372 2164 3426 τ’),
2213 3349 2306 3407 καΐ
2347 3348 2514 3426 μηδὲν
2563 3348 2766 3422 ἀπᾴδον
2811 3351 2906 3418 εἴη
2951 3349 3124 3425 τοῦδε,
3179 3349 3318 3424 μηδὲ
3373 3350 3729 3430 ἀντιφθεγγό-

351 3443 541 3516 paret.

428 3523 684 3597 i3.Quis
715 3530 873 3586 enim
910 3525 971 3587 in
1003 3525 1241 3607 iis,quae
1269 3545 1374 3608 pro
1408 3525 1529 3589 Deo
1561 3527 1993 3608 suscipiuntur,

356 3613 642 3691 periculis
669 3632 838 3694 asque
870 3615 1088 3679 excelsi
1122 3625 1178 3676 et
1209 3617 1376 3677 fortis
1407 3617 1589 3677 animi
1623 3617 1782 3677 visus
1804 3624 1894 3677 est
1917 3624 2000 3676 at-

350 3721 465 3782 que
487 3702 719 3784 ille.qui
739 3723 934 3785 neque
951 3705 1343 3766 vincebatura
1365 3707 1542 3766 minis
1566 3705 1992 3786 potentiorum,

351 3811 544 3873 neque
568 3792 926 3854 illiciebatur
942 3794 1408 3856 inducebaturve
1429 3794 1998 3874 blandi!iis,qnando

350 3883 424 3944 de
449 3882 570 3945 Deo
594 3882 983 3956 fortasse,sed
1013 3902 1131 3944 non
1157 3903 1228 3944 ex
1259 3884 1539 3958 Deo,erat
1563 3885 1721 3963 quod
1741 3884 1996 3963 jubeba-

350 3972 495 4034 tur?
523 3973 625 4032 sed
671 3974 744 4031 de
797 3990 866 4032 ea
888 3991 955 4032 re
987 3973 1226 4051 quidem
1263 3973 1570 4034 diti‘eratur
1601 3973 1814 4035 oratio.
1850 3972 1997 4046 Quis

347 4071 539 4123 autem
577 4063 654 4122 ita
687 4059 848 4120 novit
883 4061 1230 4124 discernere
1263 4063 1462 4124 cordis
1494 4063 1905 4141 cogitationes.
1940 4074 1998 4125 et

351 4157 630 4211 accurate
680 4166 779 4209 eas
840 4151 1181 4212 examinare
1236 4160 1295 4213 et
1331 4152 1571 4230 maligni
1606 4171 1783 4214 nosse
1813 4161 1993 4230 artes,

2081 3460 2263 3514 μενον,

2162 3530 2258 3607 ιγ’.
2305 3531 2392 3594 Τίς
2423 3531 2523 3606 γὰρ
2553 3530 2693 3587 οὕτω
2753 3532 2881 3606 πρὸς
2940 3530 3063 3594 τοὺς
3093 3531 3224 3608 ὑπὲρ
3272 3532 3404 3587 Θεοῦ
3458 3527 3730 3593 κινδύνους

2082 3633 2326 3696 γενναῖος
2386 3618 2538 3699 ὤρθη
2597 3620 2683 3675 καὶ
2742 3617 2986 3697 ἀνδρικὸς
3044 3622 3118 3682 ὡς
3177 3619 3407 3692 ἐκεῖνος,
3459 3620 3518 3684 ὃς
3591 3618 3730 3692 μήτε

2082 3710 2331 3769 ἀπειλαῖς
2392 3713 2497 3765 τῶν
2554 3708 2900 3788 ὒπερχόντων
2957 3711 3293 3785 ἡττώμενος,
3357 3710 3495 3784 μήτε
3552 3707 3729 3765 κολα-

2081 3801 2248 3862 κείαις
2300 3799 2692 3878 ύποσυρόμενος
2752 3799 2840 3873 ἧν,
2889 3797 3048 3865 ἡνίκα
3088 3802 3174 3855 καὶ
3220 3798 3345 3877 περΐ
3377 3805 3509 3855 Θεοῦ
3552 3799 3722 3878 τάχα,

2080 3891 2157 3962 μὴ
2203 3891 2336 3944 κατά
2390 3891 2519 3944 Θεὸν
2565 3887 2618 3942 δὲ
2678 3889 2738 3944 τὸ
2797 3887 3148 3962 κελευόμενον
3207 3890 3326 3963 ἦν,
3373 3886 3511 3944 ἀλλά
3539 3889 3728 3944 τούτου

2080 3979 2178 4051 μὲν
2222 3981 2248 4030 6
2286 3977 2444 4056 λόγος
2492 3977 2853 4052 ἀναμεινάτω.
2914 3977 3002 4040 Τίς
3057 3975 3114 4032 δὲ
3166 3977 3330 4043 οὕτως
3389 3979 3583 4054 κρίνειν
3627 3977 3727 4033 λο-

2078 4067 2300 4144 γισμοὺς
2347 4065 2585 4146 καρδίας,
2618 4066 2713 4122 καί
2744 4066 2959 4140 βασάνῳ
3008 4067 3223 4132 τούτους
3253 4065 3466 4145 ἀκριϐεῖ
3497 4063 3721 4142 διδόναι,

2078 4159 2162 4212 καὶ
2193 4157 2390 4236 τέχνας
2437 4153 2624 4212 εἷδέται
2655 4163 2749 4212 τοῦ
2777 4163 3011 4234 πονηροῦ
3059 4155 3142 4212 διὰ
3187 4163 3294 4214 τῶν
3349 4154 3530 4222 δεξιῶν
3587 4154 3724 4212 κλε-

352 4238 574 4299 dextrae
597 4236 990 4318 subrepentes
1022 4241 1324 4320 (t9),sicut
1353 4241 1484 4304 ille?
1507 4241 1652 4314 Quis
1682 4243 1766 4303 sic
1796 4243 1992 4303 animo

2088 4247 2332 4320 πτούσας,
2367 4247 2546 4321 ὥσπερ
2597 4245 2805 4308 ἐκεῖνος
2863 4247 3126 4312 ἠπίστατο
3165 4265 3182 4319 ς
3213 4246 3288 4311 τίς
3329 4246 3470 4302 οὕτω
3501 4258 3724 4302 συστεῖ-

355 4326 676 4398 moderari,
711 4328 984 4407 spiritum
1022 4341 1357 4407 conterere,
1388 4349 1629 4392 onmem
1664 4331 1990 4411 intelligen-

2088 4338 2164 4390 λαι
2223 4337 2320 4409 μὲν
2377 4336 2585 4414 ψυχὴν,
2641 4334 2915 4411 συντρίψαι
2972 4333 3027 4390 δὲ
3069 4343 3302 4409 πνεῦμα,
3364 4333 3610 4391 καθελεῖν
3671 4333 3726 4390 δὲ

354 4417 494 4479 tiam
532 4425 589 4478 et
619 4416 994 4479 altitudinem
1020 4420 1526 4501 deprimere,qum
1552 4421 1855 4482 extollitur
1882 4421 1992 4480 ad-

2088 4431 2180 4480 πᾶν
2223 4425 2400 4498 νόημά
2444 4445 2500 4479 τε
2544 4425 2631 4479 καὶ
2661 4422 2862 4498 ὕψωμα
2892 4425 3028 4480 κατὰ
3059 4430 3157 4492 τῆς
3190 4425 3281 4481 τοῦ
3310 4432 3444 4482 Θεοῦ
3473 4423 3723 4501 γνώσεως

355 4525 559 4568 versus
580 4505 686 4568 Dei
703 4508 1138 4586 cognitionem?
1156 4520 1307 4586 et,ut
1329 4511 1590 4572 breviter
1611 4511 1954 4590 dicam,quo
1969 4546 1984 4554 ι

2088 4513 2482 4590 ἐπαιρόμενον,
2533 4514 2619 4568 καὶ
2679 4511 2964 4568 συνελόντα
3022 4515 3206 4592 φάναι,
3269 4521 3383 4575 πῶς
3439 4511 3500 4568 ἄν
3543 4535 3626 4576 τις
3657 4515 3726 4569 τά

357 4596 533 4658 modo
547 4595 682 4672 quis
695 4613 793 4656 res
809 4597 968 4659 illius
985 4599 1432 4680 imitetur,quas
1455 4619 1529 4662 ne
1548 4601 1725 4678 digne
1744 4600 1986 4680 quidem

2088 4605 2274 4657 ἐκείνου
2333 4603 2655 4676 μιμήσαιτο,
2717 4603 2749 4657 ἃ
2794 4600 2920 4676 μηδ’
2978 4601 3130 4668 ἀξίως
3179 4603 3419 4659 ἐπαινεῖν
3451 4600 3722 4678 δύναιτο;

357 4687 602 4748 laudare
626 4686 840 4765 possit?
858 4688 1078 4767 jejunii
1100 4691 1514 4766 constantiam,
1540 4690 1818 4770 vigilandi
1848 4706 1986 4769 per-

2088 4693 2133 4746 τὸ
2192 4696 2290 4758 τῆς
2349 4691 2639 4770 ἀγρυπνίας
2696 4690 2967 4770 ἐπίμονον,
3021 4693 3073 4747 τὸ
3121 4693 3218 4760 τῆς
3246 4695 3560 4771 προσευχῆς
3592 4691 3724 4748 ἀπε·

436 4849 466 4898 4
496 4846 698 4910 Matth.
735 4864 872 4924 xm,
910 4849 1009 4911 37.

360 5020 532 5077 batur
571 5019 728 5078 illius
755 5019 936 5076 aetatis
967 5020 1300 5077 hominibus
1350 5021 1764 5088 spectaculum.
1801 5035 1866 5078 os
1897 5035 1994 5074 ca-

359 5090 802 5162 pitlsdtﬂuente
844 5105 1030 5162 carne
1093 5091 1330 5146 nudum.
1363 5093 1432 5148 At
1478 5091 1561 5147 illi
1615 5092 1992 5147 recondentes

357 5161 652 5242 eranium,
689 5165 815 5223 loco
837 5161 923 5242 illi
955 5180 1170 5223 nomen
1203 5163 1474 5224 indidere
1512 5164 1752 5242 Κρανίον,
1787 5162 1843 5222 id
1878 5169 1989 5236 cst,

347 5241 692 5299 Calvariam.
731 5241 1020 5298 Probabili
1055 5244 1273 5298 ratione.
1308 5242 1494 5312 potuit
1522 5243 1640 5300 Noe
1672 5241 1783 5299 non
1817 5242 1985 5313 igno-

345 5328 504 5369 rasse
535 5313 868 5383 sepulcrum
902 5314 1181 5382 principis
1225 5313 1474 5384 hujus,et
1508 5316 1836 5370 mortalium
1871 5327 1992 5368 om-

345 5386 504 5440 nium
543 5385 870 5454 primigenii
907 5398 920 5439 :
956 5383 1240 5455 siquidem
1275 5383 1381 5440 hac
1410 5385 1478 5440 de
1513 5401 1574 5441 re
1604 5387 1746 5440 fama
1781 5401 1807 5440 a
1843 5385 1990 5440 dilu-

346 5456 438 5511 vio
470 5467 602 5511 mox
636 5470 734 5524 per
763 5455 963 5512 orbem
997 5465 1300 5525 propagata
1335 5467 1424 5513 est
1459 5458 1529 5513 ab
1567 5457 1774 5524 ipso,et
1803 5455 1990 5512 dima-

345 5527 521 5599 navit,
584 5540 768 5599 eoque
829 5526 1109 5599 Dominus
1169 5541 1407 5599 excussa
1461 5525 1687 5599 origine
1728 5528 1989 5584 humanae

351 5596 580 5679 mortis,
616 5597 674 5657 in
708 5597 836 5659 loco
869 5597 970 5678 qui
1005 5600 1224 5679 Κρανίον
1256 5598 1498 5679 dicitur,
1536 5596 1592 5660 id
1637 5607 1746 5672 est,
1775 5599 1986 5663 Calva-

348 5675 457 5742 ria,
491 5689 696 5744 passus
728 5675 905 5743 est,ui
934 5675 1142 5748 quoin
1173 5675 1301 5738 loco
1331 5675 1644 5752 corruptio.
1676 5682 1792 5738 sive
1833 5693 1990 5738 mors

2079 5023 2383 5079 hominum
2442 5019 2670 5076 initium
2732 5020 2969 5092 accepit,
3020 5017 3138 5076 illic
3201 5021 3313 5092 vita
3349 5021 3509 5092 regni
3550 5034 3723 5078 suum

2078 5099 2333 5150 sumeret
2359 5093 2681 5148 exordium.
2719 5111 2740 5141 ι
2782 5090 2909 5148 Haec
2969 5091 3234 5148 Basilius.
3266 5090 3438 5148 ldem'
3459 5093 3725 5150 sentiunt

2077 5162 2876 5235 'l‘ertullianus,_Cyprianus,
2955 5161 3256 5235 Origenes.
3335 5163 3720 5234 Epiphanius,

2075 5236 2442 5297 Athanasius,
2505 5233 2986 5305 Ch'rysostomusr
3020 5233 3402 5300 Ambrosius,’
3446 5233 3723 5304 Augusti-

2077 5324 2202 5370 nus.
2259 5307 2470 5376 aliique
2531 5304 2676 5376 ques
2741 5307 2911 5362 refert
2967 5304 3231 5362 Salienus
3284 5316 3478 5362 noster
3512 5305 3723 5376 tomoI

2073 5378 2272 5439 Annal.
2327 5375 2453 5433 acet.
2514 5377 2710 5433 Veteris
2768 5378 3114 5442 Testamcnli,
3149 5391 3304 5434 anno
3349 5375 3548 5434 mundi
3584 5375 3717 5443 930,

2072 5467 2231 5511 num.
2271 5449 2326 5515 7,
2361 5459 2415 5505 et
2445 5462 2607 5520 seqq.

2141 5522 2254 5593 (12)
2286 5516 2656 5593 Lipomanus,
2689 5540 2709 5569 α
2739 5519 2964 5592 Maligni
3002 5532 3172 5577 nosse
3197 5528 3370 5590 artes,
3395 5533 3522 5592 quae
3546 5516 3726 5576 suae-

2074 5591 2270 5655 rantur
2304 5605 2402 5661 per
2434 5591 2721 5647 di-xteras.
2757 5611 2779 5641 ο
