4094 6196
334 363 452 432 481

1324 365 1513 432 VITA
1558 365 1616 430 S.
1667 363 2077 431 THEODOSII
2120 361 2727 431 CCENOBIARCHAE.

3603 363 3720 432 482

335 501 652 581 ρίσπαστον,
724 505 823 567 τῆς
883 499 1199 575 ψαλμῳδίας
1273 501 1337 556 τὸ
1411 499 1684 572 εὔτακτον,
1750 502 1808 556 τὸ
1888 505 1990 558 τῶν

2078 502 2491 573 severantiam,
2519 497 2732 560 orandi
2763 498 3194 576 assiduitatem,
3220 499 3534 581 pulchrum
3559 503 3720 582 psal-

335 590 630 670 όιρθαλμῶν
711 592 841 666 πρὸς
921 588 1116 666 δάκρυα
1200 591 1592 669 γονιμώτατον,
1666 593 1736 655 ὡς
1811 591 1994 659 στῆναι

337 684 598 758 πρότερον
651 678 860 736 ἐλπίσαι
921 679 1180 754 πόταμῶν
1237 679 1432 735 ἀένναα
1485 678 1741 755 ῥεύματα,
1803 679 1835 748 ἢ
1900 683 1992 744 τὰς

334 776 449 826 τῶν
514 767 754 846 δακρύων
812 768 1013 824 ἐκείνου
1069 769 1273 847 πηγὰς,
1318 769 1412 831 τὰς
1469 766 1536 823 δι’
1595 767 1734 824 ὅλων
1795 773 1993 826 νυκτῶν

336 861 578 933 στάσεις,
641 859 760 918 τούς
819 863 992 935 κρυφῆ
1051 862 1425 935 κρεμαστῆρας
1481 857 1709 919 ἐκείνους
1764 857 1844 938 ἐφ’
1906 860 1990 924 οἷς

334 948 426 1006 διὰ
479 951 540 1005 τὸ
596 949 912 1028 χαυνοῦσθαι
971 955 1046 1022 τῷ
1106 947 1252 1004 ὕπνω
1308 950 1396 1005 καὶ
1453 946 1697 1025 ὃποῤῥεῖν
1741 952 1871 1027 πρὸς
1941 948 1991 1005 δὲ

335 1042 428 1096 καὶ
483 1040 580 1102 τὰς
639 1042 743 1094 τῶν
803 1034 1084 1113 βουϐώνων
1143 1035 1324 1102 ὀδύνας
1377 1039 1777 1115 ὕπεστηρίζετο,
1831 1040 1892 1094 τὸ
1939 1038 1993 1094 δὲ

332 1129 590 1186 ταπεινὸν
643 1134 734 1183 τοῦ
767 1129 1095 1203 πνεύματος,
1129 1128 1190 1182 τὸ
1229 1124 1282 1182 δὲ
1334 1133 1528 1204 πρᾶον,
1567 1127 1627 1182 τό
1670 1125 1724 1183 δὲ
1780 1128 1992 1184 σύννουν

332 1221 414 1282 ὡς
460 1219 526 1275 τὰ
568 1216 744 1274 πολλὰ
785 1218 875 1272 καί
932 1218 1306 1293 προσεκτικὸν,
1359 1219 1422 1272 τὸ
1478 1215 1532 1272 δὲ
1583 1220 1679 1284 τῆς
1761 1215 1991 1281 διανοίας

333 1309 450 1383 ὀξὺ,
485 1309 578 1365 καί
641 1307 756 1363 λίαν
807 1311 1042 1370 εὐπετῶς
1104 1310 1218 1366 εὒθῖ
1259 1313 1362 1362 τῶν
1402 1308 1632 1384 οὐρανῶν
1689 1307 1992 1380 ἀνιπτάμε-

332 1421 428 1456 νον
465 1417 481 1472 ;
526 1404 689 1454 ταῦτα
732 1394 972 1461 εὔξασθαι
1011 1397 1108 1470 μὲν
1168 1394 1360 1452 δυνατὰ
1415 1398 1502 1453 καὶ
1561 1394 1768 1472 ἄλλοις,
1812 1398 1990 1472 μιμή-

333 1492 526 1546 σασθαι
556 1485 612 1542 δὲ
641 1487 944 1543 παντάπασι
976 1485 1217 1566 χαλεπά,

447 1576 490 1598 ν
721 1577 734 1594 ς
841 1575 855 1592 ς
933 1577 943 1594 ,
1049 1574 1074 1593 η
1341 1580 1365 1589 -
1437 1573 1465 1596 τ
1579 1574 1591 1595 ς
1719 1573 1768 1608 ,1.

422 1593 470 1633 ιο
499 1626 512 1639 ,
543 1585 777 1655 Γαστρος
809 1574 862 1631 δε
892 1597 970 1637 τις
1016 1598 1156 1632 ουτω
1199 1597 1407 1653 κρατων
1436 1597 1522 1648 ην,
1561 1577 1596 1642 ἢ
1642 1596 1770 1653 προ,
1802 1576 1992 1650 νόμους

331 1667 646 1746 ἐγκρατείας
700 1665 1016 1722 ὑπείκουσαν
1086 1668 1283 1744 ἒχων;
1342 1665 1400 1726 ὃς
1459 1663 1648 1730 ἐπίσης
1719 1664 1852 1740 αὖτῇ
1908 1667 1994 1721 καὶ

331 1757 630 1835 θεραπαίνῃ
695 1754 979 1834 χρώμενος
1050 1754 1139 1825 ἦν,
1199 1751 1352 1810 ὁπότ’
1437 1755 1500 1808 ἂν
1557 1754 1713 1816 αὐτὸς
1790 1753 1991 1811 κελεύοι

2082 591 2294 652 modia:
2338 589 2636 657 ordinem,
2673 588 2979 649 oculorum
3029 590 3084 650 in
3122 590 3410 671 lacrymas
3458 591 3718 654 innatam

2079 679 2515 759 profusionem,
2542 687 2603 737 ut
2629 676 2791 755 prius
2813 694 2948 756 spes
2979 688 3135 739 esset
3156 679 3284 738 sisti
3311 680 3599 758 perennia
3617 681 3723 741 ilu-

2076 768 2300 830 viorum
2321 770 2750 847 ﬂuenta,quam
2772 767 2968 828 fontes
2985 768 3144 828 illius
3166 768 3326 848 lacry
3339 787 3590 842 marum;
3619 787 3725 850 per

2082 865 2230 918 totas
2262 867 2464 919 noctes
2501 857 2813 917 seationem
2853 876 2868 931 ;
2929 857 3162 917 occulta
3193 857 3340 938 lora,
3374 858 3610 937 quibus,
3651 878 3722 920 eo

2080 949 2238 1028 quod
2289 947 2347 1007 in
2379 965 2652 1008 somnum
2685 945 2984 1007 diﬂlueret
3028 955 3084 1006 et
3116 946 3537 1021 resolveretur,
3588 965 3721 1009 cum

2079 1037 2338 1115 inguinis
2372 1036 2580 1097 dolore
2611 1034 3060 1097 suﬂulciebatur
3092 1057 3108 1112 ;
3168 1036 3560 1098 humilitatem
3593 1037 3721 1117 spi-

2078 1127 2252 1201 ritus,
2289 1126 2829 1202 mansuetudinem,
2863 1126 3125 1186 animum
3179 1137 3244 1188 ut
3270 1125 3587 1206 plurimum
3616 1146 3723 1188 co-

2075 1214 2458 1295 gitabuudum
2495 1224 2552 1274 et
2581 1223 2895 1289 attentum,
2931 1232 3070 1275 acre
3109 1214 3437 1292 ingenium,
3477 1224 3534 1276 et
3564 1215 3719 1296 quod

2075 1303 2396 1366 admodum
2453 1305 2631 1366 facile
2663 1312 2824 1364 recta
2855 1303 2926 1364 ad
2975 1304 3156 1365 ccelos
3189 1323 3374 1384 usque
3432 1304 3723 1367 volabat?

2075 1395 2212 1456 Haac
2257 1404 2461 1475 optare
2492 1394 2734 1474 quidem
2767 1403 3012 1474 possunt
3046 1401 3220 1455 etiam
3270 1394 3367 1455 alii
3408 1414 3424 1471 ;
3457 1403 3592 1456 sunt
3622 1413 3724 1458 au-

2079 1493 2198 1546 tem
2229 1486 2300 1546 ad
2336 1484 2688 1546 imitandum
2720 1483 2963 1544 omnino
2994 1483 3280 1546 difﬁcilia.

2162 1577 2258 1636 14.
2294 1573 2408 1644 Qui
2439 1574 2627 1634 ventri
2655 1571 2734 1632 ita
2763 1572 3088 1651 imperavit,
3116 1581 3214 1633 aut
3243 1591 3377 1634 eum
3410 1573 3721 1636 abstinen-

2078 1665 2174 1725 tia;
2199 1663 2632 1743 legibusmagis
2664 1661 2867 1722 habuit
2896 1660 3318 1723 obedientem?
3349 1661 3460 1736 Qui
3487 1681 3559 1724 eo
3591 1675 3724 1726 ute-

2079 1753 2253 1814 batur
2275 1771 2388 1814 non
2414 1770 2588 1813 secus
2625 1769 2692 1812 ac
2712 1750 3153 1824 ancilla,cibum
3186 1760 3459 1816 sumente
3487 1754 3723 1834 quando

329 1846 532 1925 τροφῆς
591 1850 970 1922 κοινωνοῦσαν,
1005 1849 1358 1900 κοινωνοῦσαν
1421 1840 1474 1898 δὲ
1533 1842 1636 1922 οὔχ
1681 1844 1804 1900 ὅσον
1859 1844 1990 1911 αὑτὴ

2079 1845 2204 1922 ipse
2221 1840 3416 1922 juberet;sumente,inquam,cibum,non
3437 1851 3723 1920 quantum

332 1935 588 2013 βούλοιτο
657 1932 778 1989 ἀλλ’
856 1932 977 1989 ὅσον
1047 1931 1199 2011 ἤρκει
1266 1937 1365 1997 τῆς
1437 1937 1665 2011 φυσικῆς
1748 1935 1990 2010 συζυγίας

331 2023 734 2102 διακρατεῖσθαι
786 2023 879 2079 τὸν
924 2019 1238 2097 σύνδεσμον,
1305 2013 1365 2077 Ἠ
1412 2021 1581 2099 τροφὴ
1627 2019 1806 2096 μέντοι
1865 2045 1991 2100 φοι-

331 2117 492 2171 νίκων
538 2114 760 2190 καρποί,
793 2113 828 2181 ἢ
885 2119 991 2168 τῶν
1044 2111 1300 2190 κερατίων
1359 2110 1536 2189 ὀλίγα,
1571 2110 1605 2177 ἢ
1661 2109 1884 2189 ὀσπριόν
1944 2134 1990 2167 τι

330 2204 510 2261 δευθὲν
538 2202 711 2275 ὕδατι,
743 2203 779 2270 ἢ
838 2204 933 2258 καί
966 2207 1072 2258 τῶν
1115 2201 1312 2278 ἀγρίων
1356 2201 1592 2276 βοτανῶν
1624 2201 1674 2256 αἱ
1719 2199 1984 2275 ἓδωόιμοι.

335 2296 394 2351 Et
451 2293 625 2350 δὲκαὶ
684 2293 874 2354 σπάνις
907 2290 1116 2358 ἀπήντα
1173 2297 1279 2346 τῶν
1324 2289 1618 2367 εἰρημένων
1675 2291 1755 2345 διὰ
1785 2292 1843 2345 τὸ
1895 2296 1991 2356 τῆς

330 2385 560 2462 ἐρημίας
619 2383 874 2445 επιεικῶς
908 2381 1128 2458 ἄπορον,
1161 2381 1291 2436 ὀστᾶ
1349 2380 1600 2460 φοινίκων
1631 2377 1990 2458 διαϐραχὲντα

332 2472 616 2553 ψιλότιμος
673 2471 860 2542 ἐκείνῳ
902 2471 1073 2550 τροφὴ
1130 2467 1218 2525 διὰ
1289 2470 1386 2536 τὴν
1429 2469 1694 2547 ἀνάγκην,
1757 2471 1843 2525 καὶ
1899 2475 1990 2525 τοῦ

333 2562 500 2638 λιμοῦ
552 2563 715 2637 σοφὸν
775 2563 1124 2638 παραμύθιον.
1186 2559 1384 2634 ’Ἄρτου
1437 2556 1490 2614 δὲ
1551 2560 1636 2613 καὶ
1704 2559 1777 2620 εἷς
1833 2558 1986 2630 τριά-

332 2674 499 2709 κοντα
555 2651 830 2729 παρέτεινε
881 2650 1134 2730 χρόνους,
1200 2646 1346 2723 μηδὴ
1409 2648 1585 2726 βραχὺ
1639 2647 1990 2724 γευσάμενος.

331 2741 489 2808 Πλὴν
543 2739 684 2797 οὕτω
739 2741 856 2816 περὶ
887 2739 986 2806 τὴν
1033 2739 1219 2818 χρείαν
1267 2747 1359 2796 τοῦ
1402 2738 1652 2811 σώματος
1685 2736 1830 2815 ’έχων
1874 2735 1991 2792 λίαν

330 2829 526 2894 ἐνδεῶς
585 2833 674 2887 καὶ
733 2829 1178 2908 ἠναγκαεμένως,
1212 2829 1314 2906 οὔχ
1349 2828 1546 2903 ὁμοίως
1604 2829 1690 2883 καὶ
1723 2831 1848 2903 περί
1894 2828 1988 2894 τὴν

326 2926 431 2987 τῆς
466 2925 652 2999 ψυχῆς
712 2917 960 2992 διέκειτο,
993 2915 1113 2973 ἀλλ’
1158 2920 1368 2984 Erotivm
1418 2917 1736 2978 ἀπεναντίας
1785 2915 1990 2991 μᾶλλον

324 3012 416 3066 καὶ
478 3011 740 3087 περιττῶς
770 3008 984 3088 ἔτρεφεν
1043 3007 1246 3086 ἡμέρας
1278 3028 1334 3064 τε
1391 3007 1480 3064 καὶ
1537 3007 1746 3083 νυκτὸς,
1780 3005 1874 3062 ἅτε
1917 3006 1993 3070 τῶ

328 3102 483 3175 νόμῳ
545 3099 732 3177 Κυρίου
774 3097 893 3154 καθ’
953 3097 1183 3163 ἑκάστην
1239 3095 1570 3172 ἔμμελετῶν,
1603 3097 1688 3152 καὶ
1733 3109 1851 3160 τοῖς
1910 3099 1991 3152 ίεει

327 3203 448 3267 ροῖς
508 3187 709 3265 λογίοις
753 3185 1012 3254 διηνεκῶς
1069 3183 1441 3264 ἆρδευόμενος.
1505 3184 1631 3263 Παρ⁹
1694 3187 1722 3241 ὃ
1769 3187 1858 3242 καὶ
1917 3186 2050 3283 ὁ)ςο

328 3277 486 3344 ξύλον
541 3276 692 3357 ὤφθη
724 3279 786 3333 τὸ
841 3277 985 3355 παρὰ
1014 3275 1108 3338 τὰς
1165 3281 1271 3332 τῶν
1313 3274 1514 3332 ὑδάτων
1573 3272 1827 3340 διεξόδους
1885 3297 1990 3332 πε-

328 3367 680 3448 φυτευμένον,
737 3365 833 3423 καί
921 3367 1014 3422 τὸν
1086 3366 1288 3444 καρπὸν
1367 3363 1532 3421 ἐδίδου
1603 3383 1740 3422 κατα
1808 3367 1990 3444 καιρὸν

329 3456 551 3525 ἥδιστόν
585 3479 642 3514 τε
675 3457 763 3514 καὶ
819 3454 1225 3531 δαψιλέστατον.
1260 3457 1361 3514 Τὸν
1392 3455 1489 3530 μὲν
1546 3454 1634 3511 οὖν
1662 3461 1754 3512 τοῦ
1800 3455 1990 3529 σώμα-

327 3571 424 3614 τος
477 3548 532 3604 ἐν
568 3548 780 3613 νεότητι
841 3547 972 3619 πρὸς
1032 3547 1124 3606 τὰς
1157 3545 1433 3620 ἐπιθυμίας
1487 3544 1786 3622 ἐρεθισμὸν,
1827 3544 1994 3608 οὕτως

335 3645 394 3694 εῦ
436 3638 644 3702 ἐκεῖνος
675 3638 900 3715 ἠρεμεῖν
961 3635 1348 3711 παρεσκεύασε’
1410 3642 1597 3690 τοῦτον
1657 3632 1708 3687 δὲ
1739 3638 1832 3690 τὸν
1894 3633 1990 3688 νό-

331 3749 435 3803 μον
487 3725 580 3795 τῆς
624 3724 932 3803 ἐγκρατείας
965 3724 1071 3804 οὐχ
1127 3723 1238 3800 ἅμα
1272 3724 1358 3780 καὶ
1417 3729 1485 3799 τῇ
1545 3721 1694 3798 ἀκμῇ
1736 3727 1833 3790 τῆς
1866 3723 1988 3778 νεό-

328 3838 494 3882 τητος
542 3813 934 3873 συναποϐαλεῖν
997 3813 1221 3892 ἔκρινεν,
1280 3811 1386 3870 οὔδ’
1444 3815 1516 3876 ὡς
1578 3811 1850 3891 ἄχρηστον
1914 3812 1988 3870 ἔτι

327 3907 421 3963 καὶ
466 3908 545 3979 μὴ
597 3903 893 3983 ἀναγκαῖον
949 3902 1229 3982 ἀπώσατο,
1278 3901 1416 3958 ἀλλὰ
1482 3903 1569 3958 καὶ
1627 3901 1791 3982 μέχρι
1835 3903 1987 3979 βαθυ-

328 3995 494 4052 τάτου
563 3991 782 4049 διέσωσε
855 3993 1036 4070 γήρως
1108 3989 1382 4047 ἐπιτείνων
1469 3991 1562 4046 οὒκ
1633 3989 1792 4054 ἀνιεὶς
1820 4038 1835 4069 ,
1902 3988 1990 4046 καὶ

329 4086 514 4160 ὥσπερ
573 4083 692 4139 τινὰ
748 4080 1020 4156 σύμπλουν
1067 4080 1122 4136 ἐν
1170 4080 1398 4160 χειμῶνι
1447 4083 1542 4136 καὶ
1590 4077 1724 4154 ζάλῃ
1767 4077 1986 4135 συνδια-

328 4173 664 4244 πλεύσαντα,
726 4171 815 4226 καὶ
858 4171 1036 4228 πόνων
1110 4170 1253 4244 αῦτῷ
1313 4171 1710 4238 κοινωνήσαντα
1775 4168 1986 4226 πολλῶν

333 4265 423 4320 καὶ
466 4261 750 4336 καμάτων,
783 4258 838 4315 ἐν
896 4265 972 4334 τῷ
1013 4259 1188 4336 λιμένι
1235 4257 1336 4327 ἤδη
1381 4259 1665 4338 γενόμενος
1723 4257 1982 4324 αἰδεσθείς

331 4351 646 4410 ἀποθέσθαι.

2077 1932 2203 2010 ipse
2237 1931 2543 2006 vellet,sed
2568 1939 2852 2011 quantum
2871 1930 3172 1993 sufﬁceret
3191 1931 3260 1992 ad
3296 1931 3720 1994 continendum

2075 2021 2375 2082 vinculum
2411 2019 2700 2081 naturalis
2721 2020 3188 2099 conjunctionis.
3215 2019 3588 2083 Alimentum
3612 2039 3725 2082 au-

2077 2119 2192 2171 tem
2228 2119 2352 2171 erat
2382 2111 2607 2170 fructus
2640 2109 2869 2190 palmae,
2893 2119 2987 2170 aut
3018 2128 3217 2190 paucae
3242 2108 3608 2188 siliquae,aut
3638 2112 3729 2171 le-

2075 2219 2290 2279 gumen
2317 2199 2555 2279 aliquod
2593 2209 2772 2279 atqua
2805 2199 3229 2270 madefactum,
3265 2200 3562 2262 autetiam
3597 2219 3730 2280 qua!

2076 2308 2144 2350 ex
2181 2289 2512 2368 agrestibus
2532 2289 2733 2350 herbis
2748 2299 2919 2351 erant
2943 2289 3068 2349 esui
3088 2289 3429 2368 θρίω.ουοά
3451 2291 3497 2350 si
3515 2291 3727 2352 horum

2074 2397 2476 2458 quoque,quae
2507 2378 2661 2438 dicta
2692 2385 2986 2449 sunt,erat
3018 2377 3266 2457 penuria
3299 2387 3546 2458 propter
3567 2398 3727 2439 sum-

2074 2487 2230 2528 mam
2255 2466 2596 2527 solitudinis
2618 2466 3047 2546 inopiam,ossa
3069 2465 3430 2544 dat‘tylorum
3458 2467 3728 2528 medefa-

2075 2567 2192 2628 cla,
2221 2565 2391 2618 erant
2415 2555 2501 2616 illi
2537 2554 2759 2616 lautum
2786 2563 2845 2616 et
2875 2554 3256 2635 splendidum
3293 2554 3724 2617 nutrimentum

2076 2656 2320 2727 propter
2375 2644 2817 2717 necessitatem,
2855 2651 2913 2704 et
2955 2643 3126 2705 famis
3156 2644 3370 2704 scitum
3423 2644 3724 2709 solatium.

2079 2737 2392 2815 Perpetuis
2412 2744 2607 2796 autem
2643 2734 2885 2812 triginta
2905 2733 3074 2795 annis
3096 2732 3264 2814 panis
3289 2733 3436 2794 nihil
3468 2736 3725 2812 gustavit

2075 2825 2331 2904 penitus.
2369 2823 2484 2886 Sed
2520 2823 2629 2886 etsi
2659 2824 2734 2885 ita
2765 2842 2942 2905 parce
2964 2833 3022 2885 et
3051 2823 3258 2884 stricte
3301 2843 3368 2884 se
3390 2823 3633 2902 gerebat
3663 2825 3724 2886 iu

2077 2918 2170 2990 iis,
2202 2934 2332 2996 qua:
2357 2914 2736 2995 pertinebant
2766 2914 2837 2974 ad
2859 2932 3028 2974 usum
3062 2911 3354 2993 corporis,
3388 2932 3506 2975 nou
3533 2915 3608 2975 ita
3633 2921 3724 2975 ta-

2077 3023 2212 3067 men
2240 3023 2303 3066 se
2337 3003 2592 3066 habebat
2615 3003 2920 3085 iniis,quaa
2947 3001 3417 3084 pertinebantad
3438 3003 3720 3065 animam:

2077 3096 2180 3156 sed
2214 3095 2373 3156 illam
2407 3104 2615 3157 contra
2645 3093 2884 3155 abunde
2921 3099 2980 3155 et
3009 3092 3252 3173 copiose
3282 3105 3462 3154 noctu
3504 3092 3728 3173 diuque

2075 3183 2364 3248 alebatzut
2390 3187 2492 3264 qui
2515 3183 2575 3244 in
2600 3183 2732 3265 lege
2754 3183 2991 3244 Domini
3015 3183 3281 3264 quotidie
3312 3181 3723 3261 meditaretur,

2075 3285 2133 3336 et
2179 3275 2364 3337 sacris
2397 3274 2656 3338 oraculis
2687 3273 2952 3354 quotidie
2990 3274 3300 3352 rigaretur.
3337 3273 3465 3345 Quo
3506 3272 3726 3336 factum

2075 3377 2250 3428 est.ut
2273 3369 2429 3424 visus
2452 3368 2524 3426 sit
2555 3375 2826 3438 tanquam
2863 3367 3084 3438 lignum
3107 3364 3262 3436 quod
3295 3367 3608 3434 plantatum
3643 3374 3730 3422 est

2075 3467 2250 3511 secus
2274 3449 2564 3510 decursus
2595 3466 2909 3528 aquarum,
2933 3456 2989 3508 et
3015 3447 3270 3508 fructum
3297 3445 3459 3508 dedit
3481 3447 3538 3507 in
3572 3455 3724 3508 tem-

2080 3557 2225 3619 pore
2238 3537 2749 3618 jucundissimum
2777 3546 2833 3599 et
2856 3536 3566 3618 copiosissimumAtque
3588 3555 3726 3598 cor-

2077 3627 2491 3708 porisquidem
2522 3628 2913 3708 injuventute
2928 3625 3296 3688 adlibidines
3314 3626 3724 3690 incitationem

2075 3719 2159 3780 sic
2182 3718 2433 3799 pulchre
2456 3719 2654 3780 elfecit
2678 3715 3303 3799 conquiescereﬂanc
3325 3726 3520 3780 autem
3547 3718 3728 3780 absti-

2073 3809 2290 3870 nentia:
2312 3809 2500 3887 legem
2539 3827 2654 3869 non
2689 3808 2892 3869 statuit
2925 3807 3101 3868 simul
3127 3806 3392 3886 abjicere
3421 3827 3553 3869 cum
3579 3810 3727 3870 llore

2067 3897 2414 3978 jeventutis,
2471 3915 2665 3979 neque
2718 3915 2850 3960 eam
2909 3896 3131 3976 repulit
3191 3906 3467 3976 tanquam
3529 3897 3725 3958 adhuc

2074 3987 2344 4050 inutilem
2379 3997 2437 4049 et
2469 3988 2717 4049 minime
2751 3985 3178 4065 necessariam;
3207 3986 3312 4046 sed
3344 3987 3723 4048 conservavit

2071 4096 2261 4160 usque
2291 4077 2361 4138 ad
2397 4076 2922 4155 profundissimam
2955 4083 3346 4150 senectutem,
3380 4093 3628 4154 augens,
3665 4085 3724 4138 et

2069 4185 2189 4228 non
2239 4166 2600 4246 remittens;
2655 4177 2716 4228 et
2747 4185 2864 4226 non
2927 4183 3102 4227 secus
3153 4183 3221 4226 ac
3253 4165 3574 4246 quemdam
3629 4183 3726 4228 so-

2067 4255 2224 4318 cium
2261 4255 2668 4334 navigationis,
2704 4256 2804 4335 qui
2855 4273 2969 4316 una
3001 4255 3292 4334 navigavit
3340 4259 3400 4316 in
3433 4255 3632 4317 hieme
3663 4267 3726 4318 et

2067 4354 2442 4427 tempestate,
2477 4345 2920 4427 multorumque
2975 4344 3242 4407 laborum
3307 4353 3363 4409 et
3417 4363 3720 4407 aerumna-

2003 4448 2195 4499 Drum
2228 4435 2338 4496 fuit
2370 4441 2688 4516 particeps,
2714 4453 2850 4497 cum
2877 4435 3001 4515 jam
3035 4434 3217 4496 fuerit
3248 4435 3307 4495 in
3341 4444 3537 4516 portu,
3573 4453 3721 4498 eru-

2067 4527 2322 4588 bescens
2352 4525 2696 4588 amandare.

1849 4660 2079 4720 CAPUT
2119 4661 2210 4718 ιν.

1285 4788 1580 4852 Accessus
1609 4789 2067 4872 discipulorum.
2106 4792 2255 4856 Pius
2283 4791 2510 4854 Basilii
2540 4793 2758 4854 obitus.

429 4929 516 5001 ιε’.
565 4939 860 5021 Ἐτύγχανε
903 4945 1178 5018 τοιγαροῦν
1234 4939 1356 5002 τοὺς
1416 4961 1512 5015 μεν
1572 4941 1762 5004 πόνους
1809 4939 1989 5018 ὥσπερ

333 5029 496 5089 ἄλλοι
541 5031 637 5096 τὰς
673 5029 866 5098 ἡδονὰς
917 5028 1308 5108 ἀσπαζόμενος,
1342 5029 1545 5094 ἀνέσεις
1577 5027 1630 5085 δὲ
1664 5031 1748 5086 καὶ
1792 5031 1990 5109 τρυφὰς

335 5117 690 5194 διωθούμενος
735 5119 830 5174 ἴσα
888 5119 975 5175 καὶ
1035 5115 1349 5195 πολεμίους,
1392 5119 1648 5185 τοιαύτην
1694 5119 1834 5192 αύτῷ
1892 5124 1990 5184 τῆς

336 5215 550 5286 μακρᾶς
610 5209 885 5275 συνηθείας
929 5210 1026 5274 τὴν
1083 5205 1186 5272 ἕξιν
1258 5205 1662 5274 ἐντυπωσάσης.
1714 5208 1802 5265 Ἐν
1866 5208 1990 5264 τού-

335 5319 453 5362 τοις
516 5298 610 5354 οἶά
667 5319 747 5361 τις
792 5297 962 5376 ἀστὴρ
1019 5294 1370 5374 χαριέστατος
1421 5297 1556 5352 πάνυ
1626 5295 1872 5374 λαμπρόν
1935 5319 1992 5353 τε

340 5387 437 5444 καί
500 5386 784 5446 κάλλιστον
826 5401 948 5451 ταῖς
1002 5385 1184 5442 ἀκτῖσι
1227 5383 1465 5465 βάλλων,
1502 5383 1604 5453 ἤδη
1633 5389 1720 5442 καὶ
1777 5384 1989 5464 πόρῤω-

341 5481 428 5534 θεν
489 5479 710 5557 φανερὸς
769 5478 858 5546 ἧν.
921 5474 1076 5532 Ἐπεὶ
1139 5475 1225 5530 καὶ
1282 5474 1438 5530 πόλιν
1501 5472 1681 5531 ἐπάνω
1736 5477 1990 5548 κειμένην

249 5638 252 5640 ν
345 5566 498 5646 ὅρους
567 5569 883 5647 κρύπτεσθαι
953 5563 1218 5645 χαλεπόν·
1295 5562 1479 5621 οὔκουν
1572 5564 1687 5624 οὒὸὲ
1762 5564 1988 5642 διέλαθε,

347 5656 445 5717 κᾶν
500 5657 683 5732 ἐκείνῳ
738 5664 894 5715 τοῦτο
951 5653 1234 5720 διαπαντὸς
1310 5650 1676 5721 ἔσπουδάξετο.
1729 5656 1815 5725 Μὴ
1858 5654 1991 5711 λαν-

2159 4936 2254 4999 15.
2277 4934 2772 5016 Amplectebatur
2794 4933 2991 5016 itaque
3023 4935 3278 5012 labores,
3309 4938 3460 4999 sicut
3490 4937 3588 5001 alii
3616 4956 3724 4999 vo-

2078 5025 2366 5105 luptates:
2403 5025 2793 5086 remissiones
2813 5034 3012 5087 autem
3048 5035 3106 5087 et
3127 5025 3372 5090 delicias
3402 5027 3730 5107 repellebat

2077 5125 2139 5176 ut
2163 5117 2386 5188 hostes,
2414 5134 2547 5176 cum
2582 5115 2754 5193 longa
2776 5115 3148 5177 consuetudo
3172 5116 3226 5176 ei
3261 5115 3434 5176 talem
3468 5116 3725 5194 impres-

2077 5204 2256 5268 sisset
2278 5203 2682 5266 habitum.His
2719 5225 2832 5266 non
2865 5223 3039 5267 secus
3071 5223 3138 5265 ac
3171 5204 3340 5266 stella
3364 5202 3730 5283 jucundissi-

2079 5314 2195 5370 ma,
2229 5294 2653 5376 splendissime
2701 5313 2769 5357 ac
2815 5295 3218 5376 pulcherrime
3263 5295 3488 5354 micans
3519 5291 3725 5369 radiis,

2069 5389 2187 5461 jam
2213 5389 2380 5447 etiam
2412 5389 2611 5461 procul
2643 5391 2977 5462 apparabat.
3010 5388 3150 5445 Nam
3182 5387 3468 5443 civitatem
3501 5399 3730 5456 quoque

2077 5477 2248 5537 sitam
2282 5493 2461 5556 supra
2490 5485 2778 5549 montem,
2798 5484 2888 5535 est
2918 5473 3101 5536 celari
3132 5471 3398 5534 difficile.
3435 5471 3587 5548 Ergo
3615 5487 3728 5532 nec

2074 5566 2270 5640 latuit,
2305 5566 2535 5626 etiamsi
2561 5565 2707 5625 illud
2743 5565 2936 5644 ipsum
2965 5571 3255 5643 perpetuo
3288 5561 3535 5641 fugeret.
3582 5558 3728 5624 Cum

2073 5674 2192 5718 non
2227 5655 2436 5718 lateret
2473 5661 3177 5730 autem,consentaneum
3210 5659 3336 5712 erat
3364 5651 3633 5731 omnino,
3669 5661 3731 5718 ut
