  <div class='ocr_page' id='page_1' title='image "/cluster/home/n/w/nwhite01/storage/ocr_20150623/114/hvd.32044073502254/247.png"; bbox 0 0 4094 6196; ppageno 0'>
   <div class='ocr_carea' id='block_1_1' title="bbox 438 330 555 403">
    <p class='ocr_par' dir='ltr' id='par_1_1' title="bbox 438 330 555 403">
     <span class='ocr_line' id='line_1_1' title="bbox 438 330 555 403; baseline 0.017 -2"><span class='ocrx_word' id='word_1_1' title='bbox 438 330 555 403; x_wconf 80' lang='grc'><strong>483</strong></span> 
     </span>
    </p>
   </div>
   <div class='ocr_carea' id='block_1_2' title="bbox 1739 327 2515 397">
    <p class='ocr_par' dir='ltr' id='par_1_2' title="bbox 1739 327 2515 397">
     <span class='ocr_line' id='line_1_2' title="bbox 1739 327 2515 397; baseline 0.003 -4"><span class='ocrx_word' id='word_1_2' title='bbox 1739 327 1903 397; x_wconf 86' lang='grc' dir='ltr'><strong>ΜΕΝ</strong></span> <span class='ocrx_word' id='word_1_3' title='bbox 1909 330 2021 395; x_wconf 92' lang='lat' dir='ltr'><strong>SIS</strong></span> <span class='ocrx_word' id='word_1_4' title='bbox 2060 330 2515 396; x_wconf 74' lang='lat' dir='ltr'><strong>JANUARIUS.</strong></span> 
     </span>
    </p>
   </div>
   <div class='ocr_carea' id='block_1_3' title="bbox 3688 328 3793 397">
    <p class='ocr_par' dir='ltr' id='par_1_3' title="bbox 3688 328 3793 397">
     <span class='ocr_line' id='line_1_3' title="bbox 3688 328 3793 397; baseline 0.01 -2"><span class='ocrx_word' id='word_1_5' title='bbox 3688 328 3793 397; x_wconf 76' lang='grc'><strong>484</strong></span> 
     </span>
    </p>
   </div>
   <div class='ocr_carea' id='block_1_4' title="bbox 438 461 2080 548">
    <p class='ocr_par' dir='ltr' id='par_1_4' title="bbox 438 461 2078 539">
     <span class='ocr_line' id='line_1_4' title="bbox 438 461 2078 539; baseline -0.005 -5"><span class='ocrx_word' id='word_1_6' title='bbox 438 471 582 534; x_wconf 90' lang='lat' dir='ltr'><strong>boni</strong></span> <span class='ocrx_word' id='word_1_7' title='bbox 630 476 690 533; x_wconf 90' lang='lat' dir='ltr'><strong>et</strong></span> <span class='ocrx_word' id='word_1_8' title='bbox 722 466 956 532; x_wconf 78' lang='lat' dir='ltr'><strong>honesti</strong></span> <span class='ocrx_word' id='word_1_9' title='bbox 986 461 1280 528; x_wconf 90' lang='lat' dir='ltr'><strong>studiosas</strong></span> <span class='ocrx_word' id='word_1_10' title='bbox 1334 462 1562 524; x_wconf 90' lang='lat' dir='ltr'><strong>animas</strong></span> <span class='ocrx_word' id='word_1_11' title='bbox 1590 463 1662 527; x_wconf 89' lang='lat' dir='ltr'><strong>ad</strong></span> <span class='ocrx_word' id='word_1_12' title='bbox 1695 480 1759 525; x_wconf 90' lang='lat' dir='ltr'><strong>se</strong></span> <span class='ocrx_word' id='word_1_13' title='bbox 1793 465 2078 539; x_wconf 78' lang='lat' dir='ltr'><strong>traheret,</strong></span> 
     </span>
    </p>
   </div>
   <div class='ocr_carea' id='block_1_5' title="bbox 2168 461 3799 548">
    <p class='ocr_par' dir='ltr' id='par_1_5' title="bbox 2168 462 3799 548">
     <span class='ocr_line' id='line_1_5' title="bbox 2168 462 3799 548; baseline 0.001 -27"><span class='ocrx_word' id='word_1_14' title='bbox 2168 464 2386 523; x_wconf 76' lang='grc' dir='ltr'>θάνοντα</span> <span class='ocrx_word' id='word_1_15' title='bbox 2439 466 2515 543; x_wconf 81' lang='grc' dir='ltr'>δὲ,</span> <span class='ocrx_word' id='word_1_16' title='bbox 2550 466 2836 525; x_wconf 77' lang='grc' dir='ltr'>ἀκόλουθον</span> <span class='ocrx_word' id='word_1_17' title='bbox 2880 462 3094 531; x_wconf 77' lang='grc' dir='ltr'>πάντως</span> <span class='ocrx_word' id='word_1_18' title='bbox 3149 462 3233 548; x_wconf 53' lang='grc' dir='ltr'><strong>ἂρ’</strong></span> <span class='ocrx_word' id='word_1_19' title='bbox 3278 466 3465 526; x_wconf 78' lang='grc' dir='ltr'>ἑαυτὸν</span> <span class='ocrx_word' id='word_1_20' title='bbox 3496 466 3662 523; x_wconf 76' lang='grc' dir='ltr'>ἕλκειν</span> <span class='ocrx_word' id='word_1_21' title='bbox 3713 466 3799 530; x_wconf 76' lang='grc' dir='ltr'><strong>τὰς</strong></span> 
     </span>
    </p>
   </div>
   <div class='ocr_carea' id='block_1_6' title="bbox 440 550 2087 633">
    <p class='ocr_par' dir='ltr' id='par_1_6' title="bbox 440 550 2087 633">
     <span class='ocr_line' id='line_1_6' title="bbox 440 550 2087 633; baseline -0.004 -12"><span class='ocrx_word' id='word_1_22' title='bbox 440 577 559 621; x_wconf 89' lang='lat' dir='ltr'><strong>non</strong></span> <span class='ocrx_word' id='word_1_23' title='bbox 593 575 765 620; x_wconf 89' lang='lat' dir='ltr'><strong>secus</strong></span> <span class='ocrx_word' id='word_1_24' title='bbox 789 574 857 619; x_wconf 90' lang='lat' dir='ltr'><strong>ac</strong></span> <span class='ocrx_word' id='word_1_25' title='bbox 894 571 1135 633; x_wconf 83' lang='lat' dir='ltr'><strong>magnes</strong></span> <span class='ocrx_word' id='word_1_26' title='bbox 1166 550 1410 626; x_wconf 88' lang='lat' dir='ltr'><strong>ferrum,</strong></span> <span class='ocrx_word' id='word_1_27' title='bbox 1445 559 1544 612; x_wconf 90' lang='lat' dir='ltr'><strong>aut</strong></span> <span class='ocrx_word' id='word_1_28' title='bbox 1578 553 1771 630; x_wconf 97' lang='lat' dir='ltr'><strong>potius</strong></span> <span class='ocrx_word' id='word_1_29' title='bbox 1802 561 1865 616; x_wconf 87' lang='lat' dir='ltr'><strong>ut</strong></span> <span class='ocrx_word' id='word_1_30' title='bbox 1897 554 2087 617; x_wconf 89' lang='lat' dir='ltr'><strong>bonas</strong></span> 
     </span>
    </p>
   </div>
   <div class='ocr_carea' id='block_1_7' title="bbox 441 640 2085 731">
    <p class='ocr_par' dir='ltr' id='par_1_7' title="bbox 441 640 2085 731">
     <span class='ocr_line' id='line_1_7' title="bbox 441 640 2085 731; baseline -0.004 -21"><span class='ocrx_word' id='word_1_31' title='bbox 441 647 723 731; x_wconf 89' lang='lat' dir='ltr'><strong>quasdam</strong></span> <span class='ocrx_word' id='word_1_32' title='bbox 756 662 919 726; x_wconf 80' lang='lat' dir='ltr'><strong>apes,</strong></span> <span class='ocrx_word' id='word_1_33' title='bbox 940 642 1271 731; x_wconf 89' lang='lat' dir='ltr'><strong>jucundum</strong></span> <span class='ocrx_word' id='word_1_34' title='bbox 1297 640 1585 731; x_wconf 86' lang='lat' dir='ltr'><strong>illudmel</strong></span> <span class='ocrx_word' id='word_1_35' title='bbox 1606 643 1860 705; x_wconf 89' lang='lat' dir='ltr'><strong>virtutis.</strong></span> <span class='ocrx_word' id='word_1_36' title='bbox 1895 643 1984 705; x_wconf 85' lang='lat' dir='ltr'><strong>Ad</strong></span> <span class='ocrx_word' id='word_1_37' title='bbox 2008 643 2085 705; x_wconf 89' lang='lat' dir='ltr'><strong>il-</strong></span> 
     </span>
    </p>
   </div>
   <div class='ocr_carea' id='block_1_8' title="bbox 441 730 2089 817">
    <p class='ocr_par' dir='ltr' id='par_1_8' title="bbox 441 730 2089 817">
     <span class='ocr_line' id='line_1_8' title="bbox 441 730 2089 817; baseline -0.002 -17"><span class='ocrx_word' id='word_1_38' title='bbox 441 730 562 800; x_wconf 87' lang='lat' dir='ltr'><strong>lum</strong></span> <span class='ocrx_word' id='word_1_39' title='bbox 587 738 782 817; x_wconf 89' lang='lat' dir='ltr'><strong>itaque</strong></span> <span class='ocrx_word' id='word_1_40' title='bbox 792 736 914 815; x_wconf 85' lang='lat' dir='ltr'><strong>jam</strong></span> <span class='ocrx_word' id='word_1_41' title='bbox 937 730 1557 811; x_wconf 86' lang='lat' dir='ltr'><strong>ventitabantquidam</strong></span> <span class='ocrx_word' id='word_1_42' title='bbox 1589 751 1658 794; x_wconf 87' lang='lat' dir='ltr'><strong>ex</strong></span> <span class='ocrx_word' id='word_1_43' title='bbox 1686 732 1885 813; x_wconf 89' lang='lat' dir='ltr'><strong>iis,qui</strong></span> <span class='ocrx_word' id='word_1_44' title='bbox 1921 741 2089 797; x_wconf 82' lang='lat' dir='ltr'><strong>erant</strong></span> 
     </span>
    </p>
   </div>
   <div class='ocr_carea' id='block_1_9' title="bbox 441 820 2088 892">
    <p class='ocr_par' dir='ltr' id='par_1_9' title="bbox 441 820 2088 892">
     <span class='ocr_line' id='line_1_9' title="bbox 441 820 2088 892; baseline -0.004 -1"><span class='ocrx_word' id='word_1_45' title='bbox 441 836 737 891; x_wconf 77' lang='lat' dir='ltr'><strong>amatores</strong></span> <span class='ocrx_word' id='word_1_46' title='bbox 759 822 1008 892; x_wconf 83' lang='lat' dir='ltr'><strong>virtutis,</strong></span> <span class='ocrx_word' id='word_1_47' title='bbox 1039 831 1099 882; x_wconf 91' lang='lat' dir='ltr'><strong>et</strong></span> <span class='ocrx_word' id='word_1_48' title='bbox 1127 820 1430 884; x_wconf 78' lang='lat' dir='ltr'><strong>malebant</strong></span> <span class='ocrx_word' id='word_1_49' title='bbox 1455 840 1588 882; x_wconf 88' lang='lat' dir='ltr'><strong>cum</strong></span> <span class='ocrx_word' id='word_1_50' title='bbox 1616 841 1686 883; x_wconf 90' lang='lat' dir='ltr'><strong>eo</strong></span> <span class='ocrx_word' id='word_1_51' title='bbox 1712 822 1973 885; x_wconf 83' lang='lat' dir='ltr'><strong>incolere</strong></span> <span class='ocrx_word' id='word_1_52' title='bbox 1993 842 2088 885; x_wconf 85' lang='lat' dir='ltr'><strong>so-</strong></span> 
     </span>
    </p>
   </div>
   <div class='ocr_carea' id='block_1_10' title="bbox 440 910 2085 993">
    <p class='ocr_par' dir='ltr' id='par_1_10' title="bbox 440 910 2085 993">
     <span class='ocr_line' id='line_1_10' title="bbox 440 910 2085 993; baseline -0.001 -16"><span class='ocrx_word' id='word_1_53' title='bbox 440 914 960 993; x_wconf 83' lang='lat' dir='ltr'><strong>litudinem,quam</strong></span> <span class='ocrx_word' id='word_1_54' title='bbox 996 928 1128 971; x_wconf 89' lang='lat' dir='ltr'><strong>cum</strong></span> <span class='ocrx_word' id='word_1_55' title='bbox 1160 910 1619 991; x_wconf 81' lang='lat' dir='ltr'><strong>imperatoribus</strong></span> <span class='ocrx_word' id='word_1_56' title='bbox 1654 914 1962 991; x_wconf 64' lang='lat' dir='ltr'><strong>praeclaras</strong></span> <span class='ocrx_word' id='word_1_57' title='bbox 1993 915 2085 976; x_wconf 89' lang='lat' dir='ltr'><strong>ci-</strong></span> 
     </span>
    </p>
   </div>
   <div class='ocr_carea' id='block_1_11' title="bbox 436 1001 2085 1081">
    <p class='ocr_par' dir='ltr' id='par_1_11' title="bbox 436 1001 2085 1081">
     <span class='ocr_line' id='line_1_11' title="bbox 436 1001 2085 1081; baseline -0.001 -15"><span class='ocrx_word' id='word_1_58' title='bbox 436 1003 791 1077; x_wconf 83' lang='lat' dir='ltr'><strong>vitates.Qui</strong></span> <span class='ocrx_word' id='word_1_59' title='bbox 821 1002 937 1062; x_wconf 93' lang='lat' dir='ltr'><strong>vim</strong></span> <span class='ocrx_word' id='word_1_60' title='bbox 970 1001 1317 1073; x_wconf 73' lang='lat' dir='ltr'><strong>afferentes,</strong></span> <span class='ocrx_word' id='word_1_61' title='bbox 1351 1004 1437 1062; x_wconf 91' lang='lat' dir='ltr'><strong>vis</strong></span> <span class='ocrx_word' id='word_1_62' title='bbox 1459 1001 1725 1081; x_wconf 88' lang='lat' dir='ltr'><strong>quidem,</strong></span> <span class='ocrx_word' id='word_1_63' title='bbox 1756 1003 1861 1064; x_wconf 87' lang='lat' dir='ltr'><strong>sed</strong></span> <span class='ocrx_word' id='word_1_64' title='bbox 1887 1012 2085 1065; x_wconf 89' lang='lat' dir='ltr'><strong>tamen</strong></span> 
     </span>
    </p>
   </div>
   <div class='ocr_carea' id='block_1_12' title="bbox 441 1090 2087 1176">
    <p class='ocr_par' dir='ltr' id='par_1_12' title="bbox 441 1090 2087 1176">
     <span class='ocr_line' id='line_1_12' title="bbox 441 1090 2087 1176; baseline -0.001 -20"><span class='ocrx_word' id='word_1_65' title='bbox 441 1092 822 1176; x_wconf 84' lang='lat' dir='ltr'><strong>persuadent,</strong></span> <span class='ocrx_word' id='word_1_66' title='bbox 855 1109 931 1153; x_wconf 91' lang='lat' dir='ltr'><strong>ne</strong></span> <span class='ocrx_word' id='word_1_67' title='bbox 988 1108 1094 1151; x_wconf 87' lang='lat' dir='ltr'><strong>sua</strong></span> <span class='ocrx_word' id='word_1_68' title='bbox 1145 1090 1339 1151; x_wconf 91' lang='lat' dir='ltr'><strong>solum</strong></span> <span class='ocrx_word' id='word_1_69' title='bbox 1396 1090 1827 1169; x_wconf 81' lang='lat' dir='ltr'><strong>consideraret,</strong></span> <span class='ocrx_word' id='word_1_70' title='bbox 1860 1092 1966 1154; x_wconf 91' lang='lat' dir='ltr'><strong>sed</strong></span> <span class='ocrx_word' id='word_1_71' title='bbox 2018 1110 2087 1154; x_wconf 89' lang='lat' dir='ltr'><strong>ea</strong></span> 
     </span>
    </p>
   </div>
   <div class='ocr_carea' id='block_1_13' title="bbox 439 1179 2084 1262">
    <p class='ocr_par' dir='ltr' id='par_1_13' title="bbox 439 1179 2084 1262">
     <span class='ocr_line' id='line_1_13' title="bbox 439 1179 2084 1262; baseline -0.001 -18"><span class='ocrx_word' id='word_1_72' title='bbox 439 1182 641 1257; x_wconf 86' lang='lat' dir='ltr'><strong>etiam,</strong></span> <span class='ocrx_word' id='word_1_73' title='bbox 679 1199 811 1262; x_wconf 82' lang='lat' dir='ltr'><strong>quae</strong></span> <span class='ocrx_word' id='word_1_74' title='bbox 858 1187 995 1240; x_wconf 89' lang='lat' dir='ltr'><strong>sunt</strong></span> <span class='ocrx_word' id='word_1_75' title='bbox 1032 1179 1442 1259; x_wconf 83' lang='lat' dir='ltr'><strong>proximorum</strong></span> <span class='ocrx_word' id='word_1_76' title='bbox 1477 1199 1491 1239; x_wconf 92' lang='lat'><strong>:</strong></span> <span class='ocrx_word' id='word_1_77' title='bbox 1546 1187 1603 1240; x_wconf 89' lang='lat' dir='ltr'><strong>et</strong></span> <span class='ocrx_word' id='word_1_78' title='bbox 1634 1180 1785 1260; x_wconf 85' lang='lat' dir='ltr'><strong>ejus,</strong></span> <span class='ocrx_word' id='word_1_79' title='bbox 1818 1200 1950 1261; x_wconf 71' lang='lat' dir='ltr'><strong>quas</strong></span> <span class='ocrx_word' id='word_1_80' title='bbox 1994 1189 2084 1243; x_wconf 89' lang='lat' dir='ltr'><strong>est</strong></span> 
     </span>
    </p>
   </div>
   <div class='ocr_carea' id='block_1_14' title="bbox 438 1268 2083 1350">
    <p class='ocr_par' dir='ltr' id='par_1_14' title="bbox 438 1268 2083 1350">
     <span class='ocr_line' id='line_1_14' title="bbox 438 1268 2083 1350; baseline -0.001 -16"><span class='ocrx_word' id='word_1_81' title='bbox 438 1290 507 1334; x_wconf 85' lang='lat' dir='ltr'><strong>ex</strong></span> <span class='ocrx_word' id='word_1_82' title='bbox 541 1272 686 1338; x_wconf 80' lang='lat' dir='ltr'><strong>Deo,</strong></span> <span class='ocrx_word' id='word_1_83' title='bbox 712 1270 847 1331; x_wconf 66' lang='lat' dir='ltr'><strong>vitae</strong></span> <span class='ocrx_word' id='word_1_84' title='bbox 878 1287 1013 1331; x_wconf 86' lang='lat' dir='ltr'><strong>eum</strong></span> <span class='ocrx_word' id='word_1_85' title='bbox 1045 1268 1345 1349; x_wconf 90' lang='lat' dir='ltr'><strong>accipiunt</strong></span> <span class='ocrx_word' id='word_1_86' title='bbox 1375 1268 1553 1330; x_wconf 88' lang='lat' dir='ltr'><strong>veluti</strong></span> <span class='ocrx_word' id='word_1_87' title='bbox 1587 1270 1982 1350; x_wconf 89' lang='lat' dir='ltr'><strong>pedotribam.</strong></span> <span class='ocrx_word' id='word_1_88' title='bbox 2014 1270 2083 1333; x_wconf 84' lang='lat' dir='ltr'><strong>Et</strong></span> 
     </span>
    </p>
   </div>
   <div class='ocr_carea' id='block_1_15' title="bbox 443 1358 2082 1442">
    <p class='ocr_par' dir='ltr' id='par_1_15' title="bbox 443 1358 2082 1442">
     <span class='ocr_line' id='line_1_15' title="bbox 443 1358 2082 1442; baseline -0.001 -18"><span class='ocrx_word' id='word_1_89' title='bbox 443 1372 581 1425; x_wconf 91' lang='lat' dir='ltr'><strong>tunc</strong></span> <span class='ocrx_word' id='word_1_90' title='bbox 607 1360 851 1442; x_wconf 85' lang='lat' dir='ltr'><strong>quidem</strong></span> <span class='ocrx_word' id='word_1_91' title='bbox 882 1377 983 1420; x_wconf 85' lang='lat' dir='ltr'><strong>sex</strong></span> <span class='ocrx_word' id='word_1_92' title='bbox 1014 1358 1104 1420; x_wconf 86' lang='lat' dir='ltr'><strong>vel</strong></span> <span class='ocrx_word' id='word_1_93' title='bbox 1124 1367 1354 1439; x_wconf 86' lang='lat' dir='ltr'><strong>septem</strong></span> <span class='ocrx_word' id='word_1_94' title='bbox 1383 1377 1631 1420; x_wconf 74' lang='lat' dir='ltr'><strong>numtro</strong></span> <span class='ocrx_word' id='word_1_95' title='bbox 1664 1368 1834 1421; x_wconf 88' lang='lat' dir='ltr'><strong>erant</strong></span> <span class='ocrx_word' id='word_1_96' title='bbox 1862 1360 2082 1422; x_wconf 92' lang='lat' dir='ltr'><strong>chorus</strong></span> 
     </span>
    </p>
   </div>
   <div class='ocr_carea' id='block_1_16' title="bbox 434 1449 1128 1534">
    <p class='ocr_par' dir='ltr' id='par_1_16' title="bbox 434 1449 1128 1534">
     <span class='ocr_line' id='line_1_16' title="bbox 434 1449 1128 1534; baseline -0.006 -19"><span class='ocrx_word' id='word_1_97' title='bbox 434 1459 533 1534; x_wconf 85' lang='lat' dir='ltr'><strong>qui</strong></span> <span class='ocrx_word' id='word_1_98' title='bbox 569 1459 696 1513; x_wconf 88' lang='lat' dir='ltr'><strong>erat</strong></span> <span class='ocrx_word' id='word_1_99' title='bbox 727 1449 881 1512; x_wconf 85' lang='lat' dir='ltr'><strong>circa</strong></span> <span class='ocrx_word' id='word_1_100' title='bbox 913 1449 1128 1529; x_wconf 90' lang='lat' dir='ltr'><strong>ipsum.</strong></span> 
     </span>
    </p>
   </div>
   <div class='ocr_carea' id='block_1_17' title="bbox 522 1538 2088 1621">
    <p class='ocr_par' dir='ltr' id='par_1_17' title="bbox 522 1538 2088 1621">
     <span class='ocr_line' id='line_1_17' title="bbox 522 1538 2088 1621; baseline -0.001 -17"><span class='ocrx_word' id='word_1_101' title='bbox 522 1543 620 1605; x_wconf 84' lang='grc'><strong>16.</strong></span> <span class='ocrx_word' id='word_1_102' title='bbox 667 1538 813 1602; x_wconf 85' lang='lat' dir='ltr'><strong>Cum</strong></span> <span class='ocrx_word' id='word_1_103' title='bbox 847 1547 1049 1600; x_wconf 87' lang='lat' dir='ltr'><strong>autem</strong></span> <span class='ocrx_word' id='word_1_104' title='bbox 1103 1539 1284 1599; x_wconf 82' lang='lat' dir='ltr'><strong>sciret</strong></span> <span class='ocrx_word' id='word_1_105' title='bbox 1316 1538 1417 1601; x_wconf 92' lang='lat' dir='ltr'><strong>ille</strong></span> <span class='ocrx_word' id='word_1_106' title='bbox 1451 1557 1718 1618; x_wconf 81' lang='lat' dir='ltr'><strong>magnus,</strong></span> <span class='ocrx_word' id='word_1_107' title='bbox 1754 1539 1825 1601; x_wconf 90' lang='lat' dir='ltr'><strong>iis</strong></span> <span class='ocrx_word' id='word_1_108' title='bbox 1879 1539 1983 1621; x_wconf 86' lang='lat' dir='ltr'><strong>qui</strong></span> <span class='ocrx_word' id='word_1_109' title='bbox 2017 1558 2088 1603; x_wconf 81' lang='lat' dir='ltr'><strong>ex</strong></span> 
     </span>
    </p>
   </div>
   <div class='ocr_carea' id='block_1_18' title="bbox 440 1626 2088 1709">
    <p class='ocr_par' dir='ltr' id='par_1_18' title="bbox 440 1626 2088 1709">
     <span class='ocr_line' id='line_1_18' title="bbox 440 1626 2088 1709; baseline 0.001 -17"><span class='ocrx_word' id='word_1_110' title='bbox 440 1630 564 1693; x_wconf 92' lang='lat' dir='ltr'><strong>Deo</strong></span> <span class='ocrx_word' id='word_1_111' title='bbox 596 1630 791 1691; x_wconf 90' lang='lat' dir='ltr'><strong>vivere</strong></span> <span class='ocrx_word' id='word_1_112' title='bbox 849 1627 1164 1706; x_wconf 82' lang='lat' dir='ltr'><strong>elegerint,</strong></span> <span class='ocrx_word' id='word_1_113' title='bbox 1198 1626 1347 1689; x_wconf 90' lang='lat' dir='ltr'><strong>nihil</strong></span> <span class='ocrx_word' id='word_1_114' title='bbox 1407 1646 1574 1709; x_wconf 67' lang='lat' dir='ltr'><strong>aeque</strong></span> <span class='ocrx_word' id='word_1_115' title='bbox 1621 1627 1959 1691; x_wconf 87' lang='lat' dir='ltr'><strong>conducere</strong></span> <span class='ocrx_word' id='word_1_116' title='bbox 2011 1631 2088 1693; x_wconf 84' lang='lat' dir='ltr'><strong>ad</strong></span> 
     </span>
    </p>
   </div>
   <div class='ocr_carea' id='block_1_19' title="bbox 441 1717 2083 1802">
    <p class='ocr_par' dir='ltr' id='par_1_19' title="bbox 441 1717 2083 1802">
     <span class='ocr_line' id='line_1_19' title="bbox 441 1717 2083 1802; baseline -0.002 -19"><span class='ocrx_word' id='word_1_117' title='bbox 441 1720 760 1802; x_wconf 87' lang='lat' dir='ltr'><strong>parandam</strong></span> <span class='ocrx_word' id='word_1_118' title='bbox 814 1717 1093 1778; x_wconf 87' lang='lat' dir='ltr'><strong>virtutem</strong></span> <span class='ocrx_word' id='word_1_119' title='bbox 1125 1724 1182 1778; x_wconf 87' lang='lat' dir='ltr'><strong>et</strong></span> <span class='ocrx_word' id='word_1_120' title='bbox 1225 1719 1295 1779; x_wconf 92' lang='lat' dir='ltr'><strong>ad</strong></span> <span class='ocrx_word' id='word_1_121' title='bbox 1334 1725 1555 1797; x_wconf 88' lang='lat' dir='ltr'><strong>partam</strong></span> <span class='ocrx_word' id='word_1_122' title='bbox 1591 1719 2083 1794; x_wconf 87' lang='lat' dir='ltr'><strong>conservandam,</strong></span> 
     </span>
    </p>
   </div>
   <div class='ocr_carea' id='block_1_20' title="bbox 2167 553 3799 636">
    <p class='ocr_par' dir='ltr' id='par_1_20' title="bbox 2167 553 3799 636">
     <span class='ocr_line' id='line_1_20' title="bbox 2167 553 3799 636; baseline 0 -25"><span class='ocrx_word' id='word_1_123' title='bbox 2167 553 2487 635; x_wconf 74' lang='grc' dir='ltr'><strong>φιλοκάλους</strong></span> <span class='ocrx_word' id='word_1_124' title='bbox 2548 557 2747 636; x_wconf 70' lang='grc' dir='ltr'>ψυχὰς,</span> <span class='ocrx_word' id='word_1_125' title='bbox 2806 555 3075 633; x_wconf 76' lang='grc' dir='ltr'>ἡράκλειά</span> <span class='ocrx_word' id='word_1_126' title='bbox 3143 578 3224 619; x_wconf 88' lang='grc' dir='ltr'><strong>τις</strong></span> <span class='ocrx_word' id='word_1_127' title='bbox 3281 554 3422 621; x_wconf 88' lang='grc' dir='ltr'>λίθος</span> <span class='ocrx_word' id='word_1_128' title='bbox 3490 556 3663 631; x_wconf 82' lang='grc' dir='ltr'>ὥσπερ</span> <span class='ocrx_word' id='word_1_129' title='bbox 3717 556 3799 611; x_wconf 77' lang='grc' dir='ltr'>τὸν</span> 
     </span>
    </p>
   </div>
   <div class='ocr_carea' id='block_1_21' title="bbox 2168 642 3801 724">
    <p class='ocr_par' dir='ltr' id='par_1_21' title="bbox 2168 642 3801 724">
     <span class='ocr_line' id='line_1_21' title="bbox 2168 642 3801 724; baseline 0.004 -25"><span class='ocrx_word' id='word_1_130' title='bbox 2168 642 2402 720; x_wconf 75' lang='grc' dir='ltr'>σίδηρονο</span> <span class='ocrx_word' id='word_1_131' title='bbox 2463 645 2499 713; x_wconf 76' lang='grc' dir='ltr'><strong>ἢ</strong></span> <span class='ocrx_word' id='word_1_132' title='bbox 2563 644 2770 720; x_wconf 81' lang='grc' dir='ltr'>μᾶλλον</span> <span class='ocrx_word' id='word_1_133' title='bbox 2817 648 2889 707; x_wconf 83' lang='grc' dir='ltr'>ὡς</span> <span class='ocrx_word' id='word_1_134' title='bbox 2963 644 3213 720; x_wconf 79' lang='grc' dir='ltr'><strong>μελίττας</strong></span> <span class='ocrx_word' id='word_1_135' title='bbox 3259 646 3401 711; x_wconf 83' lang='grc' dir='ltr'>τινὰς</span> <span class='ocrx_word' id='word_1_136' title='bbox 3470 646 3662 724; x_wconf 78' lang='grc' dir='ltr'>ἀγαθὰς</span> <span class='ocrx_word' id='word_1_137' title='bbox 3730 654 3801 721; x_wconf 82' lang='grc' dir='ltr'>τῷ</span> 
     </span>
    </p>
   </div>
   <div class='ocr_carea' id='block_1_22' title="bbox 2169 732 3801 814">
    <p class='ocr_par' dir='ltr' id='par_1_22' title="bbox 2169 732 3801 814">
     <span class='ocr_line' id='line_1_22' title="bbox 2169 732 3801 814; baseline 0.001 -25"><span class='ocrx_word' id='word_1_138' title='bbox 2169 732 2291 802; x_wconf 74' lang='grc' dir='ltr'>ἡδεῖ</span> <span class='ocrx_word' id='word_1_139' title='bbox 2333 734 2517 808; x_wconf 78' lang='grc' dir='ltr'>ἐκείνῳ</span> <span class='ocrx_word' id='word_1_140' title='bbox 2566 740 2666 801; x_wconf 79' lang='grc' dir='ltr'><strong>τῆς</strong></span> <span class='ocrx_word' id='word_1_141' title='bbox 2725 737 2916 814; x_wconf 69' lang='grc' dir='ltr'>ἀρετῆς</span> <span class='ocrx_word' id='word_1_142' title='bbox 2971 733 3172 811; x_wconf 77' lang='grc' dir='ltr'>μέλιτι.</span> <span class='ocrx_word' id='word_1_143' title='bbox 3235 735 3491 814; x_wconf 77' lang='grc' dir='ltr'>Ἐφοίτων</span> <span class='ocrx_word' id='word_1_144' title='bbox 3545 743 3801 814; x_wconf 80' lang='grc' dir='ltr'><strong>τοιγαροῦν</strong></span> 
     </span>
    </p>
   </div>
   <div class='ocr_carea' id='block_1_23' title="bbox 2171 822 3803 904">
    <p class='ocr_par' dir='ltr' id='par_1_23' title="bbox 2171 822 3803 904">
     <span class='ocr_line' id='line_1_23' title="bbox 2171 822 3803 904; baseline 0.002 -26"><span class='ocrx_word' id='word_1_145' title='bbox 2171 824 2244 886; x_wconf 81' lang='grc' dir='ltr'><strong>ὡς</strong></span> <span class='ocrx_word' id='word_1_146' title='bbox 2301 824 2457 882; x_wconf 71' lang='grc' dir='ltr'>αὐτὸν</span> <span class='ocrx_word' id='word_1_147' title='bbox 2512 822 2615 892; x_wconf 70' lang='grc' dir='ltr'>ἤδη</span> <span class='ocrx_word' id='word_1_148' title='bbox 2672 825 2776 881; x_wconf 78' lang='grc' dir='ltr'><strong>τῶν</strong></span> <span class='ocrx_word' id='word_1_149' title='bbox 2841 823 3135 904; x_wconf 75' lang='grc' dir='ltr'>φιλαρέτων</span> <span class='ocrx_word' id='word_1_150' title='bbox 3192 824 3357 903; x_wconf 79' lang='grc' dir='ltr'>τινὲς,</span> <span class='ocrx_word' id='word_1_151' title='bbox 3389 825 3483 880; x_wconf 73' lang='grc' dir='ltr'>καὶ</span> <span class='ocrx_word' id='word_1_152' title='bbox 3530 825 3618 879; x_wconf 79' lang='grc' dir='ltr'><strong>σὺν</strong></span> <span class='ocrx_word' id='word_1_153' title='bbox 3672 828 3803 898; x_wconf 72' lang='grc' dir='ltr'>αὐτῷ</span> 
     </span>
    </p>
   </div>
   <div class='ocr_carea' id='block_1_24' title="bbox 2172 911 3803 992">
    <p class='ocr_par' dir='ltr' id='par_1_24' title="bbox 2172 911 3803 992">
     <span class='ocr_line' id='line_1_24' title="bbox 2172 911 3803 992; baseline 0.002 -24"><span class='ocrx_word' id='word_1_154' title='bbox 2172 911 2378 989; x_wconf 82' lang='grc' dir='ltr'>μᾶλλον</span> <span class='ocrx_word' id='word_1_155' title='bbox 2424 914 2522 981; x_wconf 75' lang='grc' dir='ltr'><strong>τὴν</strong></span> <span class='ocrx_word' id='word_1_156' title='bbox 2580 916 2831 992; x_wconf 63' lang='grc' dir='ltr'>ἔρημίαιι,</span> <span class='ocrx_word' id='word_1_157' title='bbox 2875 914 2911 982; x_wconf 77' lang='grc' dir='ltr'><strong>ἢ</strong></span> <span class='ocrx_word' id='word_1_158' title='bbox 2976 916 3070 980; x_wconf 77' lang='grc' dir='ltr'><strong>τὰς</strong></span> <span class='ocrx_word' id='word_1_159' title='bbox 3135 914 3382 991; x_wconf 75' lang='grc' dir='ltr'>λαμπρὰς</span> <span class='ocrx_word' id='word_1_160' title='bbox 3441 914 3620 978; x_wconf 87' lang='grc' dir='ltr'>πόλεις</span> <span class='ocrx_word' id='word_1_161' title='bbox 3681 914 3803 988; x_wconf 82' lang='grc' dir='ltr'>μετά</span> 
     </span>
    </p>
   </div>
   <div class='ocr_carea' id='block_1_25' title="bbox 2169 1001 3801 1080">
    <p class='ocr_par' dir='ltr' id='par_1_25' title="bbox 2169 1001 3801 1080">
     <span class='ocr_line' id='line_1_25' title="bbox 2169 1001 3801 1080; baseline 0 -21"><span class='ocrx_word' id='word_1_162' title='bbox 2169 1001 2431 1080; x_wconf 81' lang='grc' dir='ltr'>βασιλέων</span> <span class='ocrx_word' id='word_1_163' title='bbox 2490 1005 2660 1060; x_wconf 81' lang='grc' dir='ltr'>οἰκεῖν</span> <span class='ocrx_word' id='word_1_164' title='bbox 2704 1004 3028 1075; x_wconf 70' lang='grc' dir='ltr'>ἠσπάζοντο*</span> <span class='ocrx_word' id='word_1_165' title='bbox 3087 1006 3139 1060; x_wconf 75' lang='grc' dir='ltr'>οἳ</span> <span class='ocrx_word' id='word_1_166' title='bbox 3173 1004 3263 1060; x_wconf 80' lang='grc' dir='ltr'><strong>καὶ</strong></span> <span class='ocrx_word' id='word_1_167' title='bbox 3321 1004 3630 1080; x_wconf 78' lang='grc' dir='ltr'>βιασάμενοι</span> <span class='ocrx_word' id='word_1_168' title='bbox 3660 1003 3801 1079; x_wconf 83' lang='grc' dir='ltr'>μόλις</span> 
     </span>
    </p>
   </div>
   <div class='ocr_carea' id='block_1_26' title="bbox 2169 1091 3797 1169">
    <p class='ocr_par' dir='ltr' id='par_1_26' title="bbox 2169 1091 3797 1169">
     <span class='ocr_line' id='line_1_26' title="bbox 2169 1091 3797 1169; baseline -0.001 -22"><span class='ocrx_word' id='word_1_169' title='bbox 2169 1093 2267 1168; x_wconf 77' lang='grc' dir='ltr'>μὲν</span> <span class='ocrx_word' id='word_1_170' title='bbox 2311 1094 2543 1150; x_wconf 81' lang='grc' dir='ltr'>πείθουσι</span> <span class='ocrx_word' id='word_1_171' title='bbox 2587 1091 2631 1149; x_wconf 87' lang='grc' dir='ltr'>δ’</span> <span class='ocrx_word' id='word_1_172' title='bbox 2665 1093 2812 1169; x_wconf 78' lang='grc' dir='ltr'>ὅμως</span> <span class='ocrx_word' id='word_1_173' title='bbox 2880 1094 2957 1168; x_wconf 75' lang='grc' dir='ltr'>μὴ</span> <span class='ocrx_word' id='word_1_174' title='bbox 3004 1095 3070 1149; x_wconf 77' lang='grc' dir='ltr'>τὰ</span> <span class='ocrx_word' id='word_1_175' title='bbox 3110 1094 3297 1151; x_wconf 71' lang='grc' dir='ltr'>ἑαυτοῦ</span> <span class='ocrx_word' id='word_1_176' title='bbox 3347 1096 3508 1168; x_wconf 85' lang='grc' dir='ltr'>μόνον</span> <span class='ocrx_word' id='word_1_177' title='bbox 3566 1107 3797 1161; x_wconf 77' lang='grc' dir='ltr'><strong>σκοπεῖν,</strong></span> 
     </span>
    </p>
   </div>
   <div class='ocr_carea' id='block_1_27' title="bbox 2165 1179 3803 1260">
    <p class='ocr_par' dir='ltr' id='par_1_27' title="bbox 2165 1179 3803 1260">
     <span class='ocr_line' id='line_1_27' title="bbox 2165 1179 3803 1260; baseline 0 -22"><span class='ocrx_word' id='word_1_178' title='bbox 2165 1181 2301 1238; x_wconf 78' lang='grc' dir='ltr'>ἀλλὰ</span> <span class='ocrx_word' id='word_1_179' title='bbox 2359 1181 2425 1249; x_wconf 78' lang='grc' dir='ltr'><strong>δὴ</strong></span> <span class='ocrx_word' id='word_1_180' title='bbox 2464 1184 2548 1238; x_wconf 72' lang='grc' dir='ltr'><strong>καὶ</strong></span> <span class='ocrx_word' id='word_1_181' title='bbox 2579 1184 2642 1239; x_wconf 73' lang='grc' dir='ltr'><strong>τὰ</strong></span> <span class='ocrx_word' id='word_1_182' title='bbox 2693 1188 2799 1239; x_wconf 84' lang='grc' dir='ltr'><strong>τῶν</strong></span> <span class='ocrx_word' id='word_1_183' title='bbox 2844 1182 3035 1257; x_wconf 89' lang='grc' dir='ltr'>πέλας,</span> <span class='ocrx_word' id='word_1_184' title='bbox 3069 1184 3161 1239; x_wconf 87' lang='grc' dir='ltr'><strong>καὶ</strong></span> <span class='ocrx_word' id='word_1_185' title='bbox 3204 1187 3296 1239; x_wconf 88' lang='grc' dir='ltr'>οἶα</span> <span class='ocrx_word' id='word_1_186' title='bbox 3326 1179 3665 1260; x_wconf 80' lang='grc' dir='ltr'>παιδοτρίϐην</span> <span class='ocrx_word' id='word_1_187' title='bbox 3716 1183 3803 1238; x_wconf 78' lang='grc' dir='ltr'><strong>αὖ·</strong></span> 
     </span>
    </p>
   </div>
   <div class='ocr_carea' id='block_1_28' title="bbox 2165 1269 3801 1350">
    <p class='ocr_par' dir='ltr' id='par_1_28' title="bbox 2165 1269 3801 1350">
     <span class='ocr_line' id='line_1_28' title="bbox 2165 1269 3801 1350; baseline -0.001 -22"><span class='ocrx_word' id='word_1_188' title='bbox 2165 1274 2254 1328; x_wconf 82' lang='grc' dir='ltr'>τὸν</span> <span class='ocrx_word' id='word_1_189' title='bbox 2314 1279 2406 1329; x_wconf 80' lang='grc' dir='ltr'>τοῦ</span> <span class='ocrx_word' id='word_1_190' title='bbox 2452 1273 2587 1329; x_wconf 86' lang='grc' dir='ltr'>κατὰ</span> <span class='ocrx_word' id='word_1_191' title='bbox 2646 1274 2771 1328; x_wconf 68' lang='grc' dir='ltr'>Θεὸν</span> <span class='ocrx_word' id='word_1_192' title='bbox 2807 1273 2939 1348; x_wconf 85' lang='grc' dir='ltr'>’βίου</span> <span class='ocrx_word' id='word_1_193' title='bbox 2997 1269 3491 1350; x_wconf 72' lang='grc' dir='ltr'>παραλαμϐάνουσι·</span> <span class='ocrx_word' id='word_1_194' title='bbox 3547 1271 3634 1327; x_wconf 85' lang='grc' dir='ltr'><strong>καὶ</strong></span> <span class='ocrx_word' id='word_1_195' title='bbox 3679 1271 3801 1336; x_wconf 86' lang='grc' dir='ltr'>τέως</span> 
     </span>
    </p>
   </div>
   <div class='ocr_carea' id='block_1_29' title="bbox 2166 1360 3801 1441">
    <p class='ocr_par' dir='ltr' id='par_1_29' title="bbox 2166 1360 3801 1441">
     <span class='ocr_line' id='line_1_29' title="bbox 2166 1360 3801 1441; baseline -0.001 -22"><span class='ocrx_word' id='word_1_196' title='bbox 2166 1363 2264 1438; x_wconf 77' lang='grc' dir='ltr'>μὲν</span> <span class='ocrx_word' id='word_1_197' title='bbox 2319 1360 2371 1427; x_wconf 77' lang='grc' dir='ltr'>ἕξ</span> <span class='ocrx_word' id='word_1_198' title='bbox 2405 1384 2504 1419; x_wconf 83' lang='grc' dir='ltr'><strong>που</strong></span> <span class='ocrx_word' id='word_1_199' title='bbox 2533 1363 2620 1418; x_wconf 82' lang='grc' dir='ltr'><strong>καὶ</strong></span> <span class='ocrx_word' id='word_1_200' title='bbox 2665 1363 2799 1418; x_wconf 78' lang='grc' dir='ltr'><strong>ἐπτὰ</strong></span> <span class='ocrx_word' id='word_1_201' title='bbox 2843 1365 2932 1418; x_wconf 79' lang='grc' dir='ltr'><strong>τὸν</strong></span> <span class='ocrx_word' id='word_1_202' title='bbox 2974 1362 3195 1441; x_wconf 81' lang='grc' dir='ltr'>ἀριθμὸν</span> <span class='ocrx_word' id='word_1_203' title='bbox 3225 1364 3252 1417; x_wconf 87' lang='grc' dir='ltr'><strong>ὁ</strong></span> <span class='ocrx_word' id='word_1_204' title='bbox 3309 1363 3424 1440; x_wconf 88' lang='grc' dir='ltr'>περὶ</span> <span class='ocrx_word' id='word_1_205' title='bbox 3454 1360 3608 1417; x_wconf 73' lang='grc' dir='ltr'>αὗτὸν</span> <span class='ocrx_word' id='word_1_206' title='bbox 3649 1362 3801 1440; x_wconf 80' lang='grc' dir='ltr'>χορὸς</span> 
     </span>
    </p>
   </div>
   <div class='ocr_carea' id='block_1_30' title="bbox 2170 1452 2197 1473">
    <p class='ocr_par' dir='ltr' id='par_1_30' title="bbox 2170 1452 2197 1473">
     <span class='ocr_line' id='line_1_30' title="bbox 2170 1452 2197 1473; baseline 0 0"><span class='ocrx_word' id='word_1_207' title='bbox 2170 1452 2197 1473; x_wconf 82' lang='lat' dir='ltr'><strong>‘l&#39;</strong></span> 
     </span>
    </p>
   </div>
   <div class='ocr_carea' id='block_1_31' title="bbox 2168 1476 2257 1519">
    <p class='ocr_par' dir='ltr' id='par_1_31' title="bbox 2168 1476 2257 1519">
     <span class='ocr_line' id='line_1_31' title="bbox 2168 1476 2257 1519; baseline 0 0"><span class='ocrx_word' id='word_1_208' title='bbox 2168 1476 2257 1519; x_wconf 74' lang='grc' dir='ltr'>ην.</span> 
     </span>
    </p>
   </div>
   <div class='ocr_carea' id='block_1_32' title="bbox 2251 1537 3805 1618">
    <p class='ocr_par' dir='ltr' id='par_1_32' title="bbox 2251 1537 3805 1618">
     <span class='ocr_line' id='line_1_32' title="bbox 2251 1537 3805 1618; baseline -0.004 -20"><span class='ocrx_word' id='word_1_209' title='bbox 2251 1541 2377 1616; x_wconf 73' lang='grc' dir='ltr'>ις’.</span> <span class='ocrx_word' id='word_1_210' title='bbox 2445 1541 2602 1605; x_wconf 76' lang='grc' dir='ltr'>Εἰδὼς</span> <span class='ocrx_word' id='word_1_211' title='bbox 2651 1538 2706 1597; x_wconf 81' lang='grc' dir='ltr'>δὲ</span> <span class='ocrx_word' id='word_1_212' title='bbox 2751 1544 2779 1597; x_wconf 98' lang='lat'><strong>6</strong></span> <span class='ocrx_word' id='word_1_213' title='bbox 2838 1540 3008 1618; x_wconf 59' lang='grc' dir='ltr'>μέγας</span> <span class='ocrx_word' id='word_1_214' title='bbox 3065 1537 3147 1597; x_wconf 69' lang='grc' dir='ltr'><strong>ὅτι</strong></span> <span class='ocrx_word' id='word_1_215' title='bbox 3206 1553 3322 1601; x_wconf 82' lang='grc' dir='ltr'>τοῖς</span> <span class='ocrx_word' id='word_1_216' title='bbox 3367 1540 3504 1595; x_wconf 69' lang='grc' dir='ltr'>κατὰ</span> <span class='ocrx_word' id='word_1_217' title='bbox 3554 1540 3681 1595; x_wconf 81' lang='grc' dir='ltr'>Θεὸν</span> <span class='ocrx_word' id='word_1_218' title='bbox 3718 1542 3805 1614; x_wconf 83' lang='grc' dir='ltr'>ζῇν</span> 
     </span>
    </p>
   </div>
   <div class='ocr_carea' id='block_1_33' title="bbox 2171 1628 3806 1710">
    <p class='ocr_par' dir='ltr' id='par_1_33' title="bbox 2171 1628 3806 1710">
     <span class='ocr_line' id='line_1_33' title="bbox 2171 1628 3806 1710; baseline -0.004 -23"><span class='ocrx_word' id='word_1_219' title='bbox 2171 1630 2448 1706; x_wconf 80' lang='grc' dir='ltr'>ἑλομένοις</span> <span class='ocrx_word' id='word_1_220' title='bbox 2505 1628 2653 1688; x_wconf 70' lang='grc' dir='ltr'>οόδὲν</span> <span class='ocrx_word' id='word_1_221' title='bbox 2684 1630 2848 1695; x_wconf 79' lang='grc' dir='ltr'>οὕτως</span> <span class='ocrx_word' id='word_1_222' title='bbox 2892 1631 3137 1710; x_wconf 83' lang='grc' dir='ltr'>ἀτεχνῶς</span> <span class='ocrx_word' id='word_1_223' title='bbox 3189 1629 3321 1708; x_wconf 70' lang='grc' dir='ltr'>πρὸς</span> <span class='ocrx_word' id='word_1_224' title='bbox 3377 1630 3440 1685; x_wconf 81' lang='grc' dir='ltr'>τὸ</span> <span class='ocrx_word' id='word_1_225' title='bbox 3470 1629 3558 1684; x_wconf 86' lang='grc' dir='ltr'><strong>καὶ</strong></span> <span class='ocrx_word' id='word_1_226' title='bbox 3613 1628 3806 1697; x_wconf 77' lang='grc' dir='ltr'>κτήσα-</span> 
     </span>
    </p>
   </div>
   <div class='ocr_carea' id='block_1_34' title="bbox 2171 1717 3806 1799">
    <p class='ocr_par' dir='ltr' id='par_1_34' title="bbox 2171 1717 3806 1799">
     <span class='ocr_line' id='line_1_34' title="bbox 2171 1717 3806 1799; baseline -0.004 -22"><span class='ocrx_word' id='word_1_227' title='bbox 2171 1724 2289 1777; x_wconf 85' lang='grc' dir='ltr'>σθαι</span> <span class='ocrx_word' id='word_1_228' title='bbox 2347 1722 2566 1799; x_wconf 73' lang='grc' dir='ltr'>ἀρετὴν,</span> <span class='ocrx_word' id='word_1_229' title='bbox 2627 1721 2717 1776; x_wconf 80' lang='grc' dir='ltr'><strong>καί</strong></span> <span class='ocrx_word' id='word_1_230' title='bbox 2780 1717 3001 1798; x_wconf 80' lang='grc' dir='ltr'>φυλάξαι</span> <span class='ocrx_word' id='word_1_231' title='bbox 3060 1722 3407 1790; x_wconf 73' lang='grc' dir='ltr'>κτησθεῖσαν,</span> <span class='ocrx_word' id='word_1_232' title='bbox 3474 1720 3545 1779; x_wconf 83' lang='grc' dir='ltr'>ὡς</span> <span class='ocrx_word' id='word_1_233' title='bbox 3599 1717 3806 1791; x_wconf 78' lang='grc' dir='ltr'>μνήμην</span> 
     </span>
    </p>
   </div>
   <div class='ocr_carea' id='block_1_35' title="bbox 436 1793 2080 1888">
    <p class='ocr_par' dir='ltr' id='par_1_35' title="bbox 436 1793 2080 1888">
     <span class='ocr_line' id='line_1_35' title="bbox 436 1793 2080 1888; baseline -0.001 -16"><span class='ocrx_word' id='word_1_234' title='bbox 436 1793 507 1872; x_wconf 70' lang='lat' dir='ltr'><strong>ac</strong></span> <span class='ocrx_word' id='word_1_235' title='bbox 560 1808 770 1870; x_wconf 90' lang='lat' dir='ltr'><strong>mortis</strong></span> <span class='ocrx_word' id='word_1_236' title='bbox 800 1807 1110 1881; x_wconf 86' lang='lat' dir='ltr'><strong>memoria,</strong></span> <span class='ocrx_word' id='word_1_237' title='bbox 1145 1825 1277 1886; x_wconf 88' lang='lat' dir='ltr'><strong>quae</strong></span> <span class='ocrx_word' id='word_1_238' title='bbox 1318 1793 1493 1868; x_wconf 78' lang='lat' dir='ltr'><strong>etiam</strong></span> <span class='ocrx_word' id='word_1_239' title='bbox 1528 1825 1663 1868; x_wconf 87' lang='lat' dir='ltr'><strong>vera</strong></span> <span class='ocrx_word' id='word_1_240' title='bbox 1714 1808 2080 1888; x_wconf 82' lang='lat' dir='ltr'><strong>philosophia</strong></span> 
     </span>
    </p>
   </div>
   <div class='ocr_carea' id='block_1_36' title="bbox 2168 1793 3807 1888">
    <p class='ocr_par' dir='ltr' id='par_1_36' title="bbox 2172 1804 3807 1888">
     <span class='ocr_line' id='line_1_36' title="bbox 2172 1804 3807 1888; baseline -0.004 -21"><span class='ocrx_word' id='word_1_241' title='bbox 2172 1810 2394 1867; x_wconf 75' lang='grc' dir='ltr'>θανάτου</span> <span class='ocrx_word' id='word_1_242' title='bbox 2453 1822 2726 1888; x_wconf 71' lang='grc' dir='ltr'><strong>συνεργεῖν</strong></span> <span class='ocrx_word' id='word_1_243' title='bbox 2769 1807 3004 1881; x_wconf 80' lang='grc' dir='ltr'>δύναται,</span> <span class='ocrx_word' id='word_1_244' title='bbox 3040 1807 3076 1875; x_wconf 74' lang='grc' dir='ltr'><strong>ἢ</strong></span> <span class='ocrx_word' id='word_1_245' title='bbox 3134 1810 3221 1865; x_wconf 77' lang='grc' dir='ltr'><strong>κᾶὶ</strong></span> <span class='ocrx_word' id='word_1_246' title='bbox 3279 1806 3484 1874; x_wconf 79' lang='grc' dir='ltr'>ἀληθὴς</span> <span class='ocrx_word' id='word_1_247' title='bbox 3541 1804 3807 1886; x_wconf 71' lang='grc' dir='ltr'>φιλοσοφία</span> 
     </span>
    </p>
   </div>
   <div class='ocr_carea' id='block_1_37' title="bbox 437 1894 2084 1978">
    <p class='ocr_par' dir='ltr' id='par_1_37' title="bbox 437 1894 2084 1978">
     <span class='ocr_line' id='line_1_37' title="bbox 437 1894 2084 1978; baseline -0.001 -18"><span class='ocrx_word' id='word_1_248' title='bbox 437 1906 499 1960; x_wconf 92' lang='lat' dir='ltr'><strong>et</strong></span> <span class='ocrx_word' id='word_1_249' title='bbox 553 1897 774 1959; x_wconf 86' lang='lat' dir='ltr'><strong>dicitur</strong></span> <span class='ocrx_word' id='word_1_250' title='bbox 820 1904 879 1957; x_wconf 90' lang='lat' dir='ltr'><strong>et</strong></span> <span class='ocrx_word' id='word_1_251' title='bbox 929 1894 1245 1970; x_wconf 84' lang='lat' dir='ltr'><strong>creditur;</strong></span> <span class='ocrx_word' id='word_1_252' title='bbox 1291 1896 1430 1977; x_wconf 91' lang='lat' dir='ltr'><strong>quid</strong></span> <span class='ocrx_word' id='word_1_253' title='bbox 1483 1895 1675 1958; x_wconf 86' lang='lat' dir='ltr'><strong>facit?</strong></span> <span class='ocrx_word' id='word_1_254' title='bbox 1732 1896 2084 1978; x_wconf 88' lang='lat' dir='ltr'><strong>Sepulcrum</strong></span> 
     </span>
    </p>
   </div>
   <div class='ocr_carea' id='block_1_38' title="bbox 431 1984 2085 2070">
    <p class='ocr_par' dir='ltr' id='par_1_38' title="bbox 431 1984 2085 2070">
     <span class='ocr_line' id='line_1_38' title="bbox 431 1984 2085 2070; baseline -0.002 -19"><span class='ocrx_word' id='word_1_255' title='bbox 431 1990 555 2070; x_wconf 81' lang='lat' dir='ltr'><strong>jam</strong></span> <span class='ocrx_word' id='word_1_256' title='bbox 616 1994 968 2048; x_wconf 84' lang='lat' dir='ltr'><strong>construere</strong></span> <span class='ocrx_word' id='word_1_257' title='bbox 996 1985 1090 2045; x_wconf 88' lang='lat' dir='ltr'><strong>his</strong></span> <span class='ocrx_word' id='word_1_258' title='bbox 1122 1984 1246 2046; x_wconf 91' lang='lat' dir='ltr'><strong>suis</strong></span> <span class='ocrx_word' id='word_1_259' title='bbox 1268 1984 1444 2065; x_wconf 89' lang='lat' dir='ltr'><strong>jubet</strong></span> <span class='ocrx_word' id='word_1_260' title='bbox 1501 1984 1813 2065; x_wconf 90' lang='lat' dir='ltr'><strong>discipulis</strong></span> <span class='ocrx_word' id='word_1_261' title='bbox 1848 2007 1861 2049; x_wconf 91' lang='lat'><strong>:</strong></span> <span class='ocrx_word' id='word_1_262' title='bbox 1911 1987 2085 2048; x_wconf 90' lang='lat' dir='ltr'><strong>simul</strong></span> 
     </span>
    </p>
   </div>
   <div class='ocr_carea' id='block_1_39' title="bbox 435 2074 2088 2159">
    <p class='ocr_par' dir='ltr' id='par_1_39' title="bbox 435 2074 2088 2159">
     <span class='ocr_line' id='line_1_39' title="bbox 435 2074 2088 2159; baseline -0.002 -20"><span class='ocrx_word' id='word_1_263' title='bbox 435 2076 679 2159; x_wconf 85' lang='lat' dir='ltr'><strong>quidem</strong></span> <span class='ocrx_word' id='word_1_264' title='bbox 729 2083 797 2137; x_wconf 92' lang='lat' dir='ltr'><strong>ut</strong></span> <span class='ocrx_word' id='word_1_265' title='bbox 823 2074 954 2154; x_wconf 88' lang='lat' dir='ltr'><strong>ejus</strong></span> <span class='ocrx_word' id='word_1_266' title='bbox 1011 2082 1173 2136; x_wconf 87' lang='lat' dir='ltr'><strong>esset</strong></span> <span class='ocrx_word' id='word_1_267' title='bbox 1233 2083 1685 2135; x_wconf 89' lang='lat' dir='ltr'><strong>monumentum</strong></span> <span class='ocrx_word' id='word_1_268' title='bbox 1738 2074 1897 2151; x_wconf 77' lang='lat' dir='ltr'><strong>finis,</strong></span> <span class='ocrx_word' id='word_1_269' title='bbox 1934 2080 2088 2139; x_wconf 78' lang='lat' dir='ltr'><strong>sicut</strong></span> 
     </span>
    </p>
   </div>
   <div class='ocr_carea' id='block_1_40' title="bbox 431 2163 2083 2244">
    <p class='ocr_par' dir='ltr' id='par_1_40' title="bbox 431 2163 2083 2244">
     <span class='ocr_line' id='line_1_40' title="bbox 431 2163 2083 2244; baseline -0.001 -15"><span class='ocrx_word' id='word_1_270' title='bbox 431 2168 612 2230; x_wconf 90' lang='lat' dir='ltr'><strong>etiam</strong></span> <span class='ocrx_word' id='word_1_271' title='bbox 662 2174 930 2241; x_wconf 85' lang='lat' dir='ltr'><strong>vocatur,</strong></span> <span class='ocrx_word' id='word_1_272' title='bbox 963 2172 1023 2225; x_wconf 89' lang='lat' dir='ltr'><strong>et</strong></span> <span class='ocrx_word' id='word_1_273' title='bbox 1052 2163 1139 2225; x_wconf 89' lang='lat' dir='ltr'><strong>sic</strong></span> <span class='ocrx_word' id='word_1_274' title='bbox 1170 2182 1276 2225; x_wconf 89' lang='lat' dir='ltr'><strong>eos</strong></span> <span class='ocrx_word' id='word_1_275' title='bbox 1334 2164 1520 2244; x_wconf 72' lang='lat' dir='ltr'><strong>magis</strong></span> <span class='ocrx_word' id='word_1_276' title='bbox 1549 2164 1836 2227; x_wconf 80' lang='lat' dir='ltr'><strong>excitaret</strong></span> <span class='ocrx_word' id='word_1_277' title='bbox 1867 2164 1940 2227; x_wconf 91' lang='lat' dir='ltr'><strong>ad</strong></span> <span class='ocrx_word' id='word_1_278' title='bbox 1970 2164 2083 2228; x_wconf 89' lang='lat' dir='ltr'><strong>de-</strong></span> 
     </span>
    </p>
   </div>
   <div class='ocr_carea' id='block_1_41' title="bbox 432 2252 2082 2331">
    <p class='ocr_par' dir='ltr' id='par_1_41' title="bbox 432 2252 2082 2331">
     <span class='ocr_line' id='line_1_41' title="bbox 432 2252 2082 2331; baseline -0.002 -11"><span class='ocrx_word' id='word_1_279' title='bbox 432 2255 804 2331; x_wconf 87' lang='lat' dir='ltr'><strong>certandum,</strong></span> <span class='ocrx_word' id='word_1_280' title='bbox 834 2262 891 2315; x_wconf 90' lang='lat' dir='ltr'><strong>et</strong></span> <span class='ocrx_word' id='word_1_281' title='bbox 920 2253 1267 2331; x_wconf 75' lang='lat' dir='ltr'><strong>diligentius</strong></span> <span class='ocrx_word' id='word_1_282' title='bbox 1299 2253 1633 2316; x_wconf 86' lang='lat' dir='ltr'><strong>stimularet</strong></span> <span class='ocrx_word' id='word_1_283' title='bbox 1655 2252 1728 2315; x_wconf 83' lang='lat' dir='ltr'><strong>ad</strong></span> <span class='ocrx_word' id='word_1_284' title='bbox 1760 2254 2037 2317; x_wconf 83' lang='lat' dir='ltr'><strong>virtutem</strong></span> <span class='ocrx_word' id='word_1_285' title='bbox 2066 2276 2082 2331; x_wconf 87' lang='lat'><strong>;</strong></span> 
     </span>
    </p>
   </div>
   <div class='ocr_carea' id='block_1_42' title="bbox 430 2342 2081 2425">
    <p class='ocr_par' dir='ltr' id='par_1_42' title="bbox 430 2342 2081 2425">
     <span class='ocr_line' id='line_1_42' title="bbox 430 2342 2081 2425; baseline -0.001 -17"><span class='ocrx_word' id='word_1_286' title='bbox 430 2356 490 2408; x_wconf 91' lang='lat' dir='ltr'><strong>et</strong></span> <span class='ocrx_word' id='word_1_287' title='bbox 512 2345 692 2407; x_wconf 90' lang='lat' dir='ltr'><strong>simul</strong></span> <span class='ocrx_word' id='word_1_288' title='bbox 724 2350 903 2407; x_wconf 87' lang='lat' dir='ltr'><strong>etiam</strong></span> <span class='ocrx_word' id='word_1_289' title='bbox 940 2352 999 2405; x_wconf 88' lang='lat' dir='ltr'><strong>et</strong></span> <span class='ocrx_word' id='word_1_290' title='bbox 1031 2351 1298 2405; x_wconf 90' lang='lat' dir='ltr'><strong>mortuos</strong></span> <span class='ocrx_word' id='word_1_291' title='bbox 1322 2342 1620 2423; x_wconf 86' lang='lat' dir='ltr'><strong>acciperet</strong></span> <span class='ocrx_word' id='word_1_292' title='bbox 1659 2366 1675 2416; x_wconf 87' lang='lat'><strong>;</strong></span> <span class='ocrx_word' id='word_1_293' title='bbox 1736 2343 1877 2425; x_wconf 89' lang='lat' dir='ltr'><strong>quin</strong></span> <span class='ocrx_word' id='word_1_294' title='bbox 1906 2344 2081 2406; x_wconf 88' lang='lat' dir='ltr'><strong>etiam</strong></span> 
     </span>
    </p>
   </div>
   <div class='ocr_carea' id='block_1_43' title="bbox 430 2431 2081 2515">
    <p class='ocr_par' dir='ltr' id='par_1_43' title="bbox 430 2431 2081 2515">
     <span class='ocr_line' id='line_1_43' title="bbox 430 2431 2081 2515; baseline -0.001 -17"><span class='ocrx_word' id='word_1_295' title='bbox 430 2435 536 2498; x_wconf 92' lang='lat' dir='ltr'><strong>ille</strong></span> <span class='ocrx_word' id='word_1_296' title='bbox 592 2451 665 2497; x_wconf 81' lang='lat' dir='ltr'><strong>ex</strong></span> <span class='ocrx_word' id='word_1_297' title='bbox 696 2431 913 2495; x_wconf 88' lang='lat' dir='ltr'><strong>futuris</strong></span> <span class='ocrx_word' id='word_1_298' title='bbox 942 2431 1163 2513; x_wconf 85' lang='lat' dir='ltr'><strong>aliquid</strong></span> <span class='ocrx_word' id='word_1_299' title='bbox 1214 2432 1549 2515; x_wconf 87' lang='lat' dir='ltr'><strong>praevidens</strong></span> <span class='ocrx_word' id='word_1_300' title='bbox 1578 2442 1635 2494; x_wconf 92' lang='lat' dir='ltr'><strong>et</strong></span> <span class='ocrx_word' id='word_1_301' title='bbox 1669 2435 2033 2515; x_wconf 72' lang='lat' dir='ltr'><strong>praesagiens</strong></span> <span class='ocrx_word' id='word_1_302' title='bbox 2065 2453 2081 2515; x_wconf 91' lang='lat'><strong>;</strong></span> 
     </span>
    </p>
   </div>
   <div class='ocr_carea' id='block_1_44' title="bbox 422 2521 2085 2607">
    <p class='ocr_par' dir='ltr' id='par_1_44' title="bbox 422 2521 2085 2607">
     <span class='ocr_line' id='line_1_44' title="bbox 422 2521 2085 2607; baseline -0.002 -19"><span class='ocrx_word' id='word_1_303' title='bbox 422 2527 549 2607; x_wconf 90' lang='lat' dir='ltr'><strong>jam</strong></span> <span class='ocrx_word' id='word_1_304' title='bbox 600 2524 760 2587; x_wconf 91' lang='lat' dir='ltr'><strong>enim</strong></span> <span class='ocrx_word' id='word_1_305' title='bbox 794 2523 922 2585; x_wconf 67' lang='lat' dir='ltr'><strong>haec</strong></span> <span class='ocrx_word' id='word_1_306' title='bbox 976 2522 1339 2585; x_wconf 85' lang='lat' dir='ltr'><strong>charismata</strong></span> <span class='ocrx_word' id='word_1_307' title='bbox 1364 2530 1422 2584; x_wconf 90' lang='lat' dir='ltr'><strong>et</strong></span> <span class='ocrx_word' id='word_1_308' title='bbox 1451 2521 1668 2603; x_wconf 80' lang='lat' dir='ltr'><strong>gradus</strong></span> <span class='ocrx_word' id='word_1_309' title='bbox 1694 2524 1994 2603; x_wconf 75' lang='lat' dir='ltr'><strong>attigeret,</strong></span> <span class='ocrx_word' id='word_1_310' title='bbox 2025 2524 2085 2584; x_wconf 91' lang='lat' dir='ltr'><strong>in</strong></span> 
     </span>
    </p>
   </div>
   <div class='ocr_carea' id='block_1_45' title="bbox 431 2611 2082 2693">
    <p class='ocr_par' dir='ltr' id='par_1_45' title="bbox 431 2611 2082 2693">
     <span class='ocr_line' id='line_1_45' title="bbox 431 2611 2082 2693; baseline -0.001 -17"><span class='ocrx_word' id='word_1_311' title='bbox 431 2616 563 2679; x_wconf 88' lang='lat' dir='ltr'><strong>luce</strong></span> <span class='ocrx_word' id='word_1_312' title='bbox 592 2613 795 2691; x_wconf 75' lang='lat' dir='ltr'><strong>gratim</strong></span> <span class='ocrx_word' id='word_1_313' title='bbox 823 2612 1022 2673; x_wconf 87' lang='lat' dir='ltr'><strong>lucem</strong></span> <span class='ocrx_word' id='word_1_314' title='bbox 1079 2611 1310 2675; x_wconf 90' lang='lat' dir='ltr'><strong>videns.</strong></span> <span class='ocrx_word' id='word_1_315' title='bbox 1352 2611 1503 2685; x_wconf 83' lang='lat' dir='ltr'><strong>Quid</strong></span> <span class='ocrx_word' id='word_1_316' title='bbox 1538 2619 1734 2673; x_wconf 90' lang='lat' dir='ltr'><strong>autem</strong></span> <span class='ocrx_word' id='word_1_317' title='bbox 1771 2620 1898 2674; x_wconf 90' lang='lat' dir='ltr'><strong>erat</strong></span> <span class='ocrx_word' id='word_1_318' title='bbox 1926 2612 2082 2693; x_wconf 87' lang='lat' dir='ltr'><strong>quod</strong></span> 
     </span>
    </p>
   </div>
   <div class='ocr_carea' id='block_1_46' title="bbox 2169 1893 3804 1978">
    <p class='ocr_par' dir='ltr' id='par_1_46' title="bbox 2169 1893 3804 1978">
     <span class='ocr_line' id='line_1_46' title="bbox 2169 1893 3804 1978; baseline -0.004 -22"><span class='ocrx_word' id='word_1_319' title='bbox 2169 1898 2380 1978; x_wconf 86' lang='grc' dir='ltr'>λέγεται</span> <span class='ocrx_word' id='word_1_320' title='bbox 2436 1900 2523 1956; x_wconf 82' lang='grc' dir='ltr'><strong>καὶ</strong></span> <span class='ocrx_word' id='word_1_321' title='bbox 2572 1899 2898 1972; x_wconf 84' lang='grc' dir='ltr'>πιστεύεται,</span> <span class='ocrx_word' id='word_1_322' title='bbox 2932 1899 2981 1954; x_wconf 89' lang='grc' dir='ltr'><strong>τί</strong></span> <span class='ocrx_word' id='word_1_323' title='bbox 3023 1911 3224 1968; x_wconf 76' lang='grc' dir='ltr'>ποιεῖς</span> <span class='ocrx_word' id='word_1_324' title='bbox 3284 1897 3451 1977; x_wconf 73' lang='grc' dir='ltr'>τάφον</span> <span class='ocrx_word' id='word_1_325' title='bbox 3507 1893 3608 1962; x_wconf 69' lang='grc' dir='ltr'>ἤδη</span> <span class='ocrx_word' id='word_1_326' title='bbox 3642 1917 3804 1951; x_wconf 82' lang='grc' dir='ltr'>κατα-</span> 
     </span>
    </p>
   </div>
   <div class='ocr_carea' id='block_1_47' title="bbox 2168 1984 3803 2064">
    <p class='ocr_par' dir='ltr' id='par_1_47' title="bbox 2168 1984 3803 2064">
     <span class='ocr_line' id='line_1_47' title="bbox 2168 1984 3803 2064; baseline -0.004 -19"><span class='ocrx_word' id='word_1_327' title='bbox 2168 1989 2419 2045; x_wconf 80' lang='grc' dir='ltr'>σκευάσαι</span> <span class='ocrx_word' id='word_1_328' title='bbox 2476 2001 2592 2053; x_wconf 85' lang='grc' dir='ltr'>τοῖς</span> <span class='ocrx_word' id='word_1_329' title='bbox 2651 1988 2863 2050; x_wconf 77' lang='grc' dir='ltr'>οἰκείοις</span> <span class='ocrx_word' id='word_1_330' title='bbox 2932 1987 3139 2052; x_wconf 77' lang='grc' dir='ltr'>τούτοις</span> <span class='ocrx_word' id='word_1_331' title='bbox 3198 1989 3470 2061; x_wconf 84' lang='grc' dir='ltr'>μαθηταῖς</span> <span class='ocrx_word' id='word_1_332' title='bbox 3525 1984 3803 2064; x_wconf 70' lang='grc' dir='ltr'>ἐπιτρέπει,</span> 
     </span>
    </p>
   </div>
   <div class='ocr_carea' id='block_1_48' title="bbox 2166 2072 3803 2154">
    <p class='ocr_par' dir='ltr' id='par_1_48' title="bbox 2166 2072 3803 2154">
     <span class='ocr_line' id='line_1_48' title="bbox 2166 2072 3803 2154; baseline -0.004 -19"><span class='ocrx_word' id='word_1_333' title='bbox 2166 2079 2278 2152; x_wconf 77' lang='grc' dir='ltr'>ἅμα</span> <span class='ocrx_word' id='word_1_334' title='bbox 2322 2079 2420 2154; x_wconf 80' lang='grc' dir='ltr'>μὲν</span> <span class='ocrx_word' id='word_1_335' title='bbox 2449 2078 2541 2135; x_wconf 71' lang='grc' dir='ltr'>’ἕνα</span> <span class='ocrx_word' id='word_1_336' title='bbox 2594 2091 2862 2153; x_wconf 75' lang='grc' dir='ltr'>μνημεῖον</span> <span class='ocrx_word' id='word_1_337' title='bbox 2892 2076 3107 2149; x_wconf 68' lang='grc' dir='ltr'>αὐτοῖς,</span> <span class='ocrx_word' id='word_1_338' title='bbox 3141 2076 3321 2153; x_wconf 79' lang='grc' dir='ltr'>ὥσπερ</span> <span class='ocrx_word' id='word_1_339' title='bbox 3364 2074 3431 2143; x_wconf 83' lang='grc' dir='ltr'><strong>δη</strong></span> <span class='ocrx_word' id='word_1_340' title='bbox 3476 2076 3562 2132; x_wconf 82' lang='grc' dir='ltr'><strong>καὶ</strong></span> <span class='ocrx_word' id='word_1_341' title='bbox 3618 2072 3803 2131; x_wconf 84' lang='grc' dir='ltr'>καλεῖ-</span> 
     </span>
    </p>
   </div>
   <div class='ocr_carea' id='block_1_49' title="bbox 2167 2163 3805 2248">
    <p class='ocr_par' dir='ltr' id='par_1_49' title="bbox 2167 2163 3805 2248">
     <span class='ocr_line' id='line_1_49' title="bbox 2167 2163 3805 2248; baseline -0.004 -24"><span class='ocrx_word' id='word_1_342' title='bbox 2167 2190 2279 2248; x_wconf 78' lang='grc' dir='ltr'>ται,</span> <span class='ocrx_word' id='word_1_343' title='bbox 2337 2170 2431 2224; x_wconf 78' lang='grc' dir='ltr'>τοῦ</span> <span class='ocrx_word' id='word_1_344' title='bbox 2487 2166 2669 2232; x_wconf 78' lang='grc' dir='ltr'>τέλους</span> <span class='ocrx_word' id='word_1_345' title='bbox 2732 2167 2968 2245; x_wconf 83' lang='grc' dir='ltr'>γίνηται,</span> <span class='ocrx_word' id='word_1_346' title='bbox 3014 2169 3103 2223; x_wconf 84' lang='grc' dir='ltr'><strong>καὶ</strong></span> <span class='ocrx_word' id='word_1_347' title='bbox 3162 2166 3300 2223; x_wconf 78' lang='grc' dir='ltr'>οὕτω</span> <span class='ocrx_word' id='word_1_348' title='bbox 3365 2165 3572 2241; x_wconf 83' lang='grc' dir='ltr'>μᾶλλον</span> <span class='ocrx_word' id='word_1_349' title='bbox 3633 2163 3805 2225; x_wconf 74' lang='grc' dir='ltr'>αὐτοὺς</span> 
     </span>
    </p>
   </div>
   <div class='ocr_carea' id='block_1_50' title="bbox 2166 2254 3805 2337">
    <p class='ocr_par' dir='ltr' id='par_1_50' title="bbox 2166 2254 3805 2337">
     <span class='ocr_line' id='line_1_50' title="bbox 2166 2254 3805 2337; baseline -0.003 -24"><span class='ocrx_word' id='word_1_350' title='bbox 2166 2257 2482 2335; x_wconf 70' lang='grc' dir='ltr'>ἐναγωνίους</span> <span class='ocrx_word' id='word_1_351' title='bbox 2541 2263 2696 2337; x_wconf 80' lang='grc' dir='ltr'>ποιῇ,</span> <span class='ocrx_word' id='word_1_352' title='bbox 2753 2258 2841 2313; x_wconf 79' lang='grc' dir='ltr'><strong>καὶ</strong></span> <span class='ocrx_word' id='word_1_353' title='bbox 2902 2257 3145 2334; x_wconf 75' lang='grc' dir='ltr'>κεντρίζη</span> <span class='ocrx_word' id='word_1_354' title='bbox 3207 2258 3338 2335; x_wconf 77' lang='grc' dir='ltr'>πρὸς</span> <span class='ocrx_word' id='word_1_355' title='bbox 3394 2256 3591 2335; x_wconf 76' lang='grc' dir='ltr'>ἀρετὴν</span> <span class='ocrx_word' id='word_1_356' title='bbox 3644 2254 3805 2329; x_wconf 76' lang='grc' dir='ltr'>ἐμπο-</span> 
     </span>
    </p>
   </div>
   <div class='ocr_carea' id='block_1_51' title="bbox 2167 2341 3807 2424">
    <p class='ocr_par' dir='ltr' id='par_1_51' title="bbox 2167 2341 3807 2424">
     <span class='ocr_line' id='line_1_51' title="bbox 2167 2341 3807 2424; baseline -0.004 -22"><span class='ocrx_word' id='word_1_357' title='bbox 2167 2347 2418 2422; x_wconf 83' lang='grc' dir='ltr'>νώτερον,</span> <span class='ocrx_word' id='word_1_358' title='bbox 2469 2347 2583 2422; x_wconf 79' lang='grc' dir='ltr'>ἅμα</span> <span class='ocrx_word' id='word_1_359' title='bbox 2638 2346 2693 2403; x_wconf 71' lang='grc' dir='ltr'>δὲ</span> <span class='ocrx_word' id='word_1_360' title='bbox 2732 2348 2820 2402; x_wconf 85' lang='grc' dir='ltr'><strong>καὶ</strong></span> <span class='ocrx_word' id='word_1_361' title='bbox 2878 2350 3206 2413; x_wconf 74' lang='grc' dir='ltr'>θνήσκοντας</span> <span class='ocrx_word' id='word_1_362' title='bbox 3266 2343 3609 2424; x_wconf 74' lang='grc' dir='ltr'>ὑποδέχοιτο·</span> <span class='ocrx_word' id='word_1_363' title='bbox 3675 2341 3807 2409; x_wconf 77' lang='grc' dir='ltr'>πλὴν</span> 
     </span>
    </p>
   </div>
   <div class='ocr_carea' id='block_1_52' title="bbox 2169 2431 3809 2514">
    <p class='ocr_par' dir='ltr' id='par_1_52' title="bbox 2169 2431 3809 2514">
     <span class='ocr_line' id='line_1_52' title="bbox 2169 2431 3809 2514; baseline -0.004 -22"><span class='ocrx_word' id='word_1_364' title='bbox 2169 2435 2306 2492; x_wconf 82' lang='grc' dir='ltr'>ἀλλὰ</span> <span class='ocrx_word' id='word_1_365' title='bbox 2363 2437 2450 2494; x_wconf 83' lang='grc' dir='ltr'><strong>καὶ</strong></span> <span class='ocrx_word' id='word_1_366' title='bbox 2500 2434 2813 2514; x_wconf 79' lang='grc' dir='ltr'>προϐλέπων</span> <span class='ocrx_word' id='word_1_367' title='bbox 2859 2458 2911 2492; x_wconf 88' lang='grc' dir='ltr'><strong>τι</strong></span> <span class='ocrx_word' id='word_1_368' title='bbox 2960 2441 3066 2491; x_wconf 81' lang='grc' dir='ltr'>τῶν</span> <span class='ocrx_word' id='word_1_369' title='bbox 3123 2434 3435 2513; x_wconf 73' lang='grc' dir='ltr'>μελλόντων</span> <span class='ocrx_word' id='word_1_370' title='bbox 3476 2434 3697 2508; x_wconf 74' lang='grc' dir='ltr'>ἐκεῖνος,</span> <span class='ocrx_word' id='word_1_371' title='bbox 3728 2431 3809 2488; x_wconf 85' lang='grc' dir='ltr'><strong>καὶ</strong></span> 
     </span>
    </p>
   </div>
   <div class='ocr_carea' id='block_1_53' title="bbox 2170 2524 3809 2605">
    <p class='ocr_par' dir='ltr' id='par_1_53' title="bbox 2170 2524 3809 2605">
     <span class='ocr_line' id='line_1_53' title="bbox 2170 2524 3809 2605; baseline -0.005 -22"><span class='ocrx_word' id='word_1_372' title='bbox 2170 2528 2585 2605; x_wconf 73' lang='grc' dir='ltr'>προνοούμενος,</span> <span class='ocrx_word' id='word_1_373' title='bbox 2652 2524 2755 2593; x_wconf 69' lang='grc' dir='ltr'>ἤδη</span> <span class='ocrx_word' id='word_1_374' title='bbox 2823 2526 2923 2603; x_wconf 79' lang='grc' dir='ltr'><strong>γὰρ</strong></span> <span class='ocrx_word' id='word_1_375' title='bbox 2991 2529 3079 2582; x_wconf 83' lang='grc' dir='ltr'>καὶ</span> <span class='ocrx_word' id='word_1_376' title='bbox 3151 2525 3506 2605; x_wconf 74' lang='grc' dir='ltr'>χαρισμάτων</span> <span class='ocrx_word' id='word_1_377' title='bbox 3575 2524 3809 2580; x_wconf 78' lang='grc' dir='ltr'>τοιούτων</span> 
     </span>
    </p>
   </div>
   <div class='ocr_carea' id='block_1_54' title="bbox 2168 2614 3805 2695">
    <p class='ocr_par' dir='ltr' id='par_1_54' title="bbox 2168 2614 3805 2695">
     <span class='ocr_line' id='line_1_54' title="bbox 2168 2614 3805 2695; baseline -0.005 -22"><span class='ocrx_word' id='word_1_378' title='bbox 2168 2618 2253 2673; x_wconf 78' lang='grc' dir='ltr'><strong>καὶ</strong></span> <span class='ocrx_word' id='word_1_379' title='bbox 2297 2617 2514 2692; x_wconf 81' lang='grc' dir='ltr'>βαθμῶν</span> <span class='ocrx_word' id='word_1_380' title='bbox 2550 2614 2768 2694; x_wconf 63' lang='grc' dir='ltr'>ἥπτετο,</span> <span class='ocrx_word' id='word_1_381' title='bbox 2808 2614 2862 2672; x_wconf 71' lang='grc' dir='ltr'>ἐν</span> <span class='ocrx_word' id='word_1_382' title='bbox 2905 2616 3038 2695; x_wconf 67' lang='grc' dir='ltr'>φωτὶ</span> <span class='ocrx_word' id='word_1_383' title='bbox 3071 2615 3167 2682; x_wconf 78' lang='grc' dir='ltr'><strong>τῆς</strong></span> <span class='ocrx_word' id='word_1_384' title='bbox 3226 2616 3483 2692; x_wconf 82' lang='grc' dir='ltr'>γνώσεως</span> <span class='ocrx_word' id='word_1_385' title='bbox 3515 2614 3623 2693; x_wconf 77' lang='grc' dir='ltr'><strong>φῶς</strong></span> <span class='ocrx_word' id='word_1_386' title='bbox 3658 2614 3805 2690; x_wconf 82' lang='grc' dir='ltr'>ὁρῶν,</span> 
     </span>
    </p>
   </div>
   <div class='ocr_carea' id='block_1_55' title="bbox 429 2699 2080 2788">
    <p class='ocr_par' dir='ltr' id='par_1_55' title="bbox 429 2701 2080 2788">
     <span class='ocr_line' id='line_1_55' title="bbox 429 2701 2080 2788; baseline -0.002 -21"><span class='ocrx_word' id='word_1_387' title='bbox 429 2703 842 2788; x_wconf 78' lang='lat' dir='ltr'><strong>praesagiebat,</strong></span> <span class='ocrx_word' id='word_1_388' title='bbox 864 2705 986 2783; x_wconf 90' lang='lat' dir='ltr'><strong>jam</strong></span> <span class='ocrx_word' id='word_1_389' title='bbox 1011 2701 1251 2764; x_wconf 87' lang='lat' dir='ltr'><strong>declare</strong></span> <span class='ocrx_word' id='word_1_390' title='bbox 1280 2701 1626 2781; x_wconf 80' lang='lat' dir='ltr'><strong>aggreditur</strong></span> <span class='ocrx_word' id='word_1_391' title='bbox 1658 2703 1870 2766; x_wconf 86' lang='lat' dir='ltr'><strong>oratio.</strong></span> <span class='ocrx_word' id='word_1_392' title='bbox 1902 2702 2080 2764; x_wconf 85' lang='lat' dir='ltr'><strong>Para-</strong></span> 
     </span>
    </p>
   </div>
   <div class='ocr_carea' id='block_1_56' title="bbox 2168 2699 3803 2788">
    <p class='ocr_par' dir='ltr' id='par_1_56' title="bbox 2173 2699 3803 2781">
     <span class='ocr_line' id='line_1_56' title="bbox 2173 2699 3803 2781; baseline -0.005 -18"><span class='ocrx_word' id='word_1_393' title='bbox 2173 2709 2270 2763; x_wconf 85' lang='grc' dir='ltr'><strong>Καὶ</strong></span> <span class='ocrx_word' id='word_1_394' title='bbox 2327 2704 2456 2773; x_wconf 80' lang='grc' dir='ltr'>ὅπέρ</span> <span class='ocrx_word' id='word_1_395' title='bbox 2487 2704 2586 2781; x_wconf 77' lang='grc' dir='ltr'><strong>ἄρα</strong></span> <span class='ocrx_word' id='word_1_396' title='bbox 2642 2707 2703 2762; x_wconf 81' lang='grc' dir='ltr'><strong>τὸ</strong></span> <span class='ocrx_word' id='word_1_397' title='bbox 2735 2704 2932 2779; x_wconf 81' lang='grc' dir='ltr'>μνηθὲν</span> <span class='ocrx_word' id='word_1_398' title='bbox 2983 2704 3075 2779; x_wconf 80' lang='grc' dir='ltr'>ἦν,</span> <span class='ocrx_word' id='word_1_399' title='bbox 3110 2707 3138 2760; x_wconf 80' lang='grc' dir='ltr'><strong>ὁ</strong></span> <span class='ocrx_word' id='word_1_400' title='bbox 3168 2703 3327 2780; x_wconf 84' lang='grc' dir='ltr'>λόγος</span> <span class='ocrx_word' id='word_1_401' title='bbox 3357 2702 3463 2771; x_wconf 70' lang='grc' dir='ltr'>ἤδη</span> <span class='ocrx_word' id='word_1_402' title='bbox 3495 2702 3682 2770; x_wconf 82' lang='grc' dir='ltr'>δηλοῦν</span> <span class='ocrx_word' id='word_1_403' title='bbox 3722 2699 3803 2778; x_wconf 80' lang='grc' dir='ltr'><strong>ἕρ-</strong></span> 
     </span>
    </p>
   </div>
   <div class='ocr_carea' id='block_1_57' title="bbox 431 2789 2080 2872">
    <p class='ocr_par' dir='ltr' id='par_1_57' title="bbox 431 2789 2075 2870">
     <span class='ocr_line' id='line_1_57' title="bbox 431 2789 2075 2870; baseline -0.003 -14"><span class='ocrx_word' id='word_1_404' title='bbox 431 2806 556 2857; x_wconf 89' lang='lat' dir='ltr'><strong>tum</strong></span> <span class='ocrx_word' id='word_1_405' title='bbox 612 2793 771 2855; x_wconf 87' lang='lat' dir='ltr'><strong>enim</strong></span> <span class='ocrx_word' id='word_1_406' title='bbox 819 2806 946 2852; x_wconf 84' lang='lat' dir='ltr'><strong>erat</strong></span> <span class='ocrx_word' id='word_1_407' title='bbox 996 2790 1366 2868; x_wconf 86' lang='lat' dir='ltr'><strong>sepulcrum,</strong></span> <span class='ocrx_word' id='word_1_408' title='bbox 1415 2798 1473 2852; x_wconf 85' lang='lat' dir='ltr'><strong>et</strong></span> <span class='ocrx_word' id='word_1_409' title='bbox 1505 2789 1774 2852; x_wconf 83' lang='lat' dir='ltr'><strong>adstabat</strong></span> <span class='ocrx_word' id='word_1_410' title='bbox 1834 2790 2075 2870; x_wconf 88' lang='lat' dir='ltr'><strong>quidem</strong></span> 
     </span>
    </p>
   </div>
   <div class='ocr_carea' id='block_1_58' title="bbox 2168 2789 3804 2872">
    <p class='ocr_par' dir='ltr' id='par_1_58' title="bbox 2169 2790 3804 2872">
     <span class='ocr_line' id='line_1_58' title="bbox 2169 2790 3804 2872; baseline -0.002 -24"><span class='ocrx_word' id='word_1_411' title='bbox 2169 2813 2347 2872; x_wconf 84' lang='grc' dir='ltr'>χεται,</span> <span class='ocrx_word' id='word_1_412' title='bbox 2408 2793 2757 2871; x_wconf 74' lang='grc' dir='ltr'>Ηῦτρεπίζετο</span> <span class='ocrx_word' id='word_1_413' title='bbox 2829 2793 2928 2871; x_wconf 77' lang='grc' dir='ltr'><strong>γὰρ</strong></span> <span class='ocrx_word' id='word_1_414' title='bbox 3001 2795 3028 2849; x_wconf 89' lang='lat'><strong>6</strong></span> <span class='ocrx_word' id='word_1_415' title='bbox 3097 2792 3288 2871; x_wconf 77' lang='grc' dir='ltr'>τάφος,</span> <span class='ocrx_word' id='word_1_416' title='bbox 3364 2793 3456 2849; x_wconf 84' lang='grc' dir='ltr'><strong>καὶ</strong></span> <span class='ocrx_word' id='word_1_417' title='bbox 3528 2790 3804 2869; x_wconf 85' lang='grc' dir='ltr'>παρίστατο</span> 
     </span>
    </p>
   </div>
   <div class='ocr_carea' id='block_1_59' title="bbox 428 2877 2080 2963">
    <p class='ocr_par' dir='ltr' id='par_1_59' title="bbox 428 2877 2076 2963">
     <span class='ocr_line' id='line_1_59' title="bbox 428 2877 2076 2963; baseline -0.003 -19"><span class='ocrx_word' id='word_1_418' title='bbox 428 2884 558 2963; x_wconf 90' lang='lat' dir='ltr'><strong>ipse</strong></span> <span class='ocrx_word' id='word_1_419' title='bbox 588 2881 848 2959; x_wconf 88' lang='lat' dir='ltr'><strong>desuper</strong></span> <span class='ocrx_word' id='word_1_420' title='bbox 881 2897 897 2953; x_wconf 88' lang='lat'><strong>;</strong></span> <span class='ocrx_word' id='word_1_421' title='bbox 945 2877 1229 2958; x_wconf 88' lang='lat' dir='ltr'><strong>discipuli</strong></span> <span class='ocrx_word' id='word_1_422' title='bbox 1262 2885 1460 2940; x_wconf 91' lang='lat' dir='ltr'><strong>autem</strong></span> <span class='ocrx_word' id='word_1_423' title='bbox 1502 2878 1699 2958; x_wconf 91' lang='lat' dir='ltr'><strong>ipsum</strong></span> <span class='ocrx_word' id='word_1_424' title='bbox 1732 2879 2076 2942; x_wconf 90' lang='lat' dir='ltr'><strong>circumsis-</strong></span> 
     </span>
    </p>
   </div>
   <div class='ocr_carea' id='block_1_60' title="bbox 2168 2877 3802 2963">
    <p class='ocr_par' dir='ltr' id='par_1_60' title="bbox 2168 2879 3802 2960">
     <span class='ocr_line' id='line_1_60' title="bbox 2168 2879 3802 2960; baseline -0.002 -23"><span class='ocrx_word' id='word_1_425' title='bbox 2168 2883 2259 2956; x_wconf 79' lang='grc' dir='ltr'>μὲν</span> <span class='ocrx_word' id='word_1_426' title='bbox 2303 2883 2460 2945; x_wconf 70' lang='grc' dir='ltr'>αὒτὸς</span> <span class='ocrx_word' id='word_1_427' title='bbox 2516 2880 2735 2956; x_wconf 71' lang='grc' dir='ltr'>ἄνωθεν,</span> <span class='ocrx_word' id='word_1_428' title='bbox 2795 2883 2842 2939; x_wconf 79' lang='grc' dir='ltr'>οἱ</span> <span class='ocrx_word' id='word_1_429' title='bbox 2874 2884 3102 2958; x_wconf 83' lang='grc' dir='ltr'>μαθηναὶ</span> <span class='ocrx_word' id='word_1_430' title='bbox 3151 2879 3206 2938; x_wconf 72' lang='grc' dir='ltr'>δὲ</span> <span class='ocrx_word' id='word_1_431' title='bbox 3239 2883 3397 2939; x_wconf 72' lang='grc' dir='ltr'>αὐτὸν</span> <span class='ocrx_word' id='word_1_432' title='bbox 3459 2886 3802 2960; x_wconf 77' lang='grc' dir='ltr'>περιίσταντο,</span> 
     </span>
    </p>
   </div>
   <div class='ocr_carea' id='block_1_61' title="bbox 430 2965 2080 3048">
    <p class='ocr_par' dir='ltr' id='par_1_61' title="bbox 430 2965 2076 3042">
     <span class='ocr_line' id='line_1_61' title="bbox 430 2965 2076 3042; baseline -0.002 -12"><span class='ocrx_word' id='word_1_433' title='bbox 430 2968 654 3030; x_wconf 85' lang='lat' dir='ltr'><strong>tebant.</strong></span> <span class='ocrx_word' id='word_1_434' title='bbox 687 2966 797 3027; x_wconf 87' lang='lat' dir='ltr'><strong>llle</strong></span> <span class='ocrx_word' id='word_1_435' title='bbox 827 2974 1021 3027; x_wconf 90' lang='lat' dir='ltr'><strong>autem</strong></span> <span class='ocrx_word' id='word_1_436' title='bbox 1049 2973 1223 3027; x_wconf 86' lang='lat' dir='ltr'><strong>acuto</strong></span> <span class='ocrx_word' id='word_1_437' title='bbox 1257 2972 1471 3027; x_wconf 89' lang='lat' dir='ltr'><strong>mentis</strong></span> <span class='ocrx_word' id='word_1_438' title='bbox 1501 2965 1675 3027; x_wconf 91' lang='lat' dir='ltr'><strong>oculo</strong></span> <span class='ocrx_word' id='word_1_439' title='bbox 1723 2966 1961 3029; x_wconf 86' lang='lat' dir='ltr'><strong>intuens</strong></span> <span class='ocrx_word' id='word_1_440' title='bbox 1992 2967 2076 3042; x_wconf 89' lang='lat' dir='ltr'><strong>id,</strong></span> 
     </span>
    </p>
   </div>
   <div class='ocr_carea' id='block_1_62' title="bbox 2168 2965 3807 3048">
    <p class='ocr_par' dir='ltr' id='par_1_62' title="bbox 2168 2968 3807 3048">
     <span class='ocr_line' id='line_1_62' title="bbox 2168 2968 3807 3048; baseline -0.001 -23"><span class='ocrx_word' id='word_1_441' title='bbox 2168 2971 2267 3032; x_wconf 81' lang='grc' dir='ltr'>Καὶ</span> <span class='ocrx_word' id='word_1_442' title='bbox 2323 2970 2381 3034; x_wconf 79' lang='grc' dir='ltr'>ὃς</span> <span class='ocrx_word' id='word_1_443' title='bbox 2414 2969 2640 3048; x_wconf 80' lang='grc' dir='ltr'><strong>ὀξυτέρῳ</strong></span> <span class='ocrx_word' id='word_1_444' title='bbox 2691 2976 2788 3038; x_wconf 75' lang='grc' dir='ltr'><strong>τῆς</strong></span> <span class='ocrx_word' id='word_1_445' title='bbox 2834 2970 3064 3035; x_wconf 78' lang='grc' dir='ltr'>διανοίας</span> <span class='ocrx_word' id='word_1_446' title='bbox 3109 2970 3311 3047; x_wconf 71' lang='grc' dir='ltr'>ὄμματι</span> <span class='ocrx_word' id='word_1_447' title='bbox 3340 2972 3406 3026; x_wconf 87' lang='grc' dir='ltr'>τὸ</span> <span class='ocrx_word' id='word_1_448' title='bbox 3462 2968 3807 3041; x_wconf 71' lang='grc' dir='ltr'>ὲκὸησόμενον</span> 
     </span>
    </p>
   </div>
   <div class='ocr_carea' id='block_1_63' title="bbox 429 3053 2080 3139">
    <p class='ocr_par' dir='ltr' id='par_1_63' title="bbox 429 3053 2079 3135">
     <span class='ocr_line' id='line_1_63' title="bbox 429 3053 2079 3135; baseline -0.002 -17"><span class='ocrx_word' id='word_1_449' title='bbox 429 3054 591 3133; x_wconf 88' lang='lat' dir='ltr'><strong>quod</strong></span> <span class='ocrx_word' id='word_1_450' title='bbox 637 3065 762 3116; x_wconf 86' lang='lat' dir='ltr'><strong>erat</strong></span> <span class='ocrx_word' id='word_1_451' title='bbox 791 3062 1170 3128; x_wconf 87' lang='lat' dir='ltr'><strong>eventurum,</strong></span> <span class='ocrx_word' id='word_1_452' title='bbox 1204 3053 1291 3114; x_wconf 92' lang='lat' dir='ltr'><strong>sic</strong></span> <span class='ocrx_word' id='word_1_453' title='bbox 1334 3053 1532 3133; x_wconf 88' lang='lat' dir='ltr'><strong>lepide</strong></span> <span class='ocrx_word' id='word_1_454' title='bbox 1563 3053 1730 3128; x_wconf 88' lang='lat' dir='ltr'><strong>dicit,</strong></span> <span class='ocrx_word' id='word_1_455' title='bbox 1764 3072 1868 3116; x_wconf 87' lang='lat' dir='ltr'><strong>eos</strong></span> <span class='ocrx_word' id='word_1_456' title='bbox 1915 3055 2079 3135; x_wconf 87' lang='lat' dir='ltr'><strong>aspi-</strong></span> 
     </span>
    </p>
   </div>
   <div class='ocr_carea' id='block_1_64' title="bbox 2168 3053 3805 3139">
    <p class='ocr_par' dir='ltr' id='par_1_64' title="bbox 2168 3056 3805 3139">
     <span class='ocr_line' id='line_1_64' title="bbox 2168 3056 3805 3139; baseline -0.001 -25"><span class='ocrx_word' id='word_1_457' title='bbox 2168 3062 2424 3136; x_wconf 79' lang='grc' dir='ltr'>καθορῶν,</span> <span class='ocrx_word' id='word_1_458' title='bbox 2488 3059 2786 3139; x_wconf 83' lang='grc' dir='ltr'>χαριέντως</span> <span class='ocrx_word' id='word_1_459' title='bbox 2862 3058 3002 3116; x_wconf 74' lang='grc' dir='ltr'>οὕτω</span> <span class='ocrx_word' id='word_1_460' title='bbox 3055 3081 3169 3124; x_wconf 85' lang='grc' dir='ltr'><strong>πως</strong></span> <span class='ocrx_word' id='word_1_461' title='bbox 3249 3060 3378 3138; x_wconf 71' lang='grc' dir='ltr'><strong>φησί</strong></span> <span class='ocrx_word' id='word_1_462' title='bbox 3447 3058 3574 3136; x_wconf 77' lang='grc' dir='ltr'>πρὸς</span> <span class='ocrx_word' id='word_1_463' title='bbox 3630 3056 3805 3118; x_wconf 67' lang='grc' dir='ltr'>αὐτοὺς</span> 
     </span>
    </p>
   </div>
   <div class='ocr_carea' id='block_1_65' title="bbox 429 3139 2080 3228">
    <p class='ocr_par' dir='ltr' id='par_1_65' title="bbox 429 3140 2077 3224">
     <span class='ocr_line' id='line_1_65' title="bbox 429 3140 2077 3224; baseline -0.002 -17"><span class='ocrx_word' id='word_1_464' title='bbox 429 3144 597 3207; x_wconf 88' lang='lat' dir='ltr'><strong>ciens</strong></span> <span class='ocrx_word' id='word_1_465' title='bbox 627 3161 642 3206; x_wconf 87' lang='lat'><strong>:</strong></span> <span class='ocrx_word' id='word_1_466' title='bbox 681 3140 1037 3222; x_wconf 89' lang='lat' dir='ltr'><strong>Sepulcrum</strong></span> <span class='ocrx_word' id='word_1_467' title='bbox 1070 3141 1314 3221; x_wconf 88' lang='lat' dir='ltr'><strong>quidem</strong></span> <span class='ocrx_word' id='word_1_468' title='bbox 1347 3150 1437 3201; x_wconf 91' lang='lat' dir='ltr'><strong>est</strong></span> <span class='ocrx_word' id='word_1_469' title='bbox 1480 3149 1770 3221; x_wconf 90' lang='lat' dir='ltr'><strong>paratum,</strong></span> <span class='ocrx_word' id='word_1_470' title='bbox 1805 3143 2077 3224; x_wconf 84' lang='lat' dir='ltr'><strong>quisnam</strong></span> 
     </span>
    </p>
   </div>
   <div class='ocr_carea' id='block_1_66' title="bbox 2168 3139 3807 3228">
    <p class='ocr_par' dir='ltr' id='par_1_66' title="bbox 2168 3139 3807 3228">
     <span class='ocr_line' id='line_1_66' title="bbox 2168 3139 3807 3228; baseline -0.003 -24"><span class='ocrx_word' id='word_1_471' title='bbox 2168 3146 2309 3204; x_wconf 84' lang='grc' dir='ltr'>ἰδών·</span> <span class='ocrx_word' id='word_1_472' title='bbox 2368 3139 2428 3206; x_wconf 60' lang='grc' dir='ltr'>Ὀ</span> <span class='ocrx_word' id='word_1_473' title='bbox 2463 3149 2561 3221; x_wconf 74' lang='grc' dir='ltr'>μὲν</span> <span class='ocrx_word' id='word_1_474' title='bbox 2618 3149 2780 3228; x_wconf 62' lang='grc' dir='ltr'>τάφρος</span> <span class='ocrx_word' id='word_1_475' title='bbox 2813 3147 2915 3216; x_wconf 71' lang='grc' dir='ltr'><strong>ἤδη</strong></span> <span class='ocrx_word' id='word_1_476' title='bbox 2976 3148 3215 3225; x_wconf 74' lang='grc' dir='ltr'>ἕτοιμος,</span> <span class='ocrx_word' id='word_1_477' title='bbox 3246 3150 3323 3211; x_wconf 81' lang='grc' dir='ltr'><strong>τίς</strong></span> <span class='ocrx_word' id='word_1_478' title='bbox 3355 3146 3412 3205; x_wconf 78' lang='grc' dir='ltr'>δὲ</span> <span class='ocrx_word' id='word_1_479' title='bbox 3458 3148 3523 3203; x_wconf 80' lang='grc' dir='ltr'><strong>ἂν</strong></span> <span class='ocrx_word' id='word_1_480' title='bbox 3552 3147 3644 3214; x_wconf 82' lang='grc' dir='ltr'><strong>εἴη</strong></span> <span class='ocrx_word' id='word_1_481' title='bbox 3684 3144 3712 3201; x_wconf 82' lang='grc' dir='ltr'>ὅ</span> <span class='ocrx_word' id='word_1_482' title='bbox 3751 3164 3807 3222; x_wconf 86' lang='grc' dir='ltr'><strong>γε</strong></span> 
     </span>
    </p>
   </div>
   <div class='ocr_carea' id='block_1_67' title="bbox 427 3229 2082 3311">
    <p class='ocr_par' dir='ltr' id='par_1_67' title="bbox 427 3229 2082 3311">
     <span class='ocr_line' id='line_1_67' title="bbox 427 3229 2082 3311; baseline -0.002 -15"><span class='ocrx_word' id='word_1_483' title='bbox 427 3243 625 3297; x_wconf 89' lang='lat' dir='ltr'><strong>autem</strong></span> <span class='ocrx_word' id='word_1_484' title='bbox 655 3250 723 3293; x_wconf 79' lang='lat' dir='ltr'><strong>ex</strong></span> <span class='ocrx_word' id='word_1_485' title='bbox 756 3230 924 3292; x_wconf 86' lang='lat' dir='ltr'><strong>vobis</strong></span> <span class='ocrx_word' id='word_1_486' title='bbox 957 3237 1047 3291; x_wconf 88' lang='lat' dir='ltr'><strong>est</strong></span> <span class='ocrx_word' id='word_1_487' title='bbox 1078 3231 1346 3291; x_wconf 70' lang='lat' dir='ltr'><strong>encaania</strong></span> <span class='ocrx_word' id='word_1_488' title='bbox 1376 3230 1506 3311; x_wconf 90' lang='lat' dir='ltr'><strong>ejus</strong></span> <span class='ocrx_word' id='word_1_489' title='bbox 1531 3229 1984 3294; x_wconf 84' lang='lat' dir='ltr'><strong>celebraturus?</strong></span> <span class='ocrx_word' id='word_1_490' title='bbox 2014 3233 2082 3293; x_wconf 80' lang='lat' dir='ltr'><strong>Et</strong></span> 
     </span>
    </p>
   </div>
   <div class='ocr_carea' id='block_1_68' title="bbox 429 3317 2082 3404">
    <p class='ocr_par' dir='ltr' id='par_1_68' title="bbox 429 3317 2082 3404">
     <span class='ocr_line' id='line_1_68' title="bbox 429 3317 2082 3404; baseline -0.001 -18"><span class='ocrx_word' id='word_1_491' title='bbox 429 3324 529 3386; x_wconf 89' lang='lat' dir='ltr'><strong>ille</strong></span> <span class='ocrx_word' id='word_1_492' title='bbox 560 3322 799 3404; x_wconf 89' lang='lat' dir='ltr'><strong>quidem</strong></span> <span class='ocrx_word' id='word_1_493' title='bbox 824 3319 933 3396; x_wconf 90' lang='lat' dir='ltr'><strong>sic,</strong></span> <span class='ocrx_word' id='word_1_494' title='bbox 960 3317 1159 3400; x_wconf 88' lang='lat' dir='ltr'><strong>lepide</strong></span> <span class='ocrx_word' id='word_1_495' title='bbox 1190 3328 1248 3381; x_wconf 91' lang='lat' dir='ltr'><strong>et</strong></span> <span class='ocrx_word' id='word_1_496' title='bbox 1274 3319 1519 3382; x_wconf 64' lang='lat' dir='ltr'><strong>urbanae</strong></span> <span class='ocrx_word' id='word_1_497' title='bbox 1545 3321 1799 3385; x_wconf 86' lang='lat' dir='ltr'><strong>orationi</strong></span> <span class='ocrx_word' id='word_1_498' title='bbox 1829 3323 2082 3385; x_wconf 89' lang='lat' dir='ltr'><strong>miscens</strong></span> 
     </span>
    </p>
   </div>
   <div class='ocr_carea' id='block_1_69' title="bbox 429 3407 2078 3490">
    <p class='ocr_par' dir='ltr' id='par_1_69' title="bbox 429 3407 2078 3490">
     <span class='ocr_line' id='line_1_69' title="bbox 429 3407 2078 3490; baseline -0.002 -15"><span class='ocrx_word' id='word_1_499' title='bbox 429 3417 588 3475; x_wconf 83' lang='lat' dir='ltr'><strong>seria</strong></span> <span class='ocrx_word' id='word_1_500' title='bbox 622 3432 635 3473; x_wconf 89' lang='lat'><strong>:</strong></span> <span class='ocrx_word' id='word_1_501' title='bbox 671 3407 906 3471; x_wconf 88' lang='lat' dir='ltr'><strong>solebat</strong></span> <span class='ocrx_word' id='word_1_502' title='bbox 938 3407 1099 3470; x_wconf 89' lang='lat' dir='ltr'><strong>enim</strong></span> <span class='ocrx_word' id='word_1_503' title='bbox 1133 3407 1261 3488; x_wconf 91' lang='lat' dir='ltr'><strong>ipse</strong></span> <span class='ocrx_word' id='word_1_504' title='bbox 1312 3427 1550 3490; x_wconf 88' lang='lat' dir='ltr'><strong>quoque</strong></span> <span class='ocrx_word' id='word_1_505' title='bbox 1581 3409 1738 3472; x_wconf 89' lang='lat' dir='ltr'><strong>inter</strong></span> <span class='ocrx_word' id='word_1_506' title='bbox 1765 3410 1882 3472; x_wconf 89' lang='lat' dir='ltr'><strong>alia</strong></span> <span class='ocrx_word' id='word_1_507' title='bbox 1923 3420 2078 3473; x_wconf 89' lang='lat' dir='ltr'><strong>tem-</strong></span> 
     </span>
    </p>
   </div>
   <div class='ocr_carea' id='block_1_70' title="bbox 430 3498 2079 3583">
    <p class='ocr_par' dir='ltr' id='par_1_70' title="bbox 430 3498 2079 3583">
     <span class='ocr_line' id='line_1_70' title="bbox 430 3498 2079 3583; baseline 0 -20"><span class='ocrx_word' id='word_1_508' title='bbox 430 3520 540 3583; x_wconf 88' lang='lat' dir='ltr'><strong>pus</strong></span> <span class='ocrx_word' id='word_1_509' title='bbox 587 3517 791 3574; x_wconf 86' lang='lat' dir='ltr'><strong>nosse,</strong></span> <span class='ocrx_word' id='word_1_510' title='bbox 846 3501 1376 3579; x_wconf 77' lang='lat' dir='ltr'><strong>austeritatemque</strong></span> <span class='ocrx_word' id='word_1_511' title='bbox 1430 3508 1491 3560; x_wconf 91' lang='lat' dir='ltr'><strong>et</strong></span> <span class='ocrx_word' id='word_1_512' title='bbox 1547 3498 1843 3562; x_wconf 87' lang='lat' dir='ltr'><strong>tristitiam</strong></span> <span class='ocrx_word' id='word_1_513' title='bbox 1893 3501 2079 3580; x_wconf 72' lang='lat' dir='ltr'><strong>gratia</strong></span> 
     </span>
    </p>
   </div>
   <div class='ocr_carea' id='block_1_71' title="bbox 428 3586 1015 3653">
    <p class='ocr_par' dir='ltr' id='par_1_71' title="bbox 428 3586 1015 3653">
     <span class='ocr_line' id='line_1_71' title="bbox 428 3586 1015 3653; baseline -0.012 0"><span class='ocrx_word' id='word_1_514' title='bbox 428 3590 733 3653; x_wconf 86' lang='lat' dir='ltr'><strong>moderata</strong></span> <span class='ocrx_word' id='word_1_515' title='bbox 763 3586 1015 3650; x_wconf 90' lang='lat' dir='ltr'><strong>solvere.</strong></span> 
     </span>
    </p>
   </div>
   <div class='ocr_carea' id='block_1_72' title="bbox 509 3677 2078 3762">
    <p class='ocr_par' dir='ltr' id='par_1_72' title="bbox 509 3677 2078 3762">
     <span class='ocr_line' id='line_1_72' title="bbox 509 3677 2078 3762; baseline 0 -20"><span class='ocrx_word' id='word_1_516' title='bbox 509 3682 608 3751; x_wconf 83' lang='lat' dir='ltr'><strong>l7.</strong></span> <span class='ocrx_word' id='word_1_517' title='bbox 660 3677 907 3752; x_wconf 80' lang='lat' dir='ltr'><strong>Quidam</strong></span> <span class='ocrx_word' id='word_1_518' title='bbox 940 3685 1138 3741; x_wconf 88' lang='lat' dir='ltr'><strong>autem</strong></span> <span class='ocrx_word' id='word_1_519' title='bbox 1194 3678 1469 3760; x_wconf 89' lang='lat' dir='ltr'><strong>Basilius,</strong></span> <span class='ocrx_word' id='word_1_520' title='bbox 1507 3680 1795 3757; x_wconf 79' lang='lat' dir='ltr'><strong>dignitate</strong></span> <span class='ocrx_word' id='word_1_521' title='bbox 1839 3681 2078 3762; x_wconf 87' lang='lat' dir='ltr'><strong>quidem</strong></span> 
     </span>
    </p>
   </div>
   <div class='ocr_carea' id='block_1_73' title="bbox 425 3769 2081 3851">
    <p class='ocr_par' dir='ltr' id='par_1_73' title="bbox 425 3769 2081 3851">
     <span class='ocr_line' id='line_1_73' title="bbox 425 3769 2081 3851; baseline -0.001 -16"><span class='ocrx_word' id='word_1_522' title='bbox 425 3771 727 3845; x_wconf 87' lang='lat' dir='ltr'><strong>sacerdos,</strong></span> <span class='ocrx_word' id='word_1_523' title='bbox 764 3776 1006 3851; x_wconf 88' lang='lat' dir='ltr'><strong>propter</strong></span> <span class='ocrx_word' id='word_1_524' title='bbox 1035 3786 1236 3830; x_wconf 91' lang='lat' dir='ltr'><strong>rerum</strong></span> <span class='ocrx_word' id='word_1_525' title='bbox 1268 3779 1465 3831; x_wconf 91' lang='lat' dir='ltr'><strong>autem</strong></span> <span class='ocrx_word' id='word_1_526' title='bbox 1514 3769 1803 3833; x_wconf 91' lang='lat' dir='ltr'><strong>bonarum</strong></span> <span class='ocrx_word' id='word_1_527' title='bbox 1835 3773 2081 3835; x_wconf 84' lang='lat' dir='ltr'><strong>deside-</strong></span> 
     </span>
    </p>
   </div>
   <div class='ocr_carea' id='block_1_74' title="bbox 425 3860 2077 3941">
    <p class='ocr_par' dir='ltr' id='par_1_74' title="bbox 425 3860 2077 3941">
     <span class='ocr_line' id='line_1_74' title="bbox 425 3860 2077 3941; baseline -0.001 -17"><span class='ocrx_word' id='word_1_528' title='bbox 425 3864 928 3941; x_wconf 81' lang='lat' dir='ltr'><strong>rium,expressos</strong></span> <span class='ocrx_word' id='word_1_529' title='bbox 950 3866 1157 3938; x_wconf 89' lang='lat' dir='ltr'><strong>aperte</strong></span> <span class='ocrx_word' id='word_1_530' title='bbox 1183 3875 1426 3920; x_wconf 89' lang='lat' dir='ltr'><strong>servans</strong></span> <span class='ocrx_word' id='word_1_531' title='bbox 1456 3866 1736 3939; x_wconf 86' lang='lat' dir='ltr'><strong>paternos</strong></span> <span class='ocrx_word' id='word_1_532' title='bbox 1766 3860 2077 3924; x_wconf 86' lang='lat' dir='ltr'><strong>characte-</strong></span> 
     </span>
    </p>
   </div>
   <div class='ocr_carea' id='block_1_75' title="bbox 425 3947 2077 4030">
    <p class='ocr_par' dir='ltr' id='par_1_75' title="bbox 425 3947 2077 4030">
     <span class='ocr_line' id='line_1_75' title="bbox 425 3947 2077 4030; baseline -0.001 -17"><span class='ocrx_word' id='word_1_533' title='bbox 425 3961 611 4030; x_wconf 85' lang='lat' dir='ltr'><strong>res;et</strong></span> <span class='ocrx_word' id='word_1_534' title='bbox 629 3967 764 4012; x_wconf 90' lang='lat' dir='ltr'><strong>eum</strong></span> <span class='ocrx_word' id='word_1_535' title='bbox 785 3948 887 4029; x_wconf 92' lang='lat' dir='ltr'><strong>qui</strong></span> <span class='ocrx_word' id='word_1_536' title='bbox 916 3947 1110 4028; x_wconf 87' lang='lat' dir='ltr'><strong>ipsum</strong></span> <span class='ocrx_word' id='word_1_537' title='bbox 1141 3957 1427 4026; x_wconf 82' lang='lat' dir='ltr'><strong>genuerat</strong></span> <span class='ocrx_word' id='word_1_538' title='bbox 1450 3948 1944 4029; x_wconf 66' lang='lat' dir='ltr'><strong>Spiritalitermon</strong></span> <span class='ocrx_word' id='word_1_539' title='bbox 1971 3952 2077 4010; x_wconf 88' lang='lat' dir='ltr'><strong>mi-</strong></span> 
     </span>
    </p>
   </div>
   <div class='ocr_carea' id='block_1_76' title="bbox 426 4036 2081 4115">
    <p class='ocr_par' dir='ltr' id='par_1_76' title="bbox 426 4036 2081 4115">
     <span class='ocr_line' id='line_1_76' title="bbox 426 4036 2081 4115; baseline 0 -13"><span class='ocrx_word' id='word_1_540' title='bbox 426 4059 543 4103; x_wconf 89' lang='lat' dir='ltr'><strong>nus</strong></span> <span class='ocrx_word' id='word_1_541' title='bbox 569 4039 839 4101; x_wconf 82' lang='lat' dir='ltr'><strong>referens</strong></span> <span class='ocrx_word' id='word_1_542' title='bbox 867 4036 1263 4099; x_wconf 87' lang='lat' dir='ltr'><strong>similitudine</strong></span> <span class='ocrx_word' id='word_1_543' title='bbox 1309 4036 1564 4113; x_wconf 85' lang='lat' dir='ltr'><strong>virtutis,</strong></span> <span class='ocrx_word' id='word_1_544' title='bbox 1598 4057 1775 4115; x_wconf 89' lang='lat' dir='ltr'><strong>quam</strong></span> <span class='ocrx_word' id='word_1_545' title='bbox 1811 4039 2081 4102; x_wconf 89' lang='lat' dir='ltr'><strong>carnales</strong></span> 
     </span>
    </p>
   </div>
   <div class='ocr_carea' id='block_1_77' title="bbox 428 4124 2080 4210">
    <p class='ocr_par' dir='ltr' id='par_1_77' title="bbox 428 4124 2080 4210">
     <span class='ocr_line' id='line_1_77' title="bbox 428 4124 2080 4210; baseline 0.001 -20"><span class='ocrx_word' id='word_1_546' title='bbox 428 4140 625 4210; x_wconf 87' lang='lat' dir='ltr'><strong>patres</strong></span> <span class='ocrx_word' id='word_1_547' title='bbox 662 4126 704 4187; x_wconf 90' lang='lat' dir='ltr'><strong>ii</strong></span> <span class='ocrx_word' id='word_1_548' title='bbox 735 4126 837 4207; x_wconf 89' lang='lat' dir='ltr'><strong>qui</strong></span> <span class='ocrx_word' id='word_1_549' title='bbox 875 4143 947 4187; x_wconf 87' lang='lat' dir='ltr'><strong>ex</strong></span> <span class='ocrx_word' id='word_1_550' title='bbox 982 4125 1102 4186; x_wconf 91' lang='lat' dir='ltr'><strong>illis</strong></span> <span class='ocrx_word' id='word_1_551' title='bbox 1157 4124 1280 4186; x_wconf 89' lang='lat' dir='ltr'><strong>nati</strong></span> <span class='ocrx_word' id='word_1_552' title='bbox 1326 4134 1486 4206; x_wconf 83' lang='lat' dir='ltr'><strong>sunt,</strong></span> <span class='ocrx_word' id='word_1_553' title='bbox 1518 4135 1581 4187; x_wconf 91' lang='lat' dir='ltr'><strong>et</strong></span> <span class='ocrx_word' id='word_1_554' title='bbox 1627 4128 1848 4208; x_wconf 87' lang='lat' dir='ltr'><strong>alioqui</strong></span> <span class='ocrx_word' id='word_1_555' title='bbox 1881 4129 2080 4192; x_wconf 79' lang='lat' dir='ltr'><strong>sciens</strong></span> 
     </span>
    </p>
   </div>
   <div class='ocr_carea' id='block_1_78' title="bbox 428 4213 2077 4298">
    <p class='ocr_par' dir='ltr' id='par_1_78' title="bbox 428 4213 2077 4298">
     <span class='ocr_line' id='line_1_78' title="bbox 428 4213 2077 4298; baseline 0.001 -19"><span class='ocrx_word' id='word_1_556' title='bbox 428 4218 818 4298; x_wconf 84' lang='lat' dir='ltr'><strong>quaestionem</strong></span> <span class='ocrx_word' id='word_1_557' title='bbox 854 4232 973 4275; x_wconf 90' lang='lat' dir='ltr'><strong>non</strong></span> <span class='ocrx_word' id='word_1_558' title='bbox 1012 4213 1224 4276; x_wconf 78' lang='lat' dir='ltr'><strong>frustra</strong></span> <span class='ocrx_word' id='word_1_559' title='bbox 1258 4230 1390 4275; x_wconf 88' lang='lat' dir='ltr'><strong>esse</strong></span> <span class='ocrx_word' id='word_1_560' title='bbox 1443 4222 1799 4295; x_wconf 87' lang='lat' dir='ltr'><strong>propositam</strong></span> <span class='ocrx_word' id='word_1_561' title='bbox 1831 4235 1865 4278; x_wconf 89' lang='lat' dir='ltr'><strong>a</strong></span> <span class='ocrx_word' id='word_1_562' title='bbox 1896 4218 2077 4297; x_wconf 84' lang='lat' dir='ltr'><strong>magi—</strong></span> 
     </span>
    </p>
   </div>
   <div class='ocr_carea' id='block_1_79' title="bbox 428 4303 2077 4390">
    <p class='ocr_par' dir='ltr' id='par_1_79' title="bbox 428 4303 2077 4390">
     <span class='ocr_line' id='line_1_79' title="bbox 428 4303 2077 4390; baseline 0.001 -20"><span class='ocrx_word' id='word_1_563' title='bbox 428 4320 576 4381; x_wconf 91' lang='lat' dir='ltr'><strong>stro,</strong></span> <span class='ocrx_word' id='word_1_564' title='bbox 612 4306 838 4386; x_wconf 90' lang='lat' dir='ltr'><strong>primus</strong></span> <span class='ocrx_word' id='word_1_565' title='bbox 885 4303 1180 4384; x_wconf 84' lang='lat' dir='ltr'><strong>arripiens</strong></span> <span class='ocrx_word' id='word_1_566' title='bbox 1230 4321 1594 4384; x_wconf 86' lang='lat' dir='ltr'><strong>sermonem,</strong></span> <span class='ocrx_word' id='word_1_567' title='bbox 1628 4315 1756 4369; x_wconf 87' lang='lat' dir='ltr'><strong>erat</strong></span> <span class='ocrx_word' id='word_1_568' title='bbox 1806 4317 2077 4390; x_wconf 91' lang='lat' dir='ltr'><strong>prompto</strong></span> 
     </span>
    </p>
   </div>
   <div class='ocr_carea' id='block_1_80' title="bbox 425 4393 2074 4476">
    <p class='ocr_par' dir='ltr' id='par_1_80' title="bbox 425 4393 2074 4476">
     <span class='ocr_line' id='line_1_80' title="bbox 425 4393 2074 4476; baseline -0.001 -16"><span class='ocrx_word' id='word_1_569' title='bbox 425 4407 486 4461; x_wconf 88' lang='lat' dir='ltr'><strong>et</strong></span> <span class='ocrx_word' id='word_1_570' title='bbox 539 4395 724 4458; x_wconf 89' lang='lat' dir='ltr'><strong>alacri</strong></span> <span class='ocrx_word' id='word_1_571' title='bbox 752 4395 954 4456; x_wconf 86' lang='lat' dir='ltr'><strong>animo</strong></span> <span class='ocrx_word' id='word_1_572' title='bbox 988 4393 1060 4454; x_wconf 89' lang='lat' dir='ltr'><strong>ad</strong></span> <span class='ocrx_word' id='word_1_573' title='bbox 1097 4401 1349 4455; x_wconf 91' lang='lat' dir='ltr'><strong>mortem</strong></span> <span class='ocrx_word' id='word_1_574' title='bbox 1402 4394 1763 4473; x_wconf 78' lang='lat' dir='ltr'><strong>eligendam,</strong></span> <span class='ocrx_word' id='word_1_575' title='bbox 1799 4408 2074 4476; x_wconf 82' lang='lat' dir='ltr'><strong>tanquam</strong></span> 
     </span>
    </p>
   </div>
   <div class='ocr_carea' id='block_1_81' title="bbox 2162 3236 3809 3317">
    <p class='ocr_par' dir='ltr' id='par_1_81' title="bbox 2162 3236 3809 3317">
     <span class='ocr_line' id='line_1_81' title="bbox 2162 3236 3809 3317; baseline -0.003 -23"><span class='ocrx_word' id='word_1_576' title='bbox 2162 3244 2348 3294; x_wconf 82' lang='grc' dir='ltr'>τοῦτον</span> <span class='ocrx_word' id='word_1_577' title='bbox 2378 3236 2430 3304; x_wconf 76' lang='grc' dir='ltr'>ἐξ</span> <span class='ocrx_word' id='word_1_578' title='bbox 2486 3238 2635 3314; x_wconf 83' lang='grc' dir='ltr'>ὑμῶν</span> <span class='ocrx_word' id='word_1_579' title='bbox 2667 3238 2980 3317; x_wconf 78' lang='grc' dir='ltr'>ἒγκαινίσων</span> <span class='ocrx_word' id='word_1_580' title='bbox 3012 3260 3029 3313; x_wconf 86' lang='lat'><strong>;</strong></span> <span class='ocrx_word' id='word_1_581' title='bbox 3083 3240 3171 3294; x_wconf 83' lang='grc' dir='ltr'><strong>καὶ</strong></span> <span class='ocrx_word' id='word_1_582' title='bbox 3212 3240 3240 3295; x_wconf 89' lang='lat'><strong>6</strong></span> <span class='ocrx_word' id='word_1_583' title='bbox 3285 3238 3385 3314; x_wconf 77' lang='grc' dir='ltr'>μὲν</span> <span class='ocrx_word' id='word_1_584' title='bbox 3417 3238 3557 3296; x_wconf 79' lang='grc' dir='ltr'>οὕτω</span> <span class='ocrx_word' id='word_1_585' title='bbox 3599 3257 3707 3300; x_wconf 87' lang='grc' dir='ltr'><strong>πως</strong></span> <span class='ocrx_word' id='word_1_586' title='bbox 3738 3238 3809 3306; x_wconf 83' lang='grc' dir='ltr'><strong>τῷ</strong></span> 
     </span>
    </p>
   </div>
   <div class='ocr_carea' id='block_1_82' title="bbox 2162 3324 3806 3408">
    <p class='ocr_par' dir='ltr' id='par_1_82' title="bbox 2162 3324 3806 3408">
     <span class='ocr_line' id='line_1_82' title="bbox 2162 3324 3806 3408; baseline -0.001 -26"><span class='ocrx_word' id='word_1_587' title='bbox 2162 3328 2402 3408; x_wconf 82' lang='grc' dir='ltr'>χαρίεντι</span> <span class='ocrx_word' id='word_1_588' title='bbox 2476 3327 2567 3383; x_wconf 75' lang='grc' dir='ltr'><strong>τοῦ</strong></span> <span class='ocrx_word' id='word_1_589' title='bbox 2624 3327 2785 3405; x_wconf 86' lang='grc' dir='ltr'>λόγου</span> <span class='ocrx_word' id='word_1_590' title='bbox 2842 3329 2939 3385; x_wconf 77' lang='grc' dir='ltr'>καί</span> <span class='ocrx_word' id='word_1_591' title='bbox 3009 3325 3243 3395; x_wconf 82' lang='grc' dir='ltr'>σπουδὴν</span> <span class='ocrx_word' id='word_1_592' title='bbox 3321 3327 3642 3404; x_wconf 83' lang='grc' dir='ltr'>ἐπιμίσγων·</span> <span class='ocrx_word' id='word_1_593' title='bbox 3703 3324 3806 3408; x_wconf 78' lang='grc' dir='ltr'>ἔθος</span> 
     </span>
    </p>
   </div>
   <div class='ocr_carea' id='block_1_83' title="bbox 2162 3404 3808 3496">
    <p class='ocr_par' dir='ltr' id='par_1_83' title="bbox 2162 3404 3808 3496">
     <span class='ocr_line' id='line_1_83' title="bbox 2162 3404 3808 3496; baseline -0.004 -21"><span class='ocrx_word' id='word_1_594' title='bbox 2162 3404 2262 3496; x_wconf 72' lang='grc' dir='ltr'><strong>γὰρ</strong></span> <span class='ocrx_word' id='word_1_595' title='bbox 2325 3418 2459 3492; x_wconf 78' lang='grc' dir='ltr'>μετὰ</span> <span class='ocrx_word' id='word_1_596' title='bbox 2514 3422 2621 3474; x_wconf 82' lang='grc' dir='ltr'>τῶν</span> <span class='ocrx_word' id='word_1_597' title='bbox 2677 3404 2857 3475; x_wconf 63' lang='grc' dir='ltr'>ἄλλων</span> <span class='ocrx_word' id='word_1_598' title='bbox 2921 3417 3065 3492; x_wconf 73' lang='grc' dir='ltr'>αὐτῷ</span> <span class='ocrx_word' id='word_1_599' title='bbox 3105 3419 3195 3473; x_wconf 84' lang='grc' dir='ltr'>καὶ</span> <span class='ocrx_word' id='word_1_600' title='bbox 3249 3418 3437 3496; x_wconf 82' lang='grc' dir='ltr'>καιρὸν</span> <span class='ocrx_word' id='word_1_601' title='bbox 3494 3415 3697 3493; x_wconf 80' lang='grc' dir='ltr'>εἰδέναι,</span> <span class='ocrx_word' id='word_1_602' title='bbox 3728 3404 3808 3469; x_wconf 72' lang='grc' dir='ltr'><strong>καἱ</strong></span> 
     </span>
    </p>
   </div>
   <div class='ocr_carea' id='block_1_84' title="bbox 2161 3503 3806 3584">
    <p class='ocr_par' dir='ltr' id='par_1_84' title="bbox 2161 3503 3806 3584">
     <span class='ocr_line' id='line_1_84' title="bbox 2161 3503 3806 3584; baseline -0.003 -22"><span class='ocrx_word' id='word_1_603' title='bbox 2161 3508 2223 3562; x_wconf 82' lang='grc' dir='ltr'>τὸ</span> <span class='ocrx_word' id='word_1_604' title='bbox 2283 3507 2533 3564; x_wconf 83' lang='grc' dir='ltr'>σύντονον</span> <span class='ocrx_word' id='word_1_605' title='bbox 2605 3506 2747 3564; x_wconf 80' lang='grc' dir='ltr'>ἔστιν</span> <span class='ocrx_word' id='word_1_606' title='bbox 2817 3506 2904 3563; x_wconf 80' lang='grc' dir='ltr'><strong>ὅτε</strong></span> <span class='ocrx_word' id='word_1_607' title='bbox 2972 3508 3060 3563; x_wconf 86' lang='grc' dir='ltr'><strong>καὶ</strong></span> <span class='ocrx_word' id='word_1_608' title='bbox 3135 3507 3445 3584; x_wconf 72' lang='grc' dir='ltr'>σκυθρωπὸν</span> <span class='ocrx_word' id='word_1_609' title='bbox 3516 3503 3806 3582; x_wconf 79' lang='grc' dir='ltr'>ἐμμετρίαις</span> 
     </span>
    </p>
   </div>
   <div class='ocr_carea' id='block_1_85' title="bbox 2163 3594 2703 3675">
    <p class='ocr_par' dir='ltr' id='par_1_85' title="bbox 2163 3594 2703 3675">
     <span class='ocr_line' id='line_1_85' title="bbox 2163 3594 2703 3675; baseline 0 -23"><span class='ocrx_word' id='word_1_610' title='bbox 2163 3594 2273 3652; x_wconf 90' lang='grc' dir='ltr'>λύει</span> <span class='ocrx_word' id='word_1_611' title='bbox 2290 3618 2305 3650; x_wconf 72' lang='grc' dir='ltr'><em>δ</em></span> <span class='ocrx_word' id='word_1_612' title='bbox 2336 3608 2461 3659; x_wconf 85' lang='grc' dir='ltr'>ταῖς</span> <span class='ocrx_word' id='word_1_613' title='bbox 2492 3596 2703 3675; x_wconf 83' lang='grc' dir='ltr'>χάρισι.</span> 
     </span>
    </p>
   </div>
   <div class='ocr_carea' id='block_1_86' title="bbox 2253 3680 3873 3765">
    <p class='ocr_par' dir='ltr' id='par_1_86' title="bbox 2253 3680 3873 3765">
     <span class='ocr_line' id='line_1_86' title="bbox 2253 3680 3873 3765; baseline -0.01 -18"><span class='ocrx_word' id='word_1_614' title='bbox 2253 3684 2347 3755; x_wconf 82' lang='grc' dir='ltr'>ιζ’.</span> <span class='ocrx_word' id='word_1_615' title='bbox 2412 3684 2689 3750; x_wconf 82' lang='grc' dir='ltr'>Βασίλειος</span> <span class='ocrx_word' id='word_1_616' title='bbox 2720 3683 2775 3741; x_wconf 82' lang='grc' dir='ltr'><strong>δέ</strong></span> <span class='ocrx_word' id='word_1_617' title='bbox 2830 3706 2932 3765; x_wconf 82' lang='grc' dir='ltr'>τις,</span> <span class='ocrx_word' id='word_1_618' title='bbox 2966 3686 3027 3742; x_wconf 80' lang='grc' dir='ltr'>τὸ</span> <span class='ocrx_word' id='word_1_619' title='bbox 3054 3685 3152 3760; x_wconf 80' lang='grc' dir='ltr'>μὲν</span> <span class='ocrx_word' id='word_1_620' title='bbox 3183 3683 3390 3760; x_wconf 78' lang='grc' dir='ltr'>ἀξίωμα</span> <span class='ocrx_word' id='word_1_621' title='bbox 3422 3685 3611 3764; x_wconf 80' lang='grc' dir='ltr'>ἱερεὺς,</span> <span class='ocrx_word' id='word_1_622' title='bbox 3645 3686 3719 3757; x_wconf 79' lang='grc' dir='ltr'><strong>τῷ</strong></span> <span class='ocrx_word' id='word_1_623' title='bbox 3757 3680 3806 3736; x_wconf 77' lang='grc' dir='ltr'>δὲ</span> <span class='ocrx_word' id='word_1_624' title='bbox 3869 3726 3873 3731; x_wconf 84' lang='grc'>.</span> 
     </span>
    </p>
   </div>
   <div class='ocr_carea' id='block_1_87' title="bbox 2164 3770 3805 3855">
    <p class='ocr_par' dir='ltr' id='par_1_87' title="bbox 2164 3770 3805 3855">
     <span class='ocr_line' id='line_1_87' title="bbox 2164 3770 3805 3855; baseline -0.002 -25"><span class='ocrx_word' id='word_1_625' title='bbox 2164 3773 2284 3851; x_wconf 83' lang='grc' dir='ltr'>περί</span> <span class='ocrx_word' id='word_1_626' title='bbox 2337 3774 2402 3829; x_wconf 83' lang='grc' dir='ltr'><strong>τὰ</strong></span> <span class='ocrx_word' id='word_1_627' title='bbox 2432 3774 2569 3831; x_wconf 83' lang='grc' dir='ltr'>κατὰ</span> <span class='ocrx_word' id='word_1_628' title='bbox 2611 3773 2759 3848; x_wconf 77' lang='grc' dir='ltr'>ζήλῳ</span> <span class='ocrx_word' id='word_1_629' title='bbox 2802 3772 3078 3855; x_wconf 77' lang='grc' dir='ltr'>διαφανεῖς</span> <span class='ocrx_word' id='word_1_630' title='bbox 3136 3775 3320 3845; x_wconf 81' lang='grc' dir='ltr'>σώζων</span> <span class='ocrx_word' id='word_1_631' title='bbox 3363 3776 3488 3838; x_wconf 81' lang='grc' dir='ltr'>τοὺς</span> <span class='ocrx_word' id='word_1_632' title='bbox 3532 3770 3805 3853; x_wconf 78' lang='grc' dir='ltr'>πατρικοὺς</span> 
     </span>
    </p>
   </div>
   <div class='ocr_carea' id='block_1_88' title="bbox 2163 3863 3806 3944">
    <p class='ocr_par' dir='ltr' id='par_1_88' title="bbox 2163 3863 3806 3944">
     <span class='ocr_line' id='line_1_88' title="bbox 2163 3863 3806 3944; baseline -0.001 -26"><span class='ocrx_word' id='word_1_633' title='bbox 2163 3864 2540 3944; x_wconf 78' lang='grc' dir='ltr'>χαρακτῆρας,</span> <span class='ocrx_word' id='word_1_634' title='bbox 2600 3865 2686 3920; x_wconf 87' lang='grc' dir='ltr'><strong>καὶ</strong></span> <span class='ocrx_word' id='word_1_635' title='bbox 2730 3864 2818 3919; x_wconf 84' lang='grc' dir='ltr'>τὸν</span> <span class='ocrx_word' id='word_1_636' title='bbox 2864 3863 3227 3942; x_wconf 82' lang='grc' dir='ltr'>γεγεννηκότα</span> <span class='ocrx_word' id='word_1_637' title='bbox 3284 3865 3658 3940; x_wconf 78' lang='grc' dir='ltr'>πνευματικῶς</span> <span class='ocrx_word' id='word_1_638' title='bbox 3719 3863 3806 3918; x_wconf 75' lang='grc' dir='ltr'><strong>οὗ·</strong></span> 
     </span>
    </p>
   </div>
   <div class='ocr_carea' id='block_1_89' title="bbox 2161 3952 3804 4034">
    <p class='ocr_par' dir='ltr' id='par_1_89' title="bbox 2161 3952 3804 4034">
     <span class='ocr_line' id='line_1_89' title="bbox 2161 3952 3804 4034; baseline -0.001 -26"><span class='ocrx_word' id='word_1_639' title='bbox 2161 3952 2246 4010; x_wconf 78' lang='grc' dir='ltr'>δὲν</span> <span class='ocrx_word' id='word_1_640' title='bbox 2278 3954 2441 4022; x_wconf 80' lang='grc' dir='ltr'>ἧττον</span> <span class='ocrx_word' id='word_1_641' title='bbox 2481 3955 2784 4034; x_wconf 74' lang='grc' dir='ltr'>ὑποφαίνων</span> <span class='ocrx_word' id='word_1_642' title='bbox 2828 3954 2934 4010; x_wconf 77' lang='grc' dir='ltr'><strong>ἀπὸ</strong></span> <span class='ocrx_word' id='word_1_643' title='bbox 2963 3957 3067 4010; x_wconf 83' lang='grc' dir='ltr'>τῶν</span> <span class='ocrx_word' id='word_1_644' title='bbox 3109 3960 3209 4023; x_wconf 81' lang='grc' dir='ltr'>τῆς</span> <span class='ocrx_word' id='word_1_645' title='bbox 3239 3953 3433 4034; x_wconf 79' lang='grc' dir='ltr'>ἀρετῆς</span> <span class='ocrx_word' id='word_1_646' title='bbox 3484 3954 3804 4030; x_wconf 82' lang='grc' dir='ltr'>ὁμοιώσεων,</span> 
     </span>
    </p>
   </div>
   <div class='ocr_carea' id='block_1_90' title="bbox 2162 4038 3811 4121">
    <p class='ocr_par' dir='ltr' id='par_1_90' title="bbox 2162 4038 3811 4121">
     <span class='ocr_line' id='line_1_90' title="bbox 2162 4038 3811 4121; baseline -0.002 -24"><span class='ocrx_word' id='word_1_647' title='bbox 2162 4043 2196 4110; x_wconf 77' lang='grc' dir='ltr'><strong>ἢ</strong></span> <span class='ocrx_word' id='word_1_648' title='bbox 2254 4043 2375 4105; x_wconf 78' lang='grc' dir='ltr'>τοὺς</span> <span class='ocrx_word' id='word_1_649' title='bbox 2406 4044 2689 4121; x_wconf 82' lang='grc' dir='ltr'>σαρκικοὺς</span> <span class='ocrx_word' id='word_1_650' title='bbox 2749 4042 2980 4121; x_wconf 87' lang='grc' dir='ltr'>πατέρας</span> <span class='ocrx_word' id='word_1_651' title='bbox 3040 4045 3092 4100; x_wconf 81' lang='grc' dir='ltr'>οἳ</span> <span class='ocrx_word' id='word_1_652' title='bbox 3127 4042 3214 4101; x_wconf 82' lang='grc' dir='ltr'><strong>ὑπ’</strong></span> <span class='ocrx_word' id='word_1_653' title='bbox 3260 4045 3432 4101; x_wconf 76' lang='grc' dir='ltr'>αὐτῶν</span> <span class='ocrx_word' id='word_1_654' title='bbox 3464 4042 3604 4101; x_wconf 77' lang='grc' dir='ltr'>οὕτω</span> <span class='ocrx_word' id='word_1_655' title='bbox 3643 4038 3811 4099; x_wconf 73' lang='grc' dir='ltr'>τικτό-</span> 
     </span>
    </p>
   </div>
   <div class='ocr_carea' id='block_1_91' title="bbox 2162 4132 3808 4211">
    <p class='ocr_par' dir='ltr' id='par_1_91' title="bbox 2162 4132 3808 4211">
     <span class='ocr_line' id='line_1_91' title="bbox 2162 4132 3808 4211; baseline -0.002 -22"><span class='ocrx_word' id='word_1_656' title='bbox 2162 4153 2338 4208; x_wconf 88' lang='grc' dir='ltr'>μενοι,</span> <span class='ocrx_word' id='word_1_657' title='bbox 2374 4132 2551 4196; x_wconf 81' lang='grc' dir='ltr'>ἄλλως</span> <span class='ocrx_word' id='word_1_658' title='bbox 2609 4155 2667 4190; x_wconf 89' lang='grc' dir='ltr'><strong>τε</strong></span> <span class='ocrx_word' id='word_1_659' title='bbox 2698 4135 2785 4190; x_wconf 80' lang='grc' dir='ltr'><strong>καὶ</strong></span> <span class='ocrx_word' id='word_1_660' title='bbox 2842 4132 2991 4195; x_wconf 76' lang='grc' dir='ltr'>εἰδὼς</span> <span class='ocrx_word' id='word_1_661' title='bbox 3035 4134 3113 4209; x_wconf 78' lang='grc' dir='ltr'>μὴ</span> <span class='ocrx_word' id='word_1_662' title='bbox 3147 4135 3221 4198; x_wconf 78' lang='grc' dir='ltr'><strong>είς</strong></span> <span class='ocrx_word' id='word_1_663' title='bbox 3264 4134 3419 4189; x_wconf 76' lang='grc' dir='ltr'>κενὸν</span> <span class='ocrx_word' id='word_1_664' title='bbox 3450 4135 3683 4211; x_wconf 69' lang='grc' dir='ltr'>εἰρῆσθαι</span> <span class='ocrx_word' id='word_1_665' title='bbox 3739 4134 3808 4201; x_wconf 80' lang='grc' dir='ltr'>τῷ</span> 
     </span>
    </p>
   </div>
   <div class='ocr_carea' id='block_1_92' title="bbox 2160 4220 3801 4302">
    <p class='ocr_par' dir='ltr' id='par_1_92' title="bbox 2160 4220 3801 4302">
     <span class='ocr_line' id='line_1_92' title="bbox 2160 4220 3801 4302; baseline 0.001 -24"><span class='ocrx_word' id='word_1_666' title='bbox 2160 4221 2458 4297; x_wconf 73' lang='grc' dir='ltr'>διδασκάλῳ</span> <span class='ocrx_word' id='word_1_667' title='bbox 2500 4230 2577 4297; x_wconf 86' lang='grc' dir='ltr'>τῷ</span> <span class='ocrx_word' id='word_1_668' title='bbox 2620 4220 2929 4302; x_wconf 73' lang='grc' dir='ltr'>πρόϐλημα,</span> <span class='ocrx_word' id='word_1_669' title='bbox 2965 4230 3173 4301; x_wconf 81' lang='grc' dir='ltr'>πρῶτος</span> <span class='ocrx_word' id='word_1_670' title='bbox 3205 4225 3294 4279; x_wconf 81' lang='grc' dir='ltr'>τὸν</span> <span class='ocrx_word' id='word_1_671' title='bbox 3352 4222 3516 4302; x_wconf 84' lang='grc' dir='ltr'>λόγον</span> <span class='ocrx_word' id='word_1_672' title='bbox 3549 4221 3801 4301; x_wconf 78' lang='grc' dir='ltr'>ἁρπάσας,</span> 
     </span>
    </p>
   </div>
   <div class='ocr_carea' id='block_1_93' title="bbox 2158 4310 3805 4391">
    <p class='ocr_par' dir='ltr' id='par_1_93' title="bbox 2158 4310 3805 4391">
     <span class='ocr_line' id='line_1_93' title="bbox 2158 4310 3805 4391; baseline -0.004 -22"><span class='ocrx_word' id='word_1_673' title='bbox 2158 4314 2371 4388; x_wconf 77' lang='grc' dir='ltr'>ἕτοίμος</span> <span class='ocrx_word' id='word_1_674' title='bbox 2427 4314 2545 4389; x_wconf 71' lang='grc' dir='ltr'>περὶ</span> <span class='ocrx_word' id='word_1_675' title='bbox 2574 4314 2673 4381; x_wconf 76' lang='grc' dir='ltr'>τὴν</span> <span class='ocrx_word' id='word_1_676' title='bbox 2717 4316 2809 4370; x_wconf 71' lang='grc' dir='ltr'>τοῦ</span> <span class='ocrx_word' id='word_1_677' title='bbox 2870 4316 3093 4370; x_wconf 79' lang='grc' dir='ltr'>θανάτου</span> <span class='ocrx_word' id='word_1_678' title='bbox 3142 4311 3349 4391; x_wconf 78' lang='grc' dir='ltr'>α’ίρεσιν</span> <span class='ocrx_word' id='word_1_679' title='bbox 3393 4316 3490 4369; x_wconf 62' lang='grc' dir='ltr'><strong>καὶ</strong></span> <span class='ocrx_word' id='word_1_680' title='bbox 3550 4310 3805 4391; x_wconf 71' lang='grc' dir='ltr'>πρόθυμος</span> 
     </span>
    </p>
   </div>
   <div class='ocr_carea' id='block_1_94' title="bbox 2157 4384 3806 4479">
    <p class='ocr_par' dir='ltr' id='par_1_94' title="bbox 2157 4384 3806 4479">
     <span class='ocr_line' id='line_1_94' title="bbox 2157 4384 3806 4479; baseline -0.003 -24"><span class='ocrx_word' id='word_1_681' title='bbox 2157 4403 2250 4479; x_wconf 78' lang='grc' dir='ltr'>ἡν,</span> <span class='ocrx_word' id='word_1_682' title='bbox 2296 4402 2478 4478; x_wconf 78' lang='grc' dir='ltr'>ὥσπερ</span> <span class='ocrx_word' id='word_1_683' title='bbox 2536 4404 2628 4458; x_wconf 76' lang='grc' dir='ltr'><strong>οὒκ</strong></span> <span class='ocrx_word' id='word_1_684' title='bbox 2699 4399 2997 4471; x_wconf 73' lang='grc' dir='ltr'>ἂϐουλήτου</span> <span class='ocrx_word' id='word_1_685' title='bbox 3059 4402 3198 4464; x_wconf 74' lang='grc' dir='ltr'>τινὸς</span> <span class='ocrx_word' id='word_1_686' title='bbox 3258 4400 3634 4479; x_wconf 83' lang='grc' dir='ltr'>προκειμένου,</span> <span class='ocrx_word' id='word_1_687' title='bbox 3693 4384 3806 4452; x_wconf 82' lang='grc' dir='ltr'>ἀλλ’</span> 
     </span>
    </p>
   </div>
   <div class='ocr_carea' id='block_1_95' title="bbox 422 4481 2080 4569">
    <p class='ocr_par' dir='ltr' id='par_1_95' title="bbox 422 4481 2074 4563">
     <span class='ocr_line' id='line_1_95' title="bbox 422 4481 2074 4563; baseline -0.001 -14"><span class='ocrx_word' id='word_1_688' title='bbox 422 4504 552 4549; x_wconf 90' lang='lat' dir='ltr'><strong>rem</strong></span> <span class='ocrx_word' id='word_1_689' title='bbox 575 4502 694 4546; x_wconf 88' lang='lat' dir='ltr'><strong>non</strong></span> <span class='ocrx_word' id='word_1_690' title='bbox 718 4481 1166 4563; x_wconf 86' lang='lat' dir='ltr'><strong>repudiandam,</strong></span> <span class='ocrx_word' id='word_1_691' title='bbox 1201 4482 1307 4543; x_wconf 88' lang='lat' dir='ltr'><strong>sed</strong></span> <span class='ocrx_word' id='word_1_692' title='bbox 1336 4482 1504 4544; x_wconf 85' lang='lat' dir='ltr'><strong>valde</strong></span> <span class='ocrx_word' id='word_1_693' title='bbox 1527 4483 1729 4545; x_wconf 87' lang='lat' dir='ltr'><strong>utilem</strong></span> <span class='ocrx_word' id='word_1_694' title='bbox 1756 4493 1812 4546; x_wconf 89' lang='lat' dir='ltr'><strong>et</strong></span> <span class='ocrx_word' id='word_1_695' title='bbox 1843 4486 2074 4548; x_wconf 87' lang='lat' dir='ltr'><strong>condu-</strong></span> 
     </span>
    </p>
   </div>
   <div class='ocr_carea' id='block_1_96' title="bbox 2168 4481 3806 4569">
    <p class='ocr_par' dir='ltr' id='par_1_96' title="bbox 2168 4486 3806 4569">
     <span class='ocr_line' id='line_1_96' title="bbox 2168 4486 3806 4569; baseline -0.002 -23"><span class='ocrx_word' id='word_1_696' title='bbox 2168 4486 2464 4569; x_wconf 73' lang='grc' dir='ltr'>ὲπικερδοῧς</span> <span class='ocrx_word' id='word_1_697' title='bbox 2522 4490 2640 4547; x_wconf 81' lang='grc' dir='ltr'>λίαν</span> <span class='ocrx_word' id='word_1_698' title='bbox 2669 4491 2757 4546; x_wconf 85' lang='grc' dir='ltr'><strong>καὶ</strong></span> <span class='ocrx_word' id='word_1_699' title='bbox 2798 4489 3086 4567; x_wconf 69' lang='grc' dir='ltr'>ὡιρελίμου.</span> <span class='ocrx_word' id='word_1_700' title='bbox 3149 4490 3343 4546; x_wconf 75' lang='grc' dir='ltr'>Αὐτίκα</span> <span class='ocrx_word' id='word_1_701' title='bbox 3404 4499 3528 4567; x_wconf 78' lang='grc' dir='ltr'>γοῦν</span> <span class='ocrx_word' id='word_1_702' title='bbox 3563 4489 3635 4551; x_wconf 83' lang='grc' dir='ltr'>εἷς</span> <span class='ocrx_word' id='word_1_703' title='bbox 3688 4486 3806 4564; x_wconf 85' lang='grc' dir='ltr'>γόνυ</span> 
     </span>
    </p>
   </div>
   <div class='ocr_carea' id='block_1_97' title="bbox 423 4570 2080 4659">
    <p class='ocr_par' dir='ltr' id='par_1_97' title="bbox 423 4570 2077 4650">
     <span class='ocr_line' id='line_1_97' title="bbox 423 4570 2077 4650; baseline -0.001 -11"><span class='ocrx_word' id='word_1_704' title='bbox 423 4572 976 4639; x_wconf 86' lang='lat' dir='ltr'><strong>cibilem.Protinus</strong></span> <span class='ocrx_word' id='word_1_705' title='bbox 997 4588 1137 4650; x_wconf 78' lang='lat' dir='ltr'><strong>ergo</strong></span> <span class='ocrx_word' id='word_1_706' title='bbox 1158 4570 1410 4650; x_wconf 76' lang='lat' dir='ltr'><strong>genibus</strong></span> <span class='ocrx_word' id='word_1_707' title='bbox 1437 4571 1635 4647; x_wconf 75' lang='lat' dir='ltr'><strong>ﬂexis,</strong></span> <span class='ocrx_word' id='word_1_708' title='bbox 1664 4591 1796 4633; x_wconf 92' lang='lat' dir='ltr'><strong>cum</strong></span> <span class='ocrx_word' id='word_1_709' title='bbox 1822 4592 1886 4636; x_wconf 90' lang='lat' dir='ltr'><strong>se</strong></span> <span class='ocrx_word' id='word_1_710' title='bbox 1909 4575 2077 4637; x_wconf 90' lang='lat' dir='ltr'><strong>humi</strong></span> 
     </span>
    </p>
   </div>
   <div class='ocr_carea' id='block_1_98' title="bbox 2168 4570 3805 4659">
    <p class='ocr_par' dir='ltr' id='par_1_98' title="bbox 2168 4576 3805 4659">
     <span class='ocr_line' id='line_1_98' title="bbox 2168 4576 3805 4659; baseline -0.002 -23"><span class='ocrx_word' id='word_1_711' title='bbox 2168 4579 2359 4643; x_wconf 69' lang='grc' dir='ltr'>κλιθεὶς</span> <span class='ocrx_word' id='word_1_712' title='bbox 2415 4581 2504 4636; x_wconf 85' lang='grc' dir='ltr'><strong>καὶ</strong></span> <span class='ocrx_word' id='word_1_713' title='bbox 2535 4582 2664 4658; x_wconf 81' lang='grc' dir='ltr'>πρὸς</span> <span class='ocrx_word' id='word_1_714' title='bbox 2724 4585 2827 4658; x_wconf 81' lang='grc' dir='ltr'>γῆν</span> <span class='ocrx_word' id='word_1_715' title='bbox 2856 4578 3057 4657; x_wconf 80' lang='grc' dir='ltr'>ἐρείσας</span> <span class='ocrx_word' id='word_1_716' title='bbox 3112 4581 3172 4635; x_wconf 75' lang='grc' dir='ltr'>τὸ</span> <span class='ocrx_word' id='word_1_717' title='bbox 3220 4579 3533 4659; x_wconf 77' lang='grc' dir='ltr'>πρόσωπον,</span> <span class='ocrx_word' id='word_1_718' title='bbox 3568 4576 3805 4652; x_wconf 72' lang='grc' dir='ltr'>Εὔλόγη-</span> 
     </span>
    </p>
   </div>
   <div class='ocr_carea' id='block_1_99' title="bbox 418 4660 2080 4749">
    <p class='ocr_par' dir='ltr' id='par_1_99' title="bbox 418 4660 2076 4749">
     <span class='ocr_line' id='line_1_99' title="bbox 418 4660 2076 4749; baseline -0.001 -21"><span class='ocrx_word' id='word_1_719' title='bbox 418 4660 1069 4749; x_wconf 80' lang='lat' dir='ltr'><strong>projecissetzBenedic</strong></span> <span class='ocrx_word' id='word_1_720' title='bbox 1097 4660 1685 4749; x_wconf 76' lang='lat' dir='ltr'><strong>mihi,inquit,l’ater,</strong></span> <span class='ocrx_word' id='word_1_721' title='bbox 1710 4661 1828 4743; x_wconf 81' lang='lat' dir='ltr'><strong>Ego</strong></span> <span class='ocrx_word' id='word_1_722' title='bbox 1850 4672 2076 4746; x_wconf 86' lang='lat' dir='ltr'><strong>autem,</strong></span> 
     </span>
    </p>
   </div>
   <div class='ocr_carea' id='block_1_100' title="bbox 2168 4660 3803 4749">
    <p class='ocr_par' dir='ltr' id='par_1_100' title="bbox 2168 4660 3803 4749">
     <span class='ocr_line' id='line_1_100' title="bbox 2168 4660 3803 4749; baseline -0.004 -24"><span class='ocrx_word' id='word_1_723' title='bbox 2168 4669 2240 4725; x_wconf 84' lang='grc' dir='ltr'><strong>σίν</strong></span> <span class='ocrx_word' id='word_1_724' title='bbox 2271 4667 2335 4737; x_wconf 80' lang='grc' dir='ltr'>δὴ</span> <span class='ocrx_word' id='word_1_725' title='bbox 2387 4668 2478 4744; x_wconf 83' lang='grc' dir='ltr'>μὲ,</span> <span class='ocrx_word' id='word_1_726' title='bbox 2514 4670 2709 4747; x_wconf 77' lang='grc' dir='ltr'>Πάτερ,</span> <span class='ocrx_word' id='word_1_727' title='bbox 2744 4670 2933 4749; x_wconf 74' lang='grc' dir='ltr'>φησὶν,</span> <span class='ocrx_word' id='word_1_728' title='bbox 2965 4670 3078 4749; x_wconf 64' lang='lat' dir='ltr'><strong>Equi)</strong></span> <span class='ocrx_word' id='word_1_729' title='bbox 3128 4667 3182 4724; x_wconf 83' lang='grc' dir='ltr'><strong>δέ</strong></span> <span class='ocrx_word' id='word_1_730' title='bbox 3215 4691 3297 4725; x_wconf 83' lang='grc' dir='ltr'><strong>σοι</strong></span> <span class='ocrx_word' id='word_1_731' title='bbox 3329 4675 3423 4725; x_wconf 82' lang='grc' dir='ltr'>τοῦ</span> <span class='ocrx_word' id='word_1_732' title='bbox 3464 4668 3633 4747; x_wconf 71' lang='grc' dir='ltr'>τάφου</span> <span class='ocrx_word' id='word_1_733' title='bbox 3664 4660 3803 4721; x_wconf 78' lang='grc' dir='ltr'>τοῦδε</span> 
     </span>
    </p>
   </div>
   <div class='ocr_carea' id='block_1_101' title="bbox 423 4748 2080 4837">
    <p class='ocr_par' dir='ltr' id='par_1_101' title="bbox 423 4748 2077 4831">
     <span class='ocr_line' id='line_1_101' title="bbox 423 4748 2077 4831; baseline 0 -15"><span class='ocrx_word' id='word_1_734' title='bbox 423 4748 833 4831; x_wconf 77' lang='lat' dir='ltr'><strong>iaquit,hujus</strong></span> <span class='ocrx_word' id='word_1_735' title='bbox 858 4748 1118 4830; x_wconf 83' lang='lat' dir='ltr'><strong>sepulcri</strong></span> <span class='ocrx_word' id='word_1_736' title='bbox 1139 4749 1328 4830; x_wconf 91' lang='lat' dir='ltr'><strong>primo</strong></span> <span class='ocrx_word' id='word_1_737' title='bbox 1349 4751 1664 4813; x_wconf 83' lang='lat' dir='ltr'><strong>celebrabo</strong></span> <span class='ocrx_word' id='word_1_738' title='bbox 1685 4755 2077 4817; x_wconf 68' lang='lat' dir='ltr'><strong>encaeniaﬂic</strong></span> 
     </span>
    </p>
   </div>
   <div class='ocr_carea' id='block_1_102' title="bbox 2168 4748 3803 4837">
    <p class='ocr_par' dir='ltr' id='par_1_102' title="bbox 2168 4748 3803 4837">
     <span class='ocr_line' id='line_1_102' title="bbox 2168 4748 3803 4837; baseline -0.003 -23"><span class='ocrx_word' id='word_1_739' title='bbox 2168 4761 2368 4835; x_wconf 79' lang='grc' dir='ltr'>πρῶτος</span> <span class='ocrx_word' id='word_1_740' title='bbox 2425 4757 2760 4837; x_wconf 82' lang='grc' dir='ltr'>ἐγκαινιστος</span> <span class='ocrx_word' id='word_1_741' title='bbox 2823 4756 3037 4834; x_wconf 59' lang='grc' dir='ltr'>ἔσομαι.</span> <span class='ocrx_word' id='word_1_742' title='bbox 3103 4748 3160 4816; x_wconf 66' lang='grc' dir='ltr'>Ὀ</span> <span class='ocrx_word' id='word_1_743' title='bbox 3205 4759 3307 4835; x_wconf 77' lang='grc' dir='ltr'>μὲν</span> <span class='ocrx_word' id='word_1_744' title='bbox 3350 4757 3437 4814; x_wconf 82' lang='grc' dir='ltr'><strong>οὖν</strong></span> <span class='ocrx_word' id='word_1_745' title='bbox 3499 4754 3641 4829; x_wconf 76' lang='grc' dir='ltr'>ἧτει,</span> <span class='ocrx_word' id='word_1_746' title='bbox 3673 4756 3700 4809; x_wconf 87' lang='grc' dir='ltr'>ὁ</span> <span class='ocrx_word' id='word_1_747' title='bbox 3754 4748 3803 4806; x_wconf 77' lang='grc' dir='ltr'>δὲ</span> 
     </span>
    </p>
   </div>
   <div class='ocr_carea' id='block_1_103' title="bbox 424 4837 2080 4928">
    <p class='ocr_par' dir='ltr' id='par_1_103' title="bbox 424 4839 2074 4924">
     <span class='ocr_line' id='line_1_103' title="bbox 424 4839 2074 4924; baseline -0.001 -17"><span class='ocrx_word' id='word_1_748' title='bbox 424 4863 567 4924; x_wconf 82' lang='lat' dir='ltr'><strong>ergo</strong></span> <span class='ocrx_word' id='word_1_749' title='bbox 591 4841 784 4923; x_wconf 82' lang='lat' dir='ltr'><strong>petiit,</strong></span> <span class='ocrx_word' id='word_1_750' title='bbox 810 4840 912 4901; x_wconf 89' lang='lat' dir='ltr'><strong>ille</strong></span> <span class='ocrx_word' id='word_1_751' title='bbox 933 4857 1072 4901; x_wconf 81' lang='lat' dir='ltr'><strong>vero</strong></span> <span class='ocrx_word' id='word_1_752' title='bbox 1096 4839 1364 4902; x_wconf 89' lang='lat' dir='ltr'><strong>dedit.Et</strong></span> <span class='ocrx_word' id='word_1_753' title='bbox 1389 4841 1584 4921; x_wconf 88' lang='lat' dir='ltr'><strong>ipsum</strong></span> <span class='ocrx_word' id='word_1_754' title='bbox 1606 4841 1844 4921; x_wconf 87' lang='lat' dir='ltr'><strong>quidem</strong></span> <span class='ocrx_word' id='word_1_755' title='bbox 1868 4843 2074 4907; x_wconf 88' lang='lat' dir='ltr'><strong>habuit</strong></span> 
     </span>
    </p>
   </div>
   <div class='ocr_carea' id='block_1_104' title="bbox 2168 4837 3801 4928">
    <p class='ocr_par' dir='ltr' id='par_1_104' title="bbox 2168 4837 3801 4928">
     <span class='ocr_line' id='line_1_104' title="bbox 2168 4837 3801 4928; baseline -0.006 -24"><span class='ocrx_word' id='word_1_756' title='bbox 2168 4845 2345 4904; x_wconf 63' lang='grc' dir='ltr'>ἐδίδοω</span> <span class='ocrx_word' id='word_1_757' title='bbox 2406 4848 2495 4903; x_wconf 86' lang='grc' dir='ltr'><strong>καὶ</strong></span> <span class='ocrx_word' id='word_1_758' title='bbox 2554 4847 2581 4902; x_wconf 85' lang='grc' dir='ltr'><strong>δ</strong></span> <span class='ocrx_word' id='word_1_759' title='bbox 2640 4847 2738 4923; x_wconf 82' lang='grc' dir='ltr'>μὲν</span> <span class='ocrx_word' id='word_1_760' title='bbox 2790 4869 2953 4928; x_wconf 71' lang='grc' dir='ltr'>ταφος</span> <span class='ocrx_word' id='word_1_761' title='bbox 3015 4850 3172 4927; x_wconf 85' lang='grc' dir='ltr'>εἶχεν</span> <span class='ocrx_word' id='word_1_762' title='bbox 3230 4846 3409 4909; x_wconf 77' lang='grc' dir='ltr'>αὐτόν,</span> <span class='ocrx_word' id='word_1_763' title='bbox 3456 4843 3699 4902; x_wconf 82' lang='grc' dir='ltr'>Ἐκὲλευε</span> <span class='ocrx_word' id='word_1_764' title='bbox 3751 4837 3801 4895; x_wconf 82' lang='grc' dir='ltr'><em>δέ</em></span> 
     </span>
    </p>
   </div>
   <div class='ocr_carea' id='block_1_105' title="bbox 426 4927 2080 5016">
    <p class='ocr_par' dir='ltr' id='par_1_105' title="bbox 426 4927 2071 5016">
     <span class='ocr_line' id='line_1_105' title="bbox 426 4927 2071 5016; baseline -0.001 -19"><span class='ocrx_word' id='word_1_765' title='bbox 426 4935 791 5016; x_wconf 89' lang='lat' dir='ltr'><strong>sepulcrum.</strong></span> <span class='ocrx_word' id='word_1_766' title='bbox 847 4927 1022 4992; x_wconf 81' lang='lat' dir='ltr'><strong>Jubet</strong></span> <span class='ocrx_word' id='word_1_767' title='bbox 1052 4938 1248 4990; x_wconf 64' lang='lat' dir='ltr'><strong>autem</strong></span> <span class='ocrx_word' id='word_1_768' title='bbox 1304 4932 1478 4993; x_wconf 86' lang='lat' dir='ltr'><strong>Pater</strong></span> <span class='ocrx_word' id='word_1_769' title='bbox 1507 4931 1707 4993; x_wconf 88' lang='lat' dir='ltr'><strong>omnia</strong></span> <span class='ocrx_word' id='word_1_770' title='bbox 1757 4933 1868 5014; x_wconf 92' lang='lat' dir='ltr'><strong>ipsi</strong></span> <span class='ocrx_word' id='word_1_771' title='bbox 1917 4934 2071 5010; x_wconf 84' lang='lat' dir='ltr'><strong>fieri,</strong></span> 
     </span>
    </p>
   </div>
   <div class='ocr_carea' id='block_1_106' title="bbox 2168 4927 3803 5016">
    <p class='ocr_par' dir='ltr' id='par_1_106' title="bbox 2168 4927 3803 5014">
     <span class='ocr_line' id='line_1_106' title="bbox 2168 4927 3803 5014; baseline -0.004 -22"><span class='ocrx_word' id='word_1_772' title='bbox 2168 4939 2187 4992; x_wconf 72' lang='grc'>5</span> <span class='ocrx_word' id='word_1_773' title='bbox 2246 4936 2425 5014; x_wconf 76' lang='grc' dir='ltr'>Πατὴρ</span> <span class='ocrx_word' id='word_1_774' title='bbox 2456 4935 2628 4993; x_wconf 69' lang='grc' dir='ltr'>πάντα</span> <span class='ocrx_word' id='word_1_775' title='bbox 2664 4935 2748 4993; x_wconf 83' lang='grc' dir='ltr'><strong>ἐπ’</strong></span> <span class='ocrx_word' id='word_1_776' title='bbox 2785 4927 2926 5012; x_wconf 69' lang='grc' dir='ltr'>αὐτῷ</span> <span class='ocrx_word' id='word_1_777' title='bbox 2974 4948 3150 4994; x_wconf 79' lang='grc' dir='ltr'>ποιεῖν</span> <span class='ocrx_word' id='word_1_778' title='bbox 3181 4935 3277 4992; x_wconf 67' lang='grc' dir='ltr'><strong>ὅσα</strong></span> <span class='ocrx_word' id='word_1_779' title='bbox 3306 4935 3466 5010; x_wconf 73' lang='grc' dir='ltr'>νόμος</span> <span class='ocrx_word' id='word_1_780' title='bbox 3501 4933 3556 4989; x_wconf 80' lang='grc' dir='ltr'>ὲν</span> <span class='ocrx_word' id='word_1_781' title='bbox 3584 4929 3803 4989; x_wconf 78' lang='grc' dir='ltr'>τεθνεῶ-</span> 
     </span>
    </p>
   </div>
   <div class='ocr_carea' id='block_1_107' title="bbox 424 5020 2080 5106">
    <p class='ocr_par' dir='ltr' id='par_1_107' title="bbox 424 5021 2074 5106">
     <span class='ocr_line' id='line_1_107' title="bbox 424 5021 2074 5106; baseline -0.002 -18"><span class='ocrx_word' id='word_1_782' title='bbox 424 5043 553 5106; x_wconf 71' lang='lat' dir='ltr'><strong>qum</strong></span> <span class='ocrx_word' id='word_1_783' title='bbox 588 5024 679 5086; x_wconf 81' lang='lat' dir='ltr'><strong>lex</strong></span> <span class='ocrx_word' id='word_1_784' title='bbox 707 5021 827 5082; x_wconf 91' lang='lat' dir='ltr'><strong>vult</strong></span> <span class='ocrx_word' id='word_1_785' title='bbox 856 5021 982 5081; x_wconf 81' lang='lat' dir='ltr'><strong>fieri</strong></span> <span class='ocrx_word' id='word_1_786' title='bbox 1017 5021 1264 5081; x_wconf 90' lang='lat' dir='ltr'><strong>mortuis</strong></span> <span class='ocrx_word' id='word_1_787' title='bbox 1302 5040 1316 5095; x_wconf 88' lang='lat'><strong>;</strong></span> <span class='ocrx_word' id='word_1_788' title='bbox 1364 5026 1664 5096; x_wconf 69' lang='lat' dir='ltr'><strong>tertianas,</strong></span> <span class='ocrx_word' id='word_1_789' title='bbox 1702 5023 1968 5104; x_wconf 81' lang='lat' dir='ltr'><strong>inquam,</strong></span> <span class='ocrx_word' id='word_1_790' title='bbox 2015 5034 2074 5088; x_wconf 89' lang='lat' dir='ltr'><strong>et</strong></span> 
     </span>
    </p>
   </div>
   <div class='ocr_carea' id='block_1_108' title="bbox 2168 5020 3801 5106">
    <p class='ocr_par' dir='ltr' id='par_1_108' title="bbox 2168 5020 3801 5105">
     <span class='ocr_line' id='line_1_108' title="bbox 2168 5020 3801 5105; baseline -0.003 -24"><span class='ocrx_word' id='word_1_791' title='bbox 2168 5027 2237 5082; x_wconf 64' lang='grc' dir='ltr'><strong>νίν</strong></span> <span class='ocrx_word' id='word_1_792' title='bbox 2296 5024 2428 5081; x_wconf 79' lang='grc' dir='ltr'>ἐστι·</span> <span class='ocrx_word' id='word_1_793' title='bbox 2493 5026 2663 5105; x_wconf 85' lang='grc' dir='ltr'>τρὶτα,</span> <span class='ocrx_word' id='word_1_794' title='bbox 2729 5030 2889 5105; x_wconf 63' lang='grc' dir='ltr'>ιρημὶ,</span> <span class='ocrx_word' id='word_1_795' title='bbox 2941 5027 3026 5082; x_wconf 75' lang='grc' dir='ltr'><strong>καὶ</strong></span> <span class='ocrx_word' id='word_1_796' title='bbox 3087 5025 3298 5098; x_wconf 73' lang='grc' dir='ltr'>ἒννατα,</span> <span class='ocrx_word' id='word_1_797' title='bbox 3353 5025 3439 5083; x_wconf 86' lang='grc' dir='ltr'><strong>καὶ</strong></span> <span class='ocrx_word' id='word_1_798' title='bbox 3508 5020 3801 5082; x_wconf 73' lang='grc' dir='ltr'>ἀκολούθως</span> 
     </span>
    </p>
   </div>
   <div class='ocr_carea' id='block_1_109' title="bbox 422 5110 2080 5194">
    <p class='ocr_par' dir='ltr' id='par_1_109' title="bbox 422 5111 2068 5192">
     <span class='ocr_line' id='line_1_109' title="bbox 422 5111 2068 5192; baseline -0.001 -14"><span class='ocrx_word' id='word_1_799' title='bbox 422 5125 773 5187; x_wconf 88' lang='lat' dir='ltr'><strong>novenas,et</strong></span> <span class='ocrx_word' id='word_1_800' title='bbox 804 5119 1246 5191; x_wconf 88' lang='lat' dir='ltr'><strong>consequenter</strong></span> <span class='ocrx_word' id='word_1_801' title='bbox 1273 5111 1446 5172; x_wconf 90' lang='lat' dir='ltr'><strong>etiam</strong></span> <span class='ocrx_word' id='word_1_802' title='bbox 1483 5112 2068 5192; x_wconf 86' lang='lat' dir='ltr'><strong>quadragenas.Cum</strong></span> 
     </span>
    </p>
   </div>
   <div class='ocr_carea' id='block_1_110' title="bbox 2168 5110 3797 5194">
    <p class='ocr_par' dir='ltr' id='par_1_110' title="bbox 2168 5110 3797 5194">
     <span class='ocr_line' id='line_1_110' title="bbox 2168 5110 3797 5194; baseline -0.004 -23"><span class='ocrx_word' id='word_1_803' title='bbox 2168 5112 2221 5183; x_wconf 63' lang='grc' dir='ltr'><strong>ῗὴ</strong></span> <span class='ocrx_word' id='word_1_804' title='bbox 2279 5116 2698 5194; x_wconf 81' lang='grc' dir='ltr'>τεσσαρακοστα,</span> <span class='ocrx_word' id='word_1_805' title='bbox 2732 5114 2871 5181; x_wconf 79' lang='grc' dir='ltr'>’Ὁδη</span> <span class='ocrx_word' id='word_1_806' title='bbox 2928 5112 2982 5170; x_wconf 69' lang='grc' dir='ltr'>δὲ</span> <span class='ocrx_word' id='word_1_807' title='bbox 3010 5120 3118 5170; x_wconf 81' lang='grc' dir='ltr'>τῶν</span> <span class='ocrx_word' id='word_1_808' title='bbox 3161 5117 3601 5194; x_wconf 84' lang='grc' dir='ltr'>τεσσπρακοστῶν</span> <span class='ocrx_word' id='word_1_809' title='bbox 3642 5110 3797 5187; x_wconf 84' lang='grc' dir='ltr'>πέρας</span> 
     </span>
    </p>
   </div>
   <div class='ocr_carea' id='block_1_111' title="bbox 419 5198 2080 5285">
    <p class='ocr_par' dir='ltr' id='par_1_111' title="bbox 419 5199 2068 5284">
     <span class='ocr_line' id='line_1_111' title="bbox 419 5199 2068 5284; baseline -0.004 -16"><span class='ocrx_word' id='word_1_810' title='bbox 419 5216 622 5268; x_wconf 89' lang='lat' dir='ltr'><strong>autem</strong></span> <span class='ocrx_word' id='word_1_811' title='bbox 646 5203 771 5283; x_wconf 87' lang='lat' dir='ltr'><strong>jam</strong></span> <span class='ocrx_word' id='word_1_812' title='bbox 804 5201 985 5262; x_wconf 84' lang='lat' dir='ltr'><strong>linem</strong></span> <span class='ocrx_word' id='word_1_813' title='bbox 1018 5199 1362 5280; x_wconf 88' lang='lat' dir='ltr'><strong>acciperent</strong></span> <span class='ocrx_word' id='word_1_814' title='bbox 1394 5203 1882 5282; x_wconf 75' lang='lat' dir='ltr'><strong>quadragenae,(o</strong></span> <span class='ocrx_word' id='word_1_815' title='bbox 1913 5222 2068 5284; x_wconf 85' lang='lat' dir='ltr'><strong>quo-</strong></span> 
     </span>
    </p>
   </div>
   <div class='ocr_carea' id='block_1_112' title="bbox 2168 5198 3797 5285">
    <p class='ocr_par' dir='ltr' id='par_1_112' title="bbox 2168 5198 3797 5285">
     <span class='ocr_line' id='line_1_112' title="bbox 2168 5198 3797 5285; baseline -0.005 -25"><span class='ocrx_word' id='word_1_816' title='bbox 2168 5206 2397 5285; x_wconf 68' lang='grc' dir='ltr'>ἑχοὺσῶν</span> <span class='ocrx_word' id='word_1_817' title='bbox 2434 5204 2502 5284; x_wconf 78' lang='grc' dir='ltr'><strong>(ὣ</strong></span> <span class='ocrx_word' id='word_1_818' title='bbox 2545 5209 2658 5270; x_wconf 83' lang='grc' dir='ltr'>πῶς</span> <span class='ocrx_word' id='word_1_819' title='bbox 2691 5204 2752 5260; x_wconf 76' lang='grc' dir='ltr'><strong>ἂν</strong></span> <span class='ocrx_word' id='word_1_820' title='bbox 2797 5207 2822 5260; x_wconf 81' lang='lat'><strong>6</strong></span> <span class='ocrx_word' id='word_1_821' title='bbox 2870 5203 3028 5282; x_wconf 81' lang='grc' dir='ltr'>λόγος</span> <span class='ocrx_word' id='word_1_822' title='bbox 3056 5202 3286 5272; x_wconf 86' lang='grc' dir='ltr'>δηλώσει</span> <span class='ocrx_word' id='word_1_823' title='bbox 3330 5206 3391 5260; x_wconf 77' lang='grc' dir='ltr'>τὸ</span> <span class='ocrx_word' id='word_1_824' title='bbox 3427 5206 3513 5259; x_wconf 84' lang='grc' dir='ltr'>καὶ</span> <span class='ocrx_word' id='word_1_825' title='bbox 3543 5201 3659 5258; x_wconf 89' lang='grc' dir='ltr'>λίαν</span> <span class='ocrx_word' id='word_1_826' title='bbox 3705 5198 3797 5273; x_wconf 77' lang='grc' dir='ltr'>μὲν</span> 
     </span>
    </p>
   </div>
   <div class='ocr_carea' id='block_1_113' title="bbox 422 5288 2065 5373">
    <p class='ocr_par' dir='ltr' id='par_1_113' title="bbox 422 5288 2065 5373">
     <span class='ocr_line' id='line_1_113' title="bbox 422 5288 2065 5373; baseline -0.002 -16"><span class='ocrx_word' id='word_1_827' title='bbox 422 5295 597 5357; x_wconf 90' lang='lat' dir='ltr'><strong>modo</strong></span> <span class='ocrx_word' id='word_1_828' title='bbox 621 5289 1003 5373; x_wconf 84' lang='lat' dir='ltr'><strong>explicaverit</strong></span> <span class='ocrx_word' id='word_1_829' title='bbox 1028 5292 1215 5351; x_wconf 90' lang='lat' dir='ltr'><strong>oratio</strong></span> <span class='ocrx_word' id='word_1_830' title='bbox 1241 5288 1300 5350; x_wconf 94' lang='lat' dir='ltr'><strong>id</strong></span> <span class='ocrx_word' id='word_1_831' title='bbox 1324 5291 1480 5370; x_wconf 87' lang='lat' dir='ltr'><strong>quod</strong></span> <span class='ocrx_word' id='word_1_832' title='bbox 1514 5302 1603 5352; x_wconf 89' lang='lat' dir='ltr'><strong>est</strong></span> <span class='ocrx_word' id='word_1_833' title='bbox 1634 5291 1802 5354; x_wconf 85' lang='lat' dir='ltr'><strong>valde</strong></span> <span class='ocrx_word' id='word_1_834' title='bbox 1825 5293 2065 5372; x_wconf 90' lang='lat' dir='ltr'><strong>quidem</strong></span> 
     </span>
    </p>
   </div>
   <div class='ocr_carea' id='block_1_114' title="bbox 420 5383 2067 5459">
    <p class='ocr_par' dir='ltr' id='par_1_114' title="bbox 420 5383 2067 5459">
     <span class='ocr_line' id='line_1_114' title="bbox 420 5383 2067 5459; baseline -0.001 -15"><span class='ocrx_word' id='word_1_835' title='bbox 420 5402 642 5455; x_wconf 87' lang='lat' dir='ltr'><strong>verum,</strong></span> <span class='ocrx_word' id='word_1_836' title='bbox 665 5385 766 5443; x_wconf 89' lang='lat' dir='ltr'><strong>sed</strong></span> <span class='ocrx_word' id='word_1_837' title='bbox 787 5394 874 5442; x_wconf 89' lang='lat' dir='ltr'><strong>est</strong></span> <span class='ocrx_word' id='word_1_838' title='bbox 896 5383 1059 5441; x_wconf 88' lang='lat' dir='ltr'><strong>valde</strong></span> <span class='ocrx_word' id='word_1_839' title='bbox 1082 5384 1303 5441; x_wconf 84' lang='lat' dir='ltr'><strong>credita</strong></span> <span class='ocrx_word' id='word_1_840' title='bbox 1327 5383 1881 5456; x_wconf 55' lang='lat' dir='ltr'><strong>diﬁcilemropterea</strong></span> <span class='ocrx_word' id='word_1_841' title='bbox 1916 5387 2067 5459; x_wconf 89' lang='lat' dir='ltr'><strong>quod</strong></span> 
     </span>
    </p>
   </div>
   <div class='ocr_carea' id='block_1_115' title="bbox 423 5468 2068 5551">
    <p class='ocr_par' dir='ltr' id='par_1_115' title="bbox 423 5468 2068 5551">
     <span class='ocr_line' id='line_1_115' title="bbox 423 5468 2068 5551; baseline -0.001 -15"><span class='ocrx_word' id='word_1_842' title='bbox 423 5475 662 5536; x_wconf 87' lang='lat' dir='ltr'><strong>modum</strong></span> <span class='ocrx_word' id='word_1_843' title='bbox 697 5477 1014 5551; x_wconf 84' lang='lat' dir='ltr'><strong>exsuperat</strong></span> <span class='ocrx_word' id='word_1_844' title='bbox 1048 5477 1084 5546; x_wconf 85' lang='lat' dir='ltr'><strong>t)</strong></span> <span class='ocrx_word' id='word_1_845' title='bbox 1108 5468 1361 5531; x_wconf 90' lang='lat' dir='ltr'><strong>Basilius</strong></span> <span class='ocrx_word' id='word_1_846' title='bbox 1392 5488 1590 5550; x_wconf 90' lang='lat' dir='ltr'><strong>neque</strong></span> <span class='ocrx_word' id='word_1_847' title='bbox 1619 5489 1653 5532; x_wconf 90' lang='lat' dir='ltr'><strong>a</strong></span> <span class='ocrx_word' id='word_1_848' title='bbox 1692 5470 1859 5533; x_wconf 81' lang='lat' dir='ltr'><strong>febre</strong></span> <span class='ocrx_word' id='word_1_849' title='bbox 1896 5489 2068 5535; x_wconf 87' lang='lat' dir='ltr'><strong>arre-</strong></span> 
     </span>
    </p>
   </div>
   <div class='ocr_carea' id='block_1_116' title="bbox 425 5558 2065 5642">
    <p class='ocr_par' dir='ltr' id='par_1_116' title="bbox 425 5558 2065 5642">
     <span class='ocr_line' id='line_1_116' title="bbox 425 5558 2065 5642; baseline 0.001 -20"><span class='ocrx_word' id='word_1_850' title='bbox 425 5572 704 5642; x_wconf 88' lang='lat' dir='ltr'><strong>ptus,nec</strong></span> <span class='ocrx_word' id='word_1_851' title='bbox 727 5558 940 5639; x_wconf 88' lang='lat' dir='ltr'><strong>capitis</strong></span> <span class='ocrx_word' id='word_1_852' title='bbox 959 5559 1168 5621; x_wconf 89' lang='lat' dir='ltr'><strong>dolore</strong></span> <span class='ocrx_word' id='word_1_853' title='bbox 1189 5568 1570 5635; x_wconf 80' lang='lat' dir='ltr'><strong>vexatus,nec</strong></span> <span class='ocrx_word' id='word_1_854' title='bbox 1588 5560 1771 5621; x_wconf 92' lang='lat' dir='ltr'><strong>ullum</strong></span> <span class='ocrx_word' id='word_1_855' title='bbox 1800 5559 2065 5623; x_wconf 89' lang='lat' dir='ltr'><strong>dolorem</strong></span> 
     </span>
    </p>
   </div>
   <div class='ocr_carea' id='block_1_117' title="bbox 421 5646 2066 5733">
    <p class='ocr_par' dir='ltr' id='par_1_117' title="bbox 421 5646 2066 5733">
     <span class='ocr_line' id='line_1_117' title="bbox 421 5646 2066 5733; baseline -0.001 -16"><span class='ocrx_word' id='word_1_856' title='bbox 421 5652 688 5717; x_wconf 71' lang='lat' dir='ltr'><strong>Sentiens</strong></span> <span class='ocrx_word' id='word_1_857' title='bbox 717 5650 776 5708; x_wconf 88' lang='lat' dir='ltr'><strong>in</strong></span> <span class='ocrx_word' id='word_1_858' title='bbox 838 5648 959 5710; x_wconf 88' lang='lat' dir='ltr'><strong>ulla</strong></span> <span class='ocrx_word' id='word_1_859' title='bbox 1016 5659 1181 5731; x_wconf 89' lang='lat' dir='ltr'><strong>parte</strong></span> <span class='ocrx_word' id='word_1_860' title='bbox 1238 5646 1529 5733; x_wconf 77' lang='lat' dir='ltr'><strong>corporis,</strong></span> <span class='ocrx_word' id='word_1_861' title='bbox 1566 5663 1850 5729; x_wconf 87' lang='lat' dir='ltr'><strong>tanquam</strong></span> <span class='ocrx_word' id='word_1_862' title='bbox 1903 5651 2066 5715; x_wconf 90' lang='lat' dir='ltr'><strong>molli</strong></span> 
     </span>
    </p>
   </div>
   <div class='ocr_carea' id='block_1_118' title="bbox 2152 5285 3798 5370">
    <p class='ocr_par' dir='ltr' id='par_1_118' title="bbox 2152 5285 3798 5370">
     <span class='ocr_line' id='line_1_118' title="bbox 2152 5285 3798 5370; baseline 0.001 -20"><span class='ocrx_word' id='word_1_863' title='bbox 2152 5294 2373 5369; x_wconf 79' lang='grc' dir='ltr'>ἀληθὲς,</span> <span class='ocrx_word' id='word_1_864' title='bbox 2448 5293 2565 5351; x_wconf 84' lang='grc' dir='ltr'>λίαν</span> <span class='ocrx_word' id='word_1_865' title='bbox 2644 5292 2698 5350; x_wconf 76' lang='grc' dir='ltr'>δὲ</span> <span class='ocrx_word' id='word_1_866' title='bbox 2769 5298 3112 5361; x_wconf 76' lang='grc' dir='ltr'>πιστευθῆναι</span> <span class='ocrx_word' id='word_1_867' title='bbox 3185 5291 3274 5349; x_wconf 86' lang='grc' dir='ltr'><strong>διὰ</strong></span> <span class='ocrx_word' id='word_1_868' title='bbox 3338 5294 3437 5360; x_wconf 75' lang='grc' dir='ltr'>τὴν</span> <span class='ocrx_word' id='word_1_869' title='bbox 3506 5285 3798 5370; x_wconf 64' lang='grc' dir='ltr'>ὑπερϐολὴν</span> 
     </span>
    </p>
   </div>
   <div class='ocr_carea' id='block_1_119' title="bbox 2153 5377 3802 5463">
    <p class='ocr_par' dir='ltr' id='par_1_119' title="bbox 2153 5377 3802 5463">
     <span class='ocr_line' id='line_1_119' title="bbox 2153 5377 3802 5463; baseline 0.003 -24"><span class='ocrx_word' id='word_1_870' title='bbox 2153 5382 2405 5463; x_wconf 82' lang='grc' dir='ltr'>δυσχερές</span> <span class='ocrx_word' id='word_1_871' title='bbox 2440 5383 2488 5463; x_wconf 71' lang='grc' dir='ltr'>ς)</span> <span class='ocrx_word' id='word_1_872' title='bbox 2541 5385 2568 5440; x_wconf 91' lang='lat'><strong>6</strong></span> <span class='ocrx_word' id='word_1_873' title='bbox 2604 5383 2876 5445; x_wconf 82' lang='grc' dir='ltr'>Βασίλειος</span> <span class='ocrx_word' id='word_1_874' title='bbox 2934 5384 3069 5459; x_wconf 76' lang='grc' dir='ltr'>μήτε</span> <span class='ocrx_word' id='word_1_875' title='bbox 3127 5389 3336 5462; x_wconf 85' lang='grc' dir='ltr'>πυρετῷ</span> <span class='ocrx_word' id='word_1_876' title='bbox 3379 5382 3620 5459; x_wconf 76' lang='grc' dir='ltr'>ληφθεὶς,</span> <span class='ocrx_word' id='word_1_877' title='bbox 3667 5377 3802 5454; x_wconf 75' lang='grc' dir='ltr'>μήτε</span> 
     </span>
    </p>
   </div>
   <div class='ocr_carea' id='block_1_120' title="bbox 2153 5468 3796 5553">
    <p class='ocr_par' dir='ltr' id='par_1_120' title="bbox 2153 5468 3796 5553">
     <span class='ocr_line' id='line_1_120' title="bbox 2153 5468 3796 5553; baseline -0.005 -23"><span class='ocrx_word' id='word_1_878' title='bbox 2153 5472 2392 5553; x_wconf 78' lang='grc' dir='ltr'>κεφαλὴν</span> <span class='ocrx_word' id='word_1_879' title='bbox 2450 5473 2485 5542; x_wconf 74' lang='grc' dir='ltr'>ἢ</span> <span class='ocrx_word' id='word_1_880' title='bbox 2515 5470 2648 5530; x_wconf 79' lang='grc' dir='ltr'>ἄλλο</span> <span class='ocrx_word' id='word_1_881' title='bbox 2702 5496 2756 5530; x_wconf 90' lang='grc' dir='ltr'><strong>τι</strong></span> <span class='ocrx_word' id='word_1_882' title='bbox 2793 5478 2900 5532; x_wconf 83' lang='grc' dir='ltr'>τῶν</span> <span class='ocrx_word' id='word_1_883' title='bbox 2942 5479 3037 5530; x_wconf 81' lang='grc' dir='ltr'><strong>τοῦ</strong></span> <span class='ocrx_word' id='word_1_884' title='bbox 3078 5472 3323 5547; x_wconf 86' lang='grc' dir='ltr'>σώματος</span> <span class='ocrx_word' id='word_1_885' title='bbox 3358 5476 3531 5550; x_wconf 84' lang='grc' dir='ltr'>μερῶν</span> <span class='ocrx_word' id='word_1_886' title='bbox 3562 5468 3796 5546; x_wconf 75' lang='grc' dir='ltr'>ἀλγήσας</span> 
     </span>
    </p>
   </div>
   <div class='ocr_carea' id='block_1_121' title="bbox 2154 5555 3798 5642">
    <p class='ocr_par' dir='ltr' id='par_1_121' title="bbox 2154 5555 3798 5642">
     <span class='ocr_line' id='line_1_121' title="bbox 2154 5555 3798 5642; baseline 0.002 -26"><span class='ocrx_word' id='word_1_887' title='bbox 2154 5561 2345 5642; x_wconf 74' lang='grc' dir='ltr'>μηδὲν,</span> <span class='ocrx_word' id='word_1_888' title='bbox 2378 5561 2557 5640; x_wconf 79' lang='grc' dir='ltr'>ὥσπερ</span> <span class='ocrx_word' id='word_1_889' title='bbox 2588 5562 2750 5620; x_wconf 72' lang='grc' dir='ltr'>ὕπνον</span> <span class='ocrx_word' id='word_1_890' title='bbox 2805 5562 2920 5619; x_wconf 75' lang='grc' dir='ltr'>τινὰ</span> <span class='ocrx_word' id='word_1_891' title='bbox 2974 5560 3216 5636; x_wconf 66' lang='grc' dir='ltr'>μαλακὴν</span> <span class='ocrx_word' id='word_1_892' title='bbox 3267 5562 3354 5619; x_wconf 79' lang='grc' dir='ltr'><strong>καὶ</strong></span> <span class='ocrx_word' id='word_1_893' title='bbox 3401 5557 3612 5629; x_wconf 71' lang='grc' dir='ltr'>ἣδιστον</span> <span class='ocrx_word' id='word_1_894' title='bbox 3670 5555 3798 5634; x_wconf 76' lang='grc' dir='ltr'><strong>ἀφυ-</strong></span> 
     </span>
    </p>
   </div>
   <div class='ocr_carea' id='block_1_122' title="bbox 2152 5646 3796 5734">
    <p class='ocr_par' dir='ltr' id='par_1_122' title="bbox 2152 5646 3796 5734">
     <span class='ocr_line' id='line_1_122' title="bbox 2152 5646 3796 5734; baseline -0.004 -21"><span class='ocrx_word' id='word_1_895' title='bbox 2152 5654 2389 5728; x_wconf 83' lang='grc' dir='ltr'>πνώσας,</span> <span class='ocrx_word' id='word_1_896' title='bbox 2451 5654 2582 5734; x_wconf 85' lang='grc' dir='ltr'>πρὸς</span> <span class='ocrx_word' id='word_1_897' title='bbox 2661 5653 2845 5731; x_wconf 78' lang='grc' dir='ltr'>Κύριον</span> <span class='ocrx_word' id='word_1_898' title='bbox 2916 5650 3180 5729; x_wconf 65' lang='grc' dir='ltr'>ἐξεδῆμει,</span> <span class='ocrx_word' id='word_1_899' title='bbox 3228 5650 3384 5709; x_wconf 82' lang='grc' dir='ltr'>ἆθλον</span> <span class='ocrx_word' id='word_1_900' title='bbox 3453 5652 3551 5716; x_wconf 83' lang='grc' dir='ltr'>τῆς</span> <span class='ocrx_word' id='word_1_901' title='bbox 3610 5646 3796 5729; x_wconf 80' lang='grc' dir='ltr'>ἀρετῆς</span> 
     </span>
    </p>
   </div>
  </div>
