4062 6194
424 319 538 386 48⁸7

1712 319 1993 386 MENSIS
2053 313 2509 388 JANUARIUS.

3683 325 3801 391 488

419 458 682 520 futurum
701 455 928 520 Pascha
950 453 1178 534 absque
1202 453 1585 528 sacriﬁcio,et
1607 453 1833 536 absque
1856 475 2055 539 corpo-

2149 457 2340 535 ἔμελλε
2397 459 2822 526 τελεσθήσεσθαι,
2891 460 3238 539 Πέριστάντες
3315 471 3403 520 οὖν
3460 461 3799 540 κατεγόγγδ-

421 564 490 615 re
512 547 726 611 Christi
750 547 877 608 dies
901 546 1086 607 festus
1109 543 2068 609 celebrandus.Circumsistentes

417 635 625 720 itaque
671 635 957 699 adversus
1015 633 1365 712 magi-trum
1418 633 1896 717 murmurabant,
1931 654 2064 698 cum

421 745 656 790 causam
701 726 915 786 rationi
966 731 1432 786 consentaneam
1457 725 1637 786 veluti
1677 745 1746 787 ex
1773 743 1838 786 re
1859 727 2064 807 cepis-

419 814 688 880 sent.Ille
718 831 856 877 vero
887 831 1020 875 cum
1055 822 1279 875 tantum
1314 813 1800 876 dixissetzParari
1831 824 2066 898 oportet

415 923 643 968 sacram
676 921 968 980 mensam;
1007 903 1376 984 reliquorum
1410 913 1632 978 autem,
1664 905 1875 984 inquit,
1914 906 2062 967 nihil

417 994 523 1057 ulli
553 1012 710 1056 curae
740 997 836 1056 sit.
873 991 1019 1055 Nam
1049 995 1150 1073 qui
1185 993 1325 1054 olim
1382 1001 1465 1054 tot
1510 992 1754 1056 Israelis
1784 995 1970 1057 millia
2001 997 2059 1057 in

414 1083 760 1159 solitudine,
793 1082 1016 1145 deinde
1049 1084 1223 1145 etiam
1278 1102 1396 1145 non
1451 1102 1688 1162 parvam
1725 1085 2058 1148 multitudi-

414 1194 555 1238 nem
588 1173 735 1235 aluit
788 1175 857 1235 ad
914 1173 1274 1246 satietatem,
1315 1173 1412 1233 hic
1445 1177 1573 1252 ipse
1606 1174 1796 1234 nostri
1828 1194 2065 1257 quoque

415 1283 620 1329 curam
654 1263 827 1344 gerit,
864 1281 972 1324 nec
1003 1271 1090 1323 est
1147 1262 1370 1322 viribus
1430 1261 1812 1342 imbecillior,
1849 1283 1960 1327 nec
1989 1267 2062 1328 ad

418 1353 852 1438 providendum
889 1352 1170 1414 debilior.
1207 1349 1345 1413 Hmc
1378 1351 1476 1412 ille
1501 1352 1742 1432 quidem
1765 1353 1930 1415 dixit:
1955 1357 2056 1417 sed

2148 557 2236 620 ζον
2303 549 2479 630 ἡρέμα
2522 558 2614 608 τοῦ
2657 549 3000 626 διδασκάλου,
3067 553 3128 607 τὸ
3190 549 3410 628 εὔλογον
3471 551 3650 630 ὣσπερ
3693 553 3800 608 ἀπὸ

2146 647 2238 697 τοῦ
2297 641 2611 719 πράγματος
2685 641 2986 722 εἰληφότες,
3039 633 3095 699 Ὀ
3156 639 3209 696 δὲ
3278 641 3527 698 τοσοῦτον
3584 642 3748 698 εἰπών
3783 658 3798 670 ·

2148 731 2400 808 Εὖτρεπῶ
2458 732 2557 798 τὴν
2629 732 2769 810 ἱερὰν
2831 732 3096 810 τράπεζαν
3183 731 3425 807 γενέσθαι
3496 734 3633 810 χρὴ⁹
3694 734 3800 788 τῶν

2147 817 2376 901 λοιπῶν,
2449 821 2577 901 ἔφη,
2640 820 2828 896 μηδενὶ
2906 843 3024 900 περι
3097 820 3326 896 μηδενὸς
3411 820 3548 877 ἔστω
3606 821 3794 898 λόγος.

2150 900 2206 966 Ὀ
2265 911 2364 989 γὰρ
2410 900 2576 968 πάλαι
2621 919 2713 968 τοῦ
2779 911 2994 989 ἰσρανὶιλ
3054 911 3146 974 τὰς
3209 911 3468 974 τοσαύταις
3527 909 3581 965 ἐν
3611 913 3800 989 ἐρήμῳ

2145 999 2420 1080 χιλιάδας,
2474 1002 2600 1058 εἶτα
2644 1003 2736 1058 καί
2779 1002 2996 1079 ὕστερον
3045 1003 3139 1057 οὒκ
3188 1001 3367 1078 ὀλίγον
3418 999 3622 1067 πλῆθος
3672 999 3795 1057 δια-

2147 1090 2343 1165 θρέψας
2389 1093 2461 1155 είς
2492 1093 2674 1169 κόρον,
2708 1091 2864 1156 αὒτὸς
2896 1097 3048 1152 οὗτος
3081 1091 3167 1146 καὶ
3196 1092 3351 1165 ἡμῶν
3382 1089 3492 1146 ἐστι
3523 1091 3790 1166 προνοῶν,

2149 1179 2265 1236 οὕτε
2299 1182 2416 1258 περὶ
2455 1181 2553 1247 τὴν
2615 1179 2835 1256 δύναμιν
2894 1180 3268 1256 ἀσθενέστερος
3328 1188 3438 1256 νῠν,
3500 1179 3617 1237 οὔτε
3676 1182 3795 1257 περὶ

2146 1271 2207 1325 τὸ
2265 1284 2513 1348 προνοεῖν
2565 1270 2884 1348 νωθέστερος
2955 1270 3216 1348 γεγονώς.
3278 1267 3428 1326 Ἀλλ’
3486 1269 3632 1334 ὅπως
3691 1272 3792 1326 αὖ·

2144 1364 2221 1432 τῷ
2271 1360 2335 1415 τὰ
2394 1361 2609 1437 ῥήματα
2673 1363 2758 1418 καὶ
2818 1363 2890 1426 εἷς
2966 1361 3296 1438 πραγμάτων
3347 1357 3568 1432 δύναμιν
3601 1361 3662 1415 τδ
3691 1360 3794 1420 τά·

414 1443 918 1528 quemadmodum
977 1444 1106 1520 ejus
1165 1441 1344 1503 verba
1407 1441 1681 1504 effectum
1716 1443 1835 1504 sint
1884 1464 2055 1523 quam

2145 1473 2246 1527 χος
2307 1447 2484 1524 ἐξέϐη,
2516 1453 2605 1506 καὶ
2635 1451 2729 1518 τῆς
2776 1447 2988 1512 ἐλπίδος
3020 1451 3142 1512 τοὺς
3202 1450 3460 1528 φοιτητὰς
3495 1452 3552 1507 οὗ
3583 1447 3792 1523 διέψευο

413 1537 672 1618 primum
731 1545 1073 1607 consecuta,
1139 1549 1247 1592 nec
1283 1532 1410 1612 ipsa
1441 1531 1848 1594 fraudaverim
1876 1533 2055 1596 disci-

2144 1561 2258 1612 σεν,
2293 1542 2320 1596 ὂ
2352 1538 2512 1618 λόγος
2547 1539 2651 1607 ἤδη
2683 1540 2819 1596 κατὰ
2851 1539 3017 1602 πόδας
3045 1538 3185 1618 ἐρεῖ.

415 1624 876 1708 pulos,jamjam
905 1622 1062 1683 dicet
1093 1621 1304 1683 oratio.

494 1712 910 1787 90.Quomodo
930 1711 1088 1774 enim
1113 1711 1254 1773 olim
1275 1710 1400 1772 ovis
1431 1710 1488 1771 in
1513 1711 1797 1792 vepribus
1818 1731 1851 1774 a
1873 1713 2055 1777 Sabec

2223 1717 2296 1779 κ’,
2345 1718 2556 1797 ’Ὠσπερ
2585 1720 2684 1797 γὰρ
2741 1717 2905 1775 πάλαι
2956 1719 3018 1774 τὸ
3053 1716 3317 1795 πρόϐατον
3347 1717 3400 1773 ἐν
3433 1720 3578 1797 φυτῷ
3610 1716 3790 1774 Σαϐὲκ

412 1801 1013 1886 413)ο(1ΐυίῐ,Αι)ι·ειιω
1036 1809 1235 1882 parata
1257 1802 1327 1862 ad
1351 1800 1868 1878 holocaustum;ita
1883 1811 2055 1865 etiam

2142 1815 2218 1880 τῷ
2288 1805 2530 1884 Ἀϐραὰμ
2605 1808 2846 1885 παρέστη
2916 1809 3046 1886 πρὸς
3112 1806 3481 1885 ὀλοκάρπωσιν
3542 1806 3783 1882 ἕτοιμον,

410 1899 552 1960 huic
578 1913 812 1976 quoque
841 1894 1041 1965 Beato,
1077 1890 1205 1951 sole
1252 1890 1376 1970 jam
1406 1897 1626 1951 terram
1653 1891 2053 1973 relinquente,

2141 1897 2280 1954 οὕτω
2336 1895 2396 1963 δὴ
2453 1899 2537 1952 καὶ
2598 1895 2728 1970 τῷδε
2786 1903 2862 1972 τῷ
2925 1897 3191 1977 μακαρίῳ,
3252 1903 3342 1952 τοὺ
3401 1896 3552 1964 ἡλίου
3595 1896 3787 1953 λοιπον

409 1991 632 2047 accedit
655 1986 888 2058 quidam
913 1997 1016 2054 par
1036 1983 1326 2038 mulorum
1355 1982 1594 2044 ducens.
1629 1996 1731 2052 per
1752 1998 1896 2054 quos
1926 1985 2057 2041 atie-

407 2073 654 2136 robatur
675 2069 910 2130 sarcina
927 2067 1225 2128 variorum
1246 2065 2057 2140 alimentorum,convenien-

412 2163 558 2224 tium
593 2157 935 2222 hominibus
993 2157 1096 2238 qui
1129 2174 1193 2218 se
1226 2163 1511 2218 exercent
1543 2178 1556 2218 :
1605 2164 1666 2218 et
1714 2174 1824 2218 nec
1851 2157 2058 2221 aberat

409 2252 654 2330 quidem
676 2251 803 2329 ipse
818 2266 1001 2309 sacrm
1017 2247 1373 2324 mensae,qui
1396 2247 1629 2309 videtur
1645 2257 1702 2309 et
1719 2247 2054 2325 intelligen-

405 2343 488 2405 tia
524 2339 874 2423 percipitur,
910 2337 1106 2418 panis,
1134 2337 1237 2399 sed
1264 2347 1392 2399 erat
1413 2357 1530 2399 una
1549 2357 1682 2398 cum
1712 2338 1862 2399 aliis.
1901 2341 2052 2401 Pro-

406 2441 541 2512 pter
568 2429 726 2512 quod
761 2428 948 2508 magis
1001 2427 1177 2489 laetati
1224 2436 1363 2489 sunt
1393 2427 1712 2490 Theodosii
1745 2428 2050 2509 discipuli,

407 2520 628 2586 Christi
652 2516 1017 2580 cultores.Et
1039 2517 1153 2579 hoc
1176 2517 1419 2597 quidem
1445 2518 1805 2593 donum,fuit
1827 2518 2049 2580 donum

403 2611 568 2674 illius
593 2626 861 2690 precum,
886 2608 1041 2688 quod
1069 2626 1186 2668 non
1223 2626 1292 2669 ex
1325 2607 1475 2670 caelo
1510 2607 1762 2688 pluerat,
1787 2616 1852 2668 ut
1888 2609 2051 2687 prius

405 2719 625 2764 manna
653 2721 668 2774 ;
701 2698 804 2760 sed
839 2716 908 2760 ex
942 2707 1100 2759 terra
1125 2697 1479 2759 scaturierat
1513 2695 1758 2758 nutibus
1787 2697 2049 2759 caelesti-

403 2792 608 2863 bus,et
630 2789 782 2850 aluit
807 2806 923 2848 non
950 2787 1139 2848 solum
1165 2785 1666 2861 sensibiliter,sed
1689 2785 1863 2846 etiam
1879 2787 2051 2866 spiri-

401 2881 622 2952 taliter,
659 2878 819 2958 quod
880 2877 950 2936 ad
1017 2895 1229 2955 panem
1265 2875 1504 2956 quidem
1539 2875 1770 2948 attinet,
1807 2879 1904 2955 qui
1939 2876 2050 2937 fuit

2139 1983 2241 2052 ἤδη
2298 1986 2395 2053 τὴν
2423 1991 2528 2063 γῆν
2558 1986 2970 2058 ἀπολείποντος,
3004 1993 3186 2064 ζεῦγος
3231 1986 3472 2061 ἡμιόνων
3510 1984 3656 2064 ἂίγων
3702 2009 3783 2050 τις

2138 2078 2482 2152 παραγίνεται
2514 2074 2580 2131 δι’
2625 2077 2698 2132 ὦν
2743 2077 2932 2156 φόρτος
2984 2075 3236 2143 ποικίλης
3297 2081 3522 2156 τροφῆς,
3581 2073 3780 2154 ἀνδρά-

2138 2186 2221 2221 σιν
2252 2166 2448 2228 οἰκείας
2488 2166 2754 2232 ἀσκηταῖς
2796 2167 3082 2242 ὶκομίζετο
3115 2184 3132 2201 ⁶
3178 2167 3266 2222 καὶ
3296 2165 3412 2224 οὒδὲ
3447 2167 3598 2229 αὐτὸς
3631 2165 3782 2233 ἀπῆν

2136 2256 2163 2310 ὁ
2207 2255 2304 2321 τῆς
2362 2259 2502 2332 ίερᾶς
2559 2255 2825 2332 τραπέζης
2903 2256 3170 2334 ὁρώμενος
3233 2276 3289 2310 τε
3347 2257 3433 2311 καὶ
3490 2255 3783 2330 νοούμενος

2135 2343 2313 2423 ἄρτος,
2359 2344 2498 2401 ἀλλά
2551 2359 2669 2410 τοῖς
2721 2343 2903 2410 ἄλλοις
2961 2350 3124 2412 συνῆν
3156 2362 3169 2376 ⁶
3207 2344 3288 2424 ἐφ’
3321 2352 3365 2419 ᾧ
3425 2346 3512 2400 καὶ
3571 2343 3782 2419 μᾶλλον

2135 2436 2181 2490 οἱ
2240 2433 2514 2491 Θεοδοσίου
2576 2436 2806 2509 μαθηταὶ
2854 2441 3080 2510 Χριστοῦ
3124 2431 3178 2489 δὲ
3235 2434 3552 2512 θεραπευταὶ
3609 2432 3782 2501 ἤσθη-

2134 2545 2253 2585 σαν.
2297 2525 2391 2581 Καὶ
2421 2531 2573 2580 τοῦτο
2617 2521 2682 2590 δὴ
2743 2522 2801 2578 τὸ
2847 2521 3011 2600 δῶρον
3045 2522 3139 2579 οὒκ
3175 2522 3264 2578 ἀπ’
3298 2525 3532 2600 οὖρανών
3561 2521 3780 2598 ὀμϐρη-

2131 2613 2215 2669 θὲν
2247 2615 2317 2676 ὡς
2363 2615 2423 2668 τὸ
2455 2613 2626 2688 μάννα
2657 2614 2800 2692 πρὶν,
2834 2612 2954 2668 ἀλλ’
2989 2613 3046 2669 ἐκ
3079 2618 3182 2691 γῆς
3227 2611 3474 2692 πηγάσαν
3521 2615 3780 2687 νεύμασιν

2132 2703 2413 2781 οὐρανίοις,
2459 2705 2544 2758 καὶ
2603 2703 2798 2781 θρέψαν
2859 2707 2953 2762 οὒκ
2985 2705 3249 2770 αἰσθητῶς
3283 2705 3468 2778 μόνον,
3517 2701 3636 2758 ἀλλ’
3671 2702 3777 2770 ἤδη

2132 2793 2217 2847 καὶ
2261 2799 2654 2867 πνευματικῶς,
2711 2792 2832 2848 ὅσον
2896 2791 3000 2848 ἀπὸ
3044 2802 3136 2852 τοῦ
3193 2793 3638 2872 προσενεχθέντος
3671 2795 3774 2873 ἃρ-

2132 2905 2222 2938 τον
2277 2896 2390 2944 τοῖς
2453 2883 2801 2958 ἁγιάσμασιν.
2847 2881 2998 2939 Οἷτω
3059 2895 3176 2947 τοῖς
3238 2885 3471 2961 χθονίοις
3527 2882 3636 2958 ἃμα
3681 2877 3776 2939 καὶ

399 2968 632 3030 oblatus
656 2963 1252 3028 sanctiﬁcationibus.
1283 2963 1380 3026 Sic
1403 2981 1541 3039 e.go
1566 2981 1697 3025 cum
1723 2964 1898 3025 simul
1924 2973 2046 3026 ter-

2138 2971 2387 3050 οὐρανίοις
2468 2972 2691 3050 ἀγαθοῖς
2752 2975 2797 3032 οἱ
2855 2971 2981 3051 περί
3019 2975 3176 3032 αὒτὸν
3235 2973 3400 3052 μέχρι
3457 2978 3554 3040 τῆς
3620 2974 3777 3052 ἁγίας

398 3056 690 3118 restribus
734 3054 909 3116 bonis
961 3061 1018 3114 et
1061 3053 1406 3114 caelestibus
1457 3052 1806 3131 sejucunde
1829 3054 2044 3115 satias-

2138 3067 2507 3129 Πεντηκοστῆς
2565 3063 3009 3142 ἐντρυφήσαντες,
3070 3063 3158 3119 τὸν
3209 3061 3518 3120 διδάσκαλον
3549 3063 3666 3128 οἶος
3705 3065 3776 3130 ἢν

398 3145 662 3226 sent,qui
693 3142 849 3224 apud
868 3142 1061 3222 ipsum
1090 3151 1485 3218 erant,usque
1504 3142 1575 3202 ad
1600 3149 1862 3202 sanctam
1886 3145 2044 3205 Pen-

2138 3150 2335 3216 ἐκεῖνος
2392 3152 2528 3208 κατὰ
2586 3153 2776 3227 μικρὸν
2829 3150 3189 3214 ἐδιδάσκοντο.
3253 3153 3352 3211 Καὶ
3391 3159 3544 3210 τοῦτο
3603 3152 3775 3216 οὕτως

394 3244 686 3309 tecosten,
724 3233 1007 3315 paulatim
1039 3230 1345 3306 dicebant,
1381 3230 1575 3319 qualis
1611 3239 1770 3292 esset
1805 3231 2043 3295 illorum
2131 3238 2282 3319 ἔχον.

397 3327 624 3388 doctor.
669 3324 734 3386 Et
761 3324 869 3386 hoc
901 3319 1144 3402 quidem
1181 3320 1258 3382 ita
1288 3339 1354 3382 se
1386 3318 1611 3384 habuit.

477 3417 546 3477 21
565 3413 751 3487 .Quod
773 3421 967 3474 autem
993 3409 1578 3491 consequitur,illius
1610 3413 1745 3473 dico
1769 3430 1901 3474 esse
1924 3413 2043 3476 fra-
2209 3417 2320 3481 m’.

393 3505 928 3573 ternum,etsimilis
947 3505 1080 3562 ﬁdei
1105 3507 1290 3574 etspei
1316 3503 1489 3562 fetum
1514 3506 2042 3575 germanissimum.

2138 3512 2216 3566 καὶ
2273 3509 2368 3577 τῆς
2413 3511 2600 3586 ὁμοίας
2645 3513 2898 3586 πίστεως,
2945 3512 3106 3589 φημὶ,
3163 3511 3256 3565 καί
3288 3509 3499 3575 ἒλπξδος
3531 3511 3777 3588 γέννημα

394 3593 505 3656 Vir
525 3593 764 3676 quidam
789 3592 964 3672 cujus
987 3599 1154 3652 erant
1182 3609 1406 3669 magna;
1428 3609 1598 3670 opes,
1641 3589 1814 3653 bonis
1845 3603 2040 3657 autem

2138 3600 2514 3678 γνησιώτατον.
2575 3599 2739 3680 Ἀνήρ
2799 3619 2879 3663 τις
2931 3605 3036 3655 τῶν
3087 3598 3302 3672 πλούτῳ
3331 3600 3623 3674 κομώντων
3685 3601 3774 3656 καὶ

394 3685 680 3767 operibus
704 3683 942 3744 laudem
967 3680 1200 3762 assequi
1234 3688 1542 3752 statuerat,
1574 3699 1712 3742 suas
1735 3681 2046 3746 facultates

2138 3691 2348 3766 ιγαθοϊς
2388 3688 2561 3767 ἔργοις
2620 3696 2793 3764 κομᾷν
2837 3688 3106 3768 ἐγνωκὼς,
3141 3691 3232 3744 τὸν
3282 3691 3480 3745 οἰκεῖον
3532 3687 3617 3745 ἐπ’
3676 3691 3772 3746 εὖ·

396 3773 795 3837 distribuebat
824 3771 884 3833 in
919 3768 1532 3860 benedictionibus,e_t
1565 3771 1834 3860 pecuniae
1862 3783 2045 3836 mate-

2138 3779 2332 3856 λογίαις
2389 3775 2652 3857 διέσπειρε
2703 3780 2837 3855 βίον,
2907 3781 2992 3836 καὶ
3050 3777 3183 3845 ὕλην
3257 3781 3524 3854 σωτηρίας
3582 3783 3770 3860 ψυχῆς

397 3865 549 3930 riam
578 3862 875 3927 efﬁciebat
895 3861 1114 3923 animae
1132 3860 1477 3922 salutarem.
1501 3857 1576 3934 Is,
1603 3859 1869 3940 inquam,
1905 3881 2041 3925 cum

2138 3868 2225 3934 τὴν
2281 3873 2388 3923 τῶν
2445 3869 2747 3947 χρημάτων
2819 3867 2951 3936 ὕλην
3011 3868 3177 3926 ἐποίει
3214 3884 3228 3899 ⁸
3297 3874 3473 3924 πᾶσαν
3517 3877 3605 3927 οὖν
3649 3857 3770 3935 τοῖς

2385 3421 2484 3478 Καὶ
2526 3418 2610 3477 ὅδε
2668 3419 2788 3478 μετ’
2844 3421 2969 3477 αὖτὸ
3003 3422 3238 3478 πρόεισιν
3285 3419 3512 3478 ἀδελφὸν
3543 3420 3663 3477 ἐκεί·

2433 3421 2484 3476 αὶ
2526 3419 2610 3477 ὅδε
2668 3419 2788 3496 μετ’
2844 3421 2969 3477 αὖτὸ
3003 3422 3238 3497 πρόεισιν
3285 3419 3512 3500 ἀδελφὸν
3543 3420 3768 3497 ἐκείνου,

397 3953 680 4018 omnibus
713 3953 872 4034 aliis,
924 3961 983 4014 et
1041 3949 1338 4031 praecipue
1371 3949 1464 4023 iis,
1517 3949 1617 4030 qui
1649 3951 1923 4014 vivebant
1972 3973 2040 4015 ex

396 4044 662 4119 Christo,
693 4055 752 4105 et
777 4061 844 4105 se
871 4062 900 4102 a
925 4039 1146 4102 mundo
1172 4057 1504 4109 removere,
1531 4038 1604 4100 ad
1630 4038 1815 4101 Deum
1844 4050 2041 4105 autem

397 4152 588 4215 prope
613 4133 903 4195 accedere
920 4137 1084 4192 recte
1107 4129 1720 4208 cogitabant,dextera
1741 4135 2043 4212 apparuis-

2128 3955 2309 4021 ἃλλοις
2342 3959 2428 4014 καὶ
2460 3958 2878 4037 προηγουμένως
2938 3971 3056 4021 τοῖς
3115 3959 3254 4014 κατὰ
3313 3961 3442 4015 Θεὸν
3491 3966 3642 4034 ζῶσι,
3679 3962 3774 4016 καὶ

2125 4049 2186 4102 τὸ
2257 4048 2608 4125 μακρόνεσθαι
2664 4048 2870 4122 κόσμου
2942 4047 3167 4125 ἐγγίζειν
3245 4050 3360 4121 Θεῴ
3424 4048 3594 4114 καλῶς
3653 4049 3773 4106 λίαν

2127 4136 2493 4214 λογιζομένοις
2555 4135 2696 4208 δεξιᾷ
2733 4138 2910 4216 φανεὶς
2971 4137 3325 4212 τερπνοτάτῃ,
3360 4139 3421 4193 τὸ
3470 4143 3570 4204 τῆς
3623 4139 3770 4203 θείας

395 4223 1030 4303 setjucuudissima,ut
1051 4221 1246 4309 divina
1270 4218 1414 4309 dicit
1439 4217 1882 4300 Scriptura;aut
1904 4241 2041 4286 rur-

2138 4228 2283 4306 ράναι
2331 4232 2564 4306 Γραφῆς,
2597 4228 2633 4294 ἢ
2664 4226 2893 4304 ἔμπαλιν
2926 4225 3144 4284 ἐνταῦθα
3189 4231 3288 4294 τῆς
3349 4233 3562 4309 Γραφῆς
3621 4227 3771 4304 μᾶλ-

393 4319 740 4389 sus,utcum
762 4310 1068 4390 Scriptura
1094 4307 1282 4388 magis
1307 4307 1744 4371 dicamzhortus
1765 4313 1898 4389 ejus
1918 4331 2042 4378 non

2138 4319 2218 4373 λον
2263 4318 2458 4397 εἰπεῖν,
2495 4322 2678 4383 Κῆπος
2734 4320 2890 4376 αὒτοῦ
2948 4318 3007 4372 οὗ
3064 4314 3439 4380 κεκλεισμένος
3471 4307 3578 4373 ⁷καὶ
3614 4320 3771 4395 πηγὴ

393 4383 736 4478 ουιίσίιιειιε,
771 4409 828 4462 et
851 4383 984 4461 fons
1003 4383 1364 4480 conspectus
1397 4407 1554 4460 esset
1581 4416 1700 4460 non
1728 4383 1992 4481 signatus
2023 4427 2036 4466 :

2138 4407 2303 4486 ἔφθεὶς
2357 4383 2458 4481 μὴ’
2488 4407 2886 4485 ἐσφραγισμένη
2924 4425 2938 4439 ο
2993 4419 3104 4467 τοῖς
3143 4413 3236 4462 τοῦ
3266 4404 3544 4463 Θεοδοσίου
3579 4383 3769 4481 μόνοις

392 4493 538 4556 solis
561 4490 888 4554 Theodosii
913 4488 1223 4570 discipulis
1250 4507 1354 4570 per
1379 4487 1739 4552 oblivionem
1759 4501 1858 4552 aut
1879 4493 2043 4572 igno-

2138 4496 2261 4551 νιατὰ
2311 4494 2480 4565 λήθην
2509 4495 2544 4564 ἢ
2591 4495 2812 4574 ἃγνοιαν
2861 4501 2959 4562 τῆς
2991 4495 3224 4558 εὔποιίας
3258 4499 3352 4554 οὐκ
3387 4495 3767 4574 ἐκοινώνησεν,

389 4583 694 4645 rationem
729 4600 848 4643 non
883 4577 1169 4660 impertiit
1201 4577 1662 4640 beneficentiam
1699 4598 1714 4654 ;
1759 4590 1859 4643 aut
1887 4582 2043 4647 forte

2138 4585 2161 4653 ἣ
2193 4586 2339 4665 τάχα
2368 4586 2454 4641 καὶ
2494 4585 2584 4640 to;
2616 4592 2747 4641 Θεοῦ
2775 4586 2865 4640 τὸν
2895 4584 3087 4662 ’Ἃγιον
3133 4585 3188 4639 ἐν
3239 4586 3408 4660 τούτῳ
3443 4583 3768 4661 δοκιμάζον-

393 4672 572 4734 etiam
589 4671 713 4734 Deo
728 4672 785 4732 in
808 4671 900 4732 his
914 4671 1133 4732 Sancto
1147 4688 1198 4729 m
1227 4670 1512 4749 probante
1526 4679 1627 4730 aut
1647 4669 2039 4753 gloriﬁcante,

2138 4697 2238 4737 τος,
2302 4676 2362 4732 Οἱ
2407 4675 2505 4750 μὲν
2566 4676 2654 4729 οὖν
2716 4676 2950 4749 μαθηταὶ
3014 4676 3320 4751 προσιόντες
3357 4675 3633 4754 ἠνώχλουν
3689 4685 3772 4752 τῷ

391 4762 587 4842 Atque
620 4761 902 4842 discipuli
932 4759 1174 4842 quidem
1199 4759 1646 4832 accedentes,ei
1682 4760 2046 4827 exhibebant

2138 4763 2375 4840 Βιανομεῖ
2428 4765 2652 4843 φανερὸν
2716 4765 2901 4820 ἑαυτόν
2961 4785 3016 4820 τε
3089 4763 3364 4827 κᾶκείνους
3425 4779 3624 4840 ποιεῖν,
3678 4769 3772 4823 καί

394 4849 829 4927 molestiam,ut
852 4859 912 4913 et
941 4867 1006 4910 se
1037 4856 1094 4909 et
1117 4847 1254 4910 illos
1281 4847 1630 4909 manifestos
1651 4849 1938 4913 redderet
1957 4854 2042 4916 di-

2138 4854 2260 4911 ιετΞι
2317 4851 2523 4919 πολλῆς
2584 4853 2846 4910 ἐνέκειντο
2905 4854 2999 4921 τῆς
3051 4851 3287 4920 σπουδῆς
3323 4871 3336 4884 ·
3379 4853 3515 4929 μηδὲ
3565 4857 3663 4933 γὰρ
3721 4864 3772 4931 ᾦ

394 4941 598 5013 visori,
626 4950 683 5002 et
709 4958 921 5019 magno
957 4938 1151 4999 studio
1187 4937 1518 5000 instabant:
1559 4957 1751 5019 neque
1783 4941 1942 5002 enim
1975 4961 2042 5007 se

2138 4947 2184 5001 τὸ
2237 4943 2428 5000 λοιπὸν
2468 4944 2826 5023 τραφήσονται
2883 4943 3060 5024 ἔχειν,
3121 4943 3174 5000 οἵ
3238 4965 3298 5022 γε
3358 4946 3614 5023 κερατίων
3667 4946 3770 5021 μὲν

388 5030 638 5106 habere,
666 5049 784 5113 quo
814 5029 1101 5110 deinceps
1131 5029 1388 5103 alantur,
1414 5028 1514 5109 qui
1545 5047 1765 5110 paucas
1797 5031 2037 5111 quidem

2138 5026 2388 5112 ηὐπόρουν
2420 5032 2637 5111 ὀλίγων,
2672 5033 2747 5090 ἔτι
2799 5031 2845 5089 δ’
2896 5033 2986 5090 ὅτε
3044 5033 3132 5090 καί
3190 5035 3391 5091 τούτων
3450 5034 3770 5092 ἐπιλειπόν-

389 5119 696 5184 habebant
726 5119 1064 5202 siliquas,et
1085 5137 1218 5180 cum
1246 5137 1332 5181 cae
1358 5137 1784 5198 nonnunquam
1811 5123 2039 5186 deﬁce-

2138 5126 2230 5182 ιών
2270 5125 2334 5181 τὰ
2392 5123 2806 5205 λαταλειφθέντα
2861 5130 2965 5182 τῶν
3035 5123 3207 5181 ὀστῶν
3280 5123 3525 5200 ἕψοντες,
3584 5124 3769 5208 ὥσπερ

466 5283 501 5335 6
531 5283 697 5347 Cant.
732 5300 814 5360 iv,
847 5284 907 5346 2.

458 5445 573 5527 (13)
605 5446 669 5504 ln
703 5444 956 5527 Hebraeo.
1007 5442 1215 5527 legitur
1272 5442 1410 5527 ρει).
1473 5447 1734 5527 xum-13,
1777 5447 2032 5527 υεέεηιυε
2117 5450 2314 5527 braice
2370 5448 2828 5527 perplexitatem,
2875 5446 3197 5520 cujusmodi
3239 5459 3323 5527 est
3373 5450 3493 5527 illa,
3551 5448 3768 5527 quaeIn

383 5513 821 5593 origs'cornibns
864 5517 984 5593 suis
1021 5513 1089 5572 in‘
1117 5513 1345 5593 subacti,
1377 5515 1532 5586 quod
1573 5513 1796 5581 LXX'at
1843 5523 2031 5582 Tbeo-
2114 5513 2423 5583 condensis
2467 5513 2744 5593 vepribus
2791 5513 3070 5593 cernitur,
3104 5538 3132 5578 ο
3167 5520 3360 5593 radice
3407 5513 3622 5590 sabuli,
3658 5523 3771 5578 im-

385 5587 591 5674 dotion
624 5599 686 5650 ut
716 5589 1024 5674 proprium
1058 5587 1438 5674 retinuerunt
1466 5607 1479 5649 :
1506 5593 1769 5674 κριὸςνεῖς
1801 5598 2030 5674 κχτεχό.
2108 5587 2623 5674 ῃζεοιίηἱηινὶςαῑί,
2659 5603 2717 5649 ut
2751 5597 2961 5674 0pt3_me
2996 5592 3051 5674 in
3089 5587 3650 5674 \‘u‘gatafditione':
3682 5593 3771 5652 Vi-

387 5689 547 5746 μενος
578 5671 630 5725 ἐν
663 5662 807 5748 φλτῷ
834 5662 1032 5732 fugiat.
1055 5669 1361 5746 Signiﬁcat
1403 5662 1602 5733 autem
1635 5672 1869 5739 Sabech

2138 5669 2192 5726 lit
2223 5668 2444 5726 arietem
2473 5666 2614 5721 inter
2641 5679 2822 5738 vepres
2853 5662 3131 5721 Mirantem
3155 5662 3436 5725 carnibus.
