4062 6194
270 336 395 405 489

1260 340 1449 413 VITA
1486 351 1545 413 s.
1596 336 2002 416 THEODOSH
2045 355 2661 427 COENOBIARCHE.

3528 361 3648 432 490

270 471 380 540 ἤδη
433 473 755 556 δεδήλωται,
798 478 1005 543 τούτοις
1063 480 1305 559 ἐχρῶντο
1347 490 1441 539 τοῦ
1500 484 1683 557 πεινᾷ-ο
1733 508 1891 564 παρα·

1995 496 2151 561 rent,
2185 508 2253 551 ea
2285 509 2412 570 quae
2441 491 2745 554 restabant
2786 510 2923 554 ossa
2969 492 3332 575 coquebant,
3389 502 3454 559 ιιι
3502 495 3631 575 jam

270 564 486 635 μύθιον.
573 564 750 631 Οὕτως
836 567 1036 623 ἐκεῖνοι
1122 569 1397 645 ἄνθρωπον
1470 572 1551 629 ἀεὶ
1610 574 1671 630 τὸ
1727 573 1912 632 λαθεῖν

265 654 602 725 σπεύσαντα,
661 653 825 723 δῆλον
868 658 1112 733 γενέσθαι
1176 656 1261 713 διὰ
1316 661 1685 741 μικροψυχίαν
1735 664 1907 741 ἠνάγ-

268 748 457 820 καζον,
488 744 577 798 καὶ
630 746 717 799 τὸν
761 746 836 805 εἷς
897 748 1029 802 Θεὸν
1079 746 1290 824 τρέπειν
1319 748 1622 827 ὀφθαλμοὺς
1669 753 1906 827 είθισμὲει

264 852 358 886 νον
409 833 534 907 πρὸς
592 832 897 909 ἀνθρώπους
953 834 1160 912 ὀρέγειν
1203 849 1398 916 χεῖρας
1457 838 1693 915 ἀγεννῶς
1746 839 1905 907 ἤπει-

263 941 385 995 γον,
445 933 613 998 χεΐρα
670 923 766 988 τὴν
822 922 1176 999 ἀνοιγομένην
1232 926 1595 1002 ἀπολιπόντα,
1654 930 1747 985 καί
1806 936 1910 987 πᾶν

257 1013 401 1077 ζῶον
452 1006 689 1065 εὐδοκίας
736 1011 1175 1092 ἀποπληροεόεαν,
1231 1016 1391 1071 οἱονεί
1443 1015 1697 1073 στένωσιν
1743 1021 1907 1085 αὐτῆς

257 1096 678 1183 ἢνμικρολογίαν
704 1100 767 1155 τό
797 1121 859 1176 γε
918 1110 1004 1160 νῦν
1060 1102 1191 1181 ἔχον
1236 1105 1641 1183 κατεγνωκότα.
1684 1108 1747 1165 Οἱ
1807 1108 1907 1181 μὲν

255 1182 350 1240 οὗν
394 1186 654 1260 ἠθύμουν,
702 1190 731 1244 ὁ
788 1187 842 1244 δὲ
886 1198 1159 1268 παραινῶν
1189 1193 1364 1270 ἡρέμα
1401 1212 1413 1224 ·
1452 1195 1553 1268 τίς,
1590 1194 1765 1273 ἔλεγε,
1801 1205 1907 1254 τῶν

256 1273 483 1365 ⁴πώποτε
532 1274 793 1354 θαῤῥήσας
864 1281 979 1353 Θεῷ
1035 1282 1198 1360 μέχρι
1262 1284 1459 1347 παντὸς
1516 1284 1902 1365 κατελείφθη;

258 1361 335 1419 Ἦ
379 1376 459 1428 τις
494 1365 778 1439 ὅπομείνας
811 1368 967 1424 αὒτὸν
1001 1370 1075 1425 εἰς
1124 1369 1276 1433 τέλος
1338 1374 1401 1428 οὗ
1446 1361 1897 1450 παρακέκληται;

255 1451 363 1540 ξὈς
395 1454 576 1527 μεθύει
617 1476 793 1512 πασαν
837 1459 1022 1535 ψυχίιν
1079 1456 1342 1534 διψῶσαν,
1395 1456 1650 1540 Ἱερεμίας
1702 1467 1729 1521 ὁ
1760 1467 1901 1528 0e70,-

258 1539 471 1618 λεγέτω
522 1544 640 1615 μεθ’
691 1546 844 1619 ἡμῶν
901 1548 1088 1625 ταῦτα,
1144 1549 1233 1603 καὶ
1299 1539 1478 1605 πᾶσαν
1534 1552 1721 1630 ψυχὴν
1779 1575 1903 1609 πει·-

259 1635 441 1685 νῶσαν
484 1632 882 1707 ἐμπίμπλησιν,
915 1635 972 1699 ὃς
1028 1637 1297 1711 ἐτοιμὰζει
1354 1636 1535 1714 κόραξι
1569 1639 1781 1719 βορῤᾷν,
1815 1644 1905 1699 καὶ

259 1729 382 1781 τοῖς
430 1733 674 1784 νεοσσοῖς
733 1728 841 1777 τῶν
897 1723 1165 1803 κοράκων,
1225 1724 1319 1781 ἵνα
1377 1728 1464 1781 καὶ
1510 1724 1632 1783 Ἰὼϐ
1659 1727 1772 1801 ἅμα
1816 1732 1903 1788 καὶ

1996 575 2219 637 dictum
2251 586 2362 652 est,
2390 587 2450 641 et
2470 580 2560 642 eis
2582 579 2904 642 utebantur
2927 581 3000 643 ad
3027 581 3201 644 famis
3221 582 3528 647 solatium.
3544 582 3646 649 Sic

1993 682 2133 743 ergo
2165 666 2247 726 illi
2272 667 2604 743 hominem,
2640 667 2742 748 qui
2772 686 3017 749 semper
3062 669 3251 734 latere
3302 673 3637 747 studuerat,

1995 754 2374 816 manifestum
2397 756 2528 818 ﬁeri
2551 756 2853 836 cogebant
2876 766 3123 838 propter
3148 759 3434 839 pusillum
3464 778 3638 823 suum

1993 850 2052 903 et
2072 841 2369 921 abjectum
2396 845 2660 908 animum
2690 865 2705 908 :
2734 854 2793 907 et
2811 863 2972 921 eum,
2999 847 3101 927 qui
3121 847 3195 909 ad
3219 849 3408 910 Deum
3434 849 3641 912 oculos

1991 946 2344 994 convertere
2365 941 2788 1009 consueverat,
2815 933 3131 1014 urgebant;
3159 945 3221 997 ut
3243 936 3500 1015 turpiter
3520 955 3641 1000 ma-

1990 1037 2103 1080 nus
2154 1022 2490 1101 porrigeret
2517 1023 2894 1095 hominibus,
2930 1024 3141 1086 relicta
3172 1042 3353 1087 manu
3380 1043 3516 1102 qum
3546 1032 3637 1089 est

1988 1115 2288 1187 aperta,et
2306 1110 2516 1190 implet
2540 1130 2719 1173 omne
2740 1110 2962 1174 animal
2990 1111 3436 1185 benedictione,
3454 1123 3514 1174 ut
3538 1115 3638 1194 qui

1990 1215 2120 1259 eam
2156 1215 2290 1261 esse
2319 1208 2630 1279 augustam
2652 1199 2744 1262 vel
2778 1218 3014 1282 parcam
3043 1219 3113 1263 ac
3142 1201 3444 1264 sordidam
3465 1202 3635 1282 judi-

1988 1287 2252 1348 cassetin
2275 1288 2938 1370 prtesentia.Atque,illi
2956 1288 3198 1369 quidem
3224 1299 3394 1353 erant
3408 1291 3636 1354 tristes.

1988 1375 2039 1433 is
2063 1393 2196 1435 Vt‘l‘O
2220 1395 2319 1438 eos
2342 1381 2556 1437 sensim
2581 1379 2928 1438 admonens:
2947 1380 3109 1448 Quis,
3126 1382 3336 1448 aiebat,
3356 1396 3427 1439 ex
3451 1383 3521 1439 iis
3535 1385 3636 1456 qut

1989 1461 2047 1522 in
2075 1463 2198 1524 Deo
2221 1464 2428 1525 conﬁsi
2451 1464 2865 1539 sunt,omnino
2892 1474 2980 1526 est
3002 1464 3632 1547 derelictus?Atquis,

1987 1551 2088 1629 qui
2122 1551 2322 1630 ipsum
2351 1552 2426 1613 ad
2463 1553 2645 1614 tinem
2680 1570 2869 1633 usque
2898 1553 3205 1626 sustinuit,
3242 1573 3361 1615 non
3408 1556 3639 1636 accepit

1988 1640 2505 1702 consolationem?
2526 1640 2636 1713 Qui
2651 1640 2911 1704 inebriat
2930 1661 3167 1704 omnem
3190 1642 3488 1705 sitientem
3511 1643 3637 1707 ani-

1988 1745 2171 1793 mam.
2206 1727 2346 1791 Haec
2378 1729 2691 1791 nobiscum
2726 1729 2887 1793 dicat
2915 1730 3154 1793 divinus
3183 1730 3473 1794 Jeremias
3504 1752 3518 1795 :
3554 1734 3635 1796 Et

253 1806 352 1900 ⁴τὸν
411 1810 558 1864 θεῖον
610 1808 779 1865 Δαυίδ
833 1812 1030 1888 εἰσάγω
1086 1813 1611 1890 συμφθεγγομένους,
1688 1823 1891 1892 Γνώμει

1986 1834 2219 1879 omnem
2239 1820 2613 1882 esurientem
2633 1819 3638 1900 imptetanimamBQuiprmparat

256 1892 385 1988 ᾆσον
440 1898 504 1951 τὸ
560 1897 755 1972 μεταξὺ
812 1898 1143 1971 ἀνθρωπίνης
1192 1902 1451 1980 σπουδῆς,
1514 1903 1609 1959 καῖ
1655 1908 1891 1983 προνοίας

1984 1907 2181 1969 corvis
2206 1906 2428 1988 cibum,
2449 1915 2505 1969 et
2528 1892 3077 1986 pulliscorvorum;
3102 1916 3163 1969 ut
3184 1892 3299 1969 J'ob
3317 1892 3563 1988 quoque
3576 1919 3636 1971 et

253 1981 369 2039 ἐστὶ
414 1986 606 2051 θεϊκῆς
664 1987 829 2066 μέχρι
876 1993 976 2045 καὶ
1031 1989 1139 2046 τῶν
1197 1990 1445 2069 ἐσχάτων
1497 1981 1753 2068 ἡκούσης,
1812 1998 1891 2051 καῖ

1984 1993 2254 2057 divinum
2282 1981 2464 2058 David
2500 1981 2874 2057 introducam
2907 1981 3086 2057 simul
3106 1981 3490 2072 loquentesd.
3517 1996 3635 2061 Co-

253 2073 504 2146 εἷσόμεθα
552 2074 697 2139 ὅπως
751 2079 841 2133 καὶ
887 2079 961 2134 ὧν
1006 2078 1218 2144 ἑκόντες
1249 2078 1333 2134 διὰ
1366 2084 1589 2158 Χριστὸν
1648 2083 1891 2150 ἀπέστη-

1979 2103 2340 2164 gnoscamus
2371 2095 2658 2165 quantum
2686 2084 2942 2147 interest
2970 2084 3129 2147 inter
3150 2086 3476 2147 humanum
3501 2093 3634 2147 stu-

252 2182 379 2235 μεν,
431 2162 629 2220 τούτων
670 2164 822 2229 αὖθις
874 2169 1008 2223 κατά
1072 2176 1297 2246 Χριστοῦ
1342 2168 1593 2238 πρόνοιαν
1652 2170 1891 2247 δαψιλῶς

1981 2162 2145 2235 dium
2165 2162 2496 2234 etdivinam
2520 2172 3131 2253 providentiam,quaa
3149 2173 3635 2256 pertingitusque

253 2248 654 2329 ἀπολαύσομεν,

1979 2261 2053 2322 ad
2076 2270 2341 2323 extrema
2370 2282 2383 2326 :
2414 2272 2473 2323 et
2494 2248 2777 2337 sciemus,
2799 2248 3303 2342 quemadmodum
3327 2248 3399 2322 iis
3421 2248 3625 2332 etiam.

339 2518 452 2595 ιβ’.
505 2526 677 2576 Ταῦτα
736 2522 887 2600 εἷπε,
949 2524 1033 2579 καὶ
1092 2522 1210 2598 μετ’
1256 2524 1436 2599 ὀλίγον
1478 2525 1785 2603 ἀνεφαίνετό
1814 2550 1894 2591 τις

244 2610 391 2678 ζῶον
436 2608 581 2685 ἄγων
639 2613 1084 2689 πεφορτισμένον,
1157 2610 1349 2687 Ἀπῄει
1412 2612 1465 2667 δὲ
1509 2617 1568 2671 εὖ
1612 2617 1740 2688 πρὸς
1798 2616 1896 2684 τὴν

244 2702 346 2751 τοῦ
392 2698 644 2774 Μεγάλου
686 2698 883 2776 μονὴν,
948 2699 1087 2755 ἀλλά
1130 2702 1325 2761 σκοπὸς
1382 2703 1522 2774 αὖτῷ
1552 2703 1751 2770 ταύτην
1795 2706 1892 2778 μὲν

243 2783 565 2861 παρελθεῖν,
628 2785 873 2867 ἀλλαχοῦ
933 2786 989 2843 δέ
1045 2810 1148 2847 που
1203 2792 1511 2845 καταθεῖναι
1555 2792 1648 2845 τὸν
1673 2791 1887 2871 φόρτον,

246 2864 347 2935 Ὠς
392 2872 449 2929 δὲ
507 2874 733 2941 πλησίον
762 2874 866 2943 ἤδη
912 2882 1009 2944 τῆς
1040 2876 1209 2952 μονῆς
1260 2878 1349 2949 ἦν,
1398 2882 1495 2934 καὶ
1554 2878 1750 2936 ἄκοντα
1801 2884 1891 2937 τὸν

242 2960 411 3037 ἄνδρα
442 2964 504 3017 τὸ
558 2966 839 3041 ὑποζύγιον
866 2964 1018 3038 ἵστη,
1050 2966 1147 3021 καὶ
1179 2966 1387 3027 noxia:
1410 2973 1477 3043 τῇ
1521 2968 1742 3045 μάστιγι
1799 2969 1891 3024 ἑν-

241 3052 475 3106 τείνοντι
518 3053 612 3113 τὰς
656 3052 895 3129 πληγὰς,
953 3053 1128 3109 ἐκεῖνο
1183 3054 1394 3131 πέτραις
1437 3057 1635 3129 ὁμοίως
1694 3058 1887 3125 ἀκίνη-

239 3160 341 3195 τον
384 3142 471 3205 ἦν.
553 3143 623 3199 Εὖ
679 3143 849 3197 τοίνυν
899 3141 1182 3199 ὓπολαϐὼν
1225 3147 1252 3199 ὁ
1296 3143 1571 3222 ἅνθρωπος
1615 3147 1691 3219 μὴ
1749 3148 1888 3204 ἀθεεὶ

239 3229 405 3285 τοῦτο
460 3231 692 3306 γίνεσθαι
750 3232 951 3305 στέψας
1036 3238 1371 3311 παραχρῆμα
1458 3234 1551 3302 τὴν
1610 3235 1754 3300 τάξιν
1810 3239 1883 3300 ὡς

240 3316 431 3395 ὁδηγῷ
488 3319 694 3393 μᾶλλον
750 3322 903 3381 αὐτὸς
957 3321 1160 3400 ἔχρήτο
1202 3326 1280 3381 τῶ
1330 3321 1473 3401 ζώῳ,
1519 3322 1617 3380 καί
1649 3325 1739 3380 τὸν
1768 3347 1884 3403 χαι

234 3405 390 3462 luat
447 3408 664 3471 ὑπανεὶς
722 3406 889 3464 ἐδίδου
945 3413 1191 3488 φέρεσθαι
1240 3410 1378 3487 ἧπερ
1422 3416 1565 3485 αὒτῷ
1620 3413 1655 3480 ἡ
1718 3414 1880 3486 ὁρμή.

236 3494 311 3552 ορ
514 3503 536 3512 ..
601 3496 612 3515 ,
663 3495 732 3534 «νς
900 3499 943 3532 ,ε
1215 3501 1227 3517 .
1284 3507 1347 3533 γ-
1481 3500 1494 3517 ν
1586 3502 1596 3519 ι

288 3518 393 3551 δτω
448 3518 540 3552 του
593 3512 779 3573 ανορος
813 3520 1131 3575 πρα,αντος,
1181 3520 1241 3555 το
1284 3522 1419 3567 ςωον
1472 3504 1674 3578 αθροως
1707 3501 1881 3558 ἀλλα-

236 3606 347 3664 χου
376 3586 477 3659 μὲν
521 3584 777 3666 ούδαμού,
823 3587 941 3643 ἀλλ’
974 3588 1153 3665 ὥσπερ
1203 3590 1343 3649 τινὸς
1376 3588 1616 3667 ἀοράτως
1648 3592 1738 3645 τὸν
1770 3613 1884 3670 χα-

234 3673 389 3731 λινὸν
418 3675 666 3739 ἕλκοντος
702 3681 790 3735 καὶ
836 3678 1158 3749 εὐθύνοντος,
1194 3681 1313 3735 εὖθῦ
1353 3685 1451 3746 τῆς
1511 3680 1679 3754 μονῆς
1734 3680 1883 3760 ὲχώι

394 3764 418 3787 τ,
651 3767 663 3785 .
806 3767 820 3784 ς
907 3768 921 3787 ,
1068 3769 1081 3787 ς
1226 3768 1238 3787 ,
1292 3769 1303 3783 ς
1409 3792 1419 3802 ,
1478 3771 1491 3787 .
1578 3769 1591 3789 κ
1683 3769 1706 3788 ..
1748 3768 1769 3787 κ

237 3785 345 3839 ρει.
426 3769 563 3822 Ενθα
613 3764 678 3832 δη
734 3789 825 3822 και
880 3767 1128 3824 εισελθων
1160 3771 1187 3825 ὁ
1219 3791 1375 3845 ανηρ,
1409 3791 1496 3826 και
1526 3791 1625 3837 την
1683 3788 1883 3826 ενοειαν

232 3856 275 3920 ἢ
320 3854 536 3917 τούτους
582 3869 834 3935 συνεῖχεν
876 3860 948 3920 ὡς
999 3856 1224 3924 πλείστη
1268 3859 1471 3932 μαθὼν,
1522 3860 1611 3914 καὶ
1662 3864 1759 3924 τῆς
1792 3864 1886 3915 τοῦ

238 3950 377 3999 Θεοῦ
432 3945 679 4019 προνοίας
714 3948 775 4000 τὸ
805 3944 1105 4023 ἀπόᾷρητον
1140 3946 1449 4024 ἐκπλαγεὶς,
1484 3946 1629 4009 ὅπως
1661 3946 1883 4011 ἐκείνοις

235 4032 341 4107 μὲν
390 4033 650 4111 πρόφασιν
710 4034 981 4094 στέωανων
1051 4035 1147 4102 τῆς
1223 4035 1421 4099 ἐνδείας
1480 4037 1541 4092 τὸ
1619 4035 1880 4113 λυπηρὸν,

238 4126 393 4194 αὐτῷ
435 4120 489 4177 δὲ
533 4129 625 4178 τοῦ
679 4121 917 4198 λυπηροῦ
971 4124 1071 4191 τὴν
1124 4126 1272 4180 λύσιν
1331 4124 1746 4204 ἐμηχανήσατο,
1798 4126 1884 4180 καὶ

239 4211 326 4268 δτι
386 4212 517 4290 πρὸς
572 4219 730 4268 τοῦτο
785 4213 1021 4291 ξανερῶς
1066 4215 1100 4281 ἡ
1154 4220 1247 4269 τοῦ
1289 4214 1426 4283 ζώου
1472 4214 1732 4288 ἀπείθεια,
1778 4236 1883 4270 κα-

239 4302 448 4367 λούσης
501 4300 657 4356 αὐτὸν
698 4300 795 4367 τῆς
838 4304 1085 4378 προνοίας
1127 4303 1318 4379 τρέψαι
1367 4303 1571 4382 ψυχὰς,
1626 4310 1742 4376 Θεῷ
1787 4304 1884 4378 μὲν

238 4388 687 4470 λειτουργούσας,
730 4390 969 4463 ἀσθενείᾳ
1024 4389 1077 4446 δὲ
1135 4392 1446 4466 καμνούσας
1503 4399 1597 4450 τοῦ
1640 4391 1883 4470 λειτουρ-

240 4489 346 4556 γοῦ
403 4478 677 4554 σώματος.
736 4486 911 4537 Ταῦτα
953 4479 1019 4546 δὴ
1076 4480 1283 4542 ἐκεῖνος
1353 4482 1675 4555 καταμαθὼν
1719 4479 1882 4548 διπλῆ

237 4569 491 4647 παρέσχε
547 4571 638 4626 τὸν
680 4568 920 4648 ἀριθμὸν,
980 4569 1094 4626 καθ’
1168 4570 1226 4625 ὃν
1284 4572 1311 4625 ὁ
1355 4575 1565 4648 πρῶτος
1610 4567 1884 4645 ὃιανομεὺς

241 4656 416 4715 ἰδίδου
463 4661 552 4713 τὸν
597 4658 767 4721 ἔλεον.
811 4662 883 4716 re
938 4661 1126 4715 λοιπὸν
1187 4662 1274 4715 οὖν
1304 4662 1350 4716 οἱ
1381 4662 1613 4734 μαθηταὶ
1642 4667 1735 4716 τοῦ
1765 4660 1882 4716 διο-

239 4747 413 4829 χλεῖν
460 4751 601 4807 abem
642 4750 973 4824 παυσάμενοι
1002 4754 1097 4805 καί
1129 4754 1522 4830 μικροψυχεῖν,
1566 4756 1658 4807 τοῦ
1697 4762 1884 4826 μιμεῖ-

236 4842 366 4895 σθαι
423 4837 629 4913 μᾶλλον
685 4837 937 4896 ἔσπευδον
990 4841 1079 4895 καὶ
1148 4837 1343 4909 ζηλοῦν
1398 4840 1497 4905 τῆς
1561 4841 1692 4917 πρὸς
1753 4841 1884 4896 Θεὸν

244 4926 469 5008 βεϐαίας
529 4929 739 4996 ἐλπίδος
782 4933 871 4988 καὶ
929 4932 1182 4994 πίστεως.
1244 4928 1412 4987 Ἀλλά
1455 4937 1617 4990 ταῦτα
1665 4931 1764 5006 μὲν
1811 4933 1884 4995 εἰς

243 5028 529 5084 τοσοῦτον,

1978 2365 2110 2430 qum
2140 2359 2388 2430 propter
2418 2348 2719 2412 Christum
2777 2349 3059 2412 lubenter
3106 2349 3484 2429 reliquimus,
3537 2348 3635 2413 di-

1978 2438 2116 2498 vina
2136 2455 2347 2499 rursus
2361 2438 2735 2517 providentia
2749 2438 2992 2500 abunde
3014 2445 3074 2499 et
3095 2439 3337 2516 copiose
3351 2437 3631 2500 fruimur.

2058 2526 2159 2588 29.
2193 2525 2332 2587 Haec
2360 2525 2531 2601 dixit,
2565 2535 2625 2588 et
2654 2528 2833 2606 paulo
2866 2538 3003 2607 post
3031 2526 3308 2606 apparuit
3354 2524 3625 2605 quidam,

1979 2613 2209 2675 ducens
2235 2615 2456 2675 animal
2477 2624 2778 2676 onustum.
2809 2614 2937 2677 Ibat
2957 2622 3153 2676 autem
3185 2632 3302 2673 non
3334 2612 3406 2673 ad
3432 2612 3630 2690 magni

1977 2701 2300 2764 Theodosii
2327 2703 2899 2780 monasterium;sed
2923 2721 3143 2779 scopus
3160 2701 3397 2781 quidem
3418 2710 3544 2762 erat
3561 2700 3620 2763 ei

1976 2790 2035 2851 id
2071 2793 2345 2864 transire,
2371 2809 2523 2852 onus
2552 2801 2750 2854 autem
2783 2792 2844 2853 in
2876 2791 3076 2872 aliquo
3117 2791 3234 2852 alto
3264 2790 3397 2853 loco
3428 2787 3617 2869 depo-

1978 2897 2146 2940 nere.
2173 2883 2492 2960 Postquam
2518 2898 2655 2941 vero
2678 2881 2925 2959 fuitjam
2956 2897 3138 2959 prope
3166 2878 3616 2953 monasterium,

1976 2968 2069 3029 vel
2120 2968 2371 3029 invitum
2423 2969 2615 3029 virum
2646 2970 2803 3030 sistit
2823 2971 3163 3048 jumeutum
3201 2984 3215 3029 :
3262 2983 3518 3046 cumque
3564 2965 3623 3028 ei

1976 3056 2211 3135 ﬂagello
2269 3057 2483 3118 multas
2521 3057 2722 3137 plagas
2752 3056 3087 3131 incuteret;
3141 3054 3289 3117 illud
3324 3064 3451 3116 erat
3496 3053 3617 3114 im-

1975 3146 2218 3218 mobile,
2257 3165 2375 3207 non
2407 3165 2581 3208 secus
2611 3166 2678 3207 ac
2711 3146 2758 3207 si
2791 3154 2950 3207 esset
2992 3162 3223 3207 saxum.
3259 3141 3403 3206 Cum
3437 3141 3615 3203 homo

1970 3254 2113 3312 ergo
2143 3246 2309 3295 recte
2340 3235 2755 3296 existimasset
2780 3235 2841 3296 id
2877 3253 2996 3295 non
3028 3233 3160 3295 ﬁeri
3193 3232 3327 3293 sine
3359 3230 3463 3294 Dei
3493 3248 3619 3292 nu-

1966 3332 2152 3397 mine,
2179 3342 2309 3384 mox
2337 3341 2623 3384 converso
2648 3322 2891 3398 ordine,
2915 3321 3170 3384 animali
3194 3318 3475 3381 utebatur
3495 3330 3619 3381 tan-

1966 3430 2140 3491 quam
2196 3412 2385 3484 duce;
2442 3422 2501 3473 et
2532 3413 2721 3473 laxato
2756 3413 2926 3473 t'reno
2975 3409 3030 3472 ei
3062 3407 3447 3491 permittebat
3495 3406 3610 3481 ire,

1966 3518 2083 3580 quo
2116 3518 2251 3561 eum
2285 3500 2467 3561 ferret
2497 3500 2783 3579 impetus.
2839 3501 2986 3563 Cum
3023 3499 3202 3560 homo
3234 3498 3322 3559 sic
3347 3494 3613 3568 fecisset,

1968 3588 2187 3650 animal
2218 3588 2530 3651 confestim
2572 3607 2868 3668 nusquam
2913 3587 3156 3668 quidem
3189 3585 3333 3658 alio,
3368 3583 3473 3646 sed
3506 3599 3619 3664 pe-

1964 3678 2140 3738 rinde
2170 3694 2239 3737 ac
2269 3676 2320 3736 si
2362 3677 2580 3756 aliquis
2608 3677 2872 3751 frenum,
2905 3694 3042 3738 cum
3072 3694 3107 3737 a
3140 3673 3390 3736 nemine
3420 3672 3615 3733 videri

1967 3766 2533 3846 posset,traberetet
2554 3765 3030 3844 dirigeret,recta
3052 3763 3209 3826 vadit
3230 3762 3303 3822 ad
3325 3770 3619 3822 monaste-

1967 3856 2143 3916 rium.
2170 3853 2297 3925 Quo
2320 3872 2454 3915 cum
2481 3855 2569 3914 vir
2591 3862 2753 3916 esset
2774 3856 3173 3932 ingressus,et
3193 3849 3619 3929 inopiam,quae

1968 3963 2072 4005 eos
2092 3944 2339 4021 urgebat
2362 3942 2983 4015 maxima,didicisset,
3012 3949 3071 4002 et
3089 3940 3200 4002 Dei
3223 3936 3617 4020 providentia

1968 4050 2256 4095 arcanum
2291 4042 2450 4093 esset
2476 4032 2830 4105 admiratus,
2857 4028 3363 4111 quemadmodum
3385 4023 3616 4086 scilicet

1968 4122 2289 4196 effecisset,
2315 4130 2380 4181 ut
2400 4120 2620 4200 inopiae
2643 4120 2919 4181 molestia
2943 4119 3032 4179 eis
3052 4124 3211 4179 esset
3240 4113 3475 4177 occasio
3506 4130 3612 4174 co-

1967 4227 2282 4280 ronarum,
2316 4219 2376 4270 et
2422 4219 2487 4270 ut
2516 4210 2647 4290 ipse
2696 4226 2825 4270 eam
2858 4207 3116 4269 solveret
3144 4203 3508 4276 molestiam,
3558 4208 3619 4262 et

1966 4299 2123 4379 quod
2156 4316 2226 4360 ea
2258 4298 2334 4361 de
2363 4315 2543 4360 causa
2564 4316 2683 4359 non
2707 4295 2952 4378 parebat
2989 4294 3236 4368 animal,
3259 4310 3395 4355 eum
3418 4290 3617 4379 divina

1967 4377 2221 4449 vocante
2252 4386 2626 4468 providentia
2653 4387 2726 4447 ad
2759 4385 3007 4447 alendas
3038 4385 3293 4457 animas,
3332 4397 3464 4461 quae
3492 4377 3616 4441 Deo

1967 4477 2211 4557 quidem
2237 4474 2681 4549 ministrabant,
2699 4472 3096 4535 ministrantis
3124 4478 3322 4533 autem
3347 4468 3617 4557 corporis

1906 4548 2319 4628 l)l'aborabant
2350 4548 2787 4625 imbecillitate.
2822 4560 2961 4623 Haec
2991 4579 3124 4622 cum
3159 4558 3262 4620 ille
3284 4555 3613 4633 didicisset,

1967 4654 2217 4735 duplum
2254 4652 2513 4734 praebuit
2553 4654 2682 4732 ejus
2717 4651 3133 4729 eleemosyuaa,
3181 4664 3356 4728 quam
3389 4644 3618 4735 primus

1969 4733 2192 4806 divisor
2215 4733 2482 4804 dederat.
2513 4743 2600 4804 De
2625 4748 2840 4803 caetero
2864 4756 3006 4818 ergo
3034 4740 3168 4816 ejus
3183 4733 3465 4814 discipuli
3490 4752 3620 4797 ces-

1970 4842 2170 4895 santes
2219 4850 2288 4893 ea
2312 4830 2599 4894 exhibere
2632 4828 2976 4891 molestiam
2999 4876 3013 4903 ,
3047 4835 3107 4889 et
3138 4843 3272 4888 esse
3307 4823 3527 4905 pusillo
3556 4830 3618 4887 et

1969 4921 2205 5002 abjecto
2220 4921 2444 4996 animo,
2459 4918 2779 4981 studebant
2806 4916 3008 4998 potius
3028 4933 3168 4978 eum
3195 4913 3447 4988 imitari,
3478 4911 3617 4974 bea-

1969 5020 2215 5090 tumque
2265 5026 2404 5072 eum
2453 5007 2751 5070 ducebant
2804 5012 3053 5086 propter
3085 5003 3319 5065 ﬁrmam
3350 5017 3519 5082 spem
3552 5007 3614 5062 et

1968 5100 2147 5163 fidem
2178 5100 2240 5161 in
2271 5097 2483 5161 Deum.
2519 5096 2634 5159 Sed
2672 5099 2795 5158 haec
2824 5092 3065 5175 quidem
3098 5092 3428 5169 hucusque.

1736 5213 1971 5279 CAPUT
2008 5214 2104 5274 Vl.

1495 5312 1865 5380 Exstruitur
1891 5310 2348 5381 monasterium.

325 5414 439 5504 κγ’.
492 5422 648 5484 Ἐπεὶ
726 5422 783 5481 δὶ
842 5421 960 5480 καθ’
1038 5422 1272 5488 ἑκάστην
1334 5419 1478 5495 αὐτῷ
1534 5423 1580 5478 οἱ
1636 5426 1883 5502 φοιτηταὶ

246 5516 638 5594 προσετίθεντο,
698 5509 940 5587 (ἐκάλουν
997 5511 1098 5589 γὰρ
1155 5512 1206 5566 αἱ
1250 5508 1356 5566 τῶν
1402 5508 1605 5565 ἐκείνου
1648 5515 1883 5589 χαρίτων

322 5643 356 5693 8
383 5638 510 5704 Jer.
543 5656 698 5709 XXXI,
733 5638 836 5701 23.

566 5757 829 5821 PATROL.
858 5755 972 5819 Gn.
1009 5753 1216 5819 CXIV.

2040 5417 2140 5481 23.
2165 5411 2455 5488 Quoniam
2479 5416 2677 5472 autem
2701 5405 2759 5468 ei
2788 5399 3062 5486 quotidie
3089 5396 3459 5488 accedebant
3488 5395 3615 5461 dia-

1964 5507 2149 5589 cipuli
2174 5484 2389 5580 (tantes
2407 5499 2573 5563 enim
2592 5497 2755 5561 illius
2775 5484 3098 5572 gratiarum
3115 5487 3408 5551 vocabant
3421 5484 3609 5550 bonas

921 5638 954 5687 9
983 5634 1091 5700 Job
1120 5650 1360 5707 xxxvm,
1398 5634 1438 5696 4
1474 5654 1490 5711 ;
1522 5636 1674 5700 Psal.
1706 5650 1903 5710 CXLVI,
1933 5634 1998 5697 9.

3246 5726 3319 5793 l6
