4062 6194
425 408 534 475 491
1723 411 2004 476 MENSIS
2043 415 2073 476 J

2157 416 2182 477 ἥ
2191 407 2494 481 UARIUS.
3682 400 3801 475 492

429 556 487 612 et
519 551 752 614 virtutis
781 555 1078 615 studiosas
1109 557 1375 628 animas;
1404 568 1609 612 cervas
1631 550 1880 611 rationis
1897 568 2065 610 com-

2157 555 2322 629 πηγαὶ
2375 554 2468 614 τὰς
2517 550 2831 631 φιλαρέτους
2864 550 3069 630 ψυχὰς,
3107 548 3336 627 ἐλάφους
3368 547 3590 624 λογικὰς
3642 546 3803 603 εἶπεν

432 648 600 719 potes
649 641 862 702 dixerit
897 643 1134 721 aliquis,
1164 659 1352 721 aquas
1381 649 1649 702 amantes
1708 639 2073 719 spirituales)

2162 639 2222 695 ἄν
2253 664 2332 704 τις
2363 640 2564 697 ὑδάτων
2593 641 2647 715 ἐρ
2665 648 2794 702 ina:
2856 636 3258 716 πνευματικῶν)
3313 636 3470 692 ἄλλοι
3517 658 3575 693 τε
3637 635 3802 692 πλεῐο

429 728 652 810 aliique
685 730 925 809 plurimi
979 739 1391 804 accesserunt,
1424 741 1486 790 et
1521 749 1636 790 non
1670 729 1842 808 pauci
1879 748 1946 789 ex
1980 729 2073 801 iis,

2161 753 2274 786 στοι
2335 733 2420 786 καὶ
2477 733 2582 786 τῶν
2637 730 2691 785 ἐν
2751 730 3014 802 ἀξιώμασι
3089 727 3181 782 καῖ
3243 729 3487 806 χρήμασι
3533 725 3799 798 περιττῶν

432 837 684 900 quorum
710 838 923 898 magna
942 831 1074 884 erat
1097 821 1425 884 auctoritas
1448 830 1506 882 et
1528 837 1696 900 opes.
1725 819 1792 879 Et
1810 820 1933 898 jam
1955 835 2073 879 ma-

2159 821 2256 874 οὒκ
2305 820 2475 898 ὀλίγοι
2521 821 2846 895 προῄσεσαν.
2887 820 2984 876 Καὶ
3017 821 3043 874 ὁ
3089 818 3186 890 μὲν
3238 823 3343 871 τῶν
3388 819 3641 889 μαθητῶν
3675 814 3798 890 ἀρι-

424 927 580 989 gnus
596 908 840 988 quidem
865 919 1293 972 eratnumerus
1315 909 1768 989 discipulorum:
1791 907 2073 989 spelunca

2157 911 2289 983 θμὸς
2333 906 2436 976 ἤδη
2496 909 2658 972 πολὺς
2687 912 2775 980 ἦν,
2833 908 3006 986 βραχὺ
3067 905 3120 961 δε
3179 907 3239 961 τὸ
3294 904 3558 975 σπήλαιον
3586 904 3799 959 καίσα-

427 1004 627 1058 autem
663 999 896 1076 exigua,
921 1007 980 1062 et
1010 999 1186 1080 plane
1213 1000 1434 1076 minor,
1463 1018 1634 1079 quam
1665 1009 1728 1060 ut
1752 1016 1853 1058 eos
1879 1005 2073 1077 posset

2158 999 2268 1076 φῶς
2312 999 2471 1064 ἧττον
2526 997 2560 1064 ἢ
2617 999 2752 1053 γατά
2809 997 3079 1076 χώρησιν,
3128 996 3272 1052 αὐτοὶ
3318 993 3628 1070 προσιόντες
3659 994 3801 1060 ἠνώ-

429 1104 680 1166 capere;
735 1089 850 1169 ipsi
899 1098 1097 1152 autem
1133 1090 1494 1151 accedentes
1537 1085 1961 1160 sollicitabant,
2014 1095 2073 1146 ut

2157 1087 2322 1166 χλουν
2373 1089 2457 1142 κα)
2520 1086 2878 1164 μοναστήριον
2935 1088 3162 1162 ἐγεῖραι,
3197 1086 3404 1140 καὶτὸν
3467 1086 3636 1150 σηκὸν
3695 1088 3796 1139 αύ-

433 1175 720 1237 excitaret
754 1179 1204 1249 monasterium,
1243 1188 1298 1239 et
1330 1176 1682 1257 ampliorem
1714 1177 1801 1237 eis
1852 1175 2073 1238 faceret

2157 1191 2273 1240 τοῖς
2331 1182 2437 1232 τῶν
2495 1179 2868 1250 πνευματικῶν
2925 1175 3183 1231 πλατῦναι
3258 1171 3562 1252 προϐάτων,
3629 1171 3802 1242 μηδὲν

425 1264 656 1327 canlam
691 1266 886 1327 ovium
920 1267 1350 1347 spiritualium,
1381 1265 1672 1339 dicentes,
1713 1263 1861 1324 nihil
1890 1281 2070 1344 opor-

2157 1267 2326 1339 ἑαυτῷ
2377 1264 2582 1340 μᾶλλον
2649 1263 3014 1339 ἀναλωμάτων
3072 1271 3176 1319 τῶν
3234 1265 3308 1324 εἷς
3367 1263 3468 1329 την
3511 1260 3801 1338 οἰκοδομὴν

427 1362 552 1414 tere
583 1373 718 1414 eum
745 1372 958 1428 curare
989 1364 1261 1435 sumptus
1292 1354 1596 1417 faciendos
1627 1354 1699 1415 ad
1732 1352 2073 1414 aedificatio-

2157 1354 2400 1432 λέγοντες
2439 1374 2452 1389 ⁶
2500 1358 2598 1423 τῆς
2659 1376 2715 1409 τε
2773 1355 2872 1431 γὰρ
2926 1353 3190 1425 ἀρκούσης
3221 1350 3304 1408 ἐπ’
3337 1353 3500 1418 αὐτὴν
3555 1350 3801 1419 δαπάνης

428 1462 588 1506 nem.
624 1442 768 1505 Nam
797 1453 854 1506 et
875 1455 1140 1526 sumptu.
1167 1445 1426 1517 aiebant,
1449 1444 1548 1525 qui
1573 1444 1646 1505 ad
1674 1461 1803 1506 eam
1832 1443 2069 1508 sufficit.

2157 1446 2188 1510 ἡ
2234 1443 2385 1524 χεὶρ,
2418 1446 2504 1499 καὶ
2534 1444 2627 1511 τῆς
2674 1447 2853 1523 χειρὸς
2898 1445 3034 1518 ἡμῖν
3070 1445 3104 1510 ἡ
3165 1441 3355 1518 γνώμη
3387 1439 3746 1520 δαψιλεστέρα
3781 1457 3796 1472 ⁸

430 1551 659 1603 manus.
694 1542 751 1595 et
783 1554 962 1596 manu
994 1535 1170 1596 nobis
1199 1539 1434 1596 animus
1485 1534 1732 1612 largior.
1787 1530 1884 1595 Sic
1935 1549 2069 1593 cum

2157 1533 2294 1590 οὕτω
2349 1535 2588 1609 μείζονος
2650 1533 2942 1609 προστῆναι
3006 1533 3253 1590 ποιμνίου
3310 1533 3336 1586 ὁ
3391 1534 3550 1592 καλὸς
3577 1539 3653 1604 τῷ
3683 1531 3801 1588 ὄντι

427 1623 642 1702 majori
664 1625 827 1704 gregi
857 1634 1173 1703 cogeretur
1196 1642 1454 1705 praeesse
1473 1642 1608 1685 vere
1632 1623 1824 1684 bonus
1849 1630 2069 1703 pastor,

2157 1623 2360 1696 ποιμὴν
2415 1621 2853 1698 ὑποϐιαζςὶμενος,
2919 1623 3009 1678 οὒκ
3071 1621 3211 1676 ἔστιν
3291 1623 3464 1677 εἰπεῖν
3529 1621 3681 1686 ὅσαις
3740 1642 3800 1676 τε

433 1710 549 1772 dici
589 1731 710 1773 non
744 1722 938 1793 potest
968 1713 1207 1793 quantis
1232 1714 1558 1793 jactaretur
1589 1711 1770 1783 curis,
1807 1720 1865 1771 et
1890 1729 2068 1790 quam

2157 1709 2408 1767 ἐϐάλλετο
2483 1727 2608 1774 ταῖς
2668 1720 2927 1790 φροντίσι,
2982 1712 3070 1767 καὶ
3128 1710 3273 1774 ὅπως
3329 1723 3449 1775 τοῖς
3506 1708 3800 1788 λογισμοῖς

430 1800 610 1862 variis
672 1803 1110 1865 distraheretur
1166 1801 1645 1881 cogitationibus.
1705 1799 2073 1880 Quandoque

2157 1801 2441 1878 ἐμερίζετο.
2479 1801 2605 1858 "Ore
2661 1801 2756 1874 μὲν
2812 1801 2911 1878 γὰρ
2959 1801 3092 1877 πρὸς
3137 1801 3196 1854 τὸ
3253 1798 3352 1866 τῆς
3408 1800 3636 1879 ἡσυχίας
3689 1803 3798 1856 ἑπ-

429 1890 588 1950 enim
623 1891 693 1952 ad
730 1891 952 1953 bonum
988 1891 1206 1972 quietis
1234 1900 1295 1952 et
1321 1890 1541 1953 silentii
1575 1887 1958 1968 respiciebat,
2012 1896 2072 1948 et

2157 1887 2466 1959 ίδοικαλὸν,
2501 1893 2587 1946 καὶ
2621 1893 2681 1945 τὸ
2712 1891 2939 1966 καθαρὸν
2970 1899 3063 1948 τοῦ
3107 1896 3196 1946 νοῦ
3233 1890 3315 1945 καὶ
3363 1888 3645 1969 γαλήνιον,
3695 1895 3800 1957 τῆς

428 1979 499 2040 ad
553 1998 758 2059 puram
795 1990 851 2041 et
884 1981 1266 2061 tranquillam
1321 1990 1601 2053 mentem,
1648 1977 1722 2038 ab
1754 1979 1862 2038 hac
1892 1978 2072 2039 chara

2157 1978 2311 2057 φίλης
2347 1980 2542 2044 ταύτης
2600 1981 2829 2057 ἡσυχίας
2861 1979 2957 2035 οἶα
3011 1980 3217 2055 μητρὸς
3249 1977 3646 2052 ἀποσπώμενος
3687 1977 3800 2044 ἤλ-

432 2069 633 2148 quiete
662 2078 942 2150 tanquam
971 2089 1004 2132 a
1033 2079 1222 2132 matre
1253 2087 1316 2129 se
1346 2067 1518 2130 avelli
1550 2067 1820 2142 dolebat;
1873 2085 2068 2147 quan-

2157 2089 2257 2146 γει.
2317 2068 2446 2126 Ὅτε
2503 2066 2556 2123 δὲ
2601 2070 2733 2145 πρὸς
2790 2070 2852 2124 τὸ
2909 2073 3014 2124 τῶν
3067 2070 3388 2145 φοιτούντων
3438 2066 3800 2142 κηδεμονικὸν

431 2157 628 2234 doque
660 2168 856 2220 autem
890 2157 1330 2233 considerebat,
1356 2175 1559 2218 curam
1584 2175 1721 2218 esse
1741 2157 2068 2236 gerendam

2157 2154 2502 2231 ἀποϐλέψειε,
2547 2159 2639 2213 καί
2686 2159 2747 2213 τὸ
2779 2158 2856 2232 μὴ
2899 2157 3014 2213 δεῖν
3074 2159 3246 2227 ἑαυτῷ
3276 2158 3425 2230 μόνῳ
3481 2162 3600 2232 ζῇν,
3656 2155 3802 2213 ἀλλὰ

429 2265 637 2308 eorum
690 2251 787 2327 qui
839 2247 1230 2322 ventitabant,
1267 2254 1326 2308 et
1355 2265 1471 2307 non
1506 2254 1782 2326 oportere
1814 2244 1927 2305 sibi
1960 2243 2071 2306 soli

2157 2245 2339 2321 πολλῷ
2391 2246 2594 2321 μᾶλλον
2638 2249 2721 2303 καὶ
2775 2260 2889 2308 τοῖς
2940 2246 3192 2327 πλησίον,
3228 2249 3315 2303 καὶ
3362 2247 3552 2303 τούτου
3582 2268 3643 2323 γε
3703 2251 3799 2304 τὸν

430 2336 654 2410 vivere,
689 2341 795 2400 sed
830 2338 1013 2399 multo
1049 2337 1235 2415 magis
1278 2336 1454 2398 etiam
1505 2335 1812 2415 proximis,
1850 2344 1908 2395 et
1941 2333 2071 2412 ejus

2157 2339 2327 2391 κοινὸν
2363 2335 2640 2402 Δεσπότην
2686 2336 2823 2410 έωρα
2856 2336 3015 2393 τύπον
3049 2336 3101 2402 ἐξ
3146 2337 3323 2416 ἀρχῆς
3369 2339 3684 2411 γενόμενον,
3732 2338 3795 2399 ’ὃς

430 2427 520 2487 rei
554 2426 748 2506 ipsum
783 2426 1103 2488 Dominum
1137 2427 1321 2488 fuisse
1353 2423 1530 2486 nobis
1559 2423 1633 2484 ab
1666 2423 1834 2485 initio
1867 2441 2072 2484 exem-

2157 2427 2239 2480 καὶ
2297 2427 2536 2498 μαθητὰς
2593 2427 2764 2497 ἑαυτῷ
2837 2427 3129 2504 συνήγαγε,
3219 2427 3303 2480 καὶ
3362 2426 3568 2500 ποιμὴν
3639 2425 3795 2506 ὤφθη

431 2515 565 2597 plar
598 2517 992 2596 prepositum,
1026 2516 1127 2596 qui
1161 2525 1220 2577 et
1244 2513 1360 2576 sibi
1393 2522 1773 2592 congregant
1805 2512 2071 2591 discipu-

2157 2521 2386 2589 κογικῶν
2474 2511 2753 2591 προϐάτων
2783 2561 2800 2592 ,
2861 2517 2946 2570 καὶ
3029 2515 3158 2592 ὑπὲρ
3218 2515 3389 2572 αοότῶν
3450 2514 3549 2579 τὴν
3607 2516 3800 2594 ψυχὴν

428 2605 539 2682 los,
575 2613 634 2668 et
666 2614 1024 2687 conspectus
1047 2613 1137 2666 est
1167 2612 1367 2684 pastor
1396 2603 1589 2664 ovium
1623 2601 1872 2664 rationis
1902 2619 2071 2662 com-
2152 2603 2388 2680 προίετο.

431 2703 658 2776 potum,
695 2705 753 2756 et
785 2714 889 2777 pro
927 2696 1015 2758 eis
1046 2697 1244 2756 emisit
1271 2695 1553 2755 animam.

508 2785 607 2845 24.
637 2783 776 2846 Haac
798 2803 938 2863 ergo
961 2783 1196 2864 quando
1221 2801 1328 2863 per
1355 2783 1540 2844 otium
1563 2779 2073 2853 considerabat,et

2236 2779 2314 2836 ,δι
2455 2790 2473 2799 υ
2575 2781 2598 2802 να
3006 2782 3017 2797 ι
3282 2781 3292 2795 ο
3581 2783 3595 2800 ς

2237 2804 2268 2836 κ
2323 2825 2337 2840 .
2371 2791 2546 2838 Ταυτα
2577 2803 2664 2837 οτε
2714 2781 3063 2860 κατασχολην
3113 2779 3486 2856 διασκέψαιτο,
3546 2804 3639 2837 τον
3697 2779 3800 2838 λο-

429 2877 489 2935 in
531 2874 893 2936 contrariam
930 2883 1157 2953 partem
1207 2870 1554 2933 trahebatur
1584 2870 1843 2939 animus,
1878 2887 2072 2948 neque

2157 2872 2348 2947 γισμὸν
2393 2872 2534 2934 αὖθις
2595 2868 2894 2926 ἀνθείλκετο
2949 2873 3035 2925 καὶ
3083 2875 3178 2929 οὒκ
3209 2875 3367 2949 εἶχεν
3413 2870 3522 2946 ὅτῳ
3555 2873 3800 2949 καθαρῶς

433 2961 664 3024 sciebat
694 2962 930 3024 cuinam
968 2981 1113 3042 pure
1141 2961 1496 3023 adhaereret.
1524 2960 1672 3021 Nam
1697 2957 1912 3037 quietis
1933 2958 2073 3037 qui-

2157 2962 2446 3036 προστεθῇ.
2501 2960 2632 3022 Τοὺς
2677 2959 2776 3032 μὲν
2833 2960 2930 3037 γὰρ
2988 2964 3087 3028 τῆς
3131 2960 3363 3039 ἡσυχίας
3407 2961 3643 3038 καρποὺς
3702 2959 3804 3015 οὒκ

432 3050 569 3112 dem
597 3060 654 3112 et
684 3049 908 3112 silentii
934 3051 1159 3112 fructus
1183 3069 1300 3110 non
1318 3046 2071 3127 ignorabat;rursusautem

2157 3047 2362 3125 ἠγνόει,
2439 3045 2554 3114 ἤδει
2633 3045 2687 3102 δὲ
2763 3051 2850 3105 καὶ
2914 3055 3010 3116 τῆς
3083 3051 3333 3126 προνοίας
3391 3056 3495 3106 τῶν
3556 3048 3803 3128 ἀδελφῶν

437 3139 931 3220 sciebat,quinam
961 3147 1162 3200 essent
1184 3139 1407 3199 fructus
1433 3153 1740 3212 cumquae
1763 3143 2073 3213 gereretur

2157 3139 2362 3214 ὁποῖοι,
2411 3138 2500 3191 καὶ
2557 3135 2640 3192 διὰ
2700 3146 2854 3194 τοῦτο
2913 3141 2999 3195 καὶ
3063 3140 3384 3219 ἀμφοτέροις
3458 3139 3801 3216 προσέκειτο,

429 3229 677 3291 fratrum
713 3246 726 3290 :
769 3236 827 3289 et
860 3227 996 3289 ideo
1029 3229 1298 3308 utrisque
1328 3223 1691 3298 adhaerebat,
1723 3233 1781 3285 et
1807 3223 2072 3284 neutrius

2157 3229 2244 3282 καὶ
2301 3224 2409 3284 οὐδ’
2468 3225 2649 3304 ἑτέρου
2701 3227 2976 3294 παντελῶς
3021 3228 3243 3307 ἐγίνετο,
3307 3228 3558 3306 ἐκατέρου
3601 3250 3658 3284 τε
3688 3229 3803 3308 ἀφ-

436 3327 562 3380 erat
586 3317 822 3398 penitus
847 3339 860 3376 :
891 3316 1042 3378 etab
1066 3324 1320 3396 utroque
1344 3311 1684 3386 recedebat,
1710 3325 1770 3374 et
1791 3331 1923 3373 cum
1947 3331 2073 3372 am-

2163 3319 2365 3390 ίστατο,
2428 3317 2514 3371 καὶ
2573 3315 2892 3396 ἀμφοτέροις
2969 3318 3129 3374 πάλιν
3207 3321 3531 3398 συνήρχετο.
3596 3319 3654 3377 Τί
3709 3321 3805 3375 οὖν

433 3405 628 3468 bobus
659 3424 866 3468 rursus
911 3403 1325 3468 conveniebat.
1379 3403 1527 3476 Quid
1561 3421 1701 3480 ergo
1733 3401 1918 3462 facit?
1949 3402 2072 3464 Deo

2157 3418 2304 3462 ποιεῖ
2345 3425 2360 3476 ;
2389 3413 2504 3478 Θεῳ
2555 3407 2616 3461 τὸ
2665 3412 2768 3462 πᾶν
2813 3406 3081 3486 ἐπιτρέπει
3117 3415 3192 3481 τῷ
3223 3412 3309 3465 καὶ
3344 3411 3492 3483 μόνῳ
3520 3407 3800 3481 δυναμένῳ

437 3495 727 3576 permittit
753 3499 1118 3569 universum,
1147 3495 1246 3576 qui
1270 3494 1361 3556 vel
1387 3491 1548 3554 solus
1573 3498 1768 3572 potest
1792 3490 2068 3567 miscere,

437 3603 566 3664 qua;
598 3585 840 3646 misceri
880 3604 995 3647 non
1029 3593 1274 3665 possunt
1309 3605 1321 3645 :
1359 3591 1416 3644 et
1446 3582 1608 3642 illius
1637 3581 1855 3642 auxilio
1885 3581 2077 3644 credit

440 3693 614 3756 posse
647 3675 799 3751 fieri,
834 3685 898 3738 ut
930 3683 987 3738 et
1018 3682 1403 3738 conservetur
1427 3671 1648 3734 bonum
1677 3671 1895 3752 quietis
1915 3679 1974 3732 et
1997 3672 2075 3733 si-

431 3764 624 3839 lentii,
661 3774 720 3827 et
751 3785 867 3826 non
903 3770 1166 3845 privetur
1197 3763 1477 3826 mercede
1509 3762 1892 3842 praefectum.
1942 3763 2075 3824 Non

432 3854 594 3916 enim
619 3854 681 3916 in
705 3874 799 3931 eo,
825 3854 989 3932 quod
1017 3861 1094 3916 sit
1115 3873 1334 3935 corpus
1357 3851 1716 3924 solitarium,
1747 3850 1852 3912 sed
1885 3854 1943 3911 in
1977 3869 2071 3927 eo,

431 3943 588 4024 quob
638 3945 714 4005 sit
764 3963 866 4006 cor
910 3944 1066 4006 bene
1124 3943 1518 4024 compositum
1571 3950 1628 4001 et
1659 3939 2069 4020 tranquillum,

431 4034 608 4094 vitam
642 4043 805 4095 recte
837 4036 959 4113 geri
999 4033 1407 4105 monasticam,
1435 4029 1762 4093 utadivino
1784 4029 1965 4091 David
1986 4037 2076 4089 est

433 4122 762 4183 definitum.
807 4127 978 4185 Certe
1007 4123 1242 4186 etiamsi
1272 4123 1352 4182 ita
1380 4138 1444 4182 se
1471 4118 1718 4181 haberet
1752 4118 2072 4198 judicium,

435 4221 631 4272 tamen
667 4213 788 4273 Deo
825 4211 1136 4290 permittit,
1173 4219 1230 4274 et
1260 4211 1316 4272 ei
1361 4208 1677 4290 supplicat,
1726 4211 1777 4269 si
1830 4214 2074 4268 omnino

434 4301 489 4360 ei
521 4308 724 4378 gratus
755 4311 912 4360 esset
945 4309 1196 4360 conatus
1231 4300 1312 4380 (ei
1343 4298 1503 4359 enim
1544 4299 1603 4359 in
1635 4305 1835 4359 mente
1868 4315 2072 4358 versa-

433 4388 624 4465 batur,
662 4389 822 4467 quod
853 4390 993 4451 olim
1028 4389 1262 4450 divinus
1295 4388 1537 4450 Simeon
1572 4389 1645 4448 de
1679 4405 1751 4448 eo
1779 4385 2076 4467 praedixe-

431 4478 572 4559 rat),
608 4479 666 4550 si
692 4497 832 4558 ergo
865 4478 1111 4540 omnino
1166 4477 1289 4540 Deo
1326 4477 1610 4558 placaret,
1647 4486 1708 4536 ut
1740 4475 1850 4537 hoc
1905 4475 2075 4554 signo

2157 3495 2404 3572 μιγνύναι
2460 3495 2524 3550 τὰ
2581 3495 2804 3571 ἄμικτα,
2864 3498 2952 3553 καὶ
3005 3503 3072 3573 τῇ
3131 3498 3330 3554 ἐκείνου
3361 3499 3596 3555 πιστεύει
3649 3498 3798 3575 ῥοπῇ

2157 3582 2374 3643 δυνατὸν
2425 3588 2568 3654 αὗτῴ
2597 3585 2838 3662 γενέσθαι
2891 3589 2978 3643 καὶ
3021 3587 3082 3643 τὰ
3139 3591 3234 3656 τῆς
3267 3589 3498 3668 ἡσυχίας
3530 3586 3799 3655 διασωθῆ-

2158 3697 2240 3730 ναι
2272 3674 2459 3753 καλὸν,
2493 3678 2590 3731 καὶ
2626 3675 2729 3732 τῶν
2763 3675 2848 3732 ἐπὶ
2876 3682 2943 3753 τῇ
2974 3679 3266 3756 προστασίᾳ
3315 3681 3519 3752 μισθῶν
3567 3676 3796 3756 ἃμοιρον

2157 3765 2234 3839 μὴ
2286 3763 2692 3844 ἀπολειφθῆναι.
2751 3769 2823 3824 Οὔ
2874 3767 2973 3846 γὰρ
3020 3766 3074 3823 ἐν
3117 3773 3186 3844 τῇ
3249 3770 3480 3843 μονώσει
3529 3778 3621 3828 τοῦ
3673 3769 3794 3825 σώ-

2157 3875 2350 3932 ματος,
2382 3851 2499 3910 ἀλλ’
2543 3856 2598 3909 ὶν
2630 3861 2705 3927 τῷ
2763 3859 3006 3914 εύσταθεϊ
3049 3855 3254 3932 μᾶλλον
3294 3859 3394 3924 τῆς
3444 3857 3658 3936 καρδίας
3703 3859 3799 3915 καὶ

2158 3950 2378 4019 γαληνῷ
2433 3947 2811 4013 κατορθοῦσθαι
2861 3947 2922 4001 τὸ
2961 3947 3097 4002 κατά
3170 3948 3360 4022 μόνας,
3419 3948 3492 4012 ὡς
3543 3954 3612 4020 τῷ
3669 3948 3801 4003 θείω

2161 4029 2320 4088 Δαϐὶδ
2372 4033 2612 4108 ὡρίζετο,
2663 4032 2881 4108 Ἀμέλει
2927 4035 3015 4092 καί
3059 4035 3223 4102 οὕτως
3267 4037 3414 4117 ἔχων
3456 4037 3555 4105 τήν
3617 4040 3797 4116 κρίσιν

2157 4121 2302 4197 ὅμως
2334 4127 2411 4194 τῷ
2445 4123 2560 4197 Θεῷ
2605 4119 2806 4204 δίδωσι,
2865 4126 2952 4182 καί
3009 4125 3190 4193 ἱκέτης
3236 4131 3393 4185 αὒτοῦ
3436 4127 3662 4206 γίνεται,
3709 4126 3802 4183 εἵ-

2156 4232 2254 4289 περ
2297 4210 2436 4274 ὅλως
2493 4214 2630 4268 κατά
2687 4214 2932 4291 γνώμην,
2998 4217 3148 4289 Αύτῴ
3205 4217 3265 4272 τὸ
3321 4216 3625 4296 ἐγχείρημα
3682 4215 3803 4296 (ἐπί

2159 4307 2275 4358 νοῦν
2327 4304 2426 4380 γὰρ
2469 4303 2598 4382 εἶχε
2657 4305 2745 4359 καί
2791 4307 2853 4360 τὸ
2904 4312 2978 4378 τῷ
3020 4306 3141 4380 θείῴ
3195 4307 3415 4380 Συμεὼν
3473 4308 3593 4383 περί
3635 4308 3801 4365 αὐτοῦ

2157 4388 2322 4446 πάλαι
2380 4394 2785 4468 προφητευθέν),
2834 4395 2876 4449 εἰ
2930 4393 3016 4450 οὖν
3069 4393 3208 4458 ὅλως
3254 4395 3490 4473 ἀρέσκων
3525 4395 3617 4462 εἴη
3678 4403 3800 4472 Θεῷ

2158 4479 2364 4555 σημείῳ
2407 4488 2559 4537 τοῦτο
2617 4480 3020 4560 παραδηλὼσαι,
3079 4484 3168 4540 καί
3197 4485 3286 4540 τὸν
3317 4485 3490 4542 τύπον
3521 4483 3802 4550 ὑποδεῖξαι

431 4567 789 4643 declararet,
826 4577 886 4628 et
917 4567 1111 4628 locum
1140 4579 1351 4649 aperte
1382 4566 1688 4642 indicaret,
1713 4565 1772 4626 in
1802 4584 1924 4642 quo
1949 4573 2073 4626 erat

2157 4573 2336 4648 σαφῶς
2368 4569 2448 4649 ἐρ’
2481 4574 2548 4650 ᾧ,
2585 4571 2706 4636 τοὺς
2739 4572 3014 4648 θεμελίους
3045 4575 3309 4652 πηγνύναι
3343 4577 3465 4639 τοὺς
3489 4577 3586 4643 τῆς
3619 4580 3796 4651 μονῆς

433 4658 778 4719 monasterii
800 4656 1074 4737 jacturus
1104 4657 1512 4719 fundamenta.

2157 4659 2395 4736 ἔμελλεν.

511 4747 612 4808 95.
647 4747 792 4808 Cum
818 4765 958 4826 ergo
983 4747 1043 4807 in
1071 4765 1280 4808 manus
1309 4745 1657 4826 sumpsisset
1678 4744 2068 4823 tburibulum,

2233 4745 2316 4802 κε’
2331 4792 2343 4806 .
2381 4744 2568 4803 Λαϐὼν
2600 4757 2686 4806 οὖν
2746 4751 2820 4812 εἰς
2879 4763 3072 4830 χεῖρας
3103 4752 3448 4830 θυμιατήριον
3479 4753 3566 4809 καί
3589 4752 3794 4831 ἀνθρά-

429 4843 486 4898 et
513 4833 829 4917 implesset
847 4835 1306 4912 carbonibus,et
1328 4835 1545 4898 deinde
1569 4833 1795 4916 absque
1816 4835 1949 4914 igne
1967 4836 2073 4896 im-

2157 4859 2261 4893 κων
2293 4835 2532 4912 πλήσας,
2578 4841 2697 4894 εἶτα
2726 4841 2815 4896 καί
2845 4842 3006 4916 πυρὸς
3055 4843 3178 4899 ἀνευ
3209 4841 3404 4904 ἐπιθεὶς
3436 4845 3496 4899 τὸ
3525 4843 3792 4918 θυμίαμα,

428 4926 724 5006 posuisset
746 4925 1302 5006 sufﬁtum,pervasit
1325 4924 1926 5013 solitudinemJabris
1944 4943 2073 5005 pre-

2157 4926 2251 4992 τὴν
2296 4925 2518 5004 ἐρημίαν
2545 4925 2681 5002 aqua
2713 4930 2885 5008 εὐχὴν
2916 4929 3126 5013 ἐπᾲδων
3183 4943 3300 4994 τοῖς
3331 4931 3570 5011 χείλεσιν
3612 4949 3626 4964 °
3662 4936 3794 5013 εἶχε

427 5032 528 5076 ces
548 5013 1127 5078 decantans.Preces
1149 5031 1346 5077 autem
1363 5015 1442 5076 ita
1465 5013 1794 5076 habebant:
1822 5012 1868 5076 Ο
1890 5013 2069 5096 Deus,

2157 5013 2206 5070 δὲ
2249 5017 2314 5072 τὰ
2372 5021 2466 5083 τῆς
2513 5021 2683 5096 εὒχῆς
2743 5019 2911 5083 οὕτως
2949 5039 2963 5054 ·
3025 5011 3080 5078 Ὀ
3127 5022 3216 5076 τὸν
3268 5019 3481 5100 Ἰσραὴλ
3511 5021 3677 5080 πάλαι
3708 5011 3796 5079 διὰ

427 5104 529 5185 qui
563 5123 670 5185 per
699 5104 883 5166 multa
912 5113 972 5166 et
1002 5124 1214 5185 magna
1262 5105 1546 5166 miracula
1596 5104 1736 5165 olim
1788 5102 2068 5165 Israelem

2157 5103 2365 5162 πολλῶν
2410 5107 2498 5162 καί
2553 5107 2805 5185 μεγάλων
2845 5111 3126 5184 θαυμάτων
3171 5111 3300 5175 Θεὸς
3357 5113 3790 5188 πιστωσάμενος,

423 5195 816 5268 conﬁrmasti,
854 5193 955 5275 qui
985 5193 1206 5258 famulo
1239 5204 1336 5256 tuo
1367 5192 1552 5274 Moysi
1582 5192 1786 5255 multis
1817 5202 1874 5255 et
1895 5193 2070 5253 variis

2157 5197 2179 5251 ὃ
2230 5196 2320 5251 τὸν
2378 5196 2676 5274 θεράποντα
2731 5219 2824 5254 σου
2883 5204 3113 5266 Μωυσῆν
3145 5199 3372 5266 πολλοῖς
3402 5203 3490 5257 καὶ
3521 5201 3796 5267 ποικίλοις

429 5283 720 5366 prodigiis
745 5285 1122 5365 persuasisti,
1154 5293 1218 5346 ut
1240 5303 1343 5347 eos
1369 5282 1619 5363 regendi
1645 5301 1797 5344 onus
1815 5282 2064 5357 subiret,

2157 5283 2329 5364 τέρασι
2390 5285 2572 5350 πείσας
2629 5287 2729 5354 την
2778 5290 3100 5366 προστασίαν
3151 5290 3326 5346 αὐτῶν
3386 5289 3660 5366 ὑπελθεῖν,
3702 5293 3796 5348 καί

428 5381 487 5435 et
511 5375 730 5450 virgam
757 5373 996 5456 quidem
1019 5376 1078 5436 in
1103 5381 1472 5456 serpentem,
1490 5372 1552 5433 in
1576 5369 1844 5433 alborem
1868 5379 2066 5433 autem

2157 5375 2248 5442 τὴν
2305 5375 2402 5450 μὲν
2459 5373 2648 5454 ῥάϐδον
2705 5379 2777 5440 εἱς
2840 5376 2979 5457 ὅφιν,
3041 5379 3116 5442 εἷς
3167 5377 3464 5447 λευκότητα
3495 5379 3673 5448 δὲτὴν
3704 5379 3796 5438 λε-

425 5465 710 5538 leprosam
726 5482 962 5525 manum
978 5470 1287 5534 mutasti,et
1309 5465 1510 5524 deinde
1533 5468 1582 5522 ei
1595 5479 1799 5522 rursus
1820 5467 2067 5536 priorem

2157 5469 2364 5536 πρῶσαν
2415 5477 2581 5545 χεῖρα
2639 5464 2978 5542 μεταϐαλὼν,
3036 5468 3160 5524 εἶτα
3204 5470 3302 5536 τὴν
3341 5471 3596 5550 προτέραν
3654 5470 3795 5550 αύτῇ

425 5551 737 5614 restituisti
767 5554 1067 5619 colorem:
1126 5554 1225 5634 qui
1258 5570 1466 5633 aquam
1499 5550 1741 5635 quidem
1784 5559 1974 5614 mutas
2003 5551 2065 5614 in

2157 5552 2306 5609 πάλιν
2349 5551 2648 5634 περιϐαλὼν
2691 5555 2964 5638 εὔχροιαν,
3012 5557 3068 5622 ὃς
3114 5560 3172 5614 τὸ
3219 5559 3316 5634 μὲν
3349 5557 3480 5639 ’ὕδωρ
3524 5561 3595 5626 εἷς
3646 5563 3793 5636 αἷμα

427 5642 804 5723 sanguinem,
861 5645 1052 5724 ipsum
1087 5651 1283 5706 autem
1317 5661 1524 5704 rursus
1553 5641 1731 5704 facile
1755 5641 1819 5704 in
1850 5659 2061 5725 aquam

2157 5656 2485 5720 αεταποιετς,
2547 5643 2673 5701 αύτὸ
2725 5642 2780 5701 δὲ
2833 5645 2991 5703 πάλιν
3041 5651 3122 5713 εἰς
3169 5647 3304 5728 ὕδωρ
3346 5649 3636 5722 άνασώζεις
3693 5650 3790 5707 εὗ-

423 5728 694 5790 restituis
722 5747 738 5804 ;
771 5735 872 5809 qui
904 5731 1170 5794 Gedeoni
1198 5731 1429 5813 signum
1458 5732 1717 5796 victoriae
1748 5732 1935 5795 vellus
1965 5749 2063 5795 ex.

2157 5732 2342 5813 ιιόλως,
2377 5733 2436 5805 ὃς
2464 5741 2540 5813 τῷ
2585 5733 2786 5792 Γεδεὼν
2845 5733 3110 5816 σύμϐολον
3161 5740 3311 5807 νίκης
3354 5739 3454 5799 τόν,
3504 5762 3561 5798 τε
3620 5741 3794 5802 πόκον
