4062 6194
309 390 432 458 493

1296 392 1482 460 VITA
1527 394 1587 457 S.
1635 388 2043 459 THEODOSII
2087 394 2702 460 COENOBIARCH/E.

3592 399 3706 463 494

303 531 397 584 καὶ
469 528 535 585 τὰ
597 527 723 606 περΐ
781 532 870 586 τὸν
944 530 1107 587 πόκον
1177 525 1234 585 εὖ
1313 529 1596 607 παριστὰς,
1670 527 1958 606 δημιουργὲ

2066 528 2237 608 iibes,
2276 537 2334 592 et
2363 549 2494 611 quas
2523 531 2687 593 circa
2716 530 2904 593 vellus
2943 554 2958 609 ;
3019 532 3119 611 qui
3156 531 3358 594 omnia
3388 532 3707 596 fabricaris

1105 615 1314 691 Ἐζεκίᾳ
1345 623 1443 681 τῆς
1502 619 1610 674 τῶν
1652 617 1970 692 ἀναϐαθμῴν

308 714 464 771 σκιᾶς
495 713 564 783 τῇ
612 709 740 786 πρὸς
795 711 858 764 τὰ
920 709 1132 765 ὄπισθεν
1189 705 1497 764 ἀναποδίσει
1541 707 1638 775 τήν
1671 713 1767 773 τῆς
1820 714 1966 777 ζωῆς

309 797 625 876 ὑπέγραψας
698 800 1034 875 προσθήκην,
1096 797 1154 861 ὃς
1215 798 1302 852 καὶ
1373 803 1479 852 τῶν
1541 798 1716 876 εὐχῶν
1787 795 1970 854 Ἠλίου

313 887 573 964 πρότερον
618 888 926 957 ὑπήκουσας
984 897 1083 965 πῦρ
1152 887 1326 950 καθείς
1394 888 1692 964 οὖρανόθεν,
1741 887 1828 942 καὶ
1885 884 1970 942 διὰ

315 979 415 1043 τὴν
477 977 548 1038 εὶς
581 976 639 1032 σὲ
693 981 799 1032 τῶν
856 973 1188 1034 ἀσεϐούντων
1232 975 1579 1054 ἐπιστροφὴν,
1616 977 1708 1037 τὰς
1771 974 1968 1053 σχίδαο

315 1067 416 1130 κάς
473 1087 530 1121 τε
561 1067 648 1121 καὶ
693 1063 1112 1141 ὁλοκαυτώματα
1168 1068 1255 1122 καὶ
1299 1066 1360 1121 τὸ
1402 1063 1536 1144 ὕδωρ
1568 1067 1750 1126 αὐτοῖς
1807 1065 1969 1126 λίθοις

315 1153 773 1234 συγκατέφλεξας,
820 1155 975 1215 αὐτὸς
1032 1156 1087 1212 εἶ
1143 1160 1228 1212 καὶ
1301 1161 1390 1212 νῦν
1437 1155 1616 1231 Κύριε,
1669 1156 1756 1211 καὶ
1813 1156 1968 1216 αὐτὸς

311 1246 614 1302 ὶπάκοδσόν
673 1268 776 1320 μου
817 1255 912 1304 τοῦ
962 1243 1147 1302 δούλω
1191 1267 1307 1316 σου,
1345 1245 1433 1300 καὶ
1489 1242 1663 1310 δεῖξον
1713 1244 1831 1301 ἔνθα
1884 1267 1967 1302 σοι

315 1333 470 1414 φίλον
515 1336 640 1390 ναὸν
679 1335 777 1410 μὲν
826 1336 902 1408 τῷ
953 1357 1132 1413 κρατει
1178 1338 1255 1409 τῷ
1285 1337 1384 1408 σῷ,
1418 1347 1537 1396 τοϊς
1593 1332 1645 1389 δὲ
1678 1347 1794 1395 σοῖς
1842 1333 1967 1390 δού-

311 1423 430 1487 λοις
487 1426 706 1499 χαὶμοῦ
765 1438 1050 1506 φοιτηταῖς
1111 1423 1451 1502 καταγώγιον
1481 1423 1786 1502 ἀναγεϊραι.
1847 1425 1968 1480 Δείο

316 1512 421 1578 Ξεις
479 1512 533 1569 δὲ
565 1517 778 1577 παντως
823 1514 932 1581 ὅπη
977 1515 1099 1577 τοὺς
1159 1514 1418 1589 ἄνθρακας
1456 1514 1671 1579 τούτους
1730 1513 1971 1593 ἀναφθῆ-

315 1627 403 1658 ναι
471 1602 762 1680 κελεύσεις,
837 1607 908 1664 εἷς
972 1602 1126 1674 δόξαν
1211 1605 1310 1677 μὲν
1376 1603 1501 1678 σὴν,
1561 1602 1844 1682 ἐπίγνωσιν
1919 1602 1973 1659 δὲ

319 1691 534 1749 πολλῶν
588 1694 674 1749 καὶ
725 1698 822 1760 τῆς
879 1692 1130 1759 ἀληθείας
1187 1690 1490 1770 βεϐαίωσιν.
1535 1701 1710 1750 Ταῦτα
1768 1695 1852 1750 καὶ
1909 1694 1974 1748 τὰ

315 1782 530 1846 ταύτοις
563 1781 724 1856 ὅμοια
771 1781 1056 1858 περιᾴδων,
1091 1787 1195 1838 τῶν
1228 1781 1408 1838 τόπων
1451 1783 1538 1845 οὓς
1578 1781 1812 1858 μάλιστα
1867 1785 1972 1840 τῶν

319 1870 501 1929 ἄλλων
530 1871 988 1946 ἐπιτηδειοτέρους
1032 1870 1147 1948 ᾔδει
1179 1869 1448 1952 διέρχετο.

403 1960 550 2034 κζ’.
599 1968 707 2028 Την
735 1960 943 2028 πολλὴν
1000 1959 1056 2018 δὲ
1086 1959 1268 2024 διαϐὰς
1301 1967 1398 2028 τῆς
1447 1961 1647 2037 ἐρήμου
1679 1961 1779 2038 γῆν
1841 1959 1968 2041 ἅρχι

316 2053 418 2107 τοῦ
487 2050 782 2128 λεγομένου
840 2049 1090 2132 Κουτιλᾶ,
1153 2054 1241 2108 καὶ
1299 2057 1406 2107 τῶν
1464 2057 1563 2119 τῆς
1619 2049 1970 2130 ’Λσφαλτίδος

315 2139 518 2214 λίμνης
579 2139 899 2221 ὀχθῶν,ἒπὶ
957 2155 1166 2217 νεκροῖς
1226 2139 1364 2197 οὕτω
1419 2141 1516 2197 καί
1572 2141 1796 2219 ἀπύροις
1856 2155 1969 2202 τοῖς

315 2228 586 2306 ἄνθραξιν,
644 2231 717 2295 ὡς
787 2229 926 2308 ἑώρα
971 2227 1224 2306 μηδαμοῦ
1277 2233 1493 2293 τούτους
1553 2230 1970 2309 ἀναπτομένους,

317 2317 459 2394 μηδὲ
513 2322 574 2376 τὸ
603 2321 910 2399 ὶγχείρημα
965 2321 1102 2376 κατά
1160 2318 1380 2398 γνώμην
1437 2320 1743 2388 ὑπαντῆσαν
1804 2319 1968 2392 αύτῷ,

317 2408 675 2488 ὑποστρέφειν
739 2409 902 2488 ἔγνω.
949 2417 1114 2468 Τοῦτο
1170 2407 1223 2464 δὲ
1283 2405 1595 2487 δράσαντος,
1656 2410 1740 2463 καὶ
1794 2407 1972 2485 ὀλίγον

319 2496 426 2564 ἤδη
479 2505 572 2556 τοῦ
603 2497 870 2566 σπηλαίου
906 2496 1178 2578 διέχοντος
1230 2496 1297 2578 (ὢ
1326 2499 1403 2561 τίς
1449 2497 1602 2562 ἀξίως
1634 2497 1828 2554 αἰνέσει
1880 2518 1972 2552 σου

318 2589 385 2642 τὸ
444 2587 658 2664 κράτος,
723 2587 946 2646 ἀθάνατε
1014 2586 1239 2645 Βασιλεῦ
1275 2585 1342 2666 ;),
1403 2585 1604 2650 καπνός
1664 2585 1811 2666 ἄφνω
1866 2591 1972 2641 τῶν

319 2676 598 2754 ἀνθράκων
667 2676 846 2756 ἀνῄει,
934 2679 1126 2740 ιιαπνὸς
1199 2675 1424 2754 εὐώδης,
1499 2677 1657 2752 περὸς
1729 2673 1970 2752 ἀρρήτως

321 2763 705 2840 διαδραμόντος
776 2767 898 2829 τοὺς
982 2766 1268 2845 ἄνθρακας,
1333 2767 1420 2822 καὶ
1504 2765 1715 2845 ἀφανῶς
1784 2764 1969 2829 αὐτούς

309 619 528 674 πάντων
581 619 669 674 καὶ
702 622 956 697 συνοχεᾷ
989 619 1047 681 ὃς

2055 630 2111 679 et
2142 619 2413 682 contines
2441 643 2456 695 ;
2510 620 2613 702 qui
2641 619 2911 682 Ezechiae
2941 620 3168 682 umbrze
3220 622 3510 700 graduum
3543 634 3706 685 retro

2054 711 2400 771 reversione
2451 709 2826 790 descripsisti
2855 711 2988 772 vitae
3034 710 3503 774 additamentnm
3545 735 3560 790 ;
3607 714 3711 796 qui

2053 800 2231 860 etiam
2267 799 2413 860 Elia;
2446 817 2672 879 praeces
2703 801 2867 880 prius
2912 800 3253 877 exaudiisti,
3286 801 3607 882 ignemque
3633 803 3709 866 de

2054 889 2206 950 cmlo
2238 887 2532 950 demisisti
2567 910 2583 970 ;
2638 897 2693 951 et
2729 901 2982 970 propter
3025 909 3256 966 eorum,
3294 892 3392 970 qui
3424 910 3489 953 se
3529 893 3711 974 impie

2052 975 2363 1056 gerebant,
2388 977 2460 1038 ad
2492 985 2546 1039 te
2576 981 3063 1055 conversionem,
3091 979 3251 1059 ligna
3279 987 3336 1042 et
3366 980 3712 1045 holocausta

2057 1074 2114 1126 et
2143 1083 2358 1142 aquam
2395 1083 2511 1128 una
2545 1086 2679 1128 cum
2738 1068 2882 1147 ipsis
2914 1068 3217 1148 lapidibus
3275 1068 3655 1132 combussisti
3689 1087 3705 1137 ἲ

2057 1156 2184 1235 ipse
2217 1156 2394 1217 etiam
2441 1174 2598 1217 nunc
2633 1175 2721 1234 es,
2750 1157 3024 1238 Domine,
3063 1159 3189 1237 ipse
3222 1178 3465 1239 quoque
3495 1161 3711 1222 exaudi

2057 1263 2150 1306 me
2182 1264 2419 1307 servum
2456 1254 2646 1320 tuum,
2681 1255 2740 1308 et
2797 1248 3050 1308 ostende
3085 1247 3185 1308 ubi
3221 1249 3325 1309 libi
3358 1250 3604 1329 placeat.
3648 1257 3714 1313 ut

2056 1337 2346 1416 templum
2401 1333 2647 1415 quidem
2683 1343 2797 1396 tum
2857 1336 3159 1414 potentiae,
3196 1340 3317 1400 tuis
3347 1347 3542 1400 autem
3574 1359 3709 1402 ser-

2057 1425 2142 1485 vis
2173 1430 2232 1486 et
2283 1425 2433 1486 meis
2461 1424 2773 1505 discipulis
2806 1425 3208 1488 habitaculum
3245 1428 3558 1490 aediﬁcem.
3591 1433 3709 1492 Os-

2057 1514 2269 1575 tendes
2313 1523 2511 1575 autem
2564 1521 2839 1591 omnino,
2876 1515 2975 1577 ubi
3022 1517 3267 1596 jubehis
3316 1518 3567 1581 accendi
3600 1522 3710 1582 hos

2058 1604 2373 1677 carbones,
2427 1603 2499 1664 ad
2550 1604 2801 1682 gloriam
2865 1607 3106 1685 quidem
3168 1618 3352 1684 tuam,
3385 1609 3708 1671 multorum

2057 1703 2255 1754 autem
2307 1693 2698 1768 agnitionem,
2731 1705 2790 1756 et
2847 1696 3108 1756 veritatis
3166 1699 3705 1761 conﬁrmationem.

2058 1783 2194 1844 Hmc
2247 1793 2306 1844 et
2336 1783 2428 1844 his
2480 1785 2702 1845 similia
2759 1785 3105 1862 decantans,
3142 1787 3345 1850 obibat
3394 1789 3545 1866 loca,
3580 1810 3711 1871 qua:

1995 1903 2031 1952 Β
2060 1882 2300 1934 noverat
2330 1873 2462 1933 aliis
2491 1874 2740 1953 aptiora.

2115 1960 2369 2025 26.Cum
2397 1972 2592 2023 autem
2620 1964 2964 2026 solitudinis
2987 1966 3234 2027 multam
3263 1975 3477 2032 terram
3511 1956 3710 2050 perva-

2054 2051 2232 2114 sisset
2254 2071 2443 2134 usque
2467 2052 2539 2113 ad
2575 2054 2796 2128 locum,
2829 2054 2932 2134 qui
2963 2055 3189 2118 dicitur
3217 2057 3439 2120 Gutilla
3470 2071 3524 2121 et
3553 2063 3714 2141 ripas

2056 2141 2219 2202 lacus
2255 2141 2625 2222 Asphaltidis
2654 2145 2922 2224 (4445),
2959 2146 3044 2207 sic
3079 2148 3330 2207 mortuis
3371 2158 3429 2210 et
3463 2150 3711 2211 minime

2057 2229 2257 2308 ignitis
2281 2230 2670 2308 carbonibus,
2700 2252 2833 2295 cum
2867 2234 3011 2296 vidit
3037 2254 3140 2296 eos
3174 2237 3420 2300 minime
3440 2241 3708 2312 ascendi,

2059 2338 2256 2400 neque
2284 2332 2560 2381 conatum
2597 2321 2651 2382 ei
2703 2341 2770 2383 ex
2799 2323 2981 2384 animi
3013 2327 3306 2386 sententia
3355 2329 3707 2405 succedere,

2057 2407 2364 2470 constituit
2388 2412 2776 2472 reverti.Cum
2805 2413 2914 2474 hoc
2933 2422 3128 2475 autem
3145 2414 3472 2490 fecisset,et
3497 2436 3708 2496 parum

2058 2506 2216 2558 esset
2240 2505 2507 2560 remotus
2538 2517 2573 2559 a
2601 2501 2891 2580 spelunca
2918 2508 2976 2578 (ο
3009 2503 3143 2583 quis
3177 2513 3333 2564 tuam
3367 2505 3545 2583 digne
3575 2506 3705 2566 lau-

2057 2585 2211 2646 darit
2243 2585 2594 2666 potentiam,
2620 2587 2744 2649 Rex
2778 2591 3201 2666 immortalis!)
3230 2592 3426 2654 lumus
3455 2606 3707 2674 repente

2055 2676 2329 2735 ascendit
2377 2693 2446 2736 ex
2480 2675 2864 2749 carbonibus,
2901 2678 3101 2740 fumus
3152 2678 3307 2740 bene
3339 2680 3529 2758 olens,
3567 2699 3704 2742 cum

2057 2763 2210 2842 ignis
2243 2765 2418 2825 modo
2444 2764 2724 2827 ineﬂabili
2751 2769 3147 2847 percurrisset
3178 2768 3499 2843 carbones,
3519 2779 3576 2831 et
3604 2789 3709 2832 eos

323 2856 860 2932 ἀναζωπυρήσαντος.
919 2855 1070 2913 Οὕτω
1117 2866 1396 2934 τοιγαροῦν
1453 2877 1545 2912 του
1588 2857 1749 2933 πυρὸς
1797 2869 1972 2932 κρεῐτο

2066 2854 2310 2914 latenter
2331 2853 2847 2921 suscitassetﬂum
2881 2859 3081 2938 itaque
3101 2859 3258 2938 ignis
3278 2859 3497 2920 melius
3525 2879 3705 2939 quam

321 2966 414 3000 τον
469 2944 505 3012 ἢ
536 2943 750 3022 γλῶττα
807 2947 897 3001 τὸν
927 2946 1090 3002 τόπον
1147 2946 1631 3020 ὑποσημαίνοντος,
1666 2946 1870 3021 αὐτίκα⁸
1894 2948 1973 3001 θε-

2066 2951 2254 3021 lingua
2279 2952 2467 3008 locum
2492 2952 2894 3023 signiﬁcasset,
2919 2955 3136 3026 etjacta
3166 2966 3299 3013 sunt
3335 2955 3708 3014 lundamenta

323 3034 506 3109 μὲλιοι
579 3055 636 3090 τε
725 3035 1046 3115 ἐπήγνυντο,
1112 3035 1198 3091 καὶ
1280 3036 1402 3099 ναὸς
1480 3034 1812 3114 ἀνηγείρετο,
1888 3037 1973 3090 καὶ

2066 3043 2117 3096 et
2137 3034 2422 3113 templum
2444 3044 2807 3098 exstructum
2843 3047 2957 3112 est,
2981 3047 3038 3100 et
3071 3039 3429 3101 aedificatum
3461 3047 3552 3101 est
3574 3058 3708 3101 mo-

327 3126 732 3202 φροντιστήριον
795 3123 1224 3200 ἒπῳκοδομεῖτο,
1300 3125 1704 3203 φροντιστήριον
1775 3126 1972 3202 ἀρετῶν

2066 3123 2741 3206 naslerium(15),vel,ut
2764 3129 2982 3190 melius
3011 3127 3520 3204 dicam,virtutum
3546 3128 3712 3191 habi-

327 3212 535 3287 μᾶλλον
591 3215 763 3270 εἰπεῖν
838 3215 1202 3295 καταφώγιον,
1261 3214 1298 3283 ἢ
1357 3215 1532 3280 σκηνὴ
1589 3212 1831 3293 ἀτέχνως
1889 3213 1972 3269 ἐπὶ

2066 3220 2334 3282 iaculum,
2362 3227 2458 3274 aut
2478 3218 2910 3278 tabernaculum
2935 3221 2988 3278 in
3023 3229 3171 3278 terra
3197 3223 3373 3292 ,quod
3399 3231 3482 3280 est
3512 3236 3710 3281 revera

329 3308 457 3378 γῆς,
516 3303 791 3380 ὐπὲργειος
846 3306 935 3360 καὶ
987 3270 1272 3379 ῐοῦράνιδς,
1334 3303 1543 3380 μεγέθει
1613 3270 1976 3380 τεκμέγιστον

2066 3309 2222 3363 terra
2244 3306 2526 3382 superius
2558 3312 2616 3364 et
2646 3304 2893 3368 celeste:
2928 3305 3086 3386 quod
3118 3270 3361 3387 quidem
3394 3316 3484 3369 est
3515 3326 3548 3369 e
3581 3327 3712 3370 ma-

327 3392 412 3470 ὃν,
463 3393 536 3459 ὣς
591 3392 696 3461 ἤδη
739 3407 862 3456 ταῖς
921 3395 1057 3451 κατὰ
1114 3394 1302 3472 μικρὸν
1348 3391 1568 3459 αὖξηθὲν
1626 3393 1974 3471 προσθήκαις,

2066 3391 2373 3471 gnitudine
2398 3393 2815 3470 maximum,ut
2843 3395 3002 3476 quod
3037 3397 3321 3476 paulatim
3346 3397 3710 3478 creveritiis,

326 3484 422 3538 καί
483 3489 615 3539 πᾶσι
645 3490 830 3559 κομῶν
861 3483 1110 3562 ἀγαθοῖς,
1145 3485 1204 3540 ού
1261 3496 1378 3548 τοῖς
1411 3483 1547 3539 κατά
1578 3482 1784 3558 πνεῦμα
1816 3484 1977 3557 μόνον

2066 3499 2193 3561 qum
2225 3481 2389 3543 factae
2441 3492 2602 3563 sunt,
2636 3485 3110 3562 accessionibus,
3147 3497 3206 3549 et
3249 3487 3511 3550 abundat
3539 3487 3712 3550 bonis

327 3575 416 3628 καὶ
473 3573 691 3653 ἀρετὴν,
726 3573 864 3630 ἀλλά
921 3575 1156 3638 καὶτοῖς
1214 3575 1346 3629 κατᾶ
1377 3572 1564 3652 χρείαν
1604 3573 1742 3652 φημὶ
1785 3571 1977 3647 σώμα-

2066 3569 2361 3644 omnibus,
2391 3590 2509 3632 non
2541 3571 2611 3634 iis
2641 3574 2808 3649 solis,
2837 3594 2968 3656 quae
2999 3584 3140 3636 sunt
3169 3594 3238 3636 ex
3272 3577 3481 3656 spiritu
3513 3585 3574 3638 et
3599 3578 3716 3638 vir-

325 3684 440 3728 τος.
503 3661 650 3720 Ἔδει
713 3665 812 3742 γὰρ
871 3663 1042 3721 αὐτῶν
1088 3663 1382 3742 ἀνθρώποις
1444 3685 1504 3740 γε
1560 3661 1728 3736 οὖσιν,
1761 3661 1818 3716 οὒ
1871 3667 1975 3717 τῶν

2066 3659 2318 3732 tute,sed
2345 3659 2416 3721 iis
2439 3659 2786 3742 etiam.quae
2801 3672 2939 3724 sunt
2960 3663 3030 3724 ad
3066 3683 3240 3725 usum
3264 3663 3710 3746 corporis.Nam

326 3759 559 3829 κομψῶν
619 3754 837 3817 ἐκείνοις
881 3756 968 3811 καὶ
1021 3760 1306 3834 περιττῶν,
1370 3751 1494 3809 ἀλλ’
1552 3755 1625 3808 ὧν
1682 3754 1717 3820 ἡ
1778 3757 1973 3831 χρῆσις

2066 3749 2150 3810 eis
2174 3767 2410 3828 quoque
2431 3759 2559 3810 erat
2581 3749 2701 3812 illis
2723 3771 3036 3832 opus,cum
3062 3764 3266 3816 essent
3285 3754 3714 3830 homines,non

328 3844 593 3922 ἀναγκαία
635 3851 724 3900 καί
795 3845 1179 3921 ἀπαραίτητος.
1243 3843 1490 3918 Καθάπερ
1559 3844 1658 3920 γὰρ
1716 3840 1801 3898 ἐπὶ
1871 3842 1977 3898 πό-

2066 3838 2240 3899 lautis
2272 3837 2514 3918 quidem
2573 3847 2633 3902 et
2663 3841 3152 3920 supervacaneis,
3185 3842 3290 3903 sed
3338 3862 3588 3922 quorum
3623 3852 3716 3906 est

327 3932 468 3996 λεως
515 3931 765 4009 λαμπράς
809 3936 897 3991 καὶ
939 3933 1373 4012 πολυανθρώπου,
1422 3932 1560 3990 οὕτω
1612 3931 1674 3996 δὴ
1722 3931 1977 3988 κάνταῦθα

2069 3927 2444 3990 necessarius
2469 3946 2612 3990 usus
2637 3938 2692 3990 et
2713 3931 3096 3994 inevitabilis.
3123 3931 3436 4004 Quomodo
3458 3931 3617 3994 enim
3650 3933 3714 3995 in

324 4022 606 4102 πρόκειται
664 4026 886 4100 θεόρεῗν
941 4021 1249 4080 παντοδαπά
1303 4024 1410 4080 τῶν
1463 4027 1670 4102 τεχνῶν
1718 4020 1977 4098 ἐργαστή-

2077 4016 2360 4096 prteclara
2407 4018 2642 4080 civitate
2693 4025 2752 4080 et
2786 4021 3003 4100 populo
3052 4019 3375 4102 frequenti,
3409 4023 3491 4082 ita
3534 4023 3712 4084 etiam

325 4135 441 4192 ρια,
475 4118 550 4186 τῷ
603 4119 766 4186 κοινῷ
811 4115 910 4179 τῆς
969 4110 1332 4193 ἀδελφότητος
1391 4112 1620 4179 ἀπονητὶ
1677 4109 1977 4190 παρέχοντα

2076 4107 2172 4168 hic
2201 4125 2441 4186 quoque
2475 4107 2616 4170 licet
2641 4108 2842 4170 sidere
2898 4110 3249 4190 omnigenas
3279 4112 3496 4174 artium
3531 4112 3717 4175 allici-

325 4203 527 4278 πάντα,
575 4203 668 4260 καί
700 4204 809 4259 τῶν
839 4200 940 4269 ’ἐξω
970 4203 1356 4282 περισπασμῶν
1381 4199 1815 4262 ἀπαλλάττοντα,

2067 4216 2196 4271 nas,
2235 4216 2366 4278 quie
2415 4199 2726 4261 communi
2779 4200 3134 4262 fraternitati
3193 4202 3395 4263 omnia
3456 4202 3723 4282 praebent

2067 4287 2212 4350 citra
2261 4285 2553 4365 laborem,
2590 4297 2648 4351 et
2679 4288 2754 4351 ab
2799 4290 3083 4367 externis,
3120 4310 3253 4372 quze
3283 4310 3385 4354 eos
3435 4291 3718 4371 avellant,

2066 4379 2226 4440 curis
2253 4376 2532 4441 liberant.

1827 4507 2063 4566 CAPUT
2098 4506 2216 4564 VII.

941 4626 1303 4710 Benignitas
1330 4630 1395 4691 in
1420 4644 1743 4710 pauperes,
1780 4644 2006 4707 (egros,
2037 4627 2325 4708 hospites,
2359 4627 2659 4691 divinitus
2689 4638 3115 4693 remunerate.

412 4763 524 4838 κζ’.
572 4767 645 4825 0-5
675 4767 785 4843 μὴν
814 4765 953 4823 ἀλλά
1003 4768 1088 4824 καὶ
1116 4767 1177 4823 τὸ
1209 4765 1582 4844 παραλλάττον
1613 4761 1828 4831 δηλαδὴ
1885 4768 1977 4818 ea»

2153 4762 2254 4824 27.
2288 4760 2417 4824 lam
2446 4779 2586 4824 vero
2609 4761 3042 4826 habitationem
3069 4769 3320 4827 varietas
3333 4771 3394 4826 et
3416 4761 3730 4827 diversitas

336 4862 672 4935 καταγωγῶν
739 4858 827 4913 καὶ
899 4854 1145 4936 διάφορον
1221 4857 1337 4912 τίνα
1403 4856 1502 4931 μὲν
1573 4851 1844 4934 ὀφθαλμὸν
1917 4853 1990 4916 εἰς

334 4947 487 5025 θέαν,
517 4947 633 5002 τίνα
693 4943 746 5002 δὲ
777 4944 992 5024 γλῶττα
1049 4946 1122 5009 εἷς
1157 4945 1380 5002 ἔπαινον
1428 4956 1568 5001 κινεῖ
1603 4961 1619 5019 ;
1665 4945 1820 5000 ποίαν
1851 4940 1990 5002 ὅλως

338 5037 550 5115 ψυχὴν,
597 5035 754 5091 ποίαν
811 5035 918 5091 τῶν
989 5034 1362 5092 καταλυόντων
1420 5035 1478 5091 οὗ
1537 5034 1814 5112 θεραπεύει
1881 5030 1990 5086 σώ-

341 5139 538 5199 ματα;
612 5126 757 5192 Αὕτη
823 5131 1106 5204 μοναχῶν,
1160 5124 1295 5180 ἐκείν
1358 5120 1620 5200 μιγάδων·
1687 5119 1826 5188 ἄλλη
1886 5121 1992 5176 τῶν

342 5211 557 5294 ἒιδεῶν,
604 5214 757 5291 ἑτέρα
815 5221 920 5270 τῶν
990 5212 1169 5276 ἄλλως
1230 5211 1666 5288 ἐπιδημούντων,
1727 5212 1825 5269 Καὶ
1870 5232 1998 5265 συν-

344 5305 562 5368 ελόντας
617 5305 814 5381 εἰπεῖν,
849 5305 1058 5376 ἑκάστῳ
1101 5310 1212 5359 τῶν
1261 5299 1679 5379 παραϐαλόντων
1723 5299 1884 5362 τόπος
1941 5320 2000 5355 τε

343 5400 444 5462 τῆς
475 5392 778 5475 ὕποδοχῆς,
811 5393 902 5450 καί
934 5395 1131 5467 τρόπος
1180 5397 1278 5460 τῆς
1315 5392 1624 5472 θεραπείας,
1660 5389 1807 5463 ἄλλῳ
1837 5386 2000 5452 ἄλλος

418 5563 639 5635 (ιι-15)
667 5561 856 5620 Lacus
887 5560 1271 5635 Asphaltidos,
1306 5560 1362 5618 id
1389 5569 1473 5619 est
1502 5557 2006 5635 bituminis,yul_go

346 5629 505 5693 mare
536 5629 820 5692 mortuum
853 5629 1088 5704 dicitur,
1125 5643 1253 5706 post
1307 5647 1539 5706 eversas
1576 5631 1793 5690 ibidem
1812 5629 2006 5689 'Sodo-

345 5721 520 5775 mam,
557 5707 963 5771 Gomorrham,
996 5702 1253 5780 aliasque
1291 5702 1489 5762 urbes.

2075 4868 2397 4931 quemnam
2437 4851 2678 4914 oculum
2704 4852 2944 4932 quidem
2984 4873 3103 4916 non
3127 4861 3322 4917 movet
3356 4854 3428 4916 ad
3453 4865 3729 4916 contem-

2076 4938 2714 5020 plandum;quamnam
2736 4949 2936 5003 autem
2953 4960 3073 5004 non
3097 4941 3358 5023 linguam
3384 4942 3460 5004 ad
3489 4941 3734 5003 laudan-

2075 5027 2252 5090 dum?
2280 5027 2467 5101 Quam
2502 5028 2661 5090 enim
2697 5030 2942 5092 omnino
2965 5032 3250 5107 animam,
3277 5042 3378 5093 aut
3408 5029 3566 5109 quod
3596 5045 3732 5090 cor-

2084 5137 2195 5199 pus
2229 5136 2457 5195 earum,
2493 5118 2594 5199 qui
2625 5119 3024 5197 diversantur,
3060 5141 3179 5183 non
3225 5127 3446 5182 curat?
3479 5120 3615 5179 llaec
3645 5122 3734 5178 est

2083 5207 2547 5284 monachorum,
2580 5209 2684 5272 illa
2739 5229 2945 5272 eorum
3008 5213 3109 5292 qui
3169 5209 3508 5292 promiscue
3556 5206 3734 5266 vitam

2083 5306 2289 5380 agunt;
2315 5297 2428 5360 alia
2461 5316 2812 5378 egenorum,
2837 5300 2955 5362 alia
2985 5319 3217 5376 eorum,
3243 5304 3342 5381 qui
3371 5297 3520 5359 alias
3551 5312 3730 5376 pere-

2085 5388 2420 5465 grinantur.
2453 5388 2526 5451 Et
2555 5387 2618 5451 ut
2646 5389 2706 5452 in
2737 5409 2970 5453 summa
3010 5392 3228 5464 dicam,
3264 5389 3592 5466 unicuique
3623 5403 3734 5447 eo-

2161 5559 2277 5632 (16)
2338 5559 2615 5620 Cathisma
2644 5559 2963 5632 appellatur
3005 5559 3062 5616 in
3105 5558 3230 5616 Vita
3259 5558 3318 5616 S.
3355 5556 3533 5615 Sabae.
3593 5553 3736 5614 Vide

2090 5630 2421 5704 Prolegom.
