4094 6196
450 340 568 407 495
1366 306 1367 311 Ν
1444 312 1447 317 ’
1757 338 2074 404 MENSISJ

2159 338 2507 403 NUABIUS.
3668 326 3773 395 496

448 493 608 552 rum,
643 476 743 557 qui
794 474 1110 548 accedunt,
1143 482 1203 536 et
1256 475 1423 535 locus
1454 488 1571 553 quo
1599 472 1991 551 excipiantur,
2030 483 2074 534 e1

2170 473 2585 548 ἀπονενέμηται.
2635 472 2733 530 ’Ἕν
2777 471 2888 528 ἐστι
2945 470 3078 549 πρὸς
3143 470 3347 531 πάντας
3408 467 3530 548 ἕχον
3573 469 3772 542 ὁμοίως,

449 564 665 626 modus
688 583 807 641 quo
831 562 1294 637 curentur,alius
1315 562 1415 624 alii
1440 570 1529 623 est
1554 560 2087 623 attributus.Unum

448 653 726 734 est,quod
752 670 822 713 ex
849 670 1016 731 aequo
1038 650 1318 711 omnibus
1343 650 1913 725 exhibetur,nempe
1935 669 2093 711 sum-

444 760 543 804 ma
568 741 812 820 hospitii
834 740 1101 801 hilaritas
1131 747 1189 800 et
1221 738 1581 815 benignitas.
1616 740 1905 802 Caeterum
1939 759 2089 820 puu-

446 847 659 910 perum
687 827 928 908 quidem
964 846 1239 906 magnam
1274 847 1477 889 curam
1511 827 1757 907 gerebat
1804 826 2088 889 Theodo-

443 921 609 978 sius:
666 934 917 997 quorum
951 915 1052 977 ille
1100 925 1419 994 egestatem
1454 919 1700 979 vincens
1749 918 2090 997 suppedita-

444 1004 635 1077 tione,
669 1022 799 1066 eam
830 1022 1040 1067 rursus
1069 1004 1325 1066 habebat
1356 1006 1650 1066 voluntate
1693 1004 2039 1067 inferiorem
2070 1023 2083 1067 :

441 1093 746 1173 quomodo
778 1094 953 1155 etiam
981 1094 1345 1155 voluntatem
1377 1112 1618 1175 semper
1643 1093 1855 1155 victam
1889 1112 1921 1155 ε
1943 1093 2088 1155 libe-

445 1178 683 1244 ralitate
715 1190 777 1244 et
811 1181 1223 1244 muniﬁcentia
1252 1183 1522 1261 spiritus,
1557 1192 1623 1242 ut
1646 1182 1816 1262 paulo
1843 1192 1972 1261 post
1994 1201 2088 1243 os-

446 1270 751 1334 tendetur.
815 1269 941 1332 Hoc
972 1279 1167 1333 autem
1221 1280 1312 1332 est
1362 1271 1510 1351 ipsis
1541 1270 1725 1332 rebus
1775 1281 2085 1333 consenta-

438 1375 623 1421 neum
675 1368 733 1421 et
779 1360 950 1421 valde
1003 1378 1399 1440 consequens.
1464 1358 1526 1422 Si
1578 1360 1739 1421 enim
1773 1362 1900 1440 ipse
1947 1379 2082 1422 cum

440 1457 603 1511 esset
650 1449 854 1523 homo,
889 1448 1162 1510 studebat
1196 1448 1505 1510 hominum
1556 1450 1855 1528 egentium
1901 1468 2081 1530 supe-

441 1554 577 1598 rare
608 1536 967 1617 cupiditates
998 1536 1315 1598 voluntatis
1340 1536 2085 1617 magnitudine;quomodo

439 1644 560 1689 non
594 1626 853 1689 humana
905 1643 1112 1687 rursus
1140 1626 1413 1686 voluntas
1468 1626 1807 1705 superanda
1838 1637 1964 1687 erat
2013 1626 2085 1688 ab

437 1714 654 1795 opibus
684 1715 906 1777 divinis
936 1722 994 1776 et
1026 1714 1392 1791 benignitate
1421 1720 1450 1777 ?

518 1803 620 1865 28.
647 1804 793 1867 Cum
826 1812 1020 1865 autem
1054 1804 1114 1864 in
1145 1820 1379 1878 omnes,
1408 1803 1506 1883 qui
1553 1803 1803 1883 ejestate
1832 1821 2070 1884 preme-
2098 1791 2136 1841 Β

2173 564 2234 618 τὸ
2291 565 2388 629 τῆς
2449 561 2753 641 ξενοδοχίας
2810 560 2982 636 ἄκρως
3039 558 3218 633 ἱλαρόν
3278 560 3359 613 καὶ
3417 554 3775 634 φιλάνθρωπον,

2175 651 2327 708 Ἀλλ’
2369 652 2423 708 οἵ
2481 673 2542 729 γε
2614 651 2865 729 πένητες,
2915 652 2949 717 ἡ
3010 646 3221 724 μεγάλη
3263 644 3514 717 Θεοδοσίῳ
3565 647 3774 724 φροντὶς,

2173 742 2245 796 ὦν
2302 741 2401 807 τὴν
2458 739 2656 796 ἔνδειαν
2715 740 2921 801 ἐκεῖνος
2994 742 3061 812 τῇ
3116 737 3350 816 χορηγίᾳ
3405 739 3576 805 νικῶν,
3633 732 3778 799 αὑτὴν

2174 828 2335 884 πάλιν
2414 832 2572 905 εἶχεν
2639 826 2955 901 ἡττωμένην
3035 825 3131 893 τῆς
3208 824 3548 903 προαιρέσως·
3619 820 3779 897 ὥσπερ

2172 914 2236 983 δὴ
2308 917 2405 983 τὴν
2467 918 2767 993 προαίρεσιν
2823 915 2890 981 τῆ
2946 910 3323 991 μεγαλοδωρεᾷ
3363 910 3454 967 τοῦ
3506 908 3779 982 πνεύματος

2170 1005 2255 1073 ἡεί
2309 1026 2438 1060 ποτε
2471 1004 2795 1079 νικωμένην,
2829 1006 2903 1066 ὡς
2959 1002 3078 1075 μετ’
3135 1005 3193 1060 οὗ
3223 1000 3358 1058 πολὺ
3413 997 3777 1066 δηλωθήσεται,

2170 1093 2335 1151 Τοῦτο
2392 1091 2446 1149 δὲ
2478 1093 2697 1156 εἰκότως
2741 1095 2880 1163 λίαν,
2914 1094 3000 1148 καὶ
3059 1104 3175 1154 τοῖς
3218 1090 3518 1168 πράγμασιν
3570 1084 3777 1143 ἀκολού-

2166 1184 2296 1245 θως.
2358 1184 2415 1241 Εἰ
2450 1184 2549 1260 γὰρ
2606 1182 2761 1246 αὐτὸς
2808 1181 3080 1259 ἄνθρωπος
3110 1179 3184 1237 ὢν
3241 1179 3526 1255 ἀνθρώπων
3579 1172 3776 1232 ἔσπευδε

2167 1267 2432 1345 δεομένων
2483 1269 2828 1350 ὑπερϐάλλειν
2886 1270 3161 1342 ἐπιθυμίας
3234 1275 3310 1340 τῷ
3379 1263 3637 1344 μεγαλείῳ
3687 1269 3774 1331 τῆς
3814 1270 3817 1271 ⁷

2166 1360 2548 1438 προαιρέσεως,
2609 1366 2724 1423 πῶς
2808 1361 2903 1415 οὒκ
2983 1356 3175 1431 ἔμελλε
3259 1355 3419 1413 πάλιν
3499 1353 3776 1432 ἀνθρωπίνη

2168 1451 2468 1528 προαίρεσις
2532 1451 2699 1522 θεϊκῷ
2740 1446 2953 1520 πλούτῳ
3006 1448 3094 1503 καὶ
3149 1445 3482 1525 χρηστότητι
3538 1438 3778 1520 παρευδο-

2166 1542 2439 1614 κιμεῖσθιι
2474 1560 2491 1612 ;

2237 1803 2357 1871 κη’.
2392 1803 2543 1863 Οὕτω
2597 1801 2651 1859 δὲ
2699 1804 3023 1877 συμπαθείας
3067 1801 3152 1858 ἐπὶ
3208 1806 3367 1858 πᾶσιν
3416 1798 3560 1880 ἔχων
3612 1794 3779 1860 ἁπλῶς

436 1893 676 1968 bantur,
708 1893 793 1954 ita
820 1899 977 1953 esset
1025 1891 1397 1963 misericors,
1430 1893 1560 1971 ejus
1592 1894 1777 1972 magis
1806 1883 2071 1972 augeba-

2159 1907 2271 1959 τοϊς
2343 1893 2511 1965 ἰνδείᾳ
2570 1890 2926 1969 πιεζομένοις,
2986 1890 3063 1947 ἔτι
3137 1888 3342 1963 μᾶλλον
3407 1886 3637 1945 ἐπέτεινε
3690 1883 3780 1949 τὴν

434 1989 535 2044 tur
565 1980 977 2043 misericordia
1006 1980 1066 2041 in
1093 1999 1216 2054 eos,
1245 1980 1303 2040 in
1327 1981 1544 2060 quibus
1561 1999 1762 2041 rursus
1793 1992 1919 2043 erat
1947 2002 2072 2044 ma-

2159 1985 2485 2049 συμπαθειαν
2544 1978 2626 2060 ἐφ’
2681 1990 2769 2040 οὓς
2826 1982 2989 2037 πάλιν
3044 1982 3107 2036 τὸ
3166 1977 3423 2058 δυσχερὲς
3482 1975 3780 2042 ἐπετείνετο,

436 2070 561 2132 lum
595 2070 852 2150 gravius,
888 2078 1101 2130 etcum
1133 2079 1395 2148 egestate
1427 2080 1552 2131 erat
1587 2079 1874 2149 praeterea
1908 2091 2072 2133 mor-

2159 2072 2242 2128 καὶ
2299 2073 2435 2146 μετὰ
2466 2075 2561 2137 τῆς
2621 2067 2816 2134 ἐνδείας
2874 2069 2948 2125 ἔτι
3006 2070 3093 2125 καὶ
3124 2069 3306 2139 νόσος,
3368 2065 3405 2135 ἢ
3456 2063 3627 2139 μελῶν
3680 2061 3785 2150 πή·

431 2159 567 2236 bus,
601 2167 703 2221 aut
733 2157 1144 2221 membrorum
1178 2160 1468 2219 mutilatio
1503 2160 2071 2240 excrucians,eaque

434 2265 626 2319 sacra,
673 2247 829 2327 quod
892 2258 983 2307 est
1041 2247 1477 2323 gravissimum.
1539 2247 1619 2308 Ea
1675 2251 1907 2310 ratione
1957 2258 2083 2310 erat

438 2339 616 2398 etiam
650 2336 861 2397 oculus
909 2335 1148 2415 quidem
1184 2354 1504 2415 caecorum,
1540 2355 1644 2416 pes
1678 2357 1815 2398 vero
1845 2338 2082 2400 claudo—

433 2442 595 2501 rum,
632 2424 1044 2486 indumentum
1097 2434 1294 2486 autem
1342 2429 1660 2498 nudorum,
1713 2445 1946 2501 eorum,
1980 2429 2079 2505 qui

432 2520 592 2576 tecto
626 2511 927 2587 carebant,
957 2522 1749 2592 tegumentummgrotoruw
1784 2516 2075 2589 ﬂledit‘lls,

431 2600 700 2680 largitor,
734 2600 1111 2675 administer,
1150 2602 1715 2677 famulus;omnibus
1746 2605 1946 2664 omnia
1967 2605 2079 2664 fac-

437 2696 531 2751 tus
552 2700 799 2771 prapter
816 2690 1206 2752 excellentem
1240 2691 1694 2772 benignitatem;
1730 2694 2075 2769 sanguinem

442 2775 971 2850 abluens,vulnera
994 2778 1312 2857 inundans,
1348 2779 1510 2838 labra
1540 2780 1866 2839 admmens
1899 2778 2079 2839 labris

2161 2180 2323 2235 ρωσις
2379 2159 2648 2237 τρύχουσα
2679 2155 2766 2235 ἧν,
2815 2159 2903 2212 καὶ
2938 2157 3069 2224 αὒτή
3113 2154 3176 2231 γέ
3206 2157 3240 2221 ἡ
3295 2155 3416 2231 ἱερὰ
3444 2154 3506 2210 τὸ
3567 2147 3783 2227 βαρύτα-

2161 2269 2275 2307 τον.
2334 2248 2511 2321 Ταύτη
2567 2267 2645 2301 τοι
2695 2243 2792 2301 καί
2836 2247 2905 2311 ἦν
2954 2242 3222 2324 ὀφθαλμὸς
3253 2242 3350 2314 μὲν
3385 2239 3615 2319 τυφλῶν,
3672 2241 3789 2298 ποῦς

2161 2333 2217 2391 δὲ
2275 2335 2497 2415 χωλῶι,
2559 2336 2815 2413 ἀμφίασις
2880 2333 3116 2410 γυμνῶν,
3163 2331 3405 2408 ἀστέγων
3453 2328 3646 2400 σκέπη,
3700 2346 3786 2380 vo-

2163 2426 2394 2480 σούντων
2451 2425 2651 2502 ἰατρὸς,
2712 2424 2974 2502 χορηγὸς,
3031 2422 3314 2499 ὑπουργὸς,
3378 2417 3609 2491 οἰκέτης,
3669 2418 3788 2469 πᾶσι

2165 2514 2337 2570 πάντα
2381 2511 2463 2567 διὰ
2519 2513 2580 2567 τὸ
2623 2513 2808 2588 περιὸν
2864 2515 2961 2575 τῆς
3031 2508 3428 2588 φιλανθρωπίας
3494 2504 3783 2583 γενόμενος.

2162 2602 2370 2673 σί”ἷματα
2432 2600 2661 2671 πλύνων,
2721 2600 2959 2676 τρύματα
3027 2598 3287 2673 καθαίρων
3319 2641 3336 2669 ,
3399 2594 3560 2675 χείλη
3627 2611 3784 2669 προσ-

2163 2690 2308 2767 άγων
2380 2687 2587 2766 χείλεσι
2654 2694 2759 2743 τῶν
2814 2687 2911 2753 τὴν
2997 2686 3162 2762 σάρκα
3232 2682 3643 2759 λελωϐημένων,
3702 2676 3786 2733 καῖ

2163 2776 2301 2832 οὕτω
2383 2775 2497 2830 λίαν
2582 2781 2759 2853 σοφῶς
2846 2774 3074 2835 ἐκείνους
3159 2771 3647 2850 παραμυθούμενος,
3707 2766 3786 2821 καὶ

433 2883 921 2945 eorum,quorum
947 2875 1073 2927 erat
1096 2883 1234 2927 caro
1262 2868 1490 2947 mutila,
1523 2875 1580 2927 et
1609 2867 1689 2926 ita
1708 2885 1814 2927 eos
1834 2870 2074 2945 sapien-

2160 2864 2353 2919 πείθων
2416 2863 2596 2937 πρᾴως
2666 2864 2840 2943 φέρειν
2896 2862 2996 2928 τὴν
3055 2862 3329 2939 συμφορὰν
3398 2864 3473 2932 τῷ
3526 2863 3788 2947 γινώσκειν

430 2961 523 3013 ter
554 2940 868 3013 consolans
900 2963 958 3014 et
987 2954 1377 3035 persuadens,
1404 2940 1803 3014 ut'moderate
1849 2940 2074 3015 ferrent

2159 2952 2377 3013 ἑαυτοὺς
2451 2952 2532 3007 ὅτι
2584 2940 2691 3026 μήή
2732 2940 2893 3026 μόνον
2971 2950 3067 3006 οὒκ
3137 2951 3485 3028 ἀποστροφῆς
3546 2945 3676 3011 ἄξιοι
3725 2940 3789 2997 δι’

434 3030 1237 3108 οεΙεηιὶιεῑοωωυηιέοἱτειιι
1261 3043 1484 3116 eos,qui
1508 3043 1881 3120 sapiunt,non
1900 3044 2073 3103 modo

2159 3040 2191 3095 ἃ
2234 3042 2503 3120 πάσχουσι
2564 3046 2820 3118 γίνονται,
2867 3039 3003 3095 ἀλλὰ
3058 3041 3147 3095 καὶ
3191 3042 3542 3114 μακαρισμοῦ
3601 3030 3790 3107 μᾶλλον

433 3128 598 3208 ipsos
631 3147 751 3189 non
773 3128 1166 3200 aversari,seil
1197 3146 1301 3189 eos
1327 3135 1520 3207 potius
1538 3130 1747 3192 beatos
1777 3130 1997 3191 ducere
2019 3142 2074 3193 et

2161 3128 2253 3185 atati
2317 3129 2600 3205 ἀσπασμοῦ
2630 3141 2746 3193 τοῖς
2802 3151 2863 3206 γε
2907 3135 3026 3184 νοῦν
3057 3126 3299 3207 ἔχουσιν,
3352 3129 3428 3185 Οὐ
3474 3126 3569 3200 μὲν
3621 3121 3790 3179 παθὼν

432 3217 734 3297 amplecti.
771 3216 899 3278 Non
933 3230 1129 3277 autem
1156 3236 1222 3278 se
1259 3218 1521 3296 superbe
1544 3226 1603 3277 et
1637 3219 1959 3280 inhumane
1982 3241 2076 3297 gn.-

431 3322 598 3381 rens,
619 3313 682 3366 ut
702 3305 1061 3385 complures,
1091 3324 1238 3385 quos
1262 3324 1393 3366 cum
1419 3316 1721 3375 onorteret
1738 3308 2074 3370 miserando

429 3393 668 3468 fratres,
702 3393 808 3455 Dei
842 3393 958 3454 sibi
997 3392 1327 3453 conciliare
1379 3393 1800 3471 benignitatem
1845 3406 1901 3457 et
1947 3400 2074 3458 cle-

430 3480 841 3555 mentiam,ilii
861 3485 923 3559 (ο
948 3481 1501 3554 inhumanitatem!)
1532 3483 1681 3543 adeo
1705 3496 1839 3544 sunt
1860 3486 1993 3545 elati
2018 3495 2074 3546 et

431 3568 705 3631 sublimis
739 3568 950 3639 animi,
978 3576 1080 3629 aut
1134 3570 1221 3647 (ut
1263 3587 1461 3629 verius
1496 3572 1712 3645 dicam)
1767 3572 1946 3632 nimis
1982 3572 2074 3634 sui

430 3665 789 3737 amantes,et
810 3663 925 3719 tam
959 3656 1238 3736 pusiliiet
1267 3658 1485 3734 ab,ecti
1517 3660 1797 3731 animi,ut
1834 3680 1949 3721 non
1983 3681 2074 3723 so-

428 3744 549 3806 lum
584 3764 687 3807 eos
716 3765 833 3807 non
868 3746 1202 3820 admittant,
1233 3755 1333 3807 se-t
1366 3765 1467 3807 eos
1513 3748 1688 3807 etiam
1722 3750 1923 3810 videre
1953 3769 2069 3811 non

428 3832 714 3896 inducant
735 3834 796 3895 in
824 3834 1089 3896 animum
1117 3855 1129 3897 :
1168 3836 1436 3914 perinde,
1467 3854 1533 3895 ac
1559 3837 1607 3895 si
1632 3838 1821 3897 nolint
1858 3840 2066 3899 memi-

427 3922 590 3984 nisse
621 3941 814 4003 neque
835 3922 1081 3983 omnino
1105 3932 1283 3991 scire,
1314 3926 1469 4003 quod
1502 3926 1643 4002 ipsis
1666 3945 1902 4005 quoque
1933 3939 2071 3989 sunt

427 4027 640 4072 carnes
670 4012 953 4090 subjectae
984 4011 1199 4071 talibus
1225 4012 1664 4076 affectionibus.
1697 4016 1811 4076 Sed
1847 4035 1963 4077 non
1983 4019 2068 4079 sic

426 4098 525 4160 hic
555 4097 786 4172 beatus,
821 4098 928 4158 sed
957 4097 1066 4157 fuit
1097 4117 1307 4175 magno
1369 4101 1536 4168 (sicut
1570 4102 1850 4182 diximus)
1886 4115 1941 4164 et
1969 4124 2066 4184 ge-

424 4202 641 4247 neroso
671 4188 893 4247 animo.
930 4187 1002 4248 Et
1033 4200 1170 4246 sunt
1201 4187 1379 4264 hujus
1407 4189 1648 4267 quidem
1707 4193 1873 4252 multi
1908 4195 2067 4255 oculi

424 4281 656 4336 testes:
712 4274 964 4335 maxime
993 4284 1187 4335 autem
1238 4294 1307 4335 ex
1365 4276 1464 4351 iis,
1497 4279 1597 4356 qui
1632 4278 1743 4340 hoc
1795 4283 2066 4344 ministe-

421 4362 577 4424 rium
606 4379 725 4423 una
753 4380 887 4424 cum
921 4380 990 4422 eo
1024 4361 1270 4424 obibant
1305 4382 1320 4423 :
1382 4365 1481 4444 qui
1515 4385 1649 4426 cum
1689 4369 1881 4447 primo
1913 4370 2065 4434 hanc

2156 3219 2218 3273 τὸ
2274 3223 2380 3274 τῶν
2459 3216 2671 3275 πολλῶν
2739 3218 3090 3294 ὑπεροπτικὸν
3160 3217 3245 3271 καὶ
3327 3213 3657 3291 ἀνάλγητον,
3713 3209 3792 3271 οὓς

2157 3304 2273 3362 δέον
2334 3306 2388 3361 έν
2447 3313 2513 3381 τῇ
2555 3308 2684 3382 πρὸς
2742 3307 2864 3368 τοὺς
2921 3303 3178 3383 ἀδελφοὺς
3238 3304 3564 3380 συμπαθείᾳ,
3611 3302 3669 3356 τὸ
3708 3302 3794 3354 τοῦ

2158 3404 2289 3455 Θεοῦ
2349 3398 2591 3475 χρηστὸν
2661 3395 2873 3458 ἑαυτοῖς
2930 3395 3312 3467 μνηστεύεσθαι
3373 3394 3462 3449 καὶ
3508 3389 3794 3470 φιλάνθρωο

2156 3507 2281 3559 πον,
2327 3487 2372 3540 οἱ
2415 3483 2492 3554 δὲ,
2526 3483 2571 3541 ὢ
2602 3489 2700 3548 τῆς
2744 3483 3118 3561 ἀπανθρωπίας
3156 3480 3170 3543 Ξ
3218 3480 3387 3547 οὕτως
3439 3483 3568 3537 εἰσὶν
3609 3475 3796 3553 ὑψηλοί

2154 3593 2211 3629 τε
2287 3575 2372 3629 καῖ
2454 3572 2873 3649 μεγαλόφρονες,
2950 3572 2983 3638 ἢ
3053 3570 3276 3637 τάληθὲς
3351 3570 3562 3647 μᾶλλον
3630 3568 3792 3623 εἰπεῖν

2153 3661 2393 3739 φίλαυτοι
2454 3666 2717 3738 περιττῶς
2774 3664 2873 3716 καὶ
2939 3661 3290 3739 μικρόψυχοι,
3353 3661 3431 3720 ὡς
3495 3658 3573 3732 μὴ
3641 3653 3793 3730 μόνον

2153 3755 2231 3827 μὴ
2263 3753 2571 3830 προσίεσθαι
2625 3752 2860 3829 τούτους,
2895 3750 3031 3806 ἀλλὰ
3061 3752 3149 3806 καὶ
3202 3753 3326 3826 ὁρᾷν
3358 3749 3437 3815 μὴ
3481 3747 3782 3826 ἀνέχεσθαι.

2150 3840 2385 3917 καθάπερ
2454 3837 2568 3895 οὐδὲ
2666 3839 2965 3913 μεμνῆσθαι
3048 3837 3388 3912 βουλόμενοι,
3465 3833 3573 3893 οὔθ’
3655 3831 3786 3892 ὅλως

2149 3928 2357 3995 εἰδέναι,
2407 3926 2487 3983 ὅτι
2543 3928 2628 3984 καὶ
2671 3930 2853 3991 αὐτοῖς
2914 3928 3105 4003 σάρκες
3162 3928 3261 3982 εἶσὶ
3316 3926 3583 3987 τοιούτοις
3629 3924 3787 3978 πάθε-

2149 4039 2230 4072 σιν
2288 4018 2657 4090 ὑποκείμεναι,
2692 4013 2853 4075 Ἀλλ’
2915 4019 3019 4094 οὔχ
3046 4017 3073 4072 ὁ
3120 4016 3383 4089 μακάριος
3416 4015 3574 4078 οὗτος
3604 4010 3787 4086 οὔτως,

2148 4103 2285 4163 ἀλλὰ
2328 4106 2414 4161 καὶ
2474 4104 2588 4160 λίαν
2646 4103 2826 4177 ὥσπερ
2882 4103 3088 4181 ἔφημεν
3132 4104 3359 4181 εὐγενῶς
3409 4104 3499 4160 καὶ
3556 4098 3789 4179 μεγαλο-

2148 4196 2362 4272 ψύχως·
2420 4194 2508 4250 καὶ
2556 4193 2740 4249 τούτου
2774 4191 2988 4248 πολλῶν
3035 4193 3130 4265 μὲν
3188 4191 3455 4266 ὀφθαλμοὶ
3512 4191 3788 4270 μάρτυρες.

2147 4282 2390 4356 μάλιστα
2446 4279 2501 4335 δὲ
2558 4287 2666 4337 τῶν
2720 4281 2819 4348 τήν
2875 4282 3166 4357 ὑπηρεσίαν
3209 4282 3408 4350 ταύτην
3467 4280 3614 4352 αὑτῷ
3667 4299 3789 4334 συν-

2145 4369 2520 4450 διαφερόντωνο
2583 4372 2637 4426 οἳ
2692 4371 2781 4424 καὶ
2851 4370 2912 4426 τὸ
2972 4376 3180 4446 πρῶτον
3220 4370 3287 4426 τὰ
3330 4367 3533 4447 κομιδῆ
3604 4366 3793 4447 φιλάν-

419 4448 717 4539 insignem
772 4450 1194 4527 benignitatem
1240 4462 1297 4512 ct
1345 4452 1928 4518 commiserationem
1974 4462 2062 4521 si-

2159 4448 2329 4539 δρωπα
2358 4481 2520 4515 ταυτα
2563 4460 2650 4515 καὶ
2705 4458 2954 4531 συμπαθῆ
3007 4471 3124 4522 τοῖς
3176 4456 3359 4522 ἄλλοις
3423 4460 3627 4532 ὁμοίως
3656 4456 3792 4511 ἀπο-

422 4538 648 4627 militer
667 4546 846 4615 atque
877 4539 976 4601 alii
1007 4548 1442 4619 aversarentur,
1474 4541 1631 4604 illius
1662 4543 1879 4606 deinde
1902 4565 2067 4624 egre.

2159 4546 2487 4627 τρεπόμενοι,
2552 4547 2739 4603 ’ἔπειτα
2811 4548 2911 4614 τὴν
2988 4545 3196 4613 πολλήν
3266 4545 3473 4605 ἐκείνου
3544 4544 3796 4609 δυσωπη-

419 4624 574 4705 giam
634 4628 870 4689 reveriti
932 4629 1429 4704 moderationem,
1490 4634 1757 4709 persuasi
1823 4635 2065 4701 fuerunt

416 4722 582 4778 recte
611 4734 846 4797 sapere,
874 4725 933 4779 et
954 4719 1123 4797 juxta
1150 4717 1619 4782 imbecillitatem
1652 4722 1970 4788 humanem
2004 4737 2063 4791 et

421 4803 844 4867 humilitatem.

500 4895 601 4957 29.
626 4893 1021 4967 Quamobrem
1047 4894 1098 4955 si
1126 4894 1259 4975 quis
1280 4914 1414 4957 eum
1438 4897 1654 4960 dixerit
1676 4918 2057 4966 communem

419 4991 677 5064 portum,
715 4991 775 5045 et
802 5001 1183 5046 communem
1218 4986 1533 5048 medicinae
1558 4988 1876 5066 oﬂicinam,
1902 5012 2061 5054 com-

419 5090 660 5135 munem
698 5073 964 5150 domum,
991 5089 1311 5134 commune
1355 5093 1534 5153 penu,
1568 5090 1730 5141 recte
1757 5082 1972 5142 dixerit
2000 5090 2060 5144 et

416 5170 815 5240 congruenter
843 5160 2056 5244 veritati,a2grotautium.esuricntium,al-

415 5252 707 5328 gentium,
742 5248 1290 5327 peregrimantinm.
1324 5251 1540 5312 Eorum
1574 5256 1732 5315 enim
1767 5259 2054 5331 omnium,

415 5355 592 5417 quam
615 5355 715 5417 par
750 5348 1106 5416 erat,curam
1139 5337 1400 5414 gerebat.
1433 5340 1542 5412 Qui
1568 5352 1764 5403 autem
1790 5356 2059 5405 contem-

412 5434 658 5488 neretur
681 5434 778 5487 aut
804 5424 1238 5504 despiceretur,
1268 5439 1582 5506 propterea
1608 5430 1765 5506 quod
1800 5444 1955 5493 esset
1976 5433 2059 5492 vi-

411 5511 489 5573 lis
510 5513 911 5587 ethumilis,si
933 5514 1460 5593 quaesivisses,iltic
1492 5519 1827 5580 invenisses
1858 5523 2056 5582 nemi-

410 5615 570 5663 nem:
604 5601 711 5662 sed
746 5610 989 5681 propter
1018 5602 1131 5662 hoc
1166 5603 1384 5680 ipsum,
1407 5607 1566 5686 quod
1598 5606 2051 5691 esset,inquam,

2142 4640 2316 4702 θέντες
2398 4638 2824 4716 μετριοπάθειαν,
2894 4636 3213 4702 ἒπείσθησαν
3294 4636 3462 4713 ὑγιῶς
3551 4645 3786 4715 φρονεῖν,

2142 4731 2230 4784 καὶ
2298 4724 2453 4791 ἀξίως
2498 4728 2596 4793 τῆς
2639 4724 2991 4803 ἀνθρωπίνης,
3050 4723 3319 4788 ἀσθενείας
3377 4725 3470 4781 καὶ
3530 4720 3789 4781 ταπεινό-

2142 4837 2327 4882 τητος.

2224 4894 2326 4962 κθ’.
2376 4903 2545 4958 ’Ὥστε
2573 4904 2747 4959 κοινὸν
2776 4904 2931 4961 αὑτὸν
2985 4903 3038 4958 εἴ
3067 4924 3147 4967 τις
3180 4901 3314 4978 εἴπῃ
3359 4900 3584 4979 λιμένα,
3616 4899 3787 4959 κοινὸν

2141 4995 2396 5070 ἰατρεῖον,
2429 4991 2613 5058 κοινὴν
2670 4991 2870 5064 ἑστίαν,
2904 4993 3091 5048 κοινὸν
3143 5003 3416 5066 ταμιεῖον,
3452 4989 3638 5054 καλῶς
3682 4988 3791 5064 ipsi

2139 5084 2228 5138 καὶ
2295 5080 2590 5158 συμφώνως
2646 5078 2714 5154 τῇ
2784 5079 3027 5151 ἀληθείᾳ,
3089 5079 3381 5135 νοσούντων
3457 5078 3788 5148 πεινώντων,

2140 5169 2409 5246 ῥιγώντων
2463 5167 2907 5242 ἀποδημούντων*
2956 5168 3150 5232 πάντες
3194 5167 3294 5245 γὰρ
3335 5168 3597 5245 προνοίας
3653 5164 3786 5222 ἀπέο

2140 5255 2304 5313 λιϐον
2335 5257 2478 5329 αὑτῷ
2507 5262 2605 5322 τῆς
2637 5255 2882 5321 δεούσης.
2915 5253 3305 5330 Ἀμελούμενον
3336 5252 3388 5309 δὲ
3418 5255 3458 5323 ἢ
3505 5256 3790 5332 παραθεω-

2141 5348 2421 5424 ρούμενον·
2486 5344 2640 5424 εἴπερ
2672 5345 2934 5415 ἐζήτησας
2992 5344 3108 5400 ἐκεῖ
3136 5342 3200 5398 δι’
3234 5341 3507 5400 εὐτέλειαν
3538 5342 3686 5419 εὗρες
3726 5339 3787 5394 ἂν

2142 5442 2243 5491 τῶν
2275 5436 2487 5492 πάντων
2531 5433 2736 5505 ούδένα,
2768 5432 2887 5486 ἀλλ’
2935 5433 3056 5488 αὑτὸ
3107 5431 3203 5505 μὲν
3248 5439 3429 5504 τοῦτο,
3466 5431 3530 5486 τὸ
3574 5426 3785 5490 εὑτέλές

2137 5547 2300 5604 φημι,
2354 5525 2441 5580 καὶ
2505 5522 2815 5602 ἐλάχιστον,
2864 5520 2951 5576 καὶ
3014 5517 3252 5585 πλείονος
3312 5517 3627 5594 ἀξιούμενος
3686 5515 3783 5604 της

2137 5603 2412 5694 προνοίας*
2472 5613 2588 5670 επεὶ
2638 5611 2724 5667 καὶ
2778 5609 3004 5685 Χριστὸς
3061 5606 3118 5664 ἂν
3172 5606 3513 5687 ἐλαχίστοις,
3561 5605 3662 5663 uti?
3716 5603 3785 5662 τὰ
