4094 6196
315 347 437 413 497

1301 345 1487 407 VITA
1532 344 1591 405 S.
1639 343 2046 407 THEODOSII
2089 339 2699 410 CCENOBIARCH/E.

3562 352 3678 419 498

312 483 532 541 ἐκείνων
593 479 799 559 μᾶλλον
853 483 1088 561 φανερῶς
1123 479 1477 552 οἰκειούμενος
1511 498 1527 517 ο
1588 478 1726 535 ὥστε
1784 477 1935 535 obiicit

2033 478 2171 540 vilis
2201 487 2259 539 et
2287 479 2891 561 minimus,majorem
2923 492 3395 565 consequeretur
3419 488 3677 551 curatio-

306 573 381 641 ἧν
437 570 578 632 ὅλως
636 570 753 626 ἐκεῖ
807 575 914 624 τῶν
970 566 1400 641 ἐκϐαλλομένων,
1452 565 1619 629 οὐδεὶς
1650 569 1951 640 παροπτέος

2036 586 2198 642 nem;
2219 569 2498 648 quoniam
2518 570 2793 631 Christus
2818 591 3053 652 quoque
3078 576 3343 636 estinter
3366 575 3675 655 minimos,

308 663 403 718 καὶ
459 659 793 738 σπλάγχνων
825 656 1209 737 φιλανθρώπων
1268 654 1476 727 ἆνᾴξιος
1510 675 1522 687 ’
1557 654 1687 731 ὅπερ
1717 657 1803 709 καὶ
1846 661 1935 710 τῶι

2036 666 2093 717 et
2123 677 2253 737 quae
2283 666 2420 719 sunt
2442 658 2922 740 illorum,aperte
2946 662 3062 723 sibi
3089 663 3316 725 tribuit.
3342 664 3539 736 Quare
3566 654 3677 730 eo?

302 751 550 825 πατέρων
609 747 765 809 ἐνίοις
828 747 886 803 οὐ
929 746 1065 802 πάνυ
1126 743 1301 819 ῥάδιον
1347 746 1421 807 είς
1472 741 1669 808 παῖδας
1701 741 1945 819 φυλάξαι,

304 838 504 896 Ἀλλοι
563 838 662 905 μὲν
718 838 804 891 καὶ
861 836 1071 914 ἁμερίων
1148 833 1291 898 ὅσοις
1372 831 1540 888 ἔνδεια
1598 833 1800 889 τούτων
1857 833 1946 906 ἧν,

304 929 511 992 πάντες
564 925 619 982 δὲ
676 925 872 998 ὁμοίως
926 927 1124 1001 τρυφῆς
1169 920 1494 996 ἀξιούμενοι·
1554 923 1642 978 καὶ
1699 920 1948 995 μέμνην-

304 1018 398 1074 ταί
438 1038 569 1074 ποτε
611 1015 671 1071 οἳ
700 1036 762 1093 γε
810 1014 943 1087 πρὸς
984 1018 1148 1068 ταῦτα
1201 1009 1595 1085 διακονούμενοι
1638 1011 1851 1073 πλείους
1914 1011 1948 1078 ἢ

302 1106 501 1163 ἑκατὸν
560 1111 686 1179 μιᾶς
741 1102 946 1180 ἡμέρας
1006 1099 1264 1157 διαθεῖναι
1335 1100 1621 1178 τραπέζας.
1700 1098 1852 1157 Ἀλλ’
1912 1103 1947 1167 ἡ

303 1197 408 1270 μὲν
468 1194 769 1273 ἀνθρωπίνη
822 1201 916 1251 τοῦ
959 1190 1140 1253 ἐλέους
1182 1191 1329 1266 πηγὲι
1388 1190 1611 1255 τοιαύτη
1670 1191 1756 1245 καὶ
1811 1188 1949 1244 οὕτω

304 1282 548 1359 δαψιλῶς
590 1282 872 1358 βλύζουσα.
908 1272 970 1336 Ἠ
1002 1277 1057 1335 δὲ
1099 1289 1192 1337 τοῦ
1224 1280 1354 1335 Θεοῦ
1393 1278 1549 1334 ὁποία
1586 1296 1601 1357 ;
1659 1276 1733 1332 (Ἠ
1787 1275 1948 1343 δῆλον

300 1373 387 1430 ὅτι
446 1370 635 1445 πολλῷ
708 1375 786 1442 τῷ
856 1370 1005 1446 μέσῳ
1074 1370 1162 1425 καὶ
1240 1367 1441 1444 ἀπείρῳ
1499 1368 1561 1425 τὸ
1621 1363 1948 1443 ὃπερϐἄλλον

298 1461 509 1541 ἔχουσα
547 1482 564 1536 ;
598 1458 846 1526 Δηλώσει
874 1456 930 1513 δὲ
961 1464 1050 1513 νῦν
1078 1460 1107 1513 ὁ
1139 1456 1297 1533 λόγος
1327 1458 1431 1512 τίσι
1478 1455 1812 1532 τεκμηρίοις,
1860 1455 1947 1509 καὶ

297 1556 381 1624 τῷ
403 1548 787 1627 ὲπαγγελθέντι
822 1546 987 1624 πέρας
1017 1546 1220 1610 ἐπάξει.

2032 763 2163 805 rum
2198 748 2296 826 qui
2322 748 2959 827 expellerentur,nulla
2986 750 3111 812 illic
3141 752 3474 815 habebatur
3499 757 3671 819 ratio.

2032 833 2243 895 Nullus
2257 835 3350 925 despiciebatur,nullusqueindignus
3365 845 3679 925 reputaba-

2035 931 2131 981 tur
2153 924 2873 997 commiseratione.Quod
2899 929 3139 1007 quidem
3166 937 3398 1009 patrum
3431 953 3675 1014 quoque

2034 1012 2339 1071 nonnullis
2363 1031 2476 1071 non
2499 1021 2589 1072 est
2606 1014 2927 1074 admodum
2953 1017 3130 1078 facile
3153 1036 3391 1080 servare
3408 1020 3469 1081 in
3489 1012 3670 1085 ﬁlios.

2031 1098 2147 1159 Sed
2168 1100 2303 1160 aliis
2320 1101 2560 1179 quidem
2578 1112 2773 1163 vestes
2794 1124 3033 1185 quoque
3047 1106 3672 1187 dabantur,quibusiis

2032 1197 2161 1247 erat
2188 1206 2339 1261 Opus
2374 1208 2389 1249 :
2422 1191 2701 1250 omnibus
2730 1193 3009 1255 similiter
3045 1195 3336 1257 dabantur
3364 1196 3670 1263 alimenta.

2031 1278 2225 1354 Atque
2248 1279 2931 1359 memineruntquidem,
2965 1284 3065 1362 qui
3094 1284 3164 1345 ad
3200 1288 3326 1346 haec
3360 1286 3667 1353 ministra-

2031 1362 2270 1441 bant,se
2295 1385 2412 1426 uno
2433 1367 2851 1447 dieplusquam
2878 1378 3113 1432 centum
3144 1391 3379 1435 mensas
3403 1394 3665 1455 parasse.

2031 1451 2101 1512 Et
2122 1453 2416 1546 humanus
2439 1458 2679 1535 quidem
2709 1459 3140 1522 misericordiae
3162 1462 3293 1524 fons
3313 1451 3440 1526 erat
3461 1465 3669 1546 hujus-

2032 1542 2214 1604 modi.
2259 1554 2319 1605 et
2353 1554 2465 1605 tam
2499 1546 2740 1607 aliunde
2770 1551 3129 1611 scaturiens.
3166 1551 3273 1614 Dei
3306 1562 3501 1615 autem
3531 1542 3667 1622 fons

299 1638 544 1719 qualis?
574 1634 853 1716 Nunquid
900 1642 988 1695 est
1018 1633 1419 1712 manifestum,
1454 1631 1608 1712 quod
1642 1630 1844 1692 multis
1874 1636 2049 1719 atque
2092 1631 2241 1693 adeo
2274 1632 2524 1694 inﬁnitis
2557 1635 2820 1713 partibus
2848 1639 3212 1717 superabat?
3260 1642 3433 1705 Nunc
3463 1653 3661 1709 autem

300 1718 633 1792 declarabit
661 1724 874 1799 oratio,
910 1722 1264 1803 quibusnam
1308 1722 1570 1795 indiciis,
1601 1729 1660 1781 et
1689 1720 1865 1780 ﬁnem
1898 1718 2166 1796 imponet
2194 1722 2271 1792 ei,
2308 1724 2462 1801 quod
2497 1732 2584 1783 est
2617 1725 2900 1802 pollicita.

384 1811 462 1878 λ’.
510 1815 823 1875 Ἐπαίδευσέ
870 1835 1001 1871 ποτε
1061 1814 1162 1879 τὴν
1228 1817 1332 1889 γῆν
1375 1814 1403 1867 ὁ
1460 1813 1610 1902 Θεος,
1672 1808 1935 1902 ἐπαίδευσε

2112 1809 2887 1902 30.Castigabataliquando
2910 1823 3129 1876 terram
3155 1815 3665 1902 Deus,castigabat

298 1908 357 1965 δὲ
416 1907 585 1981 λιμῷ,
645 1907 730 1961 καὶ
772 1903 954 1981 ὀλίγος
984 1902 1194 1992 οὖκλέπὶ
1234 1901 1435 1992 βραχὺ,
1482 1897 1598 1956 οὗδέ
1658 1904 1760 1992 τῶν
1813 1898 1935 1992 μὲνΞ

2026 1907 2223 1958 autem
2257 1900 2413 1961 fame
2448 1919 2461 1964 :
2496 1911 2841 1964 eratantem
2871 1923 2987 1964 non
3012 1906 3214 1967 brevis
3233 1908 3430 1989 aliqua
3450 1897 3659 1992 fa'mes,

298 2004 410 2054 τῶν
453 1995 510 2051 δὲ
563 1994 624 2050 οὒ
653 1993 987 2067 κατεκράιει,
1051 1988 1170 2045 ἀλλ’
1230 1988 1386 2064 ἐπῄει
1441 1994 1604 2044 πᾶσιν
1659 1988 1693 2053 ἡ
1752 1984 1935 2057 μάστιξΙ

2028 2004 2221 2064 neque
2245 1988 2305 2047 in
2338 1990 2447 2050 hos
2492 1992 2735 2069 quidem
2767 1993 3211 2070 dominabatur,
3245 1999 3304 2058 in
3336 1984 3488 2061 alios
3519 1984 3660 2065 vero

301 2086 506 2161 ὁμοίως
543 2100 557 2113 ·
619 2081 758 2138 οὕτω
812 2079 869 2135 δὲ
925 2085 1030 2134 τῶν
1086 2077 1373 2154 ἀνθρώπων
1457 2075 1784 2149 πιεζομένων
1858 2071 1935 2128 διὰ

2027 2092 2168 2146 non;
2194 2078 2298 2135 sed
2323 2096 2393 2137 ex
2416 2098 2583 2157 {equo
2610 2099 2823 2141 omnes
2857 2083 3153 2146 invaserat
3178 2086 3661 2164 ﬂagellum.Cnm

298 2178 488 2233 κακῶν
587 2170 757 2246 ἔργων
851 2165 1150 2223 ἆντέκτισιν
1264 2165 1402 2242 (lutei
1491 2166 1578 2219 καὶ
1690 2168 1935 2238 πονηρῶν

2022 2165 2107 2223 sic
2139 2175 2335 2226 autem
2367 2168 2776 2246 allligerentur
2827 2171 3125 2247 homines,
3160 2182 3223 2234 ut
3255 2193 3487 2258 eorum,
3523 2198 3664 2256 quae

300 2258 741 2333 ἐπιτηδευμάτων
816 2256 1053 2334 Μιχαίας
1115 2255 1144 2309 ὃ
1196 2257 1341 2314 θεῖος
1398 2254 1599 2329 καρπὸν
1661 2255 1803 2307 εἶναι
1874 2251 1935 2305 τὰ

2021 2258 2296 2313 Scelerate
2318 2260 2793 2329 tecerant,pmnas
2814 2264 3334 2332 darent(malorum
3360 2251 3513 2325 enim
3537 2251 3660 2331 stu-

298 2351 520 2408 τοιαῦτά
561 2349 740 2421 φησι),
786 2346 873 2402 καὶ
925 2347 961 2412 ἡ
1005 2350 1112 2399 τῶν
1176 2344 1349 2418 βαΐων
1406 2342 1696 2418 παρίστατο
1754 2339 1935 2434 ἐορτη,

2022 2339 2258 2434 diorum
2285 2342 2562 2434 haecesse
2580 2343 3017 2434 fructum,dicit
3037 2348 3274 2410 divinus
3294 2351 3660 2434 Michaeas‘o)

299 2439 423 2497 καθ’
481 2438 547 2506 ἢν
606 2438 664 2491 τὸ
705 2434 814 2491 τῶν
859 2433 1104 2501 πενήτων
1150 2432 1235 2487 καὶ
1279 2432 1537 2507 ἀγροίκων
1570 2429 1772 2497 πλῆθος
1805 2428 1935 2497 πρό-

2024 2438 2082 2487 et
2102 2428 2342 2520 adesset
2372 2432 2502 2491 dies
2519 2432 2702 2492 festus
2727 2433 3082 2507 Palinurum,
3104 2456 3219 2515 quo
3240 2456 3564 2520 pauperum
3599 2428 3659 2505 et

300 2549 465 2609 φασιν
531 2523 707 2581 λαϐὼν
794 2523 888 2590 τὴν
974 2521 1267 2598 πανήγυριν
1325 2517 1717 2609 ἒπεδτζμειλτῷ
1771 2517 1935 2609 τόπῳ

2020 2518 2340 2594 agrestium
2388 2520 2728 2595 multitudo,
2772 2523 2915 2583 festi
2943 2531 3188 2605 accepta
3217 2517 3558 2605 occasione,
3592 2532 3657 2593 in

297 2606 406 2685 ἤδη
436 2615 532 2690 μὲν
575 2614 662 2670 καὶ
711 2609 778 2668 δι’
832 2611 975 2670 ἔθους
1019 2616 1167 2665 τοῦτο
1198 2614 1496 2678 ποιοῦντες,
1530 2606 1668 2662 ἀλλὰ
1699 2607 1788 2662 καὶ
1816 2606 1934 2663 τότε

2020 2624 2152 2666 eum
2178 2607 2375 2668 locum
2401 2619 2782 2684 convenerat,
2786 2611 2810 2688 j
2822 2629 2911 2671 am
2940 2613 3052 2673 hoc
3076 2615 3317 2690 quidem
3344 2635 3451 2696 pro
3485 2637 3657 2683 more

295 2707 389 2762 καὶ
434 2701 596 2760 πλέον
659 2702 757 2757 ὕπὸ
812 2721 906 2755 του
942 2697 1100 2768 λιμοῦ
1154 2697 1521 2770 κελευόμενοι.
1576 2698 1634 2752 Οἱ
1661 2701 1787 2772 γοῦν
1819 2696 1935 2761 περὶ

2020 2695 2337 2787 Γειειειιιοε,Δ
2359 2697 2464 2757 sed
2494 2706 2639 2758 tunc
2672 2700 2859 2777 magis
2884 2719 2917 2761 a
2946 2700 3101 2762 fame
3124 2695 3422 2781 jussi.Qui
3452 2706 3654 2787 itaque

290 2795 394 2860 τὴν
444 2789 805 2869 ἂριστοποιίαν
876 2784 1277 2860 διακονούμενοι
1361 2787 1492 2863 πρὸς
1582 2785 1644 2840 τὸ
1731 2782 1930 2848 πλῆθος

2020 2784 2084 2843 ad
2122 2785 2447 2859 parandum
2493 2787 2805 2864 prandium
2858 2788 3293 2869 inserviebam,
3322 2795 3395 2855 ad
3430 2782 3656 2860 tantam

290 2881 689 2958 ἰλιγγιάσαντες
743 2877 848 2933 ὑπὸ
910 2878 1169 2942 σταθμοῖς
1201 2896 1307 2930 τισι
1337 2873 1434 2929 καῖ
1462 2881 1646 2951 ζυγοῖς
1677 2874 1778 2938 τὴν
1833 2877 1931 2937 τῆς

2020 2872 2341 2950 caligantes
2373 2874 2840 2949 multitudinem,
2876 2879 3249 2942 conabantur
3288 2883 3655 2959 quibusdam

288 2975 495 3048 τροφῆς
546 2969 815 3025 ποιεῖσθαι
869 2963 1129 3038 διανομὴν
1160 2961 1305 3041 [alii
1332 2960 1611 3041 διακονὴν]
1644 2961 1932 3039 ἐπειρῶντο

2020 2965 2181 3023 libris
2213 2976 2265 3023 et
2291 2970 2521 3024 trutinis
2539 2969 2875 3027 alimentum
2900 2971 3333 3039 distribueremt
3356 2977 3461 3034 hac
3481 2993 3657 3038 accu-

289 3062 368 3123 ὠς
419 3057 484 3115 ἂν
538 3061 608 3132 τῇ
647 3053 826 3133 φειδοῖ
875 3054 1042 3139 ταύτῃ
1101 3054 1188 3108 καὶ
1230 3048 1466 3127 ἀκριϐείᾳ
1513 3052 1640 3118 πρὸς
1683 3049 1930 3139 πλείονας

2020 3060 2143 3139 rata
2162 3050 2487 3131 subtilique
2508 3052 2742 3113 ratione
2765 3060 2823 3115 et
2846 3054 3135 3133 parcitate
3159 3067 3357 3137 posset
3382 3060 3655 3139 pluribus

290 3147 497 3224 ἀρκέσῃ
525 3147 591 3201 τὰ
619 3132 717 3210 τῆς
749 3132 1041 3221 τροφῆς.’0
1072 3140 1381 3226 δὲῃσταθμὸς
1412 3142 1593 3202 αὖτοῖς
1627 3141 1701 3202 εἷς
1723 3136 1925 3216 λίτραν,

2020 3137 2364 3200 alimentum
2389 3140 2688 3203 sufﬁcere.
2722 3132 2962 3205 Pondus
2984 3132 3181 3206 autem
3205 3148 3292 3209 eis
3312 3132 3649 3226 adtlibram,

289 3219 367 3299 ei;
427 3219 491 3290 ἄν
545 3255 625 3299 τις
675 3231 823 3287 εἴποι
859 3219 1090 3306 γλώττῃ
1121 3219 1397 3303 Ῥωμαίων
1444 3229 1747 3306 χρώμενος,
1778 3248 1931 3303 περι-

2020 3237 2077 3284 ut
2100 3228 2315 3288 dixerit
2337 3230 2624 3309 quispiam
2651 3239 2824 3291 utens
2843 3232 3047 3311 lingua
3062 3219 3655 3313 Romanorum-redi;

292 3327 479 3381 ίστατο
512 3340 527 3357 ·
563 3321 765 3398 παριών
792 3340 851 3375 τε
895 3320 922 3374 ὁ
962 3318 1129 3395 μέγας
1181 3317 1278 3373 καί
1325 3317 1385 3372 τὸ
1415 3315 1780 3393 πραττόμενον
1810 3316 1929 3389 ὄψει

293 3408 644 3489 παραλαϐὼν,
695 3409 887 3478 πλήθει
943 3428 999 3463 τε
1059 3404 1245 3478 πολλῷ
1287 3406 1385 3474 τῆς
1443 3404 1613 3468 πύλας
1672 3404 1929 3481 βιαζομέ-

289 3523 415 3579 νας,
444 3501 528 3555 καὶ
570 3499 632 3553 τό
691 3500 781 3555 τοῦ
836 3493 959 3553 Ἰὼϐ
1012 3495 1193 3572 ὥσπερ
1224 3495 1313 3550 καὶ
1355 3496 1511 3558 αὒτὸς
1570 3505 1787 3573 φρονεῖν
1842 3494 1930 3548 καὶ

290 3589 471 3665 λέγειν.
528 3583 968 3659 πεπαιδευμενος,
1044 3582 1125 3640 ὅτι
1183 3584 1261 3656 μὴ
1318 3580 1420 3647 ἔξω
1482 3581 1724 3652 ηὖλίζετο
1783 3579 1929 3646 ξένος

290 3681 381 3734 καὶ
422 3679 458 3745 ἡ
508 3677 633 3751 θύρα
703 3694 805 3747 μου
864 3672 1021 3729 παντὶ
1082 3668 1347 3747 ὁδοιπόρῳ
1406 3669 1667 3749 ἀνέῳκτο,
1728 3667 1929 3725 κελεύει

286 3768 386 3829 τὰς
443 3763 609 3825 πύλας
667 3759 1078 3822 διειπετέσαντες
1144 3760 1385 3825 εἰσιτητα
1442 3759 1615 3814 θεῖναι
1658 3758 1724 3814 τά
1781 3756 1928 3822 ἐντὸς

286 3860 420 3911 πᾶσι
451 3865 568 3915 τοῖς
599 3848 940 3927 βουλομένοις
974 3863 988 3877 ·
1036 3846 1162 3903 εἶτα
1215 3848 1305 3903 καὶ
1352 3847 1444 3920 τὰς
1475 3847 1717 3916 συνήθεις
1749 3868 1927 3923 παρα-

282 3946 460 3999 θεῖναι
513 3938 773 4018 τραπέζας
852 3934 1123 4014 ἀνδρέσιν,
1184 3935 1272 3999 οἷς
1358 3934 1512 4013 ἔργον
1581 3936 1673 3991 καὶ
1727 3934 1931 4012 ἆριθμῷ

282 4030 489 4105 δοῦναι,
523 4029 600 4102 μή
638 4049 695 4084 τι
728 4047 792 4103 γε
836 4023 976 4087 ὅλως
1034 4026 1120 4079 καὶ
1150 4028 1319 4101 τροφῇ
1348 4024 1585 4097 κορέσαι.
1619 4020 1777 4081 "Ocni
1832 4023 1929 4096 μὲν

281 4121 418 4197 πρὸς
461 4123 618 4174 τοῦτο
674 4116 964 4192 ὑπηρετεῖν
1014 4111 1264 4186 ἔμελλον,
1313 4110 1414 4175 ἕως
1464 4112 1561 4184 μὲν
1606 4113 1738 4189 πρὸς
1769 4113 1931 4180 μόνον

283 4207 475 4269 ἁπλῶς
527 4206 587 4261 τὸ
642 4202 845 4271 πλῆθος
905 4201 1107 4277 ἐώρων,
1170 4200 1513 4263 ἀπιστοῦντες
1567 4200 1729 4274 μόνον
1770 4203 1929 4279 ἦσαν,

287 4297 397 4375 οὐχ
440 4293 587 4355 ὅπως
647 4291 712 4362 δή
769 4313 819 4347 τι
864 4290 952 4346 καὶ
1006 4288 1337 4367 ἐνεργοῦντες
1369 4286 1469 4360 ἰδίᾳ
1500 4289 1597 4355 τὴν
1640 4285 1932 4366 ὒπεριῗολὴν

286 4392 384 4442 τοῦ
441 4382 826 4455 κελεύσματος.
882 4376 1041 4436 Ἐπεὶ
1098 4376 1152 4433 δὲ
1198 4379 1442 4457 καὶπρὸς
1473 4379 1573 4444 τὴν
1603 4376 1798 4454 ἀρετὴν
1846 4378 1933 4433 καὶ

293 4475 389 4541 τὴν
448 4475 609 4551 χάριν
640 4475 736 4526 τοῦ
792 4465 1155 4541 κελεύσματος
1202 4464 1371 4541 εἶδον,
1405 4465 1713 4531 ἀπέστησάν
1743 4487 1798 4521 τε
1828 4468 1932 4522 τῶν

2015 3314 2456 3378 bat.Accedens
2476 3330 2676 3379 autem
2705 3338 2954 3398 magnus
2975 3322 3076 3383 ille
3105 3322 3652 3404 Tbeodosius,cum

2013 3402 2071 3463 id
2105 3404 2500 3494 quodﬁebat,
2558 3407 2679 3468 visu
2733 3411 3256 3487 apprehendisset,
3290 3423 3348 3475 et
3374 3434 3405 3476 a
3442 3402 3655 3494 magna

2016 3492 2401 3583 multitudine
2433 3495 2545 3555 vim
2579 3496 2781 3557 afferri
2804 3498 3097 3576 januis,et
3126 3501 3287 3562 idem
3321 3505 3483 3583 quod
3513 3492 3651 3578 Job,

2013 3578 2321 3642 didicisset
2341 3592 2568 3645 sentire
2590 3593 2647 3645 et
2669 3585 2894 3648 dicere:
2909 3587 3083 3648 Foris
3094 3606 3213 3651 non
3225 3578 3656 3656 divérsabatur

2011 3668 2306 3763 hospes,et
2325 3671 2563 3750 patebat
2586 3677 2806 3763 ostium
2827 3676 2991 3736 omni
3011 3680 3236 3738 viatori
3253 3679 3503 3758 “;jubet
3523 3701 3657 3763 por-

2017 3768 2104 3819 tas
2132 3761 2466 3850 aperiri,et
2495 3761 2869 3839 permittere,
2903 3771 2965 3822 ut
2994 3781 3204 3825 omnes
3233 3767 3501 3830 volentes
3522 3761 3657 3850 pos-

2013 3857 2146 3907 sent
2166 3848 2421 3925 ingredi:
2441 3861 2507 3938 et
2524 3849 2867 3938 hominibus
2883 3869 3122 3912 mensas
3145 3848 3656 3938 consuetasappo-

2014 3953 2182 4002 nere.
2210 3955 2362 4016 quos
2391 3936 2641 4000 difﬁcile
2673 3949 2801 3999 erat
2831 3939 2926 4000 vel
2961 3958 3431 4015 numerare,non
3457 3936 3652 4007 solum

2012 4041 2117 4085 eos
2140 4024 2272 4086 cibo
2304 4025 2913 4106 satiare.Quicunque
2942 4045 3083 4106 ergo
3116 4028 3170 4089 ei
3200 4039 3371 4092 erant
3400 4031 3653 4095 inservi-

2015 4112 2154 4183 turi,
2190 4114 2425 4191 quando
2458 4115 2532 4175 ad
2591 4116 2779 4176 solam
2839 4118 3253 4179 tantummodo
3282 4120 3657 4200 aspiciebant

2018 4202 2489 4278 multitudinem,
2525 4223 2641 4264 non
2691 4204 3018 4267 credebant
3050 4227 3065 4266 :
3099 4213 3324 4269 tantum
3358 4210 3553 4281 abest,
3587 4217 3659 4273 ut

2015 4289 2236 4370 aliquid
2272 4292 2889 4373 facerent,propterea
2910 4295 3068 4373 quod
3094 4296 3332 4357 modum
3346 4297 3540 4376 jussio
3559 4316 3655 4360 ex-

2015 4381 2359 4458 superabat.
2384 4381 2699 4461 Postquam
2732 4392 2929 4444 autem
2961 4394 3325 4464 aspexerunt
3355 4388 3428 4448 ad
3454 4388 3652 4451 virtu-

1952 4477 2137 4561 I,tem
2165 4477 2221 4530 et
2247 4471 2776 4561 gratiamejus,qui
2799 4470 3064 4549 iubebat,
3093 4472 3169 4534 ab
3203 4475 3482 4536 humanis
3505 4476 3652 4538 des-

290 4562 634 4639 ἆνθρωπίνων
690 4558 786 4615 καί
871 4552 1203 4632 ὑψηλότερον
1284 4551 1542 4629 ἔϐλεψαν,
1604 4552 1820 4631 ἤνοιγόν
1877 4576 1933 4610 τε

2020 4558 2290 4631 titerunt,
2342 4568 2400 4619 et
2452 4559 2630 4619 altius
2684 4574 3067 4637 aspexerant,
3131 4569 3188 4622 et
3221 4570 3419 4640 portas
3449 4565 3652 4628 statim

291 4652 388 4711 τὰς
463 4646 629 4711 πύλας
718 4647 937 4721 εὐθέως,
1010 4645 1096 4699 καὶ
1195 4641 1437 4717 ἁσμένως
1499 4642 1622 4705 τεὺς
1678 4643 1934 4704 εἰσιόντας

292 4737 575 4817 ὲδὲγο-ιτο,
650 4734 774 4790 εἶτα
856 4734 943 4787 καὶ
1035 4732 1166 4799 πρὸς
1237 4730 1497 4807 τραπέζας
1573 4728 1929 4804 διεπονοῦντο,

288 4805 631 4899 καὶηὶλαρῶς
703 4823 1010 4899 παρετίθουν
1069 4818 1198 4875 αὐτὰ
1268 4826 1433 4873 ταῦτα
1490 4816 1587 4874 ὅσα
1639 4832 1930 4898 παρεῖχον,

289 4915 351 4973 Τί
380 4922 471 4969 οὖν
501 4915 528 4969 ὁ
557 4917 664 4967 τῶν
722 4910 1026 4983 θαυμασίων
1078 4906 1205 4967 Θεός
1245 4924 1262 4976 ;
1320 4904 1510 4984 ’Ήρκει
1541 4909 1628 4962 καὶ
1661 4912 1804 4973 αὖθις
1864 4906 1930 4962 δι’

286 5004 488 5080 ὀλίγων
531 4999 740 5078 τρέφειν
799 4995 981 5065 πλήθη
1044 4991 1243 5066 πολλᾶ,
1306 4992 1484 5069 ὥσπερ
1529 4994 1628 5070 ἄρα
1668 4998 1755 5052 καὶ
1814 5008 1931 5059 τοῖς

285 5090 447 5147 πέντε
509 5088 686 5163 ἄρτοις
731 5086 850 5147 τοὺς
900 5080 1367 5159 πεντακισχιλίους
1412 5085 1476 5138 τὸ
1533 5084 1790 5160 πρότερον
1819 5085 1931 5159 ἅμα

285 5186 414 5256 γοῦν
460 5178 608 5233 αὒτοί
636 5196 693 5230 τε
726 5175 815 5235 τὰς
850 5171 1108 5250 γαστέρας
1164 5170 1521 5250 ἐπίμπλαντο,
1552 5174 1639 5227 καὶ
1673 5176 1725 5229 αἱ
1767 5173 1931 5249 ἄρτοι-

281 5272 447 5335 θῆκαι
499 5263 788 5321 κατάπλεω
829 5261 934 5316 τῶν
980 5257 1149 5334 ἄρτων
1200 5257 1515 5332 ἐδείκνυντο,
1566 5265 1663 5317 καὶ
1724 5263 1772 5317 οἱ
1832 5263 1931 5334 μὲν

284 5357 467 5414 πάντα
523 5353 797 5409 ἐπιλιπεῖν
827 5347 1095 5425 ἒνόμιζον,
1132 5350 1179 5403 οἱ
1208 5345 1262 5402 δὲ
1293 5347 1515 5419 πλήρεις
1574 5350 1711 5416 ἦσαν
1768 5350 1928 5407 πλέον

287 5446 324 5513 ἢ
383 5442 658 5522 παρέσχον
712 5433 1107 5506 ἀντιλαϐοὖσαι,
1192 5435 1290 5492 καῖ
1374 5433 1442 5491 δι’
1509 5439 1679 5516 εὐχῆς
1748 5439 1930 5516 ὥσπερ

373 5601 431 5652 ίο
459 5598 609 5663 Mitt.
642 5615 717 5671 vr,
751 5559 859 5659 13.
935 5594 983 5638 ¹¹
1012 5593 1147 5661 Job.
1180 5608 1338 5670 xxxx,
1372 5593 1444 5654 17
1474 5600 1531 5654 et
1567 5593 1661 5657 18.

2018 4655 2474 4725 aperuerunt,et
2496 4645 2769 4707 lubenter
2800 4646 3173 4710 admiserunt
3205 4668 3308 4711 eos
3333 4652 3434 4731 qui
3458 4654 3658 4717 venie-

2019 4732 2179 4794 bant:
2210 4744 2267 4795 et
2288 4734 2506 4823 deinde
2531 4736 2706 4795 etiam
2733 4737 3010 4813 parandis
3024 4739 3248 4801 mensis
3271 4740 3492 4803 dabant
3511 4761 3659 4823 ope-

2016 4840 2167 4896 ram,
2203 4831 2261 4882 et
2288 4822 2561 4884 hilariter
2585 4841 2652 4883 ea
2674 4826 2852 4884 etiam
2876 4827 3275 4903 apponebant,
3300 4847 3432 4907 qua:
3462 4822 3654 4894 habe-

2017 4910 2342 4982 bant.Quid
2364 4930 2501 4988 ergo
2519 4910 2672 5000 Deus
2690 4913 2758 4973 ad
2772 4912 3401 4977 mirabilium?Rursus
3418 4937 3657 5000 quoque

2016 5000 2247 5059 suffecit
2269 5000 2338 5059 ad
2364 4999 2567 5077 paucis
2587 5000 2857 5061 alendam
2887 5018 3157 5080 magnam
3180 5005 3652 5085 multitudinem,

2016 5088 2168 5148 sicut
2201 5088 2376 5150 etiam
2407 5090 2571 5166 prius
2594 5090 2860 5167 quinque
2884 5091 3137 5170 panibus
3160 5093 3423 5170 quinque
3446 5093 3650 5156 millia.

2014 5177 2202 5237 Simul
2230 5195 2370 5255 ergo
2393 5196 2596 5239 eorum
2625 5177 2853 5256 impleti
2879 5187 3014 5240 sunt
3038 5188 3364 5253 ventres,et
3384 5199 3538 5242 arcte
3556 5199 3656 5260 pa-

2011 5264 2195 5325 naria:
2218 5267 2688 5327 ostendebantur
2711 5266 2901 5344 plenae
2928 5267 3271 5342 panibus:et
3296 5268 3382 5329 illi
3405 5267 3650 5347 quidem

2011 5354 2430 5415 existimabant
2464 5355 2610 5427 fore,
2648 5363 2710 5414 ut
2740 5354 2940 5415 omnia
2980 5355 3307 5417 deﬁcerent
3343 5374 3356 5414 :
3394 5374 3479 5417 eae
3510 5374 3651 5417 vero

2011 5454 2182 5503 erant
2203 5444 2489 5523 plenae,et
2507 5443 2677 5523 plura
2695 5443 3163 5523 tenebantquam
3180 5443 3656 5526 prmbuerant,et
