4062 6194
335 302 454 370 499

340 457 452 522 per
475 439 810 504 orationem
839 438 1022 503 veluti
1047 438 1118 500 ad
1139 435 1469 516 replendos
1489 444 1729 499 ventres
1761 457 1988 522 paupe-
2013 448 2049 500 Α
2075 443 2148 506 εἰς
2238 443 2331 508 τὰς

334 548 472 592 rum
501 531 823 612 plurimum
850 530 1106 590 fructum
1134 525 1561 606 produxerant.
1601 528 1700 589 Sic
1729 547 1835 608 pro
1865 531 1994 610 ejus

337 621 644 702 proposito
676 623 833 683 Deus
856 621 1052 698 ipsum
1078 624 1166 678 est
1190 626 1706 693 remuneratus,et
1728 636 1837 698 pro
1861 622 1994 699 ejus

341 709 746 773 beneﬁcentia
775 710 833 769 in
869 724 1313 788 pauperes,non
1337 706 1528 766 solum
1553 705 1792 770 abunde
1814 709 1994 771 desu-

343 818 453 881 per
485 801 697 878 pluens
757 805 1003 876 propter
1051 795 1184 876 ejus
1227 795 1571 857 muniﬁcam
1606 797 1990 873 voluntatem,

343 891 450 954 sed
478 890 654 951 etiam
687 886 984 960 efﬁciens,
1020 893 1083 946 ut
1114 883 1331 946 vir‘ille
1363 890 1420 944 in
1455 884 1855 950 admiratione
1883 888 1992 950 ha-

340 980 590 1042 beretur
622 984 679 1039 et
710 974 1146 1048 celebraretur,
1179 981 1496 1054 propterea
1527 975 1685 1056 quod
1711 976 1788 1037 sit
1809 977 1994 1040 mini-

341 1087 441 1134 me
468 1067 680 1129 falsum
714 1065 1104 1146 promissum.
1135 1062 1416 1125 Promisit
1441 1065 1604 1126 enim
1631 1084 1733 1128 eos
1762 1067 1994 1146 gloriﬁ-

344 1176 504 1233 care,
537 1155 639 1232 qui
674 1173 814 1217 eum
847 1155 1044 1216 sciunt
1076 1153 1418 1233 gloriﬁcare
1449 1172 1557 1234 per
1588 1173 1770 1235 opera
1803 1157 1881 1216 12.

425 1247 527 1310 31.
563 1244 699 1306 Post
727 1245 841 1305 hoc
874 1253 1072 1306 autem
1101 1242 1261 1304 aliud
1287 1261 1529 1324 quoque
1553 1243 1814 1321 dicatur,
1835 1248 1991 1329 quod

346 1353 552 1418 parem
579 1334 852 1396 continet
873 1338 930 1394 et
951 1331 1274 1394 voluntatis
1302 1333 1862 1410 muniﬁcentiam,et
1886 1356 1992 1418 pa-

345 1424 544 1488 trandi
569 1423 840 1485 miraculi
871 1425 1174 1486 virtutem.
1195 1422 1428 1484 Rursus
1459 1428 1586 1482 erat
1621 1421 1754 1484 dies
1784 1425 1992 1506 festus,

350 1523 409 1580 et
429 1515 614 1577 festus
643 1511 914 1591 Virginis
948 1511 1054 1575 Dei
1083 1509 1288 1574 Matris
1321 1527 1334 1569 :
1389 1510 1448 1571 in
1500 1529 1643 1588 quo,
1679 1523 1998 1593 propterea

351 1603 515 1686 quod
545 1610 675 1666 erat
705 1601 875 1664 valde
905 1601 1155 1680 insignis
1187 1619 1256 1660 ac
1285 1599 1599 1672 solemnis,
1630 1608 1748 1662 tam
1785 1622 1999 1684 magna

352 1688 1562 1771 conveneratmultitudo(oportehatenim
1591 1698 1648 1750 et
1670 1691 1808 1752 festi
1821 1711 2000 1756 causa

1620 305 1901 369 MENSIS
1956 305 2409 370 JANUARIUS.

3595 297 3710 365 500

2420 448 2524 500 τῶν
2634 444 2878 513 πενήτων
2961 439 3221 520 γαστέρας
3305 436 3720 516 πολυγονώτατσ

2073 534 2476 608 γεωργήσασαι.
2535 532 2714 594 Οὕτως
2789 532 2946 588 αὐτὸν
3019 532 3047 586 ὁ
3107 531 3237 593 Θεὸς
3305 526 3556 603 ἠμείϐετο
3620 532 3720 594 τῆς

2075 621 2394 701 προθέσεως,
2457 621 2596 678 οὕτω
2651 624 2750 688 τῆς
2801 621 2918 700 περὶ
2990 621 3109 682 τοὺς
3163 618 3396 684 πένητας
3455 617 3718 690 εὒποιίας,

2076 710 2135 765 οὗ
2180 713 2343 784 μόνον
2387 711 2628 789 ἀφθόνως
2688 709 2887 767 ἄνωθεν
2929 709 3143 779 ὑετίζων
3186 705 3272 764 διὰ
3315 708 3414 774 τὴν
3472 707 3722 785 ἀφθονίαν

2076 804 2174 867 τῆς
2227 801 2612 880 προαιρέσεως,
2668 797 2808 856 ἀλλὰ
2859 803 3140 878 πανταχοῦ
3207 797 3608 871 θαυμαζόμενόν
3662 817 3723 852 τε

2077 890 2164 945 καὶ
2207 887 2584 968 περιᾳδόμενον
2627 889 2717 946 τὸν
2765 885 2924 966 ἄνδρα
2953 885 3228 959 δεικνύων,
3290 885 3374 945 διὰ
3416 888 3478 942 τὸ
3538 884 3722 962 ἀψαυ-

2081 1000 2205 1036 στον
2253 983 2348 1046 τῆς
2399 976 2748 1057 ἐπαγγελίας,
2805 976 3050 1048 Δοξάζειν
3078 977 3178 1055 γὰρ
3207 975 3566 1055 ἐπηγγείλατο
3596 975 3717 1041 τοὺς

2078 1065 2163 1124 διὰ
2193 1074 2297 1125 τῶν
2329 1066 2496 1147 ἔργων
2528 1066 2684 1124 αὐτὸν
2714 1066 2944 1138 δοξάζειν
2975 1065 3384 1142 ἐπισταμένους.

2159 1245 2274 1307 λα’.
2311 1247 2558 1326 Λεγέσθω
2584 1256 2863 1328 τοιγαροῦν
2903 1247 2988 1305 ἒπὶ
3033 1247 3204 1321 τούτῳ
3244 1246 3341 1304 καὶ
3383 1246 3588 1326 ἕτερον,
3621 1252 3724 1314 τῆς

2078 1337 2266 1412 ὁμοίας
2324 1338 2381 1394 ὃν
2442 1337 2552 1415 καὶ,
2595 1339 2712 1415 περὶ
2761 1338 2862 1405 τὴν
2917 1338 3220 1416 προαίρεσιν
3281 1335 3580 1417 δαψιλείας,
3627 1337 3726 1393 καὶ

2079 1427 2197 1505 περὶ
2253 1427 2353 1493 τὴν
2437 1430 2861 1506 θαυματουργίαν
2938 1425 3234 1490 δυνάμεως.
3321 1417 3512 1504 ’Βορτή
3561 1426 3726 1484 πάλιν

2079 1518 2170 1589 ἦν,
2213 1517 2301 1572 καὶ
2341 1516 2376 1583 ἦ
2423 1517 2580 1593 ἑορτὴ
2639 1521 2739 1583 τῆς
2799 1515 3060 1595 Παρθένου
3115 1516 3210 1572 καί
3272 1518 3635 1592 Θεομήτορος,
3669 1516 3726 1572 έν

2080 1605 2116 1681 ᾗ
2175 1603 2268 1660 διὰ
2310 1605 2370 1660 τὸ
2415 1602 2532 1660 λίαν
2588 1604 2853 1680 ἐπίσημον
2913 1606 3051 1662 οὕτω
3103 1628 3152 1663 τι
3211 1603 3347 1663 πολὺ
3405 1604 3632 1673 συνῆλθε
3661 1607 3728 1662 τὸ

2082 1693 2284 1757 πλῆθος
2339 1691 2468 1773 (ἔδει
2499 1695 2598 1773 γὰρ
2642 1694 2736 1752 καῖ
2787 1694 2871 1752 διὰ
2915 1695 3014 1762 τὴν
3045 1694 3142 1762 τῆς
3177 1695 3363 1772 ἑορτῆς
3397 1695 3563 1753 αἰτίαν
3593 1694 3729 1752 πολ-

354 1802 488 1848 esse
520 1782 738 1844 multos
767 1781 1269 1853 celebraturos,et
1293 1781 1425 1859 ejus
1450 1781 1550 1860 qui
1585 1781 1718 1844 festi
1751 1782 2000 1845 celebri-

2098 1784 2205 1847 lohq
2237 1783 2531 1846 εἶναιτοὺς
2575 1785 3041 1862 πανεγυρίζοντας,
3105 1783 3201 1842 καῖ
3249 1785 3346 1852 τὴν
3399 1795 3490 1844 τοῦ
3541 1807 3727 1852 πα·οη⁹

352 1881 532 1936 tatem
568 1869 910 1953 peragebat,
939 1870 1274 1943 dexteram,
1310 1877 1432 1948 aut,
1460 1877 1522 1930 ut
1549 1871 1745 1949 potius
1775 1871 1995 1950 dicam,

2098 1880 2328 1950 γυριστοῦ
2371 1870 2564 1947 δεξιὰν,
2598 1874 2632 1942 ἢ
2667 1875 2758 1942 τὴν
2805 1877 3051 1954 πρόθεσιν
3109 1873 3314 1950 μᾶλλον
3360 1875 3532 1932 εἰπεῖν
3592 1876 3728 1932 ἀνα-

354 1959 985 2044 propositum,habere
1005 1959 1184 2020 etiam
1203 1962 1637 2022 convenienter
1658 1961 1876 2024 multos
1899 1963 2000 2044 qui

2098 1962 2260 2038 λόγως
2293 1965 2456 2028 αὐτῆς
2489 1962 2638 2043 ἔχειν
2681 1964 2774 2020 καί
2835 1964 2958 2028 τοὺς
2987 1964 3448 2044 τραφησομένους)
3481 1968 3554 2027 ὡς
3585 1963 3726 2040 μηδὲ

352 2051 692 2130 alerentur)
717 2059 780 2112 ut
802 2069 875 2111 ne
902 2049 1256 2111 sufﬁcerent
1286 2048 1526 2128 quidem
1550 2049 1621 2110 ad
1658 2051 2000 2113 faciendum

2098 2053 2207 2115 τοὺς
2261 2050 2346 2108 ἐπ’
2395 2055 2536 2127 αὖτῷ
2578 2053 2934 2132 τεταγμένους
2992 2053 3329 2110 κατακλίνειν
3357 2055 3477 2118 τοὺς
3526 2054 3723 2112 εἰσιόν-

355 2140 716 2206 accumbere
775 2157 879 2201 eos
936 2139 1036 2218 qui
1099 2137 1489 2214 accedebant,
1524 2138 1611 2200 illi
1642 2139 1860 2220 quibus
1891 2141 2003 2203 hoc

2098 2163 2180 2204 τας
2241 2141 2450 2220 ἀρκεῖν,
2509 2141 2586 2216 μή
2635 2163 2686 2199 τι
2745 2165 2808 2221 γε
2855 2144 2943 2200 καὶ
2983 2146 3045 2199 τὸ
3084 2143 3338 2222 αὔταρκες
3395 2145 3467 2209 έίς
3525 2148 3726 2226 τροφὴν

359 2231 745 2296 commissum
770 2229 982 2304 fuerat;
1012 2235 1235 2290 tantum
1260 2226 1522 2304 abest,ut
1542 2227 2002 2311 haberentquod

2098 2244 2379 2312 χορηγεῖν,
2424 2230 2564 2300 πλὴν
2594 2233 2638 2288 εἰ
2671 2233 2805 2288 κατᾶ
2834 2233 2958 2308 μίαν
2988 2233 3094 2289 τῶν
3149 2239 3424 2305 τραπεζῶν
3479 2234 3569 2291 ἕνα
3625 2234 3729 2292 ἔδει

360 2322 504 2386 satis
527 2319 776 2383 essetad
809 2337 913 2382 eos
945 2318 1222 2395 alendos,
1258 2317 1374 2380 nisi
1406 2317 1464 2378 in
1495 2318 1747 2397 singulis
1784 2321 2003 2382 mensis

2098 2322 2180 2377 τὸν
2238 2319 2395 2399 ἄρτου
2451 2321 2817 2399 παρατιθέναι.
2881 2312 2938 2380 Ὀ
2981 2322 3036 2378 δὲ
3080 2323 3182 2399 πρὸ
3212 2323 3413 2380 τούτων
3443 2327 3536 2387 τὰς
3567 2326 3730 2404 ἀρτο-

360 2417 667 2494 oporteret
690 2429 874 2471 unum
903 2427 1116 2490 panem
1140 2406 1587 2490 apponere.Qui
1612 2415 1810 2470 autem
1835 2427 2007 2473 arcas

363 2501 640 2584 panarias
658 2507 796 2562 ante
811 2498 1164 2579 impleverat
1182 2497 1472 2559 Dominus
1495 2497 1681 2577 (larga
1694 2499 2010 2582 etcopiosa

362 2591 764 2671 dextera,qua3
780 2588 1131 2670 aperitur,et
1151 2587 1340 2651 nutrit
1359 2586 1649 2668 quidquid
1675 2587 1750 2649 ah
1772 2589 1898 2670 ipsa
1921 2597 2011 2652 est

360 2680 744 2759 creatum),is
767 2687 913 2741 tunc
943 2696 1180 2759 quoque
1205 2695 1442 2739 mensas
1476 2677 1767 2758 implevit,
1793 2678 1909 2753 vel,
1948 2686 2012 2740 ut

364 2772 562 2852 potius
585 2769 805 2846 dicam,
830 2777 1106 2831 ventres:
1133 2767 1284 2829 adeo
1304 2775 1368 2829 ut
1390 2787 1524 2830 cum
1550 2767 2011 2830 innumerabilis

359 2863 464 2924 ille
494 2859 803 2922 hominum
839 2866 1173 2920 conventus
1229 2857 1441 2918 fuisset
1473 2857 1688 2936 plenus
1718 2857 1789 2918 ad
1826 2859 2010 2920 satie-

367 2960 575 3022 tatem,
611 2956 695 3011 tot
726 2955 1164 3027 essentsportze
1196 2947 1608 3027 reliquiarum,
1641 2953 1708 3009 ut
1738 2947 1851 3027 ipsi
1871 2966 2012 3028 quo-

370 3057 486 3119 que
519 3040 619 3118 qui
649 3035 1079 3112 accubueram,
1137 3037 1320 3099 multa
1369 3035 1614 3097 domum
1651 3035 1918 3112 tulerint,
1953 3044 2012 3100 et

2088 2411 2254 2478 θήκας
2313 2409 2537 2486 πληρῶν
2628 2407 2816 2488 Κύριος
2882 2409 2941 2490 (ἡ
2999 2409 3308 2487 πολυαρκὴς
3364 2414 3451 2470 καὶ
3511 2412 3731 2494 ἄφθονος

2093 2497 2233 2566 δεξιὰ
2289 2501 2320 2566 ἡ
2379 2499 2702 2577 ἀνοιγομένη
2761 2502 2850 2557 καὶ
2881 2507 2988 2558 πᾶν
3045 2503 3108 2558 τὸ
3163 2499 3253 2558 ὑπ’
3299 2505 3465 2569 αὒτῆς
3523 2504 3732 2562 κτισθὲν

2092 2588 2409 2669 τρέφουσα),
2443 2589 2596 2654 οὗτος
2627 2589 2691 2658 δὴ
2731 2592 2818 2646 καὶ
2848 2591 2969 2648 τότε
3016 2592 3112 2656 τὰς
3159 2591 3419 2669 τραπέζας
3467 2591 3730 2673 ὶπλήρου,

2093 2679 2127 2747 ἢ
2169 2680 2258 2735 καὶ
2313 2681 2408 2743 τὰς
2466 2678 2722 2757 γαστέρας
2767 2679 2972 2754 μᾶλλον
3032 2683 3203 2737 εἰπεῖν
3236 2698 3254 2716 ⁶
3315 2682 3454 2738 ὥστε
3503 2686 3591 2740 καὶ
3633 2690 3732 2751 τῆς

2095 2769 2497 2848 μυριανθρώπου
2547 2771 2864 2848 συναγωγῆς
2913 2769 3120 2837 ἐκείνης
3173 2772 3246 2834 εἷς
3277 2774 3432 2850 κόρον
3473 2772 3735 2841 πλησθεί-

2095 2881 2217 2927 σης,
2279 2865 2527 2914 τοσαῦται
2571 2865 2677 2914 τῶν
2735 2859 3006 2936 λειψάνων
3056 2863 3107 2916 αἱ
3164 2859 3405 2938 σπυρίδες
3447 2862 3606 2938 ἦσαν,
3659 2867 3734 2928 ὡς

2093 2947 2280 3010 αὖτούς
2350 2968 2408 3002 τε
2479 2949 2602 3014 τοὺς
2672 2951 3083 3016 κατακλιθέντας
3159 2950 3335 3007 πολλὰ
3393 2953 3479 3008 καὶ
3550 2951 3738 3010 οἴκαδε

2095 3036 2515 3114 ἀπενέγκασθαι,
2549 3037 2639 3094 καὶ
2669 3038 2793 3102 τοὺς
2818 3037 3252 3117 διακονουμένους
3278 3039 3491 3118 ὕστερον
3533 3043 3739 3123 συχνὰς

368 3128 440 3191 iis
496 3127 598 3208 qui
645 3124 1009 3198 serviebant,
1069 3143 1138 3187 ex
1198 3124 1272 3187 iis
1329 3124 1450 3186 sint
1493 3124 1754 3204 opiparas
1806 3134 2003 3206 postea

2098 3126 2155 3184 ἱκ
2181 3125 2378 3184 τούτων
2409 3131 2726 3205 παραθεῖναι
2755 3130 3040 3207 τραπέζας.

370 3235 596 3280 mensae
633 3214 940 3295 appositae.

448 3304 1057 3370 32.Videnturautem
1082 3301 1210 3364 haec
1237 3320 1371 3364 esse
1389 3301 1656 3366 difﬁcilia
1681 3324 1798 3366 non
1820 3303 2009 3366 solum

364 3397 439 3460 ad
463 3393 957 3474 imitandum,sed
987 3393 1163 3454 etiam
1188 3392 1259 3454 ad
1282 3392 1740 3466 laudandum,et
1757 3394 1828 3456 ad
1850 3403 2015 3457 recte

367 3484 786 3564 explicandum
843 3484 1135 3544 oratione.
1191 3481 1334 3554 Quis
1385 3483 1545 3544 enim
1577 3484 1774 3546 adhuc
1805 3483 2014 3547 videns

368 3575 680 3654 Egyptios
711 3573 1084 3635 conﬂuentes
1114 3572 1184 3633 ad
1221 3572 1420 3651 magni
1449 3573 1772 3636 Theodosii
1807 3593 2011 3636 mona-

367 3665 645 3741 sterium,
681 3681 798 3724 non
823 3660 1252 3724 existimaverit
1283 3661 1371 3722 vel
1430 3671 1642 3741 puteos
1671 3681 1805 3724 esse
1836 3672 2015 3726 tanta)

367 3752 738 3816 multitudini
770 3752 1112 3814 defecturos
1136 3751 1208 3813 ad
1263 3750 1455 3812 solum
1490 3761 1690 3832 potum
1716 3751 1746 3812 ?
1776 3751 1868 3815 Illi
1899 3771 2012 3815 au-

368 3851 489 3906 tem
521 3843 600 3906 ita
630 3843 707 3906 ad
765 3843 1098 3905 satietatem
1167 3842 1447 3902 fruuntur
1499 3843 1813 3922 appositis,
1849 3852 1908 3903 ut
1939 3843 2014 3906 iis

369 3933 678 4014 etiam,qui
712 3941 845 4014 post
869 3932 1032 4011 ipsos
1056 3931 1757 3998 veniebant.sufﬁcerent
1779 3951 1910 4014 quae
1926 3951 2018 3996 re—

368 4023 814 4096 manserant,ad
847 4021 1180 4083 secundum
1218 4021 1550 4082 convivium
1585 4020 1731 4094 Quis
1761 4041 1902 4102 ergo
1925 4023 2014 4083 vi-

369 4113 544 4185 dens,
578 4130 710 4192 quae
740 4111 800 4171 in
827 4111 1180 4172 hodiernum
1206 4128 1396 4190 usque
1417 4110 1578 4172 diem
1607 4111 1754 4172 ﬁunt
1773 4110 1833 4173 in
1861 4111 2014 4174 soli-

371 4199 734 4274 tudine,non
761 4200 959 4261 statim
985 4205 1077 4260 est
1099 4198 1414 4260 habiturus
1438 4199 1554 4261 ﬁde
1579 4201 1820 4279 dignum
1850 4202 2022 4264 testi-

371 4289 827 4370 monium,quod
855 4295 953 4370 qui
977 4307 1084 4369 per
1105 4287 1366 4370 Moysem
1390 4289 1452 4352 in
1485 4290 1810 4352 solitudine
1833 4292 2016 4352 mira-

371 4383 490 4441 bile
512 4383 676 4454 prius
699 4383 842 4454 pluit
866 4381 1117 4440 Hebraeis
1140 4383 1681 4448 nutrimentum,hic
1715 4384 1836 4455 ipse
1861 4399 2021 4442 nunc

371 4485 609 4551 quoque
634 4485 743 4548 per
762 4466 1165 4530 Theodosium
1189 4466 1440 4546 (etenim
1468 4467 1524 4528 in
1552 4467 1790 4530 Christo
1818 4469 2020 4531 vivere

371 4558 656 4638 creditur)
684 4559 800 4620 hoc
823 4575 1062 4638 quoque
1105 4575 1382 4636 magnum
1416 4565 1473 4618 et
1503 4555 1776 4618 divinum
1811 4559 2014 4634 efﬁcit,

372 4657 432 4711 et
453 4656 535 4710 tot
560 4647 700 4709 viris
723 4647 1156 4709 nutrimentum
1183 4645 1428 4726 copiose
1459 4646 1836 4727 suppeditat?
1868 4647 2018 4710 Pro-

370 4749 580 4819 pterea
609 4755 749 4815 ergo
783 4737 1000 4798 multos
1021 4755 1263 4818 quoque
1291 4735 1505 4798 videtis
1539 4737 1612 4798 ad
1639 4737 1797 4798 hunc
1822 4737 2018 4800 locum

369 4827 742 4908 festinantes,
778 4825 938 4889 hunc
973 4826 1167 4907 ipsum
1207 4843 1418 4888 revera
1451 4844 1585 4888 esse
1614 4826 1780 4888 illum
1809 4829 2018 4890 existi-

370 4925 628 4994 mantes,
667 4927 908 4999 propter
937 4934 1115 4997 quem
1150 4915 1430 4979 Servator
1457 4926 1516 4979 et
1549 4916 1815 4998 quinque
1854 4917 2019 4998 prius

371 5026 560 5091 panes
583 5007 980 5087 henedixit,et
1003 5014 1088 5068 tot
1111 5006 1424 5069 hominum
1451 5006 1636 5068 millia
1659 5007 1805 5068 aluit
1825 5009 1894 5070 ad
1921 5027 2020 5069 sa-

369 5097 784 5162 tietatem.Sed
804 5098 930 5160 haec
959 5095 1202 5176 quidem
1223 5096 1302 5157 ita
1323 5115 1389 5158 se
1411 5095 1654 5158 habent.
1693 5096 1881 5160 Nobis
1910 5115 2020 5160 au-

369 5200 487 5256 tem
519 5187 899 5251 redeundum
935 5195 1024 5248 est
1055 5186 1126 5249 ad
1149 5205 1242 5262 ea,
1279 5205 1413 5269 quae
1446 5194 1920 5268 consequuntur.

2173 3304 2288 3384 λβ¹.
2331 3304 2517 3364 "Bome
2549 3305 2604 3363 δὲ
2635 3306 2798 3364 ταῦτα
2827 3311 2888 3367 οὒ
2945 3313 3281 3383 μιμησασθαι
3327 3312 3490 3387 μόνον
3519 3311 3744 3393 χαλεπὰ

2096 3400 2259 3472 εἶναι,
2294 3395 2432 3453 ἀλλὰ
2473 3397 2560 3454 καὶ
2616 3396 2913 3477 ἐπαινέσαι,
2969 3401 3054 3455 καὶ
3110 3398 3290 3463 καλῶς
3349 3403 3428 3476 τῷ
3476 3400 3623 3481 λόγῳ
3652 3401 3738 3460 δι-

2096 3485 2350 3552 εξελθεῖν,
2397 3487 2484 3552 Τίς
2539 3487 2640 3565 γὰρ
2683 3489 2770 3544 καὶ
2819 3488 3134 3566 Αἰγυπτίους
3194 3491 3330 3568 ὁρῶν
3360 3493 3433 3555 εἷς
3489 3491 3570 3548 ’ἑτι
3625 3505 3744 3558 τοῖς

2095 3575 2380 3654 ἐγκαινίοις
2439 3578 2570 3653 πρὸς
2627 3577 2727 3643 τὴν
2787 3586 2879 3636 τοῦ
2929 3577 3166 3656 μεγάλου
3200 3579 3365 3655 μονήν
3404 3579 3747 3662 ωρῤέοντας,

2095 3668 2193 3723 οὔκ
2247 3664 2541 3741 ἐπιλείψειν
2571 3664 2633 3721 ἂν
2665 3664 2718 3723 ἐν
2756 3667 2989 3740 τοσούτῳ
3033 3666 3224 3738 πλήθει
3280 3671 3413 3741 πρὸς
3459 3672 3624 3728 ποτόν
3681 3693 3746 3750 γε

2095 3756 2259 3832 μόνον
2285 3755 2550 3832 ἡγήσαιτο
2604 3755 2691 3811 καὶ
2733 3757 2800 3812 τὰ
2843 3761 3042 3836 φρέατα
3076 3775 3091 3832 ;
3146 3760 3206 3816 Ol
3236 3757 3290 3815 δὲ
3324 3759 3490 3826 οὕτως
3535 3762 3608 3826 εἷς
3639 3762 3744 3818 κό-

2099 3867 2187 3922 ροι
2246 3843 2578 3902 ἂπολαϐοῠσι
2643 3852 2750 3902 τῶν
2807 3847 3238 3928 παρακειμένων,
3301 3849 3439 3906 ὥστε
3483 3853 3568 3907 καὶ
3623 3863 3748 3913 τοῖς

2100 3933 2220 4010 μετ’
2251 3935 2438 3999 αὐτοὺς
2501 3933 2706 3991 ἐπιοῦσι
2736 3935 2802 3992 τὰ
2853 3935 3285 4012 ὑπολελειμμένα
3337 3940 3468 4019 πρὸς
3498 3939 3746 4014 δευτέραν

2098 4025 2283 4102 ἀρκεῖν
2333 4024 2594 4084 ἑστίασιν.
2669 4026 2752 4087 Τίς
2809 4025 2896 4081 οὖν
2948 4033 3113 4083 ταῦτα
3173 4027 3337 4108 μέχρι
3397 4030 3482 4085 καὶ
3541 4037 3631 4088 νῦν
3689 4028 3747 4089 ἰν

2099 4113 2284 4190 ἐρήμῳ
2326 4111 2753 4190 διαπραττόμενα
2811 4118 3070 4196 καθορῶν,
3123 4118 3218 4174 οὒκ
3273 4118 3418 4180 εὐθὺς
3479 4118 3748 4199 ἐχέγγυον

2103 4202 2202 4268 ἕξει
2257 4204 2358 4270 τὴν
2414 4204 2723 4282 μαρτυρίαν,
2771 4204 2845 4287 ὡς
2904 4207 2931 4260 ὁ
2975 4202 3060 4261 διὰ
3121 4205 3356 4272 Μωσέως
3410 4206 3496 4264 ἐπ’
3555 4207 3753 4287 ἐρημίᾳ

2102 4293 2358 4370 πρότερον
2443 4291 2734 4369 παράδοξον
2823 4284 3088 4372 Ἑϐραίοις
3164 4293 3441 4374 ὀμϐρήσας
3519 4284 3748 4378 τροφὴν,

2105 4383 2259 4444 αὖτὸς
2306 4384 2453 4445 οὗτος
2511 4383 2602 4439 καὶ
2663 4380 2750 4438 διὰ
2787 4381 3064 4440 Θεοδοσίου
3121 4385 3188 4440 τὰ
3230 4392 3319 4442 νῦν
3373 4383 3483 4465 (καὶ
3543 4389 3643 4466 γὰρ
3693 4389 3753 4444 έν

2104 4471 2313 4548 Χριστῷ
2339 4470 2435 4542 ζῇν
2466 4469 2797 4550 πιστεύεται)
2849 4473 2910 4528 τὸ
2952 4471 3091 4550 μέγα
3134 4479 3286 4530 τοῦτο
3329 4475 3415 4530 καὶ
3467 4476 3750 4534 θεσπέσιον

2102 4558 2336 4632 έκτελεϊ,
2395 4561 2483 4616 καὶ
2535 4559 2733 4638 τροφὴν
2763 4558 2978 4636 ἀνδράσι
3031 4563 3306 4627 τοσούτοις
3352 4566 3485 4621 κατᾶ
3531 4566 3591 4622 τὸ
3645 4564 3751 4621 δα-

2103 4648 2257 4727 ψιλὲς
2316 4661 2606 4729 χορηγεῖς
2675 4650 2773 4704 Διὰ
2823 4653 2989 4708 ταῦτα
3034 4653 3121 4708 καὶ
3179 4651 3411 4718 πολλοῦς
3442 4655 3570 4732 πρὸς
3599 4653 3752 4712 τόνδε

2102 4741 2194 4796 τὸν
2238 4739 2402 4795 τόπον
2435 4737 2572 4803 ἴδοις
2605 4738 3010 4820 ἐπειγομένους,
3043 4743 3200 4798 αὐτὸν
3254 4743 3498 4823 ἀτεχνῶς
3541 4743 3755 4802 ἐκεῖνον

2104 4833 2245 4886 εἶναι
2299 4828 2631 4908 νομίζοντας,
2665 4826 2747 4908 ἐρ’
2779 4830 2836 4886 ὃν
2871 4829 2966 4906 ἄρα
3024 4832 3110 4887 καὶ
3141 4834 3168 4888 ὅ
3201 4833 3396 4902 Σωτὴρ
3438 4833 3560 4897 τοὺς
3591 4832 3753 4892 πέντε

2101 4924 2353 4998 πρότερον
2385 4917 2568 4996 ἄρτους
2602 4916 2888 4996 εὖλόγησε,
2933 4921 3022 4976 καὶ
3073 4922 3330 5001 τοσαύτα,
3391 4920 3595 5002 ἀνδρῶν
3651 4948 3756 5004 χι-

2103 5006 2286 5069 λιάδας
2320 5008 2390 5068 εἷς
2443 5008 2602 5086 κόρον
2649 5007 2891 5085 ἔθρεψεν.
2939 5008 3107 5066 Ἀλλὰ
3159 5014 3247 5067 καὶ
3291 5017 3452 5069 ταῦτα
3513 5013 3612 5088 μὲν
3658 5013 3751 5071 οὔ·

2107 5119 2210 5163 τως
2244 5113 2257 5128 ·
2293 5098 2430 5172 ἡμῖν
2463 5094 2518 5152 δὲ
2548 5094 2651 5166 ἤδη
2683 5099 2814 5177 πρὸς
2845 5099 2909 5155 τὰ
2942 5097 3064 5166 ἑξῆς
3095 5098 3258 5156 πάλιν
3290 5101 3448 5163 ἰτέον,

1860 5317 2092 5378 CAPUT
2128 5317 2271 5377 VIII.

1169 5420 1354 5484 Varla
1383 5418 1846 5482 valetudinaria
1877 5425 2214 5483 exstructa.
2250 5417 2672 5499 Euergumcni
2702 5418 2967 5483 liberati.

423 5528 824 5601 33.Quoniam
839 5529 1000 5592 enim
1019 5528 1384 5611 praecipuum
1401 5525 1690 5590 indicium
1717 5525 2024 5590 charitatis

455 5645 509 5689 ¹²
536 5646 587 5710 ΙΙ
620 5652 772 5729 Reg.
806 5667 870 5729 ιι,
904 5649 1005 5718 30.
1093 5650 1144 5696 13
1175 5653 1325 5734 Reg.
1353 5664 1419 5717 It.

2187 5524 2306 5604 λγ’.
2352 5524 2504 5586 Ἐπεὶ
2534 5528 2634 5607 γὰρ
2665 5525 2862 5610 δεῖγμα
2892 5529 2950 5584 τὸ
2983 5528 3309 5608 κυριώτατον
3337 5529 3433 5599 τῆς
3485 5530 3615 5610 πρὸς
3660 5530 3754 5588 τὸν
