  <div class='ocr_page' id='page_1' title='image "/cluster/home/n/w/nwhite01/storage/ocr_20150623/114/hvd.32044073502254/256.png"; bbox 0 0 4094 6196; ppageno 0'>
   <div class='ocr_carea' id='block_1_1' title="bbox 311 219 427 286">
    <p class='ocr_par' dir='ltr' id='par_1_1' title="bbox 311 219 427 286">
     <span class='ocr_line' id='line_1_1' title="bbox 311 219 427 286; baseline 0 0"><span class='ocrx_word' id='word_1_1' title='bbox 311 219 427 286; x_wconf 83' lang='grc'><strong>501</strong></span> 
     </span>
    </p>
   </div>
   <div class='ocr_carea' id='block_1_2' title="bbox 1295 216 2699 304">
    <p class='ocr_par' dir='ltr' id='par_1_2' title="bbox 1295 216 2699 304">
     <span class='ocr_line' id='line_1_2' title="bbox 1295 216 2699 304; baseline -0.005 -20"><span class='ocrx_word' id='word_1_2' title='bbox 1295 217 1484 304; x_wconf 78' lang='lat' dir='ltr'><strong>VITA_</strong></span> <span class='ocrx_word' id='word_1_3' title='bbox 1525 220 1587 283; x_wconf 94' lang='lat' dir='ltr'><strong>S.</strong></span> <span class='ocrx_word' id='word_1_4' title='bbox 1636 216 2046 283; x_wconf 85' lang='lat' dir='ltr'><strong>THEODOSII</strong></span> <span class='ocrx_word' id='word_1_5' title='bbox 2087 216 2699 282; x_wconf 71' lang='lat' dir='ltr'><strong>C(ENOBIABCH/E.</strong></span> 
     </span>
    </p>
   </div>
   <div class='ocr_carea' id='block_1_3' title="bbox 3566 219 3683 289">
    <p class='ocr_par' dir='ltr' id='par_1_3' title="bbox 3566 219 3683 289">
     <span class='ocr_line' id='line_1_3' title="bbox 3566 219 3683 289; baseline 0 -1"><span class='ocrx_word' id='word_1_6' title='bbox 3566 219 3683 289; x_wconf 78' lang='lat'><strong>502</strong></span> 
     </span>
    </p>
   </div>
   <div class='ocr_carea' id='block_1_4' title="bbox 306 349 1970 439">
    <p class='ocr_par' dir='ltr' id='par_1_4' title="bbox 306 351 1955 438">
     <span class='ocr_line' id='line_1_4' title="bbox 306 351 1955 438; baseline -0.004 -23"><span class='ocrx_word' id='word_1_7' title='bbox 306 357 547 427; x_wconf 78' lang='grc' dir='ltr'><strong>πλησίον</strong></span> <span class='ocrx_word' id='word_1_8' title='bbox 618 356 833 438; x_wconf 78' lang='grc' dir='ltr'>ἀγάπης</span> <span class='ocrx_word' id='word_1_9' title='bbox 908 358 944 425; x_wconf 80' lang='grc' dir='ltr'>ἡ</span> <span class='ocrx_word' id='word_1_10' title='bbox 1014 356 1130 435; x_wconf 82' lang='grc' dir='ltr'>περὶ</span> <span class='ocrx_word' id='word_1_11' title='bbox 1198 354 1323 419; x_wconf 82' lang='grc' dir='ltr'>τοὺς</span> <span class='ocrx_word' id='word_1_12' title='bbox 1379 362 1660 419; x_wconf 75' lang='grc' dir='ltr'><strong>νοσοῦντας</strong></span> <span class='ocrx_word' id='word_1_13' title='bbox 1712 351 1955 429; x_wconf 85' lang='grc' dir='ltr'>κηδεμο-</span> 
     </span>
    </p>
   </div>
   <div class='ocr_carea' id='block_1_5' title="bbox 2055 349 3680 439">
    <p class='ocr_par' dir='ltr' id='par_1_5' title="bbox 2055 349 3680 439">
     <span class='ocr_line' id='line_1_5' title="bbox 2055 349 3680 439; baseline 0.006 -28"><span class='ocrx_word' id='word_1_14' title='bbox 2055 354 2099 411; x_wconf 76' lang='lat' dir='ltr'><strong>Ln</strong></span> <span class='ocrx_word' id='word_1_15' title='bbox 2116 349 2573 431; x_wconf 83' lang='lat' dir='ltr'><strong>proximum,est</strong></span> <span class='ocrx_word' id='word_1_16' title='bbox 2588 369 2733 413; x_wconf 91' lang='lat' dir='ltr'><strong>cura</strong></span> <span class='ocrx_word' id='word_1_17' title='bbox 2756 369 2886 432; x_wconf 83' lang='lat' dir='ltr'><strong>quae</strong></span> <span class='ocrx_word' id='word_1_18' title='bbox 2905 357 3131 431; x_wconf 79' lang='lat' dir='ltr'><strong>geritur</strong></span> <span class='ocrx_word' id='word_1_19' title='bbox 3151 357 3533 438; x_wconf 68' lang='lat' dir='ltr'><strong>aegrotorum;</strong></span> <span class='ocrx_word' id='word_1_20' title='bbox 3548 376 3680 439; x_wconf 76' lang='lat' dir='ltr'><strong>quae</strong></span> 
     </span>
    </p>
   </div>
   <div class='ocr_carea' id='block_1_6' title="bbox 307 439 1959 520">
    <p class='ocr_par' dir='ltr' id='par_1_6' title="bbox 307 439 1959 520">
     <span class='ocr_line' id='line_1_6' title="bbox 307 439 1959 520; baseline -0.001 -19"><span class='ocrx_word' id='word_1_21' title='bbox 307 446 423 520; x_wconf 89' lang='grc' dir='ltr'>νία,</span> <span class='ocrx_word' id='word_1_22' title='bbox 468 445 503 514; x_wconf 72' lang='grc' dir='ltr'><strong>ἦ</strong></span> <span class='ocrx_word' id='word_1_23' title='bbox 531 446 621 502; x_wconf 86' lang='grc' dir='ltr'><strong>καὶ</strong></span> <span class='ocrx_word' id='word_1_24' title='bbox 650 443 886 518; x_wconf 83' lang='grc' dir='ltr'>μάλιστα</span> <span class='ocrx_word' id='word_1_25' title='bbox 913 445 975 501; x_wconf 77' lang='grc' dir='ltr'>τὸ</span> <span class='ocrx_word' id='word_1_26' title='bbox 1007 444 1303 510; x_wconf 63' lang='grc' dir='ltr'>παθητικὸν</span> <span class='ocrx_word' id='word_1_27' title='bbox 1352 446 1510 518; x_wconf 80' lang='grc' dir='ltr'>ἡμῶν</span> <span class='ocrx_word' id='word_1_28' title='bbox 1560 439 1707 500; x_wconf 77' lang='grc' dir='ltr'>οἶδεν</span> <span class='ocrx_word' id='word_1_29' title='bbox 1761 441 1959 500; x_wconf 82' lang='grc' dir='ltr'>ἐκκαθ-</span> 
     </span>
    </p>
   </div>
   <div class='ocr_carea' id='block_1_7' title="bbox 307 530 1957 615">
    <p class='ocr_par' dir='ltr' id='par_1_7' title="bbox 307 530 1957 615">
     <span class='ocr_line' id='line_1_7' title="bbox 307 530 1957 615; baseline -0.004 -23"><span class='ocrx_word' id='word_1_30' title='bbox 307 536 549 611; x_wconf 83' lang='grc' dir='ltr'>αίρεσθαι</span> <span class='ocrx_word' id='word_1_31' title='bbox 598 540 698 603; x_wconf 81' lang='grc' dir='ltr'>τῆς</span> <span class='ocrx_word' id='word_1_32' title='bbox 743 540 952 615; x_wconf 71' lang='grc' dir='ltr'>ψυχῆς,</span> <span class='ocrx_word' id='word_1_33' title='bbox 1002 532 1084 589; x_wconf 80' lang='grc' dir='ltr'>ὅτι</span> <span class='ocrx_word' id='word_1_34' title='bbox 1129 530 1268 607; x_wconf 76' lang='grc' dir='ltr'>μηδὲ</span> <span class='ocrx_word' id='word_1_35' title='bbox 1312 532 1468 610; x_wconf 81' lang='grc' dir='ltr'>ἀρκεῖ</span> <span class='ocrx_word' id='word_1_36' title='bbox 1525 534 1656 610; x_wconf 82' lang='grc' dir='ltr'>πρὸς</span> <span class='ocrx_word' id='word_1_37' title='bbox 1686 532 1957 589; x_wconf 76' lang='grc' dir='ltr'><strong>τελείωσιν</strong></span> 
     </span>
    </p>
   </div>
   <div class='ocr_carea' id='block_1_8' title="bbox 307 620 1957 704">
    <p class='ocr_par' dir='ltr' id='par_1_8' title="bbox 307 620 1957 704">
     <span class='ocr_line' id='line_1_8' title="bbox 307 620 1957 704; baseline -0.003 -23"><span class='ocrx_word' id='word_1_38' title='bbox 307 629 377 682; x_wconf 75' lang='grc' dir='ltr'><strong>τὶ.</strong></span> <span class='ocrx_word' id='word_1_39' title='bbox 436 632 701 682; x_wconf 82' lang='grc' dir='ltr'>πεινῶντα</span> <span class='ocrx_word' id='word_1_40' title='bbox 743 625 933 704; x_wconf 79' lang='grc' dir='ltr'>θρέψαι</span> <span class='ocrx_word' id='word_1_41' title='bbox 984 625 1074 680; x_wconf 79' lang='grc' dir='ltr'><strong>τὸν</strong></span> <span class='ocrx_word' id='word_1_42' title='bbox 1107 621 1358 702; x_wconf 69' lang='grc' dir='ltr'>ἀδελφὸν,</span> <span class='ocrx_word' id='word_1_43' title='bbox 1389 624 1478 678; x_wconf 85' lang='grc' dir='ltr'><strong>καὶ</strong></span> <span class='ocrx_word' id='word_1_44' title='bbox 1509 623 1723 679; x_wconf 89' lang='grc' dir='ltr'>ποτίσαι</span> <span class='ocrx_word' id='word_1_45' title='bbox 1753 620 1957 698; x_wconf 76' lang='grc' dir='ltr'>διψῶν-</span> 
     </span>
    </p>
   </div>
   <div class='ocr_carea' id='block_1_9' title="bbox 307 711 1957 791">
    <p class='ocr_par' dir='ltr' id='par_1_9' title="bbox 307 711 1957 791">
     <span class='ocr_line' id='line_1_9' title="bbox 307 711 1957 791; baseline -0.002 -21"><span class='ocrx_word' id='word_1_46' title='bbox 307 736 404 787; x_wconf 86' lang='grc' dir='ltr'><strong>τα,</strong></span> <span class='ocrx_word' id='word_1_47' title='bbox 450 713 597 780; x_wconf 79' lang='grc' dir='ltr'>ξένον</span> <span class='ocrx_word' id='word_1_48' title='bbox 642 737 697 771; x_wconf 92' lang='grc' dir='ltr'><strong>τε</strong></span> <span class='ocrx_word' id='word_1_49' title='bbox 728 716 815 771; x_wconf 83' lang='grc' dir='ltr'><strong>καὶ</strong></span> <span class='ocrx_word' id='word_1_50' title='bbox 843 714 1043 791; x_wconf 73' lang='grc' dir='ltr'>γυμνὸν</span> <span class='ocrx_word' id='word_1_51' title='bbox 1095 711 1221 769; x_wconf 82' lang='grc' dir='ltr'>ὄντα</span> <span class='ocrx_word' id='word_1_52' title='bbox 1279 712 1659 768; x_wconf 76' lang='grc' dir='ltr'>εἰσοικίσασθαι</span> <span class='ocrx_word' id='word_1_53' title='bbox 1710 713 1799 768; x_wconf 85' lang='grc' dir='ltr'><strong>καὶ</strong></span> <span class='ocrx_word' id='word_1_54' title='bbox 1857 732 1957 768; x_wconf 87' lang='grc' dir='ltr'>πε-</span> 
     </span>
    </p>
   </div>
   <div class='ocr_carea' id='block_1_10' title="bbox 307 800 1962 884">
    <p class='ocr_par' dir='ltr' id='par_1_10' title="bbox 307 800 1962 884">
     <span class='ocr_line' id='line_1_10' title="bbox 307 800 1962 884; baseline -0.002 -24"><span class='ocrx_word' id='word_1_55' title='bbox 307 802 584 884; x_wconf 76' lang='grc' dir='ltr'>ριϐαλεῖν,</span> <span class='ocrx_word' id='word_1_56' title='bbox 617 804 755 861; x_wconf 84' lang='grc' dir='ltr'><strong>ἀλλά</strong></span> <span class='ocrx_word' id='word_1_57' title='bbox 785 805 916 874; x_wconf 76' lang='grc' dir='ltr'>πρὸς</span> <span class='ocrx_word' id='word_1_58' title='bbox 961 803 1170 867; x_wconf 76' lang='grc' dir='ltr'>τούτοις</span> <span class='ocrx_word' id='word_1_59' title='bbox 1214 801 1298 858; x_wconf 77' lang='grc' dir='ltr'><strong>δεῖ</strong></span> <span class='ocrx_word' id='word_1_60' title='bbox 1342 803 1427 859; x_wconf 77' lang='grc' dir='ltr'><strong>καὶ</strong></span> <span class='ocrx_word' id='word_1_61' title='bbox 1470 802 1835 881; x_wconf 76' lang='grc' dir='ltr'><strong>συμπάσχειν,</strong></span> <span class='ocrx_word' id='word_1_62' title='bbox 1869 800 1962 857; x_wconf 80' lang='grc' dir='ltr'><strong>ἵνα</strong></span> 
     </span>
    </p>
   </div>
   <div class='ocr_carea' id='block_1_11' title="bbox 307 889 1963 971">
    <p class='ocr_par' dir='ltr' id='par_1_11' title="bbox 307 889 1963 971">
     <span class='ocr_line' id='line_1_11' title="bbox 307 889 1963 971; baseline -0.001 -22"><span class='ocrx_word' id='word_1_63' title='bbox 307 896 392 971; x_wconf 75' lang='grc' dir='ltr'>μή</span> <span class='ocrx_word' id='word_1_64' title='bbox 423 896 486 951; x_wconf 82' lang='grc' dir='ltr'>τὸ</span> <span class='ocrx_word' id='word_1_65' title='bbox 535 893 701 951; x_wconf 78' lang='grc' dir='ltr'>καλὸν</span> <span class='ocrx_word' id='word_1_66' title='bbox 744 892 930 955; x_wconf 79' lang='grc' dir='ltr'>ἁπλῶς</span> <span class='ocrx_word' id='word_1_67' title='bbox 962 893 1147 968; x_wconf 86' lang='grc' dir='ltr'>μόνον,</span> <span class='ocrx_word' id='word_1_68' title='bbox 1196 891 1333 948; x_wconf 80' lang='grc' dir='ltr'>ἀλλὰ</span> <span class='ocrx_word' id='word_1_69' title='bbox 1375 893 1461 948; x_wconf 75' lang='grc' dir='ltr'>καὶ</span> <span class='ocrx_word' id='word_1_70' title='bbox 1510 889 1690 953; x_wconf 83' lang='grc' dir='ltr'>καλῶς</span> <span class='ocrx_word' id='word_1_71' title='bbox 1737 890 1963 969; x_wconf 86' lang='grc' dir='ltr'>γινόμε-</span> 
     </span>
    </p>
   </div>
   <div class='ocr_carea' id='block_1_12' title="bbox 317 980 1966 1064">
    <p class='ocr_par' dir='ltr' id='par_1_12' title="bbox 317 980 1966 1064">
     <span class='ocr_line' id='line_1_12' title="bbox 317 980 1966 1064; baseline -0.002 -24"><span class='ocrx_word' id='word_1_72' title='bbox 317 1007 414 1042; x_wconf 86' lang='grc' dir='ltr'><strong>νον</strong></span> <span class='ocrx_word' id='word_1_73' title='bbox 442 986 502 1061; x_wconf 66' lang='grc' dir='ltr'>ᾗ,</span> <span class='ocrx_word' id='word_1_74' title='bbox 537 985 670 1041; x_wconf 83' lang='grc' dir='ltr'><strong>κατά</strong></span> <span class='ocrx_word' id='word_1_75' title='bbox 716 987 900 1064; x_wconf 72' lang='grc' dir='ltr'>ψυχῆς</span> <span class='ocrx_word' id='word_1_76' title='bbox 945 980 1151 1050; x_wconf 77' lang='grc' dir='ltr'>δηλαδὴ</span> <span class='ocrx_word' id='word_1_77' title='bbox 1182 980 1435 1055; x_wconf 77' lang='grc' dir='ltr'>διάθεσιν,</span> <span class='ocrx_word' id='word_1_78' title='bbox 1496 980 1635 1038; x_wconf 82' lang='grc' dir='ltr'>ὥστε</span> <span class='ocrx_word' id='word_1_79' title='bbox 1685 981 1762 1057; x_wconf 79' lang='grc' dir='ltr'>μὴ</span> <span class='ocrx_word' id='word_1_80' title='bbox 1823 981 1966 1059; x_wconf 80' lang='grc' dir='ltr'>χειρὶ</span> 
     </span>
    </p>
   </div>
   <div class='ocr_carea' id='block_1_13' title="bbox 318 1068 1970 1152">
    <p class='ocr_par' dir='ltr' id='par_1_13' title="bbox 318 1068 1970 1152">
     <span class='ocr_line' id='line_1_13' title="bbox 318 1068 1970 1152; baseline -0.004 -20"><span class='ocrx_word' id='word_1_81' title='bbox 318 1074 513 1150; x_wconf 82' lang='grc' dir='ltr'>μόνον,</span> <span class='ocrx_word' id='word_1_82' title='bbox 550 1072 688 1131; x_wconf 78' lang='grc' dir='ltr'>ἀλλὰ</span> <span class='ocrx_word' id='word_1_83' title='bbox 715 1076 803 1129; x_wconf 86' lang='grc' dir='ltr'><strong>καὶ</strong></span> <span class='ocrx_word' id='word_1_84' title='bbox 832 1078 988 1152; x_wconf 74' lang='grc' dir='ltr'>ψυχῇ</span> <span class='ocrx_word' id='word_1_85' title='bbox 1038 1073 1129 1128; x_wconf 81' lang='grc' dir='ltr'>τὸν</span> <span class='ocrx_word' id='word_1_86' title='bbox 1176 1069 1326 1127; x_wconf 82' lang='grc' dir='ltr'>ἕλεον</span> <span class='ocrx_word' id='word_1_87' title='bbox 1359 1068 1746 1127; x_wconf 69' lang='grc' dir='ltr'>ἓπιδείκνυσθαι</span> <span class='ocrx_word' id='word_1_88' title='bbox 1779 1085 1793 1100; x_wconf 82' lang='grc'><strong>⁸</strong></span> <span class='ocrx_word' id='word_1_89' title='bbox 1848 1069 1970 1134; x_wconf 76' lang='grc' dir='ltr'>οἶος</span> 
     </span>
    </p>
   </div>
   <div class='ocr_carea' id='block_1_14' title="bbox 317 1158 1968 1244">
    <p class='ocr_par' dir='ltr' id='par_1_14' title="bbox 317 1158 1968 1244">
     <span class='ocr_line' id='line_1_14' title="bbox 317 1158 1968 1244; baseline -0.004 -23"><span class='ocrx_word' id='word_1_90' title='bbox 317 1167 413 1221; x_wconf 82' lang='grc' dir='ltr'>καὶ</span> <span class='ocrx_word' id='word_1_91' title='bbox 448 1165 570 1244; x_wconf 88' lang='grc' dir='ltr'>περί</span> <span class='ocrx_word' id='word_1_92' title='bbox 597 1169 753 1222; x_wconf 79' lang='grc' dir='ltr'>τοῦτ)</span> <span class='ocrx_word' id='word_1_93' title='bbox 780 1162 846 1230; x_wconf 79' lang='grc' dir='ltr'><strong>ἧν</strong></span> <span class='ocrx_word' id='word_1_94' title='bbox 891 1163 1123 1236; x_wconf 75' lang='grc' dir='ltr'>ἐκεῖνος,</span> <span class='ocrx_word' id='word_1_95' title='bbox 1160 1164 1186 1217; x_wconf 83' lang='grc' dir='ltr'>ὁ</span> <span class='ocrx_word' id='word_1_96' title='bbox 1217 1160 1377 1239; x_wconf 86' lang='grc' dir='ltr'>λόγος</span> <span class='ocrx_word' id='word_1_97' title='bbox 1430 1158 1535 1231; x_wconf 75' lang='grc' dir='ltr'><strong>ἤδη</strong></span> <span class='ocrx_word' id='word_1_98' title='bbox 1585 1158 1780 1228; x_wconf 80' lang='grc' dir='ltr'>δηλοῦν</span> <span class='ocrx_word' id='word_1_99' title='bbox 1837 1158 1968 1237; x_wconf 75' lang='grc' dir='ltr'>βοό-</span> 
     </span>
    </p>
   </div>
   <div class='ocr_carea' id='block_1_15' title="bbox 316 1246 1971 1333">
    <p class='ocr_par' dir='ltr' id='par_1_15' title="bbox 316 1246 1971 1333">
     <span class='ocr_line' id='line_1_15' title="bbox 316 1246 1971 1333; baseline -0.004 -22"><span class='ocrx_word' id='word_1_100' title='bbox 316 1253 500 1315; x_wconf 87' lang='grc' dir='ltr'>λεται.</span> <span class='ocrx_word' id='word_1_101' title='bbox 559 1263 715 1333; x_wconf 74' lang='grc' dir='ltr'>Τρεῖς</span> <span class='ocrx_word' id='word_1_102' title='bbox 759 1250 1119 1327; x_wconf 65' lang='grc' dir='ltr'>οἰκοδομήσας</span> <span class='ocrx_word' id='word_1_103' title='bbox 1165 1251 1374 1325; x_wconf 77' lang='grc' dir='ltr'>οἴκους,</span> <span class='ocrx_word' id='word_1_104' title='bbox 1435 1252 1527 1306; x_wconf 76' lang='grc' dir='ltr'>τὸν</span> <span class='ocrx_word' id='word_1_105' title='bbox 1588 1250 1685 1327; x_wconf 74' lang='grc' dir='ltr'>μὲν</span> <span class='ocrx_word' id='word_1_106' title='bbox 1728 1262 1847 1312; x_wconf 70' lang='grc' dir='ltr'>τοῖς</span> <span class='ocrx_word' id='word_1_107' title='bbox 1886 1246 1971 1304; x_wconf 79' lang='grc' dir='ltr'><strong>διὰ</strong></span> 
     </span>
    </p>
   </div>
   <div class='ocr_carea' id='block_1_16' title="bbox 319 1338 1967 1422">
    <p class='ocr_par' dir='ltr' id='par_1_16' title="bbox 319 1338 1967 1422">
     <span class='ocr_line' id='line_1_16' title="bbox 319 1338 1967 1422; baseline -0.005 -21"><span class='ocrx_word' id='word_1_108' title='bbox 319 1345 552 1422; x_wconf 75' lang='grc' dir='ltr'>Χριστὸν</span> <span class='ocrx_word' id='word_1_109' title='bbox 582 1344 818 1421; x_wconf 77' lang='grc' dir='ltr'>ἀζῦγοις,</span> <span class='ocrx_word' id='word_1_110' title='bbox 855 1341 1043 1416; x_wconf 77' lang='grc' dir='ltr'>κόσμῳ</span> <span class='ocrx_word' id='word_1_111' title='bbox 1071 1363 1129 1398; x_wconf 92' lang='grc' dir='ltr'><strong>τε</strong></span> <span class='ocrx_word' id='word_1_112' title='bbox 1194 1343 1539 1418; x_wconf 75' lang='grc' dir='ltr'>σταυρωθετσι</span> <span class='ocrx_word' id='word_1_113' title='bbox 1595 1341 1773 1413; x_wconf 78' lang='grc' dir='ltr'>παντὶ,</span> <span class='ocrx_word' id='word_1_114' title='bbox 1835 1338 1967 1407; x_wconf 70' lang='grc' dir='ltr'>πρὸς</span> 
     </span>
    </p>
   </div>
   <div class='ocr_carea' id='block_1_17' title="bbox 315 1429 1967 1508">
    <p class='ocr_par' dir='ltr' id='par_1_17' title="bbox 315 1429 1967 1508">
     <span class='ocr_line' id='line_1_17' title="bbox 315 1429 1967 1508; baseline -0.004 -17"><span class='ocrx_word' id='word_1_115' title='bbox 315 1436 425 1502; x_wconf 77' lang='grc' dir='ltr'>τὴν</span> <span class='ocrx_word' id='word_1_116' title='bbox 485 1433 540 1490; x_wconf 75' lang='grc' dir='ltr'>ἐν</span> <span class='ocrx_word' id='word_1_117' title='bbox 592 1432 879 1495; x_wconf 72' lang='grc' dir='ltr'>ἀσθενείαις</span> <span class='ocrx_word' id='word_1_118' title='bbox 909 1439 1004 1488; x_wconf 89' lang='grc' dir='ltr'><strong>τοῦ</strong></span> <span class='ocrx_word' id='word_1_119' title='bbox 1032 1431 1282 1506; x_wconf 80' lang='grc' dir='ltr'>σώματος</span> <span class='ocrx_word' id='word_1_120' title='bbox 1326 1430 1606 1508; x_wconf 75' lang='grc' dir='ltr'>θεραπείαν</span> <span class='ocrx_word' id='word_1_121' title='bbox 1637 1429 1920 1504; x_wconf 71' lang='grc' dir='ltr'>ἀπένειμεν</span> <span class='ocrx_word' id='word_1_122' title='bbox 1950 1448 1967 1468; x_wconf 78' lang='grc' dir='ltr'><strong>ο</strong></span> 
     </span>
    </p>
   </div>
   <div class='ocr_carea' id='block_1_18' title="bbox 318 1518 1967 1599">
    <p class='ocr_par' dir='ltr' id='par_1_18' title="bbox 318 1518 1967 1599">
     <span class='ocr_line' id='line_1_18' title="bbox 318 1518 1967 1599; baseline -0.004 -20"><span class='ocrx_word' id='word_1_123' title='bbox 318 1524 451 1580; x_wconf 76' lang='grc' dir='ltr'>εἶτα</span> <span class='ocrx_word' id='word_1_124' title='bbox 508 1525 630 1589; x_wconf 82' lang='grc' dir='ltr'>τοὺς</span> <span class='ocrx_word' id='word_1_125' title='bbox 663 1521 752 1578; x_wconf 76' lang='grc' dir='ltr'>δύο</span> <span class='ocrx_word' id='word_1_126' title='bbox 809 1534 928 1585; x_wconf 73' lang='grc' dir='ltr'>τοῖς</span> <span class='ocrx_word' id='word_1_127' title='bbox 970 1524 1026 1578; x_wconf 72' lang='grc' dir='ltr'>ὲν</span> <span class='ocrx_word' id='word_1_128' title='bbox 1079 1521 1269 1596; x_wconf 85' lang='grc' dir='ltr'>κόσμῳ</span> <span class='ocrx_word' id='word_1_129' title='bbox 1300 1526 1429 1591; x_wconf 80' lang='grc' dir='ltr'>ζῶσι</span> <span class='ocrx_word' id='word_1_130' title='bbox 1459 1522 1553 1576; x_wconf 85' lang='grc' dir='ltr'><strong>καί</strong></span> <span class='ocrx_word' id='word_1_131' title='bbox 1588 1518 1967 1599; x_wconf 73' lang='grc' dir='ltr'>στρεφομένοις</span> 
     </span>
    </p>
   </div>
   <div class='ocr_carea' id='block_1_19' title="bbox 317 1607 1967 1687">
    <p class='ocr_par' dir='ltr' id='par_1_19' title="bbox 317 1607 1967 1687">
     <span class='ocr_line' id='line_1_19' title="bbox 317 1607 1967 1687; baseline -0.003 -19"><span class='ocrx_word' id='word_1_132' title='bbox 317 1610 516 1686; x_wconf 76' lang='grc' dir='ltr'>ἀνῆκε,</span> <span class='ocrx_word' id='word_1_133' title='bbox 566 1611 882 1667; x_wconf 71' lang='grc' dir='ltr'>καὶτούτων</span> <span class='ocrx_word' id='word_1_134' title='bbox 928 1609 1099 1666; x_wconf 64' lang='grc' dir='ltr'>αὐτῶν</span> <span class='ocrx_word' id='word_1_135' title='bbox 1148 1611 1240 1666; x_wconf 78' lang='grc' dir='ltr'><strong>τὸν</strong></span> <span class='ocrx_word' id='word_1_136' title='bbox 1274 1610 1371 1683; x_wconf 70' lang='grc' dir='ltr'>μὲν</span> <span class='ocrx_word' id='word_1_137' title='bbox 1402 1621 1518 1669; x_wconf 77' lang='grc' dir='ltr'>τοῖς</span> <span class='ocrx_word' id='word_1_138' title='bbox 1555 1607 1967 1687; x_wconf 80' lang='grc' dir='ltr'>ὲπισημοτὲροις</span> 
     </span>
    </p>
   </div>
   <div class='ocr_carea' id='block_1_20' title="bbox 2042 439 3686 522">
    <p class='ocr_par' dir='ltr' id='par_1_20' title="bbox 2042 439 3686 522">
     <span class='ocr_line' id='line_1_20' title="bbox 2042 439 3686 522; baseline 0.005 -20"><span class='ocrx_word' id='word_1_139' title='bbox 2042 439 2219 502; x_wconf 78' lang='lat' dir='ltr'><strong>etiam</strong></span> <span class='ocrx_word' id='word_1_140' title='bbox 2247 441 2505 503; x_wconf 86' lang='lat' dir='ltr'><strong>maxime</strong></span> <span class='ocrx_word' id='word_1_141' title='bbox 2526 440 2687 501; x_wconf 89' lang='lat' dir='ltr'><strong>novit</strong></span> <span class='ocrx_word' id='word_1_142' title='bbox 2713 458 2966 520; x_wconf 84' lang='lat' dir='ltr'><strong>purgare</strong></span> <span class='ocrx_word' id='word_1_143' title='bbox 2988 440 3292 522; x_wconf 87' lang='lat' dir='ltr'><strong>patibilem</strong></span> <span class='ocrx_word' id='word_1_144' title='bbox 3324 454 3545 507; x_wconf 60' lang='lat' dir='ltr'><strong>nostra!</strong></span> <span class='ocrx_word' id='word_1_145' title='bbox 3558 448 3686 510; x_wconf 88' lang='lat' dir='ltr'><strong>ani-</strong></span> 
     </span>
    </p>
   </div>
   <div class='ocr_carea' id='block_1_21' title="bbox 2045 528 3689 615">
    <p class='ocr_par' dir='ltr' id='par_1_21' title="bbox 2045 528 3689 615">
     <span class='ocr_line' id='line_1_21' title="bbox 2045 528 3689 615; baseline 0.005 -24"><span class='ocrx_word' id='word_1_146' title='bbox 2045 547 2156 591; x_wconf 70' lang='lat' dir='ltr'><strong>mae</strong></span> <span class='ocrx_word' id='word_1_147' title='bbox 2178 529 2550 594; x_wconf 78' lang='lat' dir='ltr'><strong>facultatem:</strong></span> <span class='ocrx_word' id='word_1_148' title='bbox 2578 528 2861 611; x_wconf 90' lang='lat' dir='ltr'><strong>quoniam</strong></span> <span class='ocrx_word' id='word_1_149' title='bbox 2891 548 3010 591; x_wconf 92' lang='lat' dir='ltr'><strong>non</strong></span> <span class='ocrx_word' id='word_1_150' title='bbox 3034 531 3254 594; x_wconf 77' lang='lat' dir='ltr'><strong>sufficit</strong></span> <span class='ocrx_word' id='word_1_151' title='bbox 3272 533 3349 595; x_wconf 92' lang='lat' dir='ltr'><strong>ad</strong></span> <span class='ocrx_word' id='word_1_152' title='bbox 3369 536 3689 615; x_wconf 83' lang='lat' dir='ltr'><strong>perfectio-</strong></span> 
     </span>
    </p>
   </div>
   <div class='ocr_carea' id='block_1_22' title="bbox 2044 619 3690 702">
    <p class='ocr_par' dir='ltr' id='par_1_22' title="bbox 2044 619 3690 702">
     <span class='ocr_line' id='line_1_22' title="bbox 2044 619 3690 702; baseline 0.007 -23"><span class='ocrx_word' id='word_1_153' title='bbox 2044 637 2206 694; x_wconf 85' lang='lat' dir='ltr'><strong>nem,</strong></span> <span class='ocrx_word' id='word_1_154' title='bbox 2242 620 2489 682; x_wconf 84' lang='lat' dir='ltr'><strong>fratrem</strong></span> <span class='ocrx_word' id='word_1_155' title='bbox 2524 619 2754 681; x_wconf 90' lang='lat' dir='ltr'><strong>nutrire</strong></span> <span class='ocrx_word' id='word_1_156' title='bbox 2785 619 3180 694; x_wconf 76' lang='lat' dir='ltr'><strong>esurientem,</strong></span> <span class='ocrx_word' id='word_1_157' title='bbox 3215 630 3276 682; x_wconf 88' lang='lat' dir='ltr'><strong>et</strong></span> <span class='ocrx_word' id='word_1_158' title='bbox 3306 633 3511 702; x_wconf 90' lang='lat' dir='ltr'><strong>potum</strong></span> <span class='ocrx_word' id='word_1_159' title='bbox 3544 626 3690 691; x_wconf 88' lang='lat' dir='ltr'><strong>dare</strong></span> 
     </span>
    </p>
   </div>
   <div class='ocr_carea' id='block_1_23' title="bbox 2042 707 3685 790">
    <p class='ocr_par' dir='ltr' id='par_1_23' title="bbox 2042 707 3685 790">
     <span class='ocr_line' id='line_1_23' title="bbox 2042 707 3685 790; baseline 0.007 -21"><span class='ocrx_word' id='word_1_160' title='bbox 2042 707 2372 789; x_wconf 84' lang='lat' dir='ltr'><strong>sitienti,eo</strong></span> <span class='ocrx_word' id='word_1_161' title='bbox 2384 727 2562 790; x_wconf 88' lang='lat' dir='ltr'><strong>mque</strong></span> <span class='ocrx_word' id='word_1_162' title='bbox 2583 708 2680 790; x_wconf 87' lang='lat' dir='ltr'><strong>qui</strong></span> <span class='ocrx_word' id='word_1_163' title='bbox 2705 717 2795 771; x_wconf 90' lang='lat' dir='ltr'><strong>est</strong></span> <span class='ocrx_word' id='word_1_164' title='bbox 2810 709 3030 789; x_wconf 86' lang='lat' dir='ltr'><strong>hospes</strong></span> <span class='ocrx_word' id='word_1_165' title='bbox 3048 717 3106 769; x_wconf 91' lang='lat' dir='ltr'><strong>et</strong></span> <span class='ocrx_word' id='word_1_166' title='bbox 3127 710 3418 787; x_wconf 88' lang='lat' dir='ltr'><strong>nudus,in</strong></span> <span class='ocrx_word' id='word_1_167' title='bbox 3441 713 3685 779; x_wconf 90' lang='lat' dir='ltr'><strong>domum</strong></span> 
     </span>
    </p>
   </div>
   <div class='ocr_carea' id='block_1_24' title="bbox 2044 797 3690 886">
    <p class='ocr_par' dir='ltr' id='par_1_24' title="bbox 2044 797 3690 886">
     <span class='ocr_line' id='line_1_24' title="bbox 2044 797 3690 886; baseline 0.004 -27"><span class='ocrx_word' id='word_1_168' title='bbox 2044 797 2429 859; x_wconf 85' lang='lat' dir='ltr'><strong>introducere</strong></span> <span class='ocrx_word' id='word_1_169' title='bbox 2459 806 2515 860; x_wconf 90' lang='lat' dir='ltr'><strong>et</strong></span> <span class='ocrx_word' id='word_1_170' title='bbox 2544 799 2797 874; x_wconf 84' lang='lat' dir='ltr'><strong>vestire;</strong></span> <span class='ocrx_word' id='word_1_171' title='bbox 2832 798 2938 861; x_wconf 85' lang='lat' dir='ltr'><strong>sed</strong></span> <span class='ocrx_word' id='word_1_172' title='bbox 2973 805 3206 878; x_wconf 84' lang='lat' dir='ltr'><strong>oportet</strong></span> <span class='ocrx_word' id='word_1_173' title='bbox 3240 810 3529 881; x_wconf 87' lang='lat' dir='ltr'><strong>praeterea</strong></span> <span class='ocrx_word' id='word_1_174' title='bbox 3559 807 3690 886; x_wconf 85' lang='lat' dir='ltr'><strong>ejus</strong></span> 
     </span>
    </p>
   </div>
   <div class='ocr_carea' id='block_1_25' title="bbox 2044 888 3687 970">
    <p class='ocr_par' dir='ltr' id='par_1_25' title="bbox 2044 888 3687 970">
     <span class='ocr_line' id='line_1_25' title="bbox 2044 888 3687 970; baseline 0.005 -21"><span class='ocrx_word' id='word_1_175' title='bbox 2044 888 2221 949; x_wconf 90' lang='lat' dir='ltr'><strong>etiam</strong></span> <span class='ocrx_word' id='word_1_176' title='bbox 2255 907 2386 950; x_wconf 90' lang='lat' dir='ltr'><strong>cum</strong></span> <span class='ocrx_word' id='word_1_177' title='bbox 2426 896 2628 949; x_wconf 91' lang='lat' dir='ltr'><strong>mutuo</strong></span> <span class='ocrx_word' id='word_1_178' title='bbox 2648 888 2904 970; x_wconf 89' lang='lat' dir='ltr'><strong>quodam</strong></span> <span class='ocrx_word' id='word_1_179' title='bbox 2932 905 3114 950; x_wconf 84' lang='lat' dir='ltr'><strong>sensu</strong></span> <span class='ocrx_word' id='word_1_180' title='bbox 3149 889 3538 967; x_wconf 88' lang='lat' dir='ltr'><strong>misereri,ut</strong></span> <span class='ocrx_word' id='word_1_181' title='bbox 3567 913 3687 958; x_wconf 93' lang='lat' dir='ltr'><strong>non</strong></span> 
     </span>
    </p>
   </div>
   <div class='ocr_carea' id='block_1_26' title="bbox 2047 976 3691 1051">
    <p class='ocr_par' dir='ltr' id='par_1_26' title="bbox 2047 976 3691 1051">
     <span class='ocr_line' id='line_1_26' title="bbox 2047 976 3691 1051; baseline 0.004 -12"><span class='ocrx_word' id='word_1_182' title='bbox 2047 978 2124 1039; x_wconf 85' lang='lat' dir='ltr'><strong>sit</strong></span> <span class='ocrx_word' id='word_1_183' title='bbox 2145 977 2522 1039; x_wconf 83' lang='lat' dir='ltr'><strong>solummodo</strong></span> <span class='ocrx_word' id='word_1_184' title='bbox 2546 976 2909 1051; x_wconf 90' lang='lat' dir='ltr'><strong>bonum,sed</strong></span> <span class='ocrx_word' id='word_1_185' title='bbox 2929 977 3102 1039; x_wconf 87' lang='lat' dir='ltr'><strong>etiam</strong></span> <span class='ocrx_word' id='word_1_186' title='bbox 3137 976 3290 1040; x_wconf 89' lang='lat' dir='ltr'><strong>bene</strong></span> <span class='ocrx_word' id='word_1_187' title='bbox 3323 981 3531 1050; x_wconf 78' lang='lat' dir='ltr'><strong>ﬁat.ex</strong></span> <span class='ocrx_word' id='word_1_188' title='bbox 3564 985 3691 1045; x_wconf 86' lang='lat' dir='ltr'><strong>ani-</strong></span> 
     </span>
    </p>
   </div>
   <div class='ocr_carea' id='block_1_27' title="bbox 2053 1066 3687 1145">
    <p class='ocr_par' dir='ltr' id='par_1_27' title="bbox 2053 1066 3687 1145">
     <span class='ocr_line' id='line_1_27' title="bbox 2053 1066 3687 1145; baseline 0.005 -17"><span class='ocrx_word' id='word_1_189' title='bbox 2053 1084 2162 1128; x_wconf 62' lang='lat' dir='ltr'><strong>ma;</strong></span> <span class='ocrx_word' id='word_1_190' title='bbox 2184 1067 2416 1129; x_wconf 87' lang='lat' dir='ltr'><strong>scilicet</strong></span> <span class='ocrx_word' id='word_1_191' title='bbox 2436 1066 2786 1128; x_wconf 81' lang='lat' dir='ltr'><strong>affectione:</strong></span> <span class='ocrx_word' id='word_1_192' title='bbox 2814 1077 2881 1128; x_wconf 87' lang='lat' dir='ltr'><strong>ut</strong></span> <span class='ocrx_word' id='word_1_193' title='bbox 2902 1085 3019 1127; x_wconf 90' lang='lat' dir='ltr'><strong>non</strong></span> <span class='ocrx_word' id='word_1_194' title='bbox 3046 1084 3220 1130; x_wconf 91' lang='lat' dir='ltr'><strong>manu</strong></span> <span class='ocrx_word' id='word_1_195' title='bbox 3251 1068 3687 1145; x_wconf 91' lang='lat' dir='ltr'><strong>solum,verum</strong></span> 
     </span>
    </p>
   </div>
   <div class='ocr_carea' id='block_1_28' title="bbox 2053 1154 3691 1231">
    <p class='ocr_par' dir='ltr' id='par_1_28' title="bbox 2053 1154 3691 1231">
     <span class='ocr_line' id='line_1_28' title="bbox 2053 1154 3691 1231; baseline 0.005 -14"><span class='ocrx_word' id='word_1_196' title='bbox 2053 1156 2228 1217; x_wconf 85' lang='lat' dir='ltr'><strong>etiam</strong></span> <span class='ocrx_word' id='word_1_197' title='bbox 2253 1157 2448 1217; x_wconf 88' lang='lat' dir='ltr'><strong>anima</strong></span> <span class='ocrx_word' id='word_1_198' title='bbox 2471 1155 2743 1217; x_wconf 87' lang='lat' dir='ltr'><strong>ostendat</strong></span> <span class='ocrx_word' id='word_1_199' title='bbox 2763 1154 3474 1231; x_wconf 89' lang='lat' dir='ltr'><strong>misericordiam.Qualis</strong></span> <span class='ocrx_word' id='word_1_200' title='bbox 3491 1171 3691 1225; x_wconf 89' lang='lat' dir='ltr'><strong>autem</strong></span> 
     </span>
    </p>
   </div>
   <div class='ocr_carea' id='block_1_29' title="bbox 2052 1244 3689 1326">
    <p class='ocr_par' dir='ltr' id='par_1_29' title="bbox 2052 1244 3689 1326">
     <span class='ocr_line' id='line_1_29' title="bbox 2052 1244 3689 1326; baseline 0.004 -19"><span class='ocrx_word' id='word_1_201' title='bbox 2052 1244 2155 1308; x_wconf 90' lang='lat' dir='ltr'><strong>ille</strong></span> <span class='ocrx_word' id='word_1_202' title='bbox 2182 1254 2339 1307; x_wconf 90' lang='lat' dir='ltr'><strong>esset</strong></span> <span class='ocrx_word' id='word_1_203' title='bbox 2368 1245 2428 1307; x_wconf 91' lang='lat' dir='ltr'><strong>in</strong></span> <span class='ocrx_word' id='word_1_204' title='bbox 2456 1264 2524 1307; x_wconf 90' lang='lat' dir='ltr'><strong>ea</strong></span> <span class='ocrx_word' id='word_1_205' title='bbox 2556 1263 2643 1321; x_wconf 91' lang='lat' dir='ltr'><strong>re,</strong></span> <span class='ocrx_word' id='word_1_206' title='bbox 2672 1246 2794 1326; x_wconf 89' lang='lat' dir='ltr'><strong>jam</strong></span> <span class='ocrx_word' id='word_1_207' title='bbox 2828 1246 2948 1307; x_wconf 89' lang='lat' dir='ltr'><strong>vult</strong></span> <span class='ocrx_word' id='word_1_208' title='bbox 2978 1246 3289 1310; x_wconf 88' lang='lat' dir='ltr'><strong>declarare</strong></span> <span class='ocrx_word' id='word_1_209' title='bbox 3321 1251 3689 1316; x_wconf 88' lang='lat' dir='ltr'><strong>oratio.Cum</strong></span> 
     </span>
    </p>
   </div>
   <div class='ocr_carea' id='block_1_30' title="bbox 2054 1334 3691 1423">
    <p class='ocr_par' dir='ltr' id='par_1_30' title="bbox 2054 1334 3691 1423">
     <span class='ocr_line' id='line_1_30' title="bbox 2054 1334 3691 1423; baseline 0.005 -26"><span class='ocrx_word' id='word_1_210' title='bbox 2054 1344 2174 1399; x_wconf 92' lang='lat' dir='ltr'><strong>tres</strong></span> <span class='ocrx_word' id='word_1_211' title='bbox 2197 1340 2407 1398; x_wconf 89' lang='lat' dir='ltr'><strong>domos</strong></span> <span class='ocrx_word' id='word_1_212' title='bbox 2428 1334 2803 1416; x_wconf 65' lang='lat' dir='ltr'><strong>aediﬁcasset,</strong></span> <span class='ocrx_word' id='word_1_213' title='bbox 2835 1354 3015 1398; x_wconf 91' lang='lat' dir='ltr'><strong>unam</strong></span> <span class='ocrx_word' id='word_1_214' title='bbox 3042 1336 3285 1418; x_wconf 89' lang='lat' dir='ltr'><strong>quidem</strong></span> <span class='ocrx_word' id='word_1_215' title='bbox 3319 1340 3521 1423; x_wconf 90' lang='lat' dir='ltr'><strong>iis,qui</strong></span> <span class='ocrx_word' id='word_1_216' title='bbox 3548 1361 3691 1423; x_wconf 91' lang='lat' dir='ltr'><strong>pro-</strong></span> 
     </span>
    </p>
   </div>
   <div class='ocr_carea' id='block_1_31' title="bbox 2053 1424 3694 1506">
    <p class='ocr_par' dir='ltr' id='par_1_31' title="bbox 2053 1424 3694 1506">
     <span class='ocr_line' id='line_1_31' title="bbox 2053 1424 3694 1506; baseline 0.002 -17"><span class='ocrx_word' id='word_1_217' title='bbox 2053 1434 2187 1506; x_wconf 89' lang='lat' dir='ltr'><strong>pter</strong></span> <span class='ocrx_word' id='word_1_218' title='bbox 2231 1424 2530 1488; x_wconf 87' lang='lat' dir='ltr'><strong>Christum</strong></span> <span class='ocrx_word' id='word_1_219' title='bbox 2563 1432 2735 1486; x_wconf 86' lang='lat' dir='ltr'><strong>erant</strong></span> <span class='ocrx_word' id='word_1_220' title='bbox 2764 1426 3043 1504; x_wconf 87' lang='lat' dir='ltr'><strong>sejuncti,</strong></span> <span class='ocrx_word' id='word_1_221' title='bbox 3079 1434 3137 1486; x_wconf 91' lang='lat' dir='ltr'><strong>et</strong></span> <span class='ocrx_word' id='word_1_222' title='bbox 3168 1426 3276 1489; x_wconf 89' lang='lat' dir='ltr'><strong>toti</strong></span> <span class='ocrx_word' id='word_1_223' title='bbox 3308 1429 3530 1491; x_wconf 88' lang='lat' dir='ltr'><strong>mundo</strong></span> <span class='ocrx_word' id='word_1_224' title='bbox 3560 1446 3694 1493; x_wconf 86' lang='lat' dir='ltr'><strong>cru-</strong></span> 
     </span>
    </p>
   </div>
   <div class='ocr_carea' id='block_1_32' title="bbox 2051 1512 3691 1595">
    <p class='ocr_par' dir='ltr' id='par_1_32' title="bbox 2051 1512 3691 1595">
     <span class='ocr_line' id='line_1_32' title="bbox 2051 1512 3691 1595; baseline 0.004 -19"><span class='ocrx_word' id='word_1_225' title='bbox 2051 1515 2234 1589; x_wconf 78' lang='lat' dir='ltr'><strong>ciﬁxi,</strong></span> <span class='ocrx_word' id='word_1_226' title='bbox 2269 1513 2474 1575; x_wconf 84' lang='lat' dir='ltr'><strong>tribuit</strong></span> <span class='ocrx_word' id='word_1_227' title='bbox 2507 1512 2582 1575; x_wconf 88' lang='lat' dir='ltr'><strong>ad</strong></span> <span class='ocrx_word' id='word_1_228' title='bbox 2616 1532 2817 1575; x_wconf 88' lang='lat' dir='ltr'><strong>curam</strong></span> <span class='ocrx_word' id='word_1_229' title='bbox 2842 1514 3186 1595; x_wconf 89' lang='lat' dir='ltr'><strong>corporisin</strong></span> <span class='ocrx_word' id='word_1_230' title='bbox 3222 1517 3691 1583; x_wconf 90' lang='lat' dir='ltr'><strong>inﬁrmitatibus.</strong></span> 
     </span>
    </p>
   </div>
   <div class='ocr_carea' id='block_1_33' title="bbox 2052 1602 3695 1685">
    <p class='ocr_par' dir='ltr' id='par_1_33' title="bbox 2052 1602 3695 1685">
     <span class='ocr_line' id='line_1_33' title="bbox 2052 1602 3695 1685; baseline 0.002 -17"><span class='ocrx_word' id='word_1_231' title='bbox 2052 1604 2284 1668; x_wconf 84' lang='lat' dir='ltr'><strong>Deinde</strong></span> <span class='ocrx_word' id='word_1_232' title='bbox 2314 1604 2461 1666; x_wconf 88' lang='lat' dir='ltr'><strong>duas</strong></span> <span class='ocrx_word' id='word_1_233' title='bbox 2495 1602 2768 1684; x_wconf 85' lang='lat' dir='ltr'><strong>permisit</strong></span> <span class='ocrx_word' id='word_1_234' title='bbox 2817 1604 2909 1680; x_wconf 88' lang='lat' dir='ltr'><strong>iis,</strong></span> <span class='ocrx_word' id='word_1_235' title='bbox 2941 1604 3042 1685; x_wconf 88' lang='lat' dir='ltr'><strong>qui</strong></span> <span class='ocrx_word' id='word_1_236' title='bbox 3070 1604 3132 1667; x_wconf 89' lang='lat' dir='ltr'><strong>in</strong></span> <span class='ocrx_word' id='word_1_237' title='bbox 3166 1607 3389 1669; x_wconf 88' lang='lat' dir='ltr'><strong>mundo</strong></span> <span class='ocrx_word' id='word_1_238' title='bbox 3417 1608 3695 1672; x_wconf 84' lang='lat' dir='ltr'><strong>vivebant</strong></span> 
     </span>
    </p>
   </div>
   <div class='ocr_carea' id='block_1_34' title="bbox 319 1692 1970 1781">
    <p class='ocr_par' dir='ltr' id='par_1_34' title="bbox 319 1696 1966 1781">
     <span class='ocr_line' id='line_1_34' title="bbox 319 1696 1966 1781; baseline -0.003 -22"><span class='ocrx_word' id='word_1_239' title='bbox 319 1704 410 1759; x_wconf 78' lang='grc' dir='ltr'>καὶ</span> <span class='ocrx_word' id='word_1_240' title='bbox 464 1701 831 1781; x_wconf 82' lang='grc' dir='ltr'>σεμνοτέροις,</span> <span class='ocrx_word' id='word_1_241' title='bbox 890 1702 983 1757; x_wconf 77' lang='grc' dir='ltr'>τὸν</span> <span class='ocrx_word' id='word_1_242' title='bbox 1026 1697 1081 1755; x_wconf 74' lang='grc' dir='ltr'>δὲ</span> <span class='ocrx_word' id='word_1_243' title='bbox 1135 1711 1253 1763; x_wconf 80' lang='grc' dir='ltr'>τοῖς</span> <span class='ocrx_word' id='word_1_244' title='bbox 1307 1696 1695 1774; x_wconf 68' lang='grc' dir='ltr'>εὐτελεστέροις</span> <span class='ocrx_word' id='word_1_245' title='bbox 1742 1698 1828 1755; x_wconf 77' lang='grc' dir='ltr'><strong>καὶ</strong></span> <span class='ocrx_word' id='word_1_246' title='bbox 1871 1703 1966 1766; x_wconf 79' lang='grc' dir='ltr'>τῆς</span> 
     </span>
    </p>
   </div>
   <div class='ocr_carea' id='block_1_35' title="bbox 2055 1692 3690 1781">
    <p class='ocr_par' dir='ltr' id='par_1_35' title="bbox 2055 1692 3690 1777">
     <span class='ocr_line' id='line_1_35' title="bbox 2055 1692 3690 1777; baseline 0.004 -23"><span class='ocrx_word' id='word_1_247' title='bbox 2055 1705 2112 1754; x_wconf 92' lang='lat' dir='ltr'><strong>et</strong></span> <span class='ocrx_word' id='word_1_248' title='bbox 2140 1692 2531 1755; x_wconf 86' lang='lat' dir='ltr'><strong>versabantur</strong></span> <span class='ocrx_word' id='word_1_249' title='bbox 2565 1714 2579 1757; x_wconf 89' lang='lat'><strong>:</strong></span> <span class='ocrx_word' id='word_1_250' title='bbox 2615 1702 2672 1754; x_wconf 88' lang='lat' dir='ltr'><strong>et</strong></span> <span class='ocrx_word' id='word_1_251' title='bbox 2704 1712 2772 1753; x_wconf 88' lang='lat' dir='ltr'><strong>ex</strong></span> <span class='ocrx_word' id='word_1_252' title='bbox 2805 1693 2879 1754; x_wconf 90' lang='lat' dir='ltr'><strong>iis</strong></span> <span class='ocrx_word' id='word_1_253' title='bbox 2929 1692 3075 1773; x_wconf 87' lang='lat' dir='ltr'><strong>ipsis</strong></span> <span class='ocrx_word' id='word_1_254' title='bbox 3115 1713 3291 1756; x_wconf 88' lang='lat' dir='ltr'><strong>unam</strong></span> <span class='ocrx_word' id='word_1_255' title='bbox 3323 1696 3565 1777; x_wconf 89' lang='lat' dir='ltr'><strong>quidem</strong></span> <span class='ocrx_word' id='word_1_256' title='bbox 3593 1698 3690 1775; x_wconf 89' lang='lat' dir='ltr'><strong>iis,</strong></span> 
     </span>
    </p>
   </div>
   <div class='ocr_carea' id='block_1_36' title="bbox 319 1785 1972 1869">
    <p class='ocr_par' dir='ltr' id='par_1_36' title="bbox 319 1785 1972 1869">
     <span class='ocr_line' id='line_1_36' title="bbox 319 1785 1972 1869; baseline -0.004 -21"><span class='ocrx_word' id='word_1_257' title='bbox 319 1790 521 1869; x_wconf 61' lang='grc' dir='ltr'>ἑτέρω»</span> <span class='ocrx_word' id='word_1_258' title='bbox 580 1788 849 1866; x_wconf 74' lang='grc' dir='ltr'>δεομένοις</span> <span class='ocrx_word' id='word_1_259' title='bbox 922 1789 1250 1866; x_wconf 79' lang='grc' dir='ltr'>ἐπικουρίας,</span> <span class='ocrx_word' id='word_1_260' title='bbox 1314 1787 1481 1844; x_wconf 77' lang='grc' dir='ltr'><strong>Ἀλλά</strong></span> <span class='ocrx_word' id='word_1_261' title='bbox 1556 1789 1644 1844; x_wconf 81' lang='grc' dir='ltr'><strong>καὶ</strong></span> <span class='ocrx_word' id='word_1_262' title='bbox 1704 1799 1821 1851; x_wconf 69' lang='grc' dir='ltr'>τοῖς</span> <span class='ocrx_word' id='word_1_263' title='bbox 1881 1785 1972 1843; x_wconf 83' lang='grc' dir='ltr'>ὑπ’</span> 
     </span>
    </p>
   </div>
   <div class='ocr_carea' id='block_1_37' title="bbox 322 1876 1972 1960">
    <p class='ocr_par' dir='ltr' id='par_1_37' title="bbox 322 1876 1972 1960">
     <span class='ocr_line' id='line_1_37' title="bbox 322 1876 1972 1960; baseline -0.004 -22"><span class='ocrx_word' id='word_1_264' title='bbox 322 1882 489 1938; x_wconf 71' lang='grc' dir='ltr'>αὒτὸν</span> <span class='ocrx_word' id='word_1_265' title='bbox 549 1894 821 1960; x_wconf 72' lang='grc' dir='ltr'>μοναχοϊς</span> <span class='ocrx_word' id='word_1_266' title='bbox 880 1879 995 1935; x_wconf 82' lang='grc' dir='ltr'>ὅσοι</span> <span class='ocrx_word' id='word_1_267' title='bbox 1054 1879 1193 1956; x_wconf 70' lang='grc' dir='ltr'>γήρα</span> <span class='ocrx_word' id='word_1_268' title='bbox 1264 1879 1349 1933; x_wconf 83' lang='grc' dir='ltr'><strong>καὶ</strong></span> <span class='ocrx_word' id='word_1_269' title='bbox 1427 1883 1634 1955; x_wconf 83' lang='grc' dir='ltr'>μακρᾶς</span> <span class='ocrx_word' id='word_1_270' title='bbox 1693 1876 1972 1947; x_wconf 77' lang='grc' dir='ltr'>ἀσκήσεως</span> 
     </span>
    </p>
   </div>
   <div class='ocr_carea' id='block_1_38' title="bbox 317 1964 1974 2047">
    <p class='ocr_par' dir='ltr' id='par_1_38' title="bbox 317 1964 1974 2047">
     <span class='ocr_line' id='line_1_38' title="bbox 317 1964 1974 2047; baseline -0.004 -19"><span class='ocrx_word' id='word_1_271' title='bbox 317 1971 509 2035; x_wconf 83' lang='grc' dir='ltr'>πόνοις</span> <span class='ocrx_word' id='word_1_272' title='bbox 542 1971 641 2037; x_wconf 64' lang='grc' dir='ltr'>τὴν</span> <span class='ocrx_word' id='word_1_273' title='bbox 671 1976 777 2025; x_wconf 81' lang='grc' dir='ltr'><strong>τῶν</strong></span> <span class='ocrx_word' id='word_1_274' title='bbox 820 1967 1086 2044; x_wconf 75' lang='grc' dir='ltr'>σωμάτων</span> <span class='ocrx_word' id='word_1_275' title='bbox 1130 1968 1289 2047; x_wconf 75' lang='grc' dir='ltr'>ἰσχὺν</span> <span class='ocrx_word' id='word_1_276' title='bbox 1328 1966 1649 2033; x_wconf 71' lang='grc' dir='ltr'>ῥπολὲλυντο</span> <span class='ocrx_word' id='word_1_277' title='bbox 1701 1964 1823 2041; x_wconf 74' lang='grc' dir='ltr'>(ἔδει</span> <span class='ocrx_word' id='word_1_278' title='bbox 1873 1967 1974 2043; x_wconf 84' lang='grc' dir='ltr'><strong>γὰρ</strong></span> 
     </span>
    </p>
   </div>
   <div class='ocr_carea' id='block_1_39' title="bbox 319 2054 1973 2136">
    <p class='ocr_par' dir='ltr' id='par_1_39' title="bbox 319 2054 1973 2136">
     <span class='ocr_line' id='line_1_39' title="bbox 319 2054 1973 2136; baseline -0.004 -19"><span class='ocrx_word' id='word_1_279' title='bbox 319 2060 461 2135; x_wconf 79' lang='grc' dir='ltr'>μηδὲ</span> <span class='ocrx_word' id='word_1_280' title='bbox 494 2066 652 2117; x_wconf 81' lang='grc' dir='ltr'>τοῦτο</span> <span class='ocrx_word' id='word_1_281' title='bbox 675 2061 770 2123; x_wconf 76' lang='grc' dir='ltr'>τὰς</span> <span class='ocrx_word' id='word_1_282' title='bbox 816 2056 1095 2116; x_wconf 71' lang='grc' dir='ltr'>Θεοδοσίου</span> <span class='ocrx_word' id='word_1_283' title='bbox 1150 2054 1426 2136; x_wconf 59' lang='grc' dir='ltr'>φροντίδας</span> <span class='ocrx_word' id='word_1_284' title='bbox 1470 2054 1799 2136; x_wconf 69' lang='grc' dir='ltr'>διαφυγεῖν),</span> <span class='ocrx_word' id='word_1_285' title='bbox 1848 2057 1973 2112; x_wconf 79' lang='grc' dir='ltr'>τού-</span> 
     </span>
    </p>
   </div>
   <div class='ocr_carea' id='block_1_40' title="bbox 318 2146 1971 2224">
    <p class='ocr_par' dir='ltr' id='par_1_40' title="bbox 318 2146 1971 2224">
     <span class='ocr_line' id='line_1_40' title="bbox 318 2146 1971 2224; baseline -0.003 -17"><span class='ocrx_word' id='word_1_286' title='bbox 318 2164 441 2214; x_wconf 81' lang='grc' dir='ltr'>τοῖς</span> <span class='ocrx_word' id='word_1_287' title='bbox 492 2149 547 2205; x_wconf 81' lang='grc' dir='ltr'>ὲν</span> <span class='ocrx_word' id='word_1_288' title='bbox 595 2147 845 2220; x_wconf 75' lang='grc' dir='ltr'>ἰδιάζοντι</span> <span class='ocrx_word' id='word_1_289' title='bbox 902 2148 1053 2219; x_wconf 80' lang='grc' dir='ltr'>τόπῳ</span> <span class='ocrx_word' id='word_1_290' title='bbox 1108 2150 1384 2223; x_wconf 80' lang='grc' dir='ltr'>προσῆκον</span> <span class='ocrx_word' id='word_1_291' title='bbox 1435 2146 1741 2215; x_wconf 77' lang='grc' dir='ltr'>ἀναστήσας</span> <span class='ocrx_word' id='word_1_292' title='bbox 1799 2167 1971 2224; x_wconf 81' lang='grc' dir='ltr'>γηρο-</span> 
     </span>
    </p>
   </div>
   <div class='ocr_carea' id='block_1_41' title="bbox 319 2234 1977 2315">
    <p class='ocr_par' dir='ltr' id='par_1_41' title="bbox 319 2234 1977 2315">
     <span class='ocr_line' id='line_1_41' title="bbox 319 2234 1977 2315; baseline -0.002 -20"><span class='ocrx_word' id='word_1_293' title='bbox 319 2252 577 2315; x_wconf 74' lang='grc' dir='ltr'>κομεϊον,</span> <span class='ocrx_word' id='word_1_294' title='bbox 623 2240 697 2302; x_wconf 81' lang='grc' dir='ltr'><strong>εἰς</strong></span> <span class='ocrx_word' id='word_1_295' title='bbox 756 2236 933 2294; x_wconf 71' lang='grc' dir='ltr'>ἄνεσιν</span> <span class='ocrx_word' id='word_1_296' title='bbox 1004 2236 1191 2298; x_wconf 71' lang='grc' dir='ltr'>αὒτοτς</span> <span class='ocrx_word' id='word_1_297' title='bbox 1230 2235 1398 2314; x_wconf 67' lang='grc' dir='ltr'>ἐφῆκε</span> <span class='ocrx_word' id='word_1_298' title='bbox 1448 2234 1756 2313; x_wconf 85' lang='grc' dir='ltr'>πολημὲρου</span> <span class='ocrx_word' id='word_1_299' title='bbox 1809 2256 1977 2291; x_wconf 85' lang='grc' dir='ltr'>κακο-</span> 
     </span>
    </p>
   </div>
   <div class='ocr_carea' id='block_1_42' title="bbox 321 2324 1972 2403">
    <p class='ocr_par' dir='ltr' id='par_1_42' title="bbox 321 2324 1972 2403">
     <span class='ocr_line' id='line_1_42' title="bbox 321 2324 1972 2403; baseline -0.004 -17"><span class='ocrx_word' id='word_1_300' title='bbox 321 2330 571 2396; x_wconf 79' lang='grc' dir='ltr'>παθείας,</span> <span class='ocrx_word' id='word_1_301' title='bbox 632 2328 705 2393; x_wconf 79' lang='grc' dir='ltr'><strong>ὥς</strong></span> <span class='ocrx_word' id='word_1_302' title='bbox 782 2349 921 2383; x_wconf 89' lang='grc' dir='ltr'>τισιν</span> <span class='ocrx_word' id='word_1_303' title='bbox 991 2328 1216 2403; x_wconf 62' lang='grc' dir='ltr'>ἀγαθοῖς</span> <span class='ocrx_word' id='word_1_304' title='bbox 1275 2324 1575 2403; x_wconf 79' lang='grc' dir='ltr'>ὁδοιπόροις</span> <span class='ocrx_word' id='word_1_305' title='bbox 1635 2324 1694 2380; x_wconf 74' lang='grc' dir='ltr'>ἐκ</span> <span class='ocrx_word' id='word_1_306' title='bbox 1766 2329 1972 2401; x_wconf 83' lang='grc' dir='ltr'>μακρᾶς</span> 
     </span>
    </p>
   </div>
   <div class='ocr_carea' id='block_1_43' title="bbox 321 2412 1970 2497">
    <p class='ocr_par' dir='ltr' id='par_1_43' title="bbox 321 2412 1970 2497">
     <span class='ocr_line' id='line_1_43' title="bbox 321 2412 1970 2497; baseline -0.002 -22"><span class='ocrx_word' id='word_1_307' title='bbox 321 2416 447 2475; x_wconf 77' lang='grc' dir='ltr'>ὁδοῦ</span> <span class='ocrx_word' id='word_1_308' title='bbox 491 2417 586 2474; x_wconf 77' lang='grc' dir='ltr'>καὶ</span> <span class='ocrx_word' id='word_1_309' title='bbox 644 2418 902 2497; x_wconf 81' lang='grc' dir='ltr'>βραχείας</span> <span class='ocrx_word' id='word_1_310' title='bbox 958 2413 1062 2483; x_wconf 71' lang='grc' dir='ltr'><strong>ἤδη</strong></span> <span class='ocrx_word' id='word_1_311' title='bbox 1121 2420 1383 2489; x_wconf 82' lang='grc' dir='ltr'>καμοῦσιν</span> <span class='ocrx_word' id='word_1_312' title='bbox 1436 2415 1637 2471; x_wconf 72' lang='grc' dir='ltr'>οἰκεῖον</span> <span class='ocrx_word' id='word_1_313' title='bbox 1666 2412 1970 2489; x_wconf 83' lang='grc' dir='ltr'>κατάλυμα.</span> 
     </span>
    </p>
   </div>
   <div class='ocr_carea' id='block_1_44' title="bbox 322 2501 1972 2581">
    <p class='ocr_par' dir='ltr' id='par_1_44' title="bbox 322 2501 1972 2581">
     <span class='ocr_line' id='line_1_44' title="bbox 322 2501 1972 2581; baseline -0.005 -17"><span class='ocrx_word' id='word_1_314' title='bbox 322 2510 464 2581; x_wconf 79' lang='grc' dir='ltr'>Πρὸς</span> <span class='ocrx_word' id='word_1_315' title='bbox 527 2507 752 2581; x_wconf 75' lang='grc' dir='ltr'>τούτοις,</span> <span class='ocrx_word' id='word_1_316' title='bbox 824 2507 912 2562; x_wconf 79' lang='grc' dir='ltr'><strong>καὶ</strong></span> <span class='ocrx_word' id='word_1_317' title='bbox 970 2517 1325 2577; x_wconf 64' lang='grc' dir='ltr'>νοσοκομεϊον</span> <span class='ocrx_word' id='word_1_318' title='bbox 1398 2501 1578 2578; x_wconf 79' lang='grc' dir='ltr'>ἕτερον</span> <span class='ocrx_word' id='word_1_319' title='bbox 1637 2505 1781 2576; x_wconf 79' lang='grc' dir='ltr'>αὐτῷ</span> <span class='ocrx_word' id='word_1_320' title='bbox 1835 2523 1972 2557; x_wconf 85' lang='grc' dir='ltr'>κατ-</span> 
     </span>
    </p>
   </div>
   <div class='ocr_carea' id='block_1_45' title="bbox 322 2592 1974 2675">
    <p class='ocr_par' dir='ltr' id='par_1_45' title="bbox 322 2592 1974 2675">
     <span class='ocr_line' id='line_1_45' title="bbox 322 2592 1974 2675; baseline -0.005 -20"><span class='ocrx_word' id='word_1_321' title='bbox 322 2598 643 2675; x_wconf 74' lang='grc' dir='ltr'>εσκεύαστο,</span> <span class='ocrx_word' id='word_1_322' title='bbox 688 2596 754 2651; x_wconf 80' lang='grc' dir='ltr'><strong>τά</strong></span> <span class='ocrx_word' id='word_1_323' title='bbox 786 2601 884 2662; x_wconf 75' lang='grc' dir='ltr'>τῆς</span> <span class='ocrx_word' id='word_1_324' title='bbox 930 2593 1255 2668; x_wconf 68' lang='grc' dir='ltr'>συμπαθείαις</span> <span class='ocrx_word' id='word_1_325' title='bbox 1287 2592 1416 2670; x_wconf 81' lang='grc' dir='ltr'>ἔργα</span> <span class='ocrx_word' id='word_1_326' title='bbox 1470 2598 1538 2668; x_wconf 80' lang='grc' dir='ltr'><strong>τῇ</strong></span> <span class='ocrx_word' id='word_1_327' title='bbox 1584 2595 1856 2667; x_wconf 72' lang='grc' dir='ltr'>συμπαθεῖ</span> <span class='ocrx_word' id='word_1_328' title='bbox 1898 2597 1974 2665; x_wconf 84' lang='grc' dir='ltr'>τῷ</span> 
     </span>
    </p>
   </div>
   <div class='ocr_carea' id='block_1_46' title="bbox 322 2681 1972 2766">
    <p class='ocr_par' dir='ltr' id='par_1_46' title="bbox 322 2681 1972 2766">
     <span class='ocr_line' id='line_1_46' title="bbox 322 2681 1972 2766; baseline -0.004 -22"><span class='ocrx_word' id='word_1_329' title='bbox 322 2687 438 2744; x_wconf 82' lang='grc' dir='ltr'>ὄντι</span> <span class='ocrx_word' id='word_1_330' title='bbox 470 2689 560 2743; x_wconf 83' lang='grc' dir='ltr'><strong>καὶ</strong></span> <span class='ocrx_word' id='word_1_331' title='bbox 604 2683 964 2766; x_wconf 68' lang='grc' dir='ltr'>φιλανθρώπῳ</span> <span class='ocrx_word' id='word_1_332' title='bbox 992 2690 1149 2765; x_wconf 76' lang='grc' dir='ltr'>ψυχῇ</span> <span class='ocrx_word' id='word_1_333' title='bbox 1184 2703 1197 2715; x_wconf 89' lang='grc'><strong>·</strong></span> <span class='ocrx_word' id='word_1_334' title='bbox 1255 2684 1282 2738; x_wconf 84' lang='grc' dir='ltr'>ὃ</span> <span class='ocrx_word' id='word_1_335' title='bbox 1334 2683 1422 2739; x_wconf 82' lang='grc' dir='ltr'><strong>καὶ</strong></span> <span class='ocrx_word' id='word_1_336' title='bbox 1452 2681 1677 2759; x_wconf 85' lang='grc' dir='ltr'>δώρημα</span> <span class='ocrx_word' id='word_1_337' title='bbox 1719 2682 1972 2759; x_wconf 76' lang='grc' dir='ltr'>γυναικὸς</span> 
     </span>
    </p>
   </div>
   <div class='ocr_carea' id='block_1_47' title="bbox 323 2769 1971 2854">
    <p class='ocr_par' dir='ltr' id='par_1_47' title="bbox 323 2769 1971 2854">
     <span class='ocr_line' id='line_1_47' title="bbox 323 2769 1971 2854; baseline -0.002 -23"><span class='ocrx_word' id='word_1_338' title='bbox 323 2781 394 2846; x_wconf 75' lang='grc' dir='ltr'>ἦν</span> <span class='ocrx_word' id='word_1_339' title='bbox 437 2778 667 2851; x_wconf 86' lang='grc' dir='ltr'>κοσμίας</span> <span class='ocrx_word' id='word_1_340' title='bbox 726 2772 923 2854; x_wconf 77' lang='grc' dir='ltr'>σφόδρα</span> <span class='ocrx_word' id='word_1_341' title='bbox 981 2775 1071 2831; x_wconf 83' lang='grc' dir='ltr'><strong>καὶ</strong></span> <span class='ocrx_word' id='word_1_342' title='bbox 1120 2775 1213 2830; x_wconf 82' lang='grc' dir='ltr'>τὸν</span> <span class='ocrx_word' id='word_1_343' title='bbox 1261 2773 1458 2851; x_wconf 87' lang='grc' dir='ltr'>τρόπον</span> <span class='ocrx_word' id='word_1_344' title='bbox 1500 2770 1800 2851; x_wconf 74' lang='grc' dir='ltr'>θεοφιλοῦς,</span> <span class='ocrx_word' id='word_1_345' title='bbox 1854 2769 1971 2838; x_wconf 72' lang='grc' dir='ltr'>ἥτις</span> 
     </span>
    </p>
   </div>
   <div class='ocr_carea' id='block_1_48' title="bbox 321 2859 1969 2943">
    <p class='ocr_par' dir='ltr' id='par_1_48' title="bbox 321 2859 1969 2943">
     <span class='ocr_line' id='line_1_48' title="bbox 321 2859 1969 2943; baseline -0.004 -20"><span class='ocrx_word' id='word_1_346' title='bbox 321 2868 484 2924; x_wconf 72' lang='grc' dir='ltr'>αὖτὸν</span> <span class='ocrx_word' id='word_1_347' title='bbox 528 2864 843 2943; x_wconf 81' lang='grc' dir='ltr'>ἀγασαμένη</span> <span class='ocrx_word' id='word_1_348' title='bbox 885 2869 986 2931; x_wconf 77' lang='grc' dir='ltr'>τῆς</span> <span class='ocrx_word' id='word_1_349' title='bbox 1045 2864 1401 2940; x_wconf 86' lang='grc' dir='ltr'>ἀγαθότητος,</span> <span class='ocrx_word' id='word_1_350' title='bbox 1455 2861 1547 2918; x_wconf 88' lang='grc' dir='ltr'><strong>τόν</strong></span> <span class='ocrx_word' id='word_1_351' title='bbox 1577 2883 1633 2917; x_wconf 89' lang='grc' dir='ltr'><strong>τε</strong></span> <span class='ocrx_word' id='word_1_352' title='bbox 1666 2864 1817 2917; x_wconf 84' lang='grc' dir='ltr'>οἶκον</span> <span class='ocrx_word' id='word_1_353' title='bbox 1871 2859 1969 2935; x_wconf 79' lang='grc' dir='ltr'><strong>φέ-</strong></span> 
     </span>
    </p>
   </div>
   <div class='ocr_carea' id='block_1_49' title="bbox 320 2950 1966 3036">
    <p class='ocr_par' dir='ltr' id='par_1_49' title="bbox 320 2950 1966 3036">
     <span class='ocr_line' id='line_1_49' title="bbox 320 2950 1966 3036; baseline -0.004 -24"><span class='ocrx_word' id='word_1_354' title='bbox 320 2977 489 3036; x_wconf 79' lang='grc' dir='ltr'>ρουσα</span> <span class='ocrx_word' id='word_1_355' title='bbox 546 2961 634 3012; x_wconf 88' lang='grc' dir='ltr'>καὶ</span> <span class='ocrx_word' id='word_1_356' title='bbox 676 2954 870 3022; x_wconf 72' lang='grc' dir='ltr'>ἑαυτὴν</span> <span class='ocrx_word' id='word_1_357' title='bbox 931 2954 1023 3009; x_wconf 82' lang='grc' dir='ltr'><strong>σὺν</strong></span> <span class='ocrx_word' id='word_1_358' title='bbox 1066 2952 1178 3027; x_wconf 78' lang='grc' dir='ltr'>ἅμα</span> <span class='ocrx_word' id='word_1_359' title='bbox 1222 2952 1425 3014; x_wconf 76' lang='grc' dir='ltr'>τέκνοις</span> <span class='ocrx_word' id='word_1_360' title='bbox 1486 2950 1630 3025; x_wconf 69' lang='grc' dir='ltr'><strong>αὖτῷ</strong></span> <span class='ocrx_word' id='word_1_361' title='bbox 1667 2951 1966 3029; x_wconf 80' lang='grc' dir='ltr'>χαρίζεται,</span> 
     </span>
    </p>
   </div>
   <div class='ocr_carea' id='block_1_50' title="bbox 318 3039 2031 3123">
    <p class='ocr_par' dir='ltr' id='par_1_50' title="bbox 318 3039 2031 3123">
     <span class='ocr_line' id='line_1_50' title="bbox 318 3039 2031 3123; baseline -0.005 -20"><span class='ocrx_word' id='word_1_362' title='bbox 318 3045 513 3119; x_wconf 65' lang='grc' dir='ltr'>κόσμῳ</span> <span class='ocrx_word' id='word_1_363' title='bbox 557 3045 656 3120; x_wconf 71' lang='grc' dir='ltr'>μὲν</span> <span class='ocrx_word' id='word_1_364' title='bbox 712 3043 1118 3119; x_wconf 78' lang='grc' dir='ltr'>ἀποταξαμένη,</span> <span class='ocrx_word' id='word_1_365' title='bbox 1167 3049 1283 3117; x_wconf 88' lang='grc' dir='ltr'><strong>Θεῷ</strong></span> <span class='ocrx_word' id='word_1_366' title='bbox 1340 3039 1395 3098; x_wconf 74' lang='grc' dir='ltr'>δὲ</span> <span class='ocrx_word' id='word_1_367' title='bbox 1440 3039 1574 3107; x_wconf 84' lang='grc' dir='ltr'>ὅλην</span> <span class='ocrx_word' id='word_1_368' title='bbox 1608 3040 1801 3107; x_wconf 74' lang='grc' dir='ltr'>ἑαυτὴν</span> <span class='ocrx_word' id='word_1_369' title='bbox 1845 3039 2031 3123; x_wconf 66' lang='grc' dir='ltr'>ἐπι-ο</span> 
     </span>
    </p>
   </div>
   <div class='ocr_carea' id='block_1_51' title="bbox 319 3128 1970 3213">
    <p class='ocr_par' dir='ltr' id='par_1_51' title="bbox 319 3128 1970 3213">
     <span class='ocr_line' id='line_1_51' title="bbox 319 3128 1970 3213; baseline -0.004 -21"><span class='ocrx_word' id='word_1_370' title='bbox 319 3136 590 3213; x_wconf 79' lang='grc' dir='ltr'>τρέψασα,</span> <span class='ocrx_word' id='word_1_371' title='bbox 627 3136 714 3192; x_wconf 84' lang='grc' dir='ltr'><strong>καὶ</strong></span> <span class='ocrx_word' id='word_1_372' title='bbox 743 3133 834 3191; x_wconf 78' lang='grc' dir='ltr'><strong>ὑπ’</strong></span> <span class='ocrx_word' id='word_1_373' title='bbox 863 3133 1050 3208; x_wconf 70' lang='grc' dir='ltr'>ἐκείνῳ</span> <span class='ocrx_word' id='word_1_374' title='bbox 1105 3139 1202 3210; x_wconf 76' lang='grc' dir='ltr'>ζῇν</span> <span class='ocrx_word' id='word_1_375' title='bbox 1252 3133 1433 3194; x_wconf 75' lang='grc' dir='ltr'>αὖτοϊς</span> <span class='ocrx_word' id='word_1_376' title='bbox 1477 3130 1685 3194; x_wconf 84' lang='grc' dir='ltr'>τέκνοις</span> <span class='ocrx_word' id='word_1_377' title='bbox 1739 3128 1970 3209; x_wconf 84' lang='grc' dir='ltr'>προελο-</span> 
     </span>
    </p>
   </div>
   <div class='ocr_carea' id='block_1_52' title="bbox 323 3247 494 3303">
    <p class='ocr_par' dir='ltr' id='par_1_52' title="bbox 323 3247 494 3303">
     <span class='ocr_line' id='line_1_52' title="bbox 323 3247 494 3303; baseline 0.006 -22"><span class='ocrx_word' id='word_1_378' title='bbox 323 3247 494 3303; x_wconf 81' lang='grc' dir='ltr'>μενη.</span> 
     </span>
    </p>
   </div>
   <div class='ocr_carea' id='block_1_53' title="bbox 406 3484 1971 3569">
    <p class='ocr_par' dir='ltr' id='par_1_53' title="bbox 406 3484 1971 3569">
     <span class='ocr_line' id='line_1_53' title="bbox 406 3484 1971 3569; baseline -0.006 -19"><span class='ocrx_word' id='word_1_379' title='bbox 406 3492 512 3551; x_wconf 67' lang='grc' dir='ltr'><strong>λε’.</strong></span> <span class='ocrx_word' id='word_1_380' title='bbox 549 3490 699 3549; x_wconf 82' lang='grc' dir='ltr'>Ἀλλ’</span> <span class='ocrx_word' id='word_1_381' title='bbox 732 3491 760 3548; x_wconf 79' lang='grc' dir='ltr'>ὅ</span> <span class='ocrx_word' id='word_1_382' title='bbox 789 3513 848 3549; x_wconf 87' lang='grc' dir='ltr'><strong>τε</strong></span> <span class='ocrx_word' id='word_1_383' title='bbox 879 3488 1145 3565; x_wconf 75' lang='grc' dir='ltr'>σύμϐολον</span> <span class='ocrx_word' id='word_1_384' title='bbox 1177 3487 1571 3569; x_wconf 69' lang='grc' dir='ltr'>φιλανθρωπίαις</span> <span class='ocrx_word' id='word_1_385' title='bbox 1627 3486 1739 3543; x_wconf 63' lang='grc' dir='ltr'>ἔστῖ</span> <span class='ocrx_word' id='word_1_386' title='bbox 1785 3484 1971 3559; x_wconf 85' lang='grc' dir='ltr'>μείζο-</span> 
     </span>
    </p>
   </div>
   <div class='ocr_carea' id='block_1_54' title="bbox 327 3571 1977 3660">
    <p class='ocr_par' dir='ltr' id='par_1_54' title="bbox 327 3571 1977 3660">
     <span class='ocr_line' id='line_1_54' title="bbox 327 3571 1977 3660; baseline -0.007 -20"><span class='ocrx_word' id='word_1_387' title='bbox 327 3606 443 3659; x_wconf 87' lang='grc' dir='ltr'>νος,</span> <span class='ocrx_word' id='word_1_388' title='bbox 475 3583 594 3640; x_wconf 82' lang='grc' dir='ltr'>ὅσοι</span> <span class='ocrx_word' id='word_1_389' title='bbox 624 3584 724 3660; x_wconf 70' lang='grc' dir='ltr'><strong>γὰρ</strong></span> <span class='ocrx_word' id='word_1_390' title='bbox 756 3582 808 3638; x_wconf 80' lang='grc' dir='ltr'>ἐν</span> <span class='ocrx_word' id='word_1_391' title='bbox 840 3583 983 3659; x_wconf 79' lang='grc' dir='ltr'>ὄρεσι</span> <span class='ocrx_word' id='word_1_392' title='bbox 1027 3581 1116 3636; x_wconf 81' lang='grc' dir='ltr'><strong>καὶ</strong></span> <span class='ocrx_word' id='word_1_393' title='bbox 1160 3578 1447 3643; x_wconf 83' lang='grc' dir='ltr'>σπηλαίοις</span> <span class='ocrx_word' id='word_1_394' title='bbox 1493 3576 1591 3642; x_wconf 76' lang='grc' dir='ltr'>τὴν</span> <span class='ocrx_word' id='word_1_395' title='bbox 1637 3574 1855 3653; x_wconf 69' lang='grc' dir='ltr'>ἀγωγὴν</span> <span class='ocrx_word' id='word_1_396' title='bbox 1891 3571 1977 3628; x_wconf 78' lang='grc' dir='ltr'><strong>διὰ</strong></span> 
     </span>
    </p>
   </div>
   <div class='ocr_carea' id='block_1_55' title="bbox 325 3662 1978 3751">
    <p class='ocr_par' dir='ltr' id='par_1_55' title="bbox 325 3662 1978 3751">
     <span class='ocr_line' id='line_1_55' title="bbox 325 3662 1978 3751; baseline -0.008 -20"><span class='ocrx_word' id='word_1_397' title='bbox 325 3675 559 3751; x_wconf 77' lang='grc' dir='ltr'>Χριστὸν</span> <span class='ocrx_word' id='word_1_398' title='bbox 612 3672 737 3747; x_wconf 77' lang='grc' dir='ltr'>μὲν,</span> <span class='ocrx_word' id='word_1_399' title='bbox 782 3670 925 3736; x_wconf 77' lang='grc' dir='ltr'>πλὴν</span> <span class='ocrx_word' id='word_1_400' title='bbox 968 3669 1027 3725; x_wconf 68' lang='grc' dir='ltr'>οὗ</span> <span class='ocrx_word' id='word_1_401' title='bbox 1085 3667 1221 3725; x_wconf 62' lang='grc' dir='ltr'>κατα</span> <span class='ocrx_word' id='word_1_402' title='bbox 1262 3667 1486 3739; x_wconf 77' lang='grc' dir='ltr'>Χριστὸν</span> <span class='ocrx_word' id='word_1_403' title='bbox 1535 3663 1749 3721; x_wconf 73' lang='grc' dir='ltr'>ε’ίλοντο</span> <span class='ocrx_word' id='word_1_404' title='bbox 1796 3662 1978 3740; x_wconf 81' lang='grc' dir='ltr'>ἀλόγῳ</span> 
     </span>
    </p>
   </div>
   <div class='ocr_carea' id='block_1_56' title="bbox 325 3751 1975 3839">
    <p class='ocr_par' dir='ltr' id='par_1_56' title="bbox 325 3751 1975 3839">
     <span class='ocr_line' id='line_1_56' title="bbox 325 3751 1975 3839; baseline -0.008 -20"><span class='ocrx_word' id='word_1_405' title='bbox 325 3764 412 3820; x_wconf 75' lang='grc' dir='ltr'><strong>καὶ</strong></span> <span class='ocrx_word' id='word_1_406' title='bbox 473 3762 679 3839; x_wconf 80' lang='grc' dir='ltr'>ἀπαγεϊ</span> <span class='ocrx_word' id='word_1_407' title='bbox 733 3761 1022 3836; x_wconf 78' lang='grc' dir='ltr'>θερμότητι</span> <span class='ocrx_word' id='word_1_408' title='bbox 1073 3758 1169 3825; x_wconf 76' lang='grc' dir='ltr'><strong>τὴν</strong></span> <span class='ocrx_word' id='word_1_409' title='bbox 1222 3756 1451 3821; x_wconf 81' lang='grc' dir='ltr'>ἄσκησιν</span> <span class='ocrx_word' id='word_1_410' title='bbox 1480 3752 1849 3829; x_wconf 83' lang='grc' dir='ltr'>μετελθόντες,</span> <span class='ocrx_word' id='word_1_411' title='bbox 1884 3751 1975 3807; x_wconf 76' lang='grc' dir='ltr'>καὶ</span> 
     </span>
    </p>
   </div>
   <div class='ocr_carea' id='block_1_57' title="bbox 326 3843 1975 3926">
    <p class='ocr_par' dir='ltr' id='par_1_57' title="bbox 326 3843 1975 3926">
     <span class='ocr_line' id='line_1_57' title="bbox 326 3843 1975 3926; baseline -0.007 -17"><span class='ocrx_word' id='word_1_412' title='bbox 326 3857 428 3918; x_wconf 72' lang='grc' dir='ltr'>τῆς</span> <span class='ocrx_word' id='word_1_413' title='bbox 460 3852 561 3925; x_wconf 78' lang='grc' dir='ltr'>μὲν</span> <span class='ocrx_word' id='word_1_414' title='bbox 606 3849 936 3926; x_wconf 71' lang='grc' dir='ltr'>ἀνθρωπίνης</span> <span class='ocrx_word' id='word_1_415' title='bbox 980 3845 1247 3911; x_wconf 77' lang='grc' dir='ltr'>ἀσθενείας</span> <span class='ocrx_word' id='word_1_416' title='bbox 1292 3847 1379 3902; x_wconf 83' lang='grc' dir='ltr'><strong>καὶ</strong></span> <span class='ocrx_word' id='word_1_417' title='bbox 1436 3850 1543 3901; x_wconf 81' lang='grc' dir='ltr'><strong>τῶν</strong></span> <span class='ocrx_word' id='word_1_418' title='bbox 1598 3848 1692 3899; x_wconf 90' lang='grc' dir='ltr'><strong>τοῦ</strong></span> <span class='ocrx_word' id='word_1_419' title='bbox 1749 3843 1975 3919; x_wconf 76' lang='grc' dir='ltr'>Χριστοῦ</span> 
     </span>
    </p>
   </div>
   <div class='ocr_carea' id='block_1_58' title="bbox 321 3931 1973 4019">
    <p class='ocr_par' dir='ltr' id='par_1_58' title="bbox 321 3931 1973 4019">
     <span class='ocr_line' id='line_1_58' title="bbox 321 3931 1973 4019; baseline -0.007 -22"><span class='ocrx_word' id='word_1_420' title='bbox 321 3942 607 4019; x_wconf 72' lang='grc' dir='ltr'>ῥημάτων,</span> <span class='ocrx_word' id='word_1_421' title='bbox 666 3939 745 3995; x_wconf 77' lang='grc' dir='ltr'>ὄτι</span> <span class='ocrx_word' id='word_1_422' title='bbox 793 3939 872 4013; x_wconf 77' lang='grc' dir='ltr'>μὴ</span> <span class='ocrx_word' id='word_1_423' title='bbox 916 3939 1085 4017; x_wconf 77' lang='grc' dir='ltr'>χωρὶς</span> <span class='ocrx_word' id='word_1_424' title='bbox 1145 3935 1348 3991; x_wconf 76' lang='grc' dir='ltr'>ἐκείνου</span> <span class='ocrx_word' id='word_1_425' title='bbox 1408 3931 1670 4007; x_wconf 62' lang='grc' dir='ltr'>δυνάμεθά</span> <span class='ocrx_word' id='word_1_426' title='bbox 1700 3953 1749 3987; x_wconf 91' lang='grc' dir='ltr'><strong>τι</strong></span> <span class='ocrx_word' id='word_1_427' title='bbox 1793 3943 1973 4019; x_wconf 71' lang='grc' dir='ltr'>ποιεῖν</span> 
     </span>
    </p>
   </div>
   <div class='ocr_carea' id='block_1_59' title="bbox 322 4017 1971 4105">
    <p class='ocr_par' dir='ltr' id='par_1_59' title="bbox 322 4017 1971 4105">
     <span class='ocr_line' id='line_1_59' title="bbox 322 4017 1971 4105; baseline -0.008 -18"><span class='ocrx_word' id='word_1_428' title='bbox 322 4017 767 4102; x_wconf 62' lang='grc' dir='ltr'>ἓπιλελησμένοι,</span> <span class='ocrx_word' id='word_1_429' title='bbox 823 4025 969 4105; x_wconf 75' lang='grc' dir='ltr'>τύφῳ</span> <span class='ocrx_word' id='word_1_430' title='bbox 1003 4023 1058 4080; x_wconf 76' lang='grc' dir='ltr'>δὲ</span> <span class='ocrx_word' id='word_1_431' title='bbox 1101 4024 1311 4098; x_wconf 78' lang='grc' dir='ltr'>ματαίῳ</span> <span class='ocrx_word' id='word_1_432' title='bbox 1354 4020 1450 4077; x_wconf 71' lang='grc' dir='ltr'>καὶ</span> <span class='ocrx_word' id='word_1_433' title='bbox 1494 4021 1795 4099; x_wconf 77' lang='grc' dir='ltr'>φρονήματι</span> <span class='ocrx_word' id='word_1_434' title='bbox 1849 4017 1971 4074; x_wconf 79' lang='grc' dir='ltr'>δια-</span> 
     </span>
    </p>
   </div>
   <div class='ocr_carea' id='block_1_60' title="bbox 321 4106 1972 4191">
    <p class='ocr_par' dir='ltr' id='par_1_60' title="bbox 321 4106 1972 4191">
     <span class='ocr_line' id='line_1_60' title="bbox 321 4106 1972 4191; baseline -0.008 -16"><span class='ocrx_word' id='word_1_435' title='bbox 321 4118 466 4191; x_wconf 75' lang='grc' dir='ltr'>κένῳ</span> <span class='ocrx_word' id='word_1_436' title='bbox 508 4115 833 4187; x_wconf 73' lang='grc' dir='ltr'>πεισθέντες,</span> <span class='ocrx_word' id='word_1_437' title='bbox 879 4117 973 4170; x_wconf 80' lang='grc' dir='ltr'>καὶ</span> <span class='ocrx_word' id='word_1_438' title='bbox 1026 4113 1090 4170; x_wconf 75' lang='grc' dir='ltr'>τὰ</span> <span class='ocrx_word' id='word_1_439' title='bbox 1121 4109 1539 4189; x_wconf 81' lang='grc' dir='ltr'>κατορθωθέντα,</span> <span class='ocrx_word' id='word_1_440' title='bbox 1576 4108 1673 4188; x_wconf 58' lang='lat' dir='ltr'><strong>ipsi}</strong></span> <span class='ocrx_word' id='word_1_441' title='bbox 1706 4106 1720 4167; x_wconf 77' lang='grc' dir='ltr'><strong>ί</strong></span> <span class='ocrx_word' id='word_1_442' title='bbox 1758 4108 1972 4171; x_wconf 76' lang='grc' dir='ltr'>ἑαυτοῖς</span> 
     </span>
    </p>
   </div>
   <div class='ocr_carea' id='block_1_61' title="bbox 321 4196 1972 4284">
    <p class='ocr_par' dir='ltr' id='par_1_61' title="bbox 321 4196 1972 4284">
     <span class='ocr_line' id='line_1_61' title="bbox 321 4196 1972 4284; baseline -0.007 -21"><span class='ocrx_word' id='word_1_443' title='bbox 321 4207 722 4284; x_wconf 62' lang='grc' dir='ltr'>ἐπιγράψαντες</span> <span class='ocrx_word' id='word_1_444' title='bbox 776 4204 844 4283; x_wconf 80' lang='grc' dir='ltr'><strong>(ὢ</strong></span> <span class='ocrx_word' id='word_1_445' title='bbox 885 4209 991 4259; x_wconf 80' lang='grc' dir='ltr'>τῶν</span> <span class='ocrx_word' id='word_1_446' title='bbox 1044 4202 1188 4277; x_wconf 78' lang='grc' dir='ltr'>ἐμῶν</span> <span class='ocrx_word' id='word_1_447' title='bbox 1231 4199 1454 4259; x_wconf 77' lang='grc' dir='ltr'>κακῶνί</span> <span class='ocrx_word' id='word_1_448' title='bbox 1512 4199 1557 4256; x_wconf 83' lang='grc' dir='ltr'><strong>ὢ</strong></span> <span class='ocrx_word' id='word_1_449' title='bbox 1591 4200 1686 4265; x_wconf 81' lang='grc' dir='ltr'>τῆς</span> <span class='ocrx_word' id='word_1_450' title='bbox 1719 4196 1972 4278; x_wconf 72' lang='grc' dir='ltr'>χαλεπῆς</span> 
     </span>
    </p>
   </div>
   <div class='ocr_carea' id='block_1_62' title="bbox 325 4287 1973 4371">
    <p class='ocr_par' dir='ltr' id='par_1_62' title="bbox 325 4287 1973 4371">
     <span class='ocr_line' id='line_1_62' title="bbox 325 4287 1973 4371; baseline -0.007 -18"><span class='ocrx_word' id='word_1_451' title='bbox 325 4297 608 4371; x_wconf 78' lang='grc' dir='ltr'>ἀπονοίας,</span> <span class='ocrx_word' id='word_1_452' title='bbox 670 4294 705 4361; x_wconf 73' lang='grc' dir='ltr'><strong>ἢ</strong></span> <span class='ocrx_word' id='word_1_453' title='bbox 765 4293 991 4360; x_wconf 70' lang='grc' dir='ltr'>τάληθὲς</span> <span class='ocrx_word' id='word_1_454' title='bbox 1051 4293 1225 4348; x_wconf 78' lang='grc' dir='ltr'>εἰπεῖν</span> <span class='ocrx_word' id='word_1_455' title='bbox 1270 4288 1473 4356; x_wconf 80' lang='grc' dir='ltr'>μᾶλλον</span> <span class='ocrx_word' id='word_1_456' title='bbox 1519 4287 1697 4350; x_wconf 82' lang='grc' dir='ltr'>ἀνοίας</span> <span class='ocrx_word' id='word_1_457' title='bbox 1734 4291 1747 4346; x_wconf 91' lang='lat'><strong>!</strong></span> <span class='ocrx_word' id='word_1_458' title='bbox 1781 4288 1830 4343; x_wconf 88' lang='grc' dir='ltr'><strong>τί</strong></span> <span class='ocrx_word' id='word_1_459' title='bbox 1872 4288 1973 4365; x_wconf 81' lang='grc' dir='ltr'><strong>γὰρ</strong></span> 
     </span>
    </p>
   </div>
   <div class='ocr_carea' id='block_1_63' title="bbox 324 4377 1971 4461">
    <p class='ocr_par' dir='ltr' id='par_1_63' title="bbox 324 4377 1971 4461">
     <span class='ocr_line' id='line_1_63' title="bbox 324 4377 1971 4461; baseline -0.006 -19"><span class='ocrx_word' id='word_1_460' title='bbox 324 4386 424 4443; x_wconf 72' lang='grc' dir='ltr'><strong>καί</strong></span> <span class='ocrx_word' id='word_1_461' title='bbox 484 4383 692 4461; x_wconf 70' lang='grc' dir='ltr'>δράσειε</span> <span class='ocrx_word' id='word_1_462' title='bbox 754 4386 857 4439; x_wconf 80' lang='grc' dir='ltr'>τῶν</span> <span class='ocrx_word' id='word_1_463' title='bbox 916 4381 1095 4439; x_wconf 78' lang='grc' dir='ltr'>καλῶν</span> <span class='ocrx_word' id='word_1_464' title='bbox 1156 4380 1459 4452; x_wconf 75' lang='grc' dir='ltr'>ἀνθρωπίνη</span> <span class='ocrx_word' id='word_1_465' title='bbox 1526 4381 1675 4458; x_wconf 60' lang='grc' dir='ltr'>φύσις</span> <span class='ocrx_word' id='word_1_466' title='bbox 1718 4385 1813 4443; x_wconf 76' lang='grc' dir='ltr'><strong>τῆς</strong></span> <span class='ocrx_word' id='word_1_467' title='bbox 1873 4377 1971 4444; x_wconf 79' lang='grc' dir='ltr'>σῆς</span> 
     </span>
    </p>
   </div>
   <div class='ocr_carea' id='block_1_64' title="bbox 2055 1781 3697 1865">
    <p class='ocr_par' dir='ltr' id='par_1_64' title="bbox 2055 1781 3697 1865">
     <span class='ocr_line' id='line_1_64' title="bbox 2055 1781 3697 1865; baseline 0.004 -21"><span class='ocrx_word' id='word_1_468' title='bbox 2055 1784 2157 1865; x_wconf 91' lang='lat' dir='ltr'><strong>qui</strong></span> <span class='ocrx_word' id='word_1_469' title='bbox 2181 1791 2352 1845; x_wconf 89' lang='lat' dir='ltr'><strong>erant</strong></span> <span class='ocrx_word' id='word_1_470' title='bbox 2384 1783 2747 1864; x_wconf 82' lang='lat' dir='ltr'><strong>insigniores</strong></span> <span class='ocrx_word' id='word_1_471' title='bbox 2778 1791 2836 1844; x_wconf 95' lang='lat' dir='ltr'><strong>et</strong></span> <span class='ocrx_word' id='word_1_472' title='bbox 2866 1781 3267 1858; x_wconf 88' lang='lat' dir='ltr'><strong>honestiores;</strong></span> <span class='ocrx_word' id='word_1_473' title='bbox 3291 1785 3535 1849; x_wconf 88' lang='lat' dir='ltr'><strong>alteram</strong></span> <span class='ocrx_word' id='word_1_474' title='bbox 3555 1805 3697 1850; x_wconf 85' lang='lat' dir='ltr'><strong>vero</strong></span> 
     </span>
    </p>
   </div>
   <div class='ocr_carea' id='block_1_65' title="bbox 2056 1872 3699 1957">
    <p class='ocr_par' dir='ltr' id='par_1_65' title="bbox 2056 1872 3699 1957">
     <span class='ocr_line' id='line_1_65' title="bbox 2056 1872 3699 1957; baseline 0.002 -22"><span class='ocrx_word' id='word_1_475' title='bbox 2056 1874 2153 1945; x_wconf 91' lang='lat' dir='ltr'><strong>iis,</strong></span> <span class='ocrx_word' id='word_1_476' title='bbox 2186 1879 2283 1954; x_wconf 90' lang='lat' dir='ltr'><strong>qui</strong></span> <span class='ocrx_word' id='word_1_477' title='bbox 2330 1872 2761 1935; x_wconf 89' lang='lat' dir='ltr'><strong>erantviliores</strong></span> <span class='ocrx_word' id='word_1_478' title='bbox 2788 1881 2846 1934; x_wconf 89' lang='lat' dir='ltr'><strong>et</strong></span> <span class='ocrx_word' id='word_1_479' title='bbox 2877 1873 3291 1954; x_wconf 87' lang='lat' dir='ltr'><strong>pauperiores,</strong></span> <span class='ocrx_word' id='word_1_480' title='bbox 3326 1886 3385 1936; x_wconf 92' lang='lat' dir='ltr'><strong>et</strong></span> <span class='ocrx_word' id='word_1_481' title='bbox 3415 1876 3517 1956; x_wconf 91' lang='lat' dir='ltr'><strong>qui</strong></span> <span class='ocrx_word' id='word_1_482' title='bbox 3550 1894 3699 1957; x_wconf 82' lang='lat' dir='ltr'><strong>opus</strong></span> 
     </span>
    </p>
   </div>
   <div class='ocr_carea' id='block_1_66' title="bbox 2057 1961 3703 2035">
    <p class='ocr_par' dir='ltr' id='par_1_66' title="bbox 2057 1961 3703 2035">
     <span class='ocr_line' id='line_1_66' title="bbox 2057 1961 3703 2035; baseline 0.001 -10"><span class='ocrx_word' id='word_1_483' title='bbox 2057 1962 2359 2025; x_wconf 86' lang='lat' dir='ltr'><strong>habebant</strong></span> <span class='ocrx_word' id='word_1_484' title='bbox 2388 1963 2633 2025; x_wconf 88' lang='lat' dir='ltr'><strong>alterius</strong></span> <span class='ocrx_word' id='word_1_485' title='bbox 2661 1961 2909 2023; x_wconf 87' lang='lat' dir='ltr'><strong>auxilio.</strong></span> <span class='ocrx_word' id='word_1_486' title='bbox 2942 1962 3095 2035; x_wconf 90' lang='lat' dir='ltr'><strong>Quin</strong></span> <span class='ocrx_word' id='word_1_487' title='bbox 3127 1962 3307 2025; x_wconf 88' lang='lat' dir='ltr'><strong>etiam</strong></span> <span class='ocrx_word' id='word_1_488' title='bbox 3340 1964 3465 2026; x_wconf 86' lang='lat' dir='ltr'><strong>suis</strong></span> <span class='ocrx_word' id='word_1_489' title='bbox 3499 1983 3703 2027; x_wconf 88' lang='lat' dir='ltr'><strong>mona-</strong></span> 
     </span>
    </p>
   </div>
   <div class='ocr_carea' id='block_1_67' title="bbox 2057 2051 3701 2134">
    <p class='ocr_par' dir='ltr' id='par_1_67' title="bbox 2057 2051 3701 2134">
     <span class='ocr_line' id='line_1_67' title="bbox 2057 2051 3701 2134; baseline 0.002 -21"><span class='ocrx_word' id='word_1_490' title='bbox 2057 2051 2209 2125; x_wconf 90' lang='lat' dir='ltr'><strong>chis,</strong></span> <span class='ocrx_word' id='word_1_491' title='bbox 2243 2072 2497 2130; x_wconf 89' lang='lat' dir='ltr'><strong>quorum</strong></span> <span class='ocrx_word' id='word_1_492' title='bbox 2552 2061 2798 2134; x_wconf 90' lang='lat' dir='ltr'><strong>propter</strong></span> <span class='ocrx_word' id='word_1_493' title='bbox 2843 2051 3077 2113; x_wconf 86' lang='lat' dir='ltr'><strong>senium</strong></span> <span class='ocrx_word' id='word_1_494' title='bbox 3129 2059 3190 2115; x_wconf 90' lang='lat' dir='ltr'><strong>et</strong></span> <span class='ocrx_word' id='word_1_495' title='bbox 3240 2052 3476 2115; x_wconf 84' lang='lat' dir='ltr'><strong>labores</strong></span> <span class='ocrx_word' id='word_1_496' title='bbox 3506 2054 3701 2133; x_wconf 62' lang='lat' dir='ltr'><strong>longa;</strong></span> 
     </span>
    </p>
   </div>
   <div class='ocr_carea' id='block_1_68' title="bbox 2058 2140 3705 2224">
    <p class='ocr_par' dir='ltr' id='par_1_68' title="bbox 2058 2140 3705 2224">
     <span class='ocr_line' id='line_1_68' title="bbox 2058 2140 3705 2224; baseline 0.002 -22"><span class='ocrx_word' id='word_1_497' title='bbox 2058 2141 2509 2203; x_wconf 84' lang='lat' dir='ltr'><strong>exercitationis</strong></span> <span class='ocrx_word' id='word_1_498' title='bbox 2531 2141 2722 2202; x_wconf 90' lang='lat' dir='ltr'><strong>soluta</strong></span> <span class='ocrx_word' id='word_1_499' title='bbox 2744 2151 2872 2202; x_wconf 90' lang='lat' dir='ltr'><strong>erat</strong></span> <span class='ocrx_word' id='word_1_500' title='bbox 2901 2142 2984 2202; x_wconf 83' lang='lat' dir='ltr'><strong>vis</strong></span> <span class='ocrx_word' id='word_1_501' title='bbox 3010 2140 3705 2224; x_wconf 89' lang='lat' dir='ltr'><strong>membrorum(oporte-</strong></span> 
     </span>
    </p>
   </div>
   <div class='ocr_carea' id='block_1_69' title="bbox 2058 2229 3704 2309">
    <p class='ocr_par' dir='ltr' id='par_1_69' title="bbox 2058 2229 3704 2309">
     <span class='ocr_line' id='line_1_69' title="bbox 2058 2229 3704 2309; baseline 0.002 -18"><span class='ocrx_word' id='word_1_502' title='bbox 2058 2229 2157 2291; x_wconf 89' lang='lat' dir='ltr'><strong>bat</strong></span> <span class='ocrx_word' id='word_1_503' title='bbox 2177 2230 2335 2292; x_wconf 88' lang='lat' dir='ltr'><strong>enim</strong></span> <span class='ocrx_word' id='word_1_504' title='bbox 2364 2249 2437 2291; x_wconf 90' lang='lat' dir='ltr'><strong>ne</strong></span> <span class='ocrx_word' id='word_1_505' title='bbox 2457 2231 2571 2292; x_wconf 87' lang='lat' dir='ltr'><strong>hoc</strong></span> <span class='ocrx_word' id='word_1_506' title='bbox 2590 2229 2832 2307; x_wconf 87' lang='lat' dir='ltr'><strong>quidem</strong></span> <span class='ocrx_word' id='word_1_507' title='bbox 2856 2230 3118 2309; x_wconf 74' lang='lat' dir='ltr'><strong>effugere</strong></span> <span class='ocrx_word' id='word_1_508' title='bbox 3135 2229 3461 2294; x_wconf 88' lang='lat' dir='ltr'><strong>Theodosii</strong></span> <span class='ocrx_word' id='word_1_509' title='bbox 3484 2233 3704 2295; x_wconf 90' lang='lat' dir='ltr'><strong>sollici-</strong></span> 
     </span>
    </p>
   </div>
   <div class='ocr_carea' id='block_1_70' title="bbox 2056 2317 3703 2401">
    <p class='ocr_par' dir='ltr' id='par_1_70' title="bbox 2056 2317 3703 2401">
     <span class='ocr_line' id='line_1_70' title="bbox 2056 2317 3703 2401; baseline 0.003 -21"><span class='ocrx_word' id='word_1_510' title='bbox 2056 2320 2377 2401; x_wconf 88' lang='lat' dir='ltr'><strong>tudinem),</strong></span> <span class='ocrx_word' id='word_1_511' title='bbox 2406 2319 2480 2381; x_wconf 91' lang='lat' dir='ltr'><strong>iis</strong></span> <span class='ocrx_word' id='word_1_512' title='bbox 2511 2337 2647 2380; x_wconf 92' lang='lat' dir='ltr'><strong>cum</strong></span> <span class='ocrx_word' id='word_1_513' title='bbox 2681 2318 2743 2379; x_wconf 92' lang='lat' dir='ltr'><strong>in</strong></span> <span class='ocrx_word' id='word_1_514' title='bbox 2772 2317 2903 2380; x_wconf 92' lang='lat' dir='ltr'><strong>loco</strong></span> <span class='ocrx_word' id='word_1_515' title='bbox 2936 2328 3209 2401; x_wconf 90' lang='lat' dir='ltr'><strong>separato</strong></span> <span class='ocrx_word' id='word_1_516' title='bbox 3237 2329 3439 2401; x_wconf 87' lang='lat' dir='ltr'><strong>aptum</strong></span> <span class='ocrx_word' id='word_1_517' title='bbox 3473 2329 3703 2385; x_wconf 79' lang='lat' dir='ltr'><strong>exstru-</strong></span> 
     </span>
    </p>
   </div>
   <div class='ocr_carea' id='block_1_71' title="bbox 2056 2406 3699 2488">
    <p class='ocr_par' dir='ltr' id='par_1_71' title="bbox 2056 2406 3699 2488">
     <span class='ocr_line' id='line_1_71' title="bbox 2056 2406 3699 2488; baseline 0.001 -18"><span class='ocrx_word' id='word_1_518' title='bbox 2056 2409 2241 2470; x_wconf 81' lang='lat' dir='ltr'><strong>xisset</strong></span> <span class='ocrx_word' id='word_1_519' title='bbox 2261 2406 2845 2487; x_wconf 86' lang='lat' dir='ltr'><strong>gerontocomion,id</strong></span> <span class='ocrx_word' id='word_1_520' title='bbox 2869 2408 2956 2468; x_wconf 87' lang='lat' dir='ltr'><strong>eis</strong></span> <span class='ocrx_word' id='word_1_521' title='bbox 2981 2409 3255 2488; x_wconf 87' lang='lat' dir='ltr'><strong>permisit</strong></span> <span class='ocrx_word' id='word_1_522' title='bbox 3273 2411 3345 2471; x_wconf 92' lang='lat' dir='ltr'><strong>ad</strong></span> <span class='ocrx_word' id='word_1_523' title='bbox 3369 2412 3699 2473; x_wconf 87' lang='lat' dir='ltr'><strong>recreatio-</strong></span> 
     </span>
    </p>
   </div>
   <div class='ocr_carea' id='block_1_72' title="bbox 2060 2496 3697 2579">
    <p class='ocr_par' dir='ltr' id='par_1_72' title="bbox 2060 2496 3697 2579">
     <span class='ocr_line' id='line_1_72' title="bbox 2060 2496 3697 2579; baseline 0.002 -21"><span class='ocrx_word' id='word_1_524' title='bbox 2060 2516 2195 2559; x_wconf 86' lang='lat' dir='ltr'><strong>nem</strong></span> <span class='ocrx_word' id='word_1_525' title='bbox 2228 2497 2529 2558; x_wconf 83' lang='lat' dir='ltr'><strong>diuturnae</strong></span> <span class='ocrx_word' id='word_1_526' title='bbox 2558 2496 3211 2579; x_wconf 84' lang='lat' dir='ltr'><strong>aﬁlictionis,tanquam</strong></span> <span class='ocrx_word' id='word_1_527' title='bbox 3246 2497 3421 2560; x_wconf 89' lang='lat' dir='ltr'><strong>bonis</strong></span> <span class='ocrx_word' id='word_1_528' title='bbox 3451 2500 3697 2562; x_wconf 85' lang='lat' dir='ltr'><strong>viatori-</strong></span> 
     </span>
    </p>
   </div>
   <div class='ocr_carea' id='block_1_73' title="bbox 2058 2585 3697 2667">
    <p class='ocr_par' dir='ltr' id='par_1_73' title="bbox 2058 2585 3697 2667">
     <span class='ocr_line' id='line_1_73' title="bbox 2058 2585 3697 2667; baseline 0.002 -21"><span class='ocrx_word' id='word_1_529' title='bbox 2058 2586 2192 2658; x_wconf 85' lang='lat' dir='ltr'><strong>bus,</strong></span> <span class='ocrx_word' id='word_1_530' title='bbox 2224 2586 2405 2663; x_wconf 81' lang='lat' dir='ltr'><strong>longa</strong></span> <span class='ocrx_word' id='word_1_531' title='bbox 2434 2585 2531 2648; x_wconf 89' lang='lat' dir='ltr'><strong>via</strong></span> <span class='ocrx_word' id='word_1_532' title='bbox 2562 2593 2619 2646; x_wconf 90' lang='lat' dir='ltr'><strong>et</strong></span> <span class='ocrx_word' id='word_1_533' title='bbox 2647 2604 2861 2665; x_wconf 87' lang='lat' dir='ltr'><strong>aspera</strong></span> <span class='ocrx_word' id='word_1_534' title='bbox 2887 2586 3697 2667; x_wconf 85' lang='lat' dir='ltr'><strong>defessis,accommodatum</strong></span> 
     </span>
    </p>
   </div>
   <div class='ocr_carea' id='block_1_74' title="bbox 2057 2676 3698 2755">
    <p class='ocr_par' dir='ltr' id='par_1_74' title="bbox 2057 2676 3698 2755">
     <span class='ocr_line' id='line_1_74' title="bbox 2057 2676 3698 2755; baseline 0.001 -18"><span class='ocrx_word' id='word_1_535' title='bbox 2057 2676 2457 2738; x_wconf 90' lang='lat' dir='ltr'><strong>diversorum.</strong></span> <span class='ocrx_word' id='word_1_536' title='bbox 2492 2677 2790 2738; x_wconf 66' lang='lat' dir='ltr'><strong>Praeterea</strong></span> <span class='ocrx_word' id='word_1_537' title='bbox 2818 2682 3019 2738; x_wconf 88' lang='lat' dir='ltr'><strong>autem</strong></span> <span class='ocrx_word' id='word_1_538' title='bbox 3053 2676 3213 2738; x_wconf 89' lang='lat' dir='ltr'><strong>aliud</strong></span> <span class='ocrx_word' id='word_1_539' title='bbox 3247 2695 3491 2755; x_wconf 87' lang='lat' dir='ltr'><strong>quoque</strong></span> <span class='ocrx_word' id='word_1_540' title='bbox 3520 2677 3594 2740; x_wconf 92' lang='lat' dir='ltr'><strong>ab</strong></span> <span class='ocrx_word' id='word_1_541' title='bbox 3625 2696 3698 2740; x_wconf 90' lang='lat' dir='ltr'><strong>eo</strong></span> 
     </span>
    </p>
   </div>
   <div class='ocr_carea' id='block_1_75' title="bbox 2057 2765 3701 2847">
    <p class='ocr_par' dir='ltr' id='par_1_75' title="bbox 2057 2765 3701 2847">
     <span class='ocr_line' id='line_1_75' title="bbox 2057 2765 3701 2847; baseline 0.002 -20"><span class='ocrx_word' id='word_1_542' title='bbox 2057 2775 2465 2827; x_wconf 89' lang='lat' dir='ltr'><strong>constructum</strong></span> <span class='ocrx_word' id='word_1_543' title='bbox 2527 2773 2617 2827; x_wconf 89' lang='lat' dir='ltr'><strong>est</strong></span> <span class='ocrx_word' id='word_1_544' title='bbox 2668 2765 3071 2845; x_wconf 86' lang='lat' dir='ltr'><strong>noscomium,</strong></span> <span class='ocrx_word' id='word_1_545' title='bbox 3137 2784 3355 2847; x_wconf 87' lang='lat' dir='ltr'><strong>nempe</strong></span> <span class='ocrx_word' id='word_1_546' title='bbox 3409 2766 3484 2828; x_wconf 90' lang='lat' dir='ltr'><strong>ad</strong></span> <span class='ocrx_word' id='word_1_547' title='bbox 3516 2786 3701 2847; x_wconf 86' lang='lat' dir='ltr'><strong>opera</strong></span> 
     </span>
    </p>
   </div>
   <div class='ocr_carea' id='block_1_76' title="bbox 2057 2854 3700 2919">
    <p class='ocr_par' dir='ltr' id='par_1_76' title="bbox 2057 2854 3700 2919">
     <span class='ocr_line' id='line_1_76' title="bbox 2057 2854 3700 2919; baseline 0.002 -4"><span class='ocrx_word' id='word_1_548' title='bbox 2057 2854 2599 2917; x_wconf 89' lang='lat' dir='ltr'><strong>commiserationis</strong></span> <span class='ocrx_word' id='word_1_549' title='bbox 2656 2872 2795 2916; x_wconf 85' lang='lat' dir='ltr'><strong>vere</strong></span> <span class='ocrx_word' id='word_1_550' title='bbox 2853 2854 3248 2917; x_wconf 89' lang='lat' dir='ltr'><strong>misericorde</strong></span> <span class='ocrx_word' id='word_1_551' title='bbox 3295 2862 3355 2918; x_wconf 91' lang='lat' dir='ltr'><strong>et</strong></span> <span class='ocrx_word' id='word_1_552' title='bbox 3403 2856 3700 2919; x_wconf 91' lang='lat' dir='ltr'><strong>clemente</strong></span> 
     </span>
    </p>
   </div>
   <div class='ocr_carea' id='block_1_77' title="bbox 2055 2943 3696 3026">
    <p class='ocr_par' dir='ltr' id='par_1_77' title="bbox 2055 2943 3696 3026">
     <span class='ocr_line' id='line_1_77' title="bbox 2055 2943 3696 3026; baseline 0.001 -20"><span class='ocrx_word' id='word_1_553' title='bbox 2055 2945 2274 3006; x_wconf 90' lang='lat' dir='ltr'><strong>anima:</strong></span> <span class='ocrx_word' id='word_1_554' title='bbox 2305 2944 2464 3026; x_wconf 90' lang='lat' dir='ltr'><strong>quod</strong></span> <span class='ocrx_word' id='word_1_555' title='bbox 2496 2944 2675 3006; x_wconf 87' lang='lat' dir='ltr'><strong>etiam</strong></span> <span class='ocrx_word' id='word_1_556' title='bbox 2705 2952 2833 3006; x_wconf 91' lang='lat' dir='ltr'><strong>erat</strong></span> <span class='ocrx_word' id='word_1_557' title='bbox 2860 2943 3079 3006; x_wconf 83' lang='lat' dir='ltr'><strong>denum</strong></span> <span class='ocrx_word' id='word_1_558' title='bbox 3107 2944 3378 3007; x_wconf 89' lang='lat' dir='ltr'><strong>mulieris</strong></span> <span class='ocrx_word' id='word_1_559' title='bbox 3408 2963 3548 3007; x_wconf 91' lang='lat' dir='ltr'><strong>vere</strong></span> <span class='ocrx_word' id='word_1_560' title='bbox 3578 2947 3696 3008; x_wconf 79' lang='lat' dir='ltr'><strong>lio-</strong></span> 
     </span>
    </p>
   </div>
   <div class='ocr_carea' id='block_1_78' title="bbox 2057 3032 3697 3116">
    <p class='ocr_par' dir='ltr' id='par_1_78' title="bbox 2057 3032 3697 3116">
     <span class='ocr_line' id='line_1_78' title="bbox 2057 3032 3697 3116; baseline 0.002 -22"><span class='ocrx_word' id='word_1_561' title='bbox 2057 3042 2241 3095; x_wconf 69' lang='lat' dir='ltr'><strong>nesta:</strong></span> <span class='ocrx_word' id='word_1_562' title='bbox 2275 3032 2662 3111; x_wconf 89' lang='lat' dir='ltr'><strong>moribusque</strong></span> <span class='ocrx_word' id='word_1_563' title='bbox 2694 3034 2804 3114; x_wconf 64' lang='lat' dir='ltr'><strong>pia)</strong></span> <span class='ocrx_word' id='word_1_564' title='bbox 2845 3041 2903 3096; x_wconf 93' lang='lat' dir='ltr'><strong>et</strong></span> <span class='ocrx_word' id='word_1_565' title='bbox 2927 3033 3259 3113; x_wconf 62' lang='lat' dir='ltr'><strong>religiosas:</strong></span> <span class='ocrx_word' id='word_1_566' title='bbox 3293 3053 3426 3116; x_wconf 72' lang='lat' dir='ltr'><strong>quae</strong></span> <span class='ocrx_word' id='word_1_567' title='bbox 3456 3035 3697 3115; x_wconf 91' lang='lat' dir='ltr'><strong>quidem</strong></span> 
     </span>
    </p>
   </div>
   <div class='ocr_carea' id='block_1_79' title="bbox 2057 3122 3699 3205">
    <p class='ocr_par' dir='ltr' id='par_1_79' title="bbox 2057 3122 3699 3205">
     <span class='ocr_line' id='line_1_79' title="bbox 2057 3122 3699 3205; baseline 0.001 -20"><span class='ocrx_word' id='word_1_568' title='bbox 2057 3124 2192 3203; x_wconf 87' lang='lat' dir='ltr'><strong>ejus</strong></span> <span class='ocrx_word' id='word_1_569' title='bbox 2214 3124 2520 3185; x_wconf 87' lang='lat' dir='ltr'><strong>admirans</strong></span> <span class='ocrx_word' id='word_1_570' title='bbox 2551 3122 2900 3197; x_wconf 89' lang='lat' dir='ltr'><strong>bonitatem,</strong></span> <span class='ocrx_word' id='word_1_571' title='bbox 2935 3122 3305 3204; x_wconf 90' lang='lat' dir='ltr'><strong>domumque</strong></span> <span class='ocrx_word' id='word_1_572' title='bbox 3342 3132 3401 3186; x_wconf 90' lang='lat' dir='ltr'><strong>et</strong></span> <span class='ocrx_word' id='word_1_573' title='bbox 3430 3124 3699 3205; x_wconf 88' lang='lat' dir='ltr'><strong>seipsum</strong></span> 
     </span>
    </p>
   </div>
   <div class='ocr_carea' id='block_1_80' title="bbox 2055 3210 3696 3293">
    <p class='ocr_par' dir='ltr' id='par_1_80' title="bbox 2055 3210 3696 3293">
     <span class='ocr_line' id='line_1_80' title="bbox 2055 3210 3696 3293; baseline 0.001 -19"><span class='ocrx_word' id='word_1_574' title='bbox 2055 3230 2188 3274; x_wconf 91' lang='lat' dir='ltr'><strong>cum</strong></span> <span class='ocrx_word' id='word_1_575' title='bbox 2226 3210 2365 3274; x_wconf 88' lang='lat' dir='ltr'><strong>ﬁliis</strong></span> <span class='ocrx_word' id='word_1_576' title='bbox 2396 3217 2448 3273; x_wconf 88' lang='lat' dir='ltr'><strong>ei</strong></span> <span class='ocrx_word' id='word_1_577' title='bbox 2486 3213 2753 3290; x_wconf 84' lang='lat' dir='ltr'><strong>largitur,</strong></span> <span class='ocrx_word' id='word_1_578' title='bbox 2794 3212 3015 3275; x_wconf 91' lang='lat' dir='ltr'><strong>mundo</strong></span> <span class='ocrx_word' id='word_1_579' title='bbox 3045 3212 3286 3293; x_wconf 89' lang='lat' dir='ltr'><strong>quidem</strong></span> <span class='ocrx_word' id='word_1_580' title='bbox 3318 3214 3696 3289; x_wconf 88' lang='lat' dir='ltr'><strong>renuntians,</strong></span> 
     </span>
    </p>
   </div>
   <div class='ocr_carea' id='block_1_81' title="bbox 2056 3301 3700 3383">
    <p class='ocr_par' dir='ltr' id='par_1_81' title="bbox 2056 3301 3700 3383">
     <span class='ocr_line' id='line_1_81' title="bbox 2056 3301 3700 3383; baseline 0 -18"><span class='ocrx_word' id='word_1_581' title='bbox 2056 3303 2179 3365; x_wconf 90' lang='lat' dir='ltr'><strong>Deo</strong></span> <span class='ocrx_word' id='word_1_582' title='bbox 2209 3309 2410 3363; x_wconf 85' lang='lat' dir='ltr'><strong>autem</strong></span> <span class='ocrx_word' id='word_1_583' title='bbox 2445 3309 2625 3363; x_wconf 88' lang='lat' dir='ltr'><strong>totam</strong></span> <span class='ocrx_word' id='word_1_584' title='bbox 2680 3301 2941 3383; x_wconf 86' lang='lat' dir='ltr'><strong>seipsam</strong></span> <span class='ocrx_word' id='word_1_585' title='bbox 2988 3302 3373 3383; x_wconf 86' lang='lat' dir='ltr'><strong>permittens,</strong></span> <span class='ocrx_word' id='word_1_586' title='bbox 3409 3310 3469 3364; x_wconf 92' lang='lat' dir='ltr'><strong>et</strong></span> <span class='ocrx_word' id='word_1_587' title='bbox 3494 3302 3700 3365; x_wconf 88' lang='lat' dir='ltr'><strong>volens</strong></span> 
     </span>
    </p>
   </div>
   <div class='ocr_carea' id='block_1_82' title="bbox 2058 3390 2986 3456">
    <p class='ocr_par' dir='ltr' id='par_1_82' title="bbox 2058 3390 2986 3456">
     <span class='ocr_line' id='line_1_82' title="bbox 2058 3390 2986 3456; baseline 0.001 -4"><span class='ocrx_word' id='word_1_588' title='bbox 2058 3399 2119 3452; x_wconf 91' lang='lat' dir='ltr'><strong>ut</strong></span> <span class='ocrx_word' id='word_1_589' title='bbox 2150 3392 2242 3452; x_wconf 90' lang='lat' dir='ltr'><strong>sui</strong></span> <span class='ocrx_word' id='word_1_590' title='bbox 2272 3391 2376 3453; x_wconf 91' lang='lat' dir='ltr'><strong>ﬁlii</strong></span> <span class='ocrx_word' id='word_1_591' title='bbox 2410 3390 2524 3452; x_wconf 90' lang='lat' dir='ltr'><strong>sub</strong></span> <span class='ocrx_word' id='word_1_592' title='bbox 2559 3390 2667 3453; x_wconf 90' lang='lat' dir='ltr'><strong>illo</strong></span> <span class='ocrx_word' id='word_1_593' title='bbox 2699 3392 2986 3456; x_wconf 88' lang='lat' dir='ltr'><strong>viverent.</strong></span> 
     </span>
    </p>
   </div>
   <div class='ocr_carea' id='block_1_83' title="bbox 2098 3480 3701 3562">
    <p class='ocr_par' dir='ltr' id='par_1_83' title="bbox 2098 3480 3701 3562">
     <span class='ocr_line' id='line_1_83' title="bbox 2098 3480 3701 3562; baseline 0.004 -22"><span class='ocrx_word' id='word_1_594' title='bbox 2098 3480 2360 3553; x_wconf 72' lang='lat' dir='ltr'><strong>34.Quin</strong></span> <span class='ocrx_word' id='word_1_595' title='bbox 2382 3481 2756 3557; x_wconf 86' lang='lat' dir='ltr'><strong>etiam,quod</strong></span> <span class='ocrx_word' id='word_1_596' title='bbox 2785 3482 2973 3562; x_wconf 88' lang='lat' dir='ltr'><strong>majus</strong></span> <span class='ocrx_word' id='word_1_597' title='bbox 2996 3482 3336 3562; x_wconf 85' lang='lat' dir='ltr'><strong>estsignum</strong></span> <span class='ocrx_word' id='word_1_598' title='bbox 3359 3482 3701 3546; x_wconf 64' lang='lat' dir='ltr'><strong>clementia:</strong></span> 
     </span>
    </p>
   </div>
   <div class='ocr_carea' id='block_1_84' title="bbox 2058 3569 3700 3653">
    <p class='ocr_par' dir='ltr' id='par_1_84' title="bbox 2058 3569 3700 3653">
     <span class='ocr_line' id='line_1_84' title="bbox 2058 3569 3700 3653; baseline 0.001 -20"><span class='ocrx_word' id='word_1_599' title='bbox 2058 3576 2122 3633; x_wconf 86' lang='lat' dir='ltr'><strong>et</strong></span> <span class='ocrx_word' id='word_1_600' title='bbox 2139 3569 2896 3651; x_wconf 81' lang='lat' dir='ltr'><strong>henignitatis,quicunque</strong></span> <span class='ocrx_word' id='word_1_601' title='bbox 2918 3571 2978 3631; x_wconf 91' lang='lat' dir='ltr'><strong>in</strong></span> <span class='ocrx_word' id='word_1_602' title='bbox 3000 3572 3299 3634; x_wconf 89' lang='lat' dir='ltr'><strong>montibus</strong></span> <span class='ocrx_word' id='word_1_603' title='bbox 3319 3583 3380 3635; x_wconf 93' lang='lat' dir='ltr'><strong>et</strong></span> <span class='ocrx_word' id='word_1_604' title='bbox 3396 3573 3700 3653; x_wconf 67' lang='lat' dir='ltr'><strong>speluncis</strong></span> 
     </span>
    </p>
   </div>
   <div class='ocr_carea' id='block_1_85' title="bbox 2060 3658 3704 3740">
    <p class='ocr_par' dir='ltr' id='par_1_85' title="bbox 2060 3658 3704 3740">
     <span class='ocr_line' id='line_1_85' title="bbox 2060 3658 3704 3740; baseline 0.001 -19"><span class='ocrx_word' id='word_1_605' title='bbox 2060 3659 2283 3739; x_wconf 84' lang='lat' dir='ltr'><strong>degere</strong></span> <span class='ocrx_word' id='word_1_606' title='bbox 2305 3658 2548 3740; x_wconf 86' lang='lat' dir='ltr'><strong>quidem</strong></span> <span class='ocrx_word' id='word_1_607' title='bbox 2580 3666 2822 3739; x_wconf 83' lang='lat' dir='ltr'><strong>prOpter</strong></span> <span class='ocrx_word' id='word_1_608' title='bbox 2839 3659 3276 3734; x_wconf 89' lang='lat' dir='ltr'><strong>Christum,sed</strong></span> <span class='ocrx_word' id='word_1_609' title='bbox 3302 3680 3418 3722; x_wconf 90' lang='lat' dir='ltr'><strong>non</strong></span> <span class='ocrx_word' id='word_1_610' title='bbox 3441 3681 3512 3722; x_wconf 83' lang='lat' dir='ltr'><strong>ex</strong></span> <span class='ocrx_word' id='word_1_611' title='bbox 3536 3660 3704 3724; x_wconf 88' lang='lat' dir='ltr'><strong>Chri-</strong></span> 
     </span>
    </p>
   </div>
   <div class='ocr_carea' id='block_1_86' title="bbox 2062 3746 3698 3827">
    <p class='ocr_par' dir='ltr' id='par_1_86' title="bbox 2062 3746 3698 3827">
     <span class='ocr_line' id='line_1_86' title="bbox 2062 3746 3698 3827; baseline 0.002 -18"><span class='ocrx_word' id='word_1_612' title='bbox 2062 3757 2177 3822; x_wconf 90' lang='lat' dir='ltr'><strong>sto,</strong></span> <span class='ocrx_word' id='word_1_613' title='bbox 2211 3746 3005 3827; x_wconf 84' lang='lat' dir='ltr'><strong>elegerant,incousiderato</strong></span> <span class='ocrx_word' id='word_1_614' title='bbox 3036 3757 3093 3808; x_wconf 86' lang='lat' dir='ltr'><strong>et</strong></span> <span class='ocrx_word' id='word_1_615' title='bbox 3126 3768 3241 3809; x_wconf 91' lang='lat' dir='ltr'><strong>non</strong></span> <span class='ocrx_word' id='word_1_616' title='bbox 3273 3749 3470 3811; x_wconf 89' lang='lat' dir='ltr'><strong>stabili</strong></span> <span class='ocrx_word' id='word_1_617' title='bbox 3494 3751 3698 3813; x_wconf 88' lang='lat' dir='ltr'><strong>calore</strong></span> 
     </span>
    </p>
   </div>
   <div class='ocr_carea' id='block_1_87' title="bbox 2056 3835 3699 3917">
    <p class='ocr_par' dir='ltr' id='par_1_87' title="bbox 2056 3835 3699 3917">
     <span class='ocr_line' id='line_1_87' title="bbox 2056 3835 3699 3917; baseline 0.001 -19"><span class='ocrx_word' id='word_1_618' title='bbox 2056 3837 2246 3900; x_wconf 87' lang='lat' dir='ltr'><strong>secuti</strong></span> <span class='ocrx_word' id='word_1_619' title='bbox 2271 3836 2850 3910; x_wconf 83' lang='lat' dir='ltr'><strong>exercitationem,ei</strong></span> <span class='ocrx_word' id='word_1_620' title='bbox 2872 3836 3403 3917; x_wconf 69' lang='lat' dir='ltr'><strong>humanaequidem</strong></span> <span class='ocrx_word' id='word_1_621' title='bbox 3428 3835 3699 3899; x_wconf 88' lang='lat' dir='ltr'><strong>imbecil-</strong></span> 
     </span>
    </p>
   </div>
   <div class='ocr_carea' id='block_1_88' title="bbox 2056 3924 3699 4006">
    <p class='ocr_par' dir='ltr' id='par_1_88' title="bbox 2056 3924 3699 4006">
     <span class='ocr_line' id='line_1_88' title="bbox 2056 3924 3699 4006; baseline -0.001 -18"><span class='ocrx_word' id='word_1_622' title='bbox 2056 3927 2324 4002; x_wconf 86' lang='lat' dir='ltr'><strong>litatis,et</strong></span> <span class='ocrx_word' id='word_1_623' title='bbox 2347 3926 2570 3988; x_wconf 89' lang='lat' dir='ltr'><strong>Christi</strong></span> <span class='ocrx_word' id='word_1_624' title='bbox 2593 3926 2914 3989; x_wconf 85' lang='lat' dir='ltr'><strong>verborum</strong></span> <span class='ocrx_word' id='word_1_625' title='bbox 2939 3925 3177 4006; x_wconf 66' lang='lat' dir='ltr'><strong>43,quod</strong></span> <span class='ocrx_word' id='word_1_626' title='bbox 3192 3924 3530 4006; x_wconf 88' lang='lat' dir='ltr'><strong>absqueillo</strong></span> <span class='ocrx_word' id='word_1_627' title='bbox 3546 3924 3699 3987; x_wconf 89' lang='lat' dir='ltr'><strong>nihil</strong></span> 
     </span>
    </p>
   </div>
   <div class='ocr_carea' id='block_1_89' title="bbox 2058 4014 3691 4099">
    <p class='ocr_par' dir='ltr' id='par_1_89' title="bbox 2058 4014 3691 4099">
     <span class='ocr_line' id='line_1_89' title="bbox 2058 4014 3691 4099; baseline -0.002 -19"><span class='ocrx_word' id='word_1_628' title='bbox 2058 4035 2373 4099; x_wconf 91' lang='lat' dir='ltr'><strong>possumus</strong></span> <span class='ocrx_word' id='word_1_629' title='bbox 2404 4017 2620 4091; x_wconf 83' lang='lat' dir='ltr'><strong>facere,</strong></span> <span class='ocrx_word' id='word_1_630' title='bbox 2655 4014 2821 4077; x_wconf 89' lang='lat' dir='ltr'><strong>obliti</strong></span> <span class='ocrx_word' id='word_1_631' title='bbox 2850 4036 2863 4097; x_wconf 86' lang='lat'><strong>;</strong></span> <span class='ocrx_word' id='word_1_632' title='bbox 2912 4015 3075 4076; x_wconf 87' lang='lat' dir='ltr'><strong>inani</strong></span> <span class='ocrx_word' id='word_1_633' title='bbox 3107 4014 3258 4076; x_wconf 85' lang='lat' dir='ltr'><strong>fastu</strong></span> <span class='ocrx_word' id='word_1_634' title='bbox 3289 4023 3349 4076; x_wconf 91' lang='lat' dir='ltr'><strong>et</strong></span> <span class='ocrx_word' id='word_1_635' title='bbox 3373 4032 3519 4076; x_wconf 89' lang='lat' dir='ltr'><strong>vana</strong></span> <span class='ocrx_word' id='word_1_636' title='bbox 3553 4032 3691 4096; x_wconf 84' lang='lat' dir='ltr'><strong>per-</strong></span> 
     </span>
    </p>
   </div>
   <div class='ocr_carea' id='block_1_90' title="bbox 2060 4104 3699 4186">
    <p class='ocr_par' dir='ltr' id='par_1_90' title="bbox 2060 4104 3699 4186">
     <span class='ocr_line' id='line_1_90' title="bbox 2060 4104 3699 4186; baseline -0.001 -17"><span class='ocrx_word' id='word_1_637' title='bbox 2060 4107 2220 4169; x_wconf 88' lang='lat' dir='ltr'><strong>suasi</strong></span> <span class='ocrx_word' id='word_1_638' title='bbox 2243 4106 2673 4184; x_wconf 87' lang='lat' dir='ltr'><strong>arrogantia,et</strong></span> <span class='ocrx_word' id='word_1_639' title='bbox 2689 4123 2821 4186; x_wconf 60' lang='lat' dir='ltr'><strong>quae</strong></span> <span class='ocrx_word' id='word_1_640' title='bbox 2845 4114 3007 4167; x_wconf 90' lang='lat' dir='ltr'><strong>recte</strong></span> <span class='ocrx_word' id='word_1_641' title='bbox 3027 4114 3336 4184; x_wconf 84' lang='lat' dir='ltr'><strong>gesserant</strong></span> <span class='ocrx_word' id='word_1_642' title='bbox 3358 4104 3560 4166; x_wconf 85' lang='lat' dir='ltr'><strong>miseri</strong></span> <span class='ocrx_word' id='word_1_643' title='bbox 3582 4104 3699 4168; x_wconf 89' lang='lat' dir='ltr'><strong>sibi</strong></span> 
     </span>
    </p>
   </div>
   <div class='ocr_carea' id='block_1_91' title="bbox 2057 4192 3697 4275">
    <p class='ocr_par' dir='ltr' id='par_1_91' title="bbox 2057 4192 3697 4275">
     <span class='ocr_line' id='line_1_91' title="bbox 2057 4192 3697 4275; baseline -0.001 -16"><span class='ocrx_word' id='word_1_644' title='bbox 2057 4196 2432 4259; x_wconf 85' lang='lat' dir='ltr'><strong>ascribentes</strong></span> <span class='ocrx_word' id='word_1_645' title='bbox 2463 4200 2520 4272; x_wconf 92' lang='grc' dir='ltr'>(ο</span> <span class='ocrx_word' id='word_1_646' title='bbox 2550 4212 2685 4255; x_wconf 90' lang='lat' dir='ltr'><strong>mea</strong></span> <span class='ocrx_word' id='word_1_647' title='bbox 2718 4194 2889 4256; x_wconf 88' lang='lat' dir='ltr'><strong>mala!</strong></span> <span class='ocrx_word' id='word_1_648' title='bbox 2910 4213 2943 4257; x_wconf 95' lang='lat' dir='ltr'><strong>o</strong></span> <span class='ocrx_word' id='word_1_649' title='bbox 2969 4193 3255 4275; x_wconf 85' lang='lat' dir='ltr'><strong>grandem</strong></span> <span class='ocrx_word' id='word_1_650' title='bbox 3291 4192 3697 4270; x_wconf 89' lang='lat' dir='ltr'><strong>insolentiam,</strong></span> 
     </span>
    </p>
   </div>
   <div class='ocr_carea' id='block_1_92' title="bbox 2057 4282 3701 4366">
    <p class='ocr_par' dir='ltr' id='par_1_92' title="bbox 2057 4282 3701 4366">
     <span class='ocr_line' id='line_1_92' title="bbox 2057 4282 3701 4366; baseline 0.001 -21"><span class='ocrx_word' id='word_1_651' title='bbox 2057 4287 2146 4348; x_wconf 89' lang='lat' dir='ltr'><strong>vel</strong></span> <span class='ocrx_word' id='word_1_652' title='bbox 2180 4284 2374 4366; x_wconf 87' lang='lat' dir='ltr'><strong>potius</strong></span> <span class='ocrx_word' id='word_1_653' title='bbox 2401 4284 2724 4346; x_wconf 87' lang='lat' dir='ltr'><strong>amentiam</strong></span> <span class='ocrx_word' id='word_1_654' title='bbox 2754 4284 2767 4344; x_wconf 90' lang='lat'><strong>!</strong></span> <span class='ocrx_word' id='word_1_655' title='bbox 2799 4284 2948 4356; x_wconf 86' lang='lat' dir='ltr'><strong>Quid</strong></span> <span class='ocrx_word' id='word_1_656' title='bbox 2998 4282 3157 4346; x_wconf 90' lang='lat' dir='ltr'><strong>enim</strong></span> <span class='ocrx_word' id='word_1_657' title='bbox 3192 4284 3331 4345; x_wconf 91' lang='lat' dir='ltr'><strong>boni</strong></span> <span class='ocrx_word' id='word_1_658' title='bbox 3355 4284 3562 4346; x_wconf 85' lang='lat' dir='ltr'><strong>fecerit</strong></span> <span class='ocrx_word' id='word_1_659' title='bbox 3591 4286 3701 4346; x_wconf 90' lang='lat' dir='ltr'><strong>hu-</strong></span> 
     </span>
    </p>
   </div>
   <div class='ocr_carea' id='block_1_93' title="bbox 2059 4373 3699 4452">
    <p class='ocr_par' dir='ltr' id='par_1_93' title="bbox 2059 4373 3699 4452">
     <span class='ocr_line' id='line_1_93' title="bbox 2059 4373 3699 4452; baseline -0.001 -15"><span class='ocrx_word' id='word_1_660' title='bbox 2059 4395 2230 4438; x_wconf 88' lang='lat' dir='ltr'><strong>mana</strong></span> <span class='ocrx_word' id='word_1_661' title='bbox 2263 4382 2627 4450; x_wconf 87' lang='lat' dir='ltr'><strong>natura,tuo,</strong></span> <span class='ocrx_word' id='word_1_662' title='bbox 2662 4393 2695 4435; x_wconf 97' lang='lat' dir='ltr'><strong>o</strong></span> <span class='ocrx_word' id='word_1_663' title='bbox 2721 4374 3017 4447; x_wconf 78' lang='lat' dir='ltr'><strong>Salvator,</strong></span> <span class='ocrx_word' id='word_1_664' title='bbox 3047 4373 3265 4435; x_wconf 88' lang='lat' dir='ltr'><strong>nudata</strong></span> <span class='ocrx_word' id='word_1_665' title='bbox 3295 4374 3515 4435; x_wconf 82' lang='lat' dir='ltr'><strong>auxilio</strong></span> <span class='ocrx_word' id='word_1_666' title='bbox 3538 4373 3567 4432; x_wconf 86' lang='lat'><strong>?</strong></span> <span class='ocrx_word' id='word_1_667' title='bbox 3596 4374 3699 4452; x_wconf 90' lang='lat' dir='ltr'><strong>qui</strong></span> 
     </span>
    </p>
   </div>
   <div class='ocr_carea' id='block_1_94' title="bbox 320 4462 1970 4553">
    <p class='ocr_par' dir='ltr' id='par_1_94' title="bbox 320 4465 1970 4553">
     <span class='ocr_line' id='line_1_94' title="bbox 320 4465 1970 4553; baseline -0.004 -23"><span class='ocrx_word' id='word_1_668' title='bbox 320 4477 691 4553; x_wconf 74' lang='grc' dir='ltr'>γυμνωθεϊσα,</span> <span class='ocrx_word' id='word_1_669' title='bbox 730 4479 933 4550; x_wconf 82' lang='grc' dir='ltr'>Σῶτερ,</span> <span class='ocrx_word' id='word_1_670' title='bbox 967 4470 1268 4548; x_wconf 73' lang='grc' dir='ltr'>ἐπικουρίας</span> <span class='ocrx_word' id='word_1_671' title='bbox 1304 4488 1319 4549; x_wconf 69' lang='grc' dir='ltr'><strong>ς</strong></span> <span class='ocrx_word' id='word_1_672' title='bbox 1373 4468 1472 4532; x_wconf 81' lang='grc' dir='ltr'><strong>’Ὃς</strong></span> <span class='ocrx_word' id='word_1_673' title='bbox 1505 4465 1591 4523; x_wconf 74' lang='grc' dir='ltr'><strong>διὰ</strong></span> <span class='ocrx_word' id='word_1_674' title='bbox 1622 4473 1720 4536; x_wconf 79' lang='grc' dir='ltr'>τῆς</span> <span class='ocrx_word' id='word_1_675' title='bbox 1748 4474 1847 4524; x_wconf 84' lang='grc' dir='ltr'><strong>τοῦ</strong></span> <span class='ocrx_word' id='word_1_676' title='bbox 1877 4475 1970 4524; x_wconf 77' lang='grc' dir='ltr'><strong>σοῦ</strong></span> 
     </span>
    </p>
   </div>
   <div class='ocr_carea' id='block_1_95' title="bbox 2055 4462 3703 4553">
    <p class='ocr_par' dir='ltr' id='par_1_95' title="bbox 2058 4462 3703 4544">
     <span class='ocr_line' id='line_1_95' title="bbox 2058 4462 3703 4544; baseline -0.002 -17"><span class='ocrx_word' id='word_1_677' title='bbox 2058 4485 2152 4527; x_wconf 92' lang='lat' dir='ltr'><strong>me</strong></span> <span class='ocrx_word' id='word_1_678' title='bbox 2174 4464 2359 4526; x_wconf 88' lang='lat' dir='ltr'><strong>doces</strong></span> <span class='ocrx_word' id='word_1_679' title='bbox 2384 4482 2488 4544; x_wconf 82' lang='lat' dir='ltr'><strong>per</strong></span> <span class='ocrx_word' id='word_1_680' title='bbox 2511 4463 2773 4543; x_wconf 89' lang='lat' dir='ltr'><strong>linguam</strong></span> <span class='ocrx_word' id='word_1_681' title='bbox 2801 4462 3703 4544; x_wconf 70' lang='lat' dir='ltr'><strong>prophetae,dicentem:erisi</strong></span> 
     </span>
    </p>
   </div>
   <div class='ocr_carea' id='block_1_96' title="bbox 322 4554 1972 4643">
    <p class='ocr_par' dir='ltr' id='par_1_96' title="bbox 322 4554 1972 4643">
     <span class='ocr_line' id='line_1_96' title="bbox 322 4554 1972 4643; baseline -0.007 -22"><span class='ocrx_word' id='word_1_682' title='bbox 322 4565 606 4643; x_wconf 64' lang='grc' dir='ltr'>προφήτου</span> <span class='ocrx_word' id='word_1_683' title='bbox 650 4554 875 4621; x_wconf 68' lang='grc' dir='ltr'>Ἠσαίου</span> <span class='ocrx_word' id='word_1_684' title='bbox 917 4559 1180 4622; x_wconf 75' lang='grc' dir='ltr'>διδάσκεις</span> <span class='ocrx_word' id='word_1_685' title='bbox 1237 4580 1304 4633; x_wconf 86' lang='grc' dir='ltr'><strong>με</strong></span> <span class='ocrx_word' id='word_1_686' title='bbox 1340 4556 1587 4635; x_wconf 83' lang='grc' dir='ltr'>γλώττης</span> <span class='ocrx_word' id='word_1_687' title='bbox 1620 4572 1634 4588; x_wconf 84' lang='grc'><strong><em>⁸</em></strong></span> <span class='ocrx_word' id='word_1_688' title='bbox 1671 4558 1847 4623; x_wconf 78' lang='grc' dir='ltr'>ἀνῆκα</span> <span class='ocrx_word' id='word_1_689' title='bbox 1878 4556 1972 4619; x_wconf 73' lang='grc' dir='ltr'>τὰς</span> 
     </span>
    </p>
   </div>
   <div class='ocr_carea' id='block_1_97' title="bbox 325 4643 1973 4732">
    <p class='ocr_par' dir='ltr' id='par_1_97' title="bbox 325 4643 1973 4732">
     <span class='ocr_line' id='line_1_97' title="bbox 325 4643 1973 4732; baseline -0.005 -23"><span class='ocrx_word' id='word_1_690' title='bbox 325 4666 551 4732; x_wconf 77' lang='grc' dir='ltr'>χεῖρας,</span> <span class='ocrx_word' id='word_1_691' title='bbox 610 4650 897 4729; x_wconf 69' lang='grc' dir='ltr'>λεγούσης,</span> <span class='ocrx_word' id='word_1_692' title='bbox 957 4652 1055 4706; x_wconf 83' lang='grc' dir='ltr'>καὶ</span> <span class='ocrx_word' id='word_1_693' title='bbox 1124 4647 1516 4720; x_wconf 74' lang='grc' dir='ltr'>ἐξηράνθησαν,</span> <span class='ocrx_word' id='word_1_694' title='bbox 1574 4645 1667 4701; x_wconf 83' lang='grc' dir='ltr'>καί</span> <span class='ocrx_word' id='word_1_695' title='bbox 1727 4643 1973 4720; x_wconf 78' lang='grc' dir='ltr'>ἐγένοντο</span> 
     </span>
    </p>
   </div>
   <div class='ocr_carea' id='block_1_98' title="bbox 324 4735 1971 4818">
    <p class='ocr_par' dir='ltr' id='par_1_98' title="bbox 324 4735 1971 4818">
     <span class='ocr_line' id='line_1_98' title="bbox 324 4735 1971 4818; baseline -0.007 -19"><span class='ocrx_word' id='word_1_696' title='bbox 324 4744 403 4808; x_wconf 87' lang='grc' dir='ltr'>ὠς</span> <span class='ocrx_word' id='word_1_697' title='bbox 434 4742 640 4818; x_wconf 67' lang='grc' dir='ltr'>χόρτος</span> <span class='ocrx_word' id='word_1_698' title='bbox 669 4740 823 4818; x_wconf 79' lang='grc' dir='ltr'>ξηρὸς</span> <span class='ocrx_word' id='word_1_699' title='bbox 878 4740 964 4797; x_wconf 77' lang='grc' dir='ltr'>ἐπὶ</span> <span class='ocrx_word' id='word_1_700' title='bbox 993 4738 1279 4813; x_wconf 77' lang='grc' dir='ltr'>δωμάτων,</span> <span class='ocrx_word' id='word_1_701' title='bbox 1312 4739 1385 4801; x_wconf 82' lang='grc' dir='ltr'>ὼς</span> <span class='ocrx_word' id='word_1_702' title='bbox 1411 4736 1694 4814; x_wconf 78' lang='grc' dir='ltr'>ἅγρωστις,</span> <span class='ocrx_word' id='word_1_703' title='bbox 1732 4735 1789 4793; x_wconf 79' lang='grc' dir='ltr'>Τί</span> <span class='ocrx_word' id='word_1_704' title='bbox 1818 4736 1971 4790; x_wconf 67' lang='grc' dir='ltr'>τοῦτο</span> 
     </span>
    </p>
   </div>
   <div class='ocr_carea' id='block_1_99' title="bbox 325 4823 1971 4906">
    <p class='ocr_par' dir='ltr' id='par_1_99' title="bbox 325 4823 1971 4906">
     <span class='ocr_line' id='line_1_99' title="bbox 325 4823 1971 4906; baseline -0.006 -18"><span class='ocrx_word' id='word_1_705' title='bbox 325 4831 598 4899; x_wconf 78' lang='grc' dir='ltr'>δηλούσης</span> <span class='ocrx_word' id='word_1_706' title='bbox 636 4850 653 4905; x_wconf 87' lang='grc'><strong>;</strong></span> <span class='ocrx_word' id='word_1_707' title='bbox 682 4828 803 4887; x_wconf 76' lang='grc' dir='ltr'>’Ότι</span> <span class='ocrx_word' id='word_1_708' title='bbox 836 4832 896 4886; x_wconf 81' lang='grc' dir='ltr'><strong>τὸ</strong></span> <span class='ocrx_word' id='word_1_709' title='bbox 927 4835 1025 4896; x_wconf 77' lang='grc' dir='ltr'>τῆς</span> <span class='ocrx_word' id='word_1_710' title='bbox 1055 4830 1251 4906; x_wconf 80' lang='grc' dir='ltr'>ἀρετῆς</span> <span class='ocrx_word' id='word_1_711' title='bbox 1308 4826 1460 4891; x_wconf 76' lang='grc' dir='ltr'>ἄνθος</span> <span class='ocrx_word' id='word_1_712' title='bbox 1512 4823 1896 4897; x_wconf 72' lang='grc' dir='ltr'>ἀποϐαλόντες,</span> <span class='ocrx_word' id='word_1_713' title='bbox 1943 4824 1971 4878; x_wconf 84' lang='grc' dir='ltr'><strong><em>ὃ</em></strong></span> 
     </span>
    </p>
   </div>
   <div class='ocr_carea' id='block_1_100' title="bbox 324 4912 1974 5001">
    <p class='ocr_par' dir='ltr' id='par_1_100' title="bbox 324 4912 1974 5001">
     <span class='ocr_line' id='line_1_100' title="bbox 324 4912 1974 5001; baseline -0.006 -23"><span class='ocrx_word' id='word_1_714' title='bbox 324 4921 429 4989; x_wconf 70' lang='grc' dir='ltr'><strong>τήν</strong></span> <span class='ocrx_word' id='word_1_715' title='bbox 486 4922 585 4988; x_wconf 74' lang='grc' dir='ltr'>σὴν</span> <span class='ocrx_word' id='word_1_716' title='bbox 630 4920 851 5001; x_wconf 72' lang='grc' dir='ltr'>ἔχοντες</span> <span class='ocrx_word' id='word_1_717' title='bbox 891 4935 1059 4999; x_wconf 67' lang='grc' dir='ltr'>χεῖρα</span> <span class='ocrx_word' id='word_1_718' title='bbox 1085 4920 1384 4994; x_wconf 87' lang='grc' dir='ltr'>βοηθοῦσαν</span> <span class='ocrx_word' id='word_1_719' title='bbox 1417 4912 1817 4993; x_wconf 76' lang='grc' dir='ltr'>περιεϐάλοντο,</span> <span class='ocrx_word' id='word_1_720' title='bbox 1850 4912 1974 4969; x_wconf 76' lang='grc' dir='ltr'>εἶτα</span> 
     </span>
    </p>
   </div>
   <div class='ocr_carea' id='block_1_101' title="bbox 327 5001 1971 5086">
    <p class='ocr_par' dir='ltr' id='par_1_101' title="bbox 327 5001 1971 5086">
     <span class='ocr_line' id='line_1_101' title="bbox 327 5001 1971 5086; baseline -0.007 -19"><span class='ocrx_word' id='word_1_721' title='bbox 327 5010 676 5086; x_wconf 78' lang='grc' dir='ltr'>ξηρανθέντες</span> <span class='ocrx_word' id='word_1_722' title='bbox 706 5008 942 5084; x_wconf 73' lang='grc' dir='ltr'>ἐκλείψει</span> <span class='ocrx_word' id='word_1_723' title='bbox 972 5013 1071 5075; x_wconf 80' lang='grc' dir='ltr'>τῆς</span> <span class='ocrx_word' id='word_1_724' title='bbox 1122 5007 1265 5082; x_wconf 68' lang='grc' dir='ltr'>παρὰ</span> <span class='ocrx_word' id='word_1_725' title='bbox 1309 5013 1404 5063; x_wconf 88' lang='grc' dir='ltr'><strong>σοῦ</strong></span> <span class='ocrx_word' id='word_1_726' title='bbox 1456 5004 1738 5073; x_wconf 83' lang='grc' dir='ltr'>πιότητος,</span> <span class='ocrx_word' id='word_1_727' title='bbox 1797 5001 1971 5078; x_wconf 86' lang='grc' dir='ltr'>ἀμορ-</span> 
     </span>
    </p>
   </div>
   <div class='ocr_carea' id='block_1_102' title="bbox 327 5090 1975 5178">
    <p class='ocr_par' dir='ltr' id='par_1_102' title="bbox 327 5090 1975 5178">
     <span class='ocr_line' id='line_1_102' title="bbox 327 5090 1975 5178; baseline -0.005 -22"><span class='ocrx_word' id='word_1_728' title='bbox 327 5100 450 5177; x_wconf 73' lang='grc' dir='ltr'>φίας</span> <span class='ocrx_word' id='word_1_729' title='bbox 481 5101 747 5178; x_wconf 70' lang='grc' dir='ltr'>αἰσχύνην</span> <span class='ocrx_word' id='word_1_730' title='bbox 777 5098 1022 5158; x_wconf 77' lang='grc' dir='ltr'>ἐλεεινῶς</span> <span class='ocrx_word' id='word_1_731' title='bbox 1065 5093 1419 5171; x_wconf 76' lang='grc' dir='ltr'>ἠμφιέσαντο)</span> <span class='ocrx_word' id='word_1_732' title='bbox 1455 5113 1468 5127; x_wconf 93' lang='grc'><strong>·</strong></span> <span class='ocrx_word' id='word_1_733' title='bbox 1516 5094 1563 5148; x_wconf 76' lang='grc' dir='ltr'>οἱ</span> <span class='ocrx_word' id='word_1_734' title='bbox 1605 5093 1777 5149; x_wconf 78' lang='grc' dir='ltr'>τοίνυν</span> <span class='ocrx_word' id='word_1_735' title='bbox 1808 5090 1975 5154; x_wconf 73' lang='grc' dir='ltr'>οὕτως</span> 
     </span>
    </p>
   </div>
   <div class='ocr_carea' id='block_1_103' title="bbox 328 5178 1974 5267">
    <p class='ocr_par' dir='ltr' id='par_1_103' title="bbox 328 5178 1974 5267">
     <span class='ocr_line' id='line_1_103' title="bbox 328 5178 1974 5267; baseline -0.005 -23"><span class='ocrx_word' id='word_1_736' title='bbox 328 5189 575 5257; x_wconf 69' lang='grc' dir='ltr'>ἀνοήτως</span> <span class='ocrx_word' id='word_1_737' title='bbox 654 5190 1014 5267; x_wconf 67' lang='grc' dir='ltr'>φρονήσαντες</span> <span class='ocrx_word' id='word_1_738' title='bbox 1048 5232 1064 5257; x_wconf 94' lang='grc'><strong>,</strong></span> <span class='ocrx_word' id='word_1_739' title='bbox 1140 5186 1225 5240; x_wconf 85' lang='grc' dir='ltr'><strong>καὶ</strong></span> <span class='ocrx_word' id='word_1_740' title='bbox 1296 5185 1529 5242; x_wconf 66' lang='grc' dir='ltr'>εντεὺθεν</span> <span class='ocrx_word' id='word_1_741' title='bbox 1592 5178 1974 5256; x_wconf 80' lang='grc' dir='ltr'>παραδοθέντες</span> 
     </span>
    </p>
   </div>
   <div class='ocr_carea' id='block_1_104' title="bbox 327 5268 1973 5353">
    <p class='ocr_par' dir='ltr' id='par_1_104' title="bbox 327 5268 1973 5353">
     <span class='ocr_line' id='line_1_104' title="bbox 327 5268 1973 5353; baseline -0.004 -19"><span class='ocrx_word' id='word_1_742' title='bbox 327 5279 408 5353; x_wconf 84' lang='grc' dir='ltr'>τῷ</span> <span class='ocrx_word' id='word_1_743' title='bbox 468 5283 681 5349; x_wconf 83' lang='grc' dir='ltr'>Σατανᾷ</span> <span class='ocrx_word' id='word_1_744' title='bbox 708 5278 781 5340; x_wconf 85' lang='grc' dir='ltr'><strong>εἰς</strong></span> <span class='ocrx_word' id='word_1_745' title='bbox 816 5275 1028 5347; x_wconf 78' lang='grc' dir='ltr'>ὄλεθρον</span> <span class='ocrx_word' id='word_1_746' title='bbox 1086 5276 1184 5339; x_wconf 76' lang='grc' dir='ltr'>τῆς</span> <span class='ocrx_word' id='word_1_747' title='bbox 1217 5275 1437 5351; x_wconf 83' lang='grc' dir='ltr'>σαρκὸς,</span> <span class='ocrx_word' id='word_1_748' title='bbox 1469 5270 1542 5334; x_wconf 80' lang='grc' dir='ltr'>ὥς</span> <span class='ocrx_word' id='word_1_749' title='bbox 1573 5292 1705 5350; x_wconf 79' lang='grc' dir='ltr'>φησι</span> <span class='ocrx_word' id='word_1_750' title='bbox 1739 5268 1973 5345; x_wconf 73' lang='grc' dir='ltr'>Παῦλος,</span> 
     </span>
    </p>
   </div>
   <div class='ocr_carea' id='block_1_105' title="bbox 328 5358 1977 5444">
    <p class='ocr_par' dir='ltr' id='par_1_105' title="bbox 328 5358 1977 5444">
     <span class='ocr_line' id='line_1_105' title="bbox 328 5358 1977 5444; baseline 0.01 -55"><span class='ocrx_word' id='word_1_751' title='bbox 328 5368 426 5424; x_wconf 67' lang='grc' dir='ltr'>τίνα</span> <span class='ocrx_word' id='word_1_752' title='bbox 476 5368 540 5423; x_wconf 78' lang='grc' dir='ltr'>τὸ</span> <span class='ocrx_word' id='word_1_753' title='bbox 572 5377 777 5440; x_wconf 77' lang='grc' dir='ltr'>πνεῦμα</span> <span class='ocrx_word' id='word_1_754' title='bbox 813 5364 982 5444; x_wconf 76' lang='grc' dir='ltr'>σωθῆ,</span> <span class='ocrx_word' id='word_1_755' title='bbox 1017 5364 1053 5432; x_wconf 73' lang='grc' dir='ltr'>ἢ</span> <span class='ocrx_word' id='word_1_756' title='bbox 1084 5366 1169 5420; x_wconf 77' lang='grc' dir='ltr'><strong>καὶ</strong></span> <span class='ocrx_word' id='word_1_757' title='bbox 1201 5361 1377 5423; x_wconf 73' lang='grc' dir='ltr'>ἄλλως</span> <span class='ocrx_word' id='word_1_758' title='bbox 1408 5358 1697 5440; x_wconf 80' lang='grc' dir='ltr'>σφαλέντες</span> <span class='ocrx_word' id='word_1_759' title='bbox 1727 5360 1822 5423; x_wconf 75' lang='grc' dir='ltr'><strong>τὰς</strong></span> <span class='ocrx_word' id='word_1_760' title='bbox 1855 5360 1977 5439; x_wconf 72' lang='grc' dir='ltr'>φρέ.</span> 
     </span>
    </p>
   </div>
   <div class='ocr_carea' id='block_1_106' title="bbox 331 5449 1977 5533">
    <p class='ocr_par' dir='ltr' id='par_1_106' title="bbox 331 5449 1977 5533">
     <span class='ocr_line' id='line_1_106' title="bbox 331 5449 1977 5533; baseline -0.004 -21"><span class='ocrx_word' id='word_1_761' title='bbox 331 5480 425 5523; x_wconf 86' lang='grc' dir='ltr'><strong>νας</strong></span> <span class='ocrx_word' id='word_1_762' title='bbox 482 5458 572 5514; x_wconf 83' lang='grc' dir='ltr'><strong>καὶ</strong></span> <span class='ocrx_word' id='word_1_763' title='bbox 630 5454 910 5533; x_wconf 76' lang='grc' dir='ltr'>διαφθορὰν</span> <span class='ocrx_word' id='word_1_764' title='bbox 972 5454 1145 5510; x_wconf 67' lang='grc' dir='ltr'>αὒτῶν</span> <span class='ocrx_word' id='word_1_765' title='bbox 1202 5450 1606 5525; x_wconf 69' lang='grc' dir='ltr'>δπομείναντες,</span> <span class='ocrx_word' id='word_1_766' title='bbox 1673 5449 1761 5504; x_wconf 77' lang='grc' dir='ltr'>καὶ</span> <span class='ocrx_word' id='word_1_767' title='bbox 1818 5451 1977 5505; x_wconf 78' lang='grc' dir='ltr'>οἱονεὶ</span> 
     </span>
    </p>
   </div>
   <div class='ocr_carea' id='block_1_107' title="bbox 411 5553 1978 5639">
    <p class='ocr_par' dir='ltr' id='par_1_107' title="bbox 411 5553 1978 5639">
     <span class='ocr_line' id='line_1_107' title="bbox 411 5553 1978 5639; baseline -0.015 -6"><span class='ocrx_word' id='word_1_768' title='bbox 411 5561 485 5607; x_wconf 79' lang='grc'><strong>¹³“</strong></span> <span class='ocrx_word' id='word_1_769' title='bbox 518 5566 692 5631; x_wconf 80' lang='lat' dir='ltr'><strong>Joan.</strong></span> <span class='ocrx_word' id='word_1_770' title='bbox 725 5577 825 5639; x_wconf 81' lang='lat' dir='ltr'><strong>xv,</strong></span> <span class='ocrx_word' id='word_1_771' title='bbox 858 5563 917 5631; x_wconf 85' lang='lat'><strong>5.</strong></span> <span class='ocrx_word' id='word_1_772' title='bbox 1004 5559 1058 5605; x_wconf 70' lang='grc' dir='ltr'><strong>ιδ</strong></span> <span class='ocrx_word' id='word_1_773' title='bbox 1088 5561 1198 5625; x_wconf 77' lang='lat' dir='ltr'><strong>lsa.</strong></span> <span class='ocrx_word' id='word_1_774' title='bbox 1234 5572 1454 5633; x_wconf 83' lang='lat' dir='ltr'><strong>xxxvn,</strong></span> <span class='ocrx_word' id='word_1_775' title='bbox 1486 5553 1588 5631; x_wconf 73' lang='lat'><strong>27,</strong></span> <span class='ocrx_word' id='word_1_776' title='bbox 1611 5554 1779 5638; x_wconf 83' lang='lat' dir='ltr'><strong>juxta</strong></span> <span class='ocrx_word' id='word_1_777' title='bbox 1802 5553 1978 5623; x_wconf 77' lang='lat' dir='ltr'><strong>LXX.</strong></span> 
     </span>
    </p>
   </div>
   <div class='ocr_carea' id='block_1_108' title="bbox 2055 4552 3701 4635">
    <p class='ocr_par' dir='ltr' id='par_1_108' title="bbox 2055 4552 3701 4635">
     <span class='ocr_line' id='line_1_108' title="bbox 2055 4552 3701 4635; baseline -0.001 -19"><span class='ocrx_word' id='word_1_778' title='bbox 2055 4573 2296 4635; x_wconf 78' lang='lat' dir='ltr'><strong>manus,</strong></span> <span class='ocrx_word' id='word_1_779' title='bbox 2316 4566 2373 4616; x_wconf 74' lang='lat' dir='ltr'><strong>et</strong></span> <span class='ocrx_word' id='word_1_780' title='bbox 2394 4562 2724 4626; x_wconf 80' lang='lat' dir='ltr'><strong>aruerunt,</strong></span> <span class='ocrx_word' id='word_1_781' title='bbox 2749 4563 2806 4615; x_wconf 85' lang='lat' dir='ltr'><strong>et</strong></span> <span class='ocrx_word' id='word_1_782' title='bbox 2824 4554 2976 4631; x_wconf 78' lang='lat' dir='ltr'><strong>facti</strong></span> <span class='ocrx_word' id='word_1_783' title='bbox 2993 4560 3137 4616; x_wconf 80' lang='lat' dir='ltr'><strong>sunt</strong></span> <span class='ocrx_word' id='word_1_784' title='bbox 3159 4561 3455 4633; x_wconf 84' lang='lat' dir='ltr'><strong>tanquam</strong></span> <span class='ocrx_word' id='word_1_785' title='bbox 3486 4552 3701 4629; x_wconf 82' lang='lat' dir='ltr'><strong>fenum</strong></span> 
     </span>
    </p>
   </div>
   <div class='ocr_carea' id='block_1_109' title="bbox 2053 4640 3701 4724">
    <p class='ocr_par' dir='ltr' id='par_1_109' title="bbox 2053 4640 3701 4724">
     <span class='ocr_line' id='line_1_109' title="bbox 2053 4640 3701 4724; baseline -0.001 -19"><span class='ocrx_word' id='word_1_786' title='bbox 2053 4647 2275 4707; x_wconf 78' lang='lat' dir='ltr'><strong>siccum</strong></span> <span class='ocrx_word' id='word_1_787' title='bbox 2299 4661 2485 4723; x_wconf 82' lang='lat' dir='ltr'><strong>super</strong></span> <span class='ocrx_word' id='word_1_788' title='bbox 2505 4651 2986 4722; x_wconf 73' lang='lat' dir='ltr'><strong>tecta,tanquam</strong></span> <span class='ocrx_word' id='word_1_789' title='bbox 3006 4661 3257 4724; x_wconf 82' lang='lat' dir='ltr'><strong>gramen</strong></span> <span class='ocrx_word' id='word_1_790' title='bbox 3282 4643 3356 4704; x_wconf 71' lang='grc' dir='ltr'><strong>η.</strong></span> <span class='ocrx_word' id='word_1_791' title='bbox 3383 4640 3536 4715; x_wconf 90' lang='lat' dir='ltr'><strong>Quid</strong></span> <span class='ocrx_word' id='word_1_792' title='bbox 3559 4660 3701 4704; x_wconf 90' lang='lat' dir='ltr'><strong>vero</strong></span> 
     </span>
    </p>
   </div>
   <div class='ocr_carea' id='block_1_110' title="bbox 2056 4731 3698 4814">
    <p class='ocr_par' dir='ltr' id='par_1_110' title="bbox 2056 4731 3698 4814">
     <span class='ocr_line' id='line_1_110' title="bbox 2056 4731 3698 4814; baseline -0.002 -18"><span class='ocrx_word' id='word_1_793' title='bbox 2056 4752 2165 4814; x_wconf 90' lang='lat' dir='ltr'><strong>per</strong></span> <span class='ocrx_word' id='word_1_794' title='bbox 2224 4735 2349 4795; x_wconf 65' lang='lat' dir='ltr'><strong>haec</strong></span> <span class='ocrx_word' id='word_1_795' title='bbox 2401 4732 2742 4811; x_wconf 82' lang='lat' dir='ltr'><strong>signiﬁcat?</strong></span> <span class='ocrx_word' id='word_1_796' title='bbox 2796 4731 2966 4806; x_wconf 83' lang='lat' dir='ltr'><strong>Quod</strong></span> <span class='ocrx_word' id='word_1_797' title='bbox 3006 4731 3225 4793; x_wconf 89' lang='lat' dir='ltr'><strong>amisso</strong></span> <span class='ocrx_word' id='word_1_798' title='bbox 3257 4733 3406 4793; x_wconf 86' lang='lat' dir='ltr'><strong>ﬂore</strong></span> <span class='ocrx_word' id='word_1_799' title='bbox 3438 4732 3698 4807; x_wconf 82' lang='lat' dir='ltr'><strong>virtutis,</strong></span> 
     </span>
    </p>
   </div>
   <div class='ocr_carea' id='block_1_111' title="bbox 2054 4819 3700 4905">
    <p class='ocr_par' dir='ltr' id='par_1_111' title="bbox 2054 4819 3700 4905">
     <span class='ocr_line' id='line_1_111' title="bbox 2054 4819 3700 4905; baseline -0.001 -21"><span class='ocrx_word' id='word_1_800' title='bbox 2054 4842 2232 4905; x_wconf 89' lang='lat' dir='ltr'><strong>quem</strong></span> <span class='ocrx_word' id='word_1_801' title='bbox 2251 4822 2352 4903; x_wconf 92' lang='lat' dir='ltr'><strong>qui</strong></span> <span class='ocrx_word' id='word_1_802' title='bbox 2379 4831 2534 4882; x_wconf 90' lang='lat' dir='ltr'><strong>tuam</strong></span> <span class='ocrx_word' id='word_1_803' title='bbox 2560 4819 2782 4883; x_wconf 88' lang='lat' dir='ltr'><strong>habent</strong></span> <span class='ocrx_word' id='word_1_804' title='bbox 2807 4840 3041 4883; x_wconf 90' lang='lat' dir='ltr'><strong>manum</strong></span> <span class='ocrx_word' id='word_1_805' title='bbox 3065 4840 3239 4901; x_wconf 90' lang='lat' dir='ltr'><strong>opem</strong></span> <span class='ocrx_word' id='word_1_806' title='bbox 3258 4822 3700 4903; x_wconf 87' lang='lat' dir='ltr'><strong>ferentem,am-</strong></span> 
     </span>
    </p>
   </div>
   <div class='ocr_carea' id='block_1_112' title="bbox 2059 4910 3700 4993">
    <p class='ocr_par' dir='ltr' id='par_1_112' title="bbox 2059 4910 3700 4993">
     <span class='ocr_line' id='line_1_112' title="bbox 2059 4910 3700 4993; baseline -0.001 -19"><span class='ocrx_word' id='word_1_807' title='bbox 2059 4913 2213 4993; x_wconf 84' lang='lat' dir='ltr'><strong>plexi</strong></span> <span class='ocrx_word' id='word_1_808' title='bbox 2246 4910 2636 4983; x_wconf 89' lang='lat' dir='ltr'><strong>sunt,deinde</strong></span> <span class='ocrx_word' id='word_1_809' title='bbox 2668 4911 2950 4973; x_wconf 86' lang='lat' dir='ltr'><strong>exsiccati</strong></span> <span class='ocrx_word' id='word_1_810' title='bbox 2980 4910 3221 4973; x_wconf 79' lang='lat' dir='ltr'><strong>defectu</strong></span> <span class='ocrx_word' id='word_1_811' title='bbox 3250 4920 3365 4974; x_wconf 65' lang='lat' dir='ltr'><strong>tua:</strong></span> <span class='ocrx_word' id='word_1_812' title='bbox 3383 4911 3700 4992; x_wconf 85' lang='lat' dir='ltr'><strong>pinguetu-</strong></span> 
     </span>
    </p>
   </div>
   <div class='ocr_carea' id='block_1_113' title="bbox 2058 5000 3699 5073">
    <p class='ocr_par' dir='ltr' id='par_1_113' title="bbox 2058 5000 3699 5073">
     <span class='ocr_line' id='line_1_113' title="bbox 2058 5000 3699 5073; baseline -0.004 -11"><span class='ocrx_word' id='word_1_813' title='bbox 2058 5004 2491 5069; x_wconf 80' lang='lat' dir='ltr'><strong>dlois,dedecus</strong></span> <span class='ocrx_word' id='word_1_814' title='bbox 2513 5000 2895 5061; x_wconf 74' lang='lat' dir='ltr'><strong>deformita&#39;is</strong></span> <span class='ocrx_word' id='word_1_815' title='bbox 2912 5002 3319 5061; x_wconf 86' lang='lat' dir='ltr'><strong>miserabiliter</strong></span> <span class='ocrx_word' id='word_1_816' title='bbox 3336 5004 3699 5073; x_wconf 86' lang='lat' dir='ltr'><strong>induerunt.)</strong></span> 
     </span>
    </p>
   </div>
   <div class='ocr_carea' id='block_1_114' title="bbox 2060 5087 3702 5168">
    <p class='ocr_par' dir='ltr' id='par_1_114' title="bbox 2060 5087 3702 5168">
     <span class='ocr_line' id='line_1_114' title="bbox 2060 5087 3702 5168; baseline -0.002 -17"><span class='ocrx_word' id='word_1_817' title='bbox 2060 5090 2173 5162; x_wconf 90' lang='lat' dir='ltr'><strong>Qui</strong></span> <span class='ocrx_word' id='word_1_818' title='bbox 2202 5107 2343 5168; x_wconf 86' lang='lat' dir='ltr'><strong>ergo</strong></span> <span class='ocrx_word' id='word_1_819' title='bbox 2364 5087 2452 5150; x_wconf 91' lang='lat' dir='ltr'><strong>sic</strong></span> <span class='ocrx_word' id='word_1_820' title='bbox 2475 5087 2654 5149; x_wconf 88' lang='lat' dir='ltr'><strong>stulte</strong></span> <span class='ocrx_word' id='word_1_821' title='bbox 2674 5096 3009 5162; x_wconf 85' lang='lat' dir='ltr'><strong>senserant,</strong></span> <span class='ocrx_word' id='word_1_822' title='bbox 3044 5097 3105 5150; x_wconf 88' lang='lat' dir='ltr'><strong>et</strong></span> <span class='ocrx_word' id='word_1_823' title='bbox 3136 5087 3270 5151; x_wconf 88' lang='lat' dir='ltr'><strong>ideo</strong></span> <span class='ocrx_word' id='word_1_824' title='bbox 3295 5087 3496 5149; x_wconf 88' lang='lat' dir='ltr'><strong>traditi</strong></span> <span class='ocrx_word' id='word_1_825' title='bbox 3529 5094 3702 5148; x_wconf 91' lang='lat' dir='ltr'><strong>erant</strong></span> 
     </span>
    </p>
   </div>
   <div class='ocr_carea' id='block_1_115' title="bbox 2060 5174 3700 5251">
    <p class='ocr_par' dir='ltr' id='par_1_115' title="bbox 2060 5174 3700 5251">
     <span class='ocr_line' id='line_1_115' title="bbox 2060 5174 3700 5251; baseline -0.004 -9"><span class='ocrx_word' id='word_1_826' title='bbox 2060 5179 2290 5242; x_wconf 66' lang='lat' dir='ltr'><strong>Satanan</strong></span> <span class='ocrx_word' id='word_1_827' title='bbox 2320 5178 2391 5239; x_wconf 88' lang='lat' dir='ltr'><strong>ad</strong></span> <span class='ocrx_word' id='word_1_828' title='bbox 2439 5177 2750 5240; x_wconf 89' lang='lat' dir='ltr'><strong>interitum</strong></span> <span class='ocrx_word' id='word_1_829' title='bbox 2782 5182 2982 5239; x_wconf 89' lang='lat' dir='ltr'><strong>carnis</strong></span> <span class='ocrx_word' id='word_1_830' title='bbox 3011 5178 3114 5251; x_wconf 68' lang='grc' dir='ltr'><strong>Μ’,</strong></span> <span class='ocrx_word' id='word_1_831' title='bbox 3154 5186 3218 5238; x_wconf 81' lang='lat' dir='ltr'><strong>ut</strong></span> <span class='ocrx_word' id='word_1_832' title='bbox 3245 5177 3325 5237; x_wconf 84' lang='lat' dir='ltr'><strong>ait</strong></span> <span class='ocrx_word' id='word_1_833' title='bbox 3357 5174 3597 5249; x_wconf 84' lang='lat' dir='ltr'><strong>Paulus,</strong></span> <span class='ocrx_word' id='word_1_834' title='bbox 3635 5184 3700 5238; x_wconf 89' lang='lat' dir='ltr'><strong>ut</strong></span> 
     </span>
    </p>
   </div>
   <div class='ocr_carea' id='block_1_116' title="bbox 2060 5262 3699 5348">
    <p class='ocr_par' dir='ltr' id='par_1_116' title="bbox 2060 5262 3699 5348">
     <span class='ocr_line' id='line_1_116' title="bbox 2060 5262 3699 5348; baseline -0.004 -17"><span class='ocrx_word' id='word_1_835' title='bbox 2060 5269 2259 5331; x_wconf 89' lang='lat' dir='ltr'><strong>salvus</strong></span> <span class='ocrx_word' id='word_1_836' title='bbox 2288 5268 2386 5329; x_wconf 91' lang='lat' dir='ltr'><strong>ﬁat</strong></span> <span class='ocrx_word' id='word_1_837' title='bbox 2418 5266 2693 5348; x_wconf 78' lang='lat' dir='ltr'><strong>spiritus;</strong></span> <span class='ocrx_word' id='word_1_838' title='bbox 2725 5277 2829 5328; x_wconf 89' lang='lat' dir='ltr'><strong>aut</strong></span> <span class='ocrx_word' id='word_1_839' title='bbox 2862 5265 3084 5346; x_wconf 89' lang='lat' dir='ltr'><strong>alioqui</strong></span> <span class='ocrx_word' id='word_1_840' title='bbox 3118 5272 3321 5326; x_wconf 90' lang='lat' dir='ltr'><strong>mente</strong></span> <span class='ocrx_word' id='word_1_841' title='bbox 3376 5271 3547 5325; x_wconf 86' lang='lat' dir='ltr'><strong>erant</strong></span> <span class='ocrx_word' id='word_1_842' title='bbox 3571 5262 3699 5325; x_wconf 68' lang='lat' dir='ltr'><strong>laesi</strong></span> 
     </span>
    </p>
   </div>
   <div class='ocr_carea' id='block_1_117' title="bbox 2061 5352 3698 5437">
    <p class='ocr_par' dir='ltr' id='par_1_117' title="bbox 2061 5352 3698 5437">
     <span class='ocr_line' id='line_1_117' title="bbox 2061 5352 3698 5437; baseline -0.002 -17"><span class='ocrx_word' id='word_1_843' title='bbox 2061 5367 2117 5420; x_wconf 89' lang='lat' dir='ltr'><strong>et</strong></span> <span class='ocrx_word' id='word_1_844' title='bbox 2140 5358 2292 5419; x_wconf 90' lang='lat' dir='ltr'><strong>male</strong></span> <span class='ocrx_word' id='word_1_845' title='bbox 2308 5356 2597 5430; x_wconf 78' lang='lat' dir='ltr'><strong>aﬁ‘ecti,et</strong></span> <span class='ocrx_word' id='word_1_846' title='bbox 2618 5372 2828 5437; x_wconf 73' lang='lat' dir='ltr'><strong>poenas</strong></span> <span class='ocrx_word' id='word_1_847' title='bbox 2850 5355 3141 5417; x_wconf 89' lang='lat' dir='ltr'><strong>dederant</strong></span> <span class='ocrx_word' id='word_1_848' title='bbox 3172 5354 3233 5414; x_wconf 89' lang='lat' dir='ltr'><strong>in</strong></span> <span class='ocrx_word' id='word_1_849' title='bbox 3262 5370 3334 5413; x_wconf 93' lang='lat' dir='ltr'><strong>eo</strong></span> <span class='ocrx_word' id='word_1_850' title='bbox 3364 5352 3529 5429; x_wconf 91' lang='lat' dir='ltr'><strong>quod</strong></span> <span class='ocrx_word' id='word_1_851' title='bbox 3563 5370 3698 5431; x_wconf 90' lang='lat' dir='ltr'><strong>pec-</strong></span> 
     </span>
    </p>
   </div>
   <div class='ocr_carea' id='block_1_118' title="bbox 2058 5444 3699 5529">
    <p class='ocr_par' dir='ltr' id='par_1_118' title="bbox 2058 5444 3699 5529">
     <span class='ocr_line' id='line_1_118' title="bbox 2058 5444 3699 5529; baseline -0.004 -18"><span class='ocrx_word' id='word_1_852' title='bbox 2058 5459 2357 5529; x_wconf 84' lang='lat' dir='ltr'><strong>caverant;</strong></span> <span class='ocrx_word' id='word_1_853' title='bbox 2378 5446 2758 5508; x_wconf 89' lang='lat' dir='ltr'><strong>utdiscerent</strong></span> <span class='ocrx_word' id='word_1_854' title='bbox 2777 5463 2909 5507; x_wconf 92' lang='lat' dir='ltr'><strong>cum</strong></span> <span class='ocrx_word' id='word_1_855' title='bbox 2932 5445 2989 5505; x_wconf 92' lang='lat' dir='ltr'><strong>in</strong></span> <span class='ocrx_word' id='word_1_856' title='bbox 3016 5445 3243 5506; x_wconf 88' lang='lat' dir='ltr'><strong>honore</strong></span> <span class='ocrx_word' id='word_1_857' title='bbox 3265 5444 3699 5521; x_wconf 72' lang='lat' dir='ltr'><strong>essent,eﬁecti</strong></span> 
     </span>
    </p>
   </div>
   <div class='ocr_carea' id='block_1_119' title="bbox 2054 5538 2550 5632">
    <p class='ocr_par' dir='ltr' id='par_1_119' title="bbox 2054 5538 2550 5632">
     <span class='ocr_line' id='line_1_119' title="bbox 2054 5538 2550 5632; baseline -0.006 -9"><span class='ocrx_word' id='word_1_858' title='bbox 2054 5538 2147 5601; x_wconf 49' lang='grc' dir='ltr'>ἦν</span> <span class='ocrx_word' id='word_1_859' title='bbox 2178 5555 2203 5623; x_wconf 91' lang='grc' dir='ltr'>Ι</span> <span class='ocrx_word' id='word_1_860' title='bbox 2231 5553 2366 5621; x_wconf 87' lang='lat' dir='ltr'><strong>Cor.</strong></span> <span class='ocrx_word' id='word_1_861' title='bbox 2398 5571 2455 5632; x_wconf 81' lang='grc' dir='ltr'><strong>ν,</strong></span> <span class='ocrx_word' id='word_1_862' title='bbox 2490 5554 2550 5620; x_wconf 88' lang='grc'><strong>5.</strong></span> 
     </span>
    </p>
   </div>
  </div>
