4094 6196
307 307 434 375 505

1299 311 1486 375 VITA
1528 310 1589 373 S.
1637 306 2036 374 THEODOSII
2082 313 2693 384 COENOBIARCHE.

3572 322 3691 398 506

396 442 536 521 λς’,
589 450 762 505 Ταῦτα
792 441 967 523 λέγων
996 445 1024 501 ὃ
1054 444 1349 519 θαυμάσιος
1382 442 1659 509 Θεοδόσιος
1704 450 1834 502 πᾶσι
1867 445 1966 521 μὲν

2106 445 2351 508 36.11am
2373 448 2582 513 dicens
2602 454 2976 520 admirabilis
2999 457 3694 536 Theodosius,omnibus
3776 486 3779 497 ί

304 535 417 602 τὴν
487 537 839 615 παραψυχήν·
887 534 999 590 ἔστι
1071 535 1159 597 οἷς
1207 532 1263 590 δὲ
1334 535 1420 590 καὶ
1478 532 1796 611 ἀπαλλαγὴν
1836 541 1961 591 ’τοῦ

306 626 620 698 νοσήματος
665 623 1009 696 ἐμνησεύετο⁶
1071 636 1191 685 τοις
1231 622 1415 683 ἄλλοις
1475 624 1728 700 γενναίως
1785 624 1959 703 φέρειν

304 714 382 769 τὰ
439 711 675 792 δυσχερῇ
743 719 1038 789 παραινῶν,
1098 714 1191 769 καί
1262 712 1455 768 πείθων
1525 710 1957 790 λυσιτελεστέραν

303 799 636 879 ἀπαλλαγῆς
694 802 843 858 εἶναι
904 802 1000 869 νὴν
1058 800 1114 857 ἐν
1170 803 1373 865 τούτοις
1428 800 1721 874 ὃπςμονῆν,
1782 802 1958 877 Ταύτῃ

304 912 395 947 τοι
430 892 520 947 καὶ
562 890 725 947 πλέον
783 890 1036 968 Θεοδοσίῃ
1094 893 1156 947 τὸ
1200 888 1649 967 σπουδαζόμενον,
1705 888 1808 967 οὔχ
1874 890 1958 945 ἱνα

303 978 637 1045 ἀπαλλάξειε
710 987 798 1037 τοῦ
850 978 1142 1041 λυποῦντος
1201 980 1321 1040 τοὺς
1380 983 1562 1040 κακῶς
1619 979 1955 1057 πάσχοντας,

306 1066 435 1123 ἀλλ’
478 1068 569 1126 ἵνα
626 1070 826 1127 πείσειε
871 1068 1076 1145 μᾶλλον
1112 1069 1364 1150 εὒψύχως
1417 1067 1592 1147 φέρειν
1632 1069 1720 1125 καὶ
1760 1088 1956 1147 καρτε-

2042 535 2283 614 quidem
2338 541 2694 617 procurabat
2743 547 3235 623 consolationem,
3272 559 3332 611 et
3385 551 3689 615 nonnullis

2044 624 2221 718 etiam
2251 644 2286 686 a
2317 629 2524 690 morbo
2555 630 2969 696 liberationem
2997 658 3011 701 :
3062 638 3209 699 alios
3239 639 3596 718 admonens,
3623 646 3691 705 ut

2040 712 2177 774 forti
2205 720 2265 773 et
2295 734 2508 793 magno
2528 721 2725 781 animo
2758 724 2982 786 ferrent
3011 744 3143 787 eam
3177 712 3598 803 calamitatem,
3627 737 3694 792 et

2041 803 2414 880 persuadens
2439 825 2573 870 esse
2604 810 2809 874 utilius
2838 832 2969 874 eam
3003 815 3259 877 tolerare
3295 835 3477 893 quam
3509 817 3581 878 ab
3614 836 3689 882 ea

2042 893 2421 980 libet-arinen
2445 904 2665 959 ratione
2691 906 3006 973 plurimum
3040 908 3212 964 studii
3237 910 3485 980 ponebat
3506 910 3689 968 Theo-

2042 975 2267 1051 dosius,
2295 1000 2411 1042 non
2436 992 2500 1044 ut
2520 988 2755 1068 eos,qui
2779 991 2933 1052 male
2955 975 3276 1063 habebant,
3303 993 3587 1056 liberaret
3607 995 3684 1059 ab

2044 1084 2114 1128 eo
2146 1070 2301 1168 quod
2328 1081 2452 1134 erat
2476 1074 2575 1168 eis
2586 1078 2900 1168 molestum
2926 1100 2941 1159 ;
2970 1080 3072 1142 sed
3107 1091 3169 1141 ut
3195 1083 3387 1161 potius
3416 1084 3504 1144 eis
3539 1101 3685 1168 per-

2044 1157 2325 1221 suaderet
2356 1169 2419 1224 ut
2447 1180 2517 1225 ea
2549 1163 2687 1228 forti
2719 1175 2778 1227 et
2808 1157 3021 1250 magno
3052 1157 3248 1234 animo
3279 1171 3529 1235 ferrent.

1818 1255 2042 1315 CAPUT
2079 1257 2170 1315 IX.

1152 1359 1332 1423 Varia
1362 1361 1584 1439 templa
1615 1364 1961 1423 exstructa.
1995 1357 2375 1426 Exercitatio
2398 1369 2848 1435 monachorum.

378 1460 485 1541 λζ’,
531 1467 699 1526 Ἀλλὰ
730 1471 829 1547 γὰρ
860 1468 1007 1534 ὅπως
1035 1469 1124 1525 καὶ
1153 1481 1270 1529 τοῖς
1302 1466 1483 1530 ἄλλοις
1515 1466 1717 1524 ἐκείνου
1746 1468 1938 1529 καλοῖς
1964 1470 1981 1519 Ι

2104 1467 2203 1561 37.
2238 1474 2354 1535 Sed
2379 1477 2540 1539 enim
2571 1480 2871 1561 quomodo
2902 1481 3157 1545 aliorum
3193 1483 3354 1545 illius
3375 1486 3671 1547 bonorum

302 1560 432 1625 τοὺς
477 1560 741 1636 ἆκροατας
797 1557 1169 1630 ἐστιάσομενς
1246 1558 1295 1612 τί
1364 1558 1464 1635 γὰρ
1512 1558 1586 1619 ὡς
1658 1556 1712 1611 ἐν
1767 1557 1957 1618 σπάνει

2042 1560 2236 1653 epulis
2255 1563 2555 1628 auditores
2578 1560 2946 1648 excipiamus
2968 1570 3000 1631 ‘l
3029 1571 3180 1644 Quid
3207 1573 3393 1653 enim,
3422 1573 3678 1653 perinde

300 1649 738 1727 κατορθωμάτων
782 1644 1051 1724 διατριϐὰς
1096 1651 1172 1717 τῷ
1200 1644 1347 1722 λόγῳ
1404 1646 1795 1743 πᾳερινοήσομεν
1832 1662 1848 1720 ;
1880 1646 1958 1743 τίς

2039 1665 2108 1708 ac
2130 1649 2179 1711 si
2204 1650 2402 1714 desint
2431 1673 2526 1717 res
2552 1644 2834 1737 prreclare
2867 1658 2939 1722 ab
2972 1679 3042 1723 eo
3074 1669 3281 1740 gestae,
3304 1644 3677 1743 excogitabi-

298 1760 408 1815 γαρ
472 1746 579 1794 τῶν
622 1737 843 1793 ἐνταῦθα
899 1735 1230 1806 τελουμένων
1279 1733 1553 1809 ὕμνῳδιῶν
1612 1736 1841 1800 ἀκούσας
1897 1734 1956 1791 οὗ

297 1829 664 1907 θελχθήσεται
721 1825 824 1901 μὲν
865 1824 1059 1897 ἀκοὴν,
1091 1824 1381 1892 ἡσθήσεται
1432 1822 1485 1878 δὲ
1542 1824 1749 1903 ψυχὴν,
1797 1846 1953 1901 σκιρ-

296 1918 459 1986 τήσει
493 1914 546 1971 δὲ
598 1915 803 1990 θερμῶς
837 1914 934 1981 τὴν
977 1909 1215 1990 καρδίαν,
1248 1916 1336 1968 καὶ
1380 1912 1446 1968 τὰ
1477 1912 1638 1991 χείλη
1683 1916 1814 1990 πρὸς
1860 1912 1952 1967 εὖ-

296 2008 509 2085 φημίαν
569 2012 662 2061 τοῦ
730 2002 1004 2060 πλάσαντο
1062 2003 1271 2072 κινήσει
1329 2002 1635 2080 προθύμως,
1694 2002 1838 2066 ὅπως
1898 2002 1952 2058 ἓν

292 2093 571 2173 διαφόροις
626 2094 727 2166 μὲν
783 2105 907 2154 ταῖς
953 2089 1247 2168 γλώσσαις,
1281 2091 1384 2146 ὑπὸ
1446 2088 1499 2145 δὲ
1545 2097 1673 2165 μιᾶς
1727 2089 1948 2168 γνώμης

294 2204 357 2240 τε
406 2185 494 2240 καὶ
546 2181 701 2248 δόξης
731 2179 944 2253 ᾅδονται
989 2178 1295 2259 φιλοθὲωςς
1342 2178 1553 2256 ’Ὠσπερ
1583 2180 1682 2256 γὰρ
1726 2178 1809 2235 ἐπὶ
1852 2178 1950 2235 λύ-

293 2293 393 2348 ρας
450 2278 528 2346 τῷ
582 2269 850 2345 ἆμοιϐαίῳ
891 2269 1148 2346 κρούματι
1179 2269 1239 2323 τὸ
1272 2266 1522 2347 διάφορον
1582 2274 1687 2324 τῶν
1756 2268 1948 2348 φωνῶν

293 2363 480 2439 ῥυθμῷ
529 2365 872 2437 συγκιρνᾰται
928 2356 1257 2435 παραδόξως,
1296 2355 1433 2412 οὔτω
1487 2354 1552 2422 δὴ
1583 2358 1669 2413 καὶ
1727 2359 1947 2413 ἒνταῦθα

2041 1756 2195 1829 mus,
2229 1745 2732 1821 quemadmodum
2787 1752 3084 1829 possimus
3114 1751 3416 1813 immorari
3443 1752 3505 1814 in
3536 1771 3677 1814 ora-

2038 1828 2198 1889 tione
2216 1830 2247 1890 ‘I
2281 1832 2421 1904 Quis
2438 1835 2597 1896 enim
2622 1855 2758 1898 cum
2786 1828 2909 1913 eas,
2936 1859 3068 1920 quae
3090 1841 3186 1902 hic
3213 1841 3385 1919 ﬁunt,
3417 1840 3676 1904 audierit

2034 1921 2522 1991 hymnodiasmon
2547 1930 2905 1989 demulcetur
2925 1932 3155 2003 quidem
3187 1934 3676 1999 auribus,laetatur

2034 2012 2231 2065 autem
2282 2009 2506 2084 animo,
2540 2010 2725 2073 corde
2780 2020 2978 2074 autem
3008 2013 3404 2075 vehementer
3448 2012 3672 2089 exsilit,

2037 2104 2434 2176 promptoque
2464 2108 2525 2161 et
2554 2098 2734 2161 alacri
2765 2100 2965 2163 animo
3008 2101 3175 2162 labra
3207 2109 3405 2163 movet
3433 2100 3508 2166 ad
3541 2101 3676 2163 lau-

2033 2180 2290 2243 dandum
2319 2204 2453 2245 eum
2477 2188 2576 2267 qui
2608 2187 2772 2263 fecit,
2805 2191 2962 2270 quod
2991 2190 3244 2252 diversis
3271 2188 3515 2271 quidem
3559 2190 3681 2252 lin-

2027 2271 2159 2349 guis
2192 2292 2304 2333 una
2328 2283 2522 2336 autem
2549 2286 2748 2339 mente
2772 2288 2835 2339 et
2858 2279 3155 2340 sententia
3181 2288 3474 2341 canentur
3496 2279 3592 2359 pie
3615 2287 3676 2342 et

2025 2360 2648 2439 religiosewnnmodo
2676 2366 2835 2428 enim
2873 2367 2933 2427 in
2960 2367 3105 2447 lyra,
3134 2386 3200 2429 ea
3233 2386 3366 2446 qua;
3396 2367 3462 2428 fit
3491 2367 3673 2430 vicis-

293 2456 379 2523 τῷ
434 2448 669 2528 διαφόρῳ
722 2454 829 2504 τῶν
885 2446 1169 2524 γλωσσῶν,
1202 2445 1443 2511 ποικίλος
1499 2467 1579 2507 τις
1642 2446 1726 2501 καὶ
1786 2448 1944 2522 ἄκρι-

2032 2451 2135 2509 sim
2183 2452 2539 2529 pulsatione,
2577 2445 3060 2535 contemperatur
3105 2445 3315 2517 vocum
3362 2455 3676 2519 diversitas

291 2536 407 2601 ὄῶς
469 2537 779 2614 ἐναρμόνιος
810 2534 1045 2608 ἒξᾳδεται
1093 2533 1279 2607 ὕμνος,
1337 2535 1400 2592 '0
1430 2535 1530 2611 γὰρ
1571 2534 1734 2625 σοφὸς
1790 2536 1942 2625 οὗτος

2032 2555 2278 2602 numero
2300 2541 2641 2605 admirabili
2669 2564 2686 2621 ;
2722 2544 2797 2605 ita
2822 2533 3004 2606 etiam
3032 2544 3128 2606 hic
3158 2563 3392 2625 quoque
3417 2541 3677 2605 diversis

290 2629 460 2707 ἀνὴρ,
496 2628 675 2705 ὥσπερ
734 2629 762 2683 ὁ
795 2624 960 2682 πάλαι
1012 2622 1278 2689 Βεσελεὴλ
1306 2624 1333 2679 ὁ
1388 2626 1485 2688 τῆς
1517 2622 1658 2687 θείας
1714 2620 1937 2701 ἀρχιτέ-

2032 2625 2517 2709 linguis,qitidam
2546 2632 2741 2692 varius
2770 2641 2828 2692 et
2850 2632 3021 2694 valde
3044 2620 3375 2694 concinnus
3403 2640 3677 2694 cantatur

291 2738 441 2774 κτων
499 2720 729 2789 σκηνῆς,
765 2726 1050 2793 σοφώτατα
1104 2711 1169 2780 δὴ
1220 2713 1306 2768 καὶ
1362 2710 1620 2767 κάλλιστα
1665 2711 1783 2786 περὶ
1837 2712 1937 2777 τὴν

2032 2715 2417 2794 hymnusﬂic
2441 2718 2618 2780 etiam
2640 2720 2734 2782 vir
2749 2721 3016 2800 sapiens.
3042 2721 3195 2783 sicut
3226 2720 3367 2782 olim
3390 2717 3671 2784 Beseleel

291 2808 468 2881 μονὴν
528 2805 726 2870 ταύτην
767 2803 867 2869 τὴν
922 2802 1074 2878 ἁγίαν
1131 2803 1428 2878 οἰκονομεῖ,
1472 2798 1727 2875 τέσσαράς
1767 2821 1824 2856 τε
1852 2802 1932 2855 ίε-
1970 2866 1981 2890 Α

2037 2803 2221 2867 divini
2275 2807 2636 2869 architector
2693 2798 3081 2883 tabernaculi,
3125 2809 3567 2890 sapientissime
3612 2818 3674 2871 et

291 2861 357 2881 I'"
426 2861 437 2872 '
683 2861 695 2870 '
825 2861 837 2869 '
971 2861 981 2878 Ι
1308 2861 1319 2875 Ὁ
1414 2861 1428 2878 1
1637 2861 1646 2875 Ι
1714 2861 1725 2864 ⁷

289 2895 418 2974 ροὺς
463 2893 645 2958 οἴκους
678 2893 816 2948 εἵσω
873 2892 1069 2956 ταύτης
1116 2887 1416 2963 οἰκοδομεῖ²
1457 2889 1532 2944 ὧν
1575 2891 1668 2945 τὸν
1704 2890 1799 2963 μὲν
1860 2866 1981 2946 ἕνα⁴

2040 2896 2431 2966 pulcherrime
2452 2898 2745 2971 dispensat
2765 2910 2819 2957 et
2850 2861 3227 2959 administratr
3242 2902 3300 2957 in
3333 2901 3443 2958 hoc
3472 2910 3672 2959 sancto

287 2972 414 3045 τοῖς
467 2982 566 3048 τὴν
598 2972 829 3039 Ἐλλάδα
878 2977 1122 3056 γλῶτταν
1165 2977 1508 3055 προιεμὲνοις
1563 2977 1780 3057 ἂνῆκει,
1815 2978 1867 3034 ἒν
1911 2980 1956 3053 ᾧ

2041 2985 2496 3058 monasterio,et
2522 2992 2774 3063 quatuor
2793 2985 3126 3049 aadesintra
3146 2985 3205 3047 id
3238 2984 3493 3048 aediﬁcat
3520 2986 3674 3065 (l7).

287 3073 382 3129 καὶ
440 3070 585 3144 αὖτῷ
614 3068 709 3126 καί
741 3076 819 3142 τῷ
866 3090 1017 3147 χορῳ
1045 3072 1150 3122 τῶν
1199 3065 1379 3122 ἄλλων
1408 3066 1659 3145 Πατέρων
1690 3071 1717 3124 ὁ
1778 3067 1949 3143 ὕμνος

2035 3067 2117 3131 Ex
2177 3070 2396 3150 quibus
2426 3090 2605 3134 unam
2654 3072 2894 3154 quidem
2939 3074 3167 3138 dimisit
3195 3074 3288 3149 iis,
3324 3076 3423 3155 qui
3472 3073 3675 3154 lingua

288 3159 475 3241 ᾔδετο.
539 3158 729 3224 Ἐντῆ
786 3156 1011 3234 δευτέρῳ
1039 3155 1094 3212 δὲ
1154 3157 1212 3211 τὸ
1256 3161 1362 3211 τῶν
1432 3159 1647 3212 Becath
1678 3158 1829 3233 γένος
1881 3164 1950 3234 τῇ

2035 3160 2242 3221 Graeca
2272 3170 2545 3236 utuntur,
2574 3162 2630 3223 in
2663 3180 2778 3243 qua
2809 3173 2867 3224 et
2909 3164 3037 3243 ipse
3069 3172 3128 3225 et
3157 3164 3406 3225 aliorum
3440 3180 3679 3244 quoque

289 3248 523 3328 σφετέρᾳ
577 3247 727 3326 φωνῆ
782 3251 859 3318 τῷ
901 3251 1063 3318 κοινῷ
1124 3244 1370 3320 Δεσπότῃ
1419 3244 1514 3308 τὰς
1548 3244 1715 3324 εὐχὰς
1760 3244 1949 3303 ἀπεδί-

2032 3251 2263 3309 Patrum
2289 3255 2501 3311 chorus
2533 3256 2810 3327 hymnum
2831 3258 3090 3313 canebat.
3117 3256 3179 3313 In
3207 3255 3456 3313 secunda
3480 3264 3673 3313 autem

286 3336 405 3399 δου,
468 3337 570 3394 Τὸν
599 3333 655 3390 δὲ
698 3336 873 3413 τρίτον
903 3334 964 3389 τὸ
1005 3336 1110 3389 τῶν
1162 3330 1459 3408 Ἀρμενίων
1490 3331 1651 3409 φύλον
1709 3333 1945 3415 εἰλήχα-

2032 3352 2221 3413 genus
2265 3337 2587 3399 Bessorum
2621 3339 2734 3415 (18)
2764 3357 2871 3401 sua
2901 3357 3045 3402 voce
3075 3338 3382 3401 communi
3414 3338 3669 3402 Domino

290 3449 404 3504 σιν,
435 3424 491 3481 ἐν
533 3426 578 3500 ᾧ
620 3423 687 3492 δὴ
719 3425 805 3479 καὶ
867 3423 1021 3479 αἶ)τοῖ
1067 3421 1134 3488 τῆ
1182 3422 1387 3498 πατρίῳ
1442 3419 1658 3498 γλώττῃ
1697 3430 1771 3496 τῷ
1830 3431 1946 3497 Θεῷ

2032 3424 2314 3486 fundebat
2343 3444 2576 3505 preces.
2610 3427 2871 3490 Tertiam
2922 3436 3121 3491 autem
3150 3429 3358 3490 sortita
3386 3428 3495 3490 fuit
3521 3447 3670 3507 gens

290 3516 416 3577 τοὺς
472 3515 665 3588 ὕμνους
697 3512 975 3591 ἀνέφερον.
1038 3512 1140 3568 Τὸν
1185 3507 1414 3589 ἔσχατον
1457 3508 1510 3565 δὲ
1540 3510 1636 3567 καί
1693 3533 1944 3589 τεταρτον

2032 3513 2675 3594 Armeniorum(19):in
2703 3536 2814 3597 qua
2832 3516 3669 3598 quidemipsiquoquolingua

289 3604 396 3677 ἰδίᾳ
426 3602 564 3663 πάνυ
593 3608 700 3659 τῶν
748 3600 924 3657 ἄλλων
970 3602 1018 3658 οἱ
1047 3598 1304 3674 δαιμονίῳ
1333 3605 1467 3677 φορᾷ
1495 3598 1720 3678 κάτοχοι
1751 3600 1939 3681 εἶχον,

2032 3603 2211 3682 patria
2244 3600 2365 3664 Deo
2409 3603 2662 3683 hymnos
2716 3605 3091 3668 emittebant.
3123 3603 3406 3670 Ultimam
3464 3616 3662 3669 autem

290 3697 341 3752 οἱ
407 3692 588 3759 ἄλλως
648 3691 943 3770 παράφοροί
996 3710 1055 3745 τε
1118 3690 1204 3746 καὶ
1259 3689 1352 3747 τὰς
1414 3686 1603 3767 φρένας
1659 3687 1939 3765 διεθαρμέ-

2032 3699 2081 3750 et
2111 3698 2382 3770 quartam
2433 3710 2700 3754 seorsum
2734 3692 2807 3754 ab
2838 3693 2991 3767 aliis,
3027 3693 3067 3755 ii
3099 3700 3197 3773 qui
3230 3694 3602 3758 vexabantur
3631 3715 3667 3757 a

287 3805 407 3851 νου,
453 3785 529 3838 ὧν
571 3782 662 3838 καὶ
690 3783 719 3837 ὃ
762 3779 923 3857 λόγος
967 3776 1073 3845 ἤδη
1118 3777 1321 3856 φθάσας
1352 3776 1613 3850 ἐμνήσθη,
1647 3779 1809 3834 ὁπότε
1853 3781 1940 3835 καὶ

2032 3777 2318 3842 daemone:
2352 3781 2453 3857 qui
2486 3799 2622 3843 cum
2660 3791 2823 3842 erant
2856 3782 3081 3863 alioqui
3115 3782 3328 3845 furiosi
3359 3791 3419 3844 et
3450 3790 3663 3846 emota;

287 3872 440 3929 αὖτοὶ
495 3872 713 3948 νήφοιεν
772 3868 888 3942 μεθ’
946 3866 1111 3947 ἔσχον
1170 3868 1244 3928 εἱς
1300 3865 1609 3944 ὑπουργίαν,
1656 3866 1710 3921 ἐν
1767 3868 1938 3939 τούτῳ

2032 3866 2260 3941 mentis,
2296 3876 2360 3928 ut
2385 3878 2521 3929 ante
2553 3870 2956 3944 meminimus,
2990 3889 3128 3932 cum
3178 3870 3292 3950 ipsi
3327 3871 3401 3931 ad
3431 3888 3498 3931 se
3550 3888 3657 3932 re-

285 3957 357 4027 δὴ
384 3966 462 4033 τῷ
499 3950 733 4034 ’Υψίστῳ
761 3957 856 4019 τὰς
889 3955 1274 4031 ἂναπέμοντες.

2032 3956 2174 4016 versi
2201 3965 2370 4018 erant
2399 3959 2742 4036 composita:-
2776 3959 3156 4032 mentis,cum
3190 3960 3285 4034 iis,
3307 3960 3409 4039 qui
3432 3958 3519 4019 eis
3544 3959 3661 4020 mi-

2018 4043 2374 4118 nistrabant,
2412 4048 2467 4107 in
2498 4064 2568 4107 ea
2598 4064 2810 4127 preces
2840 4047 3193 4110 emittebant
3227 4047 3556 4111 Altissimo.

367 4132 484 4200 λη’.
531 4130 684 4190 Οῧτω
726 4130 913 4193 αὐτοῖς
941 4131 968 4184 ὁ
1000 4131 1098 4196 τῆς
1128 4127 1388 4204 ὑμνῳδίας
1422 4128 1730 4187 ὲπετελεττο
1760 4132 1934 4188 κανὼν
1954 4210 1981 4217 _

2081 4132 2272 4195 38.lta
2288 4133 2362 4195 ab
2386 4135 2471 4196 eis
2496 4135 2887 4215 peragebatur
2909 4135 3389 4217 1ιγιιιιιοάἱω(20)
3425 4138 3656 4216 regula,

283 4222 424 4279 κατᾶ
452 4223 517 4278 τὸ
560 4222 840 4299 εἰρήμενον
873 4219 1095 4281 ἑπτάκις
1126 4218 1223 4284 τῆς
1251 4219 1457 4296 ἡμέρας
1501 4221 1577 4294 τῷ
1610 4227 1933 4297 Δημιουργῷ
1953 4210 1981 4264 Ῑ

2032 4239 2147 4303 qum
2169 4222 2263 4302 (ut
2292 4210 2515 4285 dictum
2541 4210 2664 4294 esti
2676 4226 2899 4305 septies
2922 4210 2980 4287 in
3016 4226 3114 4288 die
3144 4210 3657 4290 oﬁ'ereb'atur'Deo

288 4311 507 4365 πάντων
562 4307 980 4386 ἀναφερόμενος,
1026 4305 1197 4362 Ἀλλὰ
1253 4318 1414 4366 ναῦτα
1471 4308 1568 4379 μὲν
1623 4309 1713 4364 τὸν
1771 4306 1934 4365 ἄλλον

2032 4313 2451 4374 iniversorum.
2479 4312 2595 4374 Sed
2621 4313 2747 4375 haec
2770 4313 3014 4393 quidem
3037 4315 3153 4376 alio
3177 4324 3470 4396 tempore.
3504 4316 3653 4379 Nam

284 4399 497 4473 καιρόν’
557 4397 670 4452 ἐπεὶ
730 4396 818 4453 ὅτε
890 4417 951 4473 γε
1008 4396 1118 4452 τῶν
1174 4402 1387 4452 σεπτῶν
1452 4394 1563 4452 ἔδει
1634 4412 1932 4476 μετασχεῖν

2032 4404 2244 4475 quando
2267 4408 2563 4476 oportebat
2584 4407 2901 4464 veneranda
2922 4409 3261 4480 participare
3279 4394 3653 4476 sacramenta,

282 4487 615 4561 μυστηρίων,
650 4482 848 4563 σφόδρα
905 4484 1085 4547 καλῶς
1150 4482 1296 4563 ἔχων
1341 4483 1466 4559 παρ’
1519 4487 1707 4548 αὐτοῖς
1762 4484 1935 4541 ἔκειτο

2032 4508 2113 4551 ex
2138 4499 2263 4551 erat
2282 4490 2439 4570 apud
2463 4509 2565 4552 eos
2592 4491 2838 4571 pulchre
2867 4491 3190 4554 admodum
3215 4492 3553 4569 constituta,
3589 4504 3657 4554 ut

282 4575 477 4648 νόμος,
508 4571 649 4629 ὥστε
689 4572 855 4651 μέχρι
901 4573 999 4647 μὲν
1044 4572 1151 4629 τῶν
1186 4573 1548 4628 θεοπνεύστων
1596 4573 1935 4650 Εὗαγγελίων

2032 4596 2196 4653 isque
2218 4582 2287 4638 ad
2310 4582 2584 4640 divinitus
2608 4586 2884 4654 inspirata
2918 4584 3218 4655 Evangelia
3254 4587 3656 4656 unusquisque

279 4664 420 4719 κατᾶ
477 4663 577 4729 τὴν
608 4663 804 4718 οτκείαν
862 4660 1083 4717 ἕκαστον
1128 4659 1420 4727 εκκλησίαν
1451 4659 1563 4736 ἅμα
1604 4663 1694 4718 καὶ
1750 4661 1930 4739 γλῶτ-

352 4791 469 4861 (t7)
513 4790 834 4850 accessisse
864 4792 922 4849 S.
960 4791 1347 4849 Theodosium
1380 4791 1452 4848 ad
1504 4799 1726 4862 partem
1757 4793 1932 4851 lautae

274 4863 678 4929 occidentalis,
711 4863 1042 4933 ibidemque
1070 4864 1428 4920 exstruxisse
1494 4863 1931 4931 monasterium,

274 4933 525 5004 refertur
553 4934 608 5004 in
644 4932 766 4990 Vita
796 4933 852 4988 S.
893 4932 1053 4989 Saba
1083 4948 1101 5002 ;
1153 4947 1276 5004 qva
1311 4934 1381 4989 de
1411 4933 1518 4989 hac
1547 4934 1918 5003 ampliatione

274 5003 649 5075 intelligenda
681 5019 806 5061 esse
836 5004 1091 5059 diximus
1122 5006 1177 5059 in
1212 5004 1663 5075 Prolegomenis.

346 5074 464 5142 (18)
497 5073 665 5131 Bessi:
696 5089 801 5132 seu
836 5075 1048 5137 Bessae.
1082 5073 1275 5144 populi
1310 5073 1570 5131 boreales
1607 5082 1760 5132 sunt.
1797 5074 1916 5132 Me-

273 5146 443 5200 minit
502 5159 704 5202 eorum
761 5145 818 5201 S.
878 5144 1156 5201 Paulinus
1206 5146 1511 5271 episcqpus
1572 5145 1819 5202 Nolanus
1852 5146 1916 5203 in

274 5224 541 5271 poemate
594 5217 663 5271 de
694 5216 886 5271 reditu
934 5216 990 5269 ὃ.
1041 5214 1251 5271 Niceten
1283 5216 1340 5271 in
1432 5217 1637 5271 aciem.
1671 5218 1825 5271 uuod
1879 5218 1909 5271 7

312 5217 668 5288 oemate_de_
694 5216 886 5273 reditu
934 5216 990 5288 ὃ.
1041 5214 1251 5288 Niceten
1283 5216 1340 5271 in
1381 5214 1637 5288 Daciam,
1671 5218 1825 5288 quod
1879 5218 1909 5274 7

301 5299 507 5342 anuar.
540 5285 826 5350 dedimus,
861 5287 957 5343 ubi
990 5300 1047 5342 ιι.
1087 5285 1154 5340 22
1197 5286 1318 5340 haec
1349 5287 1505 5342 canit
1538 5304 1553 5351 ;

448 5383 590 5439 ham
617 5383 784 5438 simul
811 5383 970 5438 terris
999 5382 1293 5453 animisque
1330 5380 1483 5448 duri,

448 5453 528 5509 Et
556 5468 657 5510 sua
684 5453 838 5509 Bessi
863 5453 982 5509 sive
1016 5452 1287 5518 duriora.

447 5522 600 5581 Nunc
627 5524 917 5596 παίσειε.
943 5521 1161 5596 detecto
1189 5526 1490 5596 gregantur

783 5594 897 5654 acia
930 5594 993 5654 in
1018 5593 1223 5655 aulam.

2015 4665 2075 4725 in
2112 4684 2219 4726 sua
2252 4666 2507 4728 ecclesia
2555 4667 2731 4729 simul
2765 4678 2819 4729 et
2853 4667 3074 4747 lingua,
3109 4668 3367 4731 divinam
3418 4669 3655 4733 audiret

2016 4797 2220 4856 Ovidio
2278 4801 2449 4855 etiam
2494 4799 2737 4857 Danubii
2799 4800 3009 4858 accolae
3046 4802 3352 4868 habentur,
3384 4808 3440 4860 et
3496 4801 3652 4861 Gotls

2015 4868 2205 4933 vicini,
2240 4872 2313 4926 ita
2346 4870 2388 4926 Ι.
2424 4882 2484 4927 nt
2518 4872 2793 4942 Triclinia,
2825 4871 2970 4943 eleg.
3005 4872 3035 4927 3
3069 4887 3084 4931 :

2069 5044 2415 5103 Sauromata
2438 5047 2667 5118 cingunt
2694 5050 2821 5120 fera
2837 5048 3269 5122 genu.Bmique
3299 5051 3577 5122 Genioque.

1997 5210 2084 5283 4n
2123 5210 2245 5283 haec
2299 5224 2496 5283 eorum
2532 5211 2725 5283 lingua
2764 5211 2866 5270 fuit
2906 5212 3180 5283 fortassis,
3213 5227 3341 5283 quae
3377 5212 3486 5283 hoc
3532 5225 3651 5268 avo

1999 5280 2296 5354 glavonica
2349 5280 2578 5354 dicitur.
2613 5280 2668 5338 et
2696 5281 2807 5339 late
2841 5298 2937 5351 per
2974 5280 3434 5354 Septentrionem
3467 5282 3525 5338 in
3554 5283 3644 5338 ot-

1999 5348 2131 5405 ﬂcio
2163 5349 2557 5409 ecclesiastico
2591 5348 2927 5422 usurpatur.

2067 5442 2189 5513 (19)
2215 5444 2298 5515 De
2328 5442 2519 5514 lingua
2553 5447 2860 5503 Armenica
2889 5444 3149 5515 quaedam
3170 5444 3350 5515 habet
3381 5448 3640 5513 Athana-

1996 5512 2118 5572 sius
2147 5512 2456 5571 Kircberu's
2485 5523 2680 5574 noster
2710 5517 2769 5572 in
2800 5512 3119 5573 Pro‘dromo
3152 5514 3352 5586 Copto.

2064 5596 2179 5671 (20)
2209 5598 2496 5672 Antiquiis
2524 5599 2799 5660 horarum
2831 5598 3240 5659 canonicarum
3278 5612 3448 5663 usus.
