4094 6196
477 249 593 328 ἶο7

1769 254 2052 324 MENSIS
2091 257 2542 324 JANUARIUS.

3702 249 3808 320 508

478 408 684 458 vocem
719 408 736 470 ;
780 398 982 473 postea
1010 398 1209 455 autem
1254 410 1467 454 omnes
1521 400 2028 470 congregarentur
2056 393 2118 454 in

2220 409 2296 453 ταν
2350 400 2449 462 τῆς
2479 396 2620 453 θείας
2677 394 2890 453 ἀκούειν
2934 395 3138 474 φωνῆς,
3172 389 3232 447 τό
3261 388 3315 448 δὲ
3370 390 3451 447 ἐπὶ
3501 392 3695 458 τούτοις
3745 394 3812 460 εἷς

480 503 622 558 una,
687 482 956 565 exceptis
1012 481 1441 557 dmmoniacis;
1504 482 1562 544 in
1630 500 1839 560 magna
1898 481 2131 545 scilicet

483 577 827 640 Graecorum
880 573 1153 635 ecclesia.
1191 570 1357 643 Quod
1391 570 1633 651 quidem
1665 572 1725 633 in
1769 570 2125 635 hodiernum

483 684 674 747 usque
702 664 859 725 diem
892 662 1117 724 faciunt
1151 682 1164 723 :
1201 669 1261 722 et
1291 660 1410 723 illic
1465 670 1603 722 sunt
1633 661 1957 743 participes
1986 681 2125 724 san-

484 754 901 818 ctiﬁcatorum.

565 840 742 905 39.Et
764 840 903 921 quid
927 858 1078 917 opus
1109 851 1199 901 est
1221 840 1421 903 omnia
1451 860 1795 916 recensere,
1820 842 2001 918 illius,
2027 844 2124 907 in—

484 949 690 1010 quam,
724 930 880 992 sacri
914 929 1169 1011 pastoris
1199 940 1258 992 et
1297 931 1537 1011 gregis;
1573 942 1630 994 et
1690 941 1885 995 utrum
1920 951 2126 996 eorum

487 1021 676 1101 magis
705 1020 1040 1082 admiretur
1071 1020 1205 1102 quis
1236 1021 1624 1095 virtutem,an
1656 1023 2130 1087 multitudinem?

484 1111 629 1174 Nam
656 1128 806 1193 quos
838 1117 956 1171 tota
981 1127 1089 1173 sua
1128 1110 1244 1172 vita
1278 1111 1982 1192 parturiitspiritualiter,
2020 1133 2127 1193 pa-

489 1211 659 1263 terne
693 1209 887 1262 autem
914 1199 1209 1269 nutriit,et
1232 1200 1453 1262 deinde
1476 1201 1651 1262 etiam
1676 1202 1744 1262 ad
1773 1203 1957 1264 Deum
1986 1204 2129 1264 emi-

486 1291 729 1363 sit,cum
758 1290 1007 1371 pulchre
1029 1309 1194 1351 suam
1220 1291 1394 1351 vitam
1424 1290 1985 1364 iiniissent,fuerunt
2015 1313 2131 1354 nu-

488 1398 654 1444 mero
673 1380 939 1442 sexcenti
971 1388 1028 1440 et
1052 1380 1369 1459 nonaginta
1392 1388 1533 1443 tres.
1562 1381 1723 1452 Quos
1745 1391 1940 1444 autem
1975 1401 2129 1462 prte-

490 1469 949 1551 fectus(21),qni
975 1479 1104 1551 post
1126 1470 1290 1530 illum
1318 1471 1605 1532 successit
1624 1474 2137 1549 mouasterio,fue-

486 1569 631 1624 runt
652 1561 962 1641 plusquam
983 1560 1699 1641 quadringenti,paterna2
1724 1561 1952 1624 virtutis
1968 1580 2138 1644 aper-

490 1659 616 1714 tum
647 1656 958 1710 servantes
986 1650 1417 1729 characterem,
1449 1650 1548 1711 ﬁlii
1585 1660 1808 1731 patrem
1842 1659 2132 1726 amantes,

2211 485 2336 560 μίαν
2381 485 2582 549 πάντας
2614 483 2757 552 πλὴν
2806 490 2912 540 τῶν
2942 479 3315 555 δαιμονώντων
3347 481 3444 549 τήν
3492 480 3720 558 μεγαλην
3758 480 3817 553 δὴ

2210 580 2316 630 τῶν
2372 572 2735 642 Ἑλληνιστῶν
2796 571 3081 639 ἐκκλησίαν
3143 571 3488 649 ἀθροίζεσθαι*
3544 571 3571 626 ὃ
3624 572 3706 629 καὶ
3752 574 3818 635 εἷς

2209 661 2354 741 δεῦρο
2410 662 2684 728 ποιοῦντές
2743 665 2841 720 εἶσι
2884 660 3116 718 καὶτῶν
3164 658 3512 737 ἀγιασματων
3565 661 3676 718 ἐκεῖ
3728 683 3816 738 με·

2207 751 2424 832 τέχουσι
2434 801 2448 816 ,

2291 840 2399 904 λθί.
2452 843 2549 899 Καὶ
2592 841 2640 898 τί
2699 840 2785 898 δεῖ
2839 840 3014 898 πάντα
3068 838 3409 921 καταλέιρειν,
3447 839 3513 896 τὰ
3562 845 3650 897 τοῦ
3699 838 3825 918 ἱεροῦ

2210 930 2358 989 τοῦδε
2402 930 2681 1007 ποιμένος,
2713 932 2884 1011 φημί,
2915 932 3003 987 καὶ
3045 931 3294 1004 ποιμνίου
3326 949 3343 1010 ;
3397 932 3484 986 καὶ
3523 929 3734 1009 πότερον
3770 928 3823 986 ἄν

2211 1044 2291 1085 τις
2322 1023 2494 1080 αὐτῶν
2535 1021 2824 1100 ἀγιάσαιτο
2850 1021 2950 1087 τῆν
3008 1018 3200 1100 ἀρετὴν
3232 1020 3269 1089 ἢ
3326 1021 3386 1077 τὸ
3417 1018 3615 1086 πλῆθος
3648 1038 3664 1095 ;
3712 1016 3824 1097 Παρ⁹

2212 1111 2342 1179 ὅλην
2376 1112 2469 1186 μὲν
2510 1111 2609 1188 γὰρ
2667 1111 2827 1167 αἱ)τοῦ
2875 1109 2975 1177 τὴν
3029 1110 3174 1180 ζωὴν
3219 1110 3305 1171 οὒς
3341 1107 3491 1165 ὤδινε
3531 1108 3627 1185 μὶν
3677 1129 3820 1166 πνευ-

2214 1208 2479 1281 ματικῶς,
2539 1200 2865 1279 ἀνεθρέψατο
2923 1198 2978 1255 δὲ
3039 1206 3339 1276 πατρικῶς,
3389 1199 3513 1255 εἶτα
3569 1198 3654 1255 καὶ
3705 1198 3825 1274 πρὸς

2216 1293 2344 1348 Θεὸν
2401 1290 2814 1370 παρεπέμψατο,
2864 1287 3040 1355 καλῶς
3096 1289 3188 1347 τὸν
3245 1290 3448 1345 ἑαυτῶν
3502 1287 3612 1365 βίον
3662 1285 3825 1344 διατε-

2215 1378 2493 1448 λέσαντας,
2549 1392 2697 1457 τρεῖς
2757 1380 2841 1435 γαὶ
2900 1378 3250 1447 ἐννενήκοντα
3302 1378 3390 1435 καὶ
3446 1375 3697 1443 ἑξακόσιοι
3748 1376 3829 1432 τὸν

2222 1471 2434 1549 Ξτριθμόν
2494 1471 2653 1536 ἦσαν’
2689 1470 2776 1533 οὒς
2807 1465 2859 1522 δὲ
2890 1464 3008 1542 μετ’
3066 1468 3273 1526 ἐκεῖνον
3328 1467 3691 1546 ἀφηγούμενος
3742 1470 3829 1532 τῆς

2218 1563 2388 1633 μονῆς
2445 1556 2717 1637 διεδέχετο
2764 1555 2974 1619 πλείους
3019 1563 3124 1614 τῶν
3167 1557 3518 1636 τετρακοσίων
3558 1556 3832 1636 ἐτύγχανον

2218 1650 2391 1726 ὄντες,
2424 1653 2567 1726 σαφῆ
2630 1648 2721 1703 τὸν
2766 1651 3088 1725 χαρακτῆρα
3130 1647 3230 1712 τῆς
3286 1650 3549 1725 πατρικῆς
3598 1645 3834 1716 σώζοντες

490 1748 550 1803 et
573 1739 677 1801 filii
713 1739 814 1820 qui
844 1738 1163 1815 insigniter
1192 1739 1543 1801 amabantur
1566 1758 1597 1802 a
1626 1739 2009 1819 patre.Causa
2038 1759 2133 1801 au-

2220 1739 2434 1816 ἀρετῆς,
2490 1738 2588 1793 οἷοὶ
2659 1734 3032 1814 φιλοπάτορες,
3107 1735 3203 1792 καί
3277 1733 3437 1792 τέκνα
3506 1732 3833 1815 διαφερόντως

490 1838 608 1892 tem
636 1830 878 1900 amoris,
899 1829 999 1909 qui
1026 1836 1152 1889 erat
1184 1830 1239 1889 in
1267 1830 1564 1911 utrisque,
1589 1840 1714 1891 erat
1748 1851 1864 1891 non
1899 1840 2130 1906 natura,

490 1938 621 2001 quae
645 1928 734 1981 est
757 1937 855 1980 res
877 1918 1051 1980 laude
1078 1937 1289 1980 carens
1314 1928 1371 1981 et
1406 1920 1823 1995 mercede;sed
1850 1920 2004 1982 bona
2026 1940 2131 1982 vo-

489 2009 687 2070 luntas
709 2015 767 2069 et
792 2007 1013 2069 bonum
1048 2008 1228 2068 animi
1263 2008 1628 2084 institutum,
1657 2028 1864 2071 amans
1886 2010 1942 2071 id
1978 2009 2133 2091 quod

488 2096 714 2161 bonum
760 2107 849 2159 est
882 2106 937 2159 et
988 2099 1326 2173 honestum,
1365 2107 1425 2160 et
1456 2098 1592 2160 ideo
1624 2100 1859 2162 laudem
1893 2103 2136 2164 omnino

487 2191 840 2253 meretur.Et
863 2206 1089 2262 possem
1114 2193 1343 2263 quidem
1370 2192 1560 2248 diccre
1577 2207 1707 2250 cum
1740 2208 1943 2266 magna
1972 2196 2138 2254 volu-

490 2285 821 2359 ptate,quot
846 2284 1135 2357 pastores,
1165 2284 1308 2355 quot
1333 2278 1646 2358 episcopos
1667 2279 1794 2358 (‘22)
1824 2279 2139 2359 protulerit

489 2368 623 2448 ejus
645 2366 1008 2441 educatio,et
1025 2377 1169 2447 quot
1200 2386 1267 2429 ex
1288 2368 1419 2447 ejus
1443 2367 1649 2428 ovibus
1672 2368 1909 2430 fuerunt
1932 2379 2130 2445 pasto-

485 2476 584 2520 res
605 2458 880 2531 aliorum,
903 2466 961 2519 et
981 2458 1338 2537 praefuerunt
1367 2458 1552 2519 sacris
1582 2460 1958 2522 monasteriis
1988 2461 2134 2538 (23),

488 2566 605 2612 non
632 2552 737 2624 ipsi
766 2560 1024 2609 amantes
1043 2551 1476 2622 imperium,sed
1503 2554 1947 2625 potiusjudicati
1980 2555 2136 2624 digni

490 2638 594 2720 qui
623 2638 1015 2717 imperarent,
1042 2645 1099 2699 et
1121 2637 1280 2715 digni
1306 2637 1518 2718 quibus
1540 2640 1891 2700 crederetur
1922 2640 2138 2720 praefe-

492 2736 658 2791 ctura
688 2728 1020 2788 animarum
1052 2745 1064 2789 :
1132 2738 1184 2788 et
1221 2737 1359 2806 quot
1394 2728 1654 2789 solitarie
1684 2728 1949 2789 vixerunt
1984 2748 2128 2810 pro-

491 2824 623 2900 pter
645 2815 863 2896 quietis
895 2834 960 2876 ac
988 2815 1211 2875 silentii
1242 2815 1624 2887 desiderium,
1660 2825 1717 2879 et
1744 2819 2130 2898 cupiditatem

491 2907 785 2983 majorum
809 2904 1489 2985 certaminumzquorum
1517 2908 1818 2968 nonnullis
1850 2908 2135 2987 producta

490 2994 601 3055 fuit
627 2991 972 3053 exercitatio
1008 3009 1196 3072 usque
1218 2994 1287 3054 ad
1307 2994 1601 3073 octoginta
1629 3006 1903 3068 annos,et
1924 2999 2009 3058 eis
2032 3016 2134 3058 an-

2220 1829 2375 1907 πατρὶ
2419 1827 2775 1904 στεργόμενα,
2832 1827 2980 1881 Αἰτία
3034 1823 3087 1880 δὲ
3132 1827 3231 1891 τῆς
3280 1825 3333 1881 ἐν
3392 1825 3655 1903 ἑκατέροις
3694 1846 3836 1904 στορ-

2217 1923 2317 1993 γῆς
2376 1921 2435 1975 οὗ
2478 1917 2629 1993 φύσις
2685 1915 2773 1988 ῆν,
2809 1920 3031 1993 πρᾶγμα
3088 1914 3319 1971 ἐπαίνων
3378 1914 3577 1991 ἔρημον
3620 1915 3700 1970 καὶ
3753 1935 3838 1989 μι-

2219 2011 2378 2080 σθῶν,
2442 2004 2581 2060 ἀλλὰ
2633 2005 2937 2081 προαίρεσις
2978 2004 3151 2082 ἀγαθὴ
3201 2005 3262 2060 τὸ
3323 2002 3489 2060 καλὸν
3543 2002 3835 2082 στέργουσα,

2194 2098 2305 2159 ,καὶ
2360 2094 2444 2151 διὰ
2477 2102 2629 2151 τοῦτο
2684 2094 2899 2158 πάντως
2929 2094 3015 2149 καὶ
3046 2094 3320 2173 στεφάνων
3371 2094 3512 2165 ἆζία.
3544 2094 3638 2152 Καὶ
3691 2094 3840 2171 εἶχον

2220 2187 2281 2240 ἂν
2315 2185 2451 2259 μετὰ
2510 2182 2719 2249 πολλῆς
2764 2183 2940 2260 Αέγειν
2971 2188 3069 2249 τῆς
3128 2181 3349 2257 ἡδονῆς,
3385 2182 3540 2245 ὅσους
3581 2181 3840 2259 ποιμένας,

2220 2274 2372 2337 ὅσους
2430 2274 2759 2333 ἐωισκόπους
2803 2274 2833 2341 ἡ
2889 2273 3046 2329 αὒτοῦ
3103 2273 3434 2350 προήνεγκεν
3491 2271 3695 2349 ἀγωγή·
3753 2268 3843 2325 ὅσα

2219 2387 2276 2420 τε
2346 2367 2450 2420 τῶν
2510 2367 2667 2422 αὐτοῦ
2723 2360 3000 2438 προϐάτων
3062 2360 3311 2436 ποιμένες
3377 2359 3557 2423 ἄλλως
3612 2358 3841 2438 γεγόνασι

2221 2455 2308 2510 καὶ
2364 2452 2783 2533 φροιτιστηρίων
2843 2454 2997 2527 ἱερῶν
3052 2448 3413 2530 ἐξηγήσαντο,
3448 2454 3542 2510 οὒκ
3565 2451 3702 2507 αὐτοὶ
3755 2447 3841 2514 τῆς

2221 2544 2397 2622 ἀρχῆς
2470 2540 2802 2619 ἐρασθέντες,
2864 2536 3002 2594 ἀλλὰ
3070 2538 3258 2619 ἄρχειν
3325 2538 3535 2615 μᾶλλον
3602 2535 3841 2615 κριθέντες

2221 2630 2377 2707 ἄξιοι,
2412 2638 2734 2709 προστασίαν
2790 2650 2848 2684 τε
2897 2629 3237 2696 πιστεῦθῆναι
3291 2629 3489 2709 ψυχῶν
3545 2624 3839 2696 ἐπιτήδειοι·

2220 2722 2334 2778 ὅσοι
2380 2742 2435 2777 τε
2498 2717 2613 2776 καθ’
2659 2719 2873 2780 ἑαυτοὺς
2932 2715 3258 2794 βεϐιώκασιν
3298 2720 3532 2799 ἡσυχίας
3575 2719 3717 2787 πόθῳ
3764 2715 3844 2771 καὶ

2214 2810 2438 2887 ἡγώνων
2494 2812 2750 2884 μειζόνων
2782 2807 3051 2887 ἐπιθυμίᾳ,
3088 2809 3161 2862 ὧν
3206 2805 3361 2872 ἐνίοις
3410 2811 3508 2866 καὶ
3555 2810 3625 2871 είς
3653 2802 3841 2883 ὁγδοή-

2217 2922 2378 2955 κοντα
2407 2898 2632 2977 χρόνους
2664 2901 2698 2967 ἡ
2746 2895 2971 2963 Ξξσκησις
3008 2897 3300 2975 παρετάθη,
3332 2897 3425 2953 καὶ
3477 2897 3539 2953 τὸ
3572 2901 3669 2952 τῶν
3720 2894 3840 2950 ἐτῶν

2218 2988 2420 3055 πλῆθος
2466 2987 2651 3050 αὐτοῖς
2723 2988 2926 3063 πρῶθος
2984 2984 3210 3042 πλούτου
3272 2992 3633 3061 πνευματικοῦ
3689 2984 3841 3051 συνήο

492 3099 705 3145 norum
741 3079 1058 3144 multitudo
1091 3071 1469 3164 congregavit
1501 3086 1941 3147 multitudinem
1978 3086 2131 3148 divi-

2220 3082 2418 3158 θροισε.
2484 3075 2562 3131 Δι’
2606 3077 2678 3132 ὧν
2711 3076 2924 3132 πάντων
2974 3073 3251 3139 Θεοδόσιος
3300 3075 3612 3153 ἐγνωρίζετό
3668 3096 3719 3130 τε
3767 3071 3845 3128 καὶ

495 3172 709 3233 tiarum
741 3171 1122 3251 spiritalium.
1150 3175 1268 3237 Per
1286 3192 1417 3254 quae
1449 3176 1648 3236 omnia
1670 3174 2140 3253 cognoscebatur

491 3268 549 3323 et
576 3260 1011 3341 praedicabatur
1031 3261 1431 3343 Theodosius,
1460 3273 1518 3325 et
1542 3265 1593 3325 ei
1626 3282 1873 3327 aureum
1900 3283 2139 3327 conser—

486 3350 733 3412 vabatur
763 3369 977 3429 genus,
1013 3352 1168 3433 quod
1201 3353 1454 3426 honore,
1491 3353 1755 3432 inquam,
1790 3354 2135 3419 antecellit:

486 3459 597 3523 per
623 3459 756 3521 quae
802 3440 859 3503 ei
918 3441 1320 3521 implebantur
1368 3442 1599 3503 fructus
1630 3454 1687 3503 ct
1731 3442 2041 3523 manipuli,
2077 3451 2137 3506 et

488 3548 727 3593 merces
758 3529 1107 3608 augebatur.
1134 3530 1220 3593 De
1252 3548 1614 3612 unoquoque
1644 3551 1785 3611 ergo
1816 3550 2019 3595 eorum
2052 3533 2132 3594 li—

486 3619 700 3682 benter
751 3621 1121 3682 meminisset
1172 3621 1381 3700 oratio,
1419 3621 1529 3682 nisi
1579 3621 2012 3702 produceretur
2059 3621 2131 3684 ad

486 3702 1077 3773 immoderationem.
1138 3708 1387 3790 Oportet
1444 3728 1581 3791 ergo
1642 3710 1846 3791 paucis
1902 3712 2131 3793 dicere,

488 3800 718 3862 nullum
754 3800 937 3862 fuisse
972 3799 1247 3863 relictum
1281 3800 1504 3875 locum,
1540 3807 1638 3882 qui
1672 3819 1789 3862 non
1832 3800 2134 3863 commodi

488 3897 549 3952 et
580 3889 856 3953 utilitatis
887 3890 1109 3971 aliquid
1145 3910 1212 3952 ex
1252 3908 1321 3952 eo
1356 3891 1433 3951 sit
1462 3899 1838 3952 consecutus.

572 3981 671 4040 40.
731 3982 1049 4059 Postquam
1083 3998 1223 4057 ergo
1269 3979 1449 4060 hujus
1476 3981 1586 4041 viri
1615 3979 1797 4040 divini
1828 3979 1979 4041 fama
2030 3997 2137 4059 per

488 4068 831 4129 universum
856 4068 1063 4129 orbem
1097 4076 1269 4128 terra:
1285 4069 1408 4146 jam
1436 4067 1884 4143 pervasisset,et
1901 4068 2136 4132 virtutis

492 4159 794 4222 studiosas
823 4158 896 4219 ad
917 4176 981 4219 se
1011 4157 1346 4219 attraxisset
1377 4158 1605 4220 animas
1640 4180 1655 4239 ;
1693 4160 1861 4221 multi
1894 4160 2133 4240 quidem

490 4265 559 4310 ex
592 4245 1068 4321 militibus,bella
1090 4246 1338 4307 multum
1362 4247 1878 4328 valerejubentes,
1899 4250 2134 4311 refere-

489 4335 704 4398 bantur
728 4335 785 4396 in
816 4353 1128 4397 numerum
1156 4335 1286 4415 ejus
1311 4336 1812 4418 phalangismulti
1837 4347 2030 4401 autem
2067 4357 2136 4401 ex

2218 3166 2560 3244 ἓκηρύττετο,
2610 3165 2696 3220 καὶ
2741 3165 2801 3219 τὸ
2866 3164 3095 3243 χρύσοῦν
3141 3166 3282 3221 αὖ,τῶ
3347 3161 3634 3236 διεσώζετο
3684 3162 3844 3241 γένος,

2219 3262 2352 3332 τιμῇ
2393 3255 2536 3333 λέγω
2569 3255 2629 3310 τὸ
2660 3267 2903 3332 κρεῖττον
2941 3273 2957 3324 ;
3000 3252 3066 3309 δι’
3097 3254 3171 3310 ὠν
3202 3256 3344 3327 αὖτῷ
3372 3257 3425 3309 οἱ
3467 3256 3656 3332 καρποὶ
3682 3255 3765 3310 καὶ
3790 3250 3847 3307 τὰ

2220 3344 2498 3424 δράγματα
2556 3342 2915 3409 ἐπληθύνοντο
2971 3344 3057 3398 καὶ
3114 3345 3142 3399 ὁ
3211 3344 3402 3419 μισθὸς
3460 3344 3669 3411 ηὔξανε.
3738 3341 3851 3417 Περὶ

2220 3435 2445 3491 ἑκάστου
2511 3434 2788 3509 τοιγαροῦν
2833 3434 3006 3488 αὐτῶν
3048 3429 3216 3498 ἡδέως
3276 3432 3337 3488 ἂν
3399 3435 3429 3489 ὁ
3490 3431 3649 3510 λόγος
3689 3430 3848 3506 ἐμνή·

2219 3528 2340 3596 σθη,
2378 3524 2422 3579 εἰ
2468 3524 2545 3597 μὴ
2580 3523 2711 3596 πρὸς
2766 3520 3016 3595 ἀμετρίαν
3048 3522 3202 3586 αὒτὸς
3248 3524 3610 3601 παρετείνετο.
3649 3531 3741 3578 Δεῖ
3766 3520 3846 3576 οὖν

2218 3612 2533 3675 συνελόντας
2579 3612 2777 3688 εἰπεῖν,
2828 3609 2910 3667 ὅτι
2977 3609 3115 3685 μηδὲ
3173 3611 3269 3686 μία
3324 3611 3523 3692 σχεδὸν
3571 3612 3843 3689 ὑπελείφθη

2217 3703 2395 3782 χώρα,
2430 3702 2465 3770 ἢ
2517 3701 2596 3775 μὴ
2641 3699 2904 3757 ἀπέλαυσε
2962 3704 3060 3767 τῆς
3118 3698 3321 3757 ἐκεῖθεν
3380 3701 3691 3764 ἐπιστασίας
3746 3699 3844 3776 ἅμα

2221 3794 2305 3851 καὶ
2334 3790 2617 3873 ὡφελείας,

2300 3959 2381 4047 μ’.
2437 3969 2586 4027 Ἐπεὶ
2618 3969 2704 4025 οὗν
2762 3968 2790 4022 ὁ
2843 3969 2987 4029 θεῖος
3044 3965 3193 4030 οὕτος
3226 3967 3358 4046 ἀνὴρ
3398 3967 3485 4026 διὰ
3517 3969 3692 4036 πάσης
3749 3964 3843 4033 ἤδη

2218 4066 2315 4128 τῆς
2359 4058 2675 4134 οἰκουμένης
2719 4061 2787 4133 τῇ
2831 4057 2986 4133 φήμῃ
3041 4053 3307 4138 διέτρεχε,
3368 4060 3461 4115 καί
3501 4060 3597 4123 τὰς
3640 4055 3845 4138 φιλαρέ-

2218 4173 2339 4214 τους
2385 4150 2653 4206 ἐπεσπᾶτο
2714 4146 2896 4225 ψυχὰς
2955 4143 3147 4203 πολλοι
3208 4147 3307 4222 μὲν
3357 4148 3466 4205 τῶν
3522 4150 3847 4227 στρατιωτῶν

2218 4239 2393 4298 πολλὰ
2451 4236 2658 4317 χαίρειν
2687 4232 2955 4310 πολέμους
3000 4235 3237 4298 εἰπόντες
3291 4238 3365 4300 εἷς
3423 4239 3527 4304 τῆν
3572 4234 3720 4295 τοῦδε
3747 4231 3845 4313 φά-

2218 4329 2394 4408 λαγγα
2425 4325 2832 4402 μετετάττοντο’
2881 4320 3068 4380 πολλοὶ
3097 4322 3153 4379 δὲ
3204 4326 3291 4381 καὶ
3345 4327 3453 4383 τών
3486 4325 3540 4382 ἐν
3597 4324 3845 4398 ἀξιώμασι

488 4425 564 4487 iis
598 4442 860 4505 quoque,
884 4425 982 4505 qui
1006 4409 1673 4504 valebantdignitate,et
1703 4427 1963 4489 honores
1996 4427 2133 4488 fue-

2220 4420 2304 4476 καὶ
2362 4427 2545 4490 νιματς
2603 4409 2970 4491 περιϐλέπτων
3018 4412 3070 4468 ἐν
3126 4412 3231 4486 ἴσῳ
3284 4415 3374 4471 καὶ
3417 4416 3640 4494 ὀνείροις
3694 4419 3846 4471 ταῦτα

489 4500 1110 4586 τθηίεοῐῖεοσυῖἰώωο
1136 4532 1253 4574 non
1278 4500 1450 4576 secus
1482 4500 1658 4596 atque
1681 4516 1911 4578 somnia
1930 4515 2133 4597 deSpi-

2220 4505 2726 4587 περιφρονῆσαντες,
2873 4500 3079 4597 μᾶλλο-ν
3123 4505 3196 4566 ὡς
3249 4502 3416 4567 ἄλλας
3475 4503 3718 4584 σειρῆνας
3766 4500 3847 4597 tu}

490 4603 742 4677 cientes,
763 4611 862 4665 aut
888 4605 1082 4683 potius
1115 4611 1173 4663 ut
1195 4602 1339 4665 alias
1358 4587 1610 4680 sirenes,
1637 4624 1765 4686 qum
1796 4587 2133 4668 demulcent

2222 4603 2372 4671 κακῷ
2426 4598 2533 4649 τῶν
2564 4590 2943 4670 προσεχόντων
2982 4590 3266 4669 θελγούσᾶς
3310 4593 3556 4673 ἀφέντες,
3591 4592 3699 4667 ὅλῳ
3737 4587 3848 4648 ποδὶ

488 4691 562 4753 ad
596 4694 937 4773 eorum,qui
971 4712 1071 4756 eas
1101 4696 1437 4758 attendunt.
1464 4694 2136 4775 exitium,dimittentes,

491 4793 612 4843 toto
634 4785 779 4856 pede
798 4787 869 4844 ad
890 4786 1080 4857 ipsum
1103 4789 1789 4860 contendebant,propter
1819 4788 2131 4854 Christum,

491 4868 883 4949 ignominiam
916 4889 1117 4934 veram
1146 4891 1279 4935 esse
1306 4873 1555 4952 gloriam
1588 4882 1645 4934 et
1675 4876 1803 4954 ipso
1833 4873 2009 4936 etiam
2032 4892 2131 4934 re-

562 5074 677 5152 (21)
707 5075 812 5152 liic
834 5085 921 5133 est
946 5077 1307 5152 Sophronius
1360 5078 1475 5146 ille.
1510 5081 1674 5152 cuius
1705 5080 1924 5151 legatus
1957 5081 2136 5152 Hesy-

490 5146 674 5223 chius_
716 5147 890 5223 hujus
924 5146 1249 5223 monasterii
1293 5146 1597 5223 presbyter
1624 5166 1730 5221 pro
1764 5146 1831 5223 eo
1881 5146 2133 5210 interfuit

492 5217 716 5289 synodo
748 5217 1391 5295 constantinopolita'nae
1411 5217 1525 5295 sub
1550 5217 1859 5295 MefnnaDe
1889 5235 2136 5295 utroque

491 5299 682 5363 actum
742 5303 801 5347 In
836 5290 1142 5362 Prolegom
1200 5293 1317 5350 Sub
1363 5296 1471 5351 hoc
1506 5294 1831 5363 Sophronia
1861 5304 1958 5352 aut
2017 5290 2136 5351 non

494 5359 682 5442 multo
706 5359 1333 5442 post._tiapc'hisioria_m
1363 5365 1398 5420 S
1452 5359 1758 5421 Theodosii
1790 5365 2135 5438 descriptam

492 5445 563 5487 ex
596 5432 898 5506 subjuncta
934 5433 1100 5491 laude
1131 5435 1494 5493 subditorum
1527 5446 1814 5506 putamus.
1914 5470 1919 5475 ι

499 5571 510 5583 _
566 5501 683 5583 $22)
715 5503 917 5583 Eg‘his
944 5501 1544 5583 Julianusgpiscopus'
1570 5507 1994 5583 postrensisﬁe
2024 5524 2140 5580 quo

496 5573 646 5629 intra
674 5588 732 5630 n.
757 5573 817 5630 7t
851 5585 906 5633 et
935 5590 1107 5650 supra
1141 5578 1199 5634 in
1220 5573 1543 5652 Prolegom.
1570 5578 1652 5638 Ita
1682 5588 1937 5653 tempore
1963 5573 2141 5639 δοεη-

2221 4688 2352 4764 πρὸς
2410 4682 2567 4739 αὐτὸν
2610 4680 2873 4760 ἐχώρουν,
2902 4680 3002 4748 τὴν
3043 4677 3128 4735 διὰ
3158 4683 3384 4758 Χριστὸν
3414 4681 3625 4749 ἀδοξίαν
3679 4681 3844 4746 ἀληθῆ

2222 4774 2375 4840 δόξαν
2427 4773 2517 4828 καὶ
2561 4771 2785 4846 κρείττω
2816 4770 2903 4825 καὶ
2950 4768 3114 4837 αὐτῆς
3145 4771 3289 4828 εἶναι
3330 4772 3604 4848 βασιλείας
3633 4768 3846 4827 πιστεύ-

2215 4878 2424 4928 σαντες·
2458 4858 2649 4917 πολλοὶ
2679 4856 2733 4914 δέ
2764 4858 2851 4913 καὶ
2879 4863 2985 4913 τῶν
3032 4858 3087 4914 ἐν
3115 4858 3325 4933 παιδείᾳ
3354 4860 3569 4939 μεγάλα
3598 4857 3844 4937 λαμψάν·

2216 5067 2306 5124 nis
2336 5064 2551 5137 Moschi
2585 5059 2949 5137 Theodosius
2996 5063 3231 5137 quidam
3272 5073 3501 5137 creatus
3536 5065 3843 5137 cpiscopus

2216 5133 2602 5211 Capitoliadis,
2642 5134 2710 5211 de
2766 5147 2897 5211 quo_
2937 5129 3221 5211 ίηξρεοιο
3273 5129 3603 5211 spiritali;
3634 5150 3684 5191 c.
3728 5129 3841 5188 {09.

2217 5205 2356 5269 Tres
2432 5206 2685 5279 episcopi
2747 5206 3021 5263 morienti
3097 5205 3425 5264 Theodosio
3498 5208 3842 5265 adfuerunt.

2218 5298 2276 5339 n.
2310 5282 2403 5339 84.

2288 5354 2406 5424 (23)
2453 5354 2699 5424 Praeerat
2727 5362 2858 5424 cum
2891 5348 2949 5406 S.
2974 5349 3168 5424 ASaba,
3197 5366 3266 5408 ex
3296 5349 3706 5424 commissione
3749 5345 3844 5403 So-

2223 5419 2399 5484 lustii
2428 5419 3255 5497 episcopi_Hierqsolym_itani,
3309 5421 3553 5497 reliquis
3605 5422 3841 5478 circum-

2222 5498 2371 5557 circa
2398 5490 2777 5559 monaSteriis.
2806 5490 2946 5557 Vide
2979 5490 3407 5565 Prolegomeua,
3435 5490 3463 5565 §
3492 5492 3547 5549 5.
