4094 6196
468 313 576 381 511

1752 321 1915 383 ΜΕΝ
1921 319 2032 381 8Ιὸ
2081 317 2533 383 JANUARIUS.

3698 310 3814 382 512

468 470 598 534 quae
655 451 742 514 eis
801 451 1089 514 afferebat.
1149 451 1505 516 molestiam.
1565 453 1782 529 Aperte
1812 458 2007 511 autem
2041 470 2081 512 ei

2193 453 2352 532 χάριν
2398 451 2804 535 διενοχλοῦντος
2835 451 3034 510 ὶποίου.
3070 450 3299 530 Παρῄνει
3357 444 3536 526 μέντοι
3581 450 3646 508 τὰ
3687 453 3806 530 πρὸξ

467 543 774 622 suadebat,
811 563 939 621 qua:
989 541 1372 622 pertinebant
1417 540 1487 600 ad
1526 559 1727 600 eorum
1765 538 2103 619 utilitatem,

2191 541 2451 619 ὠφέλειαν
2495 549 2756 621 φανερῶς,
2789 545 2846 598 οὗ
2889 541 3036 618 λόγῳ
3079 539 3337 598 διδάσκων
3367 541 3537 620 μόνῳ,
3570 539 3703 598 ἀλλᾶ
3727 542 3809 599 καὶ

467 651 585 693 non
617 651 898 693 sermone
921 633 1108 691 solum
1142 629 1501 703 docens,sed
1536 631 1710 690 etiam
1748 631 1864 690 vita
1886 648 1953 690 ea
1975 649 2081 710 qua

2189 631 2290 705 βίῳ
2331 633 2394 687 τὰ
2424 631 2688 710 λεγόμενα
2719 628 2968 706 βεϐαιῶν.

467 721 814 782 dicebantur
846 720 1234 780 confirmans.

547 809 778 879 43.Quo
805 807 1044 887 quidem
1081 817 1349 887 tempore
1375 817 1522 878 erat,
1559 807 1715 888 quod
1747 807 1948 880 fiebat,
1983 826 2102 868 non

464 897 666 978 procul
697 916 730 957 a
765 896 1075 956 miraculo.
1112 895 1254 956 Nam
1290 897 1376 956 vir
1404 897 1529 965 ille,
1557 898 1659 974 qui
1693 907 1999 958 exteinam
2030 917 2102 958 ne

459 994 793 1067 gustaverat
812 985 1052 1066 quidem
1083 987 1584 1064 sapientiam,etin
1605 987 1768 1046 libris
1791 989 2098 1066 gentilium

461 1096 534 1138 ne
572 1077 826 1154 linguam
884 1076 1128 1153 quidem
1161 1085 1535 1150 exercuerat,
1592 1085 1750 1137 tanta
1785 1078 2100 1139 verborum

457 1165 628 1246 copia
659 1165 913 1226 faciebat
942 1164 1402 1244 admonitiones,
1441 1175 1501 1226 ut
1534 1166 1730 1227 nullus
1761 1167 2098 1245 eorum,qui

457 1256 517 1316 in
553 1256 646 1316 his
675 1254 844 1316 libris
875 1265 1405 1325 consenuerant,et
1427 1264 1552 1316 arte
1574 1255 1812 1315 dicendi
1838 1257 2098 1334 linguam

457 1345 597 1404 satis
629 1344 1118 1417 acuerant,facile
1153 1354 1396 1424 possent
1427 1363 1560 1404 cum
1601 1364 1671 1404 eo
1705 1347 2094 1406 contendere.

457 1433 720 1497 Docebat
752 1434 950 1511 itaque
980 1451 1098 1494 non
1143 1451 1213 1494 ex
1246 1434 1507 1494 humana
1539 1433 1855 1511 sapientia,
1888 1433 1992 1494 sed
2025 1452 2096 1494 ex

457 1524 650 1599 gratia
671 1522 810 1583 boni
843 1521 1097 1602 Spiritus
1139 1521 1257 1602 .qni
1309 1523 1380 1582 ad
1434 1541 1568 1582 eum
1602 1523 1780 1582 veluti
1813 1522 2042 1584 dixerat
2078 1541 2090 1584 :

455 1616 591 1672 Ecce
617 1616 746 1672 dedi
770 1616 936 1672 verba
958 1632 1072 1669 mea
1105 1616 1161 1668 in
1188 1631 1247 1671 os
1279 1620 1429 1670 tuum
1460 1616 1506 1647 ¹⁹
1535 1616 1764 1672 9°.sicut
1789 1616 1924 1670 olim
1948 1616 2098 1672 Jere-

459 1699 979 1778 miaasapientii,ex
1003 1695 1450 1778 seipsoquidem
1472 1698 1648 1755 multa
1673 1697 2096 1777 dicens,eaque

2267 797 2382 885 μγ’.
2435 808 2597 865 Ἔνθα
2643 807 2706 874 δὴ
2762 809 2846 864 καὶ
2887 811 2946 866 οὐ
2989 808 3166 885 πόῤῥω
3198 810 3464 883 θαύματος
3493 811 3553 866 τὸ
3582 811 3805 888 πραττό-

2186 918 2340 969 μενον
2411 898 2499 964 ἦν,
2555 898 2721 974 Ἀνὴρ
2793 897 2892 976 γὰρ
2950 897 3156 962 ἐκεῖνος
3206 898 3301 966 τῆς
3364 900 3574 972 θύραθεν
3633 902 3806 979 σοφίας

2184 982 2437 1062 ἄγευστος
2496 988 2590 1058 ὢν,
2651 988 2748 1044 καί
2801 987 2945 1043 υῦδέν
3006 988 3104 1054 τὴν
3161 986 3403 1064 γλῶτταν
3443 989 3494 1045 ἓν
3537 1002 3656 1051 ταῖς
3711 996 3806 1046 τῶν

2187 1065 2460 1141 Ἐλλήνων
2517 1075 2721 1152 βίϐλοις
2780 1077 3020 1146 ἀσκήσας
3069 1079 3206 1152 μετά
3275 1078 3540 1144 τοσαύτης
3586 1077 3804 1156 εὒῤῥοίας

2183 1162 2318 1239 διῄει
2350 1166 2444 1228 τὰς
2477 1166 2834 1242 παραινέσεις,
2870 1168 2941 1229 ὡς
2998 1164 3198 1240 μηδένα
3251 1173 3356 1222 τῶν
3397 1169 3453 1222 ἓν
3483 1180 3604 1230 ταῖς
3634 1169 3807 1223 τοιαύ-

2181 1274 2296 1317 ταις
2341 1257 2827 1331 καταγηρασάντων
2885 1252 3110 1329 βίϐλοις,
3171 1257 3255 1313 καὶ
3285 1257 3480 1319 ἱκανῶς
3517 1257 3610 1323 τὴν
3639 1255 3808 1333 γλῶτ-

2183 1363 2272 1396 ταν
2331 1342 2384 1396 ἐν
2440 1344 2687 1421 ῥητορεία
2730 1343 3022 1416 θηξάντων,
3068 1343 3256 1420 ῥᾳδίως
3328 1346 3470 1419 αὒτῷ
3529 1343 3804 1419 διαμιλλᾶ-

2182 1433 2299 1486 σθαι
2372 1429 2640 1490 δυνασθαι.
2709 1431 3011 1489 Ἐδίδασκεν
3069 1434 3158 1489 οὖν
3231 1433 3326 1490 οὒκ
3375 1433 3425 1499 ἐξ
3489 1435 3806 1511 ἀνθρωπίνης

2181 1521 2386 1596 σοφίας,
2450 1520 2570 1576 ἀλλ’
2630 1521 2687 1576 ἐκ
2761 1523 2981 1600 χάριτος
3057 1529 3151 1578 τοῦ
3229 1523 3426 1598 ἀγαθου
3483 1525 3806 1603 Πνεύματος,

2180 1610 2336 1664 οἱονεὶ
2367 1611 2454 1664 καὶ
2512 1613 2642 1688 πρὸς
2697 1613 2853 1668 αὐτὸν
2910 1611 3184 1688 εἰρηκότος
3223 1629 3236 1641 ·
3272 1610 3403 1668 Ἰδοὺ
3434 1610 3520 1668 δὲδ

2179 1697 2370 1774 λόγους
2429 1721 2530 1772 μου
2574 1701 2648 1764 εἰς
2710 1702 2770 1754 τὸ
2829 1701 3003 1772 στόμα
3057 1723 3174 1778 σου,
3227 1701 3408 1769 ὥσπερ
3467 1700 3632 1756 πάλαι
3683 1704 3806 1772 πρὸς

455 1776 778 1868 elegantia,
807 1787 988 1846 multa
1009 1776 1208 1848 autem
1234 1776 1404 1846 etiam
1436 1805 1502 1846 ex
1529 1785 1702 1844 dictis
1725 1776 2081 1864 apostolicis.

2181 1776 2436 1862 Ἰερεμίαν
2497 1789 2635 1865 φημὶ
2690 1790 2783 1843 τὸν
2840 1790 3025 1865 σοφὸν,
3090 1788 3266 1845 πολλά
3325 1790 3423 1862 μὲν
3481 1787 3574 1868 ἀφ’
3631 1791 3809 1846 ἑαυτοῦ

455 1878 703 1939 Maxime
717 1886 914 1938 autem
932 1876 1142 1936 crebro
1167 1874 1489 1934 recordans
1510 1873 1848 1934 salutariam
1874 1879 2092 1936 consti-

457 1969 748 2027 tutionum
782 1974 839 2025 et
867 1967 1342 2043 sermonum,qui
1376 1964 1677 2022 instruunt
1707 1966 1775 2022 ad
1813 1971 2090 2024 exercita-

459 2055 928 2133 tionemMagni,
971 2055 1235 2134 inquam,
1263 2052 1668 2130 Basilii,cujus
1703 2052 1882 2112 etiam
1916 2053 2089 2113 vitam

453 2143 722 2220 imitans,
757 2154 814 2204 et
873 2144 1002 2222 ejus
1060 2141 1348 2202 orationis
1384 2159 1592 2217 magno
1625 2150 1827 2219 captus
1859 2159 2087 2214 amore,

452 2231 724 2292 studebat
755 2233 1014 2293 animam
1041 2231 1286 2310 quidem
1319 2229 1479 2289 illius
1513 2229 1798 2300 moribus,
1826 2231 2086 2308 linguam

438 2330 638 2382 autem
657 2322 786 2400 ejus
802 2339 1018 2381 ornare
1043 2318 1580 2400 eloquentia.Cerle
1607 2337 1709 2394 per
1733 2320 1917 2397 ipsam
1945 2337 2090 2396 quo-

439 2428 557 2488 que
591 2410 933 2490 proferebat
965 2428 1198 2488 ea,quaa
1221 2416 1358 2469 sunt
1382 2425 1584 2468 rerum
1612 2408 1771 2467 illius
1798 2407 2084 2486 pulcher-

441 2499 1751 2573 rima,meditandoassumens.etconservans
1776 2494 2081 2564 memoria,

443 2607 574 2668 qua:
607 2597 848 2668 possent
882 2587 1142 2668 prompti
1187 2587 1368 2646 animi
1412 2587 1673 2646 studium
1709 2586 1960 2663 injicere
1992 2584 2086 2644 vel

441 2676 919 2738 socordioribus.
952 2677 1182 2738 Bonum
1219 2692 1412 2736 autem
1444 2675 1621 2735 fuerit
1652 2673 1889 2733 illorum
1919 2674 2084 2753 ipso-

443 2784 576 2825 rum
615 2783 853 2844 quoque
888 2765 1238 2824 meminisse
1268 2761 1613 2836 verborum,
1638 2780 1767 2840 quae
1793 2762 2085 2821 memoria

443 2861 652 2916 tenere
685 2871 845 2914 curae
881 2861 1008 2913 erat
1039 2851 1398 2912 Theodosio.

524 2940 1102 3019 44.Rogo,Fratres,
1134 2957 1241 3018 per
1263 2939 1610 3001 charitatem
1637 2936 1873 2998 Domini
1895 2939 2081 3000 nostri

439 3029 578 3090 Jesu
611 3029 852 3107 Christi,
886 3029 987 3108 qui
1019 3028 1186 3088 dedit
1209 3027 1470 3107 seipsum
1499 3041 1604 3102 pro
1637 3026 1899 3103 peccatis
1936 3045 2079 3086 nos-

2174 1877 2262 1931 καὶ
2309 1876 2564 1955 χαριέντα
2608 1876 2803 1954 λέγων,
2854 1876 3028 1933 πολλὰ
3080 1875 3252 1933 δὲκαὶ
3294 1885 3400 1933 τῶν
3445 1878 3808 1935 ἀποστολικῶν

2173 1965 2404 2040 ῥήσεων,
2453 1965 2696 2021 Μάλιστα
2753 1965 2807 2020 δὲ
2857 1964 3021 2028 πολὺς
3053 1967 3120 2032 ἦν
3152 1973 3255 2021 τῶν
3289 1967 3569 2044 σωτηρίων
3625 1967 3805 2024 διατά-

2175 2053 2304 2117 ξεων
2349 2053 2716 2133 μεμνημένος,
2765 2056 2852 2109 καὶ
2909 2061 3014 2109 τῶν
3075 2057 3382 2121 ἀσκητικῶν
3434 2056 3635 2132 λόγων,
3701 2065 3805 2112 Βα-

2175 2141 2373 2198 σιλείου
2432 2145 2568 2221 φημὶ
2627 2151 2719 2198 τοῦ
2780 2142 3046 2219 Μεγάλου,
3098 2147 3158 2200 οῦ
3212 2148 3295 2200 καὶ
3342 2146 3432 2200 τὸν
3468 2147 3584 2220 βίον
3615 2147 3806 2220 μιμού-

2173 2252 2357 2305 μενος,
2417 2234 2503 2287 καὶ
2560 2240 2666 2286 τῶν
2710 2231 2884 2310 λόγων
2927 2233 3195 2309 ἐρωτικῶς
3242 2233 3411 2312 ἔχων,
3448 2233 3662 2290 έσπευδε
3711 2235 3804 2302 τὴν

2170 2321 2267 2394 μὲν
2327 2321 2512 2398 ψυχὴν
2571 2322 2692 2383 τοῖς
2751 2321 2950 2376 ἐκείνου
3005 2322 3243 2396 τρόποις,
3306 2323 3404 2388 τὴν
3463 2322 3520 2378 δὲ
3571 2323 3804 2400 γλῶτταν

2169 2422 2284 2472 τοῖς
2331 2408 2510 2485 λόγοις
2571 2422 2819 2482 γοσμεϊν.
2856 2407 3073 2482 Ἀμέλει
3131 2413 3219 2464 καὶ
3275 2408 3344 2466 δι’
3390 2412 3558 2478 αὐτῆς
3608 2413 3802 2490 προῆγε

2169 2499 2235 2553 τὰ
2285 2497 2546 2553 κάλλιστα
2593 2503 2696 2552 τῶν
2738 2498 2959 2568 ἑκείνου,
3008 2497 3207 2573 μελέτῃ
3258 2521 3313 2555 τε
3377 2498 3694 2576 προσλαϐὼν
3724 2503 3805 2557 καὶ

2169 2589 2358 2661 μνήμη
2407 2584 2772 2663 διαφυλάττων
2848 2585 2948 2642 ὅσα
3019 2589 3310 2664 προθυμίας
3368 2588 3585 2665 κέντρον
3643 2587 3804 2663 ἐμϐα-

2166 2675 2284 2731 λεῖν
2325 2674 2549 2742 ἠδυνατο
2593 2677 2679 2730 καὶ
2735 2674 3136 2749 ῥᾳθυμοτέρως.
3202 2675 3374 2733 Καλὸν
3416 2675 3469 2730 δὲ
3520 2678 3610 2732 καὶ
3642 2677 3804 2734 αιῦτῶν

2165 2763 2379 2819 ἐκείνων
2437 2761 2888 2836 διαμνημονεῦσαι
2943 2764 3048 2818 τὶν
3106 2763 3306 2841 λόγων,
3370 2769 3552 2842 ὦνπερ
3605 2764 3666 2832 δὴ
3723 2767 3803 2822 καὶ

2167 2851 2427 2924 Θεοδοσίῳ
2456 2849 2539 2906 δια
2572 2851 2791 2925 μνήμης
2817 2851 2969 2930 ἔχειν
2995 2851 3244 2926 ἐπιμελὲς
3279 2855 3370 2918 ἧν.

2245 2937 2354 3013 μδ’.
2404 2937 2674 3018 Ἀδελφοὶ,
2731 2939 2816 2994 διὰ
2855 2941 2953 3008 τῆς
3013 2940 3230 3019 ἀγάπης
3287 2949 3378 2997 τοῦ
3425 2946 3616 3019 Κυρίου
3658 2944 3801 3018 ἡμῶν

2164 3026 2340 3094 Ἰησοῦ
2385 3029 2635 3104 Χριστοῦ,
2697 3036 2788 3085 τοῦ
2845 3027 3024 3094 δόντος
3085 3030 3272 3087 ἑαυτὸν
3301 3031 3432 3107 ὑπὲρ
3462 3033 3574 3092 τῶν
3627 3034 3800 3110 ἀμαρ-

440 3115 1001 3195 tris,aggrediamur
1031 3115 1350 3194 aliquando
1373 3131 1576 3174 curam
1602 3131 1814 3190 gerere
1840 3122 2074 3176 nostra-

2168 3117 2286 3172 τιῶν
2330 3115 2508 3190 ἡμῶν,
2553 3116 2815 3190 ἀψώμεθά
2873 3139 3002 3173 ποτε
3061 3119 3154 3186 τῆς
3215 3119 3485 3196 φροντίδος
3555 3128 3659 3178 τῶν
3701 3127 3797 3196 qm-

437 3222 568 3265 rum
604 3205 938 3266 animarum
979 3225 991 3266 :
1029 3204 1238 3264 dolore
1289 3202 1618 3263 efficiamur
1648 3201 1722 3262 ob
1755 3204 2074 3264 vanitatem

439 3293 570 3354 vitae
593 3301 814 3354 nostrae
833 3293 1146 3372 praeterita:
1171 3309 1183 3350 :
1219 3292 1602 3352 decertemus
1627 3308 1732 3370 pro
1756 3291 1973 3353 futuris
2002 3293 2074 3353 ad

437 3381 683 3461 gloriam
710 3381 817 3442 Dei
837 3391 894 3442 et
922 3381 1051 3443 Filii
1076 3381 1288 3443 sui.Ne
1311 3398 1728 3440 remaneamus
1752 3381 1810 3440 in
1838 3380 1948 3442 hac
1971 3399 2075 3443 so-

436 3470 638 3532 cordia
659 3478 717 3531 et
753 3471 1000 3544 molitie,
1040 3487 1302 3550 praesens
1331 3467 1571 3548 quidem
1615 3486 1856 3547 semper
1886 3470 2074 3531 otium

436 3559 913 3632 admittentean
946 3559 1270 3621 crastinum
1299 3566 1498 3619 autem
1532 3556 1695 3618 diem
1720 3566 1778 3618 et
1801 3558 2080 3638 perendi-

439 3667 604 3727 num,
641 3649 1004 3730 principium
1045 3667 1290 3730 operum
1326 3648 1704 3710 differentes:
1728 3665 1804 3708 ne
1826 3650 1871 3708 si
1907 3666 2075 3708 com-

435 3738 720 3816 prehensi
747 3739 1035 3802 fuerimus
1062 3738 1134 3800 ab
1159 3749 1256 3817 eo,‘
1274 3738 1373 3818 qui
1399 3748 1632 3797 nostras
1653 3737 1883 3796 animas
1903 3737 2073 3799 deci-

438 3826 545 3904 pit,
578 3845 952 3909 nequaquam
987 3827 1258 3888 instructi
1281 3825 1588 3906 operibus,
1623 3823 2011 3887 excludamur
2041 3844 2074 3885 a

439 3915 705 3979 thalamo
726 3917 944 3996 gaudii:
975 3919 1194 3978 frustra
1214 3930 1410 3977 autem
1431 3925 1489 3976 et
1512 3916 1809 3975 incassum
1845 3915 2072 3976 deﬂea-

435 4005 906 4084 mus,despectui
933 4007 1084 4068 male
1103 4005 1366 4068 habitum
1386 4003 1511 4066 vita:
1527 4003 2069 4082 tempuslugentes,

434 4101 576 4153 tunc
601 4095 839 4172 quando
873 4095 1018 4156 nihil
1044 4095 1276 4173 juvabit
1298 4113 1427 4173 eos,
1454 4093 1750 4174 quiageot
1772 4093 2072 4172 pceniten-

435 4180 600 4241 tiam.
636 4182 806 4242 Nunc
838 4190 927 4244 est
959 4191 1195 4261 tempus
1225 4183 1610 4262 acceptabile,
1640 4199 1795 4241 nunc
1828 4190 1918 4241 est
1945 4181 2074 4242 dies

432 4269 795 4332 salutis.Hoc
821 4281 912 4332 est
931 4280 1164 4352 tempus
1193 4271 1587 4352 poenitentiae,
1618 4270 1761 4330 illud
1784 4287 2071 4330 remune-

430 4357 834 4422 rationis.Hoc
855 4369 940 4421 est
965 4368 1199 4440 tempus
1215 4358 1684 4439 operandi,illud
1703 4376 1838 4418 vero
1863 4357 2074 4419 dandae

433 4447 753 4509 mercedis.
788 4448 913 4510 Hoc
941 4458 1029 4510 est
1057 4449 1409 4522 tolerantiae,
1449 4447 1599 4508 illud
1623 4445 2067 4509 consolationis.

2168 4444 2585 4510 αισθαποδόσεως
2620 4461 2633 4476 ⁶

432 4533 602 4596 Nunc
633 4535 790 4597 Deus
813 4546 902 4597 est
922 4539 1159 4616 adjutor
1191 4556 1421 4609 eorum,
1451 4537 1554 4617 qui
1585 4542 2012 4597 convertuntur
2040 4553 2074 4594 a

435 4624 589 4685 mala
623 4625 751 4698 via;
807 4636 945 4688 tunc
995 4626 1107 4688 erit
1168 4626 1477 4700 teriibilis,
1503 4634 1560 4686 et
1591 4624 1692 4704 qui
1725 4623 1923 4702 decipi
1952 4642 2070 4685 non

435 4713 675 4794 poterit,
710 4719 1075 4780 examinator
1093 4718 1393 4779 actionum
1418 4725 1475 4778 et
1502 4713 1842 4781 verborum.
1878 4722 1934 4774 et
1961 4733 2068 4775 co-

430 4803 804 4881 gitationum.
839 4807 1010 4868 Nunc
1041 4807 1293 4867 fruimur
1323 4805 1639 4886 patientia;
1673 4812 1810 4864 tunc
1835 4802 2068 4882 justum

432 4909 862 4970 cognoscemus
905 4895 1227 4973 judicium,
1260 4894 1496 4975 quando
1533 4892 2067 4966 resurrexerimus,

433 4982 532 5042 alii
564 4982 802 5061 quidem
839 4985 908 5044 ad
941 4998 1233 5044 aeternum
1259 4981 1752 5063 supplicium,alii
1775 4989 1973 5040 autem
1996 4980 2067 5039 ad

429 5070 610 5130 vitam
634 5081 1010 5143 aeternam,et
1030 5071 1284 5152 recipiet
1303 5072 1718 5151 unusquisque
1739 5086 2072 5146 congruen-

434 5167 524 5218 ter
546 5177 668 5220 suaz
692 5159 1115 5240 operationiln
1139 5161 1296 5239 quod
1321 5170 1555 5238 tempus
1572 5159 1805 5220 Christo
1825 5155 2072 5217 obedire

431 5247 782 5320 differimus,
818 5247 918 5328 qui
958 5249 1178 5310 vocavit
1209 5268 1317 5310 nos
1345 5251 1418 5312 ad
1451 5267 1701 5328 regnum
1736 5263 1906 5306 suum
1943 5261 2068 5304 coe-

433 5335 614 5397 leste?
635 5334 761 5397 Non
785 5339 1300 5420 expergiscemur?
1322 5339 1449 5400 Non
1472 5357 1582 5399 nos
1603 5333 2016 5397 revocabimus
2038 5349 2072 5392 a

431 5423 548 5485 vita
579 5434 889 5502 consueta,
922 5427 996 5487 ad
1049 5428 1474 5507 perfectionem
1529 5421 1872 5503 Evangelii?
1905 5421 2067 5496 Quo-

516 5596 566 5639 ¹⁹
617 5601 670 5648 ³ο
694 5601 916 5668 Jerem.
949 5618 994 5684 ι,
1026 5603 1087 5664 9.

2159 3212 2276 3285 χῶν
2307 3208 2460 3280 ἡμῶν
2497 3225 2510 3238 ·
2558 3206 2878 3280 λυπηθῶμεν
2916 3206 3000 3262 ἐπὶ
3045 3215 3112 3283 τῇ
3171 3209 3493 3283 ματαιότητι
3542 3218 3633 3267 τοῦ
3663 3232 3793 3288 προσ

2159 3293 2413 3357 λαϐόντος
2469 3296 2583 3370 βίου
2618 3313 2633 3330 ⁸
2699 3295 3084 3371 ἀγωνισώμεθα
3128 3298 3257 3373 ὑπὲρ
3315 3300 3421 3354 τῶν
3493 3299 3797 3372 μελλόντων

2159 3386 2231 3446 εἷς
2275 3382 2428 3448 δόξαν
2486 3392 2617 3441 Θεοῦ
2661 3384 2746 3438 καὶ
2801 3391 2890 3440 τοῦ
2937 3385 3060 3443 Υίοῦ
3118 3385 3300 3445 αὖτοῦ.
3362 3387 3451 3454 Μὴ
3481 3393 3553 3462 τῇ
3583 3387 3798 3465 ῥᾳθυμίᾳ

2159 3476 2246 3529 καὶ
2289 3475 2354 3548 τῇ
2417 3471 2627 3527 ἐκλύσει
2679 3473 2844 3548 ταύτῃ
2878 3473 3337 3549 ἐναπομείνωμεν,
3371 3477 3433 3530 τὸ
3483 3478 3586 3550 μὲν
3639 3476 3798 3553 παρὸν

2159 3562 2238 3617 ἀεὶ
2281 3559 2364 3616 διὰ
2417 3561 2668 3637 ῥᾳθυμίας
2725 3561 3054 3637 προιέμενοι,
3103 3566 3236 3640 πρὸς
3285 3561 3432 3620 δὲτὸ
3475 3565 3658 3642 αὔριον
3715 3565 3797 3622 καὶ

2158 3652 2218 3706 τὸ
2276 3650 2396 3715 ἑξῆς
2440 3651 2534 3716 τὴν
2596 3649 2772 3728 ἀρχὴν
2829 3657 2934 3706 τῶν
2993 3654 3159 3728 ἔργων
3217 3653 3643 3728 ὑπερτιθέμενοι,
3704 3654 3791 3708 ἵνα

2159 3741 2236 3814 μὴ
2280 3737 2704 3817 καταληφθέντες
2773 3739 2876 3794 ὑπὸ
2948 3749 3041 3797 τοῦ
3096 3739 3408 3803 ἀπατῶντος
3460 3743 3558 3806 τὰς
3621 3742 3796 3821 ψυχὰς

2153 3829 2330 3902 ἡμῶν,
2388 3824 2744 3902 ἀπαράσκευοι
2799 3827 2904 3882 τῶν
2953 3826 3142 3904 ἔργων,
3192 3829 3288 3894 τῆς
3333 3829 3428 3902 μὲν
3476 3837 3654 3908 χαρᾶς
3712 3836 3798 3886 τοῦ

2157 3917 2435 3990 νυμφῶνος
2493 3914 2930 3988 ἀποκλεισθῶμεν
2966 3931 2979 3944 ⁶
3043 3915 3178 3993 ἀργά
3209 3913 3264 3971 δὲ
3297 3918 3388 3972 καὶ
3416 3917 3655 3985 ἀνόνητα
3698 3939 3796 3991 με-

2157 4003 2516 4082 τακλαίωμεν,
2552 4005 2644 4058 τὸν
2691 4008 2867 4066 κακῶς
2901 4004 3260 4080 παροραθέντα
3307 4015 3400 4063 τοῦ
3451 4007 3567 4081 βίου
3611 4008 3795 4086 χρόνον

2157 4091 2482 4168 ὀδυρόμενοι,
2517 4092 2637 4147 τότε
2681 4090 2769 4147 ὅτε
2813 4090 2961 4148 οὐδὲν
3019 4091 3180 4148 πλέον
3213 4091 3359 4149 ἔσται
3394 4107 3510 4156 τοῖς
3547 4115 3790 4169 μεταμε-

2157 4179 2455 4253 λουμένοις.
2492 4190 2592 4238 Νῦν
2639 4181 2821 4258 καιρὸς
2874 4179 3280 4258 εὐπρόσδεκτος,
3337 4189 3422 4238 νῦν
3455 4183 3632 4261 ἡμέρα
3687 4205 3794 4240 σω-

2158 4271 2364 4345 τηρίας.
2410 4269 2573 4331 Οὗτος
2629 4271 2656 4324 6
2716 4270 2846 4325 αἶών
2902 4274 3001 4336 τῆς
3058 4270 3366 4343 μετανοίας,
3400 4271 3611 4336 ἐκεῖνος
3645 4274 3671 4328 6
3703 4272 3792 4338 τῆς

2156 4355 2563 4420 ἀνταποδόσεως
2598 4373 2612 4387 '
2669 4357 2818 4421 οὗτος
2905 4362 3004 4423 τῆς
3076 4356 3343 4434 ἐργασίας,
3433 4358 3641 4422 ἐκεῖνος
3699 4365 3793 4426 τῆς

2697 4449 2847 4509 οὗτος
2907 4445 3002 4512 τῆς
3077 4447 3378 4521 ὑπομονῆς,
3434 4450 3642 4512 ἒκεῖνος
3700 4449 3792 4514 τῆς

2156 4535 2568 4612 παρακλήσεως,
2616 4544 2717 4593 Νῦν
2789 4535 2987 4610 βοηθὸς
3047 4540 3150 4590 τῶν
3210 4536 3635 4615 ἓπιστρεφόντων
3692 4536 3792 4592 ἀπὸ

2154 4630 2252 4688 τῆς
2297 4622 2418 4680 ὁδοῦ
2475 4624 2645 4690 κακῆς
2681 4626 2708 4678 6
2753 4629 2910 4696 Θεος,
2972 4625 3092 4678 τότε
3126 4620 3350 4702 φοϐερὸς
3382 4626 3470 4681 καὶ
3515 4625 3791 4704 ἀπείραλὸ-

2154 4734 2336 4787 γιστος
2397 4718 2502 4767 τῶν
2565 4711 2903 4787 ἀνθρωπίνων
2964 4710 3202 4789 πράξεών
3257 4733 3316 4766 τε
3370 4711 3466 4767 καί
3539 4715 3792 4790 ῥημάτων

2155 4802 2239 4856 καὶ
2310 4799 2642 4873 ἐνθυμήσεων
2718 4798 3024 4868 ἐξεταστής.
3117 4807 3220 4856 Νῦν
3283 4800 3375 4868 τῆς
3435 4803 3793 4880 μακροθυμίας

2152 4887 2516 4961 ἀπολαύομεν,
2564 4887 2684 4943 τότε
2729 4889 2824 4954 τὴν
2868 4887 3212 4955 δικαιοσύνην
3277 4892 3614 4970 γνωσόμεθα,
3670 4890 3791 4946 ὅταν

2152 4977 2488 5049 ἀναστῶμεν,
2545 4977 2591 5031 οἱ
2649 4977 2746 5050 μὲν
2803 4979 2878 5039 εἷς
2939 4976 3158 5032 κόλασιν
3217 4978 3451 5051 αἰώνιον,
3513 4982 3563 5035 οἱ
3619 4977 3674 5034 δὲ
3724 4979 3793 5042 είς

2151 5065 2293 5134 ζωὴν
2352 5065 2587 5135 αἰώνιον,
2623 5065 2719 5120 καὶ
2770 5063 3018 5131 ἀπολάϐη
3056 5065 3282 5130 ἕκαστος
3315 5068 3451 5124 κατά
3480 5068 3578 5134 τὴν
3610 5064 3792 5144 πρᾶξιν

2153 5155 2332 5214 αὐτοῦ,
2394 5155 2477 5215 Εἷς
2535 5155 2648 5209 τίνα
2717 5155 2897 5226 καιρὸν
2955 5155 3335 5232 ὁπερτιθέμεθα
3392 5155 3492 5222 την
3551 5155 3792 5221 ὑπακοὴν

2150 5249 2242 5298 τοῦ
2301 5249 2525 5318 Χριστοῦ
2580 5249 2672 5298 τοῦ
2728 5241 3050 5307 καλέσαντος
3109 5243 3252 5315 ἡμᾶς
3298 5245 3372 5308 εἷς
3431 5245 3530 5311 τὴν
3559 5242 3788 5320 ἐπουρά-

2151 5353 2259 5386 νιον
2305 5331 2461 5385 αὐτοῦ
2517 5330 2838 5408 βασιλείαν;
2883 5332 2977 5386 οῦκ
3034 5330 3390 5412 ἐκθήψομεν;
3452 5333 3546 5388 οὒκ
3577 5332 3786 5387 ἀνακα-

2149 5419 2410 5496 λεσόμεθα
2442 5419 2656 5484 ἑαυτοὺς
2698 5419 2804 5474 ἀπὸ
2845 5425 2938 5474 τοῦ
2981 5419 3116 5474 κατά
3175 5422 3450 5489 συνήθειαν
3479 5422 3591 5497 βίου
3654 5419 3786 5495 πρὸς
