4062 6194
259 337 385 410 513

261 481 365 546 τήν
414 475 679 555 ἀκριϐείαν
743 483 835 533 τοῦ
898 475 1269 556 Εὖαγγελίους

261 566 554 642 ληψόμεθα
597 565 694 632 τῆν
739 564 946 642 ἡμέραν
1004 564 1212 631 ἐκείνην
1288 565 1471 638 Κυρίου
1527 563 1623 628 τὴν
1683 561 1907 640 φοϐερὰν

260 657 354 712 καὶ
401 656 654 731 ἐπιφανῆ,
689 658 746 709 ὲν
842 655 960 716 τοὺς
1009 653 1106 727 μὲν
1149 657 1204 708 ὲν
1251 651 1392 724 δεξιᾷ
1448 660 1542 708 τοῦ
1597 654 1781 727 Κυρίου
1826 648 1909 705 διὰ

261 751 375 800 τῶν
434 744 669 818 πράξεων
729 749 834 798 τῶν
897 743 1108 819 ἀγαθῶν
1168 744 1607 820 προσεγγίζοντας
1669 739 1910 815 βασιλεία

264 836 502 910 οὐρανῶν
533 830 860 906 ὑποδέξεται,
893 833 1013 893 τοὺς
1044 830 1099 886 δὲ
1147 833 1277 908 πρὸς
1336 831 1434 896 τὴν
1491 830 1768 907 ἀριστερὰν
1829 827 1910 882 διὰ

262 923 362 988 τὴν
423 921 647 996 ἑρηυίαν
692 927 794 976 τῶν
837 920 1047 999 ἀγαθῶν
1098 920 1264 997 ἔργων
1315 917 1697 996 ἀποῤῥιφέντας
1756 916 1910 994 γέεν-

265 1031 329 1066 να
377 1011 541 1078 πυρὸς
597 1010 682 1063 καὶ
737 1009 928 1069 σκότος
990 1007 1203 1064 αἰώνιον
1258 1006 1590 1085 κατακρύψει
1634 1009 1721 1061 καὶ
1780 1006 1911 1082 βρυο

264 1100 408 1175 γμὸς
452 1095 732 1170 ὀδόντων;
782 1088 973 1171 Ἠμετς
1023 1096 1077 1153 δὲ
1120 1097 1390 1175 βασιλείας
1437 1101 1670 1175 οὐρανῶν
1725 1095 1910 1151 ἐπιθυ-

263 1199 395 1262 μεῖν
425 1186 681 1264 λέγομεν,
733 1185 786 1251 ἐξ
845 1189 918 1242 ὧν
964 1187 1016 1242 δὲ
1062 1185 1280 1242 δυνατὸν
1326 1187 1609 1265 ἐπιτυχεῖν
1641 1186 1804 1250 αὐτῆς
1849 1184 1908 1239 ού

262 1275 602 1354 φοντίζομεν,
651 1274 786 1330 ἁλλὰ
831 1272 1033 1348 μηδένα
1105 1277 1268 1330 πόνον
1339 1277 1466 1348 ὅπερ
1512 1273 1734 1340 ἐντολῆς
1799 1285 1907 1332 Κυι

263 1364 379 1442 ρίου
422 1363 872 1442 καταδεχόμενοι,
905 1371 1011 1420 τῶν
1044 1362 1178 1420 ἴσων
1211 1386 1268 1420 τε
1297 1371 1470 1440 τιμῶν
1501 1363 1764 1428 τεύξεσθαι
1790 1377 1907 1427 τοῖς

262 1453 433 1532 μέχρι
476 1454 701 1510 θανάτου
745 1454 875 1532 πρὸς
918 1455 1018 1520 τὴν
1063 1455 1318 1530 ἁμαρτίαι
1354 1455 1818 1532 ἀντικαταστᾰσιν⁷
1854 1453 1908 1508 ἐν

263 1543 334 1616 τῇ
368 1541 690 1615 ματαιότητι
720 1551 812 1599 τοῦ
843 1543 962 1601 νοὸς
998 1542 1372 1616 ὑποτιθέμεθα.

351 1617 463 1702 με’.
529 1632 663 1685 Εἶτα
722 1629 886 1708 μέχρι
949 1631 1134 1686 τούτου
1206 1629 1521 1708 διαπεράνας
1579 1632 1668 1687 τὸν
1723 1629 1906 1708 λόγον,

261 1715 410 1773 ’ἐστιν
443 1715 530 1772 ὅτε
562 1717 744 1773 καὶτὰ
791 1715 917 1795 παρ’
968 1719 1154 1775 ἑαυτου
1213 1720 1476 1796 προστίθει
1537 1717 1635 1774 ὅσα
1677 1741 1734 1775 τε
1779 1721 1908 1794 πρὸς

1255 337 1441 406 VITA
1485 341 1542 402 S.
1593 338 1993 402 THEODOSII
2031 330 2639 400 C(ENOBIARCH/E.

1338 482 1455 538 Πῶς
1515 475 1567 530 ἐν
1610 472 1905 554 ὀφθαλμοῖς

1996 471 2168 533 modo
2183 471 2372 533 oculis
2393 468 2913 550 apprehendemus
2933 467 3100 529 illum
3120 466 3446 529 terribilem
3472 471 3629 532 etin-

3508 329 3622 398 514

1990 562 2218 637 signem
2246 560 2402 619 diem
2431 557 2760 632 Domini,in
2795 575 2910 636 quo
2945 575 3048 617 eos
3079 557 3456 638 quidem,qui
3481 558 3627 620 dex-

1994 658 2135 710 tera;
2181 649 2442 717 Domini,
2479 665 2586 726 per
2615 645 2802 706 bonas
2831 645 3308 724 appropinquant
3338 647 3624 724 actiones,

1993 737 2249 818 excipiet
2280 754 2525 814 regnum
2563 735 2841 808 Domini;
2871 753 2974 794 eos
3004 751 3168 807 vero,
3205 736 3304 812 qui
3337 735 3408 794 ad
3441 737 3629 798 sinis-

1999 836 2146 885 tram
2173 835 2310 886 sunt
2347 822 2585 902 abjecti,
2622 829 2934 903 propterea
2961 821 3116 900 quod
3138 840 3172 882 a
3208 823 3379 882 bonis
3408 823 3631 886 deserti

1995 914 2113 975 sint
2141 911 2779 994 operibus,abscondet
2808 911 3082 989 gehenna
3105 910 3347 988 ignis,et
3369 913 3631 975 tenebrae

1995 1012 2256 1078 aeterna},
2293 1010 2351 1063 et
2383 1001 2602 1063 stridor
2634 1001 2948 1062 dentium?
2991 997 3110 1060 Nos
3141 1009 3338 1061 autem
3373 1001 3631 1064 dicimus

1994 1092 2236 1173 quidem
2272 1110 2379 1152 nos
2407 1107 2628 1170 cupere
2657 1107 2906 1165 regnum
2969 1088 3253 1150 ccelurum
3285 1109 3300 1164 ;
3333 1107 3399 1151 ea
3433 1100 3628 1154 autem

1993 1201 2108 1242 non
2128 1178 2657 1259 curamus,quibus
2680 1178 2738 1238 id
2762 1177 3060 1253 possimus
3082 1181 3352 1258 assequi:
3387 1180 3492 1240 sed
3525 1199 3631 1260 pro

1992 1280 2287 1349 prmcepto
2310 1268 2544 1331 Domini
2569 1268 2793 1327 nullum
2819 1267 3085 1328 laborem
3118 1268 3539 1348 suscipientes,
3568 1270 3630 1332 in

1989 1360 2242 1420 vanitate
2308 1357 2522 1419 mentis
2573 1356 2984 1417 existimamus
3031 1374 3139 1416 nos
3197 1375 3330 1418 esse
3371 1359 3631 1438 aequales

1991 1449 2254 1510 honores
2283 1455 2711 1508 consecuturos
2741 1443 2815 1504 iis
2869 1443 2968 1523 qui
3030 1461 3216 1524 usque
3265 1444 3336 1505 ad
3375 1455 3625 1510 mortem

1990 1537 2278 1598 resistunt
2314 1547 2522 1598 contra
2550 1541 2884 1614 peccatum.

2071 1624 2408 1687 45.Deinde
2423 1641 2554 1686 cum
2577 1623 2803 1697 bucusq
2815 1640 2886 1684 ue
2912 1621 3260 1702 perfecisset
3275 1624 3628 1708 orationem,

1993 1731 2421 1793 nonnunquam
2447 1730 2517 1772 ea
2545 1711 2892 1787 etiam.quze
2920 1728 3026 1772 sua
3058 1711 3538 1792 erant,addebat,
3571 1727 3631 1780 et

261 1805 509 1872 ὑπακοὴν
586 1806 800 1884 ἐγείρει,
861 1808 950 1862 καὶ
1009 1805 1106 1862 ὅσα
1181 1810 1312 1885 πρὸς
1373 1808 1648 1884 ὑπομονὴν
1707 1807 1908 1884 ἀλείφει

1996 1821 2125 1883 qum
2146 1802 2480 1863 excitabant
2501 1799 3089 1905 ad.obedient‘iani,et
3123 1800 3409 1905 parabant
3429 1803 3502 1905 ad
3535 1813 3629 1905 ιο-

265 1897 358 1950 καὶ
430 1893 606 1950 συνδεῖ
661 1895 789 1970 πρὸς
860 1896 1136 1970 ὁμόνοιαν,
1223 1897 1494 1973 Προστίθει
1553 1894 1607 1951 δὲ
1665 1898 1729 1952 τὰ
1786 1897 1908 1974 παρ’

267 1983 462 2038 ἔα.)τοῦ
517 1984 621 2061 οὔχ
647 1985 720 2046 ὡς
747 1983 807 2038 ἄν
836 2005 916 2046 τις
948 1984 1422 2064 φιλοτιμούμενος,
1469 1984 1587 2040 ἀλλ’
1619 1987 1690 2050 ὡς
1723 1986 1784 2041 ἃν
1814 1986 1906 2042 καί

267 2072 429 2135 αὒτὸς
454 2074 660 2136 ὶκετνος
689 2073 753 2127 τὰ
802 2072 898 2129 ἴσα
957 2087 1172 2152 φρονεῖν
1221 2073 1639 2148 ἐνδεικνύμενος,
1684 2077 1770 2130 καὶ
1798 2075 1911 2148 ἅμα

267 2160 338 2215 τὰ
380 2172 496 2223 τοῖς
540 2161 704 2216 πάλαι
737 2162 834 2232 μὲν
885 2160 983 2228 ἤδη
1028 2163 1272 2238 ῥηθέντα,
1324 2167 1600 2236 συντομίας
1663 2161 1716 2218 δὲ
1750 2164 1911 2241 χάριν

266 2251 361 2304 καὶ
418 2248 668 2327 μεγέθους
720 2248 956 2313 διανοίας
1014 2253 1134 2312 τοὺς
1222 2250 1451 2315 πολλοὺς
1508 2250 1906 2331 ὑπερϐαίνοντα,

267 2339 430 2401 αὐτὸς
456 2351 579 2400 ταῖς
617 2339 740 2407 παρ’
803 2340 988 2394 ἑαυτοῦ
1031 2341 1358 2416 προσθήκαις
1417 2342 1718 2418 σαφέστατα
1775 2345 1910 2398 καθ-

269 2427 434 2481 ιστῶν
479 2424 613 2492 δῆλά
654 2447 711 2481 τε
775 2429 862 2482 καὶ
917 2428 1128 2483 ἒνώπτα
1171 2433 1302 2484 πᾶσι
1362 2429 1701 2501 ποιούμενος.
1761 2428 1908 2484 Ἀλλ’

269 2513 442 2578 οὕτως
499 2514 595 2588 μὲν
653 2515 681 2570 ί)
736 2517 874 2592 ἱερὸς
931 2515 1209 2580 Θεοδόσιος
1266 2521 1342 2590 τῷ
1381 2515 1740 2589 διδασκιλικῷ
1796 2516 1906 2572 διέ-

271 2623 443 2678 πρεπε
501 2601 644 2679 λόγῳ
678 2619 692 2632 ⁸
737 2611 813 2674 τῷ
856 2604 910 2658 δὶ
969 2602 1276 2680 δογματνκῷ
1327 2612 1440 2666 πῶς
1490 2605 1586 2679 Ξὶρα
1634 2607 1786 2683 εἶχε,
1820 2607 1908 2660 καὶ

350 2690 375 2712 τ
527 2693 539 2710 ς
741 2693 753 2708 ι
881 2698 950 2728 -ι¹
1295 2693 1321 2714 τ
1547 2695 1558 2715 ι
1809 2694 1832 2712 ν
1889 2713 1902 2724 ,

272 2711 438 2751 ποιος
492 2711 581 2745 τον
641 2711 757 2768 περι
811 2713 975 2746 ταυτα
1073 2715 1166 2768 γον
1197 2692 1232 2760 ἢ
1263 2692 1422 2762 ζηλον
1476 2694 1767 2770 ἔτυγγανεν
1791 2718 1904 2770 ων,

269 2778 312 2844 ἢ
355 2779 540 2834 τούτου
596 2779 693 2852 μὲν
739 2781 896 2858 χάριν
958 2779 1073 2836 οὐδὲ
1125 2783 1471 2838 πυνθάνεσθαι
1505 2781 1634 2860 δεῖ,
1696 2783 1788 2838 ἅτε
1843 2781 1908 2847 δὴ

267 2873 380 2922 τῶν
435 2868 762 2944 πραγμάτων
820 2874 1001 2947 φωνῆς
1078 2869 1256 2935 πάσης
1317 2871 1628 2947 τρανότερον
1690 2873 1911 2947 φθεγγο-

271 2955 474 3032 μένων,
505 2958 592 3011 καὶ
620 2959 710 3011 τὸν
743 2959 872 3034 ὑπὲρ
933 2959 1030 3024 τῆς
1086 2956 1349 3023 εὐσεϐείας
1401 2959 1560 3028 ζῆλον
1594 2961 1748 3016 αὐτοῦ
1776 2981 1910 3036 τρα-

273 3045 489 3120 νότερον
517 3046 885 3122 κηρυττόντων
923 3067 938 3115 ς
976 3045 1193 3103 Ἐκεῖνα
1221 3047 1275 3102 δὲ
1305 3046 1388 3103 δεῖ
1433 3047 1636 3122 μᾶλλον
1663 3048 1910 3118 ἐκζητεῐν

269 3129 529 3207 ἀκριϐῶς,
574 3137 649 3198 τίς
679 3135 776 3211 ἄρα
820 3135 1038 3209 γλῶσσα
1084 3135 1340 3207 εύμουσος
1392 3139 1487 3191 καί
1538 3138 1709 3192 εἰπεῖν
1768 3137 1909 3211 ἀγα-

313 3221 326 3238 \

273 3221 367 3293 θὴ,
401 3222 473 3284 ὡς
504 3224 568 3277 τα
620 3228 718 3288 τῆς
763 3224 962 3282 ἐκείνου
999 3225 1247 3302 γλώσσης
1304 3227 1530 3302 τρόπαια
1559 3226 1737 3287 καλῶς
1769 3225 1905 3290 ἐξει-
1927 3214 1969 3262 υ

273 3322 424 3372 πεῖν,
485 3312 648 3374 Οὗτος
705 3314 803 3388 γὰρ
832 3313 899 3368 τὰ
931 3313 1028 3385 μὲν
1057 3312 1196 3368 ἄλλα
1226 3314 1399 3370 πάντα
1445 3316 1764 3390 πραύῖατος,
1821 3317 1908 3371 καὶ

272 3402 513 3454 νικᾶσθαι
571 3399 775 3474 μᾶλλον
828 3400 1029 3473 καλῶς,
1085 3402 1118 3469 ἢ
1151 3408 1297 3472 νικᾷν
1325 3403 1420 3457 οὒκ
1449 3403 1737 3464 ἐπαινετῶς
1771 3426 1905 3475 προ-

272 3488 590 3560 θυμότατος.
656 3489 829 3548 Ὅπου
883 3487 936 3544 δὲ
991 3489 1054 3556 ἧν
1102 3492 1231 3565 πρὸς
1277 3489 1542 3546 εὐσέϐειαν
1593 3495 1620 3547 ὁ
1650 3491 1906 3571 κίνδυνος,

274 3575 341 3642 ἧν
383 3577 806 3655 ἰσχυρογνώμων
883 3577 999 3633 ἐκεῖ
1081 3576 1381 3652 Θεοδόσιος,
1446 3583 1531 3635 καὶ
1590 3580 1753 3635 εἴκων
1811 3583 1909 3647 τὴν

275 3662 517 3720 ἔνστασιν
561 3664 753 3737 οὐδενὶ,
799 3665 1098 3746 φιλόνεικός
1154 3688 1235 3729 τις
1283 3669 1436 3747 ψυχὴ
1489 3669 1576 3724 καὶ
1606 3667 1906 3741 ἀνένδοτος,

274 3755 379 3830 πῦρ
421 3752 658 3832 φλέγων,
689 3756 723 3822 ἢ
759 3753 912 3819 πέλυξ
970 3755 1206 3835 κόπτων,
1252 3755 1286 3824 ἢ
1343 3757 1572 3834 ῥομφαία
1630 3765 1906 3836 μαχητοῦ,

270 3842 340 3898 τὰ
392 3848 486 3909 τῆς
527 3845 669 3907 θείας
727 3845 890 3920 φάναι
947 3849 1184 3924 Γραφῆς,
1241 3843 1602 3920 δεικνύμενος.
1636 3848 1910 3924 Τεκμήρια

268 3929 325 3986 δὲ
376 3938 465 3988 τοῦ
505 3931 667 4009 λόγου
695 3932 869 3989 πολλὰ
900 3933 998 4008 μὲν
1027 3936 1115 3990 καὶ
1145 3933 1302 4008 ἄλλα,
1338 3935 1456 4009 ἐμοὶ
1509 3934 1562 3990 δὲ
1611 3937 1699 3990 καὶ
1729 3934 1782 3991 ’ἐν
1836 3938 1907 4000 εἰς

269 4021 500 4096 μνήμην
531 4021 764 4080 ἀδκέσει.

1996 1891 2331 1964 lerantiam,
2372 1901 2431 1952 et
2488 1889 2771 1950 uniebant
2818 1887 2891 1949 ad
2924 1889 3327 1950 concordiam.
3361 1890 3634 1954 Addebat

1995 1990 2191 2042 autem
2217 1999 2344 2053 sua,
2382 1999 2498 2039 non
2523 1986 2585 2039 ut
2606 1977 2902 2058 quispiam
2926 1995 2991 2038 se
3009 1977 3242 2056 jactans
3265 1988 3320 2040 et
3343 1979 3630 2060 glorians,

1994 2071 2097 2131 sed
2122 2071 2218 2150 qui
2244 2070 2504 2149 seipsum
2533 2067 2878 2128 ostenderet
2899 2067 3104 2128 eadem
3129 2068 3630 2130 sentirezetsimul

1995 2177 2064 2219 ea
2078 2159 2613 2238 quidem,qutejam
2643 2156 2802 2216 dicta
2823 2164 2958 2215 sunt
2981 2173 3014 2215 a
3035 2155 3356 2230 veteribus,
3393 2166 3636 2239 propter

1995 2248 2342 2308 brevitatem
2363 2264 2500 2305 vero
2527 2245 2613 2304 vel
2640 2245 2951 2304 sententiae
2979 2244 3634 2326 magnitudinem,vulgi

1994 2343 2228 2414 captum
2264 2334 2585 2407 excedunt,
2622 2332 2746 2412 ipse
2769 2333 2893 2393 suis
2917 2331 3339 2393 additamentis
3369 2334 3635 2396 reddens

1993 2423 2757 2502 apertiora,manil‘estaque
2779 2428 2838 2482 et
2864 2419 3022 2481 clara
3043 2420 3304 2481 reddens
3328 2422 3627 2487 omnibus.

1993 2513 2194 2586 Atque
2225 2513 2310 2570 sic
2342 2511 2579 2587 quidem
2629 2507 2904 2569 utebatur
2935 2525 3105 2568 sacer
3135 2507 3505 2570 Theodosius
3537 2529 3626 2585 ea,

1991 2617 2122 2678 qum
2153 2599 2226 2658 ad
2275 2599 2614 2658 docendum
2673 2595 3150 2675 comparabatur,
3204 2599 3512 2677 oratione;
3560 2617 3629 2661 ea

1991 2705 2277 2766 ver0,qua
2301 2687 2619 2746 traduntur
2635 2683 3240 2764 degmata,quomodo
3259 2703 3324 2746 se
3344 2685 3628 2750 habebat?

1992 2777 2064 2837 Et
2083 2777 2215 2854 quis
2239 2786 2367 2836 erat
2392 2776 2524 2852 ejus
2544 2773 2603 2833 in
2629 2773 2701 2832 iis
2723 2790 2920 2834 sermo
2943 2771 3200 2833 etzelus?
3219 2773 3393 2835 Anne
3417 2775 3492 2836 de
3512 2776 3628 2838 hoc

1992 2863 2233 2942 quidem
2267 2873 2355 2923 est
2380 2862 2832 2936 sciscitantium,
2861 2867 3064 2938 utpote
3097 2860 3254 2940 quod
3286 2878 3384 2922 res
3413 2881 3626 2926 omnes

1993 2952 2308 3032 loquantur
2339 2955 2544 3028 quavis
2575 2969 2721 3012 voce
2752 2950 3107 3029 apertius,et
3139 2950 3268 3028 ejus
3297 2950 3488 3012 zelum
3522 2971 3627 3032 pro

1994 3043 2207 3120 pietate
2232 3041 2746 3120 praailicentﬂllud
2767 3048 2966 3100 autem
2986 3047 3072 3100 est
3093 3039 3292 3118 potius
3313 3038 3628 3116 diligenter

1993 3131 2682 3208 quaerendumquaznam
2704 3128 2903 3206 lingua
2922 3128 2998 3188 sit
3020 3127 3252 3187 erudita
3269 3135 3328 3188 et
3351 3127 3626 3207 facunda,

1993 3235 2054 3277 ul
2088 3221 2271 3298 possit
2301 3230 2463 3279 recte
2487 3218 2785 3295 eitplicare
2806 3218 2963 3277 illius
2987 3217 3208 3295 linguae
3229 3220 3626 3296 tropaea.Nam

1992 3307 2043 3368 is
2094 3309 2335 3388 quidem
2392 3309 2449 3367 in
2508 3307 2640 3366 alis
2697 3305 2974 3368 omnibus
3026 3315 3153 3366 erat
3212 3308 3625 3370 mansuetissi-

1995 3415 2149 3475 mus,
2183 3407 2239 3458 et
2274 3397 2776 3476 promptissimus,
2807 3405 2870 3455 ut
2912 3396 3162 3456 honeste
3196 3395 3392 3471 potius
3423 3397 3627 3460 vince-

1993 3498 2180 3557 retur,
2216 3506 2393 3564 quam
2430 3507 2545 3547 non
2582 3485 2962 3546 laudabiliter
2991 3484 3395 3560 vinceret,Ubi
3429 3495 3627 3550 autem

1993 3585 2118 3635 erat
2170 3576 2231 3635 in
2266 3576 2484 3653 pietate
2515 3585 2570 3636 et
2605 3592 2742 3634 vera
2788 3573 3077 3650 religione
3110 3573 3466 3652 periculum,
3501 3585 3632 3638 erat

1997 3663 2118 3723 illic
2145 3662 2342 3724 stabili
2374 3674 2432 3723 et
2455 3661 2590 3723 forti
2612 3671 2907 3723 sententia
2926 3661 3386 3737 Theodosius,et
3407 3665 3627 3728 nullius

1992 3750 2246 3812 cedebat
2267 3751 2685 3830 objectioni,ut
2703 3753 2799 3828 qui
2824 3759 3173 3810 cerneretur
3188 3750 3309 3810 acri
3334 3759 3392 3811 et
3415 3753 3628 3815 invicto

1991 3841 2214 3917 animo,
2249 3840 2402 3915 ignis
2432 3842 2920 3912 comburens,aut
2953 3837 3179 3899 securis
3211 3839 3627 3912 scindens,aut

1991 3930 2292 4003 romphaea
2323 3928 2687 4010 pugnatoris,
2724 3935 2786 3988 ut
2840 3928 3029 3988 dicam
3077 3945 3210 4006 quae
3239 3926 3456 3988 divinae
3490 3937 3629 3990 sunt

1991 4018 2487 4097 ScripturzeEjus
2515 4025 2714 4077 autem
2747 4015 2903 4095 quod
2939 4015 3093 4084 dico,
3120 4024 3466 4094 argumenta
3488 4025 3625 4078 sunt

1995 4119 2178 4170 multa
2204 4109 2445 4190 quidem
2478 4107 2768 4180 aiia,mihi
2797 4115 2992 4168 autem
3017 4107 3275 4170 sufﬁciet
3305 4126 3487 4169 unum
3517 4126 3620 4170 re-

1993 4198 2218 4260 ducere
2251 4201 2306 4260 in
2345 4200 2716 4260 memoriam.

1778 4357 2010 4417 CAPUT
2043 4358 2132 4415 XI.

956 4481 1317 4544 Anastasius
1346 4482 1494 4560 imp.
1528 4484 1787 4561 pecunia
1819 4491 2008 4545 tentat
2039 4489 2388 4563 pervertere
2429 4481 2500 4546 S.
2539 4479 2952 4544 Theodosium.

362 4619 515 4697 μς’.
546 4621 778 4699 Ἥνεγκᾶ
831 4643 962 4680 ποτε
992 4625 1080 4680 καὶ
1137 4626 1164 4680 ὁ
1208 4623 1324 4680 καθ’
1369 4623 1511 4696 ἡμᾶς
1543 4628 1722 4704 καιρὸς
1757 4628 1910 4700 βασι-

2076 4624 2177 4688 46.
2211 4623 2373 4685 Tulit
2405 4623 2722 4704 aliquando
2753 4634 3020 4685 nostrum
3053 4624 3175 4705 (24)
3207 4643 3444 4706 quoque
3473 4634 3630 4692 tem-

275 4710 401 4785 λὲα,
463 4713 529 4768 τὰ
605 4712 721 4785 μὲν·
783 4712 1075 4790 ἔμπροσθεν
1153 4715 1222 4778 ὡς
1283 4715 1600 4791 παράδεισον
1659 4724 1855 4794 τρυφῆς
1897 4735 1908 4748 ⁶

280 4809 438 4860 τοῦτο
493 4799 559 4868 δὴ
600 4803 659 4856 τὸ
689 4800 1030 4880 φαινόμενον,
1061 4803 1127 4859 τὰ
1170 4800 1224 4857 δὲ
1253 4801 1538 4859 τελευταῖα
1567 4801 1742 4859 πεδίον
1772 4803 1916 4882 ἁφα-

350 4965 464 5036 (ἳι)
523 4965 670 5022 Hinc
726 4975 1024 5024 auctorem
1066 4977 1424 5026 coaataneum
1476 4968 1530 5024 S.
1594 4967 1918 5026 Theodosio

278 5035 458 5108 fuisse
491 5045 670 5108 patet,
694 5046 756 5094 ut
783 5051 954 5108 supra
988 5040 1265 5096 diximus.

353 5051 458 5093 isse
491 5050 670 5162 patet,
694 5050 756 5094 ut
783 5051 954 5108 supra
988 5050 1265 5096 animus.

353 5107 479 5180 (25),
529 5121 556 5162 s
588 5116 676 5180 est
726 5108 1091 5180 Anastasius,
1147 5111 1246 5180 qui
1310 5111 1616 5180 imperium
1668 5111 1922 5178 suscepit

281 5177 522 5249 Olybrio
544 5179 668 5249 solo
707 5179 945 5236 consule
993 5177 1086 5236 an.
1122 5177 1200 5236 Ch
1255 5177 1538 5237 wifSub
1573 5183 1680 5238 hoc
1711 5180 1923 5236 vixisse

280 5248 336 5304 S.
358 5247 760 5306 Theodosium
785 5250 1262 5308 Cmnobiarcbam
1295 5261 1455 5307 notat
1483 5251 1686 5308 Suidas
1707 5251 1781 5307 ad
1800 5265 1917 5308 ver-

281 5319 418 5375 bum
447 5319 807 5375 Anastasius.

350 5390 468 5456 (26)
499 5390 842 5516 Priusquam
876 5391 1185 5460 imperium
1219 5399 1564 5458 capesseret,
1589 5390 1919 5459 Euphemio

350 5461 629 5516 itriarchaa
718 5462 1126 5516 halcedonensi
1177 5461 1591 5516 professionem
1626 5461 1753 5516 ﬁdei
1794 5463 1919 5516 rhi-

285 5461 629 5544 patriarchaa
673 5461 1126 5544 Chalcedonensi
1155 5461 1591 5544 ⁵ριοζιςιιδιοῐιθιιι
1626 5461 1922 5544 ﬁdei‘rbi-

286 5533 575 5604 rograpbo
613 5545 718 5604 suo
762 5541 1023 5589 testatum
1063 5532 1237 5588 dedit.
1297 5533 1421 5604 Mox
1479 5534 1672 5604 iniqua
1709 5532 1922 5590 t.ibuta

289 5602 543 5671 sustulit,
575 5603 937 5673 magistratus
968 5605 1146 5674 gratis
1169 5602 1622 5673 eontulit,multa
1647 5605 1922 5674 praeclare

2003 4736 2109 4796 pus
2157 4717 2573 4796 imperatorem
2631 4715 2780 4796 (95),
2815 4719 2913 4797 qui
2955 4718 3118 4797 prius
3138 4718 3380 4798 quidem
3406 4720 3624 4803 fuerat,

2000 4818 2276 4879 quantum
2297 4809 2935 4878 apparebanparadisus
2947 4809 3253 4880 voluptatis
3273 4810 3633 4882 (26),postre-

2003 4965 2323 5037 constituit,
2354 4965 2718 5037 quibusejus
2747 4966 2910 5022 initia
2949 4981 3214 5036 magnam
3247 4982 3406 5037 spem
3445 4981 3500 5025 et
3529 4983 3633 5026 ex-

2004 5036 2698 5110 spectationemomnibus
2721 5037 3200 5110 attuleruntJdeo
3215 5036 3376 5094 Felix
3392 5040 3462 5094 lll
3487 5054 3630 5110 papa

2003 5107 2088 5162 illi
2121 5106 2371 5176 scripsit,
2407 5108 2461 5179 in
2488 5106 2612 5177 ejus
2637 5108 2937 5176 seimpv-rii
2966 5116 3330 5178 promotione
3354 5106 3627 5179 gaudere.

2006 5191 2063 5234 nt
2094 5184 2335 5247 testatur
2367 5177 2536 5247 huius
2585 5192 2852 5237 successu
2912 5177 3173 5235 Gllusius
3201 5183 3255 5235 in
3296 5177 3629 5236 Commoni-

1999 5250 2145 5305 torio
2180 5247 2247 5302 ad
2282 5245 2683 5319 Faustum.qui
2709 5261 2760 5304 et
2796 5253 2854 5304 in
2893 5249 3133 5319 epistola
3167 5250 3238 5305 ad
3269 5251 3458 5320 ipsum
3482 5253 3628 5306 Aua-

2000 5320 2237 5374 stasium
2300 5333 2468 5373 missa
2530 5320 2723 5376 laudat
2776 5324 3030 5390 studium
3067 5325 3292 5387 pietatis
3320 5321 3376 5375 in
3410 5329 3627 5390 privata

2001 5391 2138 5450 Vita,
2178 5402 2293 5459 quo
2333 5409 2354 5438 ι
2398 5393 2605 5455 optarit
2635 5403 2859 5456 semper
2900 5389 3022 5446 ﬂeri
3057 5393 3341 5458 particeps
3375 5389 3628 5459 promis-

2003 5463 2184 5516 sionis
2215 5464 2452 5524 aeternae,
2490 5481 2510 5509 ι
2556 5469 2664 5516 etc.
2709 5461 2843 5530 bjus
2874 5464 3061 5530 adhuc
3115 5462 3322 5526 privati
3360 5467 3626 5530 pietatem

2003 5541 2343 5601 ceterasque
2373 5539 2611 5590 Virtutes
2641 5529 2917 5600 praedicat
2950 5529 3267 5599 Cedrenus.
