4094 6196
447 385 562 450 515

1742 367 2023 435 MENSIS
2058 365 2513 434 JANUARIUS.

3697 376 3811 445 516

449 541 546 585 mo
572 515 698 602 (ΞἹ)
719 524 914 580 autem
939 509 1252 602 rebusfuit
1275 509 1551 602 cognitus
1574 526 1821 602 campus
1839 507 2076 602 destrui

2168 515 2357 602 νισμοῦ
2402 521 2517 574 τοῖς
2569 509 2843 589 πράγμασι
2889 514 3301 592 γνωριζόμενον,
3337 515 3428 574 καὶ
3477 516 3676 574 τούτων
3719 515 3808 575 ἕνα

456 594 692 683 ctionis,
727 615 785 668 et
827 623 981 665 unus
1013 601 1246 663 scilicet
1276 615 1347 661 ex
1379 599 1453 661 iis
1493 600 1832 680 pastoribus
1864 595 1964 678 qui
1995 594 2087 655 sui

450 699 650 782 gregis
694 714 832 758 oves
866 693 1222 782 dispergunt
1255 697 1312 750 et
1346 688 1694 782 perdun_t_,_et
1725 707 1829 749 eos
1853 683 2087 782 turbida

455 775 658 873 potant
690 778 1175 873 subversione.Et
1198 787 1260 873 ut
1291 778 1521 873 reliqua
1553 779 1708 840 illius
1742 775 2088 858 praetermit-

449 868 719 951 tam,hoc
752 871 991 952 quidem
1025 868 1469 950 accipiet,quod
1496 877 1625 949 post
1647 886 1755 928 nos
1773 872 2081 952 sequetur,

456 976 711 1046 tempus.
747 951 954 1041 Neque
986 959 1142 1020 enim
1179 977 1282 1038 par
1307 968 1398 1020 est
1427 966 1491 1019 ut
1514 958 1570 1019 id
1598 956 1909 1046 mandetur
1930 951 2087 1046 obli-

450 1042 605 1118 vioni
626 1063 870 1135 propter
895 1066 1280 1129 eos,quorum
1305 1055 1398 1110 est
1417 1047 1613 1109 scelus
1648 1045 1880 1124 insigne
1911 1062 1923 1106 :
1958 1042 2083 1135 qui,

448 1155 512 1208 ut
540 1129 686 1207 dicit
713 1129 919 1213 Isaias,
953 1140 1300 1216 concipiunt
1341 1137 1633 1210 laborem,
1669 1143 1728 1197 et
1755 1129 2082 1211 pariunt“

443 1235 836 1316 iniquitatem
865 1229 942 1291 εἳ.
995 1227 1219 1308 Impius
1251 1228 1426 1306 (heu)
1453 1227 1576 1288 sive
1607 1224 1678 1286 ab
1710 1223 1842 1285 aliis
1873 1221 1945 1316 ad
1974 1222 2085 1283 hoc

448 1313 664 1397 motus,
690 1328 810 1383 sive
829 1321 986 1382 hunc
1009 1319 1369 1380 sceleratum
1396 1317 1578 1378 fetum
1605 1335 1675 1377 ex
1698 1333 1761 1375 se
1786 1313 2082 1394 produxe-

441 1417 519 1479 rit
539 1413 802 1487 (Stultus
826 1409 1422 1488 enim,inquit,stulta
1447 1405 1816 1486 loquetur,et
1835 1420 1938 1464 cor
1960 1402 2086 1480 ejus

443 1523 605 1570 vana
629 1499 1005 1579 castigabit),
1037 1498 1405 1578 Patrnm,qui
1436 1499 1636 1560 Nicew
1669 1493 1792 1573 (28)
1823 1494 2079 1565 fuerunt,

443 1614 611 1658 sacra
642 1593 938 1671 dogmata,
994 1597 1271 1667 tanquam
1307 1594 1567 1648 montem
1603 1583 1745 1646 Sion
1779 1591 1840 1671 et
1869 1579 2080 1642 turrim

443 1670 824 1755 fortitudinis,
878 1678 1112 1740 scilicet
1165 1676 1543 1755 aggreditur;
1578 1674 1678 1734 illa
1708 1670 1948 1753 quidem
1983 1689 2083 1730 vo-

446 1776 578 1836 lens
606 1768 900 1848 abrogari,
934 1767 1130 1828 valere
1163 1775 1361 1827 autem
1397 1763 1752 1827 sententiam
1784 1761 2085 1840 (29)Ace—

2169 592 2373 663 δηλαδὴ
2431 599 2538 655 τῶν
2595 600 2863 674 ποιμένων
2921 609 3026 658 τῶν
3073 601 3551 682 διασωρπιζόντων
3595 607 3684 663 καὶ
3713 606 3810 662 ἀπ-

2170 683 2437 744 ολλύντων
2491 690 2556 744 τὰ
2614 689 2853 767 πρόϐατα
2912 697 3010 757 τῆς
3064 693 3265 750 ἑαυτῶν
3317 700 3512 771 νομῆς,
3547 698 3633 752 καὶ
3677 696 3811 752 ἀνα-

2169 777 2370 850 τροπὴν
2413 777 2632 855 θολερὰν
2694 781 2824 837 αὒτὰ
2881 781 3255 857 ποτιζόντων,,
3291 783 3498 842 καὶῗνα
3559 785 3622 842 τά
3679 783 3814 841 ἄλλα

2168 871 2274 920 τῶν
2318 865 2519 924 ἐκείνου
2567 870 2740 946 παρῶ,
2779 869 2916 926 ἀλλὰ
2976 871 3130 930 τοῦτό
3175 893 3235 949 γε
3290 875 3379 930 καὶ
3423 875 3449 930 ὁ
3494 873 3615 949 μεθ’
3667 876 3811 950 ἡμᾶς

2172 952 2435 1020 ἐκδέξεται
2468 958 2686 1038 χρόνος.
2747 958 2898 1017 Ἐπεὶ
2947 959 3084 1035 μηδὲ
3135 960 3301 1032 λήθης
3333 961 3471 1027 ὅλως
3503 963 3644 1022 ἐστὶν
3671 963 3809 1030 ἄξιον

2173 1040 2256 1098 διὰ
2310 1046 2432 1110 τοὺς
2490 1053 2764 1126 περιττοὺς
2816 1049 2914 1116 τὴν
2958 1052 3170 1124 κακίαν,
3216 1050 3294 1122 οἳ,
3341 1054 3401 1108 τὸ
3442 1060 3526 1110 τοῦ
3559 1043 3804 1135 Ἠσαίου,

2171 1133 2350 1189 κύουσι
2413 1135 2572 1192 πόνον
2641 1139 2729 1193 καὶ
2789 1159 3056 1194 τικτουσιν
3116 1140 3361 1215 ἀνομίαν,
3409 1133 3466 1200 Ὀ
3524 1133 3801 1223 δυσσεϐὴς,

2171 1227 2293 1300 φεῦ,
2349 1223 2461 1279 εἴτε
2517 1224 2640 1303 παρ’
2701 1224 2878 1283 ἄλλων
2935 1229 3005 1290 εἷς
3045 1238 3196 1286 τοῦτο
3255 1233 3512 1306 κινηθεὶς,
3574 1231 3686 1287 εἴτε
3718 1233 3808 1288 καὶ

2167 1310 2293 1412 παρ’
2348 1313 2535 1372 ἑαυτοῦ
2593 1317 2653 1372 τὸ
2715 1319 2943 1393 πονηρὸν
3003 1320 3145 1375 τουτὶ
3203 1321 3542 1398 προενεγκὼν
3597 1321 3805 1403 κύημα,

2168 1402 2248 1471 (Ὀ
2295 1402 2394 1480 γὰρ
2453 1406 2653 1479 μωρὸς,
2718 1409 2870 1485 φησι,
2934 1409 3086 1484 μωρᾶ
3131 1406 3376 1482 λαλήσει,
3423 1411 3510 1466 καὶ
3563 1412 3597 1479 ἡ
3628 1402 3812 1490 καρδία

2167 1489 2323 1546 αὒτοῦ
2381 1494 2582 1568 μάταια
2655 1497 2888 1572 νοήσει),
2951 1510 3069 1560 τοῖς
3132 1499 3297 1574 ἱεροῖς
3354 1505 3460 1554 τῶν
3503 1499 3557 1556 ἐν
3618 1489 3810 1573 Νικαίᾳ

2170 1579 2441 1662 Πατέρων,
2501 1585 2573 1648 ὡς
2617 1586 2693 1658 τῷ
2752 1586 2890 1641 Σιὼν
2945 1585 3051 1663 ὄρει
3111 1588 3198 1643 καὶ
3242 1594 3320 1661 τῷ
3362 1588 3548 1668 πύρφῳ
3591 1587 3806 1657 δηλαδὴ

2166 1672 2264 1734 τῆς
2321 1671 2506 1751 ἰσχύος
2543 1673 2826 1730 ἐπιτίθεται
2874 1673 3132 1753 δόγμασιν
3169 1693 3182 1708 ’
3236 1678 3421 1733 ὲκεῖνα
3464 1679 3560 1753 μὲν
3594 1677 3809 1736 ἀθετεῖ-

2165 1760 2308 1839 σθαι,
2341 1775 2557 1838 κρατεῖν
2602 1762 2656 1819 δὲ
2699 1763 2799 1830 τὰν
2831 1769 2934 1831 τῷν
2989 1763 3325 1844 Ἀκεφᾶλων,
3371 1765 3566 1845 ἄλογον
3614 1765 3676 1823 ἄν
3725 1791 3810 1832 τις

448 1861 788 1945 pbalorum,
825 1875 999 1938 quam
1034 1875 1068 1916 a
1121 1857 1350 1916 ratione
1380 1853 1657 1927 alienam,
1696 1859 1919 1945 et_ver_e
1951 1849 2076 1945 aut-

2164 1847 2361 1925 εῗποι,
2422 1854 2510 1907 καὶ
2579 1853 2842 1932 ἀκέφαλον
2912 1852 3063 1918 δόξαν
3123 1855 3520 1934 προῃρημένος,
3583 1857 3810 1936 Μίγνυσι

445 1931 637 2035 (Palma,
671 1931 784 2010 hoc
816 1931 928 2022 e-st,
963 1952 1264 2008 carentem
1293 1943 1651 2035 capite,jn_re
1679 1940 1812 2021 quis
1841 1939 2076 2035 dixerit.

2169 1951 2443 2017 τοιγαροῦν
2505 1941 2571 2018 τῇ
2631 1940 2903 2016 δυναστείᾳ
2961 1944 3059 2010 τὴν
3127 1946 3471 2024 κακουργίαν,
3545 1945 3684 2003 ὥστε
3741 1953 3816 2025 τῇ

443 2029 726 2105 Potentiae
780 2044 978 2098 autem
1031 2035 1320 2097 admiscet
1379 2031 1845 2112 improbitatem,
1881 2039 1941 2089 ut
1973 2029 2083 2090 hac

442 2131 682 2214 quidem
709 2125 1146 2206 deciperet,illa
1160 2142 1300 2186 vero
1317 2122 1592 2214 effectum
1619 2122 1901 2214 redderet
1922 2119 2081 2196 quod

443 2211 839 2285 contendebat
877 2237 891 2277 :
927 2223 989 2276 ut
1021 2232 1214 2295 neque
1248 2214 1355 2288 vis,
1392 2213 1441 2274 si
1498 2221 1657 2273 esset
1705 2211 1967 2273 immista
2025 2217 2083 2269 et

445 2307 834 2392 persuasione
866 2304 1113 2366 minime
1140 2315 1376 2364 contem
1389 2301 1870 2382 perata,molesta
1896 2297 2084 2359 videri

442 2388 653 2484 possit,
691 2407 750 2459 et
779 2395 954 2477 plane
985 2393 1263 2468 violenta,
1286 2400 1347 2453 ut
1379 2409 1513 2472 quae
1541 2390 1726 2452 robur
1755 2388 2084 2484 accepisset

445 2476 514 2554 ex
558 2489 683 2552 sola
705 2476 1021 2548 occasione
1056 2504 1072 2558 ;
1122 2501 1318 2563 neque
1369 2497 1576 2543 rursus
1611 2479 1997 2560 persuadere,
2033 2476 2083 2537 si

444 2581 745 2659 impotens
774 2576 868 2649 sit,
904 2575 954 2635 si
985 2571 1305 2648 imbecilla,
1332 2579 1391 2633 et
1420 2569 1575 2652 quod
1607 2569 1793 2650 possit
1822 2585 2007 2649 pauca
2026 2574 2084 2628 et

443 2669 600 2750 apud
633 2683 851 2748 paucos
877 2661 1136 2724 efﬁcere.

521 2746 812 2818 “(Hinc
841 2752 990 2813 alios
1018 2749 1260 2827 quidem
1288 2768 1356 2810 ex
1382 2748 1683 2828 episcopis
1701 2746 2082 2810 adoriebatur

443 2848 624 2909 minis
655 2855 712 2904 et
741 2841 965 2905 exsiliis
1002 2839 1150 2920 (30),
1175 2840 1323 2900 alios
1345 2847 1540 2901 autem
1563 2837 1889 2898 honoribus
1913 2846 1969 2898 et
1991 2855 2079 2897 as-

441 2932 876 2998 sentationibus
903 2951 917 2994 :
943 2940 1000 2991 et
1045 2947 1468 3003 nonnunquam
1495 2927 1672 2988 etiam
1694 2942 2079 3006 corrumpere

441 3022 785 3107 pecunia,et
815 3039 985 3082 suum
1023 3019 1243 3080 malum
1279 3019 1531 3079 aliorum
1557 3035 1796 3095 quoque
1820 3016 2082 3088 efﬁcere,

2166 2028 2266 2102 μὲν
2362 2030 2594 2105 ἀπατᾷν,
2658 2038 2726 2108 τῇ
2812 2030 2866 2088 δὲ
2952 2032 3127 2088 ἀνύειν
3211 2036 3272 2089 τὸ
3355 2032 3808 2114 σπουδαζόμενον,

2165 2118 2260 2174 ἵνα
2317 2121 2456 2194 μήτε
2537 2121 2598 2177 τό
2685 2123 2905 2200 ἰσχυρὸν
2961 2119 3185 2196 ἄμικτον
3245 2124 3304 2178 ὃν
3372 2126 3462 2180 καὶ
3534 2127 3612 2201 μὴ
3682 2148 3813 2183 πει-

2164 2211 2252 2265 θοῖ
2309 2210 2658 2287 κεκραμένον,
2721 2211 2957 2290 λυπηρὸν
3002 2210 3129 2290 δόξῃ
3174 2215 3259 2269 καὶ
3317 2217 3560 2294 καθαρῶς
3610 2216 3806 2293 βίαιον,

2167 2296 2228 2354 ἐκ
2285 2306 2376 2355 τοῦ
2457 2311 2640 2378 καιροῦ
2710 2303 2873 2376 μόνου
2942 2302 3040 2369 τὴν
3125 2304 3282 2382 ἰσχὺν
3374 2302 3617 2384 εἰληφὸς,
3673 2307 3810 2380 μήτ’

2166 2390 2230 2442 αὖ
2287 2388 2444 2444 πᾶλιν
2500 2392 2560 2445 τὸ
2618 2391 2813 2446 πείθειν
2844 2389 3043 2470 ἔρημον
3097 2390 3401 2456 δυναστείας
3461 2393 3807 2476 ὑπολειφθὲν,

2167 2477 2378 2543 ἀσθενὲς
2411 2479 2526 2559 εἴη,
2572 2482 2659 2536 καὶ
2691 2482 2853 2560 μικρᾶ
2883 2483 2968 2538 καὶ
3017 2482 3160 2560 παρὰ
3189 2497 3402 2561 μικρονς
3433 2481 3606 2543 ἀνύειν
3637 2483 3804 2542 δυνά-

2166 2590 2350 2640 μενον.

2244 2749 2354 2821 μζ’.
2392 2748 2662 2806 Ἐντεῦθεν
2713 2749 2832 2814 τοὺς
2878 2749 2974 2824 μὲν
3019 2749 3270 2814 ἀπειλαῖς
3326 2753 3415 2809 καὶ
3473 2753 3798 2831 ὑπερορίαις,

2161 2838 2280 2902 τοὺς
2311 2836 2364 2892 δὲ
2408 2850 2595 2912 τιμαῖς
2642 2839 2728 2894 καὶ
2771 2837 3074 2902 κολακείαις
3129 2840 3236 2896 τῶν
3265 2840 3574 2898 ἐπισκόπων
3617 2842 3800 2921 δπῂει,

2169 2926 2244 2981 ἔτι
2288 2925 2342 2982 δε
2376 2929 2464 2991 οὒς
2523 2930 2608 2984 καὶ
2669 2930 2946 3007 χρήμασιν
3002 2929 3378 3012 ὑποκλέπτειν,
3423 2933 3599 2988 καὶτὸ
3643 2932 3804 2988 αἱ)τοῦ

2167 3018 2331 3072 κακὸν
2382 3019 2468 3072 καὶ
2525 3016 2701 3072 ἄλλων
2753 3031 2933 3074 ποιεῖν
2962 3017 3201 3099 ἔσπευδε,
3240 3023 3323 3076 καὶ
3353 3027 3452 3088 τῆς
3484 3044 3640 3078 νοσου
3698 3041 3808 3097 με·

445 3103 507 3176 et
539 3111 811 3175 morbum
848 3111 1298 3171 communicare
1329 3105 1750 3182 contendebat;
1789 3104 2076 3165 mutabilis

2166 3103 2456 3179 ταδιδόναι,
2517 3105 2613 3161 οἶοί
2668 3129 2748 3170 τις
2809 3109 3076 3183 Πρωτεὺς,
3107 3111 3180 3172 ὡς
3216 3131 3276 3165 τα
3312 3108 3588 3180 Ἔλ)ήνων
3623 3113 3805 3190 φασὶν,

440 3224 561 3266 non
588 3202 785 3263 minus
810 3220 984 3281 quam
1011 3203 1279 3270 Proteus,
1304 3205 1366 3257 ut
1391 3197 1732 3259 Graecorum
1757 3194 1969 3254 fabula;
1990 3194 2076 3254 lo-

2167 3195 2522 3270 ἐξαλλάττων,
2580 3198 2668 3253 καὶ
2723 3197 2967 3261 ποικίλος
3023 3199 3121 3265 τὴν
3180 3199 3400 3276 γνώμην
3469 3199 3648 3278 ὥσπερ
3706 3203 3808 3266 τὴν

436 3301 724 3376 quuntur,
755 3301 819 3353 et
850 3309 966 3351 non
1001 3289 1196 3350 minus
1228 3295 1450 3359 mente,
1492 3302 1667 3364 quam
1701 3284 1802 3345 ille
1832 3292 2073 3364 aspectu

2164 3287 2279 3361 ὄψιν
2325 3286 2532 3352 ἐκεῖνος
2592 3287 2894 3364 γινόμενος,
2929 3287 3050 3344 Ἐπὶ
3080 3310 3212 3345 πασι
3251 3290 3419 3348 τοίνυν
3453 3291 3538 3346 καὶ
3588 3290 3662 3364 τῷ
3693 3311 3798 3365 με-

435 3382 976 3446 varius.Postremo
1003 3387 1196 3438 autem
1224 3376 1375 3436 hanc
1400 3393 1636 3456 quoque
1661 3392 1932 3454 magnam
1957 3382 2077 3434 tur-

434 3475 548 3537 rim
573 3467 1238 3552 aggrediturMachinm
1269 3474 1468 3528 autem
1503 3473 1670 3525 erant
1699 3483 1907 3526 aurum
1939 3481 1954 3539 ;
1989 3463 2047 3524 id

434 3583 550 3646 que
567 3582 682 3624 non
712 3563 1280 3646 paucum,utposset
1299 3554 1742 3629 contemni,sed
1766 3553 1924 3634 quod
1947 3553 2077 3646 red-

434 3645 558 3716 ibat
587 3653 660 3714 ad
693 3667 984 3712 summam
1018 3645 1257 3725 triginta
1308 3645 1596 3708 librarum
1634 3665 1647 3704 :
1684 3653 1928 3725 eratque
1959 3645 2069 3706 do-

434 3762 575 3806 num
601 3761 720 3803 non
740 3738 900 3801 nude
923 3747 980 3799 et
1004 3745 1211 3817 aperte
1236 3734 1482 3810 donum,
1510 3753 1585 3796 ne
1616 3753 1734 3794 non
1759 3734 2070 3814 accipere-

433 3844 551 3908 tur,
579 3831 818 3912 utquod
844 3828 1246 3908 suspicionem
1276 3833 1511 3905 pareret
1536 3823 1795 3884 avaritia:
1831 3841 1844 3882 :
1875 3823 1980 3884 sed
2011 3823 2070 3884 id

432 3941 666 4004 quoque
717 3918 1050 3982 occultabat
1107 3923 1430 3996 praetextas
1482 3913 1792 3993 speciosus
1818 3922 1876 3975 et
1905 3913 2073 3974 valde

433 4010 1012 4093 probabilis,nempe
1039 4011 1419 4086 pauperes,et
1439 4021 1569 4082 qua:
1600 4012 1768 4064 erant
1793 4021 2074 4064 necessa-

434 4092 525 4161 ria
548 4100 619 4160 ad
654 4116 794 4157 usus
821 4097 1091 4157 Fratrum
1119 4092 1667 4171 aagrotantiumllis
1697 4095 1880 4153 virum
1904 4111 2077 4154 cona-

438 4187 610 4248 batur
645 4186 966 4263 ingenuum
997 4182 1272 4260 redigere
1307 4182 1363 4242 in
1398 4183 1845 4244 servitutem.Et
1881 4183 1932 4244 si
1967 4183 2074 4242 bo-

436 4296 578 4338 num
615 4274 915 4336 existimas
942 4279 999 4332 et
1029 4281 1257 4350 gratum
1291 4272 1518 4350 piorum
1553 4272 1766 4332 animis
1797 4272 1878 4344 id,
1919 4271 2072 4350 quod

433 4385 467 4427 a
501 4377 621 4442 te,o
653 4365 742 4426 vir
768 4363 1029 4443 egregie,
1061 4362 1515 4441 innovatur,ego
1549 4363 1628 4423 illi
1669 4361 1942 4434 dixerim,
1969 4379 2076 4422 cur

433 4475 550 4517 non
587 4456 657 4517 al)
691 4474 759 4516 eo
797 4455 925 4534 ipso
957 4451 1109 4513 sinis
1161 4452 1316 4513 trahi
1379 4459 1696 4524 amatores,
1734 4460 1791 4512 et
1839 4452 2076 4531 propria

428 4546 586 4608 vinci
619 4542 1065 4625 pulchritudine
1097 4560 1200 4603 eos
1224 4542 1482 4622 quisunt
1506 4541 2070 4622 pulchriamatores;

2159 3375 2309 3454 γάλῳ
2359 3377 2529 3451 τούτῳ
2587 3377 2770 3455 πύργῳ
2828 3376 3176 3451 προσϐάλλει.
3255 3380 3349 3436 Καὶ
3389 3381 3449 3435 τὸ
3493 3380 3808 3458 μηχάνημα

2159 3468 2357 3545 χρυσὸς
2393 3466 2478 3546 ἦν,
2527 3469 2724 3545 χρυσὸς
2783 3468 2879 3523 οῦκ
2919 3467 3119 3545 ὀλίγος,
3154 3467 3290 3524 ὥστε
3322 3470 3410 3524 καὶ
3441 3468 3800 3548 παροφθῆναι,

2157 3555 2296 3612 ἀλλὰ
2348 3559 2436 3612 καὶ
2480 3557 2553 3618 εἷς
2602 3555 2884 3634 τριάκοντα
2917 3559 3078 3637 φημὶ,
3114 3556 3292 3635 λίτρας
3323 3559 3799 3637 παρατεινόμενος’

2157 3647 2243 3701 καὶ
2301 3645 2335 3705 ἢ
2391 3645 2559 3722 δωρεὰ
2607 3647 2668 3702 οὐ
2725 3644 2891 3724 δωρεὰ
2941 3651 3155 3724 γυμνῶς
3201 3667 3258 3701 τε
3303 3649 3390 3703 καὶ
3451 3647 3800 3729 ἀκαλύπτως,

2154 3738 2243 3791 ’ἱνα
2300 3736 2377 3810 μὴ
2427 3733 2494 3790 δι’
2545 3736 2796 3799 ὑπονοίας
2841 3735 3043 3816 ἔχουσα
3073 3739 3135 3792 τὸ
3179 3735 3505 3817 φιλόχρυσον
3536 3735 3804 3815 ἀπρόσδε-

2157 3847 2278 3889 κτος
2333 3826 2510 3902 μείνῃ,
2573 3825 2710 3881 ἀλλά
2764 3827 2850 3884 καὶ
2931 3827 3190 3906 πρόφασις
3243 3825 3538 3903 ἐπέκρυπτε
3594 3827 3797 3893 ταύτην

2156 3914 2500 3992 εὐπρόσωπος
2544 3916 2632 3970 καὶ
2689 3916 2884 3983 πιθανὴ
2940 3915 3081 3988 λίαν,
3131 3917 3178 3971 οἷ
3209 3917 3437 3982 πένητες
3471 3917 3557 3973 καὶ
3587 3918 3622 3985 ἡ
3679 3918 3802 3996 περὶ

2162 4012 2274 4069 τοῦς
2334 4011 2612 4069 νοσοῦντας
2671 4010 2775 4059 τῶν
2820 4003 3061 4085 ἀδελφῶν
3119 4004 3408 4068 εὒδάπανος
3453 4005 3636 4085 χρεία.
3668 4015 3802 4064 Τοι-

2159 4096 2332 4157 ούτοις
2377 4094 2622 4172 ἐπειρᾶτο
2652 4091 2866 4153 δουλοῦν
2927 4097 3017 4151 τὸν
3079 4095 3370 4173 ἐλεύθερον.
3410 4099 3506 4154 Καὶ
3537 4096 3580 4151 εἰ
3637 4095 3804 4153 καλὸν

2157 4184 2248 4250 εἴη
2308 4186 2395 4240 καὶ
2464 4183 2685 4262 ἀρέσκον
2745 4184 3002 4264 φιλοθὲων
3036 4190 3247 4264 ψυχαῖς
3304 4187 3362 4241 τὸ
3390 4186 3492 4241 ὑπὸ
3521 4195 3637 4259 σοῦ,
3673 4207 3806 4264 γεν-

2157 4287 2301 4350 ναῖε,
2334 4275 2841 4350 καιθοτομούμενον,
2876 4275 3038 4351 φαίην
3095 4275 3157 4331 ἂν
3202 4277 3333 4354 πρὸς
3381 4274 3562 4350 αὑτὸν,
3610 4277 3660 4331 τί
3717 4277 3802 4350 μὴ

2159 4365 2246 4436 ἐᾷς
2307 4364 2519 4421 αῦτόθεν
2577 4364 2752 4421 ςι-Ξλκιειν
2808 4366 2930 4428 τοὺς
2995 4364 3243 4442 ἐραστας,
3304 4363 3405 4420 καί⁴
3443 4363 3556 4440 ἰδίῳ
3615 4365 3806 4423 κάλλει

2159 4458 2465 4535 χειροῦσθαι
2536 4461 2658 4518 τοὺς
2725 4453 3071 4533 φιλοκάλους,
3129 4452 3267 4511 ἀλλα
3334 4455 3614 4535 χρήμασιν
3674 4457 3807 4515 αὐτὸ

2158 4548 2244 4603 καὶ
2303 4544 2529 4623 δωρεαῖς
2588 4543 2977 4622 περιστέλλεις,
3024 4545 3051 4600 δ
3117 4546 3236 4622 περὶ
3265 4545 3358 4609 τὰς
3404 4543 3677 4624 ἀμόρφους
3710 4546 3804 4602 καὶ

428 4636 534 4697 sed
567 4636 626 4696 id
663 4635 932 4714 pecuniis
979 4651 1156 4694 ornas
1211 4640 1267 4693 et
1321 4632 1692 4704 muneribus,
1731 4631 1888 4711 quod
1923 4629 2070 4693 solet

2164 4634 2412 4696 ἀκαλλεῖς
2475 4643 2737 4713 ποιοῦσιν,
2797 4631 3094 4709 ἀλλοτρίοις
3151 4634 3465 4708 κοσμήμασι
3515 4635 3605 4690 καὶ
3657 4654 3800 4716 τεχ-

431 4725 561 4788 ﬁeri
597 4724 867 4805 turpibus
899 4733 956 4784 et
1011 4721 1404 4797 deformibus,
1460 4730 1523 4781 ut
1571 4739 1701 4800 quae
1732 4722 1848 4782 sint
1879 4720 2072 4783 aliena

429 4825 785 4876 ornamenta
817 4823 875 4876 et
903 4812 1152 4875 artiﬁcia
1173 4810 1203 4870 ‘?

504 4974 557 5019 91
589 4975 702 5058 Isa,
736 4994 853 5052 Lix,
885 4976 947 5038 4.
1034 4973 1097 5024 23
1129 4974 1239 5036 Isa.
1275 4991 1454 5052 xxxn,
1492 4975 1551 5038 6.

497 5110 612 5180 (2'7)
645 5111 810 5166 Anno
849 5110 1076 5180 imperii
1110 5108 1162 5180 2,
1201 5107 1410 5162 Christi
1455 5105 1578 5180 492,
1615 5107 2066 5180 chirographum

465 5178 804 5239 remissionis
845 5178 975 5237 ﬁdei
1011 5181 1080 5236 ab
1119 5178 1434 5252 I‘Iuphcmio
1466 5178 1574 5234 s:bi
1609 5178 1839 5252 restitui
1868 5178 2061 5252 jussit.

449 5264 500 5312 ta
564 5252 860 5310 Cedrenus
915 5262 968 5308 et
1007 5247 1304 5308 Theodius
1364 5250 1568 5306 Lector
1597 5247 1894 5308 Cotlectan'.
1933 5255 1968 5309 I.
2005 5270 2064 5315 ιι.

420 5326 565 5382 Dein
599 5324 842 5380 librrnm
866 5325 1074 5395 cuique
1109 5323 1436 5395 iecit_q_uam
1471 5320 1643 5376 vellet
1676 5321 1946 5393 amplecti
1971 5341 2067 5383 se-

418 5405 594 5455 ctam.
640 5395 926 5466 Eyagrius
960 5391 998 5452 II
1033 5407 1120 5456 ru,
1155 5409 1206 5466 ο,
1244 5391 1333 5447 30.

506 5466 636 5547 (28)
670 5465 1000 5547 Concordat
1033 5484 1144 5528 ms.
1173 5465 1469 5547 Graecum,
1507 5477 1627 5547 τοῖς
1653 5466 1818 5547 ἱεροῖς
1863 5473 1968 5547 τῷν
2011 5469 2065 5526 ἐν

422 5543 612 5627 Νικαίᾳ
639 5545 1038 5627 Πατὲρων.88(ὶ
1053 5543 1372 5627 utrobique
1391 5543 1696 5604 mendum:
1717 5546 2061 5626 legendum,

419 5643 455 5752 ὃ
487 5626 720 5753 Pistruu:
754 5625 850 5698 qui
901 5625 1260 5684 Chalcedone
1313 5625 1566 5690 fuerunt,
1610 5645 1632 5675 ι
1670 5637 1730 5683 ιιι
1762 5631 2059 5700 sequentia

462 5711 526 5753 ec
557 5711 693 5753 aran
730 5743 739 5753 .

462 5707 739 5755 ectarant.

492 5767 605 5838 (29)
643 5768 725 5829 De
759 5769 1067 5843 Acepbaiis
1112 5778 1303 5828 actum
1355 5769 1423 5825 10
1459 5769 1704 5828 Januar.
1740 5768 1799 5828 in
1835 5771 1956 5832 Vita
1999 5774 2059 5832 S.

2155 4723 2385 4800 νασμασι
2417 4741 2439 4800 ;

2149 5107 2386 5183 Joannis
2418 5106 2645 5183 Camilli
2674 5106 2809 5183 Boni
2849 5121 2909 5165 n.
2962 5107 2997 5164 2
3038 5117 3093 5165 et
3118 5107 3186 5183 in
3213 5109 3333 5168 Vita
3364 5109 3422 5183 S.
3455 5109 3802 5183 Agathonis.

2148 5182 2433 5240 Cedrenus
2464 5180 2664 5236 scribit
2715 5182 3077 5237 Anastasium
3112 5179 3293 5238 fuisse
3323 5184 3376 5238 in
3412 5179 3620 5239 haeresi
3650 5183 3806 5238 Ace-

2150 5253 2481 5326 phalorum,
2543 5265 2646 5326 seu
2709 5249 3328 5326 Synchyiarum._Acta
3364 5254 3521 5310 enim
3559 5253 3808 5310 concilii

2149 5323 2640 5383 Chalcedonensis
2677 5325 3005 5379 authentica
3041 5333 3096 5379 et
3130 5323 3296 5380 altari
3337 5326 3525 5382 ablata
3570 5328 3814 5382 consci-

2150 5396 2634 5524 disggatqueigni
2669 5393 2972 5450 tradidisse
3003 5391 3170 5451 docet
3201 5394 3564 5467 Nicephorus
3595 5397 3638 5452 l.
3671 5407 3804 5463 XVI,

2150 5484 2203 5524 c.
2324 5511 2334 5522 .

2150 5484 2203 5526 0.
2243 5484 2334 5524 20.

2221 5557 2332 5685 φο)
2365 5555 2443 5639 ita
2470 5555 2620 5625 pulsi
2644 5555 2701 5637 in
2722 5553 2994 5612 exsilium
3021 5555 3362 5639 patriarchae
3386 5556 3811 5617 Constantino-

2252 5639 2385 5685 itam
2418 5628 2776 5685 Euohequs
2808 5635 2859 5682 et
2895 5626 3298 5685 Macedonius:
3333 5643 3586 5685 auorum
3612 5639 3809 5685 secta-

2148 5626 2385 5702 politani
2418 5628 2776 5702 Euphemius
2808 5635 2866 5702 et
2895 5626 3298 5702 Macedonius;
3333 5643 3586 5702 quorum
3612 5639 3809 5689 secta-

2147 5699 2324 5776 iores,
2370 5702 2604 5768 exsilio,
2635 5699 3010 5776 relegatione,
3042 5699 3510 5776 accusationibus
3551 5703 3799 5776 iniquis,

2148 5783 2245 5834 aut
2275 5773 2564 5832 bonorum
2590 5767 2992 5844 ’publicatione
3023 5767 3217 5831 afﬂicti
3249 5783 3404 5834 sunt.
