4062 6194
307 403 429 474 517

1298 403 1485 469 VITA
1530 407 1588 469 S.
1637 400 2043 470 THEODOSII
2087 402 2700 506 COENOBIARQHE.

3566 399 3683 468 518

390 543 515 619 μηδ’,
549 544 705 608 Γνοὺς
734 545 825 598 οὖν
868 542 898 598 ὸ
938 542 1105 620 μέγας
1138 542 1201 598 τὸ
1229 542 1334 598 ὑπὸ
1385 545 1485 609 τῆς
1515 547 1706 618 μικρᾶς
1751 540 1956 605 ἐκείνης

2090 536 2337 602 48.Cum
2357 554 2497 615 ergo
2521 533 2896 613 cognovisset
2914 533 3016 596 ille
3042 550 3292 615 magnus
3315 531 3375 595 id
3398 531 3555 615 quod
3581 532 3686 595 (ie-

310 635 405 690 ιιαὶ
460 631 624 711 μικρὰ
653 630 946 710 φρονούσης
1000 634 1185 709 ψυχῆς
1219 632 1457 704 ματαίως
1508 628 1629 685 κατ’
1676 629 1832 685 αὐτοῦ
1860 649 1961 703 με·

317 722 652 799 λετώμενον,
707 725 864 776 τοῦτο
990 721 1050 775 τὸ
1094 721 1189 774 τοῦ
1216 717 1379 796 λόγου
1406 718 1560 783 ἀετὸς
1599 720 1667 783 ἧν
1695 720 1751 774 ἒν
1803 717 1959 797 νεφέ-

315 813 447 875 λαις
477 809 716 877 ἄληπτος
770 813 857 865 καὶ
887 807 1208 888 ἀχείρωτος,
1243 806 1446 883 μᾶλλον
1491 806 1545 863 δὲ
1575 810 1663 864 καὶ
1721 809 1960 884 αἱροῦντα

316 903 483 980 αἱρεῖ,
529 900 621 956 τὸν
652 896 867 967 δοκήσει
916 897 1057 974 μόνῃ
1086 911 1208 963 ταῖς
1249 895 1545 964 ἀληθείαις.
1614 899 1678 953 Τὸ
1708 896 1808 971 μὲν
1859 896 1959 973 γὰρ

302 991 530 1072 χρυσίδν
603 988 698 1044 οὒκ
754 987 1079 1061 ἀπωθεῖται,
1138 989 1353 1063 μήποτε
1424 988 1510 1042 καὶ
1584 982 1708 1061 δόξῃ
1781 984 1958 1055 μάτην

299 1083 583 1153 ὑπονοεῖν,
641 1078 728 1134 sui
784 1074 1083 1132 σκανδάλου
1141 1077 1414 1155 παράσχοι
1480 1076 1598 1132 τινὰ
1669 1074 1954 1154 πρόφασιν,

303 1167 476 1237 διπλῆ
534 1167 591 1224 δὲ
640 1174 836 1241 ζημιοῖ
877 1167 970 1221 τὸν
1023 1163 1305 1238 πολέμιον,
1338 1163 1449 1239 ἅμα
1507 1163 1606 1237 μὲν
1659 1164 1957 1243 γρημάτων

304 1259 622 1328 ἀποστερῶν
682 1256 771 1313 καὶ
830 1254 1007 1320 ἄλλως
1065 1254 1479 1335 φιλοχρήματον
1526 1255 1675 1334 ὄντα,
1720 1254 1831 1327 ἅμα
1904 1251 1960 1309 δὲ

305 1348 399 1405 καὶ
458 1347 552 1410 τὰς
610 1343 829 1410 ἐλπίδας
886 1344 982 1407 αἶς
1043 1343 1323 1423 ἐπωχεῖτο
1368 1343 1598 1418 ματαίας
1655 1344 1746 1400 καὶ
1802 1343 1957 1405 κενὰς

306 1433 630 1507 ἀποδείξεις,
663 1435 749 1490 καὶ
812 1431 960 1491 οὐδὲν
1008 1436 1139 1512 πρδς
1191 1433 1252 1488 τὸ
1302 1433 1503 1489 σκοπὸν
1540 1432 1769 1512 ἐχούσας
1826 1433 1957 1487 ἀκό-

307 1529 523 1582 λουθον
573 1522 693 1579 ἀλλ’
751 1524 810 1578 ὃν
860 1522 1010 1602 ἔχειν
1067 1522 1123 1578 ἂν
1172 1521 1354 1582 πέδαις
1397 1519 1502 1588 ἤδη
1554 1520 1741 1578 λέοντα
1797 1520 1956 1595 ᾤετο,

302 1623 499 1673 τοῦτον
558 1611 678 1671 κατ’
743 1613 902 1669 αὐτοῦ
928 1612 1229 1692 θερμότατα
1290 1609 1545 1688 διεγείρας
1588 1613 1677 1667 καὶ
1719 1609 1961 1689 λαμπρὸς

301 1708 491 1785 φανεὶς
549 1704 608 1760 τὸ
666 1703 767 1770 τῆς
831 1703 1151 1781 παροιμίας,
1199 1701 1281 1757 ὅτι
1342 1702 1471 1777 πρὸς
1531 1699 1718 1757 λέοντα
1773 1700 1961 1778 δορκὰς

302 1783 505 1875 μάχης
553 1793 779 1861 ἥπτετο.
841 1783 933 1856 Ὠς
994 1793 1095 1870 γὰρ
1145 1789 1244 1859 ἢδη
1289 1792 1377 1847 καὶ
1433 1793 1460 1847 ὁ
1504 1793 1684 1868 καιρὸς
1742 1790 1960 1864 ἐνέστη,

2044 624 2142 688 bat
2161 624 2235 688 ab
2258 625 2360 687 illa
2382 623 2594 706 pusilla
2627 632 2685 685 et
2703 624 2934 705 abjecta
2964 622 3186 692 anima.
3211 632 3439 685 temere
3465 621 3682 685 adver-

2042 733 2144 777 sus
2173 734 2238 776 se
2268 715 2629 794 comparari,
2652 726 2804 788 erat,
2834 721 2896 774 ut
2924 712 3095 791 vulgo
3122 712 3364 785 dicitur,
3388 712 3585 793 aquila
3618 711 3683 773 in

2044 803 2396 878 nubibus,ut
2417 804 2518 883 qui
2541 822 2653 865 nec
2676 810 2877 883 posset
2896 801 3024 881 capi
3056 820 3166 864 nec
3189 801 3479 878 vinci;sed
3510 818 3681 863 reve-

2040 911 2106 955 ra
2134 893 2331 972 potius
2348 910 2486 954 eum
2511 891 2799 973 capit,qui
2820 889 3306 952 simulabat.Nam
3323 907 3531 952 aurum
3556 888 3686 971 qui-

2042 981 2176 1043 dem
2206 1001 2319 1043 non
2338 980 2600 1061 repellit,
2631 999 2708 1043 ne
2736 980 2888 1042 forte
2907 979 3204 1042 videretur
3231 990 3459 1042 temere
3479 979 3680 1059 διιερὶ-

2044 1071 2190 1147 cari,
2224 1082 2283 1133 et
2311 1070 2661 1133 olfensionis
2682 1070 2938 1151 aliquam
2965 1068 3257 1150 praeberet
3276 1070 3676 1131 occasionem:

2042 1163 2140 1221 sed
2167 1164 2611 1235 duplicidamno
2632 1162 2807 1221 afﬁcit
2827 1161 3422 1233 adversarium,simul
3444 1162 3680 1235 quidem

2044 1250 2281 1331 privans
2312 1250 2604 1331 pecuniis,
2633 1267 2765 1311 cum
2803 1255 2961 1310 esset
2991 1247 3216 1328 alioqui
3246 1266 3476 1323 avarus,
3503 1254 3562 1309 et
3592 1248 3681 1309 si-

2043 1340 2166 1401 mul
2195 1339 2371 1401 etiam
2396 1357 2562 1419 spem
2593 1357 2797 1400 vanam
2820 1346 2878 1399 et
2905 1338 3147 1399 inanem
3181 1336 3531 1415 ostendens,
3568 1354 3685 1419 qua

2042 1428 2460 1501 ducebatur,et
2481 1446 2614 1509 qua:
2636 1427 2785 1488 nihil
2809 1424 3064 1489 habebat
3084 1426 3159 1487 ad
3188 1444 3434 1508 scopum
3461 1427 3685 1508 pertin-

2043 1515 2335 1594 gens.Sed
2365 1536 2540 1599 quem
2566 1518 2801 1579 leonem
2827 1515 3207 1578 existimabat
3223 1534 3289 1577 se
3306 1516 3430 1596 jam
3464 1514 3685 1581 habere

2043 1608 2105 1668 in
2136 1607 2385 1688 pedicis,
2408 1625 2546 1670 eum
2570 1626 2703 1669 cum
2734 1608 2791 1668 in
2810 1624 2874 1667 se
2893 1604 3254 1668 concitasset
3272 1606 3682 1669 vehementis-

2043 1697 2217 1771 sime,
2256 1698 2539 1778 praaclare
2583 1698 2865 1770 ostendit,
2901 1705 2966 1757 ut
2995 1705 3085 1756 est
3113 1697 3173 1756 in
3206 1695 3542 1776 proverbio,
3576 1714 3681 1758 ca-

2043 1804 2247 1867 pream
2273 1787 2482 1849 iniisse
2508 1806 2762 1867 pugnam
2785 1786 3068 1848 adversus
3094 1786 3357 1847 leonem.
3378 1787 3526 1849 Nam
3545 1803 3682 1847 cum

298 1873 563 1948 κᾶνιεῖνος
624 1883 822 1959 ἀπῄτει
869 1884 957 1937 καὶ
1014 1880 1139 1958 παρ’
1178 1880 1339 1939 αὐτοῦ
1369 1882 1468 1946 τὴν
1526 1879 1838 1958 ὁμολογίαν,
1872 1881 1960 1937 καὶ

2045 1875 2157 1955 iam
2185 1884 2422 1958 tempus
2449 1876 2813 1951 advenisset,
2842 1885 2898 1936 et
2921 1874 3023 1937 ille
3052 1873 3126 1936 ab
3149 1894 3220 1937 eo
3242 1875 3511 1956 petiisset
3535 1893 3685 1937 con-

302 1972 655 2051 παρέστησαν
715 1973 762 2028 σί
821 1971 908 2027 ἐπὶ
963 1971 1136 2045 τούτῳ
1191 1968 1544 2048 πεμφθέντες,
1591 1969 1812 2028 ἐνταῦθά
1868 1992 1958 2045 μοι

296 2062 498 2119 σκόπει
557 2063 621 2118 τὸ
664 2058 911 2140 ἀνδρικὸν
964 2059 1124 2118 αὐτοῦ
1178 2062 1274 2128 τῆς
1327 2063 1514 2139 ψυχῆς
1556 2060 1646 2115 καὶ
1686 2071 1953 2136 γενναῖον.

304 2152 635 2229 Συναγαγὼν
673 2151 776 2228 γὰρ
833 2152 967 2224 ὁμοῦ
1017 2150 1219 2213 πάντας
1280 2146 1405 2211 τὸὺς
1462 2152 1561 2217 την
1607 2146 1810 2228 ἓρήμου
1852 2171 1958 2205 πο-

305 2240 494 2310 λίτας,
524 2241 612 2297 καὶ
654 2240 840 2318 καιρὸν
883 2240 1027 2296 εἶναι
1075 2239 1240 2295 εἰπὼν
1288 2237 1349 2293 τὰ
1395 2240 1725 2316 προφητικὸν
1782 2237 1960 2294 ἐκεῖνο

309 2329 475 2409 πέρᾶς
531 2329 680 2409 ἔχειν
724 2328 1108 2408 παράγγελμα,
1143 2327 1171 2383 ὅ
1214 2329 1306 2385 τὸν
1349 2334 1516 2404 πρᾶον
1546 2326 1754 2384 κελεόει
1806 2328 1959 2406 γενέ-

316 2423 441 2475 σθαι
505 2419 791 2498 μαχητὴν,
825 2420 913 2474 καὶ
946 2420 1073 2495 πρὸς
1108 2419 1227 2480 τοὺς
1287 2422 1386 2483 τῆς
1415 2415 1680 2478 εὐσεϐείας
1739 2417 1962 2493 ἀλείψας

316 2510 555 2588 ἀγῶνας,
620 2507 777 2570 αὖτὸς
821 2509 1146 2586 στρατηγὸς,
1204 2509 1362 2569 αὐτὸς
1421 2506 1771 2585 στρατιώτης,
1810 2507 1962 2572 αὐτὸς

315 2598 560 2677 ἀριστεὺς
618 2596 671 2653 ’έν
715 2603 845 2654 πᾶσι
888 2603 1099 2675 πρῶτος
1157 2594 1439 2675 ὲδείκνυ;ο,
1472 2597 1561 2652 καὶ
1590 2595 1674 2651 διὰ
1705 2597 1961 2675 γραμμαρ

316 2710 426 2744 των
455 2693 533 2760 τῷ
574 2686 791 2764 βασιλεῖ
847 2685 1221 2747 συνεπλέκετο.
1260 2688 1358 2744 Καὶ
1389 2684 1574 2754 ἣδιστα
1618 2685 1715 2760 μὲν
1760 2685 1825 2742 ἂν
1878 2688 1967 2743 καὶ

2043 1966 2390 2049 fessionem,
2426 1975 2483 2029 et
2506 1966 2789 2029 adessent
2819 1965 2923 2045 qui
2967 1983 3037 2026 ea
3063 1966 3137 2027 de
3162 1982 3340 2027 causa
3371 1964 3536 2026 missi
3564 1964 3689 2026 fue-

2040 2065 2195 2132 rant,
2232 2057 2330 2118 hic
2374 2056 2521 2119 mihi
2552 2057 2871 2118 considera
2921 2054 3055 2135 ejus
3085 2054 3273 2116 animi
3305 2054 3583 2116 virtutem
3629 2059 3690 2116 et

2042 2146 2635 2210 fortitudinem.Nam
2658 2165 2794 2208 cum
2817 2163 3031 2207 omnes
3056 2144 3233 2206 simul
3267 2150 3693 2222 congregasset

2048 2235 2206 2298 cives
2238 2236 2672 2311 soliludinis,et
2701 2234 2948 2297 dixisset
2980 2253 3111 2296 esse
3144 2242 3380 2315 tempus
3413 2244 3480 2295 ut
3506 2234 3689 2296 ﬁnem

2046 2326 2351 2407 acciperet
2403 2325 2626 2387 dictum
2659 2324 2806 2386 illud
2840 2324 3276 2403 propheticum,
3311 2322 3474 2399 quod
3517 2323 3691 2403 jubet

2050 2416 2253 2476 mitem
2284 2414 2412 2477 fieri
2438 2421 2917 2494 pugnatorem,et
2938 2431 3044 2474 eos
3071 2411 3447 2475 instruxisset
3467 2414 3539 2475 ad
3561 2430 3690 2474 sus.

2046 2503 2322 2584 cipienda
2378 2504 2711 2585 propietate
2745 2503 3091 2575 certamina,
3126 2519 3191 2563 se
3216 2548 3223 2555 .
3248 2502 3510 2565 ostendit
3553 2518 3689 2564 esse

2049 2593 2359 2673 ducem,se
2387 2592 2667 2665 militem,
2689 2610 2755 2654 se
2778 2594 2966 2652 virum
2995 2600 3261 2652 strenum
3288 2599 3345 2652 et
3366 2590 3603 2665 fortem,
3629 2597 3692 2654 et

2051 2684 2307 2763 primum
2334 2683 2395 2744 in
2412 2682 2776 2755 omnibus,et
2799 2700 2933 2744 cum
2953 2680 3313 2761 imperatore
3333 2692 3438 2760 per
3461 2679 3691 2742 litteras

312 2784 425 2834 τῶν
481 2774 799 2842 ἀποδείξεων
855 2775 1029 2832 αὖτῶν
1078 2775 1295 2832 ἐκείνων
1345 2777 1843 2852 ἔμνημονεῦσαμεν,
1877 2780 1961 2842 αἷς

2048 2785 2136 2834 est
2153 2775 2603 2848 congressus.Et
2626 2774 3005 2831 libentissime
3037 2773 3269 2846 quidem
3290 2773 3690 2832 meminissem

315 2865 599 2933 Θεοδόσιος
659 2871 804 2945 σαφῆ
854 2865 1106 2943 φλυαρίαν
1167 2866 1233 2921 τὰ
1290 2866 1615 2943 ἰσχυρότατα
1658 2874 1733 2940 τῷ
1786 2864 1961 2923 δοκεῖν

2050 2862 2285 2923 illarum
2311 2862 2570 2942 ipsarum
2601 2859 3041 2940 probationum,
3077 2857 3294 2938 quibus
3313 2857 3689 2922 Theodosius

308 2958 422 3014 τῶν
476 2953 883 3035 προϐληθέντων
940 2953 1202 3020 ἂπέδειξε’
1264 2964 1358 3012 τοῦ
1419 2956 1625 3031 μήκους
1689 2954 1744 3011 δὲ
1803 2957 1961 3036 χάριν

2045 2960 2281 3031 apertas
2313 2971 2500 3029 nugas
2534 2968 2667 3011 esse
2697 2949 2953 3011 ostendit
2984 2967 3076 3024 ea,
3111 2966 3245 3028 qua:
3267 2967 3334 3009 ex
3366 2948 3690 3027 propositis

306 3046 400 3103 καί
455 3047 521 3102 τὰ
553 3052 643 3103 νῦν
696 3044 1085 3124 στοχαζόμενοι
1139 3042 1377 3124 (πολλῶν
1408 3048 1511 3123 γὰρ
1554 3044 1615 3101 ἂν
1645 3044 1830 3113 ἐδέησε
1878 3048 1961 3103 καὶ

2048 3041 2402 3103 videbantur
2423 3058 2556 3102 esse
2579 3038 3077 3121 validissima;sed
3113 3045 3353 3118 propter
3377 3036 3691 3117 prolixita-

305 3140 513 3215 χειρῶν
545 3136 637 3191 καὶ
692 3131 941 3213 βίϐλων),
975 3133 1071 3201 τῆς
1131 3133 1224 3190 ὲπί
1280 3133 1415 3191 τέλει
1446 3135 1616 3211 μόνης
1669 3134 1961 3214 παῤῥησίας

2045 3140 2190 3207 tem,
2219 3142 2275 3192 et
2295 3149 2364 3192 ea
2396 3140 2695 3211 spectans,
2722 3129 2799 3191 de
2830 3128 3045 3209 quibus
3060 3128 3252 3206 agitur
3280 3127 3341 3188 in
3375 3126 3693 3206 praesentia

303 3224 812 3298 ἐπιμνησθήσομαι,
878 3223 1055 3289 Δῆλον
1124 3225 1225 3303 γὰρ
1302 3225 1387 3281 καὶ
1460 3222 1627 3288 οὔτως
1688 3224 1837 3281 ἔσται
1894 3225 1961 3282 δι’

2050 3222 2269 3301 (multis
2300 3223 2460 3282 enim
2512 3220 2788 3285 manibus
2819 3237 2970 3298 opus
3002 3225 3158 3314 esset
3179 3227 3239 3279 et
3268 3216 3462 3296 libris)
3494 3216 3691 3314 solum

303 3312 495 3391 ὀλίγου
547 3315 610 3369 τὸ
652 3320 745 3370 τοῦ
775 3311 958 3392 ἀνδρὸς
1011 3312 1282 3392 ἐλεύθερόν
1331 3335 1388 3370 τε
1434 3316 1519 3370 ιιαί
1575 3314 1957 3378 ἀταπείνωτον,

2048 3312 2383 3373 meminero
2410 3314 2538 3389 ejus
2569 3309 2810 3371 dicendi
2842 3308 3158 3381 libertatis,
3194 3326 3310 3388 qua
3339 3325 3479 3369 usus
3509 3315 3600 3368 est
3628 3305 3693 3367 in

302 3405 450 3482 Εἶχε
482 3400 539 3458 δὲ
569 3400 672 3459 ὦδε
699 3404 765 3459 τὰ
809 3403 1178 3482 γεγραμμένα.

2047 3402 2295 3465 ﬁne.Sic
2329 3400 2488 3463 enim
2515 3400 2718 3480 paucis
2747 3398 3302 3478 ostendetur,quam
3334 3396 3691 3459 essethomo

2047 3490 2289 3565 liber,et
2311 3490 2413 3571 qui
2446 3507 2822 3569 nequaquam
2856 3488 3038 3567 dejici
3069 3486 3403 3567 deprimive
3434 3494 3688 3567 poterat.

2046 3579 2145 3645 Sic
2174 3589 2371 3643 autem
2405 3578 2627 3641 habent
2656 3597 2747 3654 ea,
2783 3596 2917 3658 quae
2943 3576 3164 3657 scripta
3202 3585 3363 3638 sunt.

1799 3743 2032 3803 CAPUT
2073 3742 2188 3800 ΧΠ.

994 3865 1273 3951 Epistola
1302 3870 1366 3935 S.
1403 3868 1728 3933 Theodosii
1754 3870 1833 3932 ad
1864 3872 2315 3951 imperatorem,
2347 3875 2401 3930 et
2433 3867 2611 3945 hujus
2634 3880 3007 3945 responsum.

394 4001 514 4078 μθ’.
552 4002 652 4060 Δύο
679 4008 789 4060 τῶν
819 4002 1184 4082 προκειμένων
1236 4004 1398 4081 ἡμῖν,
1430 4006 1477 4062 ὦ
1504 4004 1743 4082 βασιλεῦ,
1781 4006 1817 4073 ἢ
1868 4008 1961 4081 ζῇν

2128 4003 2227 4065 46.
2263 4004 2409 4065 Cum
2448 4000 2566 4079 (3|)
2606 4001 2728 4060 haec
2783 3996 2900 4058 duo
2931 3995 3051 4057 sint
3084 3992 3256 4056 nobis
3290 3990 3615 4077 proposita,
3652 4013 3687 4061 o

304 4095 550 4173 αἰσχρῶς
609 4092 697 4149 καὶ
744 4092 1096 4171 ἀνελευθέρως
1160 4098 1279 4159 τοῖς
1339 4094 1659 4173 Ἀκεφάλοις
1720 4117 1961 4152 συναπα-

2045 4092 2391 4172 imperator,
2426 4090 2510 4151 vel
2546 4088 2799 4168 turpiter
2825 4096 2887 4147 et
2917 4084 3293 4148 illiberaliter
3323 4087 3516 4149 vivere
3538 4106 3690 4148 con-

300 4183 564 4263 χθέντας,
608 4182 644 4250 ἢ
693 4185 874 4239 θανεῖν
929 4182 1111 4247 καλῶς
1163 4197 1281 4249 τοῖς
1324 4185 1501 4261 ὀρθοῖς
1546 4185 1650 4241 τῶν
1708 4185 1960 4264 Πατέρων

2045 4181 2358 4243 sentiendo
2392 4177 2735 4259 Acepl.alis,
2771 4177 2861 4239 vel
2895 4177 3148 4238 honeste
3194 4177 3345 4238 mori
3376 4177 3687 4258 sequendo

300 4270 726 4336 ἆλολουθοῦντας
756 4270 1041 4352 δόγμασιν,
1088 4272 1196 4329 ἴσθι
1255 4276 1345 4329 τὸν
1374 4274 1598 4331 θάνατον
1640 4276 1778 4348 ἡμῖν
1808 4275 1953 4331 εἶναι

2045 4281 2206 4335 recta
2228 4277 2464 4332 Patrum
2496 4272 2800 4347 dogmata;
2824 4272 2972 4328 scito
3009 4277 3262 4327 mortem
3296 4286 3327 4328 a
3360 4266 3535 4328 nobis
3555 4284 3690 4331 esse

301 4361 689 4439 προτιμητέον.
738 4368 999 4420 Τοσοῦτον
1042 4362 1144 4441 γὰρ
1176 4360 1383 4440 ξδὲομεν
1424 4370 1543 4429 τοῦς
1571 4377 1780 4428 καινοῖς
1828 4369 1953 4421 τού-

2048 4361 2505 4444 praaferandam.
2540 4357 2795 4421 Tantum
2846 4357 3007 4419 enim
3039 4356 3230 4430 abest,
3263 4364 3329 4417 ut
3358 4356 3486 4419 hac
3535 4373 3692 4420 nova

305 4473 423 4514 τοις
478 4451 696 4509 ἕπεσθαι
747 4449 1029 4528 δόγμασιν,
1066 4450 1191 4509 ὅσον
1246 4456 1350 4533 οὔχ
1394 4455 1558 4529 ἡμεῖς
1613 4457 1767 4515 μόνοι
1820 4452 1957 4511 κατά

2047 4469 2368 4532 sequamur
2390 4449 2687 4527 dogmata,
2725 4456 2789 4506 nt
2815 4464 2932 4507 non
2958 4446 3152 4508 solum
3184 4445 3245 4506 in
3272 4448 3401 4508 loco
3424 4445 3692 4508 mansuri

308 4542 500 4621 χώραν
557 4547 819 4617 μενοῦμεν
863 4553 981 4607 τοῖς
1026 4539 1355 4621 προλαὸοὗσι
1408 4545 1592 4619 νόμοις
1622 4546 1728 4599 τῶν
1788 4544 1960 4601 Πατέ-

2048 4545 2257 4616 simus,
2295 4537 2704 4621 praecedentes
2735 4535 2970 4598 Patrum
3005 4536 3166 4615 leges
3187 4543 3505 4616 sequentes
3532 4556 3548 4613 ;
3580 4536 3689 4600 sed

313 4652 422 4708 ρων
479 4637 848 4710 στοιχοῡντες’
888 4628 1027 4686 ἀλλά
1080 4631 1166 4688 καὶ
1213 4632 1335 4695 τοὺς
1393 4630 1573 4699 ἤλλως
1603 4631 1747 4712 παρὰ
1801 4639 1966 4689 ταῦτα

317 4716 630 4798 πρεσϐεύειν
714 4718 1164 4800 ἀνασχομένουςῗ,
1248 4720 1652 4798 ἀποκηρύξομεν
1735 4720 1965 4787 εὐσεϐῶς

320 4811 411 4866 καὶ
466 4809 757 4885 ἆναθέματι
828 4807 1313 4887 καθυποϐολοῦμεν·
1396 4814 1455 4869 οὗ
1511 4811 1607 4886 μὲν
1673 4810 1812 4867 ἀλλὰ
1880 4812 1964 4868 καὶ

321 4899 796 4980 χειροτονούμενόν
862 4919 981 4954 τινα
1058 4904 1167 4955 τῶν
1248 4899 1565 4980 ’Δκεφάλων
1648 4904 1778 4981 πρὸς
1848 4902 1966 4978 βίαν

319 4991 489 5061 ἡμεῖς
547 4991 607 5047 οὗ
636 4985 1054 5067 παραδεξόμεθα.
1112 4987 1260 5055 Μηδὲ
1318 4990 1527 5069 γένοιτό
1575 5012 1730 5071 ποτε,
1775 4991 1966 5069 Χριστὲ

322 5075 575 5157 Βασιλεῦ,
609 5076 706 5134 ιιᾶν
748 5099 798 5132 τι
827 5083 1066 5134 τοιοῦτον
1131 5079 1331 5156 συμϐῇ,
1360 5081 1452 5135 τὸν
1482 5078 1665 5159 ἔφορον
1696 5081 1791 5149 τῆς
1823 5080 1964 5148 ἀλη-

319 5168 462 5232 θείας
520 5167 651 5224 Θεὺν
704 5166 940 5244 μάρτυρα
997 5167 1377 5243 ποιησάμενοι⁶
1436 5168 1640 5245 μᾶλλον
1699 5170 1753 5226 δὲ
1812 5170 1966 5228 αὐτὸν

322 5255 533 5314 ἐκεῖνον
588 5257 762 5314 εἰπεῖν
817 5257 908 5313 τὸν
966 5262 1053 5312 νῦν
1107 5254 1196 5313 ὑπ’
1228 5261 1402 5317 αὐτῶν
1456 5258 1966 5340 βλασφημούμενον,

325 5345 527 5426 μέχρις
611 5346 847 5422 αἵματος
918 5345 1367 5414 ἀντικαταστῆναι
1442 5347 1741 5425 θελήσομεν
1773 5367 1790 5385 ⁶
1875 5352 1965 5406 καὶ

323 5432 502 5515 ὥςπερ
554 5434 684 5514 ὒπὲρ
731 5433 998 5515 πατρίδος,
1047 5434 1209 5502 οὕτως
1260 5435 1465 5513 μᾶλλον
1506 5438 1635 5516 ὑπὲρ
1664 5443 1764 5505 τῆς
1807 5439 1963 5507 ὀρθῆς

398 5566 519 5637 (3t)
550 5566 820 5638 Epistulae
852 5567 974 5624 haec
1024 5567 1352 5627 referuntur
1383 5584 1414 5627 a
1464 5568 1711 5627 Baronio
1753 5569 1824 5627 ad
1871 5584 1964 5627 an.

324 5637 906 5714 Qb._5tt.’Ejusdem
966 5641 1204 5712 spiritus
1243 5651 1298 5699 et
1353 5640 1459 5699 zeli
1495 5647 1680 5714 exstat
1727 5640 1969 5714 epistola

326 5711 386 5771 8.
446 5708 605 5769 Saba
632 5708 704 5769 ad
741 5708 1145 5785 imperatorem
1186 5726 1312 5785 quae
1340 5727 1434 5773 an.
1494 5713 1704 5772 Christ.
1736 5708 1841 5771 5⁷13
1876 5729 1971 5774 re-

2049 4650 2147 4692 eos
2171 4634 2471 4703 etiatu,qui
2498 4646 2697 4703 praeter
2721 4631 2840 4688 haec
2867 4630 2979 4689 alia
3001 4632 3150 4688 tueri
3172 4630 3569 4698 sustinuerint.
3597 4632 3692 4703 pie

2050 4719 2481 4793 abdicabimus,
2516 4725 2575 4778 et
2608 4716 2965 4797 subjicimus
2994 4717 3359 4780 anathemati
3386 4734 3401 4779 :
3436 4718 3543 4779 sed
3575 4735 3691 4782 nec

2051 4809 2237 4871 ullum
2264 4827 2333 4870 ex
2363 4805 2689 4887 Acephalis
2721 4806 3082 4883 ordinatum,
3112 4824 3217 4886 per
3240 4807 3362 4883 vim
3387 4807 3687 4888 suscipie-

2051 4897 2380 4963 mus.Absit
2400 4905 2461 4958 ut
2479 4897 2590 4958 hoc
2621 4896 2783 4971 ﬁat,o
2809 4897 2932 4958 Rex
2957 4894 3211 4958 Christe!
3248 4905 3304 4959 et
3325 4897 3375 4957 si
3402 4897 3520 4959 tale
3541 4896 3689 4974 quid

2049 4986 2656 5067 contigerit,veritatis
2680 4988 2864 5049 Deum
2902 4987 3221 5067 praesidem
3256 4996 3559 5062 testantes,
3592 4984 3687 5049 vel

2052 5078 2248 5160 potius
2272 5078 2436 5138 illum
2461 5075 2789 5157 ipsum,qui
2822 5095 2980 5137 nunc
3002 5076 3075 5138 ab
3108 5076 3252 5158 ipsis
3271 5076 3600 5137 maledictis
3629 5082 3690 5136 et

2049 5167 2421 5249 blasphemis
2443 5167 2958 5248 appetitur,usque
2974 5165 3045 5226 ad
3074 5165 3423 5243 sanguinem
3447 5164 3690 5227 resiste-

2051 5276 2205 5322 mus:
2236 5267 2294 5319 et
2323 5257 2622 5339 quomodo
2654 5274 2761 5336 pro
2795 5257 3006 5336 patria,
3042 5255 3121 5317 ita
3153 5256 3340 5317 multo
3366 5254 3548 5331 magis
3579 5271 3687 5334 pro

2045 5356 2207 5411 recta
2238 5347 2355 5409 ﬁde
2405 5345 2663 5409 libenter
2691 5346 2919 5407 animas
2970 5344 3421 5425 profundetnus,
3455 5342 3692 5405 etiamsi

2047 5436 2177 5518 ipsa
2192 5444 2397 5498 sancta
2417 5435 2549 5498 loca
2570 5435 2689 5514 igni
2722 5434 3026 5516 perdenda
3060 5432 3239 5493 visuri
3271 5448 3507 5513 sumus,
3531 5430 3689 5505 Quid

2051 5570 2232 5630 fertur
2266 5587 2293 5628 δ
2329 5571 2583 5629 Baronio
2613 5584 2628 5627 :
2689 5568 2823 5626 licet
2854 5582 2971 5626 non
3005 5574 3249 5637 constet,
3280 5579 3395 5638 quo
3450 5579 3691 5642 quisque

2051 5653 2309 5714 tempore
2340 5644 2511 5700 fuerit
2541 5643 2775 5714 scripta.
