4062 6194
438 303 558 378 519

1731 312 1894 378 ΜΕΝ
1901 310 2011 376 SIS
2049 313 2502 382 JANUARIUS.

3688 311 3810 381 5‘20

440 450 602 513 enim
652 465 799 531 opus
829 463 962 512 esse
995 447 1123 510 solo
1157 447 1420 522 nomine,
1459 445 1698 526 quando
1730 447 1857 527 ipsa
1900 465 2057 508 sacra

2153 449 2381 512 πίστεως
2441 449 2606 517 ἠδεως
2666 447 2759 513 τὰς
2807 448 2987 528 ψυχὰς
3051 448 3379 526 προσόμεθα,
3445 448 3541 502 κᾶν
3614 448 3810 513 αὖτοὺς

445 556 652 602 revera
679 538 1020 600 afﬁciuntur
1051 533 1409 596 contumelia
1439 533 1464 594 ‘.’
1493 533 1612 595 Nos
1643 552 1782 614 ergo
1813 536 1932 614 (39)
1960 555 2072 598 ne-

446 645 734 708 quaquam
808 624 1192 685 admittemus
1247 621 1472 700 aliquid
1543 625 1789 690 sentire.
1847 632 2072 682 tantum

444 717 614 778 abest
642 721 706 774 ut
737 713 964 785 dicere,
999 710 1156 789 quod
1185 709 1482 788 discrepet
1511 730 1546 771 a
1575 713 1794 772 sanctis
1817 721 1873 771 et
1903 730 2072 773 mcu-

443 802 696 865 menicis
752 797 1045 860 conciliis.
1103 796 1186 858 Ex
1243 797 1460 876 quibus
1519 798 1778 878 primum
1833 801 2069 880 quidem

443 899 686 954 ornatur
716 885 1002 948 trecentis
1023 884 1234 946 decem
1256 895 1313 946 et
1343 896 1475 948 octo
1507 888 1801 963 Patribus,
1821 889 1921 968 qui
1938 908 2073 950 cum

439 979 721 1042 adversus
753 975 958 1035 Arium
994 974 1056 1034 in
1109 983 1313 1035 sancto
1345 975 1568 1054 Spiritu
1600 977 1795 1039 Nicena
1852 996 2072 1039 conve—

440 1073 689 1138 nissent,
717 1063 1081 1126 anathemati
1115 1064 1400 1125 miserum
1427 1063 1773 1144 subjiciunt,
1811 1076 1917 1128 eia
1947 1085 2072 1129 cor-

438 1173 584 1235 pore
613 1152 972 1215 abscindunt
991 1151 1786 1228 ecclesiastico,alieuantem
1819 1173 1852 1216 a
1883 1157 2072 1217 Patris

435 1242 692 1307 essentia
743 1259 903 1315 eum,
938 1240 1037 1321 qui
1071 1251 1161 1302 est
1205 1250 1410 1303 natura
1445 1243 1653 1317 Filius,
1693 1252 1749 1304 et
1801 1243 2072 1305 introdu-

435 1342 672 1397 centem
729 1330 1006 1409 dogmata
1038 1330 1234 1392 aliena
1279 1349 1314 1391 a
1343 1341 1504 1392 recta
1556 1332 1695 1393 ﬁde.
1731 1331 2071 1394 Secundum

434 1430 630 1483 autem
683 1418 943 1499 impulsu
1003 1418 1199 1480 divino
1261 1429 1679 1498 congregatum
1755 1421 2069 1482 adversum

434 1509 872 1588 Macedonium,
908 1512 1005 1586 qui
1040 1509 1166 1584 ipse
1197 1527 1432 1589 quoque
1462 1509 1750 1571 scelerate
1781 1510 2072 1592 loqueba-

433 1609 532 1662 tur
559 1599 840 1661 adversus
869 1595 1092 1658 bonum
1125 1595 1432 1676 Spiritum,
1468 1617 1604 1661 eum
1637 1597 1894 1662 abdicat.
1919 1602 2069 1662 Ter-

433 1694 581 1750 tium
632 1696 829 1748 autem
878 1685 1159 1747 adversus
1205 1686 1509 1766 profanam
1543 1696 1600 1748 et
1647 1690 2069 1751 exsecrandam

2159 534 2223 602 δὴ
2281 539 2402 594 τοὺς
2461 540 2637 615 ἁγίους
2702 539 2892 597 τόπους
2939 537 3073 615 πυρῦ
3131 540 3444 612 θεασώμεθα
3513 537 3806 614 φθειρομέ-

2159 647 2300 689 νους.
2362 629 2422 684 Τί
2471 629 2570 704 γὰρ
2628 627 2692 695 δὴ
2752 629 2838 682 καὶ
2893 625 3081 704 ὄφελος
3137 626 3398 698 ὀνόματος
3453 625 3643 698 μόνου,
3680 624 3810 680 ’ὅταν

2156 717 2287 770 αὐτὰ
2341 716 2466 791 γοῦν
2498 717 2562 771 τὰ
2621 717 2732 791 ἱερὰ
2776 717 3064 794 πράγματα
3114 714 3540 792 καθυϐρίζητιιις
3599 719 3675 772 Οῦ
3707 715 3809 788 μὲν

2157 803 2247 858 οῦν
2304 804 2468 876 ἡμέῖς
2500 804 2700 877 ἆπᾴδον
2729 828 2779 860 τι
2836 811 2942 860 τῶν
2971 805 3239 881 τεσσάρων
3299 804 3464 880 ἁγίων
3495 806 3585 859 καὶ
3625 804 3805 860 οἰκου-

2158 898 2390 964 μενικῶν
2443 893 2673 949 συνόδων
2715 895 2998 973 φρονῆσαι,
3034 895 3164 968 μήτι
3210 913 3270 969 γε
3318 893 3402 948 κοὶ
3447 892 3621 947 εἰπεῖν
3662 891 3802 954 ὅλως

2158 979 2572 1055 παραδεξόμεθα·
2633 985 2706 1037 ὧν
2764 987 2799 1052 ἡ
2873 982 2970 1052 μὲν
3039 983 3227 1059 πρώτη
3295 993 3410 1045 τοῖς
3477 983 3804 1056 τριακοσίοις

2159 1066 2282 1124 δέκα
2341 1071 2428 1126 καὶ
2459 1072 2602 1128 ὀκτὼ
2653 1084 2940 1145 κοσμεῖται
2992 1071 3281 1148 Πατράσιν,
3315 1071 3368 1126 οἳ
3403 1071 3538 1125 κατὰ
3595 1069 3806 1144 Ἀρείου

2158 1155 2213 1211 ἐν
2270 1157 2403 1233 ἁγίῳ
2470 1160 2731 1234 Πνεύματι
2794 1161 2911 1236 περὶ
2969 1161 3068 1220 τὴν
3141 1157 3362 1216 Νικαιαν
3434 1159 3801 1228 συνελθόντες,

2155 1245 2448 1321 ἂναθέματι
2497 1250 2587 1304 τὸν
2617 1247 2794 1304 ἄθλιον
2823 1245 3179 1304 ὑποϐάλλουσί
3231 1267 3287 1301 τε
3317 1248 3410 1301 καὶ
3445 1252 3535 1301 τοῦ
3587 1245 3802 1312 ἐκκλη-

2155 1336 2733 1413 σιαστικοῦ¹ξσώματος
2792 1336 3207 1411 ἀποτέμνουσιν,
3269 1332 3645 1411 ἆλλοτριοῦντα
3701 1339 3803 1400 τῆς

2155 1424 2247 1478 τοῦ
2304 1426 2510 1500 Πατρὸς
2542 1425 2723 1488 οὐσίας
2775 1427 2865 1482 τὸν
2898 1429 3047 1505 φύσει
3101 1427 3242 1503 Υἱὸν,
3275 1425 3362 1478 καὶ
3391 1421 3646 1499 ἀλλότρια
3695 1429 3802 1491 τῆς

2157 1512 2334 1588 ὑγιοῦς
2391 1514 2620 1577 πίστεως
2691 1513 3098 1591 δογματίζοντα.
3163 1505 3224 1569 Ἠ
3282 1510 3496 1590 δευτέρα
3559 1511 3615 1568 δὲ
3661 1515 3804 1570 κατὰ

2154 1598 2476 1656 Μακεδονὼυ
2532 1604 2852 1671 θεοκινήτως
2913 1605 3368 1680 συναθροισθεῖσα,
3433 1603 3640 1678 πονηρὰ
3711 1605 3804 1659 καὶ

2157 1689 2310 1743 αὖτὸν
2369 1691 2504 1745 κατὰ
2564 1701 2657 1750 τοῦ
2713 1691 2907 1767 ἀγαθοῦ
2939 1691 3295 1768 φθεγγόμενον
3340 1691 3640 1764 πνεύματος
3700 1689 3801 1746 ἐκ-

432 1777 694 1856 linguam
751 1773 1036 1848 Nestorii,
1069 1775 1169 1854 qui
1200 1775 1330 1855 ipse
1373 1795 1610 1856 quoque
1641 1777 1898 1838 absurda
1945 1788 2057 1840 eral

2153 1775 2425 1854 κηρίντει.
2479 1780 2573 1836 Καὶ
2633 1782 2662 1847 ἡ
2709 1783 2857 1856 τρίτη
2909 1778 2962 1835 δὲ
3017 1782 3153 1836 κατὰ
3203 1781 3485 1857 Νεστορίου
3537 1785 3637 1845 τῆς
3695 1781 3798 1856 [36-

431 1866 667 1928 locutus
716 1863 1000 1925 adversus
1031 1862 1248 1925 Christi
1301 1866 1498 1926 carnis
1529 1875 1822 1945 susceptae
1867 1868 2066 1928 consi-

430 1955 602 2032 lium,
637 1953 883 2032 pulchre
913 1953 1136 2030 Ephesi
1186 1953 1484 2016 convenit.
1531 1953 1672 2016 Post
1722 1954 1869 2030 baac,
1911 1955 2067 2035 quod

425 2045 560 2120 fuit,
594 2044 767 2106 etiam
823 2039 1201 2105 Chalcedone
1257 2051 1671 2104 sexcentorum
1723 2055 1780 2105 et
1829 2044 2068 2122 triginta

424 2133 756 2197 divinorum
805 2129 1044 2192 Patrum
1076 2147 1090 2193 :
1127 2132 1226 2212 qui
1261 2150 1392 2192 cum
1442 2133 1615 2192 etiam
1650 2151 1718 2193 ea
1749 2133 2064 2215 dixissent,

426 2241 558 2303 quas
587 2218 1022 2283 conveniebant
1056 2219 1376 2300 prioribus,
1413 2228 1471 2282 et
1520 2221 1621 2300 qui
1653 2220 1739 2282 illi
1771 2221 2061 2298 dixerant,

423 2311 619 2374 adhuc
666 2309 1002 2372 accuratius
1047 2314 1488 2389 exposuissent,
1521 2309 1822 2371 infelicem
1855 2319 1912 2372 et
1962 2329 2064 2372 ex-

421 2399 779 2464 secrandum
830 2397 1158 2477 Eutychem
1192 2415 1310 2458 una
1337 2415 1470 2459 cum
1515 2397 1788 2459 Nestorio
1820 2398 2062 2461 abscin-

421 2489 574 2552 dunt
600 2508 635 2551 a
655 2505 906 2568 corpore
935 2487 1315 2561 Ecclesiae,et
1346 2486 1518 2549 ﬁdem
1553 2487 1905 2549 conﬁrmant
1927 2507 2066 2570 apo-

420 2579 693 2641 stolicam
725 2597 738 2639 :
777 2585 834 2638 et
863 2577 1203 2658 quicunque
1238 2595 1353 2638 non
1386 2578 1466 2639 ita
1501 2577 1823 2650 sentiebat,
1859 2578 2066 2640 decer-

420 2677 570 2731 nunt
603 2686 736 2729 esse
783 2667 1044 2729 alienum
1076 2665 1150 2727 ab
1199 2665 1488 2730 Ecclesia.
1524 2665 1822 2728 Adversus
1852 2668 1977 2728 haec
2009 2677 2067 2729 et

421 2757 576 2837 ignis
603 2757 1062 2831 accendatur,et
1083 2757 1246 2816 ensis
1275 2765 1609 2828 acuatur,et
1643 2773 1802 2816 mors
1832 2776 2066 2837 quoque

415 2845 591 2908 nobis
619 2844 839 2907 acerba
863 2845 1290 2918 aﬁ'eratur,imo
1324 2844 1547 2918 vero,si
1573 2845 1702 2905 ﬁeri
1736 2843 2060 2925 possit,pro

419 2953 540 2994 una
571 2933 1064 3012 innumerabiles;
1093 2951 1200 2994 nos
1233 2949 1371 2993 vero
1404 2951 1702 3013 nunquam
1741 2935 2060 3013 prodemus

419 3038 617 3082 veram
645 3021 1224 3100 religionem,neque
1245 3039 1338 3096 ea,
1357 3039 1487 3101 quin
1512 3032 1675 3082 recte
1709 3025 2061 3102 placuerunt

417 3108 717 3212 Panibus,
755 3128 823 3170 ea
852 3108 1194 3217 abrogando
1229 3109 1444 3190 probro
1465 3111 1816 3217 afﬁciemus.
1850 3111 2058 3174 Testes
2073 3166 2116 3217 ο

419 3198 542 3261 sint
597 3217 802 3260 eorum
837 3199 1110 3271 sudores,
1145 3217 1294 3278 quos
1324 3217 1428 3279 pro
1463 3201 1579 3261 ﬁde
1635 3213 2052 3280 susceperunt,

418 3296 480 3350 et
527 3287 727 3349 multa;
757 3286 1194 3348 dimicationes.
1243 3285 1362 3350 Sed
1414 3306 1482 3349 ea
1512 3289 1837 3350 manebunt
1886 3290 2056 3352 ﬁrma

417 3387 478 3441 et
507 3375 862 3448 immobilia,
892 3386 951 3439 et
982 3377 1136 3456 apud
1171 3395 1301 3449 nos,
1338 3387 1396 3438 et
1452 3379 1605 3458 apud
1639 3397 1763 3452 eos,
1798 3399 1948 3459 quos
1975 3381 2060 3440 fas

417 3476 510 3529 est
567 3476 628 3527 et
658 3465 848 3528 Deum
883 3474 941 3526 et
993 3483 1104 3526 nos
1133 3466 1325 3545 sequi.
1375 3465 1489 3527 Pax
1519 3477 1714 3528 autem
1763 3469 1893 3543 Dei,
1929 3487 2061 3546 qua;

415 3563 661 3637 superat
707 3573 946 3617 omnem
1004 3564 1294 3630 mentem,
1327 3555 1404 3616 sit
1455 3565 1652 3618 custos
1683 3568 1740 3618 et
1785 3555 1901 3619 dux
1935 3567 2052 3620 tum

411 3645 711 3726 potentias.

492 3734 592 3797 50.
627 3733 771 3796 Cum
805 3735 957 3796 hanc
984 3735 1309 3813 imperator
1347 3735 1674 3815 accepisset
1708 3736 2047 3816 epistolam,

411 3823 660 3885 mittens
677 3832 738 3886 et
761 3824 874 3884 vim
897 3823 1198 3892 aﬁ'erre.et
1227 3823 1427 3884 conari
1456 3825 1910 3903 persuadere,se
1938 3845 2048 3904 po-

411 3912 529 3975 tius
559 3914 938 3994 submittens,
967 3931 1280 3991 aggressus
1311 3923 1399 3974 est
1431 3930 1494 3973 se
1537 3915 1611 3974 de
1642 3915 1714 3973 iis
1743 3932 2045 3980 excusare.

410 4021 661 4081 quorum
693 4001 1102 4076 accusabatur,
1137 4009 1197 4062 et
1230 4002 1316 4061 sic
1348 4003 1686 4081 composuit
1717 4003 2046 4082 epistolam:

410 4089 602 4167 Hujus
646 4089 1067 4168 innovationis,
1100 4110 1134 4150 o
1167 4092 1344 4151 homo
1375 4089 1504 4164 Dei,
1542 4109 1649 4152 nos
1698 4111 1814 4153 non
1847 4111 2053 4153 sumus

409 4187 705 4239 auctores.
745 4177 984 4240 Testem
1014 4178 1386 4240 confidenter
1418 4180 1896 4262 invocamus,qui
1929 4201 2051 4241 om-

411 4267 515 4330 nia
531 4267 849 4335 cernit,Dei
869 4267 1105 4328 oculum
1119 4268 1244 4329 :sed
1267 4268 1340 4328 ab
1365 4268 1485 4329 illis
1503 4270 1690 4330 oritur
1711 4270 1808 4330 hic
1833 4279 2045 4344 motus,

407 4376 579 4438 quos,
608 4361 740 4436 plus
771 4375 952 4434 quam
986 4357 1112 4431 alii,
1140 4356 1455 4436 oportebat
1487 4359 1610 4418 hch
1646 4359 1942 4420 honorare
1972 4360 2050 4419 si-

406 4445 612 4508 lentio.
665 4448 840 4507 Nunc
870 4454 1066 4507 autem
1115 4447 1432 4525 cupientes
1479 4445 1698 4525 singuli
1730 4450 1904 4526 primi
1957 4449 2041 4508 vi~

2150 1863 2317 1935 δήλου
2373 1866 2620 1945 γλώττης
2674 1870 2762 1924 καὶ
2819 1875 3010 1947 μιαρᾶς
3069 1865 3243 1924 ἄτοπα
3309 1870 3396 1924 καὶ
3440 1867 3600 1924 αὐτοῦ
3655 1870 3800 1924 κατὰ.

2150 1955 2247 2020 τῆς
2331 1956 2634 2020 οἱκονοπὶας
2714 1964 2942 2035 Χριστοῦ
3023 1955 3384 2035 φθεγξαμένου
3457 1957 3511 2013 ἐν
3583 1955 3800 2036 Ἐφέσῳ

2149 2043 2327 2108 καλῶς
2365 2044 2734 2114 συνελήλυθεν,
2785 2043 2904 2102 Ἐπὶ
2961 2047 3162 2106 τούτοις
3217 2047 3305 2101 καὶ
3356 2047 3390 2112 ἡ
3451 2046 3506 2101 ἐν
3566 2045 3796 2114 Καλχη-

2148 2131 2257 2188 δόνι
2325 2141 2431 2190 τῶν
2486 2132 2768 2199 ἑξακοσίων
2827 2135 3108 2214 τριάκοντα
3173 2135 3439 2212 θεοφόρων
3511 2135 3794 2214 Πατέρων,

2151 2224 2203 2278 οἳ
2261 2221 2355 2278 καί
2386 2225 2530 2282 αὐτοὶ
2589 2222 2792 2296 συνῳδὰ
2823 2239 2939 2285 τοῖς
3001 2220 3354 2300 προλαϐοῦσιν
3407 2222 3665 2295 εἰπόντες,
3703 2232 3798 2286 καὶ

2147 2311 2213 2364 τὰ
2274 2311 2488 2367 ἐκείνων
2545 2310 2621 2367 ἔτι
2664 2310 3142 2390 ἐξακριϐώσαντας,
3193 2316 3406 2389 Εὐτυχῆ
3465 2313 3555 2367 τὸν
3607 2313 3795 2390 ἀτυχῆ

2147 2401 2234 2454 καὶ
2263 2399 2629 2457 κατάπνυστον
2659 2400 2770 2474 ἅμα
2826 2403 3088 2478 Νεστορίῳ
3118 2402 3209 2456 τοῦ
3235 2403 3374 2476 ἱερου
3415 2401 3515 2466 τῆς
3548 2399 3794 2467 Ἐκκλη-

2147 2488 2262 2552 σίας
2313 2487 2639 2556 ἐκκόπτοησι
2695 2489 2966 2560 σώματος,
3001 2489 3103 2555 τὴν
3159 2486 3523 2557 ἀποστολικήν
3553 2509 3612 2544 τε
3664 2487 3793 2545 δια-

2148 2578 2455 2653 κρατόνουσι
2480 2580 2704 2650 ῖπίστιν,
2740 2579 2826 2633 καὶ
2883 2579 3056 2634 πάντα
3084 2578 3174 2633 τὸν
3225 2577 3302 2651 μὴ
3337 2575 3474 2632 οὕτω
3526 2585 3793 2654 φθονοῦν-

2146 2686 2209 2720 τα
2254 2665 2398 2731 ξὲνον
2453 2667 2594 2723 εἶναι
2628 2666 2721 2734 τῆς
2767 2665 3088 2729 Ἐκκλησίας
3134 2673 3359 2744 Χριστοῦ
3386 2664 3786 2740 δογματίζουσι.

2149 2757 2287 2830 Πρὸς
2348 2761 2507 2810 ταῦτα
2565 2759 2656 2810 καὶ
2709 2763 2810 2833 πῦρ
2865 2754 3128 2827 ἁπτέσθω,
3165 2755 3251 2810 καὶ
3312 2754 3455 2832 ξίφος
3511 2754 3786 2831 θηγέσθω,

2141 2843 2420 2918 ἐπαγὲσθω
2488 2841 2542 2901 δέ
2598 2845 2682 2899 καὶ
2743 2846 2770 2899 ὸ
2843 2845 3028 2920 πικρὸς
3101 2840 3216 2898 καθ’
3289 2844 3446 2916 ἡμῶν
3529 2844 3778 2917 θάνατος,

2143 2930 2343 3005 μᾶλλον
2392 2930 2446 2986 δὲ
2505 2931 2616 2988 ἀνθ’
2675 2933 2814 3004 ἑνὸς,
2875 2933 2935 2988 ἃν
2990 2933 3264 3011 ἐγχωροῦν
3322 2935 3384 3007 ᾗ,
3444 2933 3639 3004 μυρίον
3708 2935 3784 2997 ὡς

2141 3018 2325 3075 οὔποτ’
2372 3019 2434 3074 ἃν
2490 3017 2769 3096 προθῶμεν
2833 3019 2989 3093 ἡμεῖς
3048 3020 3144 3086 τὴν
3208 3019 3499 3098 εὖσεὸειαν,
3545 3019 3660 3078 οῦδὲ
3715 3022 3786 3076 τὰ

2141 3107 2317 3172 καλῶς
2385 3106 2604 3173 δόξαντα
2670 3122 2782 3169 τοῖς
2832 3109 3063 3187 Πατράσι
3121 3117 3196 3181 τῷ
3239 3109 3448 3165 ἀθετεῖν
3517 3108 3786 3181 ἀτιμάσο-

2141 3219 2262 3272 μεν,
2326 3197 2396 3254 Οὐ
2427 3199 2501 3270 μὰ
2560 3205 2678 3260 τοῦς
2713 3197 2842 3274 ὅπερ
2895 3203 2993 3264 τῆς
3037 3198 3263 3262 πίστεως
3308 3197 3476 3256 αὐτῶν
3533 3195 3780 3274 ἱδρῶτας,

2142 3289 2228 3342 καὶ
2286 3286 2353 3345 τά
2422 3285 2599 3343 πολλὰ
2670 3289 2982 3360 σκάμματα,
3043 3286 3180 3342 ἀλλὰ
3251 3300 3407 3360 μενεῖ
3456 3290 3618 3342 ταῦτα
3689 3290 3785 3344 καὶ

2141 3377 2263 3452 παρ’
2310 3377 2446 3447 ἡμῖν
2475 3377 2562 3430 καὶ
2616 3375 2742 3443 παρ’
2772 3380 2858 3440 οἷς
2891 3377 3034 3433 ὅσιον
3065 3374 3376 3432 ἀκολουθεῖν
3437 3382 3550 3448 Θεῷ
3579 3398 3635 3431 τε
3693 3379 3786 3433 καὶ

2141 3467 2280 3539 ἡμῖν
2309 3463 2556 3529 ἀκίνητα,
2619 3457 2680 3520 Ἠ
2713 3463 2766 3519 δὲ
2823 3467 3006 3541 εἰρήνη
3040 3472 3130 3522 τοῦ
3165 3471 3298 3520 Θεοῦ
3357 3466 3390 3532 ἡ
3447 3467 3784 3544 ὑπερέχουσα

2135 3555 2309 3612 πάντα
2377 3561 2496 3610 νοῦν
2569 3552 2733 3633 ιρόλαξ
2803 3553 2896 3620 εἴη
2955 3556 3044 3610 καὶ
3115 3552 3310 3632 ὁδηγὸς
3398 3561 3488 3609 τοῦ
3556 3557 3781 3632 κράτους

2134 3666 2248 3706 σου,

2212 3723 2281 3790 ν’.
2343 3731 2550 3799 Ταύτην
2609 3729 2887 3806 δεξάμενος
2920 3733 2946 3787 ὁ
3000 3730 3250 3808 βασιλεὺς
3309 3732 3404 3799 τὴν
3457 3731 3774 3808 ἐπιστολὴν,

2134 3825 2280 3886 εὐθὺς
2333 3829 2457 3900 γοῦν
2517 3823 2578 3877 τὸ
2631 3821 2898 3895 βιάζεσθαι
2969 3822 3056 3878 καὶ
3113 3823 3174 3877 τὸ
3243 3826 3520 3899 πειρᾶσθαι
3578 3826 3779 3878 πείθειν

2135 3912 2307 3990 ἀφεὶς,
2372 3913 2444 3974 εἷς
2504 3909 2796 3988 ἀπολογίαν
2855 3909 3059 3985 μᾶλλον
3114 3908 3195 3966 διὰ
3252 3913 3463 3990 Γραφῆς
3519 3913 3648 3989 ὑπὲρ
3703 3914 3780 3966 ὧν

2134 4003 2323 4077 ᾐτιᾶτο
2380 4010 2632 4078 πρότερον
2689 4000 2993 4079 ὑφειμάνως
3051 3999 3272 4079 ἐχώρει,
3332 4002 3419 4057 καὶ
3463 4001 3601 4058 οὕτω
3658 4023 3774 4065 πως

2135 4092 2414 4146 συνέταττε
2469 4089 2568 4156 τὴν
2613 4087 2923 4155 ἐπιστολήν.
2983 4094 3090 4155 Τῆς
3153 4090 3492 4165 καινοτομίας
3548 4091 3775 4166 ταύτης,

2134 4181 2180 4236 ὦ
2236 4179 2473 4256 ἄνθρωπε
2532 4186 2623 4234 τοῦ
2683 4178 2836 4250 Θεοῦ,
2891 4180 2997 4258 οὐχ
3051 4181 3214 4254 ἡμεῖς
3274 4178 3473 4235 αἴτιον⁹
3538 4179 3777 4257 μάρτυρα

2132 4266 2439 4345 θαῤῥοῦντες
2507 4265 2901 4339 ἑπικαλούμεθα
2963 4269 3054 4322 τὸν
3114 4269 3289 4326 πάντα
3356 4267 3622 4344 βλέποντα
3677 4275 3773 4324 τοῦ

2134 4364 2264 4412 Θεοῦ
2318 4354 2608 4434 οφθαλμόνο
2641 4353 2780 4409 ἀλλὰ
2837 4355 2960 4432 παρ’
3013 4356 3228 4414 ἐκείνων
3280 4360 3313 4426 ἡ
3358 4380 3558 4414 τουτων
3609 4357 3771 4425 κίνη-

2132 4469 2209 4506 σις
2243 4446 2328 4504 οὒς
2387 4444 2488 4500 ἔδει
2521 4443 2720 4518 μᾶλλον
2779 4449 2884 4499 τῶν
2915 4443 3090 4502 ἄλλων
3151 4452 3330 4522 σιωπῇ
3379 4455 3543 4503 ταῦτα
3578 4453 3766 4522 τιμᾷν.

407 4535 540 4596 deri
571 4545 630 4597 et
659 4535 898 4597 dicendi
930 4519 1211 4597 facultate
1240 4543 1298 4596 et
1350 4519 1658 4612 dignitaie,
1693 4519 1922 4616 seipsos
1952 4537 2045 4598 fe-

2143 4536 2237 4593 Νῦν
2291 4533 2344 4590 δὲ
2400 4533 2706 4610 ὀρεγόμενοι
2765 4540 2854 4589 τοῦ
2903 4540 3114 4612 πρῶτος
3172 4540 3343 4594 αὐτῶν
3393 4535 3615 4600 ἕκαστος
3671 4535 3768 4592 δυο

405 4624 591 4701 riunt,
630 4636 689 4686 et
739 4643 847 4685 nos
877 4624 948 4685 ad
985 4642 1050 4684 se
1083 4623 1334 4685 invicem
1386 4625 1706 4685 attrahunt.
1739 4625 1884 4697 Quid
1939 4645 2048 4687 nos

407 4731 550 4793 ergo
581 4714 742 4776 aliud
767 4722 1002 4793 oportet
1023 4715 1244 4785 facere,
1273 4712 1681 4794 quam,dumii
1714 4725 2046 4792 moventur,

408 4818 519 4864 nos
552 4821 669 4864 non
699 4803 876 4864 simul
905 4802 1154 4877 moveri,
1185 4803 1288 4864 sed
1321 4803 1581 4883 quietem
1615 4804 1897 4885 amplecti
1934 4823 1947 4868 :
1983 4818 2049 4867 ut

405 4887 495 4954 sic
525 4889 887 4971 persuadere
919 4893 1218 4971 possimus
1255 4891 1364 4968 eis,
1403 4892 1504 4972 qui
1534 4892 1632 4953 hic
1660 4911 1898 4956 movere
1924 4904 2048 4955 sta-

405 4981 651 5056 tuerint,
687 4979 936 5042 dimissa
988 4979 1087 5042 tali
1117 4989 1523 5056 contentione,
1558 5001 1674 5042 una
1734 4983 2047 5046 nobiscum

401 5070 720 5148 quiescere
751 5077 778 5133 ?
812 5070 1073 5134 Omnino
1105 5069 1265 5131 enim
1313 5079 1473 5130 tuam
1506 5089 1621 5130 non
1652 5071 1792 5131 latet
1843 5071 2039 5151 pieta-

399 5168 546 5235 tem,
570 5159 724 5240 quod
752 5161 991 5240 quidam
1026 5159 1307 5220 monachi
1334 5166 1392 5221 et
1419 5159 1645 5229 clerici.
1673 5161 1771 5237 qui
1804 5169 2030 5222 rectam

400 5249 543 5312 ﬁdei
572 5249 686 5310 sibi
717 5247 1016 5314 vindicant
1035 5247 1412 5324 sententiam,
1440 5249 1567 5310 haec
1593 5266 1834 5311 movere
1870 5268 2042 5312 scan-

474 5384 588 5453 (32)
618 5384 674 5442 S.
709 5383 886 5442 Sabas
942 5384 1002 5439 in
1033 5398 1134 5440 sua
1167 5383 1236 5440 ad
1269 5384 1509 5453 imperat
1540 5382 1778 5453 epistola
1817 5398 1831 5439 :
1869 5402 1890 5432 ι
1925 5383 2041 5440 Nos

399 5470 540 5526 ergo
575 5471 683 5514 nec
715 5457 999 5526 patiemur
1028 5455 1246 5524 aliquid
1303 5455 1464 5526 aliud
1493 5454 1702 5510 addere
1732 5462 1936 5526 praeter
1975 5469 2039 5510 ea

401 5524 530 5597 quas
576 5524 803 5584 decreta
833 5537 966 5583 sunt
1003 5541 1046 5597 ai
1068 5526 1335 5584 trecentis
1386 5525 1582 5597 decem
1613 5535 1668 5582 et
1697 5537 1824 5581 octo
1857 5524 2040 5581 Patri-

399 5595 508 5653 bus
557 5599 655 5665 qui
713 5599 945 5655 fuerunt
1000 5596 1232 5667 Nicaeae,
1294 5605 1349 5654 et
1407 5595 1618 5666 tribus,
1655 5608 1785 5665 quaa
1843 5605 2038 5666 postea

2131 4625 2288 4696 νᾶμει
2348 4645 2404 4679 τε
2435 4622 2595 4701 λόγου
2643 4624 2733 4678 καὶ
2761 4621 3020 4697 ἀξιώματι
3077 4627 3368 4704 φαίνεσθαι,
3401 4623 3666 4694 ἀλλήλους
3710 4647 3772 4682 τε

2131 4713 2406 4790 βάλλουσι,
2442 4718 2527 4768 καί
2584 4714 2727 4785 ἡμᾶς
2759 4714 2887 4790 πρὸς
2944 4713 3154 4779 ἑαυτοὺς
3198 4713 3526 4775 ἱινθέλκουσι.
3575 4715 3635 4771 Τί
3681 4715 3772 4771 οὖν

2129 4804 2306 4880 ἕτερον
2355 4805 2496 4877 ἡμᾶς
2554 4804 2666 4881 χρὴ
2713 4815 2913 4876 ποιεῖν,
2945 4803 2980 4870 ἢ
3047 4804 3243 4868 τούτοις
3299 4805 3628 4878 κινουμένοις
3688 4805 3768 4879 μὴ

2131 4895 2510 4970 συγκινεῖσθαι,
2574 4889 2713 4946 ἀλλά
2776 4892 2875 4957 τὴν
2945 4894 3175 4970 ἡσυχίαν
3246 4893 3615 4968 ἁσπάζεσθαις
3689 4893 3768 4950 ἵν’

2132 4982 2268 5039 οὕτω
2324 4984 2507 5037 πεῖσαι
2560 4978 2866 5054 δυνηθῶμεν
2908 4984 2995 5036 καὶ
3049 4983 3170 5043 τοὺς
3227 4981 3392 5038 ταῦτα
3435 4983 3768 5060 προειρημέ-

2124 5092 2241 5132 νοος
2291 5083 2482 5141 κινεῖν,
2519 5068 2813 5146 ἀφεμένους
2873 5071 3125 5136 τοιαύτης
3183 5070 3495 5150 ἐρεσχελίας
3526 5079 3643 5128 νοῦν
3701 5074 3769 5140 ἡ-

2123 5159 2382 5238 συχάζεεν
2426 5160 2584 5232 ἡμῖν,
2634 5159 2852 5220 Πάντως
2884 5159 2984 5236 γὰρ
3029 5163 3123 5218 οὒκ
3153 5157 3349 5226 ἅδῆλον
3398 5170 3554 5218 τοῦτο
3585 5167 3653 5237 τῇ
3696 5166 3768 5238 σῇ

2121 5245 2402 5322 θεοσιϐείᾳ,
2443 5249 2516 5310 ὡς
2569 5248 2804 5325 μοναχοί
2843 5267 2984 5310 τινες
3040 5249 3129 5303 καὶ
3158 5247 3411 5328 κληρικοὲ
3468 5249 3766 5328 ὀρθοδοξίας

2123 5388 2454 5439 consecutae
2527 5386 2679 5444 sunt,
2722 5377 2982 5452 synodis,
3045 5393 3154 5436 nec
3215 5381 3530 5452 quidquam
3593 5383 3765 5441 aliter

2123 5454 2405 5529 innovare
2439 5469 2453 5516 ;
2496 5451 2595 5529 sed
2629 5462 2761 5529 pro_
2792 5450 2874 5529 (iis
2903 5451 3073 5529 etiam
3104 5450 3327 5529 animas
3375 5450 3760 5524 profundere,

2122 5532 2178 5582 et
2208 5520 2689 5604 innumerabiles,
2719 5521 2764 5576 si
2797 5521 2922 5578 ﬁeri
2973 5523 3176 5592 possit,
3209 5520 3420 5582 mortes
3451 5529 3624 5597 parati
3657 5541 3764 5584 su-

2123 5607 2251 5652 mus
2280 5605 2597 5663 suscipere.
2634 5611 2656 5642 ο
