4094 6196
239 386 354 457 521

1222 396 1408 464 VITA
1452 399 1513 463 S.
1561 393 1968 464 THEODOSII
2009 395 2623 466 CCENOBIARCH/E.

3495 399 3613 469 522

236 522 398 592 δῆθεν
438 526 896 610 ἀντιποιούμενοι,
952 531 1020 589 τὰ
1060 537 1279 587 τοιαῦτα
1324 531 1591 588 σκάνδαλα
1649 554 1865 601 κεκινη-

1955 533 2109 606 dala,
2146 533 2398 613 seipsos,
2455 541 2516 595 ut
2574 533 2857 610 diximus,
2916 533 3222 597 studentes
3283 534 3610 598 ostendere

238 635 418 688 κασιν,
483 616 698 683 ἑαυτοὺς
742 618 911 684 δεῖξαι
957 617 1358 700 σπουδάζοντες,
1417 621 1598 698 ὥσπερ
1649 621 1875 700 ἔφημεν,

239 702 520 773 επειλῆθαι
569 713 677 763 τῶν
747 708 1018 784 πρωτείων
1070 711 1127 764 ιν
1181 710 1258 784 τῷ
1306 716 1470 766 ταῦτα
1513 709 1726 786 εἰδέναι,
1793 713 1881 768 καὶ

237 791 305 847 τὸ
363 792 650 873 μυστήριον
700 798 786 853 καὶ
839 798 940 866 τὴν
991 799 1166 855 πίστιν
1223 811 1341 862 τοῖς
1400 799 1659 875 στόμασιν
1708 805 1880 860 αὐτῶν

235 881 560 959 περιφέρειν.
661 885 834 963 "Art-sp
919 886 1212 964 ἀνθρώποις
1299 887 1654 956 ἀκατάληπτα
1724 889 1872 962 ὄντα,

234 967 386 1025 οὐδὲν
443 971 619 1051 ἕτερον
676 974 712 1040 ἣ
769 976 1003 1050 ψεύστας
1086 976 1314 1040 ἐκείνους

1400 979 1488 1033 καὶ
1544 979 1876 1059 συκοφάντας

235 1056 665 1118 ἀποδεικνύουσιν
700 1078 713 1092 ⁸

779 1061 896 1120 ὅθεν
971 1067 1060 1122 καὶ
1114 1065 1328 1143 μεγάλη
1383 1067 1520 1140 ἡμῖν
1580 1067 1686 1124 ἀπὸ
1746 1076 1879 1127 Θεοῦ

234 1147 626 1230 ἀγανάκτησις,
686 1152 797 1209 ἀνθ’
855 1153 930 1209 ὧν
988 1156 1272 1230 νομίζομεν
1324 1159 1385 1211 τὸ
1443 1157 1757 1235 μυστήριον,
1819 1158 1879 1214 οὐ

235 1235 528 1312 μυστήριον
610 1243 774 1320 εἶναι,
836 1240 953 1298 οὒδὲ
1012 1245 1099 1299 καὶ
1161 1243 1222 1298 ἐκ
1265 1244 1493 1308 πίστεως
1561 1245 1873 1303 συνεστάναι

233 1325 436 1399 μόνης,
483 1326 602 1384 ἀλλ’
646 1329 698 1394 ἐξ
747 1330 962 1387 ἀτόπων
1005 1331 1294 1412 φλυαριῶν,
1341 1334 1428 1388 καὶ
1470 1354 1874 1412 κατηγορουμεν

233 1415 342 1469 τῶν
398 1414 714 1481 διδαξάντων
745 1420 887 1494 ἡμᾶς
942 1421 1114 1477 πίστει
1157 1423 1244 1478 καὶ
1302 1423 1578 1498 μυστηρίῳ
1632 1423 1698 1478 τὰ
1754 1426 1874 1478 θεῖα

233 1500 503 1568 σέϐεσθαι,
569 1498 970 1586 ’Υπερεύξασθαι
1027 1511 1114 1565 οὗν
1178 1515 1274 1576 τῆς
1339 1509 1662 1577 Ἐκκλησίας
1717 1509 1873 1588 εἴπερ

229 1592 362 1648 ποτὲ
408 1597 495 1650 καὶ
552 1603 640 1652 νῦν
699 1599 841 1672 ἡμᾶς
897 1598 1032 1676 χρὴ,
1095 1597 1486 1677 φιλανθρώποις
1545 1599 1748 1675 ὄμμασι
1783 1603 1874 1656 τὸν

233 1684 366 1738 Θεὸν
417 1682 726 1766 ἐπιϐλέψαι,
780 1686 876 1744 καί
933 1688 1148 1766 εἰρήνην
1179 1702 1301 1750 ταῖς
1337 1686 1680 1756 Ἐκκλησίάις
1716 1691 1875 1746 αὑτοῦ

229 1769 517 1849 βραϐεῦσαι
577 1783 754 1840 κακῶς
827 1775 966 1834 οὕτω
1026 1774 1373 1855 διηρημέναις
1430 1776 1514 1836 διὰ
1584 1779 1684 1844 τὴν
1765 1787 1871 1836 τῶν

1964 621 2186 701 primas
2244 621 2518 684 obtinere
2574 631 2768 702 partes
2829 624 2887 684 in
2918 623 3128 685 harum
3160 642 3361 686 rerum
3395 624 3608 703 cogni-

1965 711 2164 782 tione;
2222 718 2281 772 et
2341 711 2502 791 quod
2562 710 2914 792 mysterium
2963 721 3021 774 et
3050 712 3230 774 ﬁdem
3264 713 3326 774 in
3358 733 3463 775 ore
3499 733 3607 777 suo

1962 799 2411 862 circumferant.
2474 799 2616 872 Quae
2702 801 2946 880 quidem
3001 819 3134 862 cum
3198 820 3316 863 non
3379 803 3609 881 possint

1961 888 2391 970 comprehendi
2440 890 2516 949 ab
2548 889 2915 964 hominibus,
2950 889 3099 951 nihil
3125 889 3283 951 aliud
3319 908 3498 968 quam
3527 891 3603 951 il-

1959 979 2047 1040 los
2080 978 2401 1040 mendaces
2451 979 2769 1040 ostendunt
2825 987 2882 1039 et
2921 979 3344 1058 sycophantas.
3377 978 3458 1039 Ex
3489 998 3605 1057 quo

1960 1066 2136 1128 etiam
2172 1065 2575 1146 proﬁciscitur
2604 1084 2820 1145 magna
2875 1066 2981 1128 Dei
3014 1067 3075 1127 in
3107 1085 3215 1127 nos
3250 1066 3602 1145 indignatio,

1958 1174 2028 1218 eo
2060 1156 2218 1236 quod
2253 1154 2670 1217 existimamus
2703 1156 3050 1236 mysterium
3087 1174 3204 1215 non
3259 1173 3392 1217 esse
3441 1175 3600 1236 mys-

1961 1245 2198 1319 terium,
2234 1262 2344 1306 nec
2374 1262 2445 1306 ex
2474 1244 2602 1305 sola
2630 1242 2747 1307 ﬁde
2778 1244 3135 1319 consistere,
3164 1243 3267 1306 sed
3298 1265 3366 1305 ex
3398 1245 3605 1307 absur-

1957 1334 2050 1395 dis
2080 1334 2251 1410 nugis
2283 1353 2296 1392 :
2333 1341 2392 1394 et
2421 1333 2892 1394 condemnamus
2925 1352 3050 1407 eos,
3089 1339 3186 1414 qui
3220 1352 3325 1394 nos
3378 1334 3603 1396 docue—

1956 1431 2095 1484 runt
2149 1423 2265 1483 ﬁde
2313 1431 2373 1484 et
2425 1422 2710 1500 mysterio
2741 1421 2940 1484 divina
2975 1423 3266 1484 venerari.
3305 1421 3425 1484 Vos
3458 1442 3601 1502 ergo

1957 1530 2117 1573 nunc
2149 1529 2391 1592 quoque
2418 1519 2674 1591 oportet,
2709 1511 2761 1573 si
2805 1530 3092 1592 unquam,
3144 1531 3316 1572 orare
3343 1531 3452 1592 pro
3484 1512 3602 1575 Ec-

1957 1599 2161 1679 clesia,
2195 1609 2258 1661 ut
2289 1618 2397 1661 nos
2443 1599 2720 1678 benignis
2768 1599 2960 1662 oculis
2989 1600 3261 1681 aspiciat,
3298 1610 3356 1662 et
3387 1620 3597 1682 pacem

1955 1689 2080 1750 suis
2108 1687 2390 1750 conciliet
2415 1687 2870 1768 Ecclesiis,quae
2901 1697 3017 1750 tam
3053 1689 3204 1751 male
3229 1700 3366 1751 sunt
3396 1692 3601 1755 divisae

1957 1787 2201 1860 prapter
2230 1777 2426 1839 studia
2455 1777 2721 1858 ipsorum
2774 1779 3122 1857 praesnlum.
3160 1779 3302 1852 Quae
3334 1790 3533 1842 autem
3565 1801 3600 1844 a

231 1860 502 1939 προέδρων
557 1869 728 1923 αὐτῶν
789 1866 1112 1944 προαίρεσιν.
1166 1869 1228 1924 Αἱ
1280 1865 1334 1922 δὲ
1407 1867 1687 1924 σταλετσαι
1746 1869 1865 1943 παρ’

1958 1866 2123 1928 vobis
2155 1866 2352 1928 missae
2382 1874 2523 1928 sunt
2553 1866 2825 1946 eulogia,
2861 1884 2961 1930 eas
2991 1866 3311 1929 admodum
3346 1869 3608 1932 libenter

227 1948 381 2024 ὒμῶν
439 1951 672 2032 εὐλογίαι
714 1953 883 2023 ἡδέως
938 1955 1071 2032 ἒίγαν
1116 1958 1251 2030 ἡμῖν
1301 1954 1622 2035 ἐδέχθησαν,
1653 1959 1742 2014 καὶ
1772 1959 1870 2026 τὴν

229 2039 500 2114 ἢμετῲαν
584 2047 888 2121 προαίρεσιν
969 2044 1114 2108 ὅπως
1172 2044 1292 2126 ἔχει
1354 2045 1765 2124 ἀναγγέλλουσιν
1823 2047 1870 2104 οἱ

343 2127 357 2150 1
390 2131 404 2152 ι
467 2136 495 2146 υ
574 2131 587 2152 9
863 2132 873 2152 ί
1024 2136 1038 2154 ν
1483 2135 1494 2153 1
1687 2137 1700 2155 \
1763 2134 1788 2154 η

226 2149 338 2207 παρ
388 2152 536 2205 ομων
564 2132 959 2209 απεσταλμενοι
991 2131 1234 2199 ευλαϐεϊς
1256 2154 1395 2209 μονα
1404 2155 1516 2213 χοι.
1554 2157 1575 2190 ε
1608 2144 1703 2192 Και
1732 2157 1870 2192 ουτω

224 2219 328 2293 μὲν
359 2220 392 2287 ἡ
424 2219 701 2292 ἐπιστολή,

306 2310 420 2370 να’.
461 2306 629 2367 Ἀλλὰ
674 2315 762 2369 τὸν
793 2313 958 2370 ταῦτα
988 2312 1267 2390 γράψαντα
1299 2312 1522 2388 βασιλέα
1566 2315 1652 2370 καὶ
1681 2316 1869 2391 μικρὸν

221 2398 341 2454 τότε
402 2405 500 2466 τῆς
560 2401 746 2476 μανίας
803 2401 1149 2476 ἐνδεδωκότα,
1205 2403 1476 2472 στήσαντα
1519 2402 1573 2459 δὲ
1632 2407 1720 2461 καὶ
1778 2406 1870 2460 τὸν

223 2489 364 2543 κατὰ
406 2491 505 2555 τῆς
537 2491 696 2563 ὀρθῆς
750 2489 929 2566 δόξης,
985 2489 1192 2565 μᾶλλον
1236 2489 1291 2547 δὲ
1351 2493 1486 2548 κατὰ
1529 2493 1625 2558 τῆς
1683 2493 1871 2551 ἑαυτοῦ

221 2575 466 2656 κεφαλῆς
526 2579 786 2660 πόλεμον,
833 2581 893 2637 οὗ
936 2579 1072 2637 πολὺ
1113 2582 1173 2637 τὸ
1203 2583 1258 2636 ὲν
1301 2581 1451 2656 μέσῳ
1494 2582 1581 2637 καὶ
1611 2581 1867 2654 μετάνοια

222 2662 486 2739 λαμϐάνει
586 2667 729 2738 δεινή
766 2684 780 2699 ⁸
857 2671 945 2726 καὶ
1029 2673 1309 2748 καθοπερεὶ
1403 2669 1864 2744 μεταμεληθέντα,

226 2754 268 2808 εί
315 2753 416 2810 καί
460 2759 648 2835 μικρὸν
703 2755 844 2822 ὅλως
902 2756 1139 2815 εὐσεϐεῖν
1183 2757 1481 2836 προείλετο,
1539 2758 1749 2828 πολλήν
1810 2779 1867 2814 τε

221 2842 465 2900 εὐκολίαν
516 2845 700 2901 ἑαυτοῦ
754 2846 1134 2924 κατεγίνωσκε,
1197 2848 1285 2902 καὶ
1335 2848 1466 2925 πρὸς
1515 2847 1582 2902 τὰ
1611 2848 1865 2924 πρότερον

223 2929 470 3007 ἰπανῂει.
519 2932 716 3012 Ἔργον
761 2937 858 3012 γὰρ
905 2932 1142 3008 ἀληθῶς,
1189 2937 1262 3000 ὡς
1310 2937 1336 2990 ὃ
1366 2934 1550 3013 λογος,
1582 2934 1702 2990 ὅσον
1733 2935 1864 2991 ἀπο-

221 3019 414 3096 τρέψαι
482 3023 776 3098 κνώμενον,
836 3023 1004 3079 Πάλιν
1082 3024 1172 3082 οὗν
1237 3025 1373 3080 κατὰ
1441 3024 1538 3089 τῆς
1597 3023 1862 3089 εὒσεΰείας

219 3110 641 3191 προγράμματα,
699 3114 787 3170 καὶ
847 3113 1010 3169 πάλιν
1053 3115 1080 3169 ὁ
1140 3111 1394 3190 γεννάδας
1453 3112 1605 3177 οὗτος
1662 3113 1862 3190 μάρτυς

1953 1955 2377 2035 suscepimus:
2444 1965 2712 2017 nostrum
2772 1965 2969 2018 autem
3022 1955 3196 2036 quale
3251 1957 3330 2018 sit
3361 1958 3602 2020 institu-

1955 2053 2103 2118 tum,
2163 2043 2606 2108 aununtiabunt
2667 2045 2742 2124 pii
2809 2046 3108 2119 monachi,
3180 2045 3282 2126 qui
3339 2064 3374 2106 a
3432 2047 3604 2110 vobis

1955 2132 2123 2196 missi
2152 2142 2314 2198 sunt.
2347 2158 2373 2190 ι
2409 2131 2479 2194 Ει
2509 2133 2624 2196 hoc
2653 2132 2898 2213 quidem
2935 2135 3109 2196 modo
3139 2151 3206 2196 se
3238 2133 3448 2196 habuit
3479 2137 3607 2216 epi-

1953 2221 2103 2283 stola
2116 2270 2128 2284 .

2032 2310 2130 2371 51.
2167 2309 2391 2373 Verum
2426 2311 2987 2392 imperatorem,qui
3022 2311 3149 2375 haec
3180 2312 3420 2392 quidem
3443 2314 3600 2376 scri-

1955 2407 2178 2480 pserat,
2215 2411 2274 2464 et
2330 2410 2472 2463 tunc
2530 2401 2605 2462 de
2661 2401 2864 2463 furore
2915 2401 3222 2482 paululum
3254 2401 3595 2478 remiserat,

1952 2497 2012 2550 et
2038 2488 2264 2551 bellum
2297 2490 2454 2570 quod
2517 2489 2807 2552 adversus
2865 2498 3090 2551 rectam
3124 2490 3468 2570 Opinionem
3505 2489 3596 2550 vel

1950 2595 2125 2640 suum
2185 2579 2382 2658 potius
2438 2589 2614 2659 caput
2675 2577 2944 2657 gerebat,
3002 2589 3416 2658 represserat;
3468 2598 3589 2641 non

1953 2666 2138 2728 multo
2171 2667 2486 2746 interjecto
2519 2668 2736 2748 spatio,
2768 2668 2964 2746 gravis
2990 2668 3150 2729 subit
3180 2668 3534 2746 paenitentia
3578 2687 3593 2728 :

1950 2765 2008 2817 et
2038 2755 2288 2835 perinde
2319 2774 2390 2817 ac
2444 2756 2495 2817 si
2553 2774 2688 2819 eum
2745 2757 3081 2835 pceniteret,
3134 2757 3295 2834 quod
3346 2757 3589 2818 omnino

1951 2862 2156 2923 parum
2191 2862 2322 2907 esse
2355 2843 2486 2925 pius
2516 2845 2840 2921 statuisset,
2873 2852 2932 2906 et
2959 2862 3024 2908 se
3055 2843 3352 2906 facilitatis
3380 2845 3584 2906 nimias

1946 2933 2399 3014 condemnaret,
2455 2933 2529 2996 ad
2588 2934 2790 3013 priora
2847 2943 2934 2995 est
2979 2951 3276 2996 reversus.
3328 2932 3586 2995 Difﬁcile

1945 3020 2104 3082 enim
2139 3031 2252 3096 est,
2287 3031 2350 3086 ut
2378 3030 2469 3084 est
2513 3027 2574 3084 in
2607 3023 2946 3102 proverbio,
2978 3024 3208 3084 asinum
3240 3021 3581 3085 confrican-

1945 3117 2064 3172 tem
2097 3119 2395 3176 avertere.
2450 3111 2680 3174 Rursus
2732 3130 2874 3192 ergo
2902 3112 3100 3173 edicta
3130 3113 3416 3174 adversus
3448 3111 3580 3192 pie-

223 3199 462 3272 αὶμάτων
531 3203 725 3280 χωρὶς,
787 3201 905 3280 εἴγε
975 3204 1068 3266 τὰς
1159 3201 1518 3281 προαιρέσεις,
1590 3201 1728 3257 ἀλλὰ
1782 3203 1861 3276 μὴ

1954 3208 2168 3276 tatem;
2201 3217 2528 3283 rursusque
2583 3201 2858 3281 egregius
2911 3210 3129 3281 martyr
3155 3200 3310 3263 citra
3337 3198 3584 3278 sangui-

219 3288 312 3352 τὰς
411 3294 518 3345 τῶν
617 3292 947 3370 πραγμάτων
1029 3289 1270 3356 ἐκϐάσεις
1371 3290 1630 3369 προσήκει
1727 3312 1859 3348 σκο-

1954 3309 2083 3352 nem
2112 3308 2128 3365 ;
2165 3289 2461 3371 siquidem
2492 3289 2931 3353 consideranda
2961 3299 3054 3351 est
3083 3289 3442 3366 voluntas,et
3463 3308 3581 3352 non

219 3396 285 3433 πε
296 3388 370 3440 ἵν,

1945 3396 2150 3442 rerum
2186 3377 2406 3443 exitus.

1703 3496 1932 3557 CAPUT
1971 3499 2116 3556 XIII.

1383 3597 1584 3678 Zelus,
1619 3604 1678 3660 et
1705 3596 1994 3660 exsilium
2032 3597 2184 3676 fidei
2223 3613 2434 3661 causa.

300 3713 408 3792 νβ’.
458 3715 676 3772 Πάντων
723 3716 823 3795 γὰρ
866 3716 1294 3798 ἀμηχανούντων
1353 3718 1438 3773 καὶ
1497 3717 1856 3796 ἀπορούντων,

216 3805 309 3862 καὶ
365 3809 473 3860 τῶν
531 3805 630 3880 μὲν
682 3811 751 3882 τῇ
793 3805 1107 3887 βλασφημίᾳ
1151 3806 1608 3885 συνηγορούντων,
1656 3811 1762 3861 τῶν
1804 3803 1858 3860 δὲ

214 3895 307 3950 καὶ
352 3891 589 3969 δαψιλῶς
635 3893 933 3974 ἀντιλέγειν
986 3896 1304 3970 ὀκνούντων,
1337 3894 1473 3961 ἴσως
1505 3893 1558 3950 δὲ
1615 3896 1703 3950 καὶ
1761 3899 1858 3960 τῆς

215 3981 272 4041 εν
330 3983 502 4057 τούτῳ
561 3983 852 4065 παρρησίας
911 3992 988 4060 τῷ
1031 3989 1194 4060 κεινῴ
1247 3985 1409 4061 Πατρῖ
1465 3984 1858 4063 παραψωρούν-

215 4093 351 4148 των,
411 4075 498 4129 καὶ
569 4073 749 4154 ὥσπερ
807 4081 1108 4153 στρατηγοῦ
1163 4075 1554 4152 περιμενόντων
1616 4074 1678 4129 τὸ
1737 4073 1860 4130 σύν-

215 4164 392 4239 θημα,
434 4162 555 4220 τότε
618 4163 704 4240 δὴ,
763 4163 893 4221 τότα
945 4165 1109 4232 δῆλον
1166 4165 1496 4236 καθίσταται,
1566 4164 1730 4219 ὁποῖα
1773 4165 1861 4218 οὖν

209 4253 304 4310 καὶ
364 4253 426 4308 τὸ
469 4254 663 4332 γῆρας,
721 4253 846 4311 ὅταν
889 4256 967 4329 τῷ
1009 4256 1158 4328 ζήλῳ
1208 4253 1527 4332 ῥωννύηται,
1557 4254 1688 4332 πρὸς
1737 4252 1860 4314 τοὺς

209 4341 349 4416 ὑπὲρ
407 4349 500 4398 τοῦ
543 4341 708 4400 καλοῦ
757 4341 1027 4410 κινδύνους
1095 4343 1415 4400 νεανιεύεται
1451 4361 1468 4378 ⁸
1529 4341 1860 4421 γραμμάτων

212 4433 439 4488 ὶκείνων
495 4433 582 4489 καὶ
663 4434 1038 4507 θεσπισμάτων
1097 4432 1458 4511 ὀλιγωρήσας,
1512 4431 1745 4488 ἀπειλῶν
1803 4454 1860 4488 τε

217 4521 450 4599 μυρίων,
492 4519 675 4600 ὄχλων
734 4544 790 4578 τε
850 4523 915 4578 τὰ
961 4521 1225 4598 βασιλέως
1278 4526 1332 4578 ἐν
1387 4521 1492 4597 ἴσῳ
1522 4523 1705 4578 καὶτὰ
1739 4521 1860 4577 θεῖα

213 4606 666 4686 δυσωπουμένων,
759 4611 849 4667 καί
918 4618 1258 4690 στρατιωτῶν
1326 4613 1447 4676 τοὺς
1504 4611 1748 4670 τοιοῦτόν
1811 4631 1859 4665 τι

213 4697 605 4777 φθεγξαμένους
673 4697 1103 4781 ἒπιτηρούντων,
1180 4701 1392 4756 πάντων
1467 4699 1675 4764 ἐκεῖνος
1738 4700 1861 4756 τού-

210 4805 325 4843 των
368 4791 460 4844 οἷα
519 4791 688 4844 κενῶν
747 4789 958 4869 ψόφων,
997 4788 1417 4869 καταφρονήσας,
1465 4791 1553 4845 καὶ
1581 4793 1675 4847 οὒκ
1705 4789 1864 4844 αὕτοῦ

216 4879 449 4951 μᾶλλον,
511 4877 650 4934 ἀλλὰ
708 4877 909 4935 παίδων
940 4879 1084 4936 εἶναι
1116 4880 1277 4935 εἰπὼν
1312 4879 1557 4942 τοιαύτας
1601 4879 1858 4958 ὑποφρίτ-

211 4981 327 5021 ⁸εειν
385 4965 635 5043 βροντὰς,
695 4966 912 5032 λέοντος
970 4965 1160 5032 ὑποδὺς
1221 4962 1465 5045 ὅρμημα,
1513 4969 1600 5023 καὶ
1672 4967 1743 5031 εἷς
1801 4967 1927 5051 τὸυ

214 5064 311 5114 τοῦ
373 5061 512 5112 Πεοῠ
566 5059 705 5136 ἱερὸν
763 5055 1031 5132 εἰσελθὼν,
1085 5055 1171 5112 ἐπ’
1224 5055 1523 5135 ὄκρίϐοντός
1553 5078 1608 5113 τε
1641 5052 1859 5134 ἀναϐὰς,

214 5140 279 5202 οὗ
329 5145 426 5210 τὰς
488 5145 816 5223 ἀναγνώσεις
887 5147 1009 5209 τοὺς
1060 5146 1222 5224 ἱερεῖς
1273 5159 1452 5203 ποιεῖν
1511 5146 1756 5220 σύνηθες,
1794 5149 1862 5220 τῇ

216 5235 362 5314 χειρὶ
417 5241 579 5315 σιγὴν
658 5242 736 5309 τῷ
793 5234 982 5306 πλήθει
1043 5236 1292 5310 σημήνας
1353 5237 1438 5291 καὶ
1507 5235 1605 5302 τὴν
1678 5234 1862 5312 φωνὴν

213 5323 416 5404 ἱπάρας
452 5341 469 5359 ⁶
539 5325 606 5383 Εἴ
685 5343 791 5399 τις,
850 5324 978 5403 ἔφη,
1053 5325 1146 5388 τὰς
1205 5324 1460 5401 τέσσαρας
1519 5323 1672 5400 ἄγίας
1731 5344 1857 5382 συν-

215 5410 370 5480 όδους
427 5414 506 5489 μὴ
555 5415 744 5482 ἐπίσης
789 5428 904 5492 τοῖς
957 5413 1234 5491 τέσσαρσιν
1267 5411 1610 5491 Εὖαγγελίοις
1639 5415 1857 5490 ἡγοῖτο,

2021 3715 2124 3776 52.
2157 3716 2300 3778 Cum
2334 3731 2543 3776 omnes
2574 3721 2773 3776 essent
2813 3713 2987 3794 plane
3019 3713 3254 3778 consilii
3287 3720 3495 3795 inopes
3527 3724 3584 3777 et

1943 3801 2108 3865 dubii
2127 3802 2268 3884 quid
2291 3811 2626 3882 agerent;et
2645 3802 2742 3865 alii
2758 3803 2997 3883 quidem
3025 3803 3583 3882 blasphemiam(33)

1942 3892 2463 3966 defenderent,alii
2489 3907 2686 3954 autem
2724 3901 3070 3954 vererentur
3096 3893 3182 3953 vel
3207 3891 3582 3953 solummodo

1943 3982 2383 4058 contradicere;
2410 3981 2662 4044 fortasse
2685 3988 2881 4044 autem
2911 3985 3086 4042 etiam
3111 3981 3220 4042 hac
3245 3981 3303 4041 in
3326 3999 3390 4041 re
3414 3998 3581 4040 com-

1947 4072 2113 4134 muni
2141 4071 2321 4145 Patri,
2357 4071 2598 4133 dicendi
2630 4071 2903 4132 libertate
2957 4069 3267 4144 cederent,
3303 4079 3361 4131 et
3390 4068 3577 4129 veluti

1945 4161 2114 4223 ducis
2136 4161 2371 4240 signum
2399 4168 2836 4241 exspectarent:
2860 4166 3000 4220 tunc
3022 4166 3160 4219 tunc
3182 4157 3382 4222 evadit
3401 4157 3581 4218 mani-

1945 4250 2387 4334 festum,qualis
2411 4248 2587 4312 etiam
2615 4255 2916 4324 senectus,
2937 4247 3175 4328 quando
3203 4247 3327 4308 zelo
3359 4247 3582 4309 conﬁr-

1945 4349 2164 4421 matur,
2199 4358 2266 4403 se
2296 4341 2532 4403 fortiter
2563 4348 2622 4402 et
2643 4337 2994 4418 juveniliter
3013 4337 3165 4416 gerit
3185 4337 3466 4398 adversus
3492 4353 3582 4412 ea,

1943 4449 2073 4511 quae
2106 4449 2210 4510 pro
2245 4429 2400 4492 bono
2433 4439 2492 4492 et
2541 4429 2797 4490 honesto
2856 4426 3266 4506 suscipiuntur
3297 4423 3590 4506 pericula.

1946 4519 2315 4600 Contemptis
2341 4519 2498 4580 enim
2524 4517 2643 4579 illis
2666 4515 2907 4597 scriptis
2927 4524 2982 4577 et
3001 4514 3589 4593 decretis,miuisque

1946 4607 2515 4678 innumerabilibus,
2553 4606 2845 4688 turbaque
2898 4624 3034 4686 qua)
3081 4605 3502 4685 imperatorem
3532 4611 3593 4665 et

1945 4697 2136 4760 Deum
2161 4716 2229 4759 ex
2281 4715 2448 4777 aequo
2479 4693 2888 4775 reverebatur,
2924 4695 3333 4774 militibusque
3364 4693 3458 4774 qui
3489 4710 3592 4753 eos

1947 4785 2465 4866 observarent,qui
2499 4793 2702 4846 essent
2738 4784 2851 4845 tale
2880 4783 3023 4865 quid
3049 4783 3292 4863 dicturi;
3318 4781 3435 4843 illis
3457 4800 3591 4841 om-

1947 4875 2126 4937 nibus
2160 4874 2537 4952 contemptis,
2592 4881 2870 4954 tanquam
2925 4874 3090 4934 vanis
3123 4871 3495 4951 strepitibus,
3534 4879 3595 4933 et

1947 4965 2156 5028 dicens
2175 4985 2290 5027 non
2326 4981 2458 5026 esse
2489 4963 2801 5044 suum,sed
2840 4980 3161 5043 puerorum
3185 4961 3323 5023 talia
3343 4961 3592 5021 horrere

1947 5052 2430 5134 tonitrua,leonis
2461 5053 2798 5133 suscipiens
2822 5052 3283 5131 impetum,cum
3317 5047 3424 5109 Dei
3447 5055 3593 5107 tem-

1946 5144 2106 5223 plum
2139 5149 2298 5205 esset
2326 5144 2716 5223 ingressus,et
2746 5149 3089 5220 suggestum
3111 5136 3588 5209 conscendisset,

1945 5233 2005 5294 in
2037 5250 2154 5313 quo
2184 5231 2381 5296 solent
2411 5233 2612 5312 legere
2644 5230 3008 5305 sacerdotes,
3048 5247 3223 5290 manu
3253 5224 3472 5309 popqu
3504 5225 3591 5313 si-

1947 5312 2235 5400 gniﬁcans
2266 5321 2940 5401 silentium,vocemque
2971 5317 3252 5381 attollens
3287 5333 3300 5374 :
3333 5315 3395 5375 Si
3429 5312 3588 5392 quis,

1945 5410 2421 5493 inquit,quatuor
2441 5418 2680 5474 sanctas
2702 5410 2961 5492 synodos
2983 5425 3103 5469 non
3137 5404 3282 5466 tanti
3304 5421 3437 5466 esse
3460 5404 3592 5465 exi-

293 5532 414 5610 (33)
442 5533 754 5599 Cedrenus
783 5533 997 5598 scribit
1049 5535 1264 5598 multos
1294 5533 1630 5616 episcopos,
1667 5532 1730 5596 in
1759 5537 2006 5614 gratiam
2062 5533 2465 5614 imperatoris,
2502 5530 2993 5596 Chalcedonense
3039 5524 3360 5588 concilium
3389 5525 3588 5606 impu-

214 5631 458 5694 gnasse.

460 5723 719 5788 ΡΑτῑιοι..
757 5726 872 5788 Gn.
918 5725 1123 5790 CXIV.

3201 5712 3272 5778 17
