  <div class='ocr_page' id='page_1' title='image "/cluster/home/n/w/nwhite01/storage/ocr_20150623/114/hvd.32044073502254/267.png"; bbox 0 0 4094 6196; ppageno 0'>
   <div class='ocr_carea' id='block_1_1' title="bbox 418 395 535 484">
    <p class='ocr_par' dir='ltr' id='par_1_1' title="bbox 418 395 535 484">
     <span class='ocr_line' id='line_1_1' title="bbox 418 395 535 484; baseline 0 0"><span class='ocrx_word' id='word_1_1' title='bbox 418 395 535 484; x_wconf 67' lang='lat'><strong>$23</strong></span> 
     </span>
    </p>
   </div>
   <div class='ocr_carea' id='block_1_2' title="bbox 415 548 2376 635">
    <p class='ocr_par' dir='ltr' id='par_1_2' title="bbox 415 548 2376 635">
     <span class='ocr_line' id='line_1_2' title="bbox 415 548 2376 635; baseline -0.007 -17"><span class='ocrx_word' id='word_1_2' title='bbox 415 556 634 623; x_wconf 80' lang='lat' dir='ltr'><strong>stimat,</strong></span> <span class='ocrx_word' id='word_1_3' title='bbox 669 554 870 635; x_wconf 99' lang='lat' dir='ltr'><strong>quanti</strong></span> <span class='ocrx_word' id='word_1_4' title='bbox 902 558 1156 633; x_wconf 84' lang='lat' dir='ltr'><strong>quatuor</strong></span> <span class='ocrx_word' id='word_1_5' title='bbox 1201 548 1540 628; x_wconf 81' lang='lat' dir='ltr'><strong>Evangelia,</strong></span> <span class='ocrx_word' id='word_1_6' title='bbox 1592 550 1672 610; x_wconf 94' lang='lat' dir='ltr'><strong>sit</strong></span> <span class='ocrx_word' id='word_1_7' title='bbox 1716 551 2055 610; x_wconf 89' lang='lat' dir='ltr'><strong>anathema.</strong></span> <span class='ocrx_word' id='word_1_8' title='bbox 2083 557 2118 603; x_wconf 84' lang='lat' dir='ltr'><strong>A</strong></span> <span class='ocrx_word' id='word_1_9' title='bbox 2143 550 2376 623; x_wconf 70' lang='grc' dir='ltr'>ἀνάθεμα</span> 
     </span>
    </p>
   </div>
   <div class='ocr_carea' id='block_1_3' title="bbox 416 639 2053 717">
    <p class='ocr_par' dir='ltr' id='par_1_3' title="bbox 416 639 2053 717">
     <span class='ocr_line' id='line_1_3' title="bbox 416 639 2053 717; baseline -0.006 -10"><span class='ocrx_word' id='word_1_10' title='bbox 416 644 556 708; x_wconf 63' lang='lat' dir='ltr'><strong>Haec</strong></span> <span class='ocrx_word' id='word_1_11' title='bbox 585 663 717 705; x_wconf 88' lang='lat' dir='ltr'><strong>cum</strong></span> <span class='ocrx_word' id='word_1_12' title='bbox 749 642 1014 708; x_wconf 84' lang='lat' dir='ltr'><strong>dixisset,</strong></span> <span class='ocrx_word' id='word_1_13' title='bbox 1064 649 1122 698; x_wconf 90' lang='lat' dir='ltr'><strong>et</strong></span> <span class='ocrx_word' id='word_1_14' title='bbox 1178 650 1455 717; x_wconf 87' lang='lat' dir='ltr'><strong>tanquam</strong></span> <span class='ocrx_word' id='word_1_15' title='bbox 1490 639 1736 714; x_wconf 80' lang='lat' dir='ltr'><strong>angelus</strong></span> <span class='ocrx_word' id='word_1_16' title='bbox 1770 639 2053 717; x_wconf 83' lang='lat' dir='ltr'><strong>populum</strong></span> 
     </span>
    </p>
   </div>
   <div class='ocr_carea' id='block_1_4' title="bbox 414 725 2058 800">
    <p class='ocr_par' dir='ltr' id='par_1_4' title="bbox 414 725 2058 800">
     <span class='ocr_line' id='line_1_4' title="bbox 414 725 2058 800; baseline -0.007 -5"><span class='ocrx_word' id='word_1_17' title='bbox 414 733 756 795; x_wconf 82' lang='lat' dir='ltr'><strong>adduxisset</strong></span> <span class='ocrx_word' id='word_1_18' title='bbox 788 733 844 791; x_wconf 91' lang='lat' dir='ltr'><strong>in</strong></span> <span class='ocrx_word' id='word_1_19' title='bbox 903 728 1380 800; x_wconf 88' lang='lat' dir='ltr'><strong>admirationem,</strong></span> <span class='ocrx_word' id='word_1_20' title='bbox 1430 738 1491 788; x_wconf 87' lang='lat' dir='ltr'><strong>et</strong></span> <span class='ocrx_word' id='word_1_21' title='bbox 1541 745 1746 786; x_wconf 90' lang='lat' dir='ltr'><strong>vocem</strong></span> <span class='ocrx_word' id='word_1_22' title='bbox 1781 725 2058 786; x_wconf 89' lang='lat' dir='ltr'><strong>omnibus</strong></span> 
     </span>
    </p>
   </div>
   <div class='ocr_carea' id='block_1_5' title="bbox 413 815 2056 895">
    <p class='ocr_par' dir='ltr' id='par_1_5' title="bbox 413 815 2056 895">
     <span class='ocr_line' id='line_1_5' title="bbox 413 815 2056 895; baseline -0.004 -15"><span class='ocrx_word' id='word_1_23' title='bbox 413 820 729 881; x_wconf 75' lang='lat' dir='ltr'><strong>ademisset</strong></span> <span class='ocrx_word' id='word_1_24' title='bbox 754 835 872 895; x_wconf 64' lang='lat' dir='ltr'><strong>pra;</strong></span> <span class='ocrx_word' id='word_1_25' title='bbox 897 816 1168 876; x_wconf 78' lang='lat' dir='ltr'><strong>miraculi</strong></span> <span class='ocrx_word' id='word_1_26' title='bbox 1195 815 1625 892; x_wconf 79' lang='lat' dir='ltr'><strong>magnitudine,</strong></span> <span class='ocrx_word' id='word_1_27' title='bbox 1650 816 1888 875; x_wconf 85' lang='lat' dir='ltr'><strong>silentio</strong></span> <span class='ocrx_word' id='word_1_28' title='bbox 1914 835 2056 895; x_wconf 86' lang='lat' dir='ltr'><strong>pro-</strong></span> 
     </span>
    </p>
   </div>
   <div class='ocr_carea' id='block_1_6' title="bbox 414 905 2054 986">
    <p class='ocr_par' dir='ltr' id='par_1_6' title="bbox 414 905 2054 986">
     <span class='ocr_line' id='line_1_6' title="bbox 414 905 2054 986; baseline -0.003 -18"><span class='ocrx_word' id='word_1_29' title='bbox 414 907 571 969; x_wconf 88' lang='lat' dir='ltr'><strong>cedit</strong></span> <span class='ocrx_word' id='word_1_30' title='bbox 603 924 709 986; x_wconf 85' lang='lat' dir='ltr'><strong>Per</strong></span> <span class='ocrx_word' id='word_1_31' title='bbox 742 905 1003 966; x_wconf 90' lang='lat' dir='ltr'><strong>medium</strong></span> <span class='ocrx_word' id='word_1_32' title='bbox 1064 923 1269 966; x_wconf 91' lang='lat' dir='ltr'><strong>eorum</strong></span> <span class='ocrx_word' id='word_1_33' title='bbox 1331 906 1652 966; x_wconf 90' lang='lat' dir='ltr'><strong>tacentium</strong></span> <span class='ocrx_word' id='word_1_34' title='bbox 1688 912 1747 966; x_wconf 93' lang='lat' dir='ltr'><strong>et</strong></span> <span class='ocrx_word' id='word_1_35' title='bbox 1779 915 2054 984; x_wconf 83' lang='lat' dir='ltr'><strong>tanquam</strong></span> 
     </span>
    </p>
   </div>
   <div class='ocr_carea' id='block_1_7' title="bbox 413 993 2055 1066">
    <p class='ocr_par' dir='ltr' id='par_1_7' title="bbox 413 993 2055 1066">
     <span class='ocr_line' id='line_1_7' title="bbox 413 993 2055 1066; baseline -0.002 -10"><span class='ocrx_word' id='word_1_36' title='bbox 413 995 863 1066; x_wconf 81' lang='lat' dir='ltr'><strong>dormientium,</strong></span> <span class='ocrx_word' id='word_1_37' title='bbox 898 1003 955 1054; x_wconf 92' lang='lat' dir='ltr'><strong>et</strong></span> <span class='ocrx_word' id='word_1_38' title='bbox 979 993 1444 1055; x_wconf 81' lang='lat' dir='ltr'><strong>existimantium</strong></span> <span class='ocrx_word' id='word_1_39' title='bbox 1469 1011 1532 1053; x_wconf 90' lang='lat' dir='ltr'><strong>se</strong></span> <span class='ocrx_word' id='word_1_40' title='bbox 1555 996 1850 1053; x_wconf 86' lang='lat' dir='ltr'><strong>somnium</strong></span> <span class='ocrx_word' id='word_1_41' title='bbox 1887 995 2055 1053; x_wconf 86' lang='lat' dir='ltr'><strong>vide-</strong></span> 
     </span>
    </p>
   </div>
   <div class='ocr_carea' id='block_1_8' title="bbox 412 1080 2054 1160">
    <p class='ocr_par' dir='ltr' id='par_1_8' title="bbox 412 1080 2054 1160">
     <span class='ocr_line' id='line_1_8' title="bbox 412 1080 2054 1160; baseline -0.001 -16"><span class='ocrx_word' id='word_1_42' title='bbox 412 1101 500 1154; x_wconf 89' lang='lat' dir='ltr'><strong>re,</strong></span> <span class='ocrx_word' id='word_1_43' title='bbox 539 1102 655 1144; x_wconf 88' lang='lat' dir='ltr'><strong>non</strong></span> <span class='ocrx_word' id='word_1_44' title='bbox 688 1091 884 1144; x_wconf 90' lang='lat' dir='ltr'><strong>autem</strong></span> <span class='ocrx_word' id='word_1_45' title='bbox 943 1099 1080 1142; x_wconf 84' lang='lat' dir='ltr'><strong>vere</strong></span> <span class='ocrx_word' id='word_1_46' title='bbox 1141 1081 1201 1141; x_wconf 91' lang='lat' dir='ltr'><strong>id</strong></span> <span class='ocrx_word' id='word_1_47' title='bbox 1258 1081 1416 1160; x_wconf 89' lang='lat' dir='ltr'><strong>quod</strong></span> <span class='ocrx_word' id='word_1_48' title='bbox 1473 1081 1671 1142; x_wconf 93' lang='lat' dir='ltr'><strong>ﬁebat.</strong></span> <span class='ocrx_word' id='word_1_49' title='bbox 1708 1080 1773 1140; x_wconf 88' lang='lat' dir='ltr'><strong>Et</strong></span> <span class='ocrx_word' id='word_1_50' title='bbox 1805 1081 1910 1140; x_wconf 90' lang='lat' dir='ltr'><strong>l&#39;nit</strong></span> <span class='ocrx_word' id='word_1_51' title='bbox 1941 1081 2054 1142; x_wconf 91' lang='lat' dir='ltr'><strong>hoc</strong></span> 
     </span>
    </p>
   </div>
   <div class='ocr_carea' id='block_1_9' title="bbox 413 1171 2052 1253">
    <p class='ocr_par' dir='ltr' id='par_1_9' title="bbox 413 1171 2052 1253">
     <span class='ocr_line' id='line_1_9' title="bbox 413 1171 2052 1253; baseline -0.001 -20"><span class='ocrx_word' id='word_1_52' title='bbox 413 1173 653 1253; x_wconf 83' lang='lat' dir='ltr'><strong>quidem</strong></span> <span class='ocrx_word' id='word_1_53' title='bbox 711 1175 818 1232; x_wconf 88' lang='lat' dir='ltr'><strong>viri</strong></span> <span class='ocrx_word' id='word_1_54' title='bbox 877 1178 1283 1248; x_wconf 82' lang='lat' dir='ltr'><strong>stratagema:</strong></span> <span class='ocrx_word' id='word_1_55' title='bbox 1335 1189 1404 1232; x_wconf 86' lang='lat' dir='ltr'><strong>ex</strong></span> <span class='ocrx_word' id='word_1_56' title='bbox 1452 1190 1568 1250; x_wconf 93' lang='lat' dir='ltr'><strong>quo</strong></span> <span class='ocrx_word' id='word_1_57' title='bbox 1603 1171 1789 1231; x_wconf 89' lang='lat' dir='ltr'><strong>dictas</strong></span> <span class='ocrx_word' id='word_1_58' title='bbox 1816 1189 2052 1249; x_wconf 90' lang='lat' dir='ltr'><strong>quoque</strong></span> 
     </span>
    </p>
   </div>
   <div class='ocr_carea' id='block_1_10' title="bbox 411 1259 2049 1340">
    <p class='ocr_par' dir='ltr' id='par_1_10' title="bbox 411 1259 2049 1340">
     <span class='ocr_line' id='line_1_10' title="bbox 411 1259 2049 1340; baseline -0.002 -18"><span class='ocrx_word' id='word_1_59' title='bbox 411 1271 644 1322; x_wconf 83' lang='lat' dir='ltr'><strong>sanctas</strong></span> <span class='ocrx_word' id='word_1_60' title='bbox 674 1259 930 1340; x_wconf 77' lang='lat' dir='ltr'><strong>synodos</strong></span> <span class='ocrx_word' id='word_1_61' title='bbox 962 1259 1022 1320; x_wconf 90' lang='lat' dir='ltr'><strong>in</strong></span> <span class='ocrx_word' id='word_1_62' title='bbox 1054 1259 1243 1320; x_wconf 74' lang='lat' dir='ltr'><strong>sacris</strong></span> <span class='ocrx_word' id='word_1_63' title='bbox 1274 1259 1569 1339; x_wconf 85' lang='lat' dir='ltr'><strong>diptychis</strong></span> <span class='ocrx_word' id='word_1_64' title='bbox 1597 1259 1897 1320; x_wconf 87' lang='lat' dir='ltr'><strong>collocare</strong></span> <span class='ocrx_word' id='word_1_65' title='bbox 1926 1267 2049 1319; x_wconf 90' lang='lat' dir='ltr'><strong>sta-</strong></span> 
     </span>
    </p>
   </div>
   <div class='ocr_carea' id='block_1_11' title="bbox 410 1359 678 1412">
    <p class='ocr_par' dir='ltr' id='par_1_11' title="bbox 410 1359 678 1412">
     <span class='ocr_line' id='line_1_11' title="bbox 410 1359 678 1412; baseline -0.004 -2"><span class='ocrx_word' id='word_1_66' title='bbox 410 1359 678 1412; x_wconf 87' lang='lat' dir='ltr'><strong>tuerunt.</strong></span> 
     </span>
    </p>
   </div>
   <div class='ocr_carea' id='block_1_12' title="bbox 491 1437 2049 1518">
    <p class='ocr_par' dir='ltr' id='par_1_12' title="bbox 491 1437 2049 1518">
     <span class='ocr_line' id='line_1_12' title="bbox 491 1437 2049 1518; baseline -0.002 -18"><span class='ocrx_word' id='word_1_67' title='bbox 491 1439 592 1502; x_wconf 80' lang='lat'><strong>53.</strong></span> <span class='ocrx_word' id='word_1_68' title='bbox 627 1438 770 1500; x_wconf 87' lang='lat' dir='ltr'><strong>Cum</strong></span> <span class='ocrx_word' id='word_1_69' title='bbox 798 1447 928 1518; x_wconf 88' lang='lat' dir='ltr'><strong>post</strong></span> <span class='ocrx_word' id='word_1_70' title='bbox 961 1439 1082 1498; x_wconf 74' lang='lat' dir='ltr'><strong>haec</strong></span> <span class='ocrx_word' id='word_1_71' title='bbox 1114 1445 1310 1499; x_wconf 92' lang='lat' dir='ltr'><strong>autem</strong></span> <span class='ocrx_word' id='word_1_72' title='bbox 1362 1437 1511 1498; x_wconf 88' lang='lat' dir='ltr'><strong>nihil</strong></span> <span class='ocrx_word' id='word_1_73' title='bbox 1535 1447 1690 1498; x_wconf 88' lang='lat' dir='ltr'><strong>esset</strong></span> <span class='ocrx_word' id='word_1_74' title='bbox 1719 1445 2049 1511; x_wconf 89' lang='lat' dir='ltr'><strong>cunctatus,</strong></span> 
     </span>
    </p>
   </div>
   <div class='ocr_carea' id='block_1_13' title="bbox 411 1525 2054 1608">
    <p class='ocr_par' dir='ltr' id='par_1_13' title="bbox 411 1525 2054 1608">
     <span class='ocr_line' id='line_1_13' title="bbox 411 1525 2054 1608; baseline -0.004 -16"><span class='ocrx_word' id='word_1_75' title='bbox 411 1540 468 1593; x_wconf 91' lang='lat' dir='ltr'><strong>et</strong></span> <span class='ocrx_word' id='word_1_76' title='bbox 483 1547 592 1590; x_wconf 90' lang='lat' dir='ltr'><strong>nec</strong></span> <span class='ocrx_word' id='word_1_77' title='bbox 612 1546 818 1608; x_wconf 89' lang='lat' dir='ltr'><strong>parum</strong></span> <span class='ocrx_word' id='word_1_78' title='bbox 833 1527 1072 1605; x_wconf 90' lang='lat' dir='ltr'><strong>quidem</strong></span> <span class='ocrx_word' id='word_1_79' title='bbox 1089 1525 1626 1591; x_wconf 84' lang='lat' dir='ltr'><strong>substitisset,obiit</strong></span> <span class='ocrx_word' id='word_1_80' title='bbox 1649 1526 2054 1605; x_wconf 65' lang='lat' dir='ltr'><strong>civitatesquaa</strong></span> 
     </span>
    </p>
   </div>
   <div class='ocr_carea' id='block_1_14' title="bbox 409 1614 2053 1693">
    <p class='ocr_par' dir='ltr' id='par_1_14' title="bbox 409 1614 2053 1693">
     <span class='ocr_line' id='line_1_14' title="bbox 409 1614 2053 1693; baseline -0.004 -12"><span class='ocrx_word' id='word_1_81' title='bbox 409 1626 580 1681; x_wconf 86' lang='lat' dir='ltr'><strong>erant</strong></span> <span class='ocrx_word' id='word_1_82' title='bbox 635 1614 1048 1686; x_wconf 90' lang='lat' dir='ltr'><strong>circumcirca,</strong></span> <span class='ocrx_word' id='word_1_83' title='bbox 1110 1614 1435 1693; x_wconf 88' lang='lat' dir='ltr'><strong>discipulos</strong></span> <span class='ocrx_word' id='word_1_84' title='bbox 1467 1623 1524 1674; x_wconf 91' lang='lat' dir='ltr'><strong>et</strong></span> <span class='ocrx_word' id='word_1_85' title='bbox 1553 1615 1700 1674; x_wconf 84' lang='lat' dir='ltr'><strong>alios</strong></span> <span class='ocrx_word' id='word_1_86' title='bbox 1731 1614 1952 1674; x_wconf 81' lang='lat' dir='ltr'><strong>zelutas</strong></span> <span class='ocrx_word' id='word_1_87' title='bbox 1983 1633 2053 1674; x_wconf 82' lang='lat' dir='ltr'><strong>ex</strong></span> 
     </span>
    </p>
   </div>
   <div class='ocr_carea' id='block_1_15' title="bbox 407 1702 2055 1784">
    <p class='ocr_par' dir='ltr' id='par_1_15' title="bbox 407 1702 2055 1784">
     <span class='ocr_line' id='line_1_15' title="bbox 407 1702 2055 1784; baseline -0.004 -15"><span class='ocrx_word' id='word_1_88' title='bbox 407 1707 756 1779; x_wconf 90' lang='lat' dir='ltr'><strong>solitudine,</strong></span> <span class='ocrx_word' id='word_1_89' title='bbox 793 1705 971 1764; x_wconf 86' lang='lat' dir='ltr'><strong>veluti</strong></span> <span class='ocrx_word' id='word_1_90' title='bbox 1004 1703 1243 1784; x_wconf 90' lang='lat' dir='ltr'><strong>quidam</strong></span> <span class='ocrx_word' id='word_1_91' title='bbox 1295 1703 1412 1763; x_wconf 85' lang='lat' dir='ltr'><strong>dux</strong></span> <span class='ocrx_word' id='word_1_92' title='bbox 1447 1702 1566 1780; x_wconf 71' lang='lat'><strong>(34)</strong></span> <span class='ocrx_word' id='word_1_93' title='bbox 1601 1705 1918 1770; x_wconf 80' lang='lat' dir='ltr'><strong>exercitus,</strong></span> <span class='ocrx_word' id='word_1_94' title='bbox 1952 1722 2055 1763; x_wconf 90' lang='lat' dir='ltr'><strong>eos</strong></span> 
     </span>
    </p>
   </div>
   <div class='ocr_carea' id='block_1_16' title="bbox 408 1791 2054 1876">
    <p class='ocr_par' dir='ltr' id='par_1_16' title="bbox 408 1791 2054 1876">
     <span class='ocr_line' id='line_1_16' title="bbox 408 1791 2054 1876; baseline -0.002 -21"><span class='ocrx_word' id='word_1_95' title='bbox 408 1797 511 1876; x_wconf 88' lang='lat' dir='ltr'><strong>qui</strong></span> <span class='ocrx_word' id='word_1_96' title='bbox 533 1795 644 1856; x_wconf 90' lang='lat' dir='ltr'><strong>sub</strong></span> <span class='ocrx_word' id='word_1_97' title='bbox 676 1812 740 1854; x_wconf 92' lang='lat' dir='ltr'><strong>se</strong></span> <span class='ocrx_word' id='word_1_98' title='bbox 770 1801 959 1867; x_wconf 85' lang='lat' dir='ltr'><strong>erant,</strong></span> <span class='ocrx_word' id='word_1_99' title='bbox 982 1791 1295 1863; x_wconf 85' lang='lat' dir='ltr'><strong>inducens,</strong></span> <span class='ocrx_word' id='word_1_100' title='bbox 1324 1791 1552 1870; x_wconf 90' lang='lat' dir='ltr'><strong>primus</strong></span> <span class='ocrx_word' id='word_1_101' title='bbox 1585 1810 1789 1870; x_wconf 82' lang='lat' dir='ltr'><strong>canos,</strong></span> <span class='ocrx_word' id='word_1_102' title='bbox 1825 1792 2054 1871; x_wconf 84' lang='lat' dir='ltr'><strong>primus</strong></span> 
     </span>
    </p>
   </div>
   <div class='ocr_carea' id='block_1_17' title="bbox 409 1879 2113 1959">
    <p class='ocr_par' dir='ltr' id='par_1_17' title="bbox 409 1879 2113 1959">
     <span class='ocr_line' id='line_1_17' title="bbox 409 1879 2113 1959; baseline -0.004 -14"><span class='ocrx_word' id='word_1_103' title='bbox 409 1885 585 1944; x_wconf 88' lang='lat' dir='ltr'><strong>etiam</strong></span> <span class='ocrx_word' id='word_1_104' title='bbox 611 1881 934 1942; x_wconf 81' lang='lat' dir='ltr'><strong>ostendens</strong></span> <span class='ocrx_word' id='word_1_105' title='bbox 959 1887 1297 1959; x_wconf 90' lang='lat' dir='ltr'><strong>promptum</strong></span> <span class='ocrx_word' id='word_1_106' title='bbox 1321 1880 1503 1939; x_wconf 90' lang='lat' dir='ltr'><strong>animi</strong></span> <span class='ocrx_word' id='word_1_107' title='bbox 1528 1879 1815 1939; x_wconf 88' lang='lat' dir='ltr'><strong>studium:</strong></span> <span class='ocrx_word' id='word_1_108' title='bbox 1844 1898 2052 1940; x_wconf 90' lang='lat' dir='ltr'><strong>omnes</strong></span> <span class='ocrx_word' id='word_1_109' title='bbox 2077 1909 2113 1958; x_wconf 73' lang='grc' dir='ltr'><strong>Β</strong></span> 
     </span>
    </p>
   </div>
   <div class='ocr_carea' id='block_1_18' title="bbox 407 1967 2050 2048">
    <p class='ocr_par' dir='ltr' id='par_1_18' title="bbox 407 1967 2050 2048">
     <span class='ocr_line' id='line_1_18' title="bbox 407 1967 2050 2048; baseline -0.002 -17"><span class='ocrx_word' id='word_1_110' title='bbox 407 1970 642 2046; x_wconf 87' lang='lat' dir='ltr'><strong>obiens,</strong></span> <span class='ocrx_word' id='word_1_111' title='bbox 675 1968 865 2028; x_wconf 87' lang='lat' dir='ltr'><strong>factus</strong></span> <span class='ocrx_word' id='word_1_112' title='bbox 906 1969 1106 2028; x_wconf 91' lang='lat' dir='ltr'><strong>omnia</strong></span> <span class='ocrx_word' id='word_1_113' title='bbox 1135 1967 1440 2048; x_wconf 85' lang='lat' dir='ltr'><strong>omnibus,</strong></span> <span class='ocrx_word' id='word_1_114' title='bbox 1473 1968 1761 2029; x_wconf 82' lang='lat' dir='ltr'><strong>certiores</strong></span> <span class='ocrx_word' id='word_1_115' title='bbox 1790 1968 2050 2028; x_wconf 90' lang='lat' dir='ltr'><strong>reddens</strong></span> 
     </span>
    </p>
   </div>
   <div class='ocr_carea' id='block_1_19' title="bbox 408 2055 2051 2138">
    <p class='ocr_par' dir='ltr' id='par_1_19' title="bbox 408 2055 2051 2138">
     <span class='ocr_line' id='line_1_19' title="bbox 408 2055 2051 2138; baseline -0.003 -18"><span class='ocrx_word' id='word_1_116' title='bbox 408 2076 511 2120; x_wconf 90' lang='lat' dir='ltr'><strong>eos</strong></span> <span class='ocrx_word' id='word_1_117' title='bbox 531 2057 630 2138; x_wconf 88' lang='lat' dir='ltr'><strong>qui</strong></span> <span class='ocrx_word' id='word_1_118' title='bbox 653 2055 1226 2128; x_wconf 88' lang='lat' dir='ltr'><strong>dubitabant,adbuc</strong></span> <span class='ocrx_word' id='word_1_119' title='bbox 1249 2056 1610 2116; x_wconf 90' lang='lat' dir='ltr'><strong>conﬁrmans</strong></span> <span class='ocrx_word' id='word_1_120' title='bbox 1633 2056 1863 2136; x_wconf 88' lang='lat' dir='ltr'><strong>eos,qui</strong></span> <span class='ocrx_word' id='word_1_121' title='bbox 1881 2063 2051 2116; x_wconf 89' lang='lat' dir='ltr'><strong>erant</strong></span> 
     </span>
    </p>
   </div>
   <div class='ocr_carea' id='block_1_20' title="bbox 405 2144 2046 2224">
    <p class='ocr_par' dir='ltr' id='par_1_20' title="bbox 405 2144 2046 2224">
     <span class='ocr_line' id='line_1_20' title="bbox 405 2144 2046 2224; baseline -0.002 -16"><span class='ocrx_word' id='word_1_122' title='bbox 405 2146 674 2221; x_wconf 80' lang='lat' dir='ltr'><strong>stabiles;</strong></span> <span class='ocrx_word' id='word_1_123' title='bbox 701 2163 804 2206; x_wconf 90' lang='lat' dir='ltr'><strong>eos</strong></span> <span class='ocrx_word' id='word_1_124' title='bbox 829 2145 1218 2224; x_wconf 85' lang='lat' dir='ltr'><strong>excitans,qui</strong></span> <span class='ocrx_word' id='word_1_125' title='bbox 1245 2153 1412 2204; x_wconf 88' lang='lat' dir='ltr'><strong>erant</strong></span> <span class='ocrx_word' id='word_1_126' title='bbox 1434 2144 2046 2216; x_wconf 86' lang='lat' dir='ltr'><strong>socordiores,eorum</strong></span> 
     </span>
    </p>
   </div>
   <div class='ocr_carea' id='block_1_21' title="bbox 407 2232 2047 2317">
    <p class='ocr_par' dir='ltr' id='par_1_21' title="bbox 407 2232 2047 2317">
     <span class='ocr_line' id='line_1_21' title="bbox 407 2232 2047 2317; baseline -0.001 -21"><span class='ocrx_word' id='word_1_127' title='bbox 407 2237 505 2317; x_wconf 89' lang='lat' dir='ltr'><strong>qui</strong></span> <span class='ocrx_word' id='word_1_128' title='bbox 533 2242 706 2295; x_wconf 91' lang='lat' dir='ltr'><strong>erant</strong></span> <span class='ocrx_word' id='word_1_129' title='bbox 736 2244 1010 2314; x_wconf 90' lang='lat' dir='ltr'><strong>prompto</strong></span> <span class='ocrx_word' id='word_1_130' title='bbox 1041 2243 1098 2293; x_wconf 91' lang='lat' dir='ltr'><strong>et</strong></span> <span class='ocrx_word' id='word_1_131' title='bbox 1141 2233 1321 2293; x_wconf 85' lang='lat' dir='ltr'><strong>alacri</strong></span> <span class='ocrx_word' id='word_1_132' title='bbox 1353 2232 1536 2293; x_wconf 91' lang='lat' dir='ltr'><strong>animi</strong></span> <span class='ocrx_word' id='word_1_133' title='bbox 1569 2233 1788 2309; x_wconf 90' lang='lat' dir='ltr'><strong>studio,</strong></span> <span class='ocrx_word' id='word_1_134' title='bbox 1824 2251 2047 2309; x_wconf 61' lang='lat' dir='ltr'><strong>augens</strong></span> 
     </span>
    </p>
   </div>
   <div class='ocr_carea' id='block_1_22' title="bbox 407 2321 2044 2402">
    <p class='ocr_par' dir='ltr' id='par_1_22' title="bbox 407 2321 2044 2402">
     <span class='ocr_line' id='line_1_22' title="bbox 407 2321 2044 2402; baseline -0.001 -18"><span class='ocrx_word' id='word_1_135' title='bbox 407 2323 812 2402; x_wconf 82' lang='lat' dir='ltr'><strong>diligentiam;</strong></span> <span class='ocrx_word' id='word_1_136' title='bbox 849 2323 1076 2383; x_wconf 87' lang='lat' dir='ltr'><strong>addens</strong></span> <span class='ocrx_word' id='word_1_137' title='bbox 1107 2321 1373 2382; x_wconf 91' lang='lat' dir='ltr'><strong>animum</strong></span> <span class='ocrx_word' id='word_1_138' title='bbox 1417 2321 1516 2400; x_wconf 86' lang='lat' dir='ltr'><strong>iis,</strong></span> <span class='ocrx_word' id='word_1_139' title='bbox 1555 2321 1654 2401; x_wconf 87' lang='lat' dir='ltr'><strong>qui</strong></span> <span class='ocrx_word' id='word_1_140' title='bbox 1688 2321 2044 2382; x_wconf 76' lang='lat' dir='ltr'><strong>extimesce-</strong></span> 
     </span>
    </p>
   </div>
   <div class='ocr_carea' id='block_1_23' title="bbox 406 2409 2043 2490">
    <p class='ocr_par' dir='ltr' id='par_1_23' title="bbox 406 2409 2043 2490">
     <span class='ocr_line' id='line_1_23' title="bbox 406 2409 2043 2490; baseline -0.002 -17"><span class='ocrx_word' id='word_1_141' title='bbox 406 2410 550 2473; x_wconf 87' lang='lat' dir='ltr'><strong>bant</strong></span> <span class='ocrx_word' id='word_1_142' title='bbox 577 2431 592 2485; x_wconf 89' lang='lat'><strong>;</strong></span> <span class='ocrx_word' id='word_1_143' title='bbox 624 2410 944 2472; x_wconf 88' lang='lat' dir='ltr'><strong>adhortans</strong></span> <span class='ocrx_word' id='word_1_144' title='bbox 965 2410 1197 2490; x_wconf 90' lang='lat' dir='ltr'><strong>eos,qui</strong></span> <span class='ocrx_word' id='word_1_145' title='bbox 1228 2409 1641 2479; x_wconf 83' lang='lat' dir='ltr'><strong>decertabant;</strong></span> <span class='ocrx_word' id='word_1_146' title='bbox 1676 2423 1910 2472; x_wconf 90' lang='lat' dir='ltr'><strong>terrens</strong></span> <span class='ocrx_word' id='word_1_147' title='bbox 1934 2409 2043 2470; x_wconf 92' lang='lat' dir='ltr'><strong>ad-</strong></span> 
     </span>
    </p>
   </div>
   <div class='ocr_carea' id='block_1_24' title="bbox 402 2498 2042 2580">
    <p class='ocr_par' dir='ltr' id='par_1_24' title="bbox 402 2498 2042 2580">
     <span class='ocr_line' id='line_1_24' title="bbox 402 2498 2042 2580; baseline -0.002 -18"><span class='ocrx_word' id='word_1_148' title='bbox 402 2499 884 2580; x_wconf 87' lang='lat' dir='ltr'><strong>versarios,quod</strong></span> <span class='ocrx_word' id='word_1_149' title='bbox 923 2508 1038 2560; x_wconf 90' lang='lat' dir='ltr'><strong>tam</strong></span> <span class='ocrx_word' id='word_1_150' title='bbox 1073 2509 1229 2560; x_wconf 85' lang='lat' dir='ltr'><strong>esset</strong></span> <span class='ocrx_word' id='word_1_151' title='bbox 1262 2517 1472 2576; x_wconf 84' lang='lat' dir='ltr'><strong>magno</strong></span> <span class='ocrx_word' id='word_1_152' title='bbox 1500 2517 1567 2559; x_wconf 90' lang='lat' dir='ltr'><strong>ac</strong></span> <span class='ocrx_word' id='word_1_153' title='bbox 1589 2517 1882 2577; x_wconf 83' lang='lat' dir='ltr'><strong>generoso</strong></span> <span class='ocrx_word' id='word_1_154' title='bbox 1914 2498 2042 2558; x_wconf 89' lang='lat' dir='ltr'><strong>ani-</strong></span> 
     </span>
    </p>
   </div>
   <div class='ocr_carea' id='block_1_25' title="bbox 403 2587 2044 2666">
    <p class='ocr_par' dir='ltr' id='par_1_25' title="bbox 403 2587 2044 2666">
     <span class='ocr_line' id='line_1_25' title="bbox 403 2587 2044 2666; baseline -0.002 -16"><span class='ocrx_word' id='word_1_155' title='bbox 403 2606 522 2663; x_wconf 87' lang='lat' dir='ltr'><strong>mo,</strong></span> <span class='ocrx_word' id='word_1_156' title='bbox 561 2598 622 2649; x_wconf 90' lang='lat' dir='ltr'><strong>ut</strong></span> <span class='ocrx_word' id='word_1_157' title='bbox 653 2589 722 2648; x_wconf 89' lang='lat' dir='ltr'><strong>ad</strong></span> <span class='ocrx_word' id='word_1_158' title='bbox 757 2607 890 2648; x_wconf 85' lang='lat' dir='ltr'><strong>eum</strong></span> <span class='ocrx_word' id='word_1_159' title='bbox 924 2606 1043 2649; x_wconf 88' lang='lat' dir='ltr'><strong>nou</strong></span> <span class='ocrx_word' id='word_1_160' title='bbox 1070 2587 1534 2666; x_wconf 87' lang='lat' dir='ltr'><strong>pateretaditus;</strong></span> <span class='ocrx_word' id='word_1_161' title='bbox 1561 2587 1872 2648; x_wconf 65' lang='lat' dir='ltr'><strong>medicinae</strong></span> <span class='ocrx_word' id='word_1_162' title='bbox 1893 2589 2044 2648; x_wconf 81' lang='lat' dir='ltr'><strong>cele-</strong></span> 
     </span>
    </p>
   </div>
   <div class='ocr_carea' id='block_1_26' title="bbox 398 2674 2040 2754">
    <p class='ocr_par' dir='ltr' id='par_1_26' title="bbox 398 2674 2040 2754">
     <span class='ocr_line' id='line_1_26' title="bbox 398 2674 2040 2754; baseline -0.002 -15"><span class='ocrx_word' id='word_1_163' title='bbox 398 2677 575 2739; x_wconf 89' lang='lat' dir='ltr'><strong>ritate</strong></span> <span class='ocrx_word' id='word_1_164' title='bbox 623 2695 863 2738; x_wconf 88' lang='lat' dir='ltr'><strong>omnem</strong></span> <span class='ocrx_word' id='word_1_165' title='bbox 929 2677 1272 2737; x_wconf 59' lang='lat' dir='ltr'><strong>haereticum</strong></span> <span class='ocrx_word' id='word_1_166' title='bbox 1323 2674 1594 2736; x_wconf 89' lang='lat' dir='ltr'><strong>morbum</strong></span> <span class='ocrx_word' id='word_1_167' title='bbox 1630 2677 2040 2754; x_wconf 62' lang='lat' dir='ltr'><strong>praeveniens;</strong></span> 
     </span>
    </p>
   </div>
   <div class='ocr_carea' id='block_1_27' title="bbox 400 2762 2043 2844">
    <p class='ocr_par' dir='ltr' id='par_1_27' title="bbox 400 2762 2043 2844">
     <span class='ocr_line' id='line_1_27' title="bbox 400 2762 2043 2844; baseline -0.001 -17"><span class='ocrx_word' id='word_1_168' title='bbox 400 2765 626 2828; x_wconf 88' lang='lat' dir='ltr'><strong>docens</strong></span> <span class='ocrx_word' id='word_1_169' title='bbox 673 2783 903 2836; x_wconf 91' lang='lat' dir='ltr'><strong>omnes,</strong></span> <span class='ocrx_word' id='word_1_170' title='bbox 937 2765 1093 2844; x_wconf 89' lang='lat' dir='ltr'><strong>quod</strong></span> <span class='ocrx_word' id='word_1_171' title='bbox 1147 2765 1252 2826; x_wconf 90' lang='lat' dir='ltr'><strong>Dei</strong></span> <span class='ocrx_word' id='word_1_172' title='bbox 1305 2762 1568 2824; x_wconf 85' lang='lat' dir='ltr'><strong>Verbum</strong></span> <span class='ocrx_word' id='word_1_173' title='bbox 1624 2763 2043 2843; x_wconf 82' lang='lat' dir='ltr'><strong>essetquidem</strong></span> 
     </span>
    </p>
   </div>
   <div class='ocr_carea' id='block_1_28' title="bbox 400 2852 2045 2930">
    <p class='ocr_par' dir='ltr' id='par_1_28' title="bbox 400 2852 2045 2930">
     <span class='ocr_line' id='line_1_28' title="bbox 400 2852 2045 2930; baseline -0.001 -18"><span class='ocrx_word' id='word_1_174' title='bbox 400 2853 560 2914; x_wconf 90' lang='lat' dir='ltr'><strong>idem</strong></span> <span class='ocrx_word' id='word_1_175' title='bbox 595 2853 770 2913; x_wconf 91' lang='lat' dir='ltr'><strong>simul</strong></span> <span class='ocrx_word' id='word_1_176' title='bbox 806 2855 964 2915; x_wconf 88' lang='lat' dir='ltr'><strong>Deus</strong></span> <span class='ocrx_word' id='word_1_177' title='bbox 998 2861 1054 2911; x_wconf 93' lang='lat' dir='ltr'><strong>et</strong></span> <span class='ocrx_word' id='word_1_178' title='bbox 1084 2852 1284 2924; x_wconf 91' lang='lat' dir='ltr'><strong>homo,</strong></span> <span class='ocrx_word' id='word_1_179' title='bbox 1321 2871 1437 2912; x_wconf 90' lang='lat' dir='ltr'><strong>una</strong></span> <span class='ocrx_word' id='word_1_180' title='bbox 1487 2860 1683 2912; x_wconf 89' lang='lat' dir='ltr'><strong>autem</strong></span> <span class='ocrx_word' id='word_1_181' title='bbox 1717 2852 2045 2930; x_wconf 82' lang='lat' dir='ltr'><strong>hypostasis</strong></span> 
     </span>
    </p>
   </div>
   <div class='ocr_carea' id='block_1_29' title="bbox 398 2938 2041 3020">
    <p class='ocr_par' dir='ltr' id='par_1_29' title="bbox 398 2938 2041 3020">
     <span class='ocr_line' id='line_1_29' title="bbox 398 2938 2041 3020; baseline 0 -20"><span class='ocrx_word' id='word_1_182' title='bbox 398 2940 523 3000; x_wconf 90' lang='lat' dir='ltr'><strong>sive</strong></span> <span class='ocrx_word' id='word_1_183' title='bbox 550 2958 830 3020; x_wconf 86' lang='lat' dir='ltr'><strong>persona,</strong></span> <span class='ocrx_word' id='word_1_184' title='bbox 865 2948 1183 3015; x_wconf 87' lang='lat' dir='ltr'><strong>utrumque</strong></span> <span class='ocrx_word' id='word_1_185' title='bbox 1207 2957 1415 2999; x_wconf 89' lang='lat' dir='ltr'><strong>eorum</strong></span> <span class='ocrx_word' id='word_1_186' title='bbox 1453 2938 1680 3000; x_wconf 88' lang='lat' dir='ltr'><strong>habens</strong></span> <span class='ocrx_word' id='word_1_187' title='bbox 1715 2941 2041 3015; x_wconf 88' lang='lat' dir='ltr'><strong>natura,di-</strong></span> 
     </span>
    </p>
   </div>
   <div class='ocr_carea' id='block_1_30' title="bbox 399 3027 1532 3089">
    <p class='ocr_par' dir='ltr' id='par_1_30' title="bbox 399 3027 1532 3089">
     <span class='ocr_line' id='line_1_30' title="bbox 399 3027 1532 3089; baseline 0.004 -5"><span class='ocrx_word' id='word_1_188' title='bbox 399 3027 704 3088; x_wconf 88' lang='lat' dir='ltr'><strong>vinitatem</strong></span> <span class='ocrx_word' id='word_1_189' title='bbox 731 3028 961 3089; x_wconf 91' lang='lat' dir='ltr'><strong>scilicet</strong></span> <span class='ocrx_word' id='word_1_190' title='bbox 993 3036 1050 3086; x_wconf 87' lang='lat' dir='ltr'><strong>et</strong></span> <span class='ocrx_word' id='word_1_191' title='bbox 1077 3027 1532 3089; x_wconf 91' lang='lat' dir='ltr'><strong>humanitatem.</strong></span> 
     </span>
    </p>
   </div>
   <div class='ocr_carea' id='block_1_31' title="bbox 478 3114 2035 3194">
    <p class='ocr_par' dir='ltr' id='par_1_31' title="bbox 478 3114 2035 3194">
     <span class='ocr_line' id='line_1_31' title="bbox 478 3114 2035 3194; baseline 0 -18"><span class='ocrx_word' id='word_1_192' title='bbox 478 3115 680 3177; x_wconf 68' lang='lat' dir='ltr'><strong>54.Ad</strong></span> <span class='ocrx_word' id='word_1_193' title='bbox 710 3133 779 3176; x_wconf 89' lang='lat' dir='ltr'><strong>ea</strong></span> <span class='ocrx_word' id='word_1_194' title='bbox 805 3123 1026 3187; x_wconf 90' lang='lat' dir='ltr'><strong>autem,</strong></span> <span class='ocrx_word' id='word_1_195' title='bbox 1063 3133 1195 3194; x_wconf 76' lang='lat' dir='ltr'><strong>quae</strong></span> <span class='ocrx_word' id='word_1_196' title='bbox 1224 3114 1382 3175; x_wconf 86' lang='lat' dir='ltr'><strong>dicta</strong></span> <span class='ocrx_word' id='word_1_197' title='bbox 1409 3123 1567 3186; x_wconf 89' lang='lat' dir='ltr'><strong>sunt,</strong></span> <span class='ocrx_word' id='word_1_198' title='bbox 1595 3115 1899 3193; x_wconf 81' lang='lat' dir='ltr'><strong>probanda</strong></span> <span class='ocrx_word' id='word_1_199' title='bbox 1928 3115 2035 3176; x_wconf 84' lang='lat' dir='ltr'><strong>ad-</strong></span> 
     </span>
    </p>
   </div>
   <div class='ocr_carea' id='block_1_32' title="bbox 397 3200 2034 3284">
    <p class='ocr_par' dir='ltr' id='par_1_32' title="bbox 397 3200 2034 3284">
     <span class='ocr_line' id='line_1_32' title="bbox 397 3200 2034 3284; baseline 0.001 -19"><span class='ocrx_word' id='word_1_200' title='bbox 397 3200 562 3265; x_wconf 81' lang='lat' dir='ltr'><strong>duxit</strong></span> <span class='ocrx_word' id='word_1_201' title='bbox 593 3203 751 3264; x_wconf 83' lang='lat' dir='ltr'><strong>illam</strong></span> <span class='ocrx_word' id='word_1_202' title='bbox 804 3211 1067 3263; x_wconf 88' lang='lat' dir='ltr'><strong>sanctam</strong></span> <span class='ocrx_word' id='word_1_203' title='bbox 1097 3201 1384 3282; x_wconf 78' lang='lat' dir='ltr'><strong>synodum</strong></span> <span class='ocrx_word' id='word_1_204' title='bbox 1419 3204 1847 3264; x_wconf 77' lang='lat' dir='ltr'><strong>oacumenicam</strong></span> <span class='ocrx_word' id='word_1_205' title='bbox 1878 3204 2034 3284; x_wconf 83' lang='lat'><strong>(35),</strong></span> 
     </span>
    </p>
   </div>
   <div class='ocr_carea' id='block_1_33' title="bbox 395 3290 2038 3372">
    <p class='ocr_par' dir='ltr' id='par_1_33' title="bbox 395 3290 2038 3372">
     <span class='ocr_line' id='line_1_33' title="bbox 395 3290 2038 3372; baseline 0.001 -19"><span class='ocrx_word' id='word_1_206' title='bbox 395 3310 512 3372; x_wconf 90' lang='lat' dir='ltr'><strong>qua</strong></span> <span class='ocrx_word' id='word_1_207' title='bbox 537 3293 665 3371; x_wconf 89' lang='lat' dir='ltr'><strong>ipsa</strong></span> <span class='ocrx_word' id='word_1_208' title='bbox 694 3309 929 3371; x_wconf 91' lang='lat' dir='ltr'><strong>quoque</strong></span> <span class='ocrx_word' id='word_1_209' title='bbox 959 3293 1033 3350; x_wconf 90' lang='lat' dir='ltr'><strong>de</strong></span> <span class='ocrx_word' id='word_1_210' title='bbox 1055 3290 1289 3351; x_wconf 81' lang='lat' dir='ltr'><strong>Christo</strong></span> <span class='ocrx_word' id='word_1_211' title='bbox 1313 3290 1401 3351; x_wconf 90' lang='lat' dir='ltr'><strong>sic</strong></span> <span class='ocrx_word' id='word_1_212' title='bbox 1444 3292 1586 3369; x_wconf 84' lang='lat' dir='ltr'><strong>agit,</strong></span> <span class='ocrx_word' id='word_1_213' title='bbox 1619 3300 1677 3352; x_wconf 92' lang='lat' dir='ltr'><strong>et</strong></span> <span class='ocrx_word' id='word_1_214' title='bbox 1710 3310 1776 3352; x_wconf 91' lang='lat' dir='ltr'><strong>ea</strong></span> <span class='ocrx_word' id='word_1_215' title='bbox 1809 3293 2038 3356; x_wconf 90' lang='lat' dir='ltr'><strong>ratione</strong></span> 
     </span>
    </p>
   </div>
   <div class='ocr_carea' id='block_1_34' title="bbox 395 3378 2036 3460">
    <p class='ocr_par' dir='ltr' id='par_1_34' title="bbox 395 3378 2036 3460">
     <span class='ocr_line' id='line_1_34' title="bbox 395 3378 2036 3460; baseline 0.002 -19"><span class='ocrx_word' id='word_1_216' title='bbox 395 3381 599 3458; x_wconf 80' lang='lat' dir='ltr'><strong>eﬂ&#39;ugit</strong></span> <span class='ocrx_word' id='word_1_217' title='bbox 659 3379 1090 3440; x_wconf 89' lang='lat' dir='ltr'><strong>declinationes</strong></span> <span class='ocrx_word' id='word_1_218' title='bbox 1143 3378 1584 3452; x_wconf 65' lang='lat' dir='ltr'><strong>hazreticorum,</strong></span> <span class='ocrx_word' id='word_1_219' title='bbox 1636 3399 1767 3460; x_wconf 79' lang='lat' dir='ltr'><strong>quae</strong></span> <span class='ocrx_word' id='word_1_220' title='bbox 1797 3383 1945 3442; x_wconf 87' lang='lat' dir='ltr'><strong>ﬁunt</strong></span> <span class='ocrx_word' id='word_1_221' title='bbox 1975 3383 2036 3444; x_wconf 90' lang='lat' dir='ltr'><strong>in</strong></span> 
     </span>
    </p>
   </div>
   <div class='ocr_carea' id='block_1_35' title="bbox 395 3465 2032 3548">
    <p class='ocr_par' dir='ltr' id='par_1_35' title="bbox 395 3465 2032 3548">
     <span class='ocr_line' id='line_1_35' title="bbox 395 3465 2032 3548; baseline 0.002 -20"><span class='ocrx_word' id='word_1_222' title='bbox 395 3477 709 3544; x_wconf 82' lang='lat' dir='ltr'><strong>utramque</strong></span> <span class='ocrx_word' id='word_1_223' title='bbox 741 3475 986 3546; x_wconf 90' lang='lat' dir='ltr'><strong>partem.</strong></span> <span class='ocrx_word' id='word_1_224' title='bbox 1046 3465 1194 3527; x_wconf 85' lang='lat' dir='ltr'><strong>Nam</strong></span> <span class='ocrx_word' id='word_1_225' title='bbox 1257 3483 1352 3537; x_wconf 91' lang='lat' dir='ltr'><strong>eo,</strong></span> <span class='ocrx_word' id='word_1_226' title='bbox 1416 3468 1630 3548; x_wconf 89' lang='lat' dir='ltr'><strong>inquit,</strong></span> <span class='ocrx_word' id='word_1_227' title='bbox 1667 3472 1824 3547; x_wconf 84' lang='lat' dir='ltr'><strong>quod</strong></span> <span class='ocrx_word' id='word_1_228' title='bbox 1857 3487 2032 3532; x_wconf 91' lang='lat' dir='ltr'><strong>unam</strong></span> 
     </span>
    </p>
   </div>
   <div class='ocr_carea' id='block_1_36' title="bbox 393 3556 2035 3636">
    <p class='ocr_par' dir='ltr' id='par_1_36' title="bbox 393 3556 2035 3636">
     <span class='ocr_line' id='line_1_36' title="bbox 393 3556 2035 3636; baseline 0.001 -17"><span class='ocrx_word' id='word_1_229' title='bbox 393 3559 748 3619; x_wconf 90' lang='lat' dir='ltr'><strong>conﬁteatur</strong></span> <span class='ocrx_word' id='word_1_230' title='bbox 767 3556 1353 3635; x_wconf 85' lang='lat' dir='ltr'><strong>personam,repetlit</strong></span> <span class='ocrx_word' id='word_1_231' title='bbox 1375 3557 1616 3636; x_wconf 88' lang='lat' dir='ltr'><strong>impiam</strong></span> <span class='ocrx_word' id='word_1_232' title='bbox 1639 3556 1894 3619; x_wconf 87' lang='lat' dir='ltr'><strong>Nestorii</strong></span> <span class='ocrx_word' id='word_1_233' title='bbox 1921 3561 2035 3622; x_wconf 73' lang='lat' dir='ltr'><strong>hae-</strong></span> 
     </span>
    </p>
   </div>
   <div class='ocr_carea' id='block_1_37' title="bbox 391 3644 2028 3725">
    <p class='ocr_par' dir='ltr' id='par_1_37' title="bbox 391 3644 2028 3725">
     <span class='ocr_line' id='line_1_37' title="bbox 391 3644 2028 3725; baseline 0.002 -18"><span class='ocrx_word' id='word_1_234' title='bbox 391 3647 572 3708; x_wconf 88' lang='lat' dir='ltr'><strong>resim</strong></span> <span class='ocrx_word' id='word_1_235' title='bbox 606 3663 618 3707; x_wconf 87' lang='lat'>:</span> <span class='ocrx_word' id='word_1_236' title='bbox 655 3664 725 3707; x_wconf 90' lang='lat' dir='ltr'><strong>eo</strong></span> <span class='ocrx_word' id='word_1_237' title='bbox 753 3654 972 3721; x_wconf 90' lang='lat' dir='ltr'><strong>autem,</strong></span> <span class='ocrx_word' id='word_1_238' title='bbox 1007 3644 1165 3725; x_wconf 91' lang='lat' dir='ltr'><strong>quod</strong></span> <span class='ocrx_word' id='word_1_239' title='bbox 1201 3663 1316 3705; x_wconf 85' lang='lat' dir='ltr'><strong>non</strong></span> <span class='ocrx_word' id='word_1_240' title='bbox 1370 3656 1551 3722; x_wconf 80' lang='lat' dir='ltr'><strong>neget</strong></span> <span class='ocrx_word' id='word_1_241' title='bbox 1581 3645 1728 3707; x_wconf 91' lang='lat' dir='ltr'><strong>duas</strong></span> <span class='ocrx_word' id='word_1_242' title='bbox 1760 3655 2028 3722; x_wconf 85' lang='lat' dir='ltr'><strong>naturas,</strong></span> 
     </span>
    </p>
   </div>
   <div class='ocr_carea' id='block_1_38' title="bbox 390 3733 2032 3816">
    <p class='ocr_par' dir='ltr' id='par_1_38' title="bbox 390 3733 2032 3816">
     <span class='ocr_line' id='line_1_38' title="bbox 390 3733 2032 3816; baseline 0.002 -20"><span class='ocrx_word' id='word_1_243' title='bbox 390 3734 731 3816; x_wconf 82' lang='lat' dir='ltr'><strong>Eutychetis</strong></span> <span class='ocrx_word' id='word_1_244' title='bbox 754 3743 810 3796; x_wconf 85' lang='lat' dir='ltr'><strong>et</strong></span> <span class='ocrx_word' id='word_1_245' title='bbox 842 3733 1108 3795; x_wconf 86' lang='lat' dir='ltr'><strong>Dioscori</strong></span> <span class='ocrx_word' id='word_1_246' title='bbox 1135 3734 1318 3812; x_wconf 81' lang='lat' dir='ltr'><strong>magis</strong></span> <span class='ocrx_word' id='word_1_247' title='bbox 1346 3735 1588 3814; x_wconf 91' lang='lat' dir='ltr'><strong>impiam</strong></span> <span class='ocrx_word' id='word_1_248' title='bbox 1614 3736 1887 3798; x_wconf 69' lang='lat' dir='ltr'><strong>exturbat</strong></span> <span class='ocrx_word' id='word_1_249' title='bbox 1919 3739 2032 3800; x_wconf 63' lang='lat' dir='ltr'><strong>haz-</strong></span> 
     </span>
    </p>
   </div>
   <div class='ocr_carea' id='block_1_39' title="bbox 387 3822 2027 3903">
    <p class='ocr_par' dir='ltr' id='par_1_39' title="bbox 387 3822 2027 3903">
     <span class='ocr_line' id='line_1_39' title="bbox 387 3822 2027 3903; baseline 0 -15"><span class='ocrx_word' id='word_1_250' title='bbox 387 3825 570 3888; x_wconf 88' lang='lat' dir='ltr'><strong>resim</strong></span> <span class='ocrx_word' id='word_1_251' title='bbox 605 3845 618 3887; x_wconf 89' lang='lat'>:</span> <span class='ocrx_word' id='word_1_252' title='bbox 655 3841 848 3903; x_wconf 86' lang='lat' dir='ltr'><strong>neque</strong></span> <span class='ocrx_word' id='word_1_253' title='bbox 904 3822 1204 3898; x_wconf 88' lang='lat' dir='ltr'><strong>similiter,</strong></span> <span class='ocrx_word' id='word_1_254' title='bbox 1258 3833 1321 3884; x_wconf 91' lang='lat' dir='ltr'><strong>ut</strong></span> <span class='ocrx_word' id='word_1_255' title='bbox 1352 3824 1688 3898; x_wconf 90' lang='lat' dir='ltr'><strong>Nestorius,</strong></span> <span class='ocrx_word' id='word_1_256' title='bbox 1724 3827 2027 3888; x_wconf 90' lang='lat' dir='ltr'><strong>Christum</strong></span> 
     </span>
    </p>
   </div>
   <div class='ocr_carea' id='block_1_40' title="bbox 387 3912 2029 3998">
    <p class='ocr_par' dir='ltr' id='par_1_40' title="bbox 387 3912 2029 3998">
     <span class='ocr_line' id='line_1_40' title="bbox 387 3912 2029 3998; baseline 0.001 -21"><span class='ocrx_word' id='word_1_257' title='bbox 387 3933 573 3977; x_wconf 90' lang='lat' dir='ltr'><strong>unum</strong></span> <span class='ocrx_word' id='word_1_258' title='bbox 601 3914 871 3975; x_wconf 84' lang='lat' dir='ltr'><strong>dividens</strong></span> <span class='ocrx_word' id='word_1_259' title='bbox 890 3912 948 3973; x_wconf 93' lang='lat' dir='ltr'><strong>in</strong></span> <span class='ocrx_word' id='word_1_260' title='bbox 970 3913 1118 3974; x_wconf 88' lang='lat' dir='ltr'><strong>duos</strong></span> <span class='ocrx_word' id='word_1_261' title='bbox 1141 3913 1294 3973; x_wconf 89' lang='lat' dir='ltr'><strong>ﬁlios</strong></span> <span class='ocrx_word' id='word_1_262' title='bbox 1317 3921 1376 3974; x_wconf 92' lang='lat' dir='ltr'><strong>et</strong></span> <span class='ocrx_word' id='word_1_263' title='bbox 1408 3915 1756 3994; x_wconf 86' lang='lat' dir='ltr'><strong>hypostases</strong></span> <span class='ocrx_word' id='word_1_264' title='bbox 1785 3933 1800 3990; x_wconf 89' lang='lat'>;</span> <span class='ocrx_word' id='word_1_265' title='bbox 1837 3935 2029 3998; x_wconf 90' lang='lat' dir='ltr'><strong>neque</strong></span> 
     </span>
    </p>
   </div>
   <div class='ocr_carea' id='block_1_41' title="bbox 386 4001 2026 4080">
    <p class='ocr_par' dir='ltr' id='par_1_41' title="bbox 386 4001 2026 4080">
     <span class='ocr_line' id='line_1_41' title="bbox 386 4001 2026 4080; baseline 0.002 -16"><span class='ocrx_word' id='word_1_266' title='bbox 386 4003 665 4065; x_wconf 83' lang='lat' dir='ltr'><strong>similiter</strong></span> <span class='ocrx_word' id='word_1_267' title='bbox 695 4019 763 4063; x_wconf 91' lang='lat' dir='ltr'><strong>ac</strong></span> <span class='ocrx_word' id='word_1_268' title='bbox 791 4001 1106 4080; x_wconf 82' lang='lat' dir='ltr'><strong>Eutyches,</strong></span> <span class='ocrx_word' id='word_1_269' title='bbox 1141 4009 1198 4060; x_wconf 91' lang='lat' dir='ltr'><strong>et</strong></span> <span class='ocrx_word' id='word_1_270' title='bbox 1229 4001 1570 4076; x_wconf 87' lang='lat' dir='ltr'><strong>Dioscorus,</strong></span> <span class='ocrx_word' id='word_1_271' title='bbox 1608 4011 1666 4063; x_wconf 91' lang='lat' dir='ltr'><strong>et</strong></span> <span class='ocrx_word' id='word_1_272' title='bbox 1698 4005 1876 4064; x_wconf 89' lang='lat' dir='ltr'><strong>etiam</strong></span> <span class='ocrx_word' id='word_1_273' title='bbox 1911 4009 2026 4068; x_wconf 89' lang='lat' dir='ltr'><strong>Se-</strong></span> 
     </span>
    </p>
   </div>
   <div class='ocr_carea' id='block_1_42' title="bbox 381 4089 2026 4169">
    <p class='ocr_par' dir='ltr' id='par_1_42' title="bbox 381 4089 2026 4169">
     <span class='ocr_line' id='line_1_42' title="bbox 381 4089 2026 4169; baseline 0.006 -22"><span class='ocrx_word' id='word_1_274' title='bbox 381 4108 558 4151; x_wconf 83' lang='lat' dir='ltr'><strong>verus</strong></span> <span class='ocrx_word' id='word_1_275' title='bbox 589 4090 738 4166; x_wconf 86' lang='lat'><strong>(36),</strong></span> <span class='ocrx_word' id='word_1_276' title='bbox 773 4089 833 4148; x_wconf 90' lang='lat' dir='ltr'><strong>in</strong></span> <span class='ocrx_word' id='word_1_277' title='bbox 865 4109 1038 4149; x_wconf 90' lang='lat' dir='ltr'><strong>unam</strong></span> <span class='ocrx_word' id='word_1_278' title='bbox 1071 4090 1446 4151; x_wconf 82' lang='lat' dir='ltr'><strong>confundens</strong></span> <span class='ocrx_word' id='word_1_279' title='bbox 1498 4101 1792 4169; x_wconf 90' lang='lat' dir='ltr'><strong>naturam,</strong></span> <span class='ocrx_word' id='word_1_280' title='bbox 1850 4097 2026 4158; x_wconf 91' lang='lat' dir='ltr'><strong>unius</strong></span> 
     </span>
    </p>
   </div>
   <div class='ocr_carea' id='block_1_43' title="bbox 380 4177 2021 4247">
    <p class='ocr_par' dir='ltr' id='par_1_43' title="bbox 380 4177 2021 4247">
     <span class='ocr_line' id='line_1_43' title="bbox 380 4177 2021 4247; baseline 0.004 -8"><span class='ocrx_word' id='word_1_281' title='bbox 380 4178 612 4240; x_wconf 83' lang='lat' dir='ltr'><strong>scilicet</strong></span> <span class='ocrx_word' id='word_1_282' title='bbox 633 4177 1240 4238; x_wconf 86' lang='lat' dir='ltr'><strong>Christidivinitatem</strong></span> <span class='ocrx_word' id='word_1_283' title='bbox 1284 4189 1342 4242; x_wconf 88' lang='lat' dir='ltr'><strong>et</strong></span> <span class='ocrx_word' id='word_1_284' title='bbox 1373 4180 1830 4243; x_wconf 87' lang='lat' dir='ltr'><strong>humanitatem.</strong></span> <span class='ocrx_word' id='word_1_285' title='bbox 1874 4187 2021 4247; x_wconf 89' lang='lat' dir='ltr'><strong>Nam</strong></span> 
     </span>
    </p>
   </div>
   <div class='ocr_carea' id='block_1_44' title="bbox 381 4265 2024 4349">
    <p class='ocr_par' dir='ltr' id='par_1_44' title="bbox 381 4265 2024 4349">
     <span class='ocr_line' id='line_1_44' title="bbox 381 4265 2024 4349; baseline 0.004 -23"><span class='ocrx_word' id='word_1_286' title='bbox 381 4265 514 4345; x_wconf 86' lang='lat' dir='ltr'><strong>plus</strong></span> <span class='ocrx_word' id='word_1_287' title='bbox 536 4284 710 4345; x_wconf 89' lang='lat' dir='ltr'><strong>quam</strong></span> <span class='ocrx_word' id='word_1_288' title='bbox 742 4282 846 4342; x_wconf 81' lang='lat' dir='ltr'><strong>par</strong></span> <span class='ocrx_word' id='word_1_289' title='bbox 866 4267 945 4327; x_wconf 92' lang='lat' dir='ltr'><strong>sit</strong></span> <span class='ocrx_word' id='word_1_290' title='bbox 967 4266 1143 4326; x_wconf 89' lang='lat' dir='ltr'><strong>habet</strong></span> <span class='ocrx_word' id='word_1_291' title='bbox 1169 4269 1577 4349; x_wconf 88' lang='lat' dir='ltr'><strong>unusquisque</strong></span> <span class='ocrx_word' id='word_1_292' title='bbox 1604 4289 1836 4334; x_wconf 88' lang='lat' dir='ltr'><strong>eorum:</strong></span> <span class='ocrx_word' id='word_1_293' title='bbox 1872 4292 2024 4333; x_wconf 90' lang='lat' dir='ltr'><strong>unus</strong></span> 
     </span>
    </p>
   </div>
   <div class='ocr_carea' id='block_1_45' title="bbox 378 4353 2020 4438">
    <p class='ocr_par' dir='ltr' id='par_1_45' title="bbox 378 4353 2020 4438">
     <span class='ocr_line' id='line_1_45' title="bbox 378 4353 2020 4438; baseline 0.005 -24"><span class='ocrx_word' id='word_1_294' title='bbox 378 4354 620 4434; x_wconf 92' lang='lat' dir='ltr'><strong>quidem</strong></span> <span class='ocrx_word' id='word_1_295' title='bbox 654 4354 890 4433; x_wconf 81' lang='lat' dir='ltr'><strong>fugiens</strong></span> <span class='ocrx_word' id='word_1_296' title='bbox 920 4353 1457 4429; x_wconf 90' lang='lat' dir='ltr'><strong>divisionem,alter</strong></span> <span class='ocrx_word' id='word_1_297' title='bbox 1487 4377 1624 4419; x_wconf 88' lang='lat' dir='ltr'><strong>vero</strong></span> <span class='ocrx_word' id='word_1_298' title='bbox 1651 4361 2020 4438; x_wconf 89' lang='lat' dir='ltr'><strong>conjunctio-</strong></span> 
     </span>
    </p>
   </div>
   <div class='ocr_carea' id='block_1_46' title="bbox 377 4442 2015 4524">
    <p class='ocr_par' dir='ltr' id='par_1_46' title="bbox 377 4442 2015 4524">
     <span class='ocr_line' id='line_1_46' title="bbox 377 4442 2015 4524; baseline 0.005 -22"><span class='ocrx_word' id='word_1_299' title='bbox 377 4460 514 4504; x_wconf 89' lang='lat' dir='ltr'><strong>nem</strong></span> <span class='ocrx_word' id='word_1_300' title='bbox 545 4459 557 4500; x_wconf 90' lang='lat'><strong>:</strong></span> <span class='ocrx_word' id='word_1_301' title='bbox 589 4442 685 4503; x_wconf 89' lang='lat' dir='ltr'><strong>ille</strong></span> <span class='ocrx_word' id='word_1_302' title='bbox 729 4442 970 4522; x_wconf 90' lang='lat' dir='ltr'><strong>quidem</strong></span> <span class='ocrx_word' id='word_1_303' title='bbox 1023 4442 1093 4503; x_wconf 85' lang='lat' dir='ltr'><strong>ad</strong></span> <span class='ocrx_word' id='word_1_304' title='bbox 1134 4444 1249 4504; x_wconf 93' lang='lat' dir='ltr'><strong>hoc</strong></span> <span class='ocrx_word' id='word_1_305' title='bbox 1283 4453 1342 4505; x_wconf 91' lang='lat' dir='ltr'><strong>ut</strong></span> <span class='ocrx_word' id='word_1_306' title='bbox 1376 4448 1527 4507; x_wconf 89' lang='lat' dir='ltr'><strong>duos</strong></span> <span class='ocrx_word' id='word_1_307' title='bbox 1559 4448 1785 4510; x_wconf 89' lang='lat' dir='ltr'><strong>diceret</strong></span> <span class='ocrx_word' id='word_1_308' title='bbox 1816 4451 1967 4511; x_wconf 91' lang='lat' dir='ltr'><strong>ﬁlios</strong></span> <span class='ocrx_word' id='word_1_309' title='bbox 2000 4473 2015 4524; x_wconf 85' lang='lat'><strong>;</strong></span> 
     </span>
    </p>
   </div>
   <div class='ocr_carea' id='block_1_47' title="bbox 1708 405 2495 510">
    <p class='ocr_par' dir='ltr' id='par_1_47' title="bbox 1708 405 2495 510">
     <span class='ocr_line' id='line_1_47' title="bbox 1708 405 2495 510; baseline -0.001 -35"><span class='ocrx_word' id='word_1_310' title='bbox 1708 406 1988 477; x_wconf 83' lang='lat' dir='ltr'><strong>MENSIS</strong></span> <span class='ocrx_word' id='word_1_311' title='bbox 2045 405 2495 480; x_wconf 80' lang='lat' dir='ltr'><strong>IANUARIUS.</strong></span> 
     </span>
    </p>
   </div>
   <div class='ocr_carea' id='block_1_48' title="bbox 3670 405 3789 481">
    <p class='ocr_par' dir='ltr' id='par_1_48' title="bbox 3670 405 3789 481">
     <span class='ocr_line' id='line_1_48' title="bbox 3670 405 3789 481; baseline -0.05 1"><span class='ocrx_word' id='word_1_312' title='bbox 3670 405 3789 481; x_wconf 62' lang='lat'><strong>5‘34</strong></span> 
     </span>
    </p>
   </div>
   <div class='ocr_carea' id='block_1_49' title="bbox 2450 542 3788 624">
    <p class='ocr_par' dir='ltr' id='par_1_49' title="bbox 2450 545 3788 624">
     <span class='ocr_line' id='line_1_49' title="bbox 2450 545 3788 624; baseline 0.001 -21"><span class='ocrx_word' id='word_1_313' title='bbox 2450 547 2610 610; x_wconf 74' lang='grc' dir='ltr'>ἔστω,</span> <span class='ocrx_word' id='word_1_314' title='bbox 2686 555 2859 605; x_wconf 84' lang='grc' dir='ltr'>Ταῦτα</span> <span class='ocrx_word' id='word_1_315' title='bbox 2913 547 3100 620; x_wconf 81' lang='grc' dir='ltr'>εἰπὼν,</span> <span class='ocrx_word' id='word_1_316' title='bbox 3160 549 3244 604; x_wconf 79' lang='grc' dir='ltr'><strong>καὶ</strong></span> <span class='ocrx_word' id='word_1_317' title='bbox 3315 547 3496 624; x_wconf 80' lang='grc' dir='ltr'>ὥσπερ</span> <span class='ocrx_word' id='word_1_318' title='bbox 3558 545 3788 624; x_wconf 62' lang='grc' dir='ltr'>ἅγγελος</span> 
     </span>
    </p>
   </div>
   <div class='ocr_carea' id='block_1_50' title="bbox 2140 636 3785 716">
    <p class='ocr_par' dir='ltr' id='par_1_50' title="bbox 2140 636 3785 716">
     <span class='ocr_line' id='line_1_50' title="bbox 2140 636 3785 716; baseline -0.001 -22"><span class='ocrx_word' id='word_1_319' title='bbox 2140 637 2486 707; x_wconf 72' lang='grc' dir='ltr'>καταπλήξας</span> <span class='ocrx_word' id='word_1_320' title='bbox 2531 639 2590 692; x_wconf 79' lang='grc' dir='ltr'>τὸ</span> <span class='ocrx_word' id='word_1_321' title='bbox 2647 636 2869 710; x_wconf 77' lang='grc' dir='ltr'>πλῆθος,</span> <span class='ocrx_word' id='word_1_322' title='bbox 2933 637 3145 695; x_wconf 74' lang='grc' dir='ltr'>πάντων</span> <span class='ocrx_word' id='word_1_323' title='bbox 3204 658 3261 693; x_wconf 90' lang='grc' dir='ltr'><strong>τε</strong></span> <span class='ocrx_word' id='word_1_324' title='bbox 3305 638 3402 702; x_wconf 73' lang='grc' dir='ltr'><strong>τὴν</strong></span> <span class='ocrx_word' id='word_1_325' title='bbox 3454 637 3635 713; x_wconf 61' lang='grc' dir='ltr'>φωνὴν</span> <span class='ocrx_word' id='word_1_326' title='bbox 3679 638 3785 716; x_wconf 68' lang='grc' dir='ltr'><strong>ἀερ-</strong></span> 
     </span>
    </p>
   </div>
   <div class='ocr_carea' id='block_1_51' title="bbox 2142 724 3782 802">
    <p class='ocr_par' dir='ltr' id='par_1_51' title="bbox 2142 724 3782 802">
     <span class='ocr_line' id='line_1_51' title="bbox 2142 724 3782 802; baseline -0.001 -21"><span class='ocrx_word' id='word_1_327' title='bbox 2142 727 2275 782; x_wconf 85' lang='grc' dir='ltr'>ελὼν</span> <span class='ocrx_word' id='word_1_328' title='bbox 2332 731 2406 800; x_wconf 82' lang='grc' dir='ltr'>τῴ</span> <span class='ocrx_word' id='word_1_329' title='bbox 2451 725 2662 802; x_wconf 76' lang='grc' dir='ltr'><strong>μεγέθει</strong></span> <span class='ocrx_word' id='word_1_330' title='bbox 2712 733 2803 782; x_wconf 80' lang='grc' dir='ltr'>τοῦ</span> <span class='ocrx_word' id='word_1_331' title='bbox 2847 727 3142 797; x_wconf 77' lang='grc' dir='ltr'><strong>θαύματος,</strong></span> <span class='ocrx_word' id='word_1_332' title='bbox 3177 725 3302 802; x_wconf 85' lang='grc' dir='ltr'><strong>σιγῇ</strong></span> <span class='ocrx_word' id='word_1_333' title='bbox 3334 724 3416 779; x_wconf 74' lang='grc' dir='ltr'><strong>διὰ</strong></span> <span class='ocrx_word' id='word_1_334' title='bbox 3449 726 3625 796; x_wconf 75' lang='grc' dir='ltr'>μέσων</span> <span class='ocrx_word' id='word_1_335' title='bbox 3681 727 3782 780; x_wconf 67' lang='grc' dir='ltr'><strong>αὔ-</strong></span> 
     </span>
    </p>
   </div>
   <div class='ocr_carea' id='block_1_52' title="bbox 2142 813 3784 893">
    <p class='ocr_par' dir='ltr' id='par_1_52' title="bbox 2142 813 3784 893">
     <span class='ocr_line' id='line_1_52' title="bbox 2142 813 3784 893; baseline -0.001 -22"><span class='ocrx_word' id='word_1_336' title='bbox 2142 823 2245 871; x_wconf 86' lang='grc' dir='ltr'>τῶν</span> <span class='ocrx_word' id='word_1_337' title='bbox 2315 819 2586 893; x_wconf 82' lang='grc' dir='ltr'>σιγώντων</span> <span class='ocrx_word' id='word_1_338' title='bbox 2647 814 2866 893; x_wconf 72' lang='grc' dir='ltr'>ἐχώρει,</span> <span class='ocrx_word' id='word_1_339' title='bbox 2936 815 3218 890; x_wconf 82' lang='grc' dir='ltr'>καθαπερεὶ</span> <span class='ocrx_word' id='word_1_340' title='bbox 3279 813 3636 872; x_wconf 67' lang='grc' dir='ltr'><strong>καθευδόντων</strong></span> <span class='ocrx_word' id='word_1_341' title='bbox 3693 815 3784 870; x_wconf 80' lang='grc' dir='ltr'>καὶ</span> 
     </span>
    </p>
   </div>
   <div class='ocr_carea' id='block_1_53' title="bbox 2140 901 3782 980">
    <p class='ocr_par' dir='ltr' id='par_1_53' title="bbox 2140 901 3782 980">
     <span class='ocr_line' id='line_1_53' title="bbox 2140 901 3782 980; baseline -0.002 -22"><span class='ocrx_word' id='word_1_342' title='bbox 2140 904 2266 980; x_wconf 71' lang='grc' dir='ltr'>δναρ</span> <span class='ocrx_word' id='word_1_343' title='bbox 2315 904 2528 979; x_wconf 79' lang='grc' dir='ltr'>βλέπειν</span> <span class='ocrx_word' id='word_1_344' title='bbox 2577 903 2853 974; x_wconf 74' lang='grc' dir='ltr'><strong>οἰομένων,</strong></span> <span class='ocrx_word' id='word_1_345' title='bbox 2891 902 2992 979; x_wconf 69' lang='grc' dir='ltr'>οὔχ</span> <span class='ocrx_word' id='word_1_346' title='bbox 3026 903 3099 963; x_wconf 82' lang='grc' dir='ltr'>ὡς</span> <span class='ocrx_word' id='word_1_347' title='bbox 3130 901 3342 966; x_wconf 79' lang='grc' dir='ltr'>ἀληθῶς</span> <span class='ocrx_word' id='word_1_348' title='bbox 3377 903 3434 955; x_wconf 83' lang='grc' dir='ltr'>τὸ</span> <span class='ocrx_word' id='word_1_349' title='bbox 3469 903 3782 976; x_wconf 73' lang='grc' dir='ltr'>γενόμενον,</span> 
     </span>
    </p>
   </div>
   <div class='ocr_carea' id='block_1_54' title="bbox 2144 988 3782 1069">
    <p class='ocr_par' dir='ltr' id='par_1_54' title="bbox 2144 988 3782 1069">
     <span class='ocr_line' id='line_1_54' title="bbox 2144 988 3782 1069; baseline -0.002 -20"><span class='ocrx_word' id='word_1_350' title='bbox 2144 996 2239 1049; x_wconf 81' lang='grc' dir='ltr'><strong>Καὶ</strong></span> <span class='ocrx_word' id='word_1_351' title='bbox 2282 999 2433 1049; x_wconf 81' lang='grc' dir='ltr'>τοῦτο</span> <span class='ocrx_word' id='word_1_352' title='bbox 2465 991 2562 1065; x_wconf 79' lang='grc' dir='ltr'>μὲν</span> <span class='ocrx_word' id='word_1_353' title='bbox 2608 997 2816 1046; x_wconf 80' lang='grc' dir='ltr'>τοιοῦτο</span> <span class='ocrx_word' id='word_1_354' title='bbox 2866 997 2957 1044; x_wconf 78' lang='grc' dir='ltr'>τοῦ</span> <span class='ocrx_word' id='word_1_355' title='bbox 3016 988 3198 1067; x_wconf 70' lang='grc' dir='ltr'>ἀνδρὸς</span> <span class='ocrx_word' id='word_1_356' title='bbox 3255 992 3634 1067; x_wconf 67' lang='grc' dir='ltr'>στρατήγημα,</span> <span class='ocrx_word' id='word_1_357' title='bbox 3689 991 3782 1069; x_wconf 75' lang='grc' dir='ltr'><strong>ἀφ’</strong></span> 
     </span>
    </p>
   </div>
   <div class='ocr_carea' id='block_1_55' title="bbox 2138 1076 3780 1157">
    <p class='ocr_par' dir='ltr' id='par_1_55' title="bbox 2138 1076 3780 1157">
     <span class='ocr_line' id='line_1_55' title="bbox 2138 1076 3780 1157; baseline -0.001 -22"><span class='ocrx_word' id='word_1_358' title='bbox 2138 1083 2198 1136; x_wconf 83' lang='grc' dir='ltr'>οὗ</span> <span class='ocrx_word' id='word_1_359' title='bbox 2225 1079 2288 1145; x_wconf 79' lang='grc' dir='ltr'>δὴ</span> <span class='ocrx_word' id='word_1_360' title='bbox 2336 1082 2422 1135; x_wconf 79' lang='grc' dir='ltr'><strong>καὶ</strong></span> <span class='ocrx_word' id='word_1_361' title='bbox 2479 1081 2572 1136; x_wconf 80' lang='grc' dir='ltr'><strong>τὰς</strong></span> <span class='ocrx_word' id='word_1_362' title='bbox 2606 1079 2890 1157; x_wconf 71' lang='grc' dir='ltr'>εἰρημένας</span> <span class='ocrx_word' id='word_1_363' title='bbox 2923 1079 3073 1154; x_wconf 83' lang='grc' dir='ltr'>ἁγίας</span> <span class='ocrx_word' id='word_1_364' title='bbox 3103 1076 3348 1142; x_wconf 78' lang='grc' dir='ltr'>συνόδους</span> <span class='ocrx_word' id='word_1_365' title='bbox 3376 1082 3433 1134; x_wconf 79' lang='grc' dir='ltr'><strong>ἐν</strong></span> <span class='ocrx_word' id='word_1_366' title='bbox 3466 1091 3581 1142; x_wconf 59' lang='grc' dir='ltr'>τοῖς</span> <span class='ocrx_word' id='word_1_367' title='bbox 3613 1081 3780 1156; x_wconf 79' lang='grc' dir='ltr'>ἱεροῖς</span> 
     </span>
    </p>
   </div>
   <div class='ocr_carea' id='block_1_56' title="bbox 2136 1166 3282 1246">
    <p class='ocr_par' dir='ltr' id='par_1_56' title="bbox 2136 1166 3282 1246">
     <span class='ocr_line' id='line_1_56' title="bbox 2136 1166 3282 1246; baseline -0.001 -24"><span class='ocrx_word' id='word_1_368' title='bbox 2136 1166 2417 1246; x_wconf 82' lang='grc' dir='ltr'><strong>διπτύχοις</strong></span> <span class='ocrx_word' id='word_1_369' title='bbox 2451 1168 2502 1232; x_wconf 73' lang='grc' dir='ltr'><strong>ἐξ</strong></span> <span class='ocrx_word' id='word_1_370' title='bbox 2535 1169 2738 1223; x_wconf 76' lang='grc' dir='ltr'>ἐκείνου</span> <span class='ocrx_word' id='word_1_371' title='bbox 2768 1168 2978 1224; x_wconf 80' lang='grc' dir='ltr'>τάττειν</span> <span class='ocrx_word' id='word_1_372' title='bbox 3009 1166 3282 1239; x_wconf 73' lang='grc' dir='ltr'>ἐνόμισαν,</span> 
     </span>
    </p>
   </div>
   <div class='ocr_carea' id='block_1_57' title="bbox 2216 1425 3783 1512">
    <p class='ocr_par' dir='ltr' id='par_1_57' title="bbox 2216 1425 3783 1512">
     <span class='ocr_line' id='line_1_57' title="bbox 2216 1425 3783 1512; baseline 0.002 -23"><span class='ocrx_word' id='word_1_373' title='bbox 2216 1425 2322 1512; x_wconf 74' lang='grc' dir='ltr'>νγ’,</span> <span class='ocrx_word' id='word_1_374' title='bbox 2362 1436 2506 1493; x_wconf 81' lang='grc' dir='ltr'>Μετὰ</span> <span class='ocrx_word' id='word_1_375' title='bbox 2539 1433 2594 1490; x_wconf 74' lang='grc' dir='ltr'>δὲ</span> <span class='ocrx_word' id='word_1_376' title='bbox 2642 1444 2803 1493; x_wconf 81' lang='grc' dir='ltr'>ταῦτα</span> <span class='ocrx_word' id='word_1_377' title='bbox 2854 1432 3023 1508; x_wconf 82' lang='grc' dir='ltr'>μηδὲν</span> <span class='ocrx_word' id='word_1_378' title='bbox 3073 1432 3372 1508; x_wconf 72' lang='grc' dir='ltr'>μελλήσας,</span> <span class='ocrx_word' id='word_1_379' title='bbox 3424 1434 3557 1510; x_wconf 75' lang='grc' dir='ltr'>μηδέ</span> <span class='ocrx_word' id='word_1_380' title='bbox 3591 1437 3783 1510; x_wconf 78' lang='grc' dir='ltr'>μικρὸν</span> 
     </span>
    </p>
   </div>
   <div class='ocr_carea' id='block_1_58' title="bbox 2136 1522 3781 1602">
    <p class='ocr_par' dir='ltr' id='par_1_58' title="bbox 2136 1522 3781 1602">
     <span class='ocr_line' id='line_1_58' title="bbox 2136 1522 3781 1602; baseline 0 -22"><span class='ocrx_word' id='word_1_381' title='bbox 2136 1526 2380 1602; x_wconf 40' lang='lat' dir='ltr'><strong>Eme/.6»;</strong></span> <span class='ocrx_word' id='word_1_382' title='bbox 2436 1525 2530 1584; x_wconf 79' lang='grc' dir='ltr'><strong>τὰς</strong></span> <span class='ocrx_word' id='word_1_383' title='bbox 2579 1522 2726 1587; x_wconf 79' lang='grc' dir='ltr'>πέριξ</span> <span class='ocrx_word' id='word_1_384' title='bbox 2783 1524 2920 1599; x_wconf 75' lang='grc' dir='ltr'>διῄει</span> <span class='ocrx_word' id='word_1_385' title='bbox 2971 1523 3179 1593; x_wconf 79' lang='grc' dir='ltr'>πόλεις,</span> <span class='ocrx_word' id='word_1_386' title='bbox 3215 1525 3332 1587; x_wconf 79' lang='grc' dir='ltr'>τοὺς</span> <span class='ocrx_word' id='word_1_387' title='bbox 3385 1526 3643 1602; x_wconf 66' lang='grc' dir='ltr'>φοιτητὰς</span> <span class='ocrx_word' id='word_1_388' title='bbox 3687 1526 3781 1580; x_wconf 76' lang='grc' dir='ltr'>καὶ</span> 
     </span>
    </p>
   </div>
   <div class='ocr_carea' id='block_1_59' title="bbox 2137 1611 3778 1690">
    <p class='ocr_par' dir='ltr' id='par_1_59' title="bbox 2137 1611 3778 1690">
     <span class='ocr_line' id='line_1_59' title="bbox 2137 1611 3778 1690; baseline 0 -22"><span class='ocrx_word' id='word_1_389' title='bbox 2137 1611 2327 1675; x_wconf 81' lang='grc' dir='ltr'>ἄλλους</span> <span class='ocrx_word' id='word_1_390' title='bbox 2360 1613 2605 1682; x_wconf 74' lang='grc' dir='ltr'>ζηλωτὰς</span> <span class='ocrx_word' id='word_1_391' title='bbox 2637 1611 2696 1667; x_wconf 80' lang='grc' dir='ltr'><strong>ἐκ</strong></span> <span class='ocrx_word' id='word_1_392' title='bbox 2746 1617 2845 1678; x_wconf 75' lang='grc' dir='ltr'>τῆς</span> <span class='ocrx_word' id='word_1_393' title='bbox 2903 1611 3152 1690; x_wconf 78' lang='grc' dir='ltr'>ἐρημίας,</span> <span class='ocrx_word' id='word_1_394' title='bbox 3203 1613 3439 1690; x_wconf 80' lang='grc' dir='ltr'>καθάπερ</span> <span class='ocrx_word' id='word_1_395' title='bbox 3469 1636 3546 1676; x_wconf 92' lang='grc' dir='ltr'><strong>τις</strong></span> <span class='ocrx_word' id='word_1_396' title='bbox 3578 1635 3778 1690; x_wconf 78' lang='grc' dir='ltr'>στρατ-</span> 
     </span>
    </p>
   </div>
   <div class='ocr_carea' id='block_1_60' title="bbox 2139 1700 3780 1778">
    <p class='ocr_par' dir='ltr' id='par_1_60' title="bbox 2139 1700 3780 1778">
     <span class='ocr_line' id='line_1_60' title="bbox 2139 1700 3780 1778; baseline -0.001 -22"><span class='ocrx_word' id='word_1_397' title='bbox 2139 1704 2294 1778; x_wconf 84' lang='grc' dir='ltr'>ηγὸς,</span> <span class='ocrx_word' id='word_1_398' title='bbox 2355 1701 2474 1766; x_wconf 80' lang='grc' dir='ltr'>τοὺς</span> <span class='ocrx_word' id='word_1_399' title='bbox 2530 1700 2618 1755; x_wconf 85' lang='grc' dir='ltr'><strong>ὑπ’</strong></span> <span class='ocrx_word' id='word_1_400' title='bbox 2680 1702 2836 1755; x_wconf 77' lang='grc' dir='ltr'>αὐτὸν</span> <span class='ocrx_word' id='word_1_401' title='bbox 2896 1700 3253 1777; x_wconf 77' lang='grc' dir='ltr'>ἐπαγόμενος,</span> <span class='ocrx_word' id='word_1_402' title='bbox 3327 1704 3354 1755; x_wconf 84' lang='grc' dir='ltr'>ὁ</span> <span class='ocrx_word' id='word_1_403' title='bbox 3414 1709 3617 1778; x_wconf 81' lang='grc' dir='ltr'>πρῶτος</span> <span class='ocrx_word' id='word_1_404' title='bbox 3677 1704 3780 1767; x_wconf 75' lang='grc' dir='ltr'>τὴν</span> 
     </span>
    </p>
   </div>
   <div class='ocr_carea' id='block_1_61' title="bbox 2136 1788 3774 1868">
    <p class='ocr_par' dir='ltr' id='par_1_61' title="bbox 2136 1788 3774 1868">
     <span class='ocr_line' id='line_1_61' title="bbox 2136 1788 3774 1868; baseline 0.001 -24"><span class='ocrx_word' id='word_1_405' title='bbox 2136 1789 2349 1868; x_wconf 70' lang='grc' dir='ltr'>πολιὰν,</span> <span class='ocrx_word' id='word_1_406' title='bbox 2409 1790 2617 1866; x_wconf 78' lang='grc' dir='ltr'>πρῶτός</span> <span class='ocrx_word' id='word_1_407' title='bbox 2678 1809 2734 1844; x_wconf 92' lang='grc' dir='ltr'><strong>τε</strong></span> <span class='ocrx_word' id='word_1_408' title='bbox 2779 1790 2875 1856; x_wconf 77' lang='grc' dir='ltr'><strong>τὴν</strong></span> <span class='ocrx_word' id='word_1_409' title='bbox 2940 1790 3227 1866; x_wconf 82' lang='grc' dir='ltr'>προθυμίαν</span> <span class='ocrx_word' id='word_1_410' title='bbox 3291 1788 3717 1862; x_wconf 76' lang='grc' dir='ltr'>ἐπιδεικνύμενος</span> <span class='ocrx_word' id='word_1_411' title='bbox 3757 1806 3774 1820; x_wconf 83' lang='grc'><strong>⁸</strong></span> 
     </span>
    </p>
   </div>
   <div class='ocr_carea' id='block_1_62' title="bbox 2137 1878 3776 1957">
    <p class='ocr_par' dir='ltr' id='par_1_62' title="bbox 2137 1878 3776 1957">
     <span class='ocr_line' id='line_1_62' title="bbox 2137 1878 3776 1957; baseline -0.001 -23"><span class='ocrx_word' id='word_1_412' title='bbox 2137 1880 2335 1939; x_wconf 77' lang='grc' dir='ltr'>πάντας</span> <span class='ocrx_word' id='word_1_413' title='bbox 2412 1879 2660 1957; x_wconf 76' lang='grc' dir='ltr'>περιϊὼν,</span> <span class='ocrx_word' id='word_1_414' title='bbox 2724 1884 2852 1934; x_wconf 83' lang='grc' dir='ltr'>πᾶσι</span> <span class='ocrx_word' id='word_1_415' title='bbox 2915 1880 2979 1933; x_wconf 79' lang='grc' dir='ltr'><strong>τὰ</strong></span> <span class='ocrx_word' id='word_1_416' title='bbox 3060 1878 3232 1934; x_wconf 78' lang='grc' dir='ltr'>πάντα</span> <span class='ocrx_word' id='word_1_417' title='bbox 3287 1880 3590 1956; x_wconf 77' lang='grc' dir='ltr'>γινόμενος,</span> <span class='ocrx_word' id='word_1_418' title='bbox 3652 1882 3776 1944; x_wconf 77' lang='grc' dir='ltr'>τοὺς</span> 
     </span>
    </p>
   </div>
   <div class='ocr_carea' id='block_1_63' title="bbox 2133 1963 3772 2046">
    <p class='ocr_par' dir='ltr' id='par_1_63' title="bbox 2133 1963 3772 2046">
     <span class='ocr_line' id='line_1_63' title="bbox 2133 1963 3772 2046; baseline 0.001 -25"><span class='ocrx_word' id='word_1_419' title='bbox 2133 1965 2458 2044; x_wconf 65' lang='grc' dir='ltr'>ἀμφιϐόλους</span> <span class='ocrx_word' id='word_1_420' title='bbox 2519 1966 2900 2046; x_wconf 79' lang='grc' dir='ltr'>πληροφορῶν,</span> <span class='ocrx_word' id='word_1_421' title='bbox 2953 1968 3076 2027; x_wconf 81' lang='grc' dir='ltr'>τοὺς</span> <span class='ocrx_word' id='word_1_422' title='bbox 3125 1963 3366 2043; x_wconf 80' lang='grc' dir='ltr'>βεϐαίους</span> <span class='ocrx_word' id='word_1_423' title='bbox 3396 1967 3772 2044; x_wconf 73' lang='grc' dir='ltr'>ἐπιστηρίζων,</span> 
     </span>
    </p>
   </div>
   <div class='ocr_carea' id='block_1_64' title="bbox 2133 2053 3776 2134">
    <p class='ocr_par' dir='ltr' id='par_1_64' title="bbox 2133 2053 3776 2134">
     <span class='ocr_line' id='line_1_64' title="bbox 2133 2053 3776 2134; baseline 0.002 -24"><span class='ocrx_word' id='word_1_424' title='bbox 2133 2053 2412 2111; x_wconf 83' lang='grc' dir='ltr'>διανιστῶν</span> <span class='ocrx_word' id='word_1_425' title='bbox 2470 2057 2590 2119; x_wconf 84' lang='grc' dir='ltr'>τοὺς</span> <span class='ocrx_word' id='word_1_426' title='bbox 2677 2055 3083 2134; x_wconf 74' lang='grc' dir='ltr'>ῥᾳθυμοτέρως,</span> <span class='ocrx_word' id='word_1_427' title='bbox 3145 2060 3250 2110; x_wconf 86' lang='grc' dir='ltr'>τῶν</span> <span class='ocrx_word' id='word_1_428' title='bbox 3315 2056 3594 2131; x_wconf 78' lang='grc' dir='ltr'>προθύμων</span> <span class='ocrx_word' id='word_1_429' title='bbox 3653 2056 3776 2112; x_wconf 79' lang='grc' dir='ltr'>ἐπι-</span> 
     </span>
    </p>
   </div>
   <div class='ocr_carea' id='block_1_65' title="bbox 2130 2142 3775 2223">
    <p class='ocr_par' dir='ltr' id='par_1_65' title="bbox 2130 2142 3775 2223">
     <span class='ocr_line' id='line_1_65' title="bbox 2130 2142 3775 2223; baseline 0 -23"><span class='ocrx_word' id='word_1_430' title='bbox 2130 2146 2314 2200; x_wconf 84' lang='grc' dir='ltr'>τείνων</span> <span class='ocrx_word' id='word_1_431' title='bbox 2379 2144 2468 2211; x_wconf 79' lang='grc' dir='ltr'>τὴν</span> <span class='ocrx_word' id='word_1_432' title='bbox 2541 2144 2878 2218; x_wconf 75' lang='grc' dir='ltr'>ἐπιμέλειαν,</span> <span class='ocrx_word' id='word_1_433' title='bbox 2946 2147 3070 2206; x_wconf 80' lang='grc' dir='ltr'>τους</span> <span class='ocrx_word' id='word_1_434' title='bbox 3126 2142 3434 2208; x_wconf 81' lang='grc' dir='ltr'>δειλιιῦντας</span> <span class='ocrx_word' id='word_1_435' title='bbox 3493 2145 3775 2223; x_wconf 72' lang='grc' dir='ltr'>επιθαρῤυ-</span> 
     </span>
    </p>
   </div>
   <div class='ocr_carea' id='block_1_66' title="bbox 2134 2231 3772 2312">
    <p class='ocr_par' dir='ltr' id='par_1_66' title="bbox 2134 2231 3772 2312">
     <span class='ocr_line' id='line_1_66' title="bbox 2134 2231 3772 2312; baseline 0.002 -26"><span class='ocrx_word' id='word_1_436' title='bbox 2134 2258 2256 2301; x_wconf 81' lang='grc' dir='ltr'>νων,</span> <span class='ocrx_word' id='word_1_437' title='bbox 2319 2249 2434 2295; x_wconf 72' lang='grc' dir='ltr'>τοῖς</span> <span class='ocrx_word' id='word_1_438' title='bbox 2489 2232 2905 2309; x_wconf 77' lang='grc' dir='ltr'>ἀγωνιζομένοις</span> <span class='ocrx_word' id='word_1_439' title='bbox 2950 2232 3386 2309; x_wconf 80' lang='grc' dir='ltr'>ἐγκελευόμενος,</span> <span class='ocrx_word' id='word_1_440' title='bbox 3442 2231 3616 2312; x_wconf 74' lang='grc' dir='ltr'>φοϐῶν</span> <span class='ocrx_word' id='word_1_441' title='bbox 3648 2235 3772 2298; x_wconf 80' lang='grc' dir='ltr'>τοὺς</span> 
     </span>
    </p>
   </div>
   <div class='ocr_carea' id='block_1_67' title="bbox 2128 2322 3774 2399">
    <p class='ocr_par' dir='ltr' id='par_1_67' title="bbox 2128 2322 3774 2399">
     <span class='ocr_line' id='line_1_67' title="bbox 2128 2322 3774 2399; baseline 0 -22"><span class='ocrx_word' id='word_1_442' title='bbox 2128 2322 2445 2386; x_wconf 76' lang='grc' dir='ltr'>ἀντιπάλους</span> <span class='ocrx_word' id='word_1_443' title='bbox 2511 2323 2586 2395; x_wconf 81' lang='grc' dir='ltr'>τῷ</span> <span class='ocrx_word' id='word_1_444' title='bbox 2645 2322 2912 2398; x_wconf 77' lang='grc' dir='ltr'>ὰπροσίτῳ</span> <span class='ocrx_word' id='word_1_445' title='bbox 2980 2326 3078 2388; x_wconf 77' lang='grc' dir='ltr'>τῆς</span> <span class='ocrx_word' id='word_1_446' title='bbox 3142 2323 3539 2399; x_wconf 79' lang='grc' dir='ltr'>γενναιότητος,</span> <span class='ocrx_word' id='word_1_447' title='bbox 3596 2328 3774 2378; x_wconf 82' lang='grc' dir='ltr'>πᾶσαν</span> 
     </span>
    </p>
   </div>
   <div class='ocr_carea' id='block_1_68' title="bbox 2128 2408 3765 2489">
    <p class='ocr_par' dir='ltr' id='par_1_68' title="bbox 2128 2408 3765 2489">
     <span class='ocr_line' id='line_1_68' title="bbox 2128 2408 3765 2489; baseline -0.001 -22"><span class='ocrx_word' id='word_1_448' title='bbox 2128 2413 2396 2488; x_wconf 55' lang='lat' dir='ltr'><strong>uipera-iw</strong></span> <span class='ocrx_word' id='word_1_449' title='bbox 2473 2408 2998 2488; x_wconf 71' lang='grc' dir='ltr'>προκαταλαμϐάνων</span> <span class='ocrx_word' id='word_1_450' title='bbox 3089 2412 3243 2466; x_wconf 86' lang='grc' dir='ltr'>νόσον</span> <span class='ocrx_word' id='word_1_451' title='bbox 3301 2413 3377 2483; x_wconf 76' lang='grc' dir='ltr'>τῷ</span> <span class='ocrx_word' id='word_1_452' title='bbox 3449 2412 3605 2489; x_wconf 46' lang='grc' dir='ltr'>τάχει</span> <span class='ocrx_word' id='word_1_453' title='bbox 3661 2417 3765 2479; x_wconf 79' lang='grc' dir='ltr'>τῆς</span> 
     </span>
    </p>
   </div>
   <div class='ocr_carea' id='block_1_69' title="bbox 2125 2498 3768 2578">
    <p class='ocr_par' dir='ltr' id='par_1_69' title="bbox 2125 2498 3768 2578">
     <span class='ocr_line' id='line_1_69' title="bbox 2125 2498 3768 2578; baseline 0.001 -22"><span class='ocrx_word' id='word_1_454' title='bbox 2125 2503 2378 2578; x_wconf 72' lang='grc' dir='ltr'>ἰατρείας,</span> <span class='ocrx_word' id='word_1_455' title='bbox 2439 2498 2698 2556; x_wconf 67' lang='grc' dir='ltr'>διδέσκων</span> <span class='ocrx_word' id='word_1_456' title='bbox 2742 2499 3003 2572; x_wconf 75' lang='grc' dir='ltr'>ἃπαντας,</span> <span class='ocrx_word' id='word_1_457' title='bbox 3067 2502 3198 2562; x_wconf 79' lang='grc' dir='ltr'><strong>ὡςὸ</strong></span> <span class='ocrx_word' id='word_1_458' title='bbox 3243 2506 3336 2554; x_wconf 76' lang='grc' dir='ltr'>τοῦ</span> <span class='ocrx_word' id='word_1_459' title='bbox 3398 2506 3530 2556; x_wconf 82' lang='grc' dir='ltr'>Θεοῦ</span> <span class='ocrx_word' id='word_1_460' title='bbox 3594 2501 3768 2578; x_wconf 80' lang='grc' dir='ltr'>Λόγος</span> 
     </span>
    </p>
   </div>
   <div class='ocr_carea' id='block_1_70' title="bbox 2127 2587 3766 2666">
    <p class='ocr_par' dir='ltr' id='par_1_70' title="bbox 2127 2587 3766 2666">
     <span class='ocr_line' id='line_1_70' title="bbox 2127 2587 3766 2666; baseline 0.001 -22"><span class='ocrx_word' id='word_1_461' title='bbox 2127 2588 2220 2656; x_wconf 76' lang='grc' dir='ltr'><strong>εἴη</strong></span> <span class='ocrx_word' id='word_1_462' title='bbox 2266 2591 2364 2662; x_wconf 76' lang='grc' dir='ltr'>μὲν</span> <span class='ocrx_word' id='word_1_463' title='bbox 2395 2591 2551 2652; x_wconf 73' lang='grc' dir='ltr'>αὒτὸς</span> <span class='ocrx_word' id='word_1_464' title='bbox 2583 2591 2716 2661; x_wconf 79' lang='grc' dir='ltr'>ὁμοῦ</span> <span class='ocrx_word' id='word_1_465' title='bbox 2752 2591 2880 2650; x_wconf 79' lang='grc' dir='ltr'>Θεὸς</span> <span class='ocrx_word' id='word_1_466' title='bbox 2914 2591 2998 2643; x_wconf 80' lang='grc' dir='ltr'><strong>καὶ</strong></span> <span class='ocrx_word' id='word_1_467' title='bbox 3050 2587 3348 2666; x_wconf 78' lang='grc' dir='ltr'>ἅνθρωπος,</span> <span class='ocrx_word' id='word_1_468' title='bbox 3384 2588 3476 2661; x_wconf 85' lang='grc' dir='ltr'><strong>μία</strong></span> <span class='ocrx_word' id='word_1_469' title='bbox 3525 2587 3579 2643; x_wconf 80' lang='grc' dir='ltr'>δὲ</span> <span class='ocrx_word' id='word_1_470' title='bbox 3634 2591 3766 2646; x_wconf 85' lang='grc' dir='ltr'>τού-</span> 
     </span>
    </p>
   </div>
   <div class='ocr_carea' id='block_1_71' title="bbox 2126 2677 3760 2756">
    <p class='ocr_par' dir='ltr' id='par_1_71' title="bbox 2126 2677 3760 2756">
     <span class='ocr_line' id='line_1_71' title="bbox 2126 2677 3760 2756; baseline -0.001 -21"><span class='ocrx_word' id='word_1_471' title='bbox 2126 2703 2218 2735; x_wconf 88' lang='grc' dir='ltr'><strong>του</strong></span> <span class='ocrx_word' id='word_1_472' title='bbox 2249 2678 2558 2749; x_wconf 72' lang='grc' dir='ltr'>ὑπόστασις,</span> <span class='ocrx_word' id='word_1_473' title='bbox 2596 2678 2700 2733; x_wconf 79' lang='grc' dir='ltr'>εί’τ’</span> <span class='ocrx_word' id='word_1_474' title='bbox 2730 2677 2818 2734; x_wconf 72' lang='grc' dir='ltr'>οὖν</span> <span class='ocrx_word' id='word_1_475' title='bbox 2863 2679 3166 2755; x_wconf 84' lang='grc' dir='ltr'>πρόσωπον,</span> <span class='ocrx_word' id='word_1_476' title='bbox 3201 2679 3355 2756; x_wconf 77' lang='grc' dir='ltr'>φύσει</span> <span class='ocrx_word' id='word_1_477' title='bbox 3396 2679 3591 2734; x_wconf 84' lang='grc' dir='ltr'>τούτων</span> <span class='ocrx_word' id='word_1_478' title='bbox 3626 2679 3760 2734; x_wconf 75' lang='grc' dir='ltr'><strong>ἐκά-</strong></span> 
     </span>
    </p>
   </div>
   <div class='ocr_carea' id='block_1_72' title="bbox 2125 2761 3759 2844">
    <p class='ocr_par' dir='ltr' id='par_1_72' title="bbox 2125 2761 3759 2844">
     <span class='ocr_line' id='line_1_72' title="bbox 2125 2761 3759 2844; baseline 0 -24"><span class='ocrx_word' id='word_1_479' title='bbox 2125 2787 2274 2842; x_wconf 86' lang='grc' dir='ltr'>τερον</span> <span class='ocrx_word' id='word_1_480' title='bbox 2335 2765 2535 2844; x_wconf 79' lang='grc' dir='ltr'>ἔχουσα</span> <span class='ocrx_word' id='word_1_481' title='bbox 2595 2766 2685 2831; x_wconf 75' lang='grc' dir='ltr'>τὴν</span> <span class='ocrx_word' id='word_1_482' title='bbox 2742 2766 2969 2830; x_wconf 81' lang='grc' dir='ltr'>θεότητα</span> <span class='ocrx_word' id='word_1_483' title='bbox 3021 2761 3227 2830; x_wconf 76' lang='grc' dir='ltr'>δηλαδῆ</span> <span class='ocrx_word' id='word_1_484' title='bbox 3271 2769 3358 2820; x_wconf 85' lang='grc' dir='ltr'><strong>καί</strong></span> <span class='ocrx_word' id='word_1_485' title='bbox 3402 2765 3504 2830; x_wconf 79' lang='grc' dir='ltr'>τὴν</span> <span class='ocrx_word' id='word_1_486' title='bbox 3551 2765 3759 2844; x_wconf 79' lang='grc' dir='ltr'>ἀνθρω-</span> 
     </span>
    </p>
   </div>
   <div class='ocr_carea' id='block_1_73' title="bbox 2126 2875 2357 2919">
    <p class='ocr_par' dir='ltr' id='par_1_73' title="bbox 2126 2875 2357 2919">
     <span class='ocr_line' id='line_1_73' title="bbox 2126 2875 2357 2919; baseline 0 -11"><span class='ocrx_word' id='word_1_487' title='bbox 2126 2875 2333 2919; x_wconf 82' lang='grc' dir='ltr'>ποτητα</span> <span class='ocrx_word' id='word_1_488' title='bbox 2344 2901 2357 2914; x_wconf 89' lang='grc'><strong>,</strong></span> 
     </span>
    </p>
   </div>
   <div class='ocr_carea' id='block_1_74' title="bbox 2201 3110 3755 3195">
    <p class='ocr_par' dir='ltr' id='par_1_74' title="bbox 2201 3110 3755 3195">
     <span class='ocr_line' id='line_1_74' title="bbox 2201 3110 3755 3195; baseline 0.003 -23"><span class='ocrx_word' id='word_1_489' title='bbox 2201 3110 2297 3180; x_wconf 53' lang='grc' dir='ltr'>νδ..</span> <span class='ocrx_word' id='word_1_490' title='bbox 2348 3110 2554 3185; x_wconf 69' lang='grc' dir='ltr'>Ἱνιανὴν</span> <span class='ocrx_word' id='word_1_491' title='bbox 2611 3117 2664 3174; x_wconf 78' lang='grc' dir='ltr'>δὲ</span> <span class='ocrx_word' id='word_1_492' title='bbox 2705 3124 3068 3176; x_wconf 73' lang='grc' dir='ltr'>πιστώσασθαι</span> <span class='ocrx_word' id='word_1_493' title='bbox 3125 3122 3189 3176; x_wconf 75' lang='grc' dir='ltr'><strong>τὰ</strong></span> <span class='ocrx_word' id='word_1_494' title='bbox 3240 3122 3490 3195; x_wconf 74' lang='grc' dir='ltr'>εἰρημένα</span> <span class='ocrx_word' id='word_1_495' title='bbox 3523 3122 3609 3176; x_wconf 73' lang='grc' dir='ltr'>ιιαὶ</span> <span class='ocrx_word' id='word_1_496' title='bbox 3656 3122 3755 3189; x_wconf 77' lang='grc' dir='ltr'>τὴν</span> 
     </span>
    </p>
   </div>
   <div class='ocr_carea' id='block_1_75' title="bbox 2123 3208 3751 3286">
    <p class='ocr_par' dir='ltr' id='par_1_75' title="bbox 2123 3208 3751 3286">
     <span class='ocr_line' id='line_1_75' title="bbox 2123 3208 3751 3286; baseline 0.002 -25"><span class='ocrx_word' id='word_1_497' title='bbox 2123 3208 2274 3283; x_wconf 65' lang='grc' dir='ltr'>ἁγίαν</span> <span class='ocrx_word' id='word_1_498' title='bbox 2335 3208 2542 3274; x_wconf 70' lang='grc' dir='ltr'>ἐκείνην</span> <span class='ocrx_word' id='word_1_499' title='bbox 2591 3208 2682 3263; x_wconf 73' lang='grc' dir='ltr'>καῖ</span> <span class='ocrx_word' id='word_1_500' title='bbox 2743 3209 3118 3281; x_wconf 76' lang='grc' dir='ltr'>οἰκουμενικὴν</span> <span class='ocrx_word' id='word_1_501' title='bbox 3171 3211 3454 3286; x_wconf 77' lang='grc' dir='ltr'>παρήγαγε</span> <span class='ocrx_word' id='word_1_502' title='bbox 3515 3208 3751 3282; x_wconf 79' lang='grc' dir='ltr'>σύνοδον,</span> 
     </span>
    </p>
   </div>
   <div class='ocr_carea' id='block_1_76' title="bbox 2121 3296 3756 3375">
    <p class='ocr_par' dir='ltr' id='par_1_76' title="bbox 2121 3296 3756 3375">
     <span class='ocr_line' id='line_1_76' title="bbox 2121 3296 3756 3375; baseline 0.002 -23"><span class='ocrx_word' id='word_1_503' title='bbox 2121 3296 2259 3352; x_wconf 78' lang='grc' dir='ltr'>οὕτω</span> <span class='ocrx_word' id='word_1_504' title='bbox 2319 3296 2706 3373; x_wconf 66' lang='grc' dir='ltr'>πρεσϐεύουσαν</span> <span class='ocrx_word' id='word_1_505' title='bbox 2788 3299 2918 3375; x_wconf 76' lang='grc' dir='ltr'>ὑπὲρ</span> <span class='ocrx_word' id='word_1_506' title='bbox 3003 3305 3228 3374; x_wconf 78' lang='grc' dir='ltr'>Χριστοῦ</span> <span class='ocrx_word' id='word_1_507' title='bbox 3284 3301 3372 3354; x_wconf 80' lang='grc' dir='ltr'><strong>καὶ</strong></span> <span class='ocrx_word' id='word_1_508' title='bbox 3432 3299 3620 3372; x_wconf 75' lang='grc' dir='ltr'>αὐτὴν,</span> <span class='ocrx_word' id='word_1_509' title='bbox 3665 3301 3756 3356; x_wconf 79' lang='grc' dir='ltr'>καὶ</span> 
     </span>
    </p>
   </div>
   <div class='ocr_carea' id='block_1_77' title="bbox 2119 3385 3755 3464">
    <p class='ocr_par' dir='ltr' id='par_1_77' title="bbox 2119 3385 3755 3464">
     <span class='ocr_line' id='line_1_77' title="bbox 2119 3385 3755 3464; baseline 0.01 -34"><span class='ocrx_word' id='word_1_510' title='bbox 2119 3385 2286 3460; x_wconf 67' lang='grc' dir='ltr'><strong>ταύτῃ</strong></span> <span class='ocrx_word' id='word_1_511' title='bbox 2347 3387 2440 3449; x_wconf 74' lang='grc' dir='ltr'><strong>τὰς</strong></span> <span class='ocrx_word' id='word_1_512' title='bbox 2497 3386 2579 3442; x_wconf 80' lang='grc' dir='ltr'><strong>ἐπ’</strong></span> <span class='ocrx_word' id='word_1_513' title='bbox 2636 3387 2910 3462; x_wconf 74' lang='grc' dir='ltr'>ἀμφότερα</span> <span class='ocrx_word' id='word_1_514' title='bbox 2980 3393 3085 3442; x_wconf 81' lang='grc' dir='ltr'>τῶν</span> <span class='ocrx_word' id='word_1_515' title='bbox 3143 3390 3424 3464; x_wconf 75' lang='grc' dir='ltr'>αἱρετικῶν</span> <span class='ocrx_word' id='word_1_516' title='bbox 3482 3410 3755 3464; x_wconf 86' lang='grc' dir='ltr'>παρατρο-</span> 
     </span>
    </p>
   </div>
   <div class='ocr_carea' id='block_1_78' title="bbox 2116 3472 3754 3555">
    <p class='ocr_par' dir='ltr' id='par_1_78' title="bbox 2116 3472 3754 3555">
     <span class='ocr_line' id='line_1_78' title="bbox 2116 3472 3754 3555; baseline 0.002 -27"><span class='ocrx_word' id='word_1_517' title='bbox 2116 3475 2220 3536; x_wconf 81' lang='grc' dir='ltr'>πὰς</span> <span class='ocrx_word' id='word_1_518' title='bbox 2279 3472 2679 3554; x_wconf 73' lang='grc' dir='ltr'>διαφεύγουσαν.</span> <span class='ocrx_word' id='word_1_519' title='bbox 2740 3482 2827 3547; x_wconf 79' lang='grc' dir='ltr'><strong>Τῷ</strong></span> <span class='ocrx_word' id='word_1_520' title='bbox 2879 3476 2976 3540; x_wconf 76' lang='grc' dir='ltr'>μὲν</span> <span class='ocrx_word' id='word_1_521' title='bbox 3026 3477 3125 3551; x_wconf 76' lang='grc' dir='ltr'><strong>γὰρ</strong></span> <span class='ocrx_word' id='word_1_522' title='bbox 3167 3475 3244 3548; x_wconf 85' lang='grc' dir='ltr'>ἓν,</span> <span class='ocrx_word' id='word_1_523' title='bbox 3280 3478 3433 3555; x_wconf 75' lang='grc' dir='ltr'>φησὶ,</span> <span class='ocrx_word' id='word_1_524' title='bbox 3469 3483 3754 3554; x_wconf 70' lang='grc' dir='ltr'>πρόσωπον</span> 
     </span>
    </p>
   </div>
   <div class='ocr_carea' id='block_1_79' title="bbox 2116 3562 3753 3640">
    <p class='ocr_par' dir='ltr' id='par_1_79' title="bbox 2116 3562 3753 3640">
     <span class='ocr_line' id='line_1_79' title="bbox 2116 3562 3753 3640; baseline 0.002 -24"><span class='ocrx_word' id='word_1_525' title='bbox 2116 3563 2427 3640; x_wconf 80' lang='grc' dir='ltr'>ὁμολογεῖν,</span> <span class='ocrx_word' id='word_1_526' title='bbox 2487 3563 2585 3628; x_wconf 74' lang='grc' dir='ltr'><strong>τὴν</strong></span> <span class='ocrx_word' id='word_1_527' title='bbox 2645 3562 2872 3629; x_wconf 76' lang='grc' dir='ltr'>δυσσεϐῆ</span> <span class='ocrx_word' id='word_1_528' title='bbox 2928 3573 3019 3621; x_wconf 83' lang='grc' dir='ltr'>τοῦ</span> <span class='ocrx_word' id='word_1_529' title='bbox 3066 3565 3346 3640; x_wconf 84' lang='grc' dir='ltr'>Νεστορίου</span> <span class='ocrx_word' id='word_1_530' title='bbox 3404 3565 3609 3640; x_wconf 74' lang='grc' dir='ltr'>α’ίρεσιν</span> <span class='ocrx_word' id='word_1_531' title='bbox 3667 3563 3753 3621; x_wconf 89' lang='grc' dir='ltr'>δι-</span> 
     </span>
    </p>
   </div>
   <div class='ocr_carea' id='block_1_80' title="bbox 2114 3651 3752 3730">
    <p class='ocr_par' dir='ltr' id='par_1_80' title="bbox 2114 3651 3752 3730">
     <span class='ocr_line' id='line_1_80' title="bbox 2114 3651 3752 3730; baseline 0.003 -26"><span class='ocrx_word' id='word_1_532' title='bbox 2114 3655 2334 3708; x_wconf 75' lang='grc' dir='ltr'>ωθεῖται</span> <span class='ocrx_word' id='word_1_533' title='bbox 2370 3668 2384 3681; x_wconf 89' lang='grc'><strong>⁸</strong></span> <span class='ocrx_word' id='word_1_534' title='bbox 2419 3654 2496 3725; x_wconf 77' lang='grc' dir='ltr'>τῷ</span> <span class='ocrx_word' id='word_1_535' title='bbox 2525 3651 2578 3707; x_wconf 82' lang='grc' dir='ltr'>δὲ</span> <span class='ocrx_word' id='word_1_536' title='bbox 2615 3654 2709 3714; x_wconf 80' lang='grc' dir='ltr'>τὰς</span> <span class='ocrx_word' id='word_1_537' title='bbox 2743 3651 2832 3708; x_wconf 86' lang='grc' dir='ltr'><strong>δύο</strong></span> <span class='ocrx_word' id='word_1_538' title='bbox 2889 3653 3069 3730; x_wconf 75' lang='grc' dir='ltr'>φύσεις</span> <span class='ocrx_word' id='word_1_539' title='bbox 3129 3655 3208 3728; x_wconf 63' lang='grc' dir='ltr'>μὴ</span> <span class='ocrx_word' id='word_1_540' title='bbox 3264 3651 3621 3728; x_wconf 73' lang='grc' dir='ltr'>ὲξαρνεϊσθαι,</span> <span class='ocrx_word' id='word_1_541' title='bbox 3655 3654 3752 3720; x_wconf 72' lang='grc' dir='ltr'><strong>τὴν</strong></span> 
     </span>
    </p>
   </div>
   <div class='ocr_carea' id='block_1_81' title="bbox 2114 3739 3749 3822">
    <p class='ocr_par' dir='ltr' id='par_1_81' title="bbox 2114 3739 3749 3822">
     <span class='ocr_line' id='line_1_81' title="bbox 2114 3739 3749 3822; baseline 0.002 -27"><span class='ocrx_word' id='word_1_542' title='bbox 2114 3739 2190 3796; x_wconf 80' lang='grc' dir='ltr'>ἔτι</span> <span class='ocrx_word' id='word_1_543' title='bbox 2244 3740 2652 3818; x_wconf 77' lang='grc' dir='ltr'>δυσσεϐεστέραν</span> <span class='ocrx_word' id='word_1_544' title='bbox 2700 3741 2964 3822; x_wconf 72' lang='grc' dir='ltr'>Εὖτυχοῦς</span> <span class='ocrx_word' id='word_1_545' title='bbox 3013 3763 3069 3798; x_wconf 91' lang='grc' dir='ltr'><strong>τε</strong></span> <span class='ocrx_word' id='word_1_546' title='bbox 3121 3743 3217 3798; x_wconf 72' lang='grc' dir='ltr'>καί</span> <span class='ocrx_word' id='word_1_547' title='bbox 3271 3741 3560 3821; x_wconf 70' lang='grc' dir='ltr'>Διοσιιόρου</span> <span class='ocrx_word' id='word_1_548' title='bbox 3619 3765 3749 3798; x_wconf 83' lang='grc' dir='ltr'>συν-</span> 
     </span>
    </p>
   </div>
   <div class='ocr_carea' id='block_1_82' title="bbox 2114 3828 3747 3908">
    <p class='ocr_par' dir='ltr' id='par_1_82' title="bbox 2114 3828 3747 3908">
     <span class='ocr_line' id='line_1_82' title="bbox 2114 3828 3747 3908; baseline 0.002 -25"><span class='ocrx_word' id='word_1_549' title='bbox 2114 3830 2315 3903; x_wconf 82' lang='grc' dir='ltr'>αίρεσεν</span> <span class='ocrx_word' id='word_1_550' title='bbox 2396 3828 2748 3904; x_wconf 82' lang='grc' dir='ltr'>ἀποκρούεται</span> <span class='ocrx_word' id='word_1_551' title='bbox 2785 3845 2800 3860; x_wconf 77' lang='grc'><strong><em>⁸</em></strong></span> <span class='ocrx_word' id='word_1_552' title='bbox 2876 3832 3013 3903; x_wconf 63' lang='grc' dir='ltr'>μήτε</span> <span class='ocrx_word' id='word_1_553' title='bbox 3099 3830 3237 3884; x_wconf 77' lang='grc' dir='ltr'>κατὰ</span> <span class='ocrx_word' id='word_1_554' title='bbox 3322 3830 3606 3908; x_wconf 74' lang='grc' dir='ltr'>Νεστόριον</span> <span class='ocrx_word' id='word_1_555' title='bbox 3673 3832 3747 3895; x_wconf 80' lang='grc' dir='ltr'><strong>εἰς</strong></span> 
     </span>
    </p>
   </div>
   <div class='ocr_carea' id='block_1_83' title="bbox 2111 3915 3749 3998">
    <p class='ocr_par' dir='ltr' id='par_1_83' title="bbox 2111 3915 3749 3998">
     <span class='ocr_line' id='line_1_83' title="bbox 2111 3915 3749 3998; baseline 0.002 -27"><span class='ocrx_word' id='word_1_556' title='bbox 2111 3917 2252 3980; x_wconf 73' lang='grc' dir='ltr'>υἱοὺς</span> <span class='ocrx_word' id='word_1_557' title='bbox 2295 3915 2382 3972; x_wconf 83' lang='grc' dir='ltr'><strong>δύο</strong></span> <span class='ocrx_word' id='word_1_558' title='bbox 2437 3919 2525 3972; x_wconf 76' lang='grc' dir='ltr'><strong>καὶ</strong></span> <span class='ocrx_word' id='word_1_559' title='bbox 2583 3917 2898 3980; x_wconf 75' lang='grc' dir='ltr'>δποστάσεις</span> <span class='ocrx_word' id='word_1_560' title='bbox 2960 3918 3158 3990; x_wconf 83' lang='grc' dir='ltr'>ὁμοίως</span> <span class='ocrx_word' id='word_1_561' title='bbox 3202 3919 3294 3974; x_wconf 81' lang='grc' dir='ltr'><strong>τόν</strong></span> <span class='ocrx_word' id='word_1_562' title='bbox 3338 3917 3429 3976; x_wconf 76' lang='grc' dir='ltr'><strong>ἕνα</strong></span> <span class='ocrx_word' id='word_1_563' title='bbox 3477 3916 3749 3998; x_wconf 78' lang='grc' dir='ltr'>διαιροῦσα</span> 
     </span>
    </p>
   </div>
   <div class='ocr_carea' id='block_1_84' title="bbox 2110 4006 3748 4086">
    <p class='ocr_par' dir='ltr' id='par_1_84' title="bbox 2110 4006 3748 4086">
     <span class='ocr_line' id='line_1_84' title="bbox 2110 4006 3748 4086; baseline 0.002 -26"><span class='ocrx_word' id='word_1_564' title='bbox 2110 4008 2359 4084; x_wconf 83' lang='grc' dir='ltr'>Χριστὸν,</span> <span class='ocrx_word' id='word_1_565' title='bbox 2408 4007 2549 4079; x_wconf 74' lang='grc' dir='ltr'>μήτε</span> <span class='ocrx_word' id='word_1_566' title='bbox 2591 4006 2699 4079; x_wconf 80' lang='grc' dir='ltr'>μὴν</span> <span class='ocrx_word' id='word_1_567' title='bbox 2759 4007 2977 4086; x_wconf 73' lang='grc' dir='ltr'>Εὖτυχῇ</span> <span class='ocrx_word' id='word_1_568' title='bbox 3021 4009 3117 4062; x_wconf 67' lang='grc' dir='ltr'>καὶ</span> <span class='ocrx_word' id='word_1_569' title='bbox 3159 4007 3452 4086; x_wconf 78' lang='grc' dir='ltr'>Διοσκόρω,</span> <span class='ocrx_word' id='word_1_570' title='bbox 3506 4011 3636 4086; x_wconf 86' lang='grc' dir='ltr'>πρὸς</span> <span class='ocrx_word' id='word_1_571' title='bbox 3692 4007 3748 4064; x_wconf 82' lang='grc' dir='ltr'>δὲ</span> 
     </span>
    </p>
   </div>
   <div class='ocr_carea' id='block_1_85' title="bbox 2107 4093 3748 4176">
    <p class='ocr_par' dir='ltr' id='par_1_85' title="bbox 2107 4093 3748 4176">
     <span class='ocr_line' id='line_1_85' title="bbox 2107 4093 3748 4176; baseline 0.002 -27"><span class='ocrx_word' id='word_1_572' title='bbox 2107 4095 2194 4149; x_wconf 81' lang='grc' dir='ltr'>καὶ</span> <span class='ocrx_word' id='word_1_573' title='bbox 2239 4095 2456 4172; x_wconf 83' lang='grc' dir='ltr'>Σευήρῳ</span> <span class='ocrx_word' id='word_1_574' title='bbox 2499 4093 2913 4175; x_wconf 84' lang='grc' dir='ltr'>παραπλησίως,</span> <span class='ocrx_word' id='word_1_575' title='bbox 2959 4097 3029 4160; x_wconf 83' lang='grc' dir='ltr'>εἷς</span> <span class='ocrx_word' id='word_1_576' title='bbox 3096 4097 3222 4169; x_wconf 81' lang='grc' dir='ltr'>μίαν</span> <span class='ocrx_word' id='word_1_577' title='bbox 3279 4097 3586 4174; x_wconf 75' lang='grc' dir='ltr'>συγχέουσα</span> <span class='ocrx_word' id='word_1_578' title='bbox 3641 4097 3748 4176; x_wconf 74' lang='grc' dir='ltr'>φύ-</span> 
     </span>
    </p>
   </div>
   <div class='ocr_carea' id='block_1_86' title="bbox 2105 4183 3745 4263">
    <p class='ocr_par' dir='ltr' id='par_1_86' title="bbox 2105 4183 3745 4263">
     <span class='ocr_line' id='line_1_86' title="bbox 2105 4183 3745 4263; baseline 0.003 -25"><span class='ocrx_word' id='word_1_579' title='bbox 2105 4205 2212 4255; x_wconf 89' lang='grc' dir='ltr'>σιν,</span> <span class='ocrx_word' id='word_1_580' title='bbox 2259 4183 2358 4249; x_wconf 74' lang='grc' dir='ltr'><strong>τὴν</strong></span> <span class='ocrx_word' id='word_1_581' title='bbox 2396 4189 2489 4239; x_wconf 80' lang='grc' dir='ltr'>τοῦ</span> <span class='ocrx_word' id='word_1_582' title='bbox 2546 4184 2662 4246; x_wconf 79' lang='grc' dir='ltr'>ἑνὸς</span> <span class='ocrx_word' id='word_1_583' title='bbox 2725 4186 2952 4257; x_wconf 72' lang='grc' dir='ltr'>Χριστοῦ</span> <span class='ocrx_word' id='word_1_584' title='bbox 2995 4186 3224 4250; x_wconf 82' lang='grc' dir='ltr'>θεότητά</span> <span class='ocrx_word' id='word_1_585' title='bbox 3267 4205 3324 4240; x_wconf 90' lang='grc' dir='ltr'><strong>τε</strong></span> <span class='ocrx_word' id='word_1_586' title='bbox 3350 4188 3437 4241; x_wconf 82' lang='grc' dir='ltr'>καὶ</span> <span class='ocrx_word' id='word_1_587' title='bbox 3467 4185 3745 4263; x_wconf 83' lang='grc' dir='ltr'>ἀνθρωπό-</span> 
     </span>
    </p>
   </div>
   <div class='ocr_carea' id='block_1_87' title="bbox 2103 4271 3746 4352">
    <p class='ocr_par' dir='ltr' id='par_1_87' title="bbox 2103 4271 3746 4352">
     <span class='ocr_line' id='line_1_87' title="bbox 2103 4271 3746 4352; baseline 0.002 -25"><span class='ocrx_word' id='word_1_588' title='bbox 2103 4294 2264 4337; x_wconf 87' lang='grc' dir='ltr'>τητα,</span> <span class='ocrx_word' id='word_1_589' title='bbox 2313 4271 2480 4328; x_wconf 82' lang='grc' dir='ltr'>Πλέον</span> <span class='ocrx_word' id='word_1_590' title='bbox 2538 4273 2636 4350; x_wconf 71' lang='grc' dir='ltr'><strong>γὰρ</strong></span> <span class='ocrx_word' id='word_1_591' title='bbox 2679 4272 2715 4340; x_wconf 73' lang='grc' dir='ltr'>ἢ</span> <span class='ocrx_word' id='word_1_592' title='bbox 2768 4273 2945 4334; x_wconf 76' lang='grc' dir='ltr'>καλῶς</span> <span class='ocrx_word' id='word_1_593' title='bbox 2993 4273 3111 4352; x_wconf 73' lang='grc' dir='ltr'>ἔχει</span> <span class='ocrx_word' id='word_1_594' title='bbox 3157 4274 3357 4330; x_wconf 82' lang='grc' dir='ltr'>τούτων</span> <span class='ocrx_word' id='word_1_595' title='bbox 3415 4273 3664 4347; x_wconf 61' lang='grc' dir='ltr'>ἕκαστος,</span> <span class='ocrx_word' id='word_1_596' title='bbox 3717 4277 3746 4331; x_wconf 78' lang='grc' dir='ltr'>ὁ</span> 
     </span>
    </p>
   </div>
   <div class='ocr_carea' id='block_1_88' title="bbox 2101 4358 3740 4442">
    <p class='ocr_par' dir='ltr' id='par_1_88' title="bbox 2101 4358 3740 4442">
     <span class='ocr_line' id='line_1_88' title="bbox 2101 4358 3740 4442; baseline 0.002 -28"><span class='ocrx_word' id='word_1_597' title='bbox 2101 4361 2200 4433; x_wconf 78' lang='grc' dir='ltr'>μὲν</span> <span class='ocrx_word' id='word_1_598' title='bbox 2258 4361 2356 4426; x_wconf 77' lang='grc' dir='ltr'>τὴν</span> <span class='ocrx_word' id='word_1_599' title='bbox 2413 4358 2684 4437; x_wconf 83' lang='grc' dir='ltr'>διαίρεσιν,</span> <span class='ocrx_word' id='word_1_600' title='bbox 2733 4364 2759 4416; x_wconf 81' lang='grc' dir='ltr'>ὁ</span> <span class='ocrx_word' id='word_1_601' title='bbox 2809 4361 2862 4417; x_wconf 71' lang='grc' dir='ltr'>δὲ</span> <span class='ocrx_word' id='word_1_602' title='bbox 2914 4363 3012 4428; x_wconf 72' lang='grc' dir='ltr'><strong>τὴν</strong></span> <span class='ocrx_word' id='word_1_603' title='bbox 3053 4363 3343 4439; x_wconf 88' lang='grc' dir='ltr'>συναίρεσιν</span> <span class='ocrx_word' id='word_1_604' title='bbox 3400 4363 3740 4442; x_wconf 79' lang='grc' dir='ltr'>ἀποφεύγων·</span> 
     </span>
    </p>
   </div>
   <div class='ocr_carea' id='block_1_89' title="bbox 2103 4448 3744 4526">
    <p class='ocr_par' dir='ltr' id='par_1_89' title="bbox 2103 4448 3744 4526">
     <span class='ocr_line' id='line_1_89' title="bbox 2103 4448 3744 4526; baseline 0.003 -23"><span class='ocrx_word' id='word_1_605' title='bbox 2103 4449 2127 4503; x_wconf 74' lang='grc' dir='ltr'>ὃ</span> <span class='ocrx_word' id='word_1_606' title='bbox 2185 4449 2284 4522; x_wconf 76' lang='grc' dir='ltr'>μὲν</span> <span class='ocrx_word' id='word_1_607' title='bbox 2334 4451 2408 4512; x_wconf 90' lang='grc' dir='ltr'><strong>εἰς</strong></span> <span class='ocrx_word' id='word_1_608' title='bbox 2464 4451 2524 4504; x_wconf 75' lang='grc' dir='ltr'>τὸ</span> <span class='ocrx_word' id='word_1_609' title='bbox 2567 4449 2655 4506; x_wconf 83' lang='grc' dir='ltr'><strong>δύο</strong></span> <span class='ocrx_word' id='word_1_610' title='bbox 2715 4448 2890 4526; x_wconf 79' lang='grc' dir='ltr'>λέγειν</span> <span class='ocrx_word' id='word_1_611' title='bbox 2933 4451 3098 4524; x_wconf 76' lang='grc' dir='ltr'>υἱοὺς,</span> <span class='ocrx_word' id='word_1_612' title='bbox 3159 4453 3206 4506; x_wconf 79' lang='grc' dir='ltr'><strong>οἱ</strong></span> <span class='ocrx_word' id='word_1_613' title='bbox 3250 4450 3303 4505; x_wconf 78' lang='grc' dir='ltr'>δὲ</span> <span class='ocrx_word' id='word_1_614' title='bbox 3348 4453 3420 4512; x_wconf 83' lang='grc' dir='ltr'><strong>εἰς</strong></span> <span class='ocrx_word' id='word_1_615' title='bbox 3485 4454 3546 4506; x_wconf 75' lang='grc' dir='ltr'><strong>τὸ</strong></span> <span class='ocrx_word' id='word_1_616' title='bbox 3603 4450 3744 4525; x_wconf 79' lang='grc' dir='ltr'>μηδὲ</span> 
     </span>
    </p>
   </div>
   <div class='ocr_carea' id='block_1_90' title="bbox 374 4530 2033 4616">
    <p class='ocr_par' dir='ltr' id='par_1_90' title="bbox 374 4530 2015 4614">
     <span class='ocr_line' id='line_1_90' title="bbox 374 4530 2015 4614; baseline 0.007 -24"><span class='ocrx_word' id='word_1_617' title='bbox 374 4530 478 4592; x_wconf 90' lang='lat' dir='ltr'><strong>alii</strong></span> <span class='ocrx_word' id='word_1_618' title='bbox 503 4549 665 4606; x_wconf 89' lang='lat' dir='ltr'><strong>vero,</strong></span> <span class='ocrx_word' id='word_1_619' title='bbox 701 4541 761 4592; x_wconf 93' lang='lat' dir='ltr'><strong>ut</strong></span> <span class='ocrx_word' id='word_1_620' title='bbox 785 4550 860 4592; x_wconf 91' lang='lat' dir='ltr'><strong>ne</strong></span> <span class='ocrx_word' id='word_1_621' title='bbox 900 4551 1082 4592; x_wconf 89' lang='lat' dir='ltr'><strong>unum</strong></span> <span class='ocrx_word' id='word_1_622' title='bbox 1109 4532 1353 4612; x_wconf 87' lang='lat' dir='ltr'><strong>quidem</strong></span> <span class='ocrx_word' id='word_1_623' title='bbox 1383 4537 1621 4614; x_wconf 81' lang='lat' dir='ltr'><strong>prOprie</strong></span> <span class='ocrx_word' id='word_1_624' title='bbox 1643 4537 1826 4598; x_wconf 90' lang='lat' dir='ltr'><strong>ﬁlium</strong></span> <span class='ocrx_word' id='word_1_625' title='bbox 1866 4539 2015 4602; x_wconf 81' lang='lat' dir='ltr'><strong>fate-</strong></span> 
     </span>
    </p>
   </div>
   <div class='ocr_carea' id='block_1_91' title="bbox 2121 4530 3745 4616">
    <p class='ocr_par' dir='ltr' id='par_1_91' title="bbox 2121 4537 3745 4616">
     <span class='ocr_line' id='line_1_91' title="bbox 2121 4537 3745 4616; baseline 0.004 -24"><span class='ocrx_word' id='word_1_626' title='bbox 2121 4539 2192 4592; x_wconf 61' lang='grc' dir='ltr'>τῦν</span> <span class='ocrx_word' id='word_1_627' title='bbox 2235 4537 2326 4593; x_wconf 78' lang='grc' dir='ltr'>ἕνα</span> <span class='ocrx_word' id='word_1_628' title='bbox 2387 4539 2572 4615; x_wconf 84' lang='grc' dir='ltr'>κυρίως</span> <span class='ocrx_word' id='word_1_629' title='bbox 2633 4538 2923 4616; x_wconf 72' lang='grc' dir='ltr'>ὁμολογεῖν</span> <span class='ocrx_word' id='word_1_630' title='bbox 2980 4539 3173 4603; x_wconf 82' lang='grc' dir='ltr'>ἀθλίως</span> <span class='ocrx_word' id='word_1_631' title='bbox 3229 4539 3503 4605; x_wconf 64' lang='grc' dir='ltr'>ἐξέπεσον.</span> <span class='ocrx_word' id='word_1_632' title='bbox 3543 4551 3745 4598; x_wconf 81' lang='grc' dir='ltr'>Νεστο-</span> 
     </span>
    </p>
   </div>
   <div class='ocr_carea' id='block_1_92' title="bbox 371 4621 2008 4708">
    <p class='ocr_par' dir='ltr' id='par_1_92' title="bbox 371 4621 2008 4708">
     <span class='ocr_line' id='line_1_92' title="bbox 371 4621 2008 4708; baseline 0.007 -28"><span class='ocrx_word' id='word_1_633' title='bbox 371 4623 834 4692; x_wconf 89' lang='lat' dir='ltr'><strong>rentur,misere</strong></span> <span class='ocrx_word' id='word_1_634' title='bbox 857 4621 1226 4683; x_wconf 82' lang='lat' dir='ltr'><strong>exciderunt.</strong></span> <span class='ocrx_word' id='word_1_635' title='bbox 1254 4621 1400 4683; x_wconf 78' lang='lat' dir='ltr'><strong>Nam</strong></span> <span class='ocrx_word' id='word_1_636' title='bbox 1434 4626 1708 4686; x_wconf 90' lang='lat' dir='ltr'><strong>Nestorio</strong></span> <span class='ocrx_word' id='word_1_637' title='bbox 1740 4628 2008 4708; x_wconf 87' lang='lat' dir='ltr'><strong>quidem,</strong></span> 
     </span>
    </p>
   </div>
   <div class='ocr_carea' id='block_1_93' title="bbox 372 4708 2014 4789">
    <p class='ocr_par' dir='ltr' id='par_1_93' title="bbox 372 4708 2014 4789">
     <span class='ocr_line' id='line_1_93' title="bbox 372 4708 2014 4789; baseline 0.008 -22"><span class='ocrx_word' id='word_1_638' title='bbox 372 4711 655 4786; x_wconf 89' lang='lat' dir='ltr'><strong>quoniam</strong></span> <span class='ocrx_word' id='word_1_639' title='bbox 673 4708 873 4788; x_wconf 89' lang='lat' dir='ltr'><strong>utique</strong></span> <span class='ocrx_word' id='word_1_640' title='bbox 896 4711 1826 4789; x_wconf 78' lang='lat' dir='ltr'><strong>timebatconfusionem,venitin</strong></span> <span class='ocrx_word' id='word_1_641' title='bbox 1852 4737 2014 4779; x_wconf 89' lang='lat' dir='ltr'><strong>men-</strong></span> 
     </span>
    </p>
   </div>
   <div class='ocr_carea' id='block_1_94' title="bbox 373 4795 2011 4882">
    <p class='ocr_par' dir='ltr' id='par_1_94' title="bbox 373 4795 2011 4882">
     <span class='ocr_line' id='line_1_94' title="bbox 373 4795 2011 4882; baseline 0.007 -25"><span class='ocrx_word' id='word_1_642' title='bbox 373 4803 519 4871; x_wconf 91' lang='lat' dir='ltr'><strong>tem,</strong></span> <span class='ocrx_word' id='word_1_643' title='bbox 550 4804 613 4857; x_wconf 88' lang='lat' dir='ltr'><strong>ut</strong></span> <span class='ocrx_word' id='word_1_644' title='bbox 639 4795 866 4858; x_wconf 92' lang='lat' dir='ltr'><strong>diceret</strong></span> <span class='ocrx_word' id='word_1_645' title='bbox 909 4797 1258 4861; x_wconf 89' lang='lat' dir='ltr'><strong>habitudine</strong></span> <span class='ocrx_word' id='word_1_646' title='bbox 1289 4800 1480 4861; x_wconf 92' lang='lat' dir='ltr'><strong>solum</strong></span> <span class='ocrx_word' id='word_1_647' title='bbox 1516 4813 1573 4864; x_wconf 88' lang='lat' dir='ltr'><strong>et</strong></span> <span class='ocrx_word' id='word_1_648' title='bbox 1601 4803 1884 4882; x_wconf 82' lang='lat' dir='ltr'><strong>dignitate</strong></span> <span class='ocrx_word' id='word_1_649' title='bbox 1905 4825 2011 4868; x_wconf 88' lang='lat' dir='ltr'><strong>seu</strong></span> 
     </span>
    </p>
   </div>
   <div class='ocr_carea' id='block_1_95' title="bbox 371 4886 2006 4971">
    <p class='ocr_par' dir='ltr' id='par_1_95' title="bbox 371 4886 2006 4971">
     <span class='ocr_line' id='line_1_95' title="bbox 371 4886 2006 4971; baseline 0.006 -25"><span class='ocrx_word' id='word_1_650' title='bbox 371 4886 719 4948; x_wconf 79' lang='lat' dir='ltr'><strong>auctoritate</strong></span> <span class='ocrx_word' id='word_1_651' title='bbox 743 4887 956 4948; x_wconf 82' lang='lat' dir='ltr'><strong>factam</strong></span> <span class='ocrx_word' id='word_1_652' title='bbox 983 4904 1114 4948; x_wconf 86' lang='lat' dir='ltr'><strong>esse</strong></span> <span class='ocrx_word' id='word_1_653' title='bbox 1154 4888 1480 4950; x_wconf 89' lang='lat' dir='ltr'><strong>divinitatis</strong></span> <span class='ocrx_word' id='word_1_654' title='bbox 1523 4892 2006 4971; x_wconf 82' lang='lat' dir='ltr'><strong>conjunctionem</strong></span> 
     </span>
    </p>
   </div>
   <div class='ocr_carea' id='block_1_96' title="bbox 443 5053 2005 5136">
    <p class='ocr_par' dir='ltr' id='par_1_96' title="bbox 443 5053 2005 5136">
     <span class='ocr_line' id='line_1_96' title="bbox 443 5053 2005 5136; baseline 0.006 -27"><span class='ocrx_word' id='word_1_655' title='bbox 443 5053 562 5136; x_wconf 36' lang='lat'><strong>(3.4)</strong></span> <span class='ocrx_word' id='word_1_656' title='bbox 589 5053 718 5136; x_wconf 65' lang='lat' dir='ltr'><strong>Haec</strong></span> <span class='ocrx_word' id='word_1_657' title='bbox 748 5053 918 5111; x_wconf 78' lang='lat' dir='ltr'><strong>refert</strong></span> <span class='ocrx_word' id='word_1_658' title='bbox 956 5055 1238 5136; x_wconf 60' lang='lat' dir='ltr'><strong>Bai-cuius</strong></span> <span class='ocrx_word' id='word_1_659' title='bbox 1271 5057 1342 5115; x_wconf 91' lang='lat' dir='ltr'><strong>ad</strong></span> <span class='ocrx_word' id='word_1_660' title='bbox 1372 5072 1467 5115; x_wconf 90' lang='lat' dir='ltr'><strong>an.</strong></span> <span class='ocrx_word' id='word_1_661' title='bbox 1520 5057 1620 5118; x_wconf 88' lang='lat' dir='ltr'><strong>Ch.</strong></span> <span class='ocrx_word' id='word_1_662' title='bbox 1656 5062 1714 5116; x_wconf 84' lang='grc'>51</span> <span class='ocrx_word' id='word_1_663' title='bbox 1733 5064 1783 5136; x_wconf 12' lang='lat' dir='ltr'><strong>ti,</strong></span> <span class='ocrx_word' id='word_1_664' title='bbox 1817 5062 1911 5136; x_wconf 71' lang='lat' dir='ltr'><strong>ubi</strong></span> <span class='ocrx_word' id='word_1_665' title='bbox 1949 5078 2005 5119; x_wconf 92' lang='lat' dir='ltr'><strong>n.</strong></span> 
     </span>
    </p>
   </div>
   <div class='ocr_carea' id='block_1_97' title="bbox 367 5123 2010 5207">
    <p class='ocr_par' dir='ltr' id='par_1_97' title="bbox 367 5123 2010 5207">
     <span class='ocr_line' id='line_1_97' title="bbox 367 5123 2010 5207; baseline 0.007 -28"><span class='ocrx_word' id='word_1_666' title='bbox 367 5123 566 5207; x_wconf 54' lang='lat' dir='ltr'><strong>3:6,ita</strong></span> <span class='ocrx_word' id='word_1_667' title='bbox 603 5127 878 5207; x_wconf 73' lang='lat' dir='ltr'><strong>exclamat</strong></span> <span class='ocrx_word' id='word_1_668' title='bbox 914 5149 926 5181; x_wconf 75' lang='grc' dir='ltr'>ς</span> <span class='ocrx_word' id='word_1_669' title='bbox 984 5147 1005 5177; x_wconf 81' lang='grc' dir='ltr'><strong>ι</strong></span> <span class='ocrx_word' id='word_1_670' title='bbox 1053 5128 1185 5207; x_wconf 66' lang='lat' dir='ltr'><strong>Hoc</strong></span> <span class='ocrx_word' id='word_1_671' title='bbox 1222 5138 1513 5207; x_wconf 70' lang='lat' dir='ltr'><strong>certamen</strong></span> <span class='ocrx_word' id='word_1_672' title='bbox 1574 5123 1780 5204; x_wconf 70' lang='lat' dir='ltr'><strong>magni</strong></span> <span class='ocrx_word' id='word_1_673' title='bbox 1812 5134 2010 5207; x_wconf 80' lang='lat' dir='ltr'><strong>_Theo—</strong></span> 
     </span>
    </p>
   </div>
   <div class='ocr_carea' id='block_1_98' title="bbox 367 5195 2008 5277">
    <p class='ocr_par' dir='ltr' id='par_1_98' title="bbox 367 5195 2008 5277">
     <span class='ocr_line' id='line_1_98' title="bbox 367 5195 2008 5277; baseline 0.005 -24"><span class='ocrx_word' id='word_1_674' title='bbox 367 5195 537 5277; x_wconf 84' lang='lat' dir='ltr'><strong>dosii.</strong></span> <span class='ocrx_word' id='word_1_675' title='bbox 570 5211 740 5267; x_wconf 86' lang='lat' dir='ltr'><strong>quem</strong></span> <span class='ocrx_word' id='word_1_676' title='bbox 775 5197 882 5252; x_wconf 89' lang='lat' dir='ltr'><strong>vita</strong></span> <span class='ocrx_word' id='word_1_677' title='bbox 918 5199 1138 5268; x_wconf 77' lang='lat' dir='ltr'><strong>angelis</strong></span> <span class='ocrx_word' id='word_1_678' title='bbox 1171 5199 1326 5277; x_wconf 83' lang='lat' dir='ltr'><strong>haud</strong></span> <span class='ocrx_word' id='word_1_679' title='bbox 1357 5195 1724 5277; x_wconf 43' lang='lat' dir='ltr'><strong>impar,_eti‘n</strong></span> <span class='ocrx_word' id='word_1_680' title='bbox 1760 5203 2008 5262; x_wconf 80' lang='lat' dir='ltr'><strong>editione</strong></span> 
     </span>
    </p>
   </div>
   <div class='ocr_carea' id='block_1_99' title="bbox 365 5270 2003 5340">
    <p class='ocr_par' dir='ltr' id='par_1_99' title="bbox 365 5270 2003 5340">
     <span class='ocr_line' id='line_1_99' title="bbox 365 5270 2003 5340; baseline 0.004 -17"><span class='ocrx_word' id='word_1_681' title='bbox 365 5270 668 5337; x_wconf 73' lang='lat' dir='ltr'><strong>signorum</strong></span> <span class='ocrx_word' id='word_1_682' title='bbox 727 5283 794 5324; x_wconf 89' lang='lat' dir='ltr'><strong>ac</strong></span> <span class='ocrx_word' id='word_1_683' title='bbox 851 5270 1311 5340; x_wconf 78' lang='lat' dir='ltr'><strong>propugnatione</strong></span> <span class='ocrx_word' id='word_1_684' title='bbox 1371 5272 1661 5329; x_wconf 83' lang='lat' dir='ltr'><strong>catholicae</strong></span> <span class='ocrx_word' id='word_1_685' title='bbox 1729 5277 2003 5340; x_wconf 82' lang='lat' dir='ltr'><strong>veritatis,</strong></span> 
     </span>
    </p>
   </div>
   <div class='ocr_carea' id='block_1_100' title="bbox 363 5337 2008 5480">
    <p class='ocr_par' dir='ltr' id='par_1_100' title="bbox 363 5337 2008 5480">
     <span class='ocr_line' id='line_1_100' title="bbox 363 5337 2008 5416; baseline 0.004 -21"><span class='ocrx_word' id='word_1_686' title='bbox 363 5340 641 5408; x_wconf 78' lang='lat' dir='ltr'><strong>apostolis</strong></span> <span class='ocrx_word' id='word_1_687' title='bbox 660 5337 1068 5407; x_wconf 75' lang='lat' dir='ltr'><strong>comparanda,</strong></span> <span class='ocrx_word' id='word_1_688' title='bbox 1095 5340 1334 5396; x_wconf 66' lang='lat' dir='ltr'><strong>miriﬁce</strong></span> <span class='ocrx_word' id='word_1_689' title='bbox 1356 5343 1700 5401; x_wconf 79' lang='lat' dir='ltr'><strong>nobilitavit.</strong></span> <span class='ocrx_word' id='word_1_690' title='bbox 1731 5342 1811 5400; x_wconf 88' lang='lat' dir='ltr'><strong>Ita</strong></span> <span class='ocrx_word' id='word_1_691' title='bbox 1841 5337 2008 5416; x_wconf 82' lang='lat' dir='ltr'><strong>plane</strong></span> 
     </span>
     <span class='ocr_line' id='line_1_101' title="bbox 363 5408 2007 5480; baseline 0.006 -16"><span class='ocrx_word' id='word_1_692' title='bbox 363 5408 556 5466; x_wconf 86' lang='lat' dir='ltr'><strong>decuit</strong></span> <span class='ocrx_word' id='word_1_693' title='bbox 588 5423 904 5480; x_wconf 64' lang='lat' dir='ltr'><strong>praeconem</strong></span> <span class='ocrx_word' id='word_1_694' title='bbox 959 5411 1213 5468; x_wconf 76' lang='lat' dir='ltr'><strong>veritatis</strong></span> <span class='ocrx_word' id='word_1_695' title='bbox 1263 5409 1661 5480; x_wconf 87' lang='lat' dir='ltr'><strong>hujuscemodi</strong></span> <span class='ocrx_word' id='word_1_696' title='bbox 1693 5417 2007 5474; x_wconf 50' lang='lat' dir='ltr'><strong>confessio.</strong></span> 
     </span>
    </p>
   </div>
   <div class='ocr_carea' id='block_1_101' title="bbox 461 5433 2007 5472">
    <p class='ocr_par' dir='ltr' id='par_1_101' title="bbox 461 5433 2007 5472">
     <span class='ocr_line' id='line_1_102' title="bbox 461 5433 2007 5472; baseline 0.01 -14"><span class='ocrx_word' id='word_1_697' title='bbox 461 5433 556 5466; x_wconf 80' lang='lat' dir='ltr'><strong>:ult</strong></span> <span class='ocrx_word' id='word_1_698' title='bbox 588 5433 904 5472; x_wconf 67' lang='grc' dir='ltr'>μιωυυυυω</span> <span class='ocrx_word' id='word_1_699' title='bbox 959 5433 1213 5468; x_wconf 70' lang='lat' dir='ltr'><strong>velutius</strong></span> <span class='ocrx_word' id='word_1_700' title='bbox 1263 5433 1661 5472; x_wconf 77' lang='lat' dir='ltr'><strong>unjusceulom</strong></span> <span class='ocrx_word' id='word_1_701' title='bbox 1693 5433 2007 5472; x_wconf 67' lang='lat' dir='ltr'><strong>GOBIBSSIO~</strong></span> 
     </span>
    </p>
   </div>
   <div class='ocr_carea' id='block_1_102' title="bbox 357 5479 1355 5550">
    <p class='ocr_par' dir='ltr' id='par_1_102' title="bbox 357 5479 1355 5550">
     <span class='ocr_line' id='line_1_103' title="bbox 357 5479 1355 5550; baseline 0.001 -16"><span class='ocrx_word' id='word_1_702' title='bbox 357 5479 816 5550; x_wconf 75' lang='lat' dir='ltr'><strong>nisinstgnibus</strong></span> <span class='ocrx_word' id='word_1_703' title='bbox 849 5482 1138 5550; x_wconf 75' lang='lat' dir='ltr'><strong>decorari,</strong></span> <span class='ocrx_word' id='word_1_704' title='bbox 1179 5501 1200 5531; x_wconf 77' lang='grc' dir='ltr'><strong>ι</strong></span> <span class='ocrx_word' id='word_1_705' title='bbox 1248 5479 1355 5537; x_wconf 59' lang='lat' dir='ltr'><strong>etc;</strong></span> 
     </span>
    </p>
   </div>
   <div class='ocr_carea' id='block_1_103' title="bbox 432 5549 1417 5624">
    <p class='ocr_par' dir='ltr' id='par_1_103' title="bbox 432 5549 1417 5624">
     <span class='ocr_line' id='line_1_104' title="bbox 432 5549 1417 5624; baseline 0.007 -21"><span class='ocrx_word' id='word_1_706' title='bbox 432 5549 547 5624; x_wconf 46' lang='lat' dir='ltr'><strong>(iis)</strong></span> <span class='ocrx_word' id='word_1_707' title='bbox 581 5549 1417 5624; x_wconf 74' lang='lat' dir='ltr'><strong>_Qbalcadonensemintelligit</strong></span> 
     </span>
    </p>
   </div>
   <div class='ocr_carea' id='block_1_104' title="bbox 432 5620 2004 5700">
    <p class='ocr_par' dir='ltr' id='par_1_104' title="bbox 432 5620 2004 5700">
     <span class='ocr_line' id='line_1_105' title="bbox 432 5620 2004 5700; baseline 0.01 -27"><span class='ocrx_word' id='word_1_708' title='bbox 432 5621 545 5700; x_wconf 57' lang='lat'><strong>(36)</strong></span> <span class='ocrx_word' id='word_1_709' title='bbox 579 5620 680 5698; x_wconf 76' lang='lat' dir='ltr'><strong>Hic</strong></span> <span class='ocrx_word' id='word_1_710' title='bbox 709 5621 937 5700; x_wconf 79' lang='lat' dir='ltr'><strong>plenius</strong></span> <span class='ocrx_word' id='word_1_711' title='bbox 975 5620 1360 5700; x_wconf 60' lang='lat' dir='ltr'><strong>describitur&#39;</strong></span> <span class='ocrx_word' id='word_1_712' title='bbox 1383 5625 1443 5681; x_wconf 91' lang='lat' dir='ltr'><strong>in</strong></span> <span class='ocrx_word' id='word_1_713' title='bbox 1499 5625 1607 5684; x_wconf 87' lang='lat' dir='ltr'><strong>Vita</strong></span> <span class='ocrx_word' id='word_1_714' title='bbox 1643 5627 1698 5684; x_wconf 86' lang='lat' dir='ltr'><strong>S.</strong></span> <span class='ocrx_word' id='word_1_715' title='bbox 1735 5627 1913 5696; x_wconf 65' lang='lat' dir='ltr'><strong>Sabae,</strong></span> <span class='ocrx_word' id='word_1_716' title='bbox 1947 5631 2004 5689; x_wconf 89' lang='lat' dir='ltr'><strong>in</strong></span> 
     </span>
    </p>
   </div>
   <div class='ocr_carea' id='block_1_105' title="bbox 359 5693 2004 5766">
    <p class='ocr_par' dir='ltr' id='par_1_105' title="bbox 359 5693 2004 5766">
     <span class='ocr_line' id='line_1_106' title="bbox 359 5693 2004 5766; baseline 0.009 -18"><span class='ocrx_word' id='word_1_717' title='bbox 359 5693 526 5765; x_wconf 81' lang='lat' dir='ltr'><strong>cujus</strong></span> <span class='ocrx_word' id='word_1_718' title='bbox 555 5693 718 5762; x_wconf 86' lang='lat' dir='ltr'><strong>epist.</strong></span> <span class='ocrx_word' id='word_1_719' title='bbox 753 5693 919 5750; x_wconf 91' lang='lat' dir='ltr'><strong>citata</strong></span> <span class='ocrx_word' id='word_1_720' title='bbox 983 5694 1307 5766; x_wconf 81' lang='lat' dir='ltr'><strong>appellatur</strong></span> <span class='ocrx_word' id='word_1_721' title='bbox 1359 5715 1383 5749; x_wconf 77' lang='grc' dir='ltr'><strong>ι</strong></span> <span class='ocrx_word' id='word_1_722' title='bbox 1428 5701 1690 5759; x_wconf 88' lang='lat' dir='ltr'><strong>omnium</strong></span> <span class='ocrx_word' id='word_1_723' title='bbox 1719 5693 2004 5763; x_wconf 84' lang='lat' dir='ltr'><strong>malorum</strong></span> 
     </span>
    </p>
   </div>
   <div class='ocr_carea' id='block_1_106' title="bbox 2099 4624 3742 4709">
    <p class='ocr_par' dir='ltr' id='par_1_106' title="bbox 2099 4624 3742 4709">
     <span class='ocr_line' id='line_1_107' title="bbox 2099 4624 3742 4709; baseline 0.003 -27"><span class='ocrx_word' id='word_1_724' title='bbox 2099 4628 2193 4704; x_wconf 84' lang='grc' dir='ltr'><strong>ρίῳ</strong></span> <span class='ocrx_word' id='word_1_725' title='bbox 2235 4633 2331 4701; x_wconf 83' lang='grc' dir='ltr'>μὲν</span> <span class='ocrx_word' id='word_1_726' title='bbox 2365 4629 2465 4704; x_wconf 78' lang='grc' dir='ltr'><strong>γὰρ</strong></span> <span class='ocrx_word' id='word_1_727' title='bbox 2494 4632 2570 4699; x_wconf 82' lang='grc' dir='ltr'><strong>τῷ</strong></span> <span class='ocrx_word' id='word_1_728' title='bbox 2605 4624 2825 4682; x_wconf 78' lang='grc' dir='ltr'>δεδιέναι</span> <span class='ocrx_word' id='word_1_729' title='bbox 2868 4625 3023 4694; x_wconf 77' lang='grc' dir='ltr'>δῆθεν</span> <span class='ocrx_word' id='word_1_730' title='bbox 3069 4630 3164 4695; x_wconf 74' lang='grc' dir='ltr'><strong>τὴν</strong></span> <span class='ocrx_word' id='word_1_731' title='bbox 3223 4631 3502 4709; x_wconf 75' lang='grc' dir='ltr'>σύγχυσιν,</span> <span class='ocrx_word' id='word_1_732' title='bbox 3549 4630 3742 4709; x_wconf 81' lang='grc' dir='ltr'>σχέσει</span> 
     </span>
    </p>
   </div>
   <div class='ocr_carea' id='block_1_107' title="bbox 2097 4714 3739 4789">
    <p class='ocr_par' dir='ltr' id='par_1_107' title="bbox 2097 4714 3739 4789">
     <span class='ocr_line' id='line_1_108' title="bbox 2097 4714 3739 4789; baseline 0.004 -19"><span class='ocrx_word' id='word_1_733' title='bbox 2097 4716 2259 4788; x_wconf 87' lang='grc' dir='ltr'>μόνον</span> <span class='ocrx_word' id='word_1_734' title='bbox 2315 4714 2542 4780; x_wconf 59' lang='grc' dir='ltr'>ἐπῆλθεν</span> <span class='ocrx_word' id='word_1_735' title='bbox 2588 4716 2761 4770; x_wconf 77' lang='grc' dir='ltr'>εἰπεῖν</span> <span class='ocrx_word' id='word_1_736' title='bbox 2816 4717 2902 4772; x_wconf 86' lang='grc' dir='ltr'>καὶ</span> <span class='ocrx_word' id='word_1_737' title='bbox 2953 4716 3068 4788; x_wconf 75' lang='grc' dir='ltr'>ἀξίᾳ</span> <span class='ocrx_word' id='word_1_738' title='bbox 3099 4714 3202 4772; x_wconf 69' lang='grc' dir='ltr'>εἴτ’</span> <span class='ocrx_word' id='word_1_739' title='bbox 3234 4717 3323 4773; x_wconf 82' lang='grc' dir='ltr'><strong>οὗν</strong></span> <span class='ocrx_word' id='word_1_740' title='bbox 3369 4720 3605 4789; x_wconf 77' lang='grc' dir='ltr'>αὖθεντίᾳ</span> <span class='ocrx_word' id='word_1_741' title='bbox 3637 4719 3739 4787; x_wconf 72' lang='grc' dir='ltr'>τὴν</span> 
     </span>
    </p>
   </div>
   <div class='ocr_carea' id='block_1_108' title="bbox 2093 4799 3804 4888">
    <p class='ocr_par' dir='ltr' id='par_1_108' title="bbox 2093 4799 3804 4888">
     <span class='ocr_line' id='line_1_109' title="bbox 2093 4799 3804 4888; baseline 0.004 -30"><span class='ocrx_word' id='word_1_742' title='bbox 2093 4809 2192 4869; x_wconf 80' lang='grc' dir='ltr'>τῆς</span> <span class='ocrx_word' id='word_1_743' title='bbox 2276 4804 2529 4870; x_wconf 81' lang='grc' dir='ltr'>θεότητος</span> <span class='ocrx_word' id='word_1_744' title='bbox 2612 4802 2800 4859; x_wconf 79' lang='grc' dir='ltr'>ἕνωσιν</span> <span class='ocrx_word' id='word_1_745' title='bbox 2883 4805 3125 4882; x_wconf 77' lang='grc' dir='ltr'>γενέσθαι</span> <span class='ocrx_word' id='word_1_746' title='bbox 3211 4811 3277 4881; x_wconf 80' lang='grc' dir='ltr'><strong>τῇ</strong></span> <span class='ocrx_word' id='word_1_747' title='bbox 3332 4805 3737 4888; x_wconf 78' lang='grc' dir='ltr'>ἀνθρωπότητι,</span> <span class='ocrx_word' id='word_1_748' title='bbox 3799 4799 3804 4802; x_wconf 47' lang='grc'><em>’</em></span> 
     </span>
    </p>
   </div>
   <div class='ocr_carea' id='block_1_109' title="bbox 2093 4891 3736 4972">
    <p class='ocr_par' dir='ltr' id='par_1_109' title="bbox 2093 4891 3736 4972">
     <span class='ocr_line' id='line_1_110' title="bbox 2093 4891 3736 4972; baseline 0.002 -23"><span class='ocrx_word' id='word_1_749' title='bbox 2093 4892 2229 4949; x_wconf 81' lang='grc' dir='ltr'>ὥστε</span> <span class='ocrx_word' id='word_1_750' title='bbox 2290 4893 2425 4967; x_wconf 80' lang='grc' dir='ltr'>μετᾶ</span> <span class='ocrx_word' id='word_1_751' title='bbox 2483 4891 2587 4950; x_wconf 79' lang='grc' dir='ltr'><strong>τῶν</strong></span> <span class='ocrx_word' id='word_1_752' title='bbox 2637 4893 2841 4972; x_wconf 69' lang='grc' dir='ltr'>φύσεων</span> <span class='ocrx_word' id='word_1_753' title='bbox 2895 4892 2992 4950; x_wconf 79' lang='grc' dir='ltr'><strong>καῗ</strong></span> <span class='ocrx_word' id='word_1_754' title='bbox 3051 4894 3366 4959; x_wconf 75' lang='grc' dir='ltr'>ὑποστάσεις</span> <span class='ocrx_word' id='word_1_755' title='bbox 3418 4897 3555 4953; x_wconf 71' lang='grc' dir='ltr'>πάνυ</span> <span class='ocrx_word' id='word_1_756' title='bbox 3605 4895 3736 4953; x_wconf 85' lang='grc' dir='ltr'>δυσ-</span> 
     </span>
    </p>
   </div>
   <div class='ocr_carea' id='block_1_110' title="bbox 2092 5059 3731 5132">
    <p class='ocr_par' dir='ltr' id='par_1_110' title="bbox 2092 5059 3731 5132">
     <span class='ocr_line' id='line_1_111' title="bbox 2092 5059 3731 5132; baseline 0.004 -18"><span class='ocrx_word' id='word_1_757' title='bbox 2092 5069 2293 5117; x_wconf 85' lang='lat' dir='ltr'><strong>auctor</strong></span> <span class='ocrx_word' id='word_1_758' title='bbox 2323 5067 2493 5132; x_wconf 72' lang='lat' dir='ltr'><strong>atque</strong></span> <span class='ocrx_word' id='word_1_759' title='bbox 2527 5059 2727 5132; x_wconf 52' lang='lat' dir='ltr'><strong>origo,</strong></span> <span class='ocrx_word' id='word_1_760' title='bbox 2753 5080 2774 5110; x_wconf 77' lang='grc' dir='ltr'><strong>ι</strong></span> <span class='ocrx_word' id='word_1_761' title='bbox 2813 5059 2991 5132; x_wconf 72' lang='lat' dir='ltr'><strong>Idem,</strong></span> <span class='ocrx_word' id='word_1_762' title='bbox 3026 5081 3048 5112; x_wconf 75' lang='grc' dir='ltr'><strong>ι</strong></span> <span class='ocrx_word' id='word_1_763' title='bbox 3073 5059 3428 5119; x_wconf 87' lang='lat' dir='ltr'><strong>Clementino</strong></span> <span class='ocrx_word' id='word_1_764' title='bbox 3459 5072 3511 5120; x_wconf 93' lang='lat' dir='ltr'><strong>et</strong></span> <span class='ocrx_word' id='word_1_765' title='bbox 3543 5063 3731 5120; x_wconf 87' lang='lat' dir='ltr'><strong>Probo</strong></span> 
     </span>
    </p>
   </div>
   <div class='ocr_carea' id='block_1_111' title="bbox 2091 5130 3729 5202">
    <p class='ocr_par' dir='ltr' id='par_1_111' title="bbox 2091 5130 3729 5202">
     <span class='ocr_line' id='line_1_112' title="bbox 2091 5130 3729 5202; baseline 0.004 -18"><span class='ocrx_word' id='word_1_766' title='bbox 2091 5143 2242 5187; x_wconf 86' lang='lat' dir='ltr'><strong>coss.</strong></span> <span class='ocrx_word' id='word_1_767' title='bbox 2307 5130 2592 5202; x_wconf 17' lang='lat' dir='ltr'><strong>anI,Chr.</strong></span> <span class='ocrx_word' id='word_1_768' title='bbox 2635 5131 2761 5196; x_wconf 84' lang='lat' dir='ltr'><strong>5t3,</strong></span> <span class='ocrx_word' id='word_1_769' title='bbox 2824 5131 3156 5202; x_wconf 75' lang='lat' dir='ltr'><strong>Eutychetis</strong></span> <span class='ocrx_word' id='word_1_770' title='bbox 3215 5132 3465 5202; x_wconf 73' lang='lat' dir='ltr'><strong>perﬁdiae</strong></span> <span class='ocrx_word' id='word_1_771' title='bbox 3518 5133 3729 5200; x_wconf 79' lang='lat' dir='ltr'><strong>cultor,</strong></span> 
     </span>
    </p>
   </div>
   <div class='ocr_carea' id='block_1_112' title="bbox 2093 5200 3727 5270">
    <p class='ocr_par' dir='ltr' id='par_1_112' title="bbox 2093 5200 3727 5270">
     <span class='ocr_line' id='line_1_113' title="bbox 2093 5200 3727 5270; baseline 0.002 -13"><span class='ocrx_word' id='word_1_772' title='bbox 2093 5200 2395 5259; x_wconf 83' lang='lat' dir='ltr'><strong>Anastasio</strong></span> <span class='ocrx_word' id='word_1_773' title='bbox 2419 5201 2633 5258; x_wconf 63' lang='lat' dir='ltr'><strong>Caesare</strong></span> <span class='ocrx_word' id='word_1_774' title='bbox 2660 5200 3108 5267; x_wconf 77' lang='lat' dir='ltr'><strong>volente.sedem</strong></span> <span class='ocrx_word' id='word_1_775' title='bbox 3142 5200 3399 5260; x_wconf 77' lang='lat' dir='ltr'><strong>Fiaviani</strong></span> <span class='ocrx_word' id='word_1_776' title='bbox 3429 5203 3727 5270; x_wconf 79' lang='lat' dir='ltr'><strong>antiStitis.</strong></span> 
     </span>
    </p>
   </div>
   <div class='ocr_carea' id='block_1_113' title="bbox 2093 5273 3731 5344">
    <p class='ocr_par' dir='ltr' id='par_1_113' title="bbox 2093 5273 3731 5344">
     <span class='ocr_line' id='line_1_114' title="bbox 2093 5273 3731 5344; baseline 0.002 -16"><span class='ocrx_word' id='word_1_777' title='bbox 2093 5286 2171 5344; x_wconf 14' lang='lat' dir='ltr'><strong>ex,</strong></span> <span class='ocrx_word' id='word_1_778' title='bbox 2197 5275 2480 5329; x_wconf 88' lang='lat' dir='ltr'><strong>monacho</strong></span> <span class='ocrx_word' id='word_1_779' title='bbox 2515 5273 2697 5330; x_wconf 83' lang='lat' dir='ltr'><strong>factus</strong></span> <span class='ocrx_word' id='word_1_780' title='bbox 2728 5275 3056 5344; x_wconf 81' lang='lat' dir='ltr'><strong>episcopus,</strong></span> <span class='ocrx_word' id='word_1_781' title='bbox 3090 5277 3441 5344; x_wconf 70' lang='lat' dir='ltr'><strong>occupavit-</strong></span> <span class='ocrx_word' id='word_1_782' title='bbox 3477 5273 3555 5331; x_wconf 86' lang='lat' dir='ltr'><strong>Ita</strong></span> <span class='ocrx_word' id='word_1_783' title='bbox 3591 5276 3731 5332; x_wconf 80' lang='lat' dir='ltr'><strong>Mar-</strong></span> 
     </span>
    </p>
   </div>
   <div class='ocr_carea' id='block_1_114' title="bbox 2093 5343 3733 5416">
    <p class='ocr_par' dir='ltr' id='par_1_114' title="bbox 2093 5343 3733 5416">
     <span class='ocr_line' id='line_1_115' title="bbox 2093 5343 3733 5416; baseline 0.004 -18"><span class='ocrx_word' id='word_1_784' title='bbox 2093 5343 2337 5399; x_wconf 80' lang='lat' dir='ltr'><strong>cellinus</strong></span> <span class='ocrx_word' id='word_1_785' title='bbox 2369 5348 2429 5400; x_wconf 88' lang='lat' dir='ltr'><strong>in</strong></span> <span class='ocrx_word' id='word_1_786' title='bbox 2463 5344 2674 5401; x_wconf 88' lang='lat' dir='ltr'><strong>Chron.</strong></span> <span class='ocrx_word' id='word_1_787' title='bbox 2704 5344 2887 5416; x_wconf 73' lang='lat' dir='ltr'><strong>liuius</strong></span> <span class='ocrx_word' id='word_1_788' title='bbox 2930 5343 2992 5400; x_wconf 85' lang='lat' dir='ltr'><strong>in</strong></span> <span class='ocrx_word' id='word_1_789' title='bbox 3033 5343 3348 5402; x_wconf 84' lang='lat' dir='ltr'><strong>monachos</strong></span> <span class='ocrx_word' id='word_1_790' title='bbox 3403 5345 3576 5416; x_wconf 71' lang='lat' dir='ltr'><strong>Syriae</strong></span> <span class='ocrx_word' id='word_1_791' title='bbox 3607 5348 3733 5404; x_wconf 87' lang='lat' dir='ltr'><strong>dira</strong></span> 
     </span>
    </p>
   </div>
   <div class='ocr_carea' id='block_1_115' title="bbox 2093 5414 3743 5486">
    <p class='ocr_par' dir='ltr' id='par_1_115' title="bbox 2093 5414 3743 5486">
     <span class='ocr_line' id='line_1_116' title="bbox 2093 5414 3743 5486; baseline 0.002 -17"><span class='ocrx_word' id='word_1_792' title='bbox 2093 5416 2418 5484; x_wconf 78' lang='lat' dir='ltr'><strong>persecutio</strong></span> <span class='ocrx_word' id='word_1_793' title='bbox 2442 5426 2493 5471; x_wconf 89' lang='lat' dir='ltr'><strong>et</strong></span> <span class='ocrx_word' id='word_1_794' title='bbox 2522 5414 2857 5471; x_wconf 77' lang='lat' dir='ltr'><strong>carniﬁcina</strong></span> <span class='ocrx_word' id='word_1_795' title='bbox 2882 5418 3127 5486; x_wconf 74' lang='lat' dir='ltr'><strong>refertur</strong></span> <span class='ocrx_word' id='word_1_796' title='bbox 3153 5417 3209 5472; x_wconf 91' lang='lat' dir='ltr'><strong>in</strong></span> <span class='ocrx_word' id='word_1_797' title='bbox 3241 5414 3476 5486; x_wconf 69' lang='lat' dir='ltr'><strong>rpiStola</strong></span> <span class='ocrx_word' id='word_1_798' title='bbox 3497 5418 3565 5471; x_wconf 89' lang='lat' dir='ltr'><strong>ad</strong></span> <span class='ocrx_word' id='word_1_799' title='bbox 3587 5417 3743 5474; x_wconf 85' lang='lat' dir='ltr'><strong>Hor-</strong></span> 
     </span>
    </p>
   </div>
   <div class='ocr_carea' id='block_1_116' title="bbox 2093 5485 3739 5557">
    <p class='ocr_par' dir='ltr' id='par_1_116' title="bbox 2093 5485 3739 5557">
     <span class='ocr_line' id='line_1_117' title="bbox 2093 5485 3739 5557; baseline 0.004 -17"><span class='ocrx_word' id='word_1_800' title='bbox 2093 5487 2338 5543; x_wconf 84' lang='lat' dir='ltr'><strong>misdam</strong></span> <span class='ocrx_word' id='word_1_801' title='bbox 2374 5501 2576 5556; x_wconf 86' lang='lat' dir='ltr'><strong>papam</strong></span> <span class='ocrx_word' id='word_1_802' title='bbox 2605 5489 2824 5557; x_wconf 73' lang='lat' dir='ltr'><strong>scripta</strong></span> <span class='ocrx_word' id='word_1_803' title='bbox 2860 5485 2931 5541; x_wconf 92' lang='lat' dir='ltr'><strong>ab</strong></span> <span class='ocrx_word' id='word_1_804' title='bbox 2955 5485 3419 5544; x_wconf 79' lang='lat' dir='ltr'><strong>arabimandritis</strong></span> <span class='ocrx_word' id='word_1_805' title='bbox 3445 5499 3499 5543; x_wconf 84' lang='lat' dir='ltr'><strong>et</strong></span> <span class='ocrx_word' id='word_1_806' title='bbox 3532 5501 3739 5546; x_wconf 89' lang='lat' dir='ltr'><strong>mona-</strong></span> 
     </span>
    </p>
   </div>
   <div class='ocr_carea' id='block_1_117' title="bbox 2092 5556 3735 5636">
    <p class='ocr_par' dir='ltr' id='par_1_117' title="bbox 2092 5556 3735 5636">
     <span class='ocr_line' id='line_1_118' title="bbox 2092 5556 3735 5636; baseline 0.005 -25"><span class='ocrx_word' id='word_1_807' title='bbox 2092 5557 2245 5636; x_wconf 86' lang='lat' dir='ltr'><strong>cbis_</strong></span> <span class='ocrx_word' id='word_1_808' title='bbox 2277 5558 2545 5636; x_wconf 67' lang='lat' dir='ltr'><strong>secundae</strong></span> <span class='ocrx_word' id='word_1_809' title='bbox 2593 5556 2775 5636; x_wconf 59' lang='lat' dir='ltr'><strong>Syria:</strong></span> <span class='ocrx_word' id='word_1_810' title='bbox 2794 5572 2837 5636; x_wconf 89' lang='lat'><strong>;_</strong></span> <span class='ocrx_word' id='word_1_811' title='bbox 2869 5565 3052 5636; x_wconf 74' lang='lat' dir='ltr'><strong>exstat</strong></span> <span class='ocrx_word' id='word_1_812' title='bbox 3091 5572 3157 5636; x_wconf 82' lang='lat' dir='ltr'><strong>ea</strong></span> <span class='ocrx_word' id='word_1_813' title='bbox 3195 5572 3343 5636; x_wconf 89' lang='lat' dir='ltr'><strong>_cum</strong></span> <span class='ocrx_word' id='word_1_814' title='bbox 3392 5557 3735 5636; x_wconf 84' lang='lat' dir='ltr'><strong>subscriptis</strong></span> 
     </span>
    </p>
   </div>
   <div class='ocr_carea' id='block_1_118' title="bbox 2091 5627 3278 5698">
    <p class='ocr_par' dir='ltr' id='par_1_118' title="bbox 2091 5627 3278 5698">
     <span class='ocr_line' id='line_1_119' title="bbox 2091 5627 3278 5698; baseline 0.003 -15"><span class='ocrx_word' id='word_1_815' title='bbox 2091 5628 2428 5686; x_wconf 83' lang='lat' dir='ltr'><strong>nominibus</strong></span> <span class='ocrx_word' id='word_1_816' title='bbox 2459 5629 2608 5684; x_wconf 90' lang='lat' dir='ltr'><strong>inter</strong></span> <span class='ocrx_word' id='word_1_817' title='bbox 2638 5627 2908 5698; x_wconf 81' lang='lat' dir='ltr'><strong>epistolas</strong></span> <span class='ocrx_word' id='word_1_818' title='bbox 2948 5628 3278 5687; x_wconf 68' lang='lat' dir='ltr'><strong>Hormisde.</strong></span> 
     </span>
    </p>
   </div>
  </div>
