4062 6194
237 433 345 502 525
1211 433 1395 502 VITA
1439 440 1502 501 S.
1550 439 1955 504 THEODOSII
1998 443 2611 508 COENOBIARCHIE.
3477 447 3595 515 526

239 573 394 637 σεέἷῶς
439 570 547 643 δύο,
582 573 668 626 καὶ
708 567 796 626 δύο
839 567 980 635 υἱοὺς
1032 570 1361 650 πρεσϐεύειν,
1395 574 1485 630 ἕνα
1531 576 1629 648 μὲν
1661 577 1752 630 τὸν
1807 577 1865 630 ἐκ

1962 595 2082 637 :um
2121 579 2491 643 humanitate
2531 603 2543 642 :
2576 582 2726 642 adeo
2760 590 2822 642 ut
2853 600 2988 642 cum
3024 584 3250 644 naturis
3282 584 3428 645 duas
3459 605 3605 664 quo-

235 661 318 718 τοῦ
381 662 581 736 Πατρὸς
640 661 769 714 Θεὸν
829 661 1148 737 γεννηθέντα
1218 661 1319 733 ἰδέᾳ
1387 663 1474 717 καί
1517 662 1616 716 ὰνᾶ
1688 664 1867 740 μέρος,

1962 685 2070 746 que
2122 668 2289 728 valde
2319 670 2502 748 impie
2535 669 2885 731 defenderet
2943 673 3308 750 hypostases,
3346 683 3404 734 et
3453 661 3604 734 duos

235 752 401 820 ἕτερον
453 747 507 803 δὲ
538 751 627 804 τὸν
685 749 744 804 ἐκ
801 755 901 814 τῆς
960 751 1113 826 ἁγίας
1171 751 1429 824 Παρθένου
1481 753 1659 830 χάριτι
1709 753 1871 826 μόνον

1962 755 2361 818 introduceret
2392 757 2565 831 filios,
2593 776 2776 818 unum
2813 747 3052 838 quidem
3088 759 3300 834 Deum,
3335 761 3602 838 genitum

232 841 362 911 αύτῷ
410 839 718 916 περιάπτων
751 840 810 894 τὸ
844 843 941 905 τῆς
971 840 1226 904 υἱοθεσίας
1257 839 1483 914 ἀξίωμα.

1962 860 2020 903 ex
2057 845 2228 904 Patre
2254 862 2520 906 seorsum
2556 854 2612 906 et
2642 847 2986 926 separatim,
3022 847 3274 908 alterum
3307 867 3468 922 vero,
3500 849 3603 930 qui

1953 950 2020 992 ex
2050 939 2256 993 sancta
2291 933 2564 1014 Virgine,
2601 953 2708 1014 per
2737 936 2989 1013 gratiam
3023 936 3213 996 solum
3250 942 3301 997 ei
3335 938 3604 1000 tribuens

1946 1020 2292 1095 dignitatem
2325 1022 2691 1102 adoptionis.

2025 1109 2126 1172 55.
2163 1109 2452 1189 Eutyches
2479 1121 2674 1172 autem
2710 1112 3054 1186 Dioscorus,
3081 1121 3254 1192 atque
3286 1121 3460 1175 etiam
3487 1115 3600 1178 Se-

1947 1200 2251 1278 verus.qui
2281 1218 2346 1260 se
2370 1200 2456 1260 eis
2483 1219 2674 1278 nuper
2693 1201 3063 1279 adjunxit,et
3083 1203 3403 1281 impietatis
3429 1205 3608 1282 elegit

1947 1305 2078 1347 esse
2109 1289 2502 1368 particeps,ut
2525 1291 2626 1367 qui
2654 1289 2873 1350 vellent
2905 1290 3396 1350 absurdissimam
3434 1295 3600 1354 Nes-

1949 1375 2080 1434 torii
2099 1377 2306 1437 tollere
2330 1376 2925 1442 divisionemmalum
2947 1377 3104 1438 malo
3139 1379 3605 1443 niedicauturzet

1949 1465 2060 1542 ipsi
2096 1483 2331 1545 quoque
2361 1483 2568 1526 rursus
2599 1466 2773 1526 stulte
2804 1466 3022 1525 audent
3045 1467 3424 1527 introducere
3455 1488 3602 1528 cou-

241 1549 465 1618 ἆνοτίτως
525 1548 873 1622 ἓπιτολμιυσι,
940 1549 1064 1621 μίαν
1133 1556 1222 1604 και
1278 1550 1372 1616 τὴν
1434 1550 1599 1616 αὐτὴν
1662 1550 1864 1610 όνοιιά-

1962 1548 2274 1632 l'usionem,
2312 1572 2488 1614 unam
2524 1563 2580 1613 et
2612 1555 2881 1614 eamdem
2920 1555 3296 1616 nominantes
3328 1565 3599 1616 naturam

242 1645 403 1707 ζοντες
460 1637 614 1715 φύσιν
661 1639 912 1702 θεότητός
955 1658 1011 1692 τε
1054 1639 1142 1692 καὶ
1194 1638 1627 1715 ἀνθρωπότητος,
1664 1641 1748 1694 καὶ
1798 1639 1870 1700 εἰς

1962 1640 2281 1701 divinitatis
2305 1641 2838 1705 ethumanitatis.et
2859 1643 2928 1702 ad
2959 1643 3600 1722 passionem,quantum

243 1727 388 1790 πάθος
449 1728 509 1781 τὸ
559 1747 618 1802 γε
679 1727 751 1790 εἰς
798 1729 982 1791 αὐτοὺς
1049 1730 1204 1798 ἧκον,
1263 1728 1339 1800 μὴ
1404 1727 1679 1790 ὀκνοῦντες
1735 1749 1871 1783 κατ-

1962 1729 2028 1789 ad
2066 1749 2169 1790 eos
2199 1730 2506 1802 attinebat,
2542 1750 2660 1790 non
2711 1739 2984 1791 verentes
3016 1731 3314 1792 deducere
3361 1734 3599 1810 impati-

245 1815 377 1891 ἄγειν
435 1817 495 1870 τὸ
526 1814 726 1874 ἀπαθὲς
756 1820 855 1880 τῆς
887 1816 1162 1880 θεότητος,
1195 1816 1252 1872 Εἰ
1282 1815 1381 1892 γὰρ
1411 1816 1506 1888 μία
1538 1813 1654 1870 κατ’
1688 1815 1871 1875 αὐτοὺς

1962 1817 2137 1878 bilem
2173 1819 2562 1880 divinitatem.
2603 1817 2663 1880 Si
2698 1820 2855 1880 enim
2890 1837 3094 1879 eorum
3148 1820 3440 1881 sententia
3489 1839 3606 1881 una

241 1904 272 1971 ἦ
320 1911 408 1960 τοῦ
464 1911 692 1974 Χριστοῦ
739 1905 914 1982 φύσις,
948 1906 976 1959 6
1026 1901 1081 1959 δὲ
1131 1906 1260 1966 Θεὸς
1318 1903 1702 1980 καὶᾶνθρωπος
1747 1905 1871 1960 ἆτε-

1963 1919 2050 1967 est
2092 1908 2312 1971 Christi
2346 1920 2582 1983 natura,
2617 1911 2666 1968 is
2711 1919 2908 1969 autem
2971 1916 3060 1968 est
3109 1927 3314 1968 revera
3344 1908 3500 1970 Deus
3550 1919 3607 1969 et

306 1106 398 1167 νε’,
467 1104 715 1182 Εὖτυχὴς
760 1103 813 1160 δὲ
869 1107 956 1162 καὶ
1019 1107 1331 1183 Διόσκορος,
1389 1107 1474 1162 καὶ
1533 1105 1715 1179 μέντοι
1777 1107 1864 1160 καὶ

237 1196 478 1274 Σεύηρος,
515 1197 542 1250 6
595 1196 799 1254 τούτοις
852 1195 1036 1251 ἑαυτὸν
1080 1195 1193 1271 ἄρτι
1238 1193 1560 1272 παραζεύξας
1605 1196 1692 1250 καὶ
1744 1216 1864 1249 κοι-

239 1292 457 1349 νωνῆσαι
518 1286 616 1348 τῆς
687 1279 928 1345 ἀσεϐεὶας
1002 1284 1282 1357 ἑλόμενος,
1343 1283 1441 1350 τὴν
1513 1282 1862 1347 ἅτοπωτάτην

239 1372 402 1446 ὥσπερ
458 1369 727 1432 ἐθέλοντες
785 1371 1024 1447 ἀναιρεῖν
1083 1378 1175 1427 τοῦ
1236 1373 1514 1448 Νεστορίου
1584 1369 1859 1448 διαὲρεσιν,

242 1464 375 1534 κακῷ
415 1461 475 1515 τὸ
507 1460 671 1515 κακὸν
724 1461 930 1530 ἰῶνται,
963 1462 1050 1516 καὶ
1093 1461 1348 1540 σύγχδσιν
1381 1460 1478 1515 καί
1529 1461 1675 1516 αύτοὶ
1712 1460 1863 1516 πάλιν

244 1997 400 2070 χνῶς,
435 1993 827 2057 κεκοινώνηκεν
858 1991 959 2067 ἄρα
987 1993 1214 2048 θανάτιυ
1255 1995 1340 2048 καὶ
1368 1995 1402 2060 ἡ
1462 1995 1671 2060 θεότης.
1726 1992 1874 2050 Ἀλλ’

245 2080 520 2158 ἐμφραγείη
584 2082 788 2146 τούτοις
821 2082 884 2135 τὰ
929 2082 1094 2159 μιαρὰ
1151 2082 1408 2155 στόματα,
1447 2084 1535 2138 καὶ
1575 2084 1728 2139 κακοὶ
1769 2104 1874 2138 κα-

243 2178 340 2232 κῶς
393 2173 580 2234 αὐτοῖς
637 2167 896 2246 δόγμασιν
965 2169 1364 2226 ἀπολέσθωσαν.
1424 2169 1762 2246 Ἐπιτιμάτω
1819 2171 1872 2226 δὲ

244 2259 406 2322 αὐτοῖς
472 2260 568 2314 καὶ
633 2259 660 2313 6
726 2259 983 2334 μακάριος
1063 2257 1279 2336 Πέτρος,
1328 2267 1556 2338 Χριστοῦ
1612 2260 1872 2324 παθόντος

241 2345 354 2424 ὑπὲρ
394 2349 550 2420 ἡμῶν
581 2347 741 2423 σαρκΐ
787 2345 980 2422 λέγων,
1015 2346 1135 2402 ἀλλ’
1164 2349 1286 2426 οὐχὶ
1341 2349 1428 2403 καὶ
1458 2351 1669 2414 θεοτητι
1703 2370 1874 2426 προσ-

244 2437 401 2499 τιθείς,
462 2438 522 2493 Εἰ
560 2438 658 2512 γὰρ
718 2437 806 2491 καὶ
855 2434 974 2491 κατ’
1031 2435 1207 2492 οὐσίαν
1260 2439 1294 2502 ἡ
1338 2444 1432 2493 τοῦ
1484 2443 1713 2514 Χριστοῦ
1749 2438 1869 2493 θεό-

245 2543 328 2588 της
382 2525 696 2604 πασχούσῃ,
736 2523 909 2589 ἤνωτο
951 2531 1018 2588 τε.
1064 2525 1237 2602 σαρκὶ,
1286 2522 1404 2578 ἀλλ’
1450 2526 1572 2602 οὐχὶ
1621 2527 1709 2581 καὶ
1750 2547 1867 2581 κοι-

244 2615 388 2676 νωνός
439 2615 692 2685 οὐμενοῦν
742 2613 876 2679 αὐτὴ
906 2621 999 2670 τοῦ
1050 2612 1245 2670 πάθους
1277 2613 1497 2688 ἐγίνετο·
1559 2619 1674 2677 πῶς
1717 2614 1868 2691 γάρ;

245 2699 343 2756 επεὶ
371 2702 708 2758 παντάπασιν
759 2701 956 2762 ἀπαθὲς
1015 2722 1075 2756 το
1120 2707 1300 2761 Θεῖον.
1362 2707 1648 2778 Τοιγαροῦν
1713 2702 1878 2778 ὀρθῶς

246 2788 362 2866 ἄγαν
416 2797 500 2846 καί
561 2787 816 2868 ἀσφαλῶς
867 2790 969 2845 ὑπὸ
1027 2789 1124 2856 τῆς
1177 2791 1316 2865 ἱερᾶς
1383 2794 1577 2856 ταύτης
1643 2789 1876 2866 ἐκυρώθη

248 2878 464 2952 συνόδου,
510 2878 602 2936 δύο
659 2880 840 2958 φύσεις
897 2880 1147 2944 θεότητος
1207 2899 1261 2933 τε
1324 2881 1410 2934 καὶ
1471 2881 1876 2958 ἀνθρωπότητος

1961 1997 2282 2076 homo,fuit
2305 2015 2446 2075 ergo
2480 1996 2761 2057 divinitas
2783 1997 2987 2057 mortis
3018 2016 3260 2076 quoque
3283 1996 3603 2076 particeps.

1960 2084 2073 2147 Sed
2128 2086 2417 2147 scelerata
2448 2086 2542 2146 his
2596 2105 2700 2146 ora
2730 2085 3141 2159 obstruantur,
3180 2096 3234 2146 et
3269 2087 3407 2145 mali
3453 2087 3606 2146 male

1955 2193 2087 2234 cum
2109 2175 2231 2236 suis
2255 2184 2499 2254 pereant
2522 2175 2926 2252 dogmatibus.
2963 2173 3077 2234 Eos
3100 2183 3296 2234 autem
3333 2175 3605 2254 increpat

1958 2260 2165 2322 beatus
2214 2281 2453 2343 quoque
2510 2261 2740 2334 Petrus,
2776 2262 3019 2322 Christo
3049 2279 3228 2340 passo
3281 2279 3388 2341 pro
3437 2265 3608 2323 nobis

1956 2368 2167 2425 carne,
2203 2352 2413 2412 dicens
2436 2351 2511 2425 ’9,
2547 2351 2651 2410 sed
2683 2369 2802 2409 non
2834 2350 3430 2422 addens,divinitate.
3455 2349 3600 2410 Nam

1959 2440 2067 2500 etsi
2100 2440 2256 2519 quod
2290 2441 2500 2500 attinet
2533 2439 2606 2498 ad
2639 2438 2988 2510 essentiam,
3027 2438 3190 2497 unita
3229 2447 3353 2498 erat
3387 2439 3606 2499 Chrisri

1959 2528 2232 2588 divinitas
2264 2528 2427 2588 carni
2455 2527 2721 2607 patienti,
2752 2545 2868 2586 non
2902 2526 3010 2586 fuit
3055 2535 3250 2586 tamen
3285 2533 3412 2604 ipsa
3441 2526 3606 2586 socia

1963 2615 2277 2697 passionis.
2310 2617 2456 2678 Nam
2481 2614 2779 2693 quomodo
2804 2612 2992 2674 esset?
3023 2623 3109 2672 est
3132 2614 3288 2672 enim
3321 2613 3601 2673 divinitas

1961 2707 2206 2766 omnino
2229 2703 2598 2784 impatibilis.
2627 2702 2808 2764 Recte
2831 2719 2970 2778 ergo
2997 2709 3054 2762 et
3074 2719 3284 2761 secure
3309 2701 3597 2781 praedica-

1962 2802 2081 2854 tum
2116 2802 2206 2855 est
2243 2793 2314 2854 ab
2350 2794 2458 2854 hac
2482 2801 2685 2853 sancta
2714 2791 2961 2870 synodo,
2995 2791 3143 2850 duos
3175 2799 3414 2850 naturas
3443 2790 3598 2849 divi-

1963 2881 2160 2942 nitatis
2211 2890 2267 2942 et
2295 2879 2702 2948 humanitatis.
2736 2878 3072 2951 inconfuse,
3121 2875 3592 2951 immutabiliter,

250 2969 574 3048 ἆσυγχύνως,
631 2968 926 3046 ἀτρέπτως,
989 2966 1298 3044 ἁδιαιρέῖως
1358 2968 1410 3022 ἐν
1475 2975 1568 3042 μιᾷ
1625 2972 1870 3042 τιμᾶσθαι

1962 2971 2104 3032 citra
2135 2971 2515 3044 divisionem,
2549 2969 2608 3030 in
2641 2986 2756 3029 una
2789 2966 3068 3028 honorari
3109 2983 3388 3045 persona:
3425 2984 3595 3026 eum-

239 3063 299 3133 τῇ
347 3060 654 3131 ὑποστάσει,
689 3059 780 3112 τὸν
812 3059 968 3112 αὐτὸν
997 3059 1098 3134 πρὸ
1131 3056 1336 3111 αἰώνων
1387 3057 1486 3128 μὲν
1517 3056 1575 3112 ὲκ
1607 3065 1699 3112 τοῦ
1755 3065 1869 3113 Πα-

1962 3061 2089 3119 dem
2123 3068 2261 3120 ante
2293 3059 2508 3121 saecula
2543 3059 2787 3138 quidem
2815 3057 3077 3134 genitum
3111 3073 3181 3115 ex
3215 3053 3410 3127 Patre,
3443 3056 3597 3134 quod

241 3149 346 3223 τρὸς
374 3149 508 3205 κατὰ.
548 3149 642 3203 τὸν
685 3151 780 3212 εῆς
814 3146 1064 3211 θεότητος
1109 3143 1313 3210 δηλαδὴ
1358 3145 1541 3224 λόγον,
1578 3146 1661 3201 ἐπ’
1693 3146 1866 3225 £07.06-

1962 3149 2165 3209 attinet
2187 3149 2433 3226 quidem
2460 3147 2531 3208 ad
2556 3146 2929 3208 divinitatem
2964 3165 2978 3219 ;
3012 3145 3071 3204 in
3097 3144 3377 3204 extremis
3397 3153 3598 3205 autem

240 3257 333 3290 των
379 3235 429 3290 δὲ
483 3234 648 3292 πάλιν
694 3234 753 3290 ἐκ
817 3234 911 3300 τῆς
970 3234 1119 3311 ἁγίας
1198 3233 1458 3310 Παρθένου
1527 3238 1866 3311 γεννηθέντα,

1962 3256 2167 3298 rursus
2209 3237 2577 3318 temporibus
2631 3245 2832 3298 natum
2863 3251 2933 3296 ex
2966 3241 3166 3294 sancta
3201 3231 3465 3310 Virgine,
3497 3252 3598 3294 re-

241 3325 368 3397 νόμῳ
420 3346 710 3402 καινοτερῳ
766 3325 863 3392 τῆς
921 3323 1353 3401 ἆνθρωπόττ.τος,
1409 3322 1591 3391 ὅμοιον
1632 3331 1708 3396 τῷ
1754 3329 1869 3380 Πα-

1962 3327 2208 3388 centiori
2237 3327 2364 3405 lege
2399 3325 2787 3387 humanitatis
2817 3346 2827 3382 :
2865 3322 3013 3403 patri
3045 3328 3104 3382 et
3136 3325 3305 3382 matri
3338 3322 3594 3382 similem

239 3414 307 3490 τρὶ
352 3415 435 3469 καὶ
477 3421 545 3490 τῇ
593 3413 766 3490 Μητρὶ
797 3413 933 3467 κατὰ
983 3413 1082 3479 τὴν
1130 3413 1327 3483 οὐσίαν,
1362 3412 1609 3490 διμήτορα
1652 3415 1743 3468 τὸν
1773 3418 1870 3472 αύ-

1962 3416 2239 3489 essentia;
2267 3415 2543 3476 eumdem
2571 3416 2700 3474 sine
2733 3422 2894 3492 patre
2919 3419 2977 3472 et
3005 3411 3137 3471 sine
3161 3420 3372 3472 matre:
3408 3421 3468 3470 ut
3499 3410 3599 3490 qui

239 3503 320 3556 τὸν
369 3504 451 3558 καὶ
481 3501 750 3579 ἀπάτορα,
784 3502 845 3556 τὸ
899 3500 994 3574 μὲν
1046 3501 1152 3556 ἀπὸ
1199 3506 1298 3566 τῆς
1351 3517 1495 3556 κατω
1545 3506 1868 3580 γεννήσειινς,

240 3591 294 3646 τὸ
332 3589 382 3647 δὲ
436 3594 540 3648 ἀπὸ
602 3593 700 3657 τῆς
753 3591 862 3646 ἅνω
920 3589 1098 3654 καλῶς
1153 3591 1571 3667 γινωσκόμενον,
1607 3596 1872 3668 μονογενῆ

244 3682 320 3734 καὶ
375 3681 740 3758 πρωτότοκον,
774 3682 835 3735 τὸ
893 3681 993 3744 μὲν
1025 3679 1162 3735 κατὰ
1218 3682 1317 3746 τὴν
1362 3678 1458 3746 τῆς
1499 3682 1751 3746 θεότητος
1783 3680 1875 3760 φύ-

244 3789 336 3849 σιν,
366 3770 476 3829 οὐδὲ
525 3771 630 3848 γὰρ
694 3767 880 3830 ἀδελὸς
941 3769 1080 3841 αύτῷ
1135 3767 1261 3825 κατ’
1314 3769 1506 3842 αὐτὴν,
1537 3771 1598 3825 τὸ
1629 3768 1683 3824 δὲ
1741 3770 1876 3825 κατὰ

249 3859 335 3925 τὴν
388 3865 482 3926 τῆς
533 3859 946 3936 ἆνθρωπότητος
1001 3859 1205 3914 οὐσίαν·
1267 3857 1454 3914 πολλοὶ
1517 3859 1617 3936 γὰρ
1668 3859 1715 3914 οἱ
1755 3865 1874 3933 μετ’

247 3945 386 4004 αὖτὸν
465 3950 855 4014 υἱοθετηθεντες
937 3953 1013 4020 τῷ
1097 3949 1258 4025 Βατρὶ
1344 3945 1427 4002 διὰ
1497 3953 1590 4002 τοῦ
1672 3947 1876 4022 βαπτὶ-

245 4056 427 4111 σματος
438 4087 452 4102 ,

312 4204 406 4278 κ’.
450 4224 628 4275 Ταῦτα
670 4221 952 4292 τοιγαροῦν
1009 4215 1096 4270 καὶ
1154 4214 1220 4270 τὰ
1248 4215 1454 4276 τούτοις
1511 4211 1670 4288 ὃμοια
1724 4210 1871 4269 διδά-

243 4324 370 4360 σκων
421 4305 629 4368 ἐκεῖνος
676 4304 919 4377 ἐλευθέρᾳ
978 4303 1194 4380 γλώττῃ
1239 4303 1326 4359 καὶ
1383 4301 1644 4380 παρρησίᾳ
1701 4301 1876 4367 καλῶς

241 4393 657 4472 ὑποτεθτημένη,
693 4393 807 4450 ἐπεὶ
841 4391 1000 4450 πλέον
1061 4393 1266 4458 ἀνῆπτε
1297 4397 1373 4463 τῷ
1403 4391 1610 4467 βασιλεί
1638 4392 1728 4448 τὸν
1785 4395 1879 4447 θυ-

1956 3504 2101 3565 illud
2127 3504 2367 3584 quidem
2404 3504 2652 3582 pulchre
2681 3519 2812 3562 esse
2844 3507 3234 3578 cognoscatur
3257 3517 3324 3560 ex
3349 3518 3442 3573 ea,
3467 3517 3600 3578 quae

1955 3593 2191 3654 inferne
2217 3592 2351 3663 fuit,
2378 3591 2792 3669 generatione,
2825 3591 2937 3649 hoc
2969 3605 3105 3648 vero
3137 3606 3209 3648 ex
3242 3606 3471 3667 ea,quaz
3492 3606 3596 3648 su-

1960 3680 2641 3762 perue,unigenitum,et
2662 3676 3300 3758 primogenitumdllud
3321 3678 3592 3752 quidem,

1959 3771 2116 3852 quod
2139 3769 2352 3833 attinet
2372 3768 2445 3830 ad
2478 3774 2750 3828 naturam
2785 3765 3145 3826 divinitatis:
3183 3783 3377 3844 neque
3409 3766 3594 3838 enim,

1960 3859 2114 3941 quod
2151 3858 2222 3920 ad
2251 3875 2380 3919 eam
2411 3856 2746 3926 attinet,est
2774 3853 2830 3915 ei
2862 3853 3066 3924 frater;
3101 3853 3210 3912 hoc
3245 3870 3402 3922 vero,
3435 3853 3597 3931 quod

1959 3949 2174 4010 attinet
2227 3945 2299 4008 ad
2347 3943 2669 4006 essentiam
2716 3941 3144 4002 humanitatis:
3211 3941 3378 4001 multi
3436 3941 3595 4001 enim

1960 4049 2093 4115 post
2143 4054 2276 4096 eum
2311 4034 2554 4095 fuuruut
2587 4051 2616 4092 a
2670 4029 2842 4092 Patre
2873 4031 2931 4091 in
2984 4029 3136 4090 filios
3183 4028 3443 4108 adOptati
3491 4045 3597 4108 per

1959 4127 2271 4207 baptisma.

2013 4213 2259 4278 56.Haec
2281 4230 2422 4291 ergo
2442 4221 2500 4272 et
2522 4209 2615 4272 his
2636 4209 2855 4272 similia
2877 4209 3098 4269 docens
3117 4207 3217 4268 illa
3234 4207 3433 4284 lingua
3454 4207 3597 4270 libe—

1964 4314 2118 4378 ra,et
2140 4321 2314 4383 quam
2347 4310 2589 4361 acuerat
2611 4298 2985 4360 confidenter
3014 4294 3295 4376 loquendi
3327 4297 3596 4372 audacia,

1961 4393 2240 4474 quoniam
2275 4391 2698 4470 imperatorem
2733 4388 2803 4448 ad
2840 4386 2988 4447 iram
3026 4386 3212 4464 magis
3247 4403 3604 4465 provocave-

243 4483 355 4557 μὸν,
387 4484 659 4564 ἀειφυγίαν
709 4483 802 4538 ὑπ’
847 4483 1004 4538 αὐτοῦ
1055 4483 1445 4558 κατακρίνεται³
1503 4478 1592 4536 ὑπ’
1655 4487 1871 4554 εκείνου,

1962 4482 2147 4543 rat.ab
2173 4500 2242 4543 eo
2266 4489 2550 4561 perpetuo
2569 4479 2881 4539 damnatur
2902 4474 3210 4538 exsiliozab
3234 4476 3604 4555 co,inquam,

244 4581 351 4649 φεῦ,
379 4579 468 4628 τοῦ
521 4574 621 4640 τὴν
652 4571 912 4649 ἄφυκτον
973 4569 1184 4646 ἓξομίαν
1215 4568 1320 4637 ἢδη
1379 4571 1478 4635 τὴ)
1538 4569 1746 4640 ἑαυτοῦ,
1794 4571 1871 4624 καῖ

1962 4572 2062 4652 qui
2101 4571 2224 4650 jam
2260 4567 2664 4630 inevitabilem
2723 4585 2888 4627 suam
2943 4565 3522 4640 exterminationem,
3553 4575 3611 4626 et

245 4660 335 4725 τὴν
387 4663 644 4732 ὶντεῦθεν,
706 4661 1037 4735 μετάστασιν
1109 4659 1338 4723 ἥκουσαν
1395 4657 1703 4736 ἀγνοῦντος.
1783 4659 1871 4715 Καὶ

1963 4644 2120 4741 (ξοδδ⁷
2147 4659 2287 4720 hinc
2319 4665 2446 4720 erat
2489 4657 2706 4732 futura,
2742 4658 3084 4717 venientem
3137 4655 3445 4733 ignorabat
3493 4656 3610 4715 mi-

249 4743 325 4802 διὰ
371 4760 523 4809 τοῦτο
580 4751 738 4813 αὐτὸς
788 4750 886 4822 μὲν
937 4754 1033 4816 τῆς
1086 4757 1143 4820 ζο
1163 4753 1230 4815 ἧς
1275 4751 1364 4804 νῦν
1407 4754 1530 4824 γοῦν
1583 4747 1678 4814 τῆς
1734 4769 1871 4815 παρ-

1963 4749 2317 4828 grationem.
2354 4747 2426 4808 Et
2458 4747 2594 4808 ideo
2629 4745 2758 4826 ipse
2801 4746 3042 4824 quidem
3077 4763 3109 4805 a
3133 4749 3248 4806 vita
3285 4753 3426 4806 tunc
3457 4764 3614 4826 prae—

252 4836 420 4912 ούσης,
457 4843 484 4895 6
543 4838 598 4894 δε
650 4843 796 4902 θεῖος
840 4837 995 4903 οὗτος
1037 4837 1171 4913 ἀνὴρ
1203 4842 1297 4903 τῆς
1347 4836 1517 4914 φυγῆς
1569 4837 1716 4900 εὐθὺς
1777 4837 1871 4892 ἀπ·

1967 4847 2138 4901 sente
2163 4837 2418 4917 (57),hic
2447 4848 2644 4897 autem
2671 4835 2761 4896 vir
2793 4835 3078 4896 divinitus
3101 4834 3389 4896 liberatur
3417 4836 3614 4896 statim

253 4925 579 4986 αλλάττεται·
640 4931 728 4986 καὶ
759 4932 786 4985 6
839 4929 1061 5008 σφοδρός
1101 4926 1302 4984 κλύδων
1349 4927 1555 4990 ἐκεῖνος
1590 4927 1716 4988 ταῖς
1769 4924 1871 4983 Ἐκ-

1968 4927 2042 4990 ab
2067 4927 2299 4997 exsilio;
2325 4935 2387 4987 et
2417 4926 2742 4986 vehemens
2764 4924 2865 4984 ille
2894 4925 3108 4984 ﬂuctus
3131 4924 3374 4984 sedatur
3402 4923 3614 4985 Eccle-

255 5015 483 5084 κλησίαις
571 5021 865 5091 κοιμίζεται
926 5018 1093 5074 νεύσει
1165 5018 1374 5076 πάντως
1446 5023 1540 5072 τοῦ
1609 5022 1871 5073 ποιοῦντος

1971 5017 2100 5085 siis,
2135 5025 2281 5077 nutu
2307 5015 2436 5094 ejus
2471 5013 2645 5093 plane
2667 5013 2767 5093 qui
2801 5014 2938 5073 facit
2960 5011 3253 5092 judicium
3283 5014 3376 5087 iis,
3403 5013 3616 5090 quibus

254 5119 409 5182 κρῖμα
464 5121 582 5173 τοῖς
639 5107 977 5181 ἆικουμὲνοις
1037 5108 1124 5163 καὶ
1179 5104 1402 5184 δόγματι
1463 5105 1731 5184 θειοτέρῳ.
1795 5114 1871 5162 Κα

1975 5107 2038 5168 fit
2058 5105 2298 5186 injuria,
2318 5115 2380 5165 et
2409 5102 2707 5164 diviniore
2737 5102 3003 5164 decreto.
3035 5099 3103 5160 Et
3135 5101 3235 5178 qui
3261 5103 3317 5161 in
3351 5118 3449 5160 eas
3475 5098 3615 5178 qui-

256 5194 298 5249 οἱ
361 5196 454 5269 μὲν
497 5197 802 5274 λῃστρικῶς
867 5197 1087 5258 ταύταις
1156 5193 1608 5272 ἒπιπηδτισαντες,
1667 5193 1694 5248 ὃ
1767 5192 1871 5270 δρᾷε

1973 5195 2106 5257 dem
2135 5193 2479 5275 pradonum
2505 5191 2690 5252 instar
2711 5191 3004 5272 impetum
3037 5191 3322 5262 fecerant,
3347 5192 3503 5268 quod
3529 5188 3618 5248 fa-

256 5279 466 5355 ἶμελλον
527 5289 674 5345 αὒτοὶ
727 5285 1023 5341 πεπόνθασι
1081 5283 1310 5360 μᾶλλον,
1373 5282 1553 5360 ὥσπερ
1606 5285 1871 5361 ὀστράκου)

1972 5285 2124 5346 cturi
2155 5296 2347 5356 erant,
2380 5281 2496 5361 ipsi
2529 5282 2688 5359 passi
2718 5291 2950 5343 suntzet
2983 5286 3226 5351 testa,ut
3255 5287 3344 5338 est
3384 5277 3442 5336 in
3477 5294 3619 5356 pro-

259 5375 394 5452 οιαὶ,
466 5374 876 5451 μεταπεσόντος
962 5375 1050 5431 καὶ
1130 5372 1382 5451 ὑπερορίᾳ
1464 5370 1866 5442 κατεδικάζοντο

1976 5373 2203 5454 verbio,
2237 5388 2529 5436 conversa
2560 5370 2821 5434 damnati
2846 5379 2983 5434 sunt
3015 5365 3250 5431 exsilio.
3279 5364 3388 5437 Qui
3420 5375 3618 5429 autem

326 5502 618 5569 ²³1Ρθιιυ⁸
655 5523 734 5580 tv,
773 5507 831 5570 1.

323 5637 432 5712 (37)
461 5638 684 5700 Interiit
731 5642 998 5709 fulmine,
1028 5649 1096 5712 ut
1129 5639 1391 5712 plerique
1417 5639 1722 5712 scribunt,
1757 5653 1896 5712 exa-
1978 5640 2338 5712 ἥλω-1118.
2393 5637 2679 5695 Successit
2715 5635 2801 5691 illi
2837 5633 3098 5692 Justinus
3140 5647 3288 5692 anno
3341 5633 3538 5692 eodem
3591 5635 3625 5693 9

264 5709 517 5774 minatus.
562 5729 712 5773 anno
769 5713 874 5770 518
938 5710 1074 5769 feria
1132 5709 1172 5767 5
1223 5709 1462 5784 majoris
1525 5709 1896 5770 hebdomadas
1979 5711 2133 5772 Julii.
