4062 6194
1755 282 2037 352 MENSIS
2076 287 2529 351 JANUARIUS.
3116 295 3125 304 '
3713 285 3819 354 532

464 284 570 359 531

471 427 670 492 studio
700 422 1078 502 tenebantur,
1108 427 1164 487 et
1193 421 1607 502 unusquisque
1637 421 1708 484 ad
1731 440 1903 484 suum
1932 420 2112 484 rediit

2215 422 2502 496 ἷαζόμενον,
2558 423 2650 478 καὶ
2703 423 2764 478 τὸ
2825 423 3025 479 οἰκεῖον
3081 421 3300 487 ἕκαστος
3363 420 3628 502 ἀπείληφε
3671 426 3823 501 φρόν-

469 525 895 582 monasterium
929 540 944 588 ;
991 517 1165 577 modo
1189 513 1429 594 quidem
1473 512 1596 573 ibat
1631 513 1938 575 Bethleem
1971 528 2110 572 ora-

2215 513 2489 590 τιστήριον,
2545 518 2633 568 νῦν
2676 512 2776 586 μὲν
2837 513 2910 576 είς
2977 511 3218 586 Βηθλεὲμ
3275 515 3305 568 6
3363 525 3612 590 γενναῖος
3671 512 3825 589 εὒχῆς

473 609 654 670 tionis
677 625 856 668 causa
885 607 978 666 hic
1014 605 1099 664 vir
1135 601 1478 682 prreclarus;
1502 602 1675 662 modo
1706 619 1838 662 cum
1865 610 2112 674 orasset,

472 697 902 760 revertebatur.
932 694 1200 770 Magnum
1233 698 1429 751 autem
1467 691 1728 752 laborem
1763 690 2000 752 itineris
2026 708 2117 750 re-

474 804 706 856 creans,
733 781 969 843 divertit
992 781 1063 843 ad
1098 777 1595 840 Marcionum.Vir
1625 778 1723 840 hic
1747 787 1876 840 erat
1907 780 2120 857 plenus

474 871 873 952 spiritualium
901 876 1248 948 gratiarum.
1283 867 1426 929 Cum
1472 877 1670 930 autem
1704 867 2014 929 venissem
2043 866 2116 927 ad

472 960 803 1040 amplexus,
837 968 893 1018 et
917 977 980 1020 se
1012 958 1263 1019 invicem
1291 957 1584 1035 spirituaii
1607 957 2118 1036 impetiissentos-

474 1050 776 1115 culo,cum
799 1066 869 1108 eo
892 1050 1090 1108 anima
1117 1065 1356 1125 quoque
1385 1046 1834 1124 congrediente,
1861 1045 2118 1121 primum

477 1137 718 1219 quidem
753 1136 860 1197 fuit
885 1137 972 1197 eis
993 1134 1264 1216 apposita
1298 1153 1501 1196 mensa
1531 1133 2119 1213 sermonum,quibus

477 1227 761 1306 praeclare
805 1245 945 1287 suos
978 1224 1301 1305 pascebant
1351 1225 1606 1296 animos,
1642 1243 1705 1286 se
1755 1223 2122 1285 obiectantes

478 1325 816 1378 sanctorum
860 1315 1138 1396 eloquiis,
1174 1323 1230 1375 et
1257 1333 1464 1375 senum
1526 1311 1956 1386 narationibus,
1985 1328 2118 1372 cum

478 1405 698 1486 quibus
753 1402 1161 1467 intercedebat
1211 1403 1298 1464 eis
1357 1421 1590 1463 morum
1649 1401 1942 1480 cognatio.
1978 1399 2121 1462 Cum

477 1503 675 1557 autem
739 1503 971 1574 tempus
1032 1493 1328 1560 invitaret,
1375 1502 1438 1552 ut
1477 1492 1889 1553 meminissent
1946 1487 2123 1550 etiam

481 1583 752 1644 alimenti
784 1582 1202 1661 corporis,non
1234 1580 1440 1642 aderat
1471 1581 1708 1659 quidem
1735 1581 2124 1648 frumentum,

2197 602 2356 679 χάριν
2410 599 2629 680 ἐχώρει,
2667 611 2755 660 νῦν
2811 599 2865 656 δὲ
2919 601 3338 678 προσευξάμενος
3394 601 3686 680 ἆνήρχετο.
3733 603 3827 658 Τὸν

2200 691 2359 746 πόνον
2419 689 2471 744 δὲ
2504 692 2594 746 τὸν
2651 690 2712 745 ἐκ
2745 693 2842 756 τῆς
2886 687 3005 746 ὁδοῦ
3027 689 3191 746 πολὺν
3222 688 3349 746 ὄντα
3380 688 3672 768 διαπαύων,
3701 690 3832 765 παρὰ

2205 786 2489 855 Μαρκιανῴ
2558 779 2831 835 καταλύει.
2911 776 3073 856 Ἀνὴρ
3134 781 3282 842 οὗτος
3348 781 3548 852 μεστὸς
3613 779 3833 858 χαρίτων

2203 873 2596 942 πνευματικῶν,
2661 860 2753 930 Ὠς
2815 867 2902 923 οὖν
2961 868 3034 929 εἰς
3086 867 3376 940 ἀσπασμὸν
3430 865 3713 944 συνῆλγον,
3755 867 3834 923 καὶ

2203 955 2507 1034 φιλήματος
2568 953 2857 1031 μετέδοσαν
2902 954 3155 1024 ἀλλήλοις
3210 963 3598 1028 πνευματικοῦ,
3644 963 3716 1029 τῷ
3759 978 3836 1033 φι-

2205 1043 2407 1119 λήματι
2455 1048 2656 1101 τούτων
2701 1046 3098 1124 συνερχομένης
3159 1047 3243 1101 καὶ
3273 1050 3377 1110 τῆς
3423 1045 3632 1124 ψυχῆς,
3666 1051 3833 1122 πρῶτα

2202 1134 2298 1208 μὲν
2369 1137 2556 1197 αὐτοῖς
2601 1135 2635 1201 ἡ
2693 1134 2800 1190 τῶι
2857 1132 3030 1210 λόγων
3090 1135 3323 1212 τράπεζα
3385 1133 3715 1212 παρετίθέτο,
3753 1134 3832 1194 οἷς

2203 1224 2289 1278 καὶ
2351 1223 2482 1278 πύνυ
2539 1222 2796 1299 λαμπρῶς
2867 1225 2962 1286 τὰς
3036 1225 3218 1302 ψυχὰς
3290 1225 3593 1296 εἱστιῶντο,
3650 1222 3834 1301 λογίοις

2206 1311 2371 1388 ἁγίων
2429 1311 2525 1368 καί
2576 1310 2913 1388 διηγήμασιν
2973 1311 3326 1390 ἐντρυφῶντες
3385 1313 3676 1391 γερόντων,
3716 1334 3837 1390 συγ-

2208 1403 2375 1478 γενῶς
2421 1405 2604 1463 αὒτοῖς
2663 1404 2754 1458 τὸν
2812 1401 3009 1478 τρόπον
3065 1399 3445 1477 διακειμένων,
3524 1401 3670 1458 Ἐπεὶ
3710 1399 3762 1456 δὲ
3816 1402 3840 1455 6

2209 1491 2392 1568 καιρὸς
2449 1489 2626 1545 ἐκάλει
2670 1492 2758 1546 καὶ
2808 1491 3006 1570 τροφῆς
3042 1492 3344 1557 μνησθῆναι
3385 1495 3698 1565 σωματικῆς
3753 1502 3840 1546 σῖ-

2207 1600 2296 1640 τος
2362 1579 2460 1653 μὲν
2493 1579 2552 1634 οὔ
2607 1579 2780 1658 παρῆν
2837 1579 2927 1634 ἵνα
2971 1580 3058 1634 καὶ
3107 1577 3262 1656 ἄρτος
3321 1583 3620 1657 παρατεθῇ·
3679 1584 3840 1656 φακῆν

480 1682 545 1733 ιιι
606 1672 778 1750 panis
813 1681 1260 1751 apponeretur:
1314 1671 1533 1730 lentem
1588 1678 1783 1730 autem
1817 1665 2128 1746 discipulis

2215 1666 2264 1722 δὲ
2335 1681 2454 1732 τοῖς
2502 1672 2768 1741 μαθηταῖς
2827 1671 2854 1723 ὁ
2926 1669 3166 1747 χρηστὸς
3239 1669 3548 1744 Μαρκιανὸς
3619 1668 3842 1724 ἰκέλευεν

479 1761 662 1838 jussit
708 1777 968 1840 coquere
998 1759 1188 1820 bonus
1240 1758 1593 1821 Marcianus.
1637 1760 1711 1820 Et
1743 1757 1842 1818 illa
1884 1755 2124 1836 quidem

2215 1756 2382 1831 ἕψειν.
2456 1758 2551 1814 Καὶ
2607 1759 2642 1824 ἡ
2702 1756 2798 1831 μὲν
2870 1756 3043 1832 ἄρτων
3101 1757 3263 1836 χωρὶς
3308 1759 3640 1836 παρετίθετο·
3700 1757 3842 1834 γιόὺς

479 1849 592 1909 fuit
646 1848 917 1929 apposita
947 1850 1078 1909 sine
1133 1866 1302 1926 pane.
1340 1846 1483 1910 Cum
1529 1853 1723 1908 autem
1758 1845 2130 1924 cognovisset

2215 1843 2265 1900 δὲ
2310 1847 2337 1900 '0
2373 1845 2541 1922 μέγας
2585 1846 2684 1911 τὴν
2717 1844 2916 1900 ἔνδειαν
2960 1844 3098 1900 οὕτω
3156 1851 3468 1924 καταφανῆ,
3501 1845 3746 1908 πλούσιος
3795 1844 3842 1900 ἐν

487 1956 740 2016 magnus
789 1936 1164 1998 Theodosius
1222 1946 1338 1998 tam
1389 1945 1655 2016 apertam
1708 1936 1992 2016 inopiam,
2028 1931 2129 2012 qui

2215 1933 2430 2011 ἀπόροις
2475 1936 2501 1989 6
2553 1931 2733 2000 ἐνδεὴς
2777 1935 2868 2013 ῆν,
2909 1932 3004 1990 καί
3056 1935 3212 1997 αὐτὸς
3247 1936 3429 2006 ἑστιᾷ-ι
3480 1933 3683 2008 μᾶλλον
3735 1933 3842 1995 τούς

483 2044 666 2103 egens
718 2039 865 2099 erat,
901 2025 1010 2085 fuit
1039 2026 1208 2086 dives
1239 2025 1296 2085 in
1341 2025 1563 2104 inopia,
1598 2026 1848 2104 ipseque
1880 2039 2128 2098 magno-

2215 2020 2513 2086 Εενίσαντας
2600 2021 2965 2101 ἐφιλοτιμεῖτο
3001 2071 3014 2086 ,
3103 2021 3450 2089 Ἐπέσκηπτε
3534 2026 3703 2079 τοίνυν
3778 2025 3845 2094 τῷ

485 2132 626 2193 pere
679 2114 974 2188 studebat,
1009 2125 1073 2176 ut
1133 2114 1364 2175 lautiori
1397 2113 1662 2174 convivio
1713 2113 2130 2190 exciperentur

2215 2113 2429 2184 μαθητῇ
2483 2109 2588 2165 τῶν
2647 2110 2856 2166 ἐνοδίων
2916 2110 3085 2189 ἄρτων
3143 2117 3240 2178 τῆς
3300 2114 3478 2188 πήρας
3540 2111 3842 2189 ἐξενεγκεῖν,

484 2204 772 2284 hospites.
818 2205 1002 2266 Jussit
1031 2223 1172 2283 ergo
1203 2203 1522 2282 discipulo,
1557 2213 1617 2264 ut
1647 2221 1678 2264 e
1711 2221 1851 2282 pera
1906 2199 2130 2280 profer-

2215 2200 2299 2254 καὶ
2361 2202 2408 2255 οἱ
2465 2200 2563 2272 μὲν
2601 2197 2850 2278 ἐξήγοντό
2905 2221 2960 2256 τε
3016 2202 3104 2255 καὶ
3160 2201 3528 2276 παρετίθεντο’
3586 2201 3632 2255 0i
3674 2198 3726 2254 δὲ
3773 2202 3844 2253 εἱ-

483 2302 576 2352 ret
635 2312 841 2372 panes,
876 2312 1024 2374 quos
1085 2301 1389 2372 paraverat
1444 2292 1514 2353 ad
1575 2292 1876 2353 viaticum.
1911 2288 1983 2350 Et
2042 2288 2128 2348 illi

2215 2294 2436 2344 στιῶντο
2495 2285 2668 2345 διὰτὸ
2723 2289 2941 2369 φαιδρὸν
2977 2294 3074 2357 τῆς
3132 2290 3351 2367 ἀγάπης
3383 2303 3502 2353 τοῖς
3558 2288 3842 2364 ἀναγκαίοις

486 2379 727 2460 quidem
767 2382 1038 2461 producti
1073 2390 1207 2442 sunt
1238 2393 1296 2443 et
1326 2381 1605 2461 appositi.
1644 2382 1682 2444 ii
1718 2399 1855 2442 vero
1890 2387 2130 2458 propter

2215 2378 2283 2440 ὡς
2316 2391 2610 2454 περιττοῖς.

478 2470 855 2544 charitatem,
893 2489 1023 2551 qua}
1083 2471 1362 2550 laetificat,
1398 2490 1516 2532 non
1573 2469 1770 2533 minus
1808 2472 2030 2531 lautum
2065 2464 2447 2526 celebrarunt
2499 2465 2830 2528 convivium
2865 2485 2932 2528 es
2985 2467 3080 2542 iis,
3117 2485 3250 2549 qua:
3297 2476 3472 2530 erant
3501 2465 3838 2529 necessaria.

483 2577 656 2638 quam
691 2560 740 2619 si
775 2559 982 2640 prolati
1015 2571 1216 2622 essent
1247 2559 1365 2622 cibi
1396 2559 1704 2638 superﬂui.

565 2647 748 2710 69.Ut
767 2649 918 2710 solet
941 2658 1136 2711 autem
1165 2649 1318 2716 ﬁeri.
1347 2666 1660 2710 sermones
1684 2665 1923 2728 quoque
1945 2645 2130 2708 admi-

2296 2643 2405 2721 ξβ’.
2466 2646 2574 2703 Οἷα
2607 2643 2660 2700 δὲ
2711 2644 2763 2701 ἐν
2793 2659 2911 2711 τοῖς
2961 2648 3224 2712 τοιούτοις
3255 2647 3432 2727 φιλεῖ,
3467 2648 3842 2726 προσμίγυνται

487 2745 733 2798 scentur
763 2737 1053 2810 convivio,
1091 2750 1147 2800 et
1178 2739 1522 2816 complures
1549 2756 1616 2799 ex
1644 2737 1714 2797 iis
1741 2737 1924 2817 lepidi
1945 2743 2003 2798 et
2027 2735 2130 2813 ju-

2215 2733 2302 2788 καί
2358 2732 2508 2809 λόγοι
2539 2739 2606 2809 τῇ
2651 2732 2904 2808 ἑστιάσει,
2937 2736 3026 2792 καὶ
3070 2738 3117 2791 οἱ
3159 2735 3376 2798 πλείους
3409 2739 3579 2794 αὐτῶν
3637 2735 3841 2814 χαρίεν-

491 2825 694 2887 eundi.
735 2828 1014 2889 Hilariter
1056 2835 1250 2887 autem
1282 2826 1517 2886 divinus
1547 2844 1682 2887 eum
1717 2825 1960 2903 rogabat
1986 2824 2130 2885 Mar-

2215 2841 2326 2882 τες.
2387 2824 2564 2892 Ἠζίου
2621 2823 2709 2878 καὶ
2762 2824 2850 2880 νῦν
2893 2827 2920 2879 6
2979 2828 3124 2890 θεῖος
3185 2827 3492 2901 Μαρκιανὸς
3525 2827 3580 2880 ἐν
3640 2821 3843 2901 φαιδρό-

493 2914 1100 2987 cianus,diccns:Noii
1128 2934 1282 2994 regre
1307 2914 1461 2975 ferre
1489 2922 1648 2975 tanta
1674 2914 1826 2974 fame
1858 2912 2130 2974 laborans

2215 2925 2358 2974 τητι·
2411 2912 2494 2964 Mi-
2539 2908 2922 2990 δυσχεραίνειν,
2983 2913 3180 2994 λέγων,
3232 2913 3373 2970 οὕτω
3432 2914 3602 2980 ξενίαν
3665 2911 3844 2986 λιμώτ-

493 3003 958 3080 liospitium,nec
976 3005 1264 3084 conqueri
1289 3003 1443 3081 quod
1473 3021 1682 3083 panem
1703 3001 1870 3062 vobis
1895 3020 2011 3062 non
2033 3019 2130 3079 ap-

2215 3019 2430 3071 τουσαν,
2465 2999 2601 3073 μηδὲ
2646 3001 2944 3080 μέμφεσθαι
3000 3005 3042 3058 εί
3080 3005 3158 3071 μὴ
3202 3003 3392 3082 ἄρτους
3442 3006 3572 3078 ὑμῖν
3631 3001 3840 3080 παρέθε-

495 3090 1038 3167 posuerimus,cum
1067 3093 1433 3152 frumentum
1468 3090 1640 3152 nobis
1661 3089 1978 3150 admodum
2009 3098 2130 3150 tur-

2222 3089 2343 3162 μέν,
2406 3094 2494 3142 τοῦ
2580 3088 2725 3144 σίτου
2784 3090 3018 3166 ἀγεννῶς
3085 3089 3200 3148 λίαν
3271 3091 3630 3152 ἄπολιπόντος
3688 3092 3840 3164 ἡμᾶς.

503 3177 658 3254 piter
710 3177 1014 3250 defecerit,
1076 3180 1217 3242 Cum
1279 3180 1392 3240 hoc
1441 3179 1712 3257 dixisset,
1771 3175 2130 3239 admirabilis

2221 3179 2387 3233 Τοῦτο
2438 3177 2698 3248 εἰπόντος,
2735 3180 2762 3233 6
2814 3182 3114 3256 θαυμαστὸς
3171 3180 3452 3246 Θεοδόσιος
3486 3188 3559 3256 τῷ
3617 3187 3842 3257 Μαρκια-

491 3267 867 3328 Theodosius
893 3269 1102 3330 deﬁxis
1124 3268 1313 3329 oculis
1334 3269 1393 3328 in
1415 3267 1660 3330 barbam
1686 3266 2130 3343 Marciani,vidil

2221 3271 2310 3320 νου
2365 3267 2585 3341 πώγωνι
2641 3267 2905 3347 ἀτενίσας,
2964 3270 3052 3325 καὶ
3113 3270 3257 3327 σίτου
3326 3273 3530 3328 κόκκον
3587 3267 3705 3326 ἰδὼν
3761 3269 3844 3322 οὐκ

487 3373 737 3432 granum
768 3355 1072 3430 frumenti,
1109 3359 1266 3436 quod
1305 3357 1507 3418 nescio
1541 3357 1697 3417 unde
1729 3356 2052 3431 ceciderat;
2085 3364 2142 3416 et

489 3443 655 3504 illinc
676 3445 915 3506 sustulit
938 3446 1111 3507 hilari
1139 3455 1196 3508 et
1219 3455 1387 3506 cauta
1416 3447 1680 3520 dextera,
1705 3455 1764 3507 et
1793 3445 1959 3506 dixit:
1989 3444 2141 3506 Ecce

489 3532 880 3593 frumentum.
915 3534 1224 3607 Quomodo
1259 3553 1397 3613 ergo
1429 3533 1627 3596 dicitis
1657 3552 1758 3595 vos
1806 3552 1981 3612 egere
2011 3533 2140 3595 fru-

495 3621 728 3683 mento"
757 3621 828 3682 Et
851 3623 960 3684 hoc
988 3623 1231 3703 quidem
1265 3623 1338 3684 ab
1362 3641 1432 3684 eo
1463 3623 1810 3694 dictum,vel
1842 3624 2015 3684 etiam
2048 3625 2130 3684 fa-

493 3719 653 3770 ctum
685 3709 878 3771 fuerat
909 3711 1105 3791 lepide
1127 3721 1184 3774 et
1204 3713 1603 3790 junundeJlie
1624 3723 1818 3774 autem
1853 3732 1986 3774 cum
2012 3733 2140 3792 gra-

487 3816 654 3870 num,
684 3807 961 3880 tanquam
999 3803 1297 3879 egregiam
1361 3801 1616 3882 aliquam
1651 3811 1709 3861 et
1760 3811 2136 3882 praestantem

492 3889 1088 3968 sementem,supinis
1113 3890 1384 3952 manibus
1414 3892 1764 3971 accepisset,
1791 3891 1847 3952 id
1882 3892 2048 3972 ponit
2078 3893 2137 3952 in

487 3975 704 4037 horreo
730 3978 1033 4051 frumenti,
1073 3980 1325 4041 credens
1348 3998 1476 4041 eam
1503 3981 1632 4041 sine
1663 3980 1864 4041 labore
1887 3981 2136 4042 multum

486 4067 708 4124 fructus
739 4071 1066 4131 ailaturam.
1089 4081 1145 4128 et
1173 4085 1297 4126 esse
1322 4082 1721 4141 superaturam
1755 4073 2138 4143 agricolarum

489 4149 938 4214 industriam.id
959 4163 1151 4214 autem
1182 4156 1234 4216 ei
1259 4155 1473 4215 accidit
1498 4157 1668 4234 longe
1689 4157 1944 4236 amplius
1968 4166 2026 4219 et
2047 4176 2144 4219 co-

493 4237 926 4319 piosius,quam
953 4243 1258 4321 sperabat.
1292 4245 1440 4305 Nam
1465 4263 1595 4305 cum
1629 4251 1898 4324 sequenti
1930 4248 2024 4308 die
2052 4264 2138 4308 es-

2223 3351 2348 3411 οἶδα
2392 3355 2548 3410 πόθεν
2605 3355 2976 3428 έπειπεσόντα,
3029 3359 3234 3415 ἒκεῖθέν
3291 3381 3348 3416 τε
3411 3360 3538 3432 ipa:
3581 3357 3727 3433 ἰλαρᾷ
3769 3353 3842 3410 καὶ

2223 3443 2604 3522 πεφυλαγμένη
2645 3446 2712 3512 τῆ
2770 3444 2930 3519 δεξιᾷ’
2990 3445 3145 3528 Ἰδοὺ,
3200 3447 3318 3523 ἔτη,
3383 3451 3473 3506 καὶ
3517 3461 3685 3510 σῖτος·
3744 3448 3840 3502 πῶς

2223 3530 2312 3586 οὖν
2356 3532 2510 3606 ὑμεῖς
2565 3555 2696 3611 φατε
2752 3534 2896 3590 σίτου
2955 3533 3320 3612 διαπορεῖσθαι
3347 3556 3374 3612 .;
3439 3539 3525 3594 καὶ
3582 3529 3842 3605 τοῦτομὲν

2223 3617 2288 3686 δὴ
2346 3619 2641 3698 χαριέντως
2701 3619 2836 3698 ἄγαν
2879 3627 3022 3699 αὐτῷ
3066 3627 3153 3680 καί
3181 3625 3298 3701 μεθ’
3355 3626 3550 3695 ἡδονῆς
3582 3623 3760 3702 εἴρητο
3811 3617 3841 3684 ἢ

2222 3709 2309 3764 καὶ
2380 3709 2676 3786 πέπρακτο.
2751 3709 2992 3777 Ἐκεῖνος
3052 3713 3106 3769 δὲ
3164 3715 3402 3792 καθάπερ
3473 3712 3590 3772 τινα
3658 3710 3834 3785 σπόρον

2221 3797 2408 3872 εὐγενῆ
2465 3818 2522 3852 τε
2573 3800 2658 3854 καὶ
2718 3799 2914 3876 ἀγαθὸν
2984 3803 3229 3880 ὑπογίαις
3286 3806 3378 3860 τὸν
3451 3806 3644 3861 κόκκον
3698 3794 3838 3877 χερσῖ

2221 3883 2501 3960 δεξάμενος
2555 3895 2632 3960 τῷ
2670 3896 2762 3945 τοῦ
2816 3893 2959 3946 σίτου
3016 3890 3245 3960 ’έντίὶησι
3289 3895 3538 3968 ταμιείῳ,
3601 3887 3837 3946 πιστεύων

2224 3972 2345 4030 ἄνει)
2404 3977 2579 4032 πόνων
2629 3977 2794 4033 πολύν
2837 3982 2978 4054 αύτῷ
3036 3983 3126 4037 τὸν
3175 3985 3378 4058 καρπὸν
3422 3983 3592 4041 οἴσειν
3646 3978 3728 4034 καὶ
3782 3972 3839 4028 τὰ

2223 4070 2473 4142 γεωργῶν
2535 4067 2792 4135 νικήσειν.
2852 4067 2978 4126 Τόδε
3022 4069 3120 4148 ἄρα
3177 4084 3424 4147 κρεῖττον
3486 4071 3626 4142 αύτῷ
3680 4084 3838 4140 παρα⁸

2225 4152 2360 4208 πολὺ
2413 4155 2498 4209 καί
2527 4161 2636 4210 τῶν
2678 4154 2902 4213 ἐλπίδων
2949 4158 3182 4228 ἀπήντα·
3219 4162 3292 4224 ὡς
3353 4163 3453 4240 γὰρ
3483 4161 3580 4226 τὴν
3620 4155 3708 4213 τοῦ
3755 4174 3839 4208 σι·

2223 4241 2390 4304 τῶνος
2453 4244 2606 4321 θύραν
2677 4245 2769 4312 τῆς
2828 4245 3080 4314 ἐπιούσης
3139 4247 3330 4324 ἔμελλε
3390 4249 3669 4324 διανοίγειν
3723 4239 3838 4318 (τῶν

489 4337 581 4418 set
604 4327 783 4418 iiurre
815 4332 1028 4392 ostium
1057 4342 1374 4410 aperturus
1406 4333 1464 4412 (ο
1488 4351 1701 4394 arcana
1735 4333 2130 4410 tua,Domine,

2226 4328 2538 4408 ἀποῤῥήτων
2595 4355 2708 4407 σου,
2747 4335 3012 4409 Δέσποτα,
3045 4339 3422 4418 θαυμασίωνο),
3458 4341 3551 4411 δρᾷ
3599 4336 3663 4390 τὰ
3715 4327 3839 4386 ἔνδον

487 4415 824 4492 miracula!)
859 4420 1015 4480 videt
1046 4440 1176 4500 quae
1227 4422 1386 4482 intus
1417 4431 1587 4483 erant
1619 4422 1794 4497 plena
1827 4423 2136 4497 fructibus,

487 4505 585 4582 qui
617 4523 822 4568 revera
846 4523 1247 4589 provenerant
1271 4509 1496 4591 absque
1525 4511 2014 4588 agricultura,aut
2041 4532 2140 4591 po-

489 4592 604 4680 tius
635 4613 768 4655 cum
800 4599 1161 4675 agricultura
1183 4599 1366 4660 solius
1388 4598 1852 4661 orationis.Cum
1877 4618 2014 4680 ergo
2043 4603 2139 4662 ni-

485 4679 570 4740 bil
606 4695 763 4745 esset
795 4689 850 4747 in
885 4707 955 4749 eo
987 4697 1302 4750 cunctatus
1331 4688 1690 4760 Marcianus,
1725 4697 1922 4751 statim
1952 4679 2136 4754 mittit

485 4787 672 4857 unum
705 4792 776 4834 ex
800 4777 924 4837 suis
957 4779 1265 4857 discipulis
1301 4779 1368 4840 ad
1396 4797 1669 4856 magnum
1705 4779 2131 4851 Theodosium,

489 4856 542 4917 ei
567 4859 907 4938 signiﬁcans
940 4856 1156 4928 mirum
1183 4879 1240 4930 et
1269 4867 1633 4929 ineffabilem
1665 4869 1752 4931 rei
1772 4880 2136 4946 eventum,et

489 4947 663 5010 simul
693 4952 763 5012 ad
782 4953 1156 5018 admirabilis
1177 4959 1498 5037 spectaculi
1518 4959 1860 5020 societatem
1881 4979 2017 5021 eum
2036 4981 2132 5021 vo-

483 5049 644 5094 cans.
674 5040 975 5114 Postquam
1003 5061 1140 5118 ergo
1163 5047 1208 5103 is
1232 5061 1462 5118 quoque
1489 5049 1876 5111 venit,ostium
1899 5050 2132 5120 quidem

483 5138 606 5184 erat
629 5145 835 5200 parum
865 5146 1148 5204 apertum,
1177 5140 1524 5194 frumentum
1554 5147 1743 5193 autem
1766 5154 1794 5195 a
1819 5142 2008 5208 seipso
2033 5155 2135 5198 ex-

483 5219 844 5290 trudebatur,
870 5238 1002 5282 cum
1037 5241 1150 5284 non
1180 5235 1374 5295 posset
1406 5228 1678 5284 horreum
1710 5242 1913 5298 capere
1940 5231 2134 5288 multi-

483 5305 828 5376 tudinem,et
849 5313 930 5368 sic
949 5329 1016 5370 ex
1041 5330 1108 5372 eo
1127 5315 1474 5386 permultum
1521 5317 1674 5373 foras
1712 5315 2131 5378 eﬂ‘endebatur.

2225 4419 2369 4474 σίτου
2428 4419 2824 4497 πεπληρωμένα
2878 4432 3095 4499 καρπῶν
3157 4425 3323 4489 οὕτως
3375 4413 3748 4505 αγεωργήτων,
3807 4413 3837 4480 ἢ

2222 4505 2426 4581 μᾶλλον
2473 4511 2744 4586 γεωργίων
2788 4514 2960 4584 μόνης
3007 4513 3204 4592 εὐχῆς,
3262 4513 3440 4582 Μηδὲν
3490 4515 3574 4572 οὖν
3621 4514 3646 4566 ὁ
3701 4513 3834 4581 Μαρ-

2220 4597 2400 4657 κιανὸς
2466 4596 2522 4651 ἐν
2567 4601 2738 4670 τούτῳ
2795 4599 3070 4673 μελλήσας
3111 4601 3202 4659 ἕνα
3245 4608 3352 4659 τῶν
3408 4609 3563 4663 αὖτοῦ
3604 4592 3834 4676 μαθτιτών

2222 4683 2306 4740 ἐπὶ
2359 4686 2449 4742 τὸν
2495 4685 2662 4762 μέγαν
2717 4687 2995 4747 Θεοδόσιον
3037 4694 3110 4756 ὡς
3172 4693 3342 4772 τάχος
3391 4693 3669 4768 ἐκπέμπει,
3704 4704 3830 4772 γνω-

2219 4775 2370 4852 ρίζων
2430 4775 2574 4847 αὖτῳ
2625 4786 2715 4836 τοῦ
2766 4778 3077 4856 πράγματος
3134 4781 3194 4836 το
3244 4771 3570 4860 γᾶπόῤῥητον,
3603 4777 3684 4833 καὶ
3734 4771 3832 4844 ἅμα

2219 4863 2350 4938 πρὸς
2396 4865 2673 4921 κοινωνίαν
2705 4871 2803 4932 τῆς
2838 4867 3128 4939 παραδόξου
3180 4870 3299 4931 θέας
3332 4874 3424 4927 τὸν
3468 4868 3621 4947 ἄνδρα
3649 4861 3825 4920 καλῶν.

2218 4953 2312 5014 Ὦς
2372 4951 2460 5008 οὗν
2490 4951 2620 5019 ῆλθε
2683 4955 2776 5010 καί
2809 4957 2983 5028 οὗτος,
3016 4961 3067 5014 αἱ
3125 4959 3222 5032 μὲν
3251 4961 3399 5039 θύραι
3455 4946 3628 5037 βραχύ
3657 4975 3701 5008 τι
3756 4946 3829 5003 δι’

2220 5042 2520 5117 ηνοίγοντο,
2555 5045 2583 5098 6
2642 5057 2790 5105 σῖτος
2844 5044 2894 5101 δὲ
2951 5047 3038 5125 ὑφ’
3091 5049 3276 5108 ἑαυτοῦ
3335 5049 3602 5119 ἐξωθεῖτο,
3648 5041 3831 5115 στέγειν

2218 5135 2320 5196 τῆς
2377 5130 2646 5200 ἀποθήκες
2704 5135 2766 5190 τὸ
2822 5134 3024 5202 πλῆθος
3085 5138 3143 5194 οὒ
3200 5136 3520 5214 δυναμένης,
3566 5133 3657 5192 καί
3711 5126 3828 5186 οῧτω

2218 5219 2383 5283 πολὺς
2443 5219 2506 5287 ῆν
2543 5220 2643 5287 ἔξω
2673 5225 3100 5305 καταχεόμενος.
3165 5235 3326 5286 Τοῦτο
3375 5231 3460 5286 καὶ
3490 5230 3603 5290 τοῖς
3658 5215 3830 5295 προλα-

2219 5308 2396 5366 ϐοῦσιν
2455 5311 2663 5384 ὅμοιον,
2712 5314 2799 5370 καί
2855 5325 2948 5374 τοῦ
3002 5316 3121 5394 περὶ
3167 5319 3290 5379 τοὺς
3349 5318 3535 5394 ἄρτους
3586 5310 3825 5384 θαύματος

483 5393 602 5458 Hoc
620 5409 705 5456 est
727 5401 1018 5470 prioribus
1047 5419 1278 5476 quoque
1309 5405 1516 5475 simile,
1541 5415 1594 5460 et
1618 5405 1900 5464 miraculo
1931 5407 2002 5466 de
2022 5423 2122 5479 pa-

2215 5397 2328 5458 xzt'
2391 5398 2536 5457 οὖδὶν
2611 5401 2886 5483 ἀνόμοιον,
2943 5392 3083 5484 ὅπερ.
3132 5408 3160 5463 6
3219 5407 3345 5482 ἐμὸς
3387 5392 3826 5488 νΧριστὸςπᾶλαι

479 5491 650 5549 nibus
669 5491 818 5547 nihil
842 5493 1142 5559 dissimile,
1166 5493 1320 5565 quod
1351 5495 1490 5553 olim
1521 5510 1683 5552 meus
1706 5495 1892 5552 eﬂecit
1923 5497 2124 5558 Chris-

2215 5493 2622 5567 θαυματουργεῖ.
2694 5491 2848 5548 Ἐπεὶ
2919 5495 3006 5549 καὶ
3077 5495 3172 5568 μία
3232 5498 3443 5553 adv-rus
3520 5491 3601 5550 ἐπ’
3645 5487 3823 5560 ἀμφοῖν

477 5588 575 5642 tus
601 5579 756 5641 95-37.
791 5579 934 5643 Nam
962 5601 1076 5644 una
1097 5586 1341 5648 omnino
1368 5594 1457 5649 est
1486 5585 1800 5670 utriusque
1822 5594 2117 5670 operatio:

2215 5581 2238 5648 ἡ
2298 5577 2556 5660 ἐνέργεια,
2593 5579 2733 5648 πλὴν
2791 5580 2917 5638 ὅσον
2950 5581 3066 5641 ἐκεῖ
3123 5583 3221 5659 μὲν
3251 5586 3406 5652 αὐτὸς
3462 5585 3526 5652 ἦν
3555 5575 3724 5659 παρών
3775 5587 3822 5624 τ⁶

557 5683 697 5735 29.27
725 5685 927 5753 Matth.
967 5707 1064 5754 xiv
1096 5700 1154 5756 et
1185 5709 1280 5758 xv.
