  <div class='ocr_page' id='page_1' title='image "/cluster/home/n/w/nwhite01/storage/ocr_20150623/114/hvd.32044073502254/272.png"; bbox 0 0 4094 6196; ppageno 0'>
   <div class='ocr_carea' id='block_1_1' title="bbox 337 276 465 346">
    <p class='ocr_par' dir='ltr' id='par_1_1' title="bbox 337 276 465 346">
     <span class='ocr_line' id='line_1_1' title="bbox 337 276 465 346; baseline 0.016 -2"><span class='ocrx_word' id='word_1_1' title='bbox 337 276 465 346; x_wconf 87' lang='grc'><strong>533</strong></span> 
     </span>
    </p>
   </div>
   <div class='ocr_carea' id='block_1_2' title="bbox 1328 284 2729 354">
    <p class='ocr_par' dir='ltr' id='par_1_2' title="bbox 1328 284 2729 354">
     <span class='ocr_line' id='line_1_2' title="bbox 1328 284 2729 354; baseline 0.003 -5"><span class='ocrx_word' id='word_1_2' title='bbox 1328 286 1515 350; x_wconf 85' lang='lat' dir='ltr'><strong>VITA</strong></span> <span class='ocrx_word' id='word_1_3' title='bbox 1559 286 1623 349; x_wconf 91' lang='lat' dir='ltr'><strong>S.</strong></span> <span class='ocrx_word' id='word_1_4' title='bbox 1669 287 2076 352; x_wconf 83' lang='lat' dir='ltr'><strong>THEODOSII</strong></span> <span class='ocrx_word' id='word_1_5' title='bbox 2119 284 2729 354; x_wconf 68' lang='lat' dir='ltr'><strong>C(ENOBIARCHIE.</strong></span> 
     </span>
    </p>
   </div>
   <div class='ocr_carea' id='block_1_3' title="bbox 3595 284 3711 353">
    <p class='ocr_par' dir='ltr' id='par_1_3' title="bbox 3595 284 3711 353">
     <span class='ocr_line' id='line_1_3' title="bbox 3595 284 3711 353; baseline 0.034 -3"><span class='ocrx_word' id='word_1_6' title='bbox 3595 284 3711 353; x_wconf 80' lang='grc'><strong>534</strong></span> 
     </span>
    </p>
   </div>
   <div class='ocr_carea' id='block_1_4' title="bbox 335 394 1987 501">
    <p class='ocr_par' dir='ltr' id='par_1_4' title="bbox 335 416 1982 497">
     <span class='ocr_line' id='line_1_4' title="bbox 335 416 1982 497; baseline 0.005 -27"><span class='ocrx_word' id='word_1_7' title='bbox 335 416 443 472; x_wconf 71' lang='grc' dir='ltr'><strong>καῖ</strong></span> <span class='ocrx_word' id='word_1_8' title='bbox 487 420 927 495; x_wconf 83' lang='grc' dir='ltr'>θαυματουργῶν,</span> <span class='ocrx_word' id='word_1_9' title='bbox 984 417 1205 476; x_wconf 71' lang='grc' dir='ltr'>ἐνταῦθα</span> <span class='ocrx_word' id='word_1_10' title='bbox 1240 419 1294 475; x_wconf 81' lang='grc' dir='ltr'>δὲ</span> <span class='ocrx_word' id='word_1_11' title='bbox 1348 426 1426 493; x_wconf 83' lang='grc' dir='ltr'><strong>τῷ</strong></span> <span class='ocrx_word' id='word_1_12' title='bbox 1476 421 1653 495; x_wconf 80' lang='grc' dir='ltr'>οἰκείῳ</span> <span class='ocrx_word' id='word_1_13' title='bbox 1698 421 1982 497; x_wconf 72' lang='grc' dir='ltr'><strong>θεράποντι</strong></span> 
     </span>
    </p>
   </div>
   <div class='ocr_carea' id='block_1_5' title="bbox 2077 394 3709 501">
    <p class='ocr_par' dir='ltr' id='par_1_5' title="bbox 2077 418 3709 501">
     <span class='ocr_line' id='line_1_5' title="bbox 2077 418 3709 501; baseline -0.001 -20"><span class='ocrx_word' id='word_1_14' title='bbox 2077 420 2184 482; x_wconf 86' lang='lat' dir='ltr'><strong>nisi</strong></span> <span class='ocrx_word' id='word_1_15' title='bbox 2213 420 2373 501; x_wconf 88' lang='lat' dir='ltr'><strong>quod</strong></span> <span class='ocrx_word' id='word_1_16' title='bbox 2406 420 2527 482; x_wconf 90' lang='lat' dir='ltr'><strong>illic</strong></span> <span class='ocrx_word' id='word_1_17' title='bbox 2558 419 2802 500; x_wconf 86' lang='lat' dir='ltr'><strong>quidem</strong></span> <span class='ocrx_word' id='word_1_18' title='bbox 2833 419 2964 499; x_wconf 90' lang='lat' dir='ltr'><strong>ipse</strong></span> <span class='ocrx_word' id='word_1_19' title='bbox 2986 428 3114 482; x_wconf 88' lang='lat' dir='ltr'><strong>erat</strong></span> <span class='ocrx_word' id='word_1_20' title='bbox 3143 436 3407 500; x_wconf 59' lang='lat' dir='ltr'><strong>praesens</strong></span> <span class='ocrx_word' id='word_1_21' title='bbox 3423 427 3483 481; x_wconf 89' lang='lat' dir='ltr'><strong>et</strong></span> <span class='ocrx_word' id='word_1_22' title='bbox 3510 418 3709 481; x_wconf 88' lang='lat' dir='ltr'><strong>admi-</strong></span> 
     </span>
    </p>
   </div>
   <div class='ocr_carea' id='block_1_6' title="bbox 338 504 1984 586">
    <p class='ocr_par' dir='ltr' id='par_1_6' title="bbox 338 504 1984 586">
     <span class='ocr_line' id='line_1_6' title="bbox 338 504 1984 586; baseline 0.003 -28"><span class='ocrx_word' id='word_1_23' title='bbox 338 512 439 561; x_wconf 86' lang='grc' dir='ltr'><strong>τοῦ</strong></span> <span class='ocrx_word' id='word_1_24' title='bbox 494 504 760 577; x_wconf 86' lang='grc' dir='ltr'>θαύματος</span> <span class='ocrx_word' id='word_1_25' title='bbox 819 504 1064 583; x_wconf 72' lang='grc' dir='ltr'>ὑπηρέτῃ</span> <span class='ocrx_word' id='word_1_26' title='bbox 1122 508 1429 586; x_wconf 82' lang='grc' dir='ltr'>χρώμενος,</span> <span class='ocrx_word' id='word_1_27' title='bbox 1503 506 1685 586; x_wconf 82' lang='grc' dir='ltr'>ὥσπερ</span> <span class='ocrx_word' id='word_1_28' title='bbox 1742 504 1842 581; x_wconf 81' lang='grc' dir='ltr'><strong>ἄρα</strong></span> <span class='ocrx_word' id='word_1_29' title='bbox 1886 512 1984 565; x_wconf 67' lang='grc' dir='ltr'>καὶ</span> 
     </span>
    </p>
   </div>
   <div class='ocr_carea' id='block_1_7' title="bbox 335 591 1987 674">
    <p class='ocr_par' dir='ltr' id='par_1_7' title="bbox 335 591 1987 674">
     <span class='ocr_line' id='line_1_7' title="bbox 335 591 1987 674; baseline 0.004 -28"><span class='ocrx_word' id='word_1_30' title='bbox 335 604 470 656; x_wconf 86' lang='grc' dir='ltr'>τοῖς</span> <span class='ocrx_word' id='word_1_31' title='bbox 529 591 851 655; x_wconf 75' lang='grc' dir='ltr'>ἀποστόλοις</span> <span class='ocrx_word' id='word_1_32' title='bbox 910 594 1192 674; x_wconf 87' lang='grc' dir='ltr'>πρότερον.</span> <span class='ocrx_word' id='word_1_33' title='bbox 1231 597 1376 653; x_wconf 80' lang='grc' dir='ltr'>Μετὰ</span> <span class='ocrx_word' id='word_1_34' title='bbox 1430 603 1557 674; x_wconf 87' lang='grc' dir='ltr'>γοῦν</span> <span class='ocrx_word' id='word_1_35' title='bbox 1585 605 1741 657; x_wconf 87' lang='grc' dir='ltr'>τοῦτο</span> <span class='ocrx_word' id='word_1_36' title='bbox 1784 595 1869 655; x_wconf 87' lang='grc' dir='ltr'><strong>δεῖ</strong></span> <span class='ocrx_word' id='word_1_37' title='bbox 1899 596 1987 655; x_wconf 82' lang='grc' dir='ltr'><strong>καὶ</strong></span> 
     </span>
    </p>
   </div>
   <div class='ocr_carea' id='block_1_8' title="bbox 338 678 1006 754">
    <p class='ocr_par' dir='ltr' id='par_1_8' title="bbox 338 678 1006 754">
     <span class='ocr_line' id='line_1_8' title="bbox 338 678 1006 754; baseline 0.012 -19"><span class='ocrx_word' id='word_1_38' title='bbox 338 678 552 737; x_wconf 70' lang='grc' dir='ltr'>ἐκείνου</span> <span class='ocrx_word' id='word_1_39' title='bbox 585 680 1006 754; x_wconf 74' lang='grc' dir='ltr'>ἐπιμνησθῆναι.</span> 
     </span>
    </p>
   </div>
   <div class='ocr_carea' id='block_1_9' title="bbox 2070 506 3709 584">
    <p class='ocr_par' dir='ltr' id='par_1_9' title="bbox 2070 506 3709 584">
     <span class='ocr_line' id='line_1_9' title="bbox 2070 506 3709 584; baseline 0 -13"><span class='ocrx_word' id='word_1_40' title='bbox 2070 508 2372 584; x_wconf 88' lang='lat' dir='ltr'><strong>nistrans;</strong></span> <span class='ocrx_word' id='word_1_41' title='bbox 2406 510 2503 570; x_wconf 86' lang='lat' dir='ltr'><strong>hic</strong></span> <span class='ocrx_word' id='word_1_42' title='bbox 2561 516 2759 571; x_wconf 90' lang='lat' dir='ltr'><strong>autem</strong></span> <span class='ocrx_word' id='word_1_43' title='bbox 2813 527 2923 570; x_wconf 89' lang='lat' dir='ltr'><strong>suo</strong></span> <span class='ocrx_word' id='word_1_44' title='bbox 2977 508 3199 571; x_wconf 78' lang='lat' dir='ltr'><strong>famulo</strong></span> <span class='ocrx_word' id='word_1_45' title='bbox 3232 518 3405 570; x_wconf 87' lang='lat' dir='ltr'><strong>utens</strong></span> <span class='ocrx_word' id='word_1_46' title='bbox 3433 506 3709 571; x_wconf 88' lang='lat' dir='ltr'><strong>ministro</strong></span> 
     </span>
    </p>
   </div>
   <div class='ocr_carea' id='block_1_10' title="bbox 2070 597 3708 677">
    <p class='ocr_par' dir='ltr' id='par_1_10' title="bbox 2070 597 3708 677">
     <span class='ocr_line' id='line_1_10' title="bbox 2070 597 3708 677; baseline 0.002 -18"><span class='ocrx_word' id='word_1_47' title='bbox 2070 597 2375 672; x_wconf 83' lang='lat' dir='ltr'><strong>miraculi,</strong></span> <span class='ocrx_word' id='word_1_48' title='bbox 2410 598 2561 658; x_wconf 83' lang='lat' dir='ltr'><strong>sicut</strong></span> <span class='ocrx_word' id='word_1_49' title='bbox 2596 597 2762 675; x_wconf 89' lang='lat' dir='ltr'><strong>prius</strong></span> <span class='ocrx_word' id='word_1_50' title='bbox 2813 615 3051 676; x_wconf 89' lang='lat' dir='ltr'><strong>quoque</strong></span> <span class='ocrx_word' id='word_1_51' title='bbox 3081 598 3389 677; x_wconf 86' lang='lat' dir='ltr'><strong>apostolis.</strong></span> <span class='ocrx_word' id='word_1_52' title='bbox 3426 599 3567 663; x_wconf 82' lang='lat' dir='ltr'><strong>Post</strong></span> <span class='ocrx_word' id='word_1_53' title='bbox 3592 598 3708 662; x_wconf 84' lang='lat' dir='ltr'><strong>hoc</strong></span> 
     </span>
    </p>
   </div>
   <div class='ocr_carea' id='block_1_11' title="bbox 2067 683 3406 766">
    <p class='ocr_par' dir='ltr' id='par_1_11' title="bbox 2067 683 3406 766">
     <span class='ocr_line' id='line_1_11' title="bbox 2067 683 3406 766; baseline 0 -17"><span class='ocrx_word' id='word_1_54' title='bbox 2067 694 2267 749; x_wconf 84' lang='lat' dir='ltr'><strong>autem</strong></span> <span class='ocrx_word' id='word_1_55' title='bbox 2297 692 2533 766; x_wconf 91' lang='lat' dir='ltr'><strong>oportet</strong></span> <span class='ocrx_word' id='word_1_56' title='bbox 2562 684 2723 747; x_wconf 91' lang='lat' dir='ltr'><strong>illius</strong></span> <span class='ocrx_word' id='word_1_57' title='bbox 2752 703 2997 766; x_wconf 89' lang='lat' dir='ltr'><strong>quoque</strong></span> <span class='ocrx_word' id='word_1_58' title='bbox 3034 683 3406 749; x_wconf 86' lang='lat' dir='ltr'><strong>meminisse.</strong></span> 
     </span>
    </p>
   </div>
   <div class='ocr_carea' id='block_1_12' title="bbox 1831 844 2226 904">
    <p class='ocr_par' dir='ltr' id='par_1_12' title="bbox 1831 844 2226 904">
     <span class='ocr_line' id='line_1_12' title="bbox 1831 844 2226 904; baseline -0.005 0"><span class='ocrx_word' id='word_1_59' title='bbox 1831 844 2061 904; x_wconf 81' lang='lat' dir='ltr'><strong>CAPUT</strong></span> <span class='ocrx_word' id='word_1_60' title='bbox 2117 845 2226 903; x_wconf 82' lang='lat' dir='ltr'><strong>XV.</strong></span> 
     </span>
    </p>
   </div>
   <div class='ocr_carea' id='block_1_13' title="bbox 1127 970 2926 1052">
    <p class='ocr_par' dir='ltr' id='par_1_13' title="bbox 1127 970 2926 1052">
     <span class='ocr_line' id='line_1_13' title="bbox 1127 970 2926 1052; baseline -0.003 -17"><span class='ocrx_word' id='word_1_61' title='bbox 1127 971 1585 1036; x_wconf 74' lang='lat' dir='ltr'><strong>Submem‘onis</strong></span> <span class='ocrx_word' id='word_1_62' title='bbox 1644 971 2143 1052; x_wconf 79' lang='lat' dir='ltr'><strong>abortionumque</strong></span> <span class='ocrx_word' id='word_1_63' title='bbox 2196 970 2513 1052; x_wconf 75' lang='lat' dir='ltr'><strong>depulsum</strong></span> <span class='ocrx_word' id='word_1_64' title='bbox 2564 970 2926 1049; x_wconf 74' lang='lat' dir='ltr'><strong>periculum.</strong></span> 
     </span>
    </p>
   </div>
   <div class='ocr_carea' id='block_1_14' title="bbox 428 1127 1987 1212">
    <p class='ocr_par' dir='ltr' id='par_1_14' title="bbox 428 1127 1987 1212">
     <span class='ocr_line' id='line_1_14' title="bbox 428 1127 1987 1212; baseline 0.004 -28"><span class='ocrx_word' id='word_1_65' title='bbox 428 1127 534 1208; x_wconf 80' lang='grc' dir='ltr'>ξγ’,</span> <span class='ocrx_word' id='word_1_66' title='bbox 580 1130 716 1199; x_wconf 70' lang='grc' dir='ltr'>Γυνή</span> <span class='ocrx_word' id='word_1_67' title='bbox 761 1151 843 1195; x_wconf 84' lang='grc' dir='ltr'><strong>τις</strong></span> <span class='ocrx_word' id='word_1_68' title='bbox 880 1127 1104 1208; x_wconf 75' lang='grc' dir='ltr'><strong>πατρίδα</strong></span> <span class='ocrx_word' id='word_1_69' title='bbox 1146 1132 1245 1206; x_wconf 74' lang='grc' dir='ltr'>μὲν</span> <span class='ocrx_word' id='word_1_70' title='bbox 1303 1134 1540 1212; x_wconf 76' lang='grc' dir='ltr'>αῦχοῦσα</span> <span class='ocrx_word' id='word_1_71' title='bbox 1583 1133 1679 1200; x_wconf 78' lang='grc' dir='ltr'><strong>τὴν</strong></span> <span class='ocrx_word' id='word_1_72' title='bbox 1729 1132 1987 1199; x_wconf 77' lang='grc' dir='ltr'>Ἀλεξάν-</span> 
     </span>
    </p>
   </div>
   <div class='ocr_carea' id='block_1_15' title="bbox 340 1216 1988 1300">
    <p class='ocr_par' dir='ltr' id='par_1_15' title="bbox 340 1216 1988 1300">
     <span class='ocr_line' id='line_1_15' title="bbox 340 1216 1988 1300; baseline 0.002 -27"><span class='ocrx_word' id='word_1_73' title='bbox 340 1217 547 1293; x_wconf 79' lang='grc' dir='ltr'>δρειαν,</span> <span class='ocrx_word' id='word_1_74' title='bbox 595 1218 811 1291; x_wconf 82' lang='grc' dir='ltr'>πλούτῳ</span> <span class='ocrx_word' id='word_1_75' title='bbox 841 1216 896 1275; x_wconf 75' lang='grc' dir='ltr'>δὲ</span> <span class='ocrx_word' id='word_1_76' title='bbox 947 1220 1172 1293; x_wconf 76' lang='grc' dir='ltr'>κομῶσα</span> <span class='ocrx_word' id='word_1_77' title='bbox 1229 1221 1408 1300; x_wconf 82' lang='grc' dir='ltr'>βαθεῖ,</span> <span class='ocrx_word' id='word_1_78' title='bbox 1473 1219 1712 1299; x_wconf 82' lang='grc' dir='ltr'><strong>λεγέσθω</strong></span> <span class='ocrx_word' id='word_1_79' title='bbox 1766 1224 1853 1279; x_wconf 82' lang='grc' dir='ltr'><strong>καὶ</strong></span> <span class='ocrx_word' id='word_1_80' title='bbox 1912 1228 1988 1296; x_wconf 86' lang='grc' dir='ltr'>τῷ</span> 
     </span>
    </p>
   </div>
   <div class='ocr_carea' id='block_1_16' title="bbox 338 1306 1988 1385">
    <p class='ocr_par' dir='ltr' id='par_1_16' title="bbox 338 1306 1988 1385">
     <span class='ocr_line' id='line_1_16' title="bbox 338 1306 1988 1385; baseline -0.001 -20"><span class='ocrx_word' id='word_1_81' title='bbox 338 1306 539 1381; x_wconf 78' lang='grc' dir='ltr'>πολὶῷ</span> <span class='ocrx_word' id='word_1_82' title='bbox 563 1322 810 1382; x_wconf 81' lang='grc' dir='ltr'>κρεῖττον</span> <span class='ocrx_word' id='word_1_83' title='bbox 840 1309 1007 1374; x_wconf 73' lang='grc' dir='ltr'>αὐτῆς</span> <span class='ocrx_word' id='word_1_84' title='bbox 1068 1309 1153 1365; x_wconf 74' lang='grc' dir='ltr'><strong>καὶ</strong></span> <span class='ocrx_word' id='word_1_85' title='bbox 1210 1307 1426 1376; x_wconf 78' lang='grc' dir='ltr'>δοθῆναι</span> <span class='ocrx_word' id='word_1_86' title='bbox 1457 1310 1665 1385; x_wconf 83' lang='grc' dir='ltr'>μᾶλλον</span> <span class='ocrx_word' id='word_1_87' title='bbox 1694 1313 1767 1375; x_wconf 76' lang='grc' dir='ltr'>εἷς</span> <span class='ocrx_word' id='word_1_88' title='bbox 1818 1310 1988 1379; x_wconf 69' lang='grc' dir='ltr'>ἀκοήν</span> 
     </span>
    </p>
   </div>
   <div class='ocr_carea' id='block_1_17' title="bbox 338 1396 1987 1479">
    <p class='ocr_par' dir='ltr' id='par_1_17' title="bbox 338 1396 1987 1479">
     <span class='ocr_line' id='line_1_17' title="bbox 338 1396 1987 1479; baseline 0.002 -27"><span class='ocrx_word' id='word_1_89' title='bbox 338 1396 515 1470; x_wconf 70' lang='grc' dir='ltr'>ἄξιον,</span> <span class='ocrx_word' id='word_1_90' title='bbox 576 1396 657 1454; x_wconf 83' lang='grc' dir='ltr'>ὅτι</span> <span class='ocrx_word' id='word_1_91' title='bbox 713 1397 801 1453; x_wconf 85' lang='grc' dir='ltr'><strong>καὶ</strong></span> <span class='ocrx_word' id='word_1_92' title='bbox 861 1397 1161 1454; x_wconf 77' lang='grc' dir='ltr'><strong>πλουτοῦσα</strong></span> <span class='ocrx_word' id='word_1_93' title='bbox 1218 1401 1400 1477; x_wconf 83' lang='grc' dir='ltr'>τρόπω</span> <span class='ocrx_word' id='word_1_94' title='bbox 1454 1407 1704 1479; x_wconf 80' lang='grc' dir='ltr'>χρηστῷ,</span> <span class='ocrx_word' id='word_1_95' title='bbox 1758 1401 1845 1456; x_wconf 83' lang='grc' dir='ltr'><strong>καὶ</strong></span> <span class='ocrx_word' id='word_1_96' title='bbox 1872 1400 1987 1476; x_wconf 85' lang='grc' dir='ltr'>βίου</span> 
     </span>
    </p>
   </div>
   <div class='ocr_carea' id='block_1_18' title="bbox 338 1486 1987 1567">
    <p class='ocr_par' dir='ltr' id='par_1_18' title="bbox 338 1486 1987 1567">
     <span class='ocr_line' id='line_1_18' title="bbox 338 1486 1987 1567; baseline 0.002 -24"><span class='ocrx_word' id='word_1_97' title='bbox 338 1488 610 1561; x_wconf 80' lang='grc' dir='ltr'>πρόνοιαν</span> <span class='ocrx_word' id='word_1_98' title='bbox 667 1489 941 1567; x_wconf 59' lang='grc' dir='ltr'>θεοφιλοῦς</span> <span class='ocrx_word' id='word_1_99' title='bbox 1000 1488 1222 1566; x_wconf 79' lang='grc' dir='ltr'>ἔχουσα,</span> <span class='ocrx_word' id='word_1_100' title='bbox 1275 1488 1444 1562; x_wconf 74' lang='grc' dir='ltr'>Αὕτη,</span> <span class='ocrx_word' id='word_1_101' title='bbox 1478 1490 1570 1546; x_wconf 81' lang='grc' dir='ltr'>τὸν</span> <span class='ocrx_word' id='word_1_102' title='bbox 1598 1489 1711 1546; x_wconf 74' lang='grc' dir='ltr'>υἱὸν</span> <span class='ocrx_word' id='word_1_103' title='bbox 1754 1486 1987 1546; x_wconf 75' lang='grc' dir='ltr'>λαϐοῦσα</span> 
     </span>
    </p>
   </div>
   <div class='ocr_carea' id='block_1_19' title="bbox 342 1574 1988 1656">
    <p class='ocr_par' dir='ltr' id='par_1_19' title="bbox 342 1574 1988 1656">
     <span class='ocr_line' id='line_1_19' title="bbox 342 1574 1988 1656; baseline 0.003 -25"><span class='ocrx_word' id='word_1_104' title='bbox 342 1574 672 1654; x_wconf 70' lang='grc' dir='ltr'>(μονογενὴς</span> <span class='ocrx_word' id='word_1_105' title='bbox 730 1574 784 1631; x_wconf 77' lang='grc' dir='ltr'>δὲ</span> <span class='ocrx_word' id='word_1_106' title='bbox 841 1578 992 1639; x_wconf 82' lang='grc' dir='ltr'>οὗτος</span> <span class='ocrx_word' id='word_1_107' title='bbox 1054 1578 1212 1656; x_wconf 72' lang='grc' dir='ltr'>αὐτῇ,</span> <span class='ocrx_word' id='word_1_108' title='bbox 1272 1577 1366 1634; x_wconf 83' lang='grc' dir='ltr'>καί</span> <span class='ocrx_word' id='word_1_109' title='bbox 1426 1579 1587 1654; x_wconf 83' lang='grc' dir='ltr'>μόνος</span> <span class='ocrx_word' id='word_1_110' title='bbox 1646 1575 1878 1652; x_wconf 78' lang='grc' dir='ltr'>ἀκριϐῶς</span> <span class='ocrx_word' id='word_1_111' title='bbox 1921 1580 1988 1636; x_wconf 77' lang='grc' dir='ltr'>τὰ</span> 
     </span>
    </p>
   </div>
   <div class='ocr_carea' id='block_1_20' title="bbox 334 1663 1985 1748">
    <p class='ocr_par' dir='ltr' id='par_1_20' title="bbox 334 1663 1985 1748">
     <span class='ocr_line' id='line_1_20' title="bbox 334 1663 1985 1748; baseline 0.003 -28"><span class='ocrx_word' id='word_1_112' title='bbox 334 1671 440 1720; x_wconf 84' lang='grc' dir='ltr'><strong>τοῦ</strong></span> <span class='ocrx_word' id='word_1_113' title='bbox 496 1663 678 1742; x_wconf 70' lang='grc' dir='ltr'>γένους</span> <span class='ocrx_word' id='word_1_114' title='bbox 735 1664 1015 1744; x_wconf 81' lang='grc' dir='ltr'>σπέρματα</span> <span class='ocrx_word' id='word_1_115' title='bbox 1054 1665 1256 1739; x_wconf 77' lang='grc' dir='ltr'>σώζων,</span> <span class='ocrx_word' id='word_1_116' title='bbox 1291 1666 1347 1721; x_wconf 76' lang='grc' dir='ltr'>ἐν</span> <span class='ocrx_word' id='word_1_117' title='bbox 1389 1668 1610 1745; x_wconf 82' lang='grc' dir='ltr'>ἐαυτῷ),</span> <span class='ocrx_word' id='word_1_118' title='bbox 1644 1666 1825 1748; x_wconf 75' lang='grc' dir='ltr'>ἐφοίτα</span> <span class='ocrx_word' id='word_1_119' title='bbox 1855 1669 1985 1745; x_wconf 68' lang='grc' dir='ltr'>πρὸς</span> 
     </span>
    </p>
   </div>
   <div class='ocr_carea' id='block_1_21' title="bbox 337 1753 1985 1833">
    <p class='ocr_par' dir='ltr' id='par_1_21' title="bbox 337 1753 1985 1833">
     <span class='ocr_line' id='line_1_21' title="bbox 337 1753 1985 1833; baseline 0.002 -23"><span class='ocrx_word' id='word_1_120' title='bbox 337 1753 448 1821; x_wconf 77' lang='grc' dir='ltr'>τὴν</span> <span class='ocrx_word' id='word_1_121' title='bbox 504 1753 700 1826; x_wconf 74' lang='grc' dir='ltr'>μονῆν,</span> <span class='ocrx_word' id='word_1_122' title='bbox 745 1756 833 1812; x_wconf 84' lang='grc' dir='ltr'><strong>καὶ</strong></span> <span class='ocrx_word' id='word_1_123' title='bbox 874 1758 995 1819; x_wconf 76' lang='grc' dir='ltr'>τοῖς</span> <span class='ocrx_word' id='word_1_124' title='bbox 1027 1759 1180 1812; x_wconf 86' lang='grc' dir='ltr'>ποσὶν</span> <span class='ocrx_word' id='word_1_125' title='bbox 1214 1756 1371 1812; x_wconf 73' lang='grc' dir='ltr'>αότὸν</span> <span class='ocrx_word' id='word_1_126' title='bbox 1398 1757 1491 1813; x_wconf 90' lang='grc' dir='ltr'><strong>τοῦ</strong></span> <span class='ocrx_word' id='word_1_127' title='bbox 1522 1755 1759 1833; x_wconf 75' lang='grc' dir='ltr'>μεγάλου</span> <span class='ocrx_word' id='word_1_128' title='bbox 1788 1754 1985 1813; x_wconf 86' lang='grc' dir='ltr'>Θεοδο-</span> 
     </span>
    </p>
   </div>
   <div class='ocr_carea' id='block_1_22' title="bbox 337 1844 1987 1922">
    <p class='ocr_par' dir='ltr' id='par_1_22' title="bbox 337 1844 1987 1922">
     <span class='ocr_line' id='line_1_22' title="bbox 337 1844 1987 1922; baseline 0.001 -23"><span class='ocrx_word' id='word_1_129' title='bbox 337 1845 463 1899; x_wconf 79' lang='grc' dir='ltr'>σίου</span> <span class='ocrx_word' id='word_1_130' title='bbox 517 1844 807 1920; x_wconf 71' lang='grc' dir='ltr'>προσῆγεν.</span> <span class='ocrx_word' id='word_1_131' title='bbox 868 1847 928 1903; x_wconf 86' lang='grc' dir='ltr'>Ὀ</span> <span class='ocrx_word' id='word_1_132' title='bbox 993 1858 1119 1902; x_wconf 81' lang='grc' dir='ltr'>παῖς</span> <span class='ocrx_word' id='word_1_133' title='bbox 1179 1844 1362 1917; x_wconf 81' lang='grc' dir='ltr'>μέντοι</span> <span class='ocrx_word' id='word_1_134' title='bbox 1420 1847 1508 1902; x_wconf 87' lang='grc' dir='ltr'><strong>καὶ</strong></span> <span class='ocrx_word' id='word_1_135' title='bbox 1578 1848 1699 1922; x_wconf 86' lang='grc' dir='ltr'>πρὶν</span> <span class='ocrx_word' id='word_1_136' title='bbox 1750 1846 1786 1914; x_wconf 75' lang='grc' dir='ltr'><strong>ἢ</strong></span> <span class='ocrx_word' id='word_1_137' title='bbox 1844 1845 1987 1922; x_wconf 72' lang='grc' dir='ltr'>παρὰ</span> 
     </span>
    </p>
   </div>
   <div class='ocr_carea' id='block_1_23' title="bbox 334 1933 1985 2013">
    <p class='ocr_par' dir='ltr' id='par_1_23' title="bbox 334 1933 1985 2013">
     <span class='ocr_line' id='line_1_23' title="bbox 334 1933 1985 2013; baseline 0.002 -25"><span class='ocrx_word' id='word_1_138' title='bbox 334 1933 444 2000; x_wconf 69' lang='grc' dir='ltr'>τῆς</span> <span class='ocrx_word' id='word_1_139' title='bbox 479 1935 680 2010; x_wconf 77' lang='grc' dir='ltr'>μητρὸς</span> <span class='ocrx_word' id='word_1_140' title='bbox 709 1938 1109 2013; x_wconf 73' lang='grc' dir='ltr'>προσαχθῆναι,</span> <span class='ocrx_word' id='word_1_141' title='bbox 1144 1936 1217 2000; x_wconf 85' lang='grc' dir='ltr'>ὡς</span> <span class='ocrx_word' id='word_1_142' title='bbox 1270 1934 1537 2013; x_wconf 77' lang='grc' dir='ltr'>πόῤῥωθεν</span> <span class='ocrx_word' id='word_1_143' title='bbox 1573 1934 1679 1991; x_wconf 78' lang='grc' dir='ltr'>ἴδοι</span> <span class='ocrx_word' id='word_1_144' title='bbox 1726 1939 1818 1992; x_wconf 67' lang='grc' dir='ltr'><strong>τοι</strong></span> <span class='ocrx_word' id='word_1_145' title='bbox 1851 1943 1985 1991; x_wconf 84' lang='grc' dir='ltr'>Θεο-</span> 
     </span>
    </p>
   </div>
   <div class='ocr_carea' id='block_1_24' title="bbox 336 2021 1987 2104">
    <p class='ocr_par' dir='ltr' id='par_1_24' title="bbox 336 2021 1987 2104">
     <span class='ocr_line' id='line_1_24' title="bbox 336 2021 1987 2104; baseline 0.002 -25"><span class='ocrx_word' id='word_1_146' title='bbox 336 2021 548 2094; x_wconf 77' lang='grc' dir='ltr'>δόσιον,</span> <span class='ocrx_word' id='word_1_147' title='bbox 606 2022 751 2084; x_wconf 63' lang='grc' dir='ltr'>εόθὺς</span> <span class='ocrx_word' id='word_1_148' title='bbox 831 2031 1013 2080; x_wconf 65' lang='grc' dir='ltr'>τοί-τον</span> <span class='ocrx_word' id='word_1_149' title='bbox 1069 2024 1279 2080; x_wconf 81' lang='grc' dir='ltr'>ἐκεῖνον</span> <span class='ocrx_word' id='word_1_150' title='bbox 1342 2025 1486 2081; x_wconf 72' lang='grc' dir='ltr'>εἶναι</span> <span class='ocrx_word' id='word_1_151' title='bbox 1543 2025 1857 2104; x_wconf 71' lang='grc' dir='ltr'>ἀνέκραγεν,</span> <span class='ocrx_word' id='word_1_152' title='bbox 1929 2026 1987 2087; x_wconf 86' lang='grc' dir='ltr'>ὃς</span> 
     </span>
    </p>
   </div>
   <div class='ocr_carea' id='block_1_25' title="bbox 2150 1130 3711 1213">
    <p class='ocr_par' dir='ltr' id='par_1_25' title="bbox 2150 1130 3711 1213">
     <span class='ocr_line' id='line_1_25' title="bbox 2150 1130 3711 1213; baseline 0.002 -19"><span class='ocrx_word' id='word_1_153' title='bbox 2150 1132 2468 1196; x_wconf 77' lang='lat' dir='ltr'><strong>63.Mulier</strong></span> <span class='ocrx_word' id='word_1_154' title='bbox 2485 1130 2778 1212; x_wconf 65' lang='lat' dir='ltr'><strong>quaedam,</strong></span> <span class='ocrx_word' id='word_1_155' title='bbox 2807 1132 2907 1193; x_wconf 92' lang='lat' dir='ltr'><strong>cui</strong></span> <span class='ocrx_word' id='word_1_156' title='bbox 2929 1130 3179 1209; x_wconf 78' lang='lat' dir='ltr'><strong>insignis</strong></span> <span class='ocrx_word' id='word_1_157' title='bbox 3202 1133 3390 1213; x_wconf 84' lang='lat' dir='ltr'><strong>patria</strong></span> <span class='ocrx_word' id='word_1_158' title='bbox 3413 1143 3539 1195; x_wconf 89' lang='lat' dir='ltr'><strong>erat</strong></span> <span class='ocrx_word' id='word_1_159' title='bbox 3566 1135 3711 1198; x_wconf 84' lang='lat' dir='ltr'><strong>Ale-</strong></span> 
     </span>
    </p>
   </div>
   <div class='ocr_carea' id='block_1_26' title="bbox 2069 1218 3711 1303">
    <p class='ocr_par' dir='ltr' id='par_1_26' title="bbox 2069 1218 3711 1303">
     <span class='ocr_line' id='line_1_26' title="bbox 2069 1218 3711 1303; baseline 0.002 -21"><span class='ocrx_word' id='word_1_160' title='bbox 2069 1218 2694 1302; x_wconf 80' lang='lat' dir='ltr'><strong>xandria,ingentibus</strong></span> <span class='ocrx_word' id='word_1_161' title='bbox 2721 1227 2921 1281; x_wconf 89' lang='lat' dir='ltr'><strong>autem</strong></span> <span class='ocrx_word' id='word_1_162' title='bbox 2953 1219 3295 1282; x_wconf 78' lang='lat' dir='ltr'><strong>abundabat</strong></span> <span class='ocrx_word' id='word_1_163' title='bbox 3324 1222 3539 1303; x_wconf 91' lang='lat' dir='ltr'><strong>opibus</strong></span> <span class='ocrx_word' id='word_1_164' title='bbox 3570 1244 3585 1284; x_wconf 89' lang='lat'><strong>:</strong></span> <span class='ocrx_word' id='word_1_165' title='bbox 3620 1223 3711 1284; x_wconf 88' lang='lat' dir='ltr'><strong>di-</strong></span> 
     </span>
    </p>
   </div>
   <div class='ocr_carea' id='block_1_27' title="bbox 2071 1307 3714 1389">
    <p class='ocr_par' dir='ltr' id='par_1_27' title="bbox 2071 1307 3714 1389">
     <span class='ocr_line' id='line_1_27' title="bbox 2071 1307 3714 1389; baseline 0 -18"><span class='ocrx_word' id='word_1_166' title='bbox 2071 1320 2238 1372; x_wconf 91' lang='lat' dir='ltr'><strong>catur</strong></span> <span class='ocrx_word' id='word_1_167' title='bbox 2269 1310 2329 1371; x_wconf 87' lang='lat' dir='ltr'><strong>id</strong></span> <span class='ocrx_word' id='word_1_168' title='bbox 2357 1309 2535 1370; x_wconf 86' lang='lat' dir='ltr'><strong>etiam</strong></span> <span class='ocrx_word' id='word_1_169' title='bbox 2569 1310 2729 1389; x_wconf 88' lang='lat' dir='ltr'><strong>quod</strong></span> <span class='ocrx_word' id='word_1_170' title='bbox 2782 1316 2909 1369; x_wconf 88' lang='lat' dir='ltr'><strong>erat</strong></span> <span class='ocrx_word' id='word_1_171' title='bbox 2968 1307 3028 1369; x_wconf 92' lang='lat' dir='ltr'><strong>in</strong></span> <span class='ocrx_word' id='word_1_172' title='bbox 3087 1326 3156 1369; x_wconf 89' lang='lat' dir='ltr'><strong>ea</strong></span> <span class='ocrx_word' id='word_1_173' title='bbox 3190 1310 3377 1371; x_wconf 89' lang='lat' dir='ltr'><strong>multo</strong></span> <span class='ocrx_word' id='word_1_174' title='bbox 3410 1311 3624 1373; x_wconf 90' lang='lat' dir='ltr'><strong>melius</strong></span> <span class='ocrx_word' id='word_1_175' title='bbox 3651 1320 3714 1372; x_wconf 90' lang='lat' dir='ltr'><strong>et</strong></span> 
     </span>
    </p>
   </div>
   <div class='ocr_carea' id='block_1_28' title="bbox 2070 1396 3715 1481">
    <p class='ocr_par' dir='ltr' id='par_1_28' title="bbox 2070 1396 3715 1481">
     <span class='ocr_line' id='line_1_28' title="bbox 2070 1396 3715 1481; baseline 0 -21"><span class='ocrx_word' id='word_1_176' title='bbox 2070 1399 2307 1475; x_wconf 78' lang='lat' dir='ltr'><strong>dignius</strong></span> <span class='ocrx_word' id='word_1_177' title='bbox 2339 1398 2495 1479; x_wconf 89' lang='lat' dir='ltr'><strong>quod</strong></span> <span class='ocrx_word' id='word_1_178' title='bbox 2529 1396 2911 1459; x_wconf 81' lang='lat' dir='ltr'><strong>commitatur</strong></span> <span class='ocrx_word' id='word_1_179' title='bbox 2940 1397 3441 1480; x_wconf 87' lang='lat' dir='ltr'><strong>auribus,nempe</strong></span> <span class='ocrx_word' id='word_1_180' title='bbox 3470 1399 3629 1481; x_wconf 90' lang='lat' dir='ltr'><strong>quod</strong></span> <span class='ocrx_word' id='word_1_181' title='bbox 3654 1407 3715 1462; x_wconf 89' lang='lat' dir='ltr'><strong>et</strong></span> 
     </span>
    </p>
   </div>
   <div class='ocr_carea' id='block_1_29' title="bbox 2071 1486 3714 1569">
    <p class='ocr_par' dir='ltr' id='par_1_29' title="bbox 2071 1486 3714 1569">
     <span class='ocr_line' id='line_1_29' title="bbox 2071 1486 3714 1569; baseline 0.001 -19"><span class='ocrx_word' id='word_1_182' title='bbox 2071 1488 2237 1550; x_wconf 83' lang='lat' dir='ltr'><strong>dives</strong></span> <span class='ocrx_word' id='word_1_183' title='bbox 2266 1498 2397 1551; x_wconf 88' lang='lat' dir='ltr'><strong>erat</strong></span> <span class='ocrx_word' id='word_1_184' title='bbox 2448 1486 2623 1549; x_wconf 87' lang='lat' dir='ltr'><strong>bonis</strong></span> <span class='ocrx_word' id='word_1_185' title='bbox 2656 1486 2945 1558; x_wconf 89' lang='lat' dir='ltr'><strong>moribus,</strong></span> <span class='ocrx_word' id='word_1_186' title='bbox 2980 1494 3039 1548; x_wconf 92' lang='lat' dir='ltr'><strong>et</strong></span> <span class='ocrx_word' id='word_1_187' title='bbox 3068 1506 3273 1550; x_wconf 89' lang='lat' dir='ltr'><strong>curam</strong></span> <span class='ocrx_word' id='word_1_188' title='bbox 3304 1489 3553 1569; x_wconf 87' lang='lat' dir='ltr'><strong>gerebat</strong></span> <span class='ocrx_word' id='word_1_189' title='bbox 3584 1491 3714 1551; x_wconf 63' lang='lat' dir='ltr'><strong>vita;</strong></span> 
     </span>
    </p>
   </div>
   <div class='ocr_carea' id='block_1_30' title="bbox 2070 1575 3713 1659">
    <p class='ocr_par' dir='ltr' id='par_1_30' title="bbox 2070 1575 3713 1659">
     <span class='ocr_line' id='line_1_30' title="bbox 2070 1575 3713 1659; baseline 0.001 -21"><span class='ocrx_word' id='word_1_190' title='bbox 2070 1578 2181 1657; x_wconf 66' lang='lat' dir='ltr'><strong>pia:</strong></span> <span class='ocrx_word' id='word_1_191' title='bbox 2208 1596 2277 1640; x_wconf 91' lang='lat' dir='ltr'><strong>ac</strong></span> <span class='ocrx_word' id='word_1_192' title='bbox 2301 1576 2619 1656; x_wconf 72' lang='lat' dir='ltr'><strong>religiosae.</strong></span> <span class='ocrx_word' id='word_1_193' title='bbox 2684 1575 2766 1637; x_wconf 86' lang='lat' dir='ltr'><strong>Ea</strong></span> <span class='ocrx_word' id='word_1_194' title='bbox 2811 1595 2945 1638; x_wconf 90' lang='lat' dir='ltr'><strong>cum</strong></span> <span class='ocrx_word' id='word_1_195' title='bbox 2978 1577 3311 1658; x_wconf 86' lang='lat' dir='ltr'><strong>accepisset</strong></span> <span class='ocrx_word' id='word_1_196' title='bbox 3340 1578 3525 1641; x_wconf 83' lang='lat' dir='ltr'><strong>ﬁlium</strong></span> <span class='ocrx_word' id='word_1_197' title='bbox 3556 1581 3713 1659; x_wconf 86' lang='lat' dir='ltr'><strong>(erat</strong></span> 
     </span>
    </p>
   </div>
   <div class='ocr_carea' id='block_1_31' title="bbox 2066 1665 3711 1745">
    <p class='ocr_par' dir='ltr' id='par_1_31' title="bbox 2066 1665 3711 1745">
     <span class='ocr_line' id='line_1_31' title="bbox 2066 1665 3711 1745; baseline 0 -17"><span class='ocrx_word' id='word_1_198' title='bbox 2066 1676 2265 1730; x_wconf 90' lang='lat' dir='ltr'><strong>autem</strong></span> <span class='ocrx_word' id='word_1_199' title='bbox 2285 1666 2380 1728; x_wconf 88' lang='lat' dir='ltr'><strong>hic</strong></span> <span class='ocrx_word' id='word_1_200' title='bbox 2402 1667 2457 1727; x_wconf 91' lang='lat' dir='ltr'><strong>ei</strong></span> <span class='ocrx_word' id='word_1_201' title='bbox 2477 1667 2910 1745; x_wconf 87' lang='lat' dir='ltr'><strong>unigenitus,et</strong></span> <span class='ocrx_word' id='word_1_202' title='bbox 2931 1665 3095 1727; x_wconf 91' lang='lat' dir='ltr'><strong>solus</strong></span> <span class='ocrx_word' id='word_1_203' title='bbox 3116 1667 3177 1729; x_wconf 91' lang='lat' dir='ltr'><strong>in</strong></span> <span class='ocrx_word' id='word_1_204' title='bbox 3198 1685 3264 1729; x_wconf 90' lang='lat' dir='ltr'><strong>se</strong></span> <span class='ocrx_word' id='word_1_205' title='bbox 3288 1676 3450 1730; x_wconf 91' lang='lat' dir='ltr'><strong>recte</strong></span> <span class='ocrx_word' id='word_1_206' title='bbox 3467 1683 3711 1730; x_wconf 79' lang='lat' dir='ltr'><strong>servans</strong></span> 
     </span>
    </p>
   </div>
   <div class='ocr_carea' id='block_1_32' title="bbox 2069 1752 3713 1835">
    <p class='ocr_par' dir='ltr' id='par_1_32' title="bbox 2069 1752 3713 1835">
     <span class='ocr_line' id='line_1_32' title="bbox 2069 1752 3713 1835; baseline 0.001 -19"><span class='ocrx_word' id='word_1_207' title='bbox 2069 1755 2301 1816; x_wconf 81' lang='lat' dir='ltr'><strong>semina</strong></span> <span class='ocrx_word' id='word_1_208' title='bbox 2321 1752 2942 1835; x_wconf 87' lang='lat' dir='ltr'><strong>generis),ventitabat</strong></span> <span class='ocrx_word' id='word_1_209' title='bbox 2963 1754 3035 1815; x_wconf 90' lang='lat' dir='ltr'><strong>ad</strong></span> <span class='ocrx_word' id='word_1_210' title='bbox 3070 1759 3590 1831; x_wconf 88' lang='lat' dir='ltr'><strong>monasterium,et</strong></span> <span class='ocrx_word' id='word_1_211' title='bbox 3610 1755 3713 1818; x_wconf 88' lang='lat' dir='ltr'><strong>ad-</strong></span> 
     </span>
    </p>
   </div>
   <div class='ocr_carea' id='block_1_33' title="bbox 2070 1842 3709 1923">
    <p class='ocr_par' dir='ltr' id='par_1_33' title="bbox 2070 1842 3709 1923">
     <span class='ocr_line' id='line_1_33' title="bbox 2070 1842 3709 1923; baseline 0.001 -18"><span class='ocrx_word' id='word_1_212' title='bbox 2070 1842 2330 1905; x_wconf 82' lang='lat' dir='ltr'><strong>ducebat</strong></span> <span class='ocrx_word' id='word_1_213' title='bbox 2350 1862 2487 1906; x_wconf 92' lang='lat' dir='ltr'><strong>eum</strong></span> <span class='ocrx_word' id='word_1_214' title='bbox 2513 1843 2584 1905; x_wconf 92' lang='lat' dir='ltr'><strong>ad</strong></span> <span class='ocrx_word' id='word_1_215' title='bbox 2613 1843 2797 1923; x_wconf 87' lang='lat' dir='ltr'><strong>pedes</strong></span> <span class='ocrx_word' id='word_1_216' title='bbox 2820 1844 3018 1921; x_wconf 86' lang='lat' dir='ltr'><strong>magni</strong></span> <span class='ocrx_word' id='word_1_217' title='bbox 3038 1843 3552 1908; x_wconf 85' lang='lat' dir='ltr'><strong>Theodosii.Puer</strong></span> <span class='ocrx_word' id='word_1_218' title='bbox 3570 1863 3709 1907; x_wconf 89' lang='lat' dir='ltr'><strong>vero</strong></span> 
     </span>
    </p>
   </div>
   <div class='ocr_carea' id='block_1_34' title="bbox 2070 1932 3714 2015">
    <p class='ocr_par' dir='ltr' id='par_1_34' title="bbox 2070 1932 3714 2015">
     <span class='ocr_line' id='line_1_34' title="bbox 2070 1932 3714 2015; baseline -0.001 -20"><span class='ocrx_word' id='word_1_219' title='bbox 2070 1935 2247 1995; x_wconf 87' lang='lat' dir='ltr'><strong>etiam</strong></span> <span class='ocrx_word' id='word_1_220' title='bbox 2289 1942 2608 2013; x_wconf 87' lang='lat' dir='ltr'><strong>antequam</strong></span> <span class='ocrx_word' id='word_1_221' title='bbox 2639 1932 3044 1995; x_wconf 87' lang='lat' dir='ltr'><strong>adduceretur</strong></span> <span class='ocrx_word' id='word_1_222' title='bbox 3072 1951 3105 1995; x_wconf 90' lang='lat' dir='ltr'><strong>a</strong></span> <span class='ocrx_word' id='word_1_223' title='bbox 3139 1942 3349 2010; x_wconf 87' lang='lat' dir='ltr'><strong>matre,</strong></span> <span class='ocrx_word' id='word_1_224' title='bbox 3374 1934 3478 1995; x_wconf 88' lang='lat' dir='ltr'><strong>ubi</strong></span> <span class='ocrx_word' id='word_1_225' title='bbox 3510 1933 3714 2015; x_wconf 88' lang='lat' dir='ltr'><strong>procul</strong></span> 
     </span>
    </p>
   </div>
   <div class='ocr_carea' id='block_1_35' title="bbox 2072 2020 3712 2103">
    <p class='ocr_par' dir='ltr' id='par_1_35' title="bbox 2072 2020 3712 2103">
     <span class='ocr_line' id='line_1_35' title="bbox 2072 2020 3712 2103; baseline 0.001 -20"><span class='ocrx_word' id='word_1_226' title='bbox 2072 2022 2215 2084; x_wconf 82' lang='lat' dir='ltr'><strong>vidit</strong></span> <span class='ocrx_word' id='word_1_227' title='bbox 2240 2021 2950 2103; x_wconf 83' lang='lat' dir='ltr'><strong>Theodosium,protinus</strong></span> <span class='ocrx_word' id='word_1_228' title='bbox 2980 2020 3147 2084; x_wconf 89' lang='lat' dir='ltr'><strong>illum</strong></span> <span class='ocrx_word' id='word_1_229' title='bbox 3178 2040 3310 2084; x_wconf 89' lang='lat' dir='ltr'><strong>esse</strong></span> <span class='ocrx_word' id='word_1_230' title='bbox 3339 2024 3712 2100; x_wconf 78' lang='lat' dir='ltr'><strong>exclamavit,</strong></span> 
     </span>
    </p>
   </div>
   <div class='ocr_carea' id='block_1_36' title="bbox 338 2110 1987 2194">
    <p class='ocr_par' dir='ltr' id='par_1_36' title="bbox 338 2111 1983 2192">
     <span class='ocr_line' id='line_1_36' title="bbox 338 2111 1983 2192; baseline 0.002 -25"><span class='ocrx_word' id='word_1_231' title='bbox 338 2113 508 2167; x_wconf 75' lang='grc' dir='ltr'>αὖτὸν</span> <span class='ocrx_word' id='word_1_232' title='bbox 549 2112 635 2168; x_wconf 79' lang='grc' dir='ltr'><strong>ἐπὶ</strong></span> <span class='ocrx_word' id='word_1_233' title='bbox 677 2119 769 2170; x_wconf 87' lang='grc' dir='ltr'><strong>τοῦ</strong></span> <span class='ocrx_word' id='word_1_234' title='bbox 827 2116 1051 2191; x_wconf 72' lang='grc' dir='ltr'>φρέατος</span> <span class='ocrx_word' id='word_1_235' title='bbox 1108 2112 1322 2192; x_wconf 77' lang='grc' dir='ltr'>ἀνέχων</span> <span class='ocrx_word' id='word_1_236' title='bbox 1371 2119 1438 2189; x_wconf 76' lang='grc' dir='ltr'><strong>τῇ</strong></span> <span class='ocrx_word' id='word_1_237' title='bbox 1484 2113 1636 2192; x_wconf 77' lang='grc' dir='ltr'>χειρΐ</span> <span class='ocrx_word' id='word_1_238' title='bbox 1666 2111 1983 2176; x_wconf 70' lang='grc' dir='ltr'>διεσώσατο.</span> 
     </span>
    </p>
   </div>
   <div class='ocr_carea' id='block_1_37' title="bbox 2077 2110 3714 2194">
    <p class='ocr_par' dir='ltr' id='par_1_37' title="bbox 2077 2110 3714 2194">
     <span class='ocr_line' id='line_1_37' title="bbox 2077 2110 3714 2194; baseline 0.001 -22"><span class='ocrx_word' id='word_1_239' title='bbox 2077 2111 2171 2194; x_wconf 81' lang='lat' dir='ltr'><strong>qui</strong></span> <span class='ocrx_word' id='word_1_240' title='bbox 2202 2131 2339 2173; x_wconf 90' lang='lat' dir='ltr'><strong>eum</strong></span> <span class='ocrx_word' id='word_1_241' title='bbox 2374 2129 2561 2191; x_wconf 90' lang='lat' dir='ltr'><strong>super</strong></span> <span class='ocrx_word' id='word_1_242' title='bbox 2585 2120 2827 2192; x_wconf 90' lang='lat' dir='ltr'><strong>puteum</strong></span> <span class='ocrx_word' id='word_1_243' title='bbox 2860 2111 3165 2173; x_wconf 87' lang='lat' dir='ltr'><strong>sustinens</strong></span> <span class='ocrx_word' id='word_1_244' title='bbox 3194 2110 3714 2176; x_wconf 82' lang='lat' dir='ltr'><strong>conservavit.Ro-</strong></span> 
     </span>
    </p>
   </div>
   <div class='ocr_carea' id='block_1_38' title="bbox 340 2199 1985 2279">
    <p class='ocr_par' dir='ltr' id='par_1_38' title="bbox 340 2199 1985 2279">
     <span class='ocr_line' id='line_1_38' title="bbox 340 2199 1985 2279; baseline 0.001 -22"><span class='ocrx_word' id='word_1_245' title='bbox 340 2199 708 2278; x_wconf 78' lang='grc' dir='ltr'>Ἐρωτωμένη</span> <span class='ocrx_word' id='word_1_246' title='bbox 765 2199 817 2256; x_wconf 76' lang='grc' dir='ltr'>δὲ</span> <span class='ocrx_word' id='word_1_247' title='bbox 850 2203 884 2270; x_wconf 76' lang='grc' dir='ltr'>ἡ</span> <span class='ocrx_word' id='word_1_248' title='bbox 930 2202 1062 2278; x_wconf 67' lang='grc' dir='ltr'>γυνὴ</span> <span class='ocrx_word' id='word_1_249' title='bbox 1093 2200 1121 2257; x_wconf 81' lang='grc' dir='ltr'>ὅ</span> <span class='ocrx_word' id='word_1_250' title='bbox 1156 2224 1201 2258; x_wconf 84' lang='grc' dir='ltr'><strong>τι</strong></span> <span class='ocrx_word' id='word_1_251' title='bbox 1260 2203 1389 2258; x_wconf 82' lang='grc' dir='ltr'>ποτὲ</span> <span class='ocrx_word' id='word_1_252' title='bbox 1435 2202 1533 2279; x_wconf 66' lang='grc' dir='ltr'><strong>ἄρα</strong></span> <span class='ocrx_word' id='word_1_253' title='bbox 1562 2206 1639 2277; x_wconf 80' lang='grc' dir='ltr'>τῷ</span> <span class='ocrx_word' id='word_1_254' title='bbox 1670 2202 1823 2260; x_wconf 82' lang='grc' dir='ltr'>παιδί</span> <span class='ocrx_word' id='word_1_255' title='bbox 1853 2204 1985 2279; x_wconf 83' lang='grc' dir='ltr'>βού-</span> 
     </span>
    </p>
   </div>
   <div class='ocr_carea' id='block_1_39' title="bbox 339 2288 1985 2369">
    <p class='ocr_par' dir='ltr' id='par_1_39' title="bbox 339 2288 1985 2369">
     <span class='ocr_line' id='line_1_39' title="bbox 339 2288 1985 2369; baseline 0.002 -24"><span class='ocrx_word' id='word_1_256' title='bbox 339 2288 500 2345; x_wconf 83' lang='grc' dir='ltr'>λεται</span> <span class='ocrx_word' id='word_1_257' title='bbox 550 2291 613 2345; x_wconf 78' lang='grc' dir='ltr'>τὰ</span> <span class='ocrx_word' id='word_1_258' title='bbox 642 2288 925 2369; x_wconf 74' lang='grc' dir='ltr'>λεχθέντα,</span> <span class='ocrx_word' id='word_1_259' title='bbox 963 2291 1278 2364; x_wconf 67' lang='grc' dir='ltr'><strong>συμπαίζειν</strong></span> <span class='ocrx_word' id='word_1_260' title='bbox 1308 2292 1409 2366; x_wconf 83' lang='grc' dir='ltr'>μὲν</span> <span class='ocrx_word' id='word_1_261' title='bbox 1458 2290 1617 2347; x_wconf 70' lang='grc' dir='ltr'>αὖτὸν</span> <span class='ocrx_word' id='word_1_262' title='bbox 1664 2291 1813 2368; x_wconf 78' lang='grc' dir='ltr'>ἔλεγε</span> <span class='ocrx_word' id='word_1_263' title='bbox 1867 2304 1985 2356; x_wconf 84' lang='grc' dir='ltr'>τοῖς</span> 
     </span>
    </p>
   </div>
   <div class='ocr_carea' id='block_1_40' title="bbox 340 2377 1986 2457">
    <p class='ocr_par' dir='ltr' id='par_1_40' title="bbox 340 2377 1986 2457">
     <span class='ocr_line' id='line_1_40' title="bbox 340 2377 1986 2457; baseline 0.002 -25"><span class='ocrx_word' id='word_1_264' title='bbox 340 2377 667 2446; x_wconf 73' lang='grc' dir='ltr'>ἡλικιώταις</span> <span class='ocrx_word' id='word_1_265' title='bbox 723 2384 788 2454; x_wconf 78' lang='grc' dir='ltr'><strong>τῇ</strong></span> <span class='ocrx_word' id='word_1_266' title='bbox 846 2377 1057 2451; x_wconf 73' lang='grc' dir='ltr'>παιδείᾳ</span> <span class='ocrx_word' id='word_1_267' title='bbox 1114 2380 1476 2457; x_wconf 71' lang='grc' dir='ltr'>προσέχοντα,</span> <span class='ocrx_word' id='word_1_268' title='bbox 1523 2381 1609 2435; x_wconf 85' lang='grc' dir='ltr'><strong>καὶ</strong></span> <span class='ocrx_word' id='word_1_269' title='bbox 1666 2379 1986 2455; x_wconf 79' lang='grc' dir='ltr'>ἆπροόπτως</span> 
     </span>
    </p>
   </div>
   <div class='ocr_carea' id='block_1_41' title="bbox 343 2467 1990 2549">
    <p class='ocr_par' dir='ltr' id='par_1_41' title="bbox 343 2467 1990 2549">
     <span class='ocr_line' id='line_1_41' title="bbox 343 2467 1990 2549; baseline 0.001 -25"><span class='ocrx_word' id='word_1_270' title='bbox 343 2474 458 2524; x_wconf 77' lang='grc' dir='ltr'>τῶν</span> <span class='ocrx_word' id='word_1_271' title='bbox 510 2469 564 2523; x_wconf 73' lang='grc' dir='ltr'>ἒν</span> <span class='ocrx_word' id='word_1_272' title='bbox 623 2469 774 2523; x_wconf 71' lang='grc' dir='ltr'>ποσὶν</span> <span class='ocrx_word' id='word_1_273' title='bbox 818 2467 1015 2547; x_wconf 45' lang='grc' dir='ltr'>ἔχοντα</span> <span class='ocrx_word' id='word_1_274' title='bbox 1068 2469 1141 2532; x_wconf 82' lang='grc' dir='ltr'><strong>είς</strong></span> <span class='ocrx_word' id='word_1_275' title='bbox 1181 2469 1345 2547; x_wconf 74' lang='grc' dir='ltr'>φρέαρ</span> <span class='ocrx_word' id='word_1_276' title='bbox 1379 2472 1792 2549; x_wconf 76' lang='grc' dir='ltr'>κατενεχθῆναι,</span> <span class='ocrx_word' id='word_1_277' title='bbox 1826 2470 1990 2547; x_wconf 79' lang='grc' dir='ltr'>φρέαρ</span> 
     </span>
    </p>
   </div>
   <div class='ocr_carea' id='block_1_42' title="bbox 342 2556 1988 2635">
    <p class='ocr_par' dir='ltr' id='par_1_42' title="bbox 342 2556 1988 2635">
     <span class='ocr_line' id='line_1_42' title="bbox 342 2556 1988 2635; baseline 0 -22"><span class='ocrx_word' id='word_1_278' title='bbox 342 2558 433 2613; x_wconf 82' lang='grc' dir='ltr'>ὅτι</span> <span class='ocrx_word' id='word_1_279' title='bbox 480 2557 793 2632; x_wconf 79' lang='grc' dir='ltr'>βαθύτατον,</span> <span class='ocrx_word' id='word_1_280' title='bbox 850 2559 910 2614; x_wconf 76' lang='grc' dir='ltr'><strong>Οἱ</strong></span> <span class='ocrx_word' id='word_1_281' title='bbox 968 2556 1067 2617; x_wconf 76' lang='grc' dir='ltr'>μὲν</span> <span class='ocrx_word' id='word_1_282' title='bbox 1122 2564 1210 2616; x_wconf 88' lang='grc' dir='ltr'><strong>οῦν</strong></span> <span class='ocrx_word' id='word_1_283' title='bbox 1270 2559 1527 2635; x_wconf 79' lang='grc' dir='ltr'>παρόντες</span> <span class='ocrx_word' id='word_1_284' title='bbox 1568 2565 1659 2614; x_wconf 89' lang='grc' dir='ltr'><strong>τοῦ</strong></span> <span class='ocrx_word' id='word_1_285' title='bbox 1686 2558 1859 2635; x_wconf 79' lang='grc' dir='ltr'>ἀώρου</span> <span class='ocrx_word' id='word_1_286' title='bbox 1889 2562 1988 2614; x_wconf 61' lang='grc' dir='ltr'>καλι</span> 
     </span>
    </p>
   </div>
   <div class='ocr_carea' id='block_1_43' title="bbox 342 2642 1987 2722">
    <p class='ocr_par' dir='ltr' id='par_1_43' title="bbox 342 2642 1987 2722">
     <span class='ocr_line' id='line_1_43' title="bbox 342 2642 1987 2722; baseline 0.001 -21"><span class='ocrx_word' id='word_1_287' title='bbox 342 2652 541 2722; x_wconf 67' lang='grc' dir='ltr'>πικροῦ</span> <span class='ocrx_word' id='word_1_288' title='bbox 582 2642 735 2711; x_wconf 73' lang='grc' dir='ltr'>δῆθεν</span> <span class='ocrx_word' id='word_1_289' title='bbox 787 2645 1013 2702; x_wconf 71' lang='grc' dir='ltr'>θανάτου</span> <span class='ocrx_word' id='word_1_290' title='bbox 1066 2648 1157 2702; x_wconf 73' lang='grc' dir='ltr'><strong>τὸν</strong></span> <span class='ocrx_word' id='word_1_291' title='bbox 1211 2644 1381 2703; x_wconf 76' lang='grc' dir='ltr'>παῖδα</span> <span class='ocrx_word' id='word_1_292' title='bbox 1445 2644 1704 2718; x_wconf 84' lang='grc' dir='ltr'>ὠδύροντο</span> <span class='ocrx_word' id='word_1_293' title='bbox 1738 2663 1752 2678; x_wconf 90' lang='grc'><strong>·</strong></span> <span class='ocrx_word' id='word_1_294' title='bbox 1822 2645 1987 2709; x_wconf 75' lang='grc' dir='ltr'>οῦδεὶς</span> 
     </span>
    </p>
   </div>
   <div class='ocr_carea' id='block_1_44' title="bbox 340 2732 1986 2814">
    <p class='ocr_par' dir='ltr' id='par_1_44' title="bbox 340 2732 1986 2814">
     <span class='ocr_line' id='line_1_44' title="bbox 340 2732 1986 2814; baseline 0.002 -25"><span class='ocrx_word' id='word_1_295' title='bbox 340 2735 448 2811; x_wconf 68' lang='grc' dir='ltr'><strong>γὰρ</strong></span> <span class='ocrx_word' id='word_1_296' title='bbox 497 2734 561 2801; x_wconf 74' lang='grc' dir='ltr'>ἦν</span> <span class='ocrx_word' id='word_1_297' title='bbox 590 2737 634 2808; x_wconf 82' lang='grc' dir='ltr'>ᾦ</span> <span class='ocrx_word' id='word_1_298' title='bbox 661 2734 761 2809; x_wconf 71' lang='grc' dir='ltr'>μὲν</span> <span class='ocrx_word' id='word_1_299' title='bbox 797 2732 916 2799; x_wconf 77' lang='grc' dir='ltr'>δόξα</span> <span class='ocrx_word' id='word_1_300' title='bbox 960 2734 1027 2801; x_wconf 79' lang='grc' dir='ltr'><strong>ἧν</strong></span> <span class='ocrx_word' id='word_1_301' title='bbox 1069 2735 1161 2791; x_wconf 88' lang='grc' dir='ltr'><strong>τόν</strong></span> <span class='ocrx_word' id='word_1_302' title='bbox 1220 2733 1392 2792; x_wconf 78' lang='grc' dir='ltr'>παῖδα</span> <span class='ocrx_word' id='word_1_303' title='bbox 1423 2735 1569 2800; x_wconf 68' lang='grc' dir='ltr'>εὐθὺς</span> <span class='ocrx_word' id='word_1_304' title='bbox 1623 2736 1986 2814; x_wconf 77' lang='grc' dir='ltr'>ἀποπνιγῆναι</span> 
     </span>
    </p>
   </div>
   <div class='ocr_carea' id='block_1_45' title="bbox 341 2820 1989 2900">
    <p class='ocr_par' dir='ltr' id='par_1_45' title="bbox 341 2820 1989 2900">
     <span class='ocr_line' id='line_1_45' title="bbox 341 2820 1989 2900; baseline 0.002 -22"><span class='ocrx_word' id='word_1_305' title='bbox 341 2837 465 2884; x_wconf 76' lang='grc' dir='ltr'>τοῖς</span> <span class='ocrx_word' id='word_1_306' title='bbox 514 2820 686 2886; x_wconf 76' lang='grc' dir='ltr'>ὕδασι.</span> <span class='ocrx_word' id='word_1_307' title='bbox 746 2822 807 2880; x_wconf 86' lang='grc' dir='ltr'>Τί</span> <span class='ocrx_word' id='word_1_308' title='bbox 863 2823 963 2900; x_wconf 68' lang='grc' dir='ltr'><strong>γὰρ</strong></span> <span class='ocrx_word' id='word_1_309' title='bbox 1006 2825 1095 2880; x_wconf 80' lang='grc' dir='ltr'>καὶ</span> <span class='ocrx_word' id='word_1_310' title='bbox 1139 2822 1272 2900; x_wconf 69' lang='grc' dir='ltr'>ᾅλλο</span> <span class='ocrx_word' id='word_1_311' title='bbox 1316 2822 1543 2899; x_wconf 77' lang='grc' dir='ltr'>ἔμελλον</span> <span class='ocrx_word' id='word_1_312' title='bbox 1587 2822 1710 2880; x_wconf 76' lang='grc' dir='ltr'>ὅσον</span> <span class='ocrx_word' id='word_1_313' title='bbox 1762 2826 1867 2882; x_wconf 80' lang='grc' dir='ltr'><strong>ἀπὸ</strong></span> <span class='ocrx_word' id='word_1_314' title='bbox 1897 2832 1989 2882; x_wconf 91' lang='grc' dir='ltr'><strong>τοῦ</strong></span> 
     </span>
    </p>
   </div>
   <div class='ocr_carea' id='block_1_46' title="bbox 341 2897 1988 2994">
    <p class='ocr_par' dir='ltr' id='par_1_46' title="bbox 341 2897 1988 2994">
     <span class='ocr_line' id='line_1_46' title="bbox 341 2897 1988 2994; baseline 0.001 -27"><span class='ocrx_word' id='word_1_315' title='bbox 341 2912 663 2987; x_wconf 72' lang='grc' dir='ltr'>πράγματος</span> <span class='ocrx_word' id='word_1_316' title='bbox 718 2912 1086 2992; x_wconf 68' lang='grc' dir='ltr'>ὑποπτεύειν,</span> <span class='ocrx_word' id='word_1_317' title='bbox 1142 2897 1367 2969; x_wconf 60' lang='grc' dir='ltr'>Ἔπειτα</span> <span class='ocrx_word' id='word_1_318' title='bbox 1452 2915 1541 2970; x_wconf 82' lang='grc' dir='ltr'>καὶ</span> <span class='ocrx_word' id='word_1_319' title='bbox 1618 2913 1988 2994; x_wconf 78' lang='grc' dir='ltr'>φιλάνθρωπόν</span> 
     </span>
    </p>
   </div>
   <div class='ocr_carea' id='block_1_47' title="bbox 341 3002 1983 3081">
    <p class='ocr_par' dir='ltr' id='par_1_47' title="bbox 341 3002 1983 3081">
     <span class='ocr_line' id='line_1_47' title="bbox 341 3002 1983 3081; baseline 0.002 -25"><span class='ocrx_word' id='word_1_320' title='bbox 341 3022 401 3056; x_wconf 88' lang='grc' dir='ltr'><strong>τι</strong></span> <span class='ocrx_word' id='word_1_321' title='bbox 464 3008 736 3063; x_wconf 77' lang='grc' dir='ltr'>ποιοῦντες</span> <span class='ocrx_word' id='word_1_322' title='bbox 794 3002 1030 3059; x_wconf 73' lang='grc' dir='ltr'>καθίασιν</span> <span class='ocrx_word' id='word_1_323' title='bbox 1092 3002 1311 3067; x_wconf 75' lang='grc' dir='ltr'>ἑαυτοὺς</span> <span class='ocrx_word' id='word_1_324' title='bbox 1355 3004 1501 3067; x_wconf 72' lang='grc' dir='ltr'>εὐθὺς</span> <span class='ocrx_word' id='word_1_325' title='bbox 1549 3006 1622 3061; x_wconf 77' lang='grc' dir='ltr'>εἷς</span> <span class='ocrx_word' id='word_1_326' title='bbox 1678 3005 1740 3060; x_wconf 80' lang='grc' dir='ltr'>τὸ</span> <span class='ocrx_word' id='word_1_327' title='bbox 1796 3002 1983 3081; x_wconf 76' lang='grc' dir='ltr'>φρέαρ,</span> 
     </span>
    </p>
   </div>
   <div class='ocr_carea' id='block_1_48' title="bbox 342 3087 1988 3170">
    <p class='ocr_par' dir='ltr' id='par_1_48' title="bbox 342 3087 1988 3170">
     <span class='ocr_line' id='line_1_48' title="bbox 342 3087 1988 3170; baseline 0.012 -42"><span class='ocrx_word' id='word_1_328' title='bbox 342 3093 454 3169; x_wconf 52' lang='grc' dir='ltr'>οὐχ</span> <span class='ocrx_word' id='word_1_329' title='bbox 509 3087 601 3145; x_wconf 61' lang='grc' dir='ltr'><strong>ἵνα</strong></span> <span class='ocrx_word' id='word_1_330' title='bbox 658 3089 863 3146; x_wconf 63' lang='grc' dir='ltr'>ἐκεῖνον</span> <span class='ocrx_word' id='word_1_331' title='bbox 924 3094 1179 3170; x_wconf 76' lang='grc' dir='ltr'>πρότερον</span> <span class='ocrx_word' id='word_1_332' title='bbox 1210 3092 1246 3161; x_wconf 71' lang='grc' dir='ltr'><strong>ἢ</strong></span> <span class='ocrx_word' id='word_1_333' title='bbox 1289 3093 1379 3149; x_wconf 83' lang='grc' dir='ltr'><strong>καὶ</strong></span> <span class='ocrx_word' id='word_1_334' title='bbox 1410 3092 1699 3148; x_wconf 72' lang='grc' dir='ltr'>ἀποθανεῖν</span> <span class='ocrx_word' id='word_1_335' title='bbox 1729 3089 1988 3170; x_wconf 73' lang='grc' dir='ltr'>λάϐωσιν,</span> 
     </span>
    </p>
   </div>
   <div class='ocr_carea' id='block_1_49' title="bbox 341 3176 1990 3257">
    <p class='ocr_par' dir='ltr' id='par_1_49' title="bbox 341 3176 1990 3257">
     <span class='ocr_line' id='line_1_49' title="bbox 341 3176 1990 3257; baseline 0.001 -24"><span class='ocrx_word' id='word_1_336' title='bbox 341 3176 481 3257; x_wconf 87' lang='grc' dir='ltr'>(ποῦ</span> <span class='ocrx_word' id='word_1_337' title='bbox 508 3178 609 3255; x_wconf 75' lang='grc' dir='ltr'><strong>γὰρ</strong></span> <span class='ocrx_word' id='word_1_338' title='bbox 637 3177 700 3245; x_wconf 83' lang='grc' dir='ltr'><strong>ἧν</strong></span> <span class='ocrx_word' id='word_1_339' title='bbox 734 3179 918 3234; x_wconf 72' lang='grc' dir='ltr'>τούτου</span> <span class='ocrx_word' id='word_1_340' title='bbox 975 3182 1062 3239; x_wconf 83' lang='grc' dir='ltr'>καὶ</span> <span class='ocrx_word' id='word_1_341' title='bbox 1109 3181 1269 3255; x_wconf 70' lang='grc' dir='ltr'>μικρά</span> <span class='ocrx_word' id='word_1_342' title='bbox 1326 3202 1405 3245; x_wconf 88' lang='grc' dir='ltr'><strong>τις</strong></span> <span class='ocrx_word' id='word_1_343' title='bbox 1450 3179 1599 3244; x_wconf 83' lang='grc' dir='ltr'>ἐλπίς</span> <span class='ocrx_word' id='word_1_344' title='bbox 1636 3180 1677 3256; x_wconf 87' lang='grc'><strong>;)</strong></span> <span class='ocrx_word' id='word_1_345' title='bbox 1721 3178 1842 3236; x_wconf 83' lang='grc' dir='ltr'>ἀλλ’</span> <span class='ocrx_word' id='word_1_346' title='bbox 1897 3179 1990 3235; x_wconf 74' lang='grc' dir='ltr'>’ἕνα</span> 
     </span>
    </p>
   </div>
   <div class='ocr_carea' id='block_1_50' title="bbox 341 3266 1989 3348">
    <p class='ocr_par' dir='ltr' id='par_1_50' title="bbox 341 3266 1989 3348">
     <span class='ocr_line' id='line_1_50' title="bbox 341 3266 1989 3348; baseline 0 -25"><span class='ocrx_word' id='word_1_347' title='bbox 341 3268 509 3325; x_wconf 66' lang='grc' dir='ltr'>αὐτοῦ</span> <span class='ocrx_word' id='word_1_348' title='bbox 564 3268 626 3322; x_wconf 80' lang='grc' dir='ltr'>τὸ</span> <span class='ocrx_word' id='word_1_349' title='bbox 683 3274 839 3340; x_wconf 80' lang='grc' dir='ltr'>σῶμα</span> <span class='ocrx_word' id='word_1_350' title='bbox 877 3268 978 3346; x_wconf 81' lang='grc' dir='ltr'>πρὸ</span> <span class='ocrx_word' id='word_1_351' title='bbox 1009 3273 1106 3335; x_wconf 81' lang='grc' dir='ltr'>τῆς</span> <span class='ocrx_word' id='word_1_352' title='bbox 1135 3266 1415 3348; x_wconf 71' lang='grc' dir='ltr'>διαφθορᾶς</span> <span class='ocrx_word' id='word_1_353' title='bbox 1467 3267 1763 3326; x_wconf 84' lang='grc' dir='ltr'>ἀνελύσωσι</span> <span class='ocrx_word' id='word_1_354' title='bbox 1823 3267 1989 3346; x_wconf 81' lang='grc' dir='ltr'>δῶρον</span> 
     </span>
    </p>
   </div>
   <div class='ocr_carea' id='block_1_51' title="bbox 342 3356 1985 3437">
    <p class='ocr_par' dir='ltr' id='par_1_51' title="bbox 342 3356 1985 3437">
     <span class='ocr_line' id='line_1_51' title="bbox 342 3356 1985 3437; baseline 0.004 -28"><span class='ocrx_word' id='word_1_355' title='bbox 342 3362 623 3437; x_wconf 63' lang='grc' dir='ltr'>συμφορᾶς</span> <span class='ocrx_word' id='word_1_356' title='bbox 697 3357 884 3433; x_wconf 71' lang='grc' dir='ltr'>μητρὶ,</span> <span class='ocrx_word' id='word_1_357' title='bbox 964 3358 1053 3413; x_wconf 86' lang='grc' dir='ltr'><strong>καὶ</strong></span> <span class='ocrx_word' id='word_1_358' title='bbox 1138 3356 1309 3431; x_wconf 80' lang='grc' dir='ltr'>θέαμα</span> <span class='ocrx_word' id='word_1_359' title='bbox 1384 3359 1574 3437; x_wconf 82' lang='grc' dir='ltr'>πικρὸν</span> <span class='ocrx_word' id='word_1_360' title='bbox 1659 3358 1985 3436; x_wconf 73' lang='grc' dir='ltr'>ὀφθαλμοῖς,</span> 
     </span>
    </p>
   </div>
   <div class='ocr_carea' id='block_1_52' title="bbox 339 3443 1985 3524">
    <p class='ocr_par' dir='ltr' id='par_1_52' title="bbox 339 3443 1985 3524">
     <span class='ocr_line' id='line_1_52' title="bbox 339 3443 1985 3524; baseline 0 -22"><span class='ocrx_word' id='word_1_361' title='bbox 339 3446 436 3502; x_wconf 80' lang='grc' dir='ltr'><strong>καὶ</strong></span> <span class='ocrx_word' id='word_1_362' title='bbox 478 3444 695 3522; x_wconf 81' lang='grc' dir='ltr'>κέντρον</span> <span class='ocrx_word' id='word_1_363' title='bbox 756 3444 974 3524; x_wconf 68' lang='grc' dir='ltr'>ὀδύνης,</span> <span class='ocrx_word' id='word_1_364' title='bbox 1048 3448 1282 3524; x_wconf 74' lang='grc' dir='ltr'>καθάπερ</span> <span class='ocrx_word' id='word_1_365' title='bbox 1338 3469 1387 3503; x_wconf 89' lang='grc' dir='ltr'><strong>τι</strong></span> <span class='ocrx_word' id='word_1_366' title='bbox 1444 3445 1505 3504; x_wconf 76' lang='grc' dir='ltr'>ἐκ</span> <span class='ocrx_word' id='word_1_367' title='bbox 1560 3446 1811 3524; x_wconf 85' lang='grc' dir='ltr'>ναυαγίου</span> <span class='ocrx_word' id='word_1_368' title='bbox 1866 3443 1985 3502; x_wconf 85' lang='grc' dir='ltr'>δια-</span> 
     </span>
    </p>
   </div>
   <div class='ocr_carea' id='block_1_53' title="bbox 338 3533 1984 3613">
    <p class='ocr_par' dir='ltr' id='par_1_53' title="bbox 338 3533 1984 3613">
     <span class='ocr_line' id='line_1_53' title="bbox 338 3533 1984 3613; baseline 0.001 -24"><span class='ocrx_word' id='word_1_369' title='bbox 338 3534 539 3610; x_wconf 81' lang='grc' dir='ltr'>σωθὲν,</span> <span class='ocrx_word' id='word_1_370' title='bbox 592 3534 813 3613; x_wconf 73' lang='grc' dir='ltr'>φευκτόν</span> <span class='ocrx_word' id='word_1_371' title='bbox 871 3555 926 3590; x_wconf 83' lang='grc' dir='ltr'><strong>τε</strong></span> <span class='ocrx_word' id='word_1_372' title='bbox 986 3533 1096 3609; x_wconf 76' lang='grc' dir='ltr'>ἅμα</span> <span class='ocrx_word' id='word_1_373' title='bbox 1142 3535 1230 3591; x_wconf 84' lang='grc' dir='ltr'><strong>καὶ</strong></span> <span class='ocrx_word' id='word_1_374' title='bbox 1274 3537 1517 3592; x_wconf 80' lang='grc' dir='ltr'>ποθεινὸν</span> <span class='ocrx_word' id='word_1_375' title='bbox 1548 3535 1819 3613; x_wconf 78' lang='grc' dir='ltr'>μητρῲοις</span> <span class='ocrx_word' id='word_1_376' title='bbox 1878 3533 1984 3610; x_wconf 84' lang='grc' dir='ltr'>ὅμ-</span> 
     </span>
    </p>
   </div>
   <div class='ocr_carea' id='block_1_54' title="bbox 342 3645 537 3699">
    <p class='ocr_par' dir='ltr' id='par_1_54' title="bbox 342 3645 537 3699">
     <span class='ocr_line' id='line_1_54' title="bbox 342 3645 537 3699; baseline 0.01 -19"><span class='ocrx_word' id='word_1_377' title='bbox 342 3645 512 3699; x_wconf 82' lang='grc' dir='ltr'>μασιν</span> <span class='ocrx_word' id='word_1_378' title='bbox 525 3670 537 3682; x_wconf 95' lang='grc'><strong>.</strong></span> 
     </span>
    </p>
   </div>
   <div class='ocr_carea' id='block_1_55' title="bbox 431 3710 1990 3787">
    <p class='ocr_par' dir='ltr' id='par_1_55' title="bbox 431 3710 1990 3787">
     <span class='ocr_line' id='line_1_55' title="bbox 431 3710 1990 3787; baseline -0.001 -19"><span class='ocrx_word' id='word_1_379' title='bbox 431 3710 527 3778; x_wconf 71' lang='grc' dir='ltr'><strong>ξδ’.</strong></span> <span class='ocrx_word' id='word_1_380' title='bbox 584 3711 733 3769; x_wconf 80' lang='grc' dir='ltr'>Ἐπεὶ</span> <span class='ocrx_word' id='word_1_381' title='bbox 786 3710 843 3768; x_wconf 74' lang='grc' dir='ltr'>δὲ</span> <span class='ocrx_word' id='word_1_382' title='bbox 891 3711 1178 3785; x_wconf 69' lang='grc' dir='ltr'>κατῆλθον,</span> <span class='ocrx_word' id='word_1_383' title='bbox 1240 3710 1633 3787; x_wconf 60' lang='grc' dir='ltr'>ἐπικαθήμενον</span> <span class='ocrx_word' id='word_1_384' title='bbox 1690 3712 1848 3769; x_wconf 77' lang='grc' dir='ltr'>αὐτὸν</span> <span class='ocrx_word' id='word_1_385' title='bbox 1896 3712 1990 3767; x_wconf 71' lang='grc' dir='ltr'><strong>εὖ-</strong></span> 
     </span>
    </p>
   </div>
   <div class='ocr_carea' id='block_1_56' title="bbox 339 3799 1988 3881">
    <p class='ocr_par' dir='ltr' id='par_1_56' title="bbox 339 3799 1988 3881">
     <span class='ocr_line' id='line_1_56' title="bbox 339 3799 1988 3881; baseline -0.001 -24"><span class='ocrx_word' id='word_1_386' title='bbox 339 3803 530 3881; x_wconf 70' lang='grc' dir='ltr'>ρόιτες</span> <span class='ocrx_word' id='word_1_387' title='bbox 587 3814 705 3863; x_wconf 79' lang='grc' dir='ltr'>τοῖς</span> <span class='ocrx_word' id='word_1_388' title='bbox 748 3799 923 3880; x_wconf 66' lang='grc' dir='ltr'>ὕδασι,</span> <span class='ocrx_word' id='word_1_389' title='bbox 954 3803 1043 3856; x_wconf 88' lang='grc' dir='ltr'><strong>καὶ</strong></span> <span class='ocrx_word' id='word_1_390' title='bbox 1078 3799 1197 3858; x_wconf 70' lang='grc' dir='ltr'>οῦδὲ</span> <span class='ocrx_word' id='word_1_391' title='bbox 1240 3800 1417 3879; x_wconf 73' lang='grc' dir='ltr'>βραχύ</span> <span class='ocrx_word' id='word_1_392' title='bbox 1470 3823 1519 3857; x_wconf 89' lang='grc' dir='ltr'><strong>τι</strong></span> <span class='ocrx_word' id='word_1_393' title='bbox 1570 3800 1988 3875; x_wconf 80' lang='grc' dir='ltr'>καταδυόμενον,</span> 
     </span>
    </p>
   </div>
   <div class='ocr_carea' id='block_1_57' title="bbox 337 3888 1991 3969">
    <p class='ocr_par' dir='ltr' id='par_1_57' title="bbox 337 3888 1991 3969">
     <span class='ocr_line' id='line_1_57' title="bbox 337 3888 1991 3969; baseline 0 -23"><span class='ocrx_word' id='word_1_394' title='bbox 337 3890 469 3947; x_wconf 66' lang='grc' dir='ltr'>ἀλλ’</span> <span class='ocrx_word' id='word_1_395' title='bbox 523 3889 845 3969; x_wconf 70' lang='grc' dir='ltr'>ἐνεχόμενον</span> <span class='ocrx_word' id='word_1_396' title='bbox 890 3889 1071 3968; x_wconf 79' lang='grc' dir='ltr'>ὥσπερ</span> <span class='ocrx_word' id='word_1_397' title='bbox 1127 3888 1229 3945; x_wconf 79' lang='grc' dir='ltr'>ὑπό</span> <span class='ocrx_word' id='word_1_398' title='bbox 1274 3911 1424 3954; x_wconf 87' lang='grc' dir='ltr'>τινος</span> <span class='ocrx_word' id='word_1_399' title='bbox 1469 3898 1708 3969; x_wconf 77' lang='grc' dir='ltr'>στερεοῦ,</span> <span class='ocrx_word' id='word_1_400' title='bbox 1761 3891 1991 3968; x_wconf 75' lang='grc' dir='ltr'>ἀχανεῖς</span> 
     </span>
    </p>
   </div>
   <div class='ocr_carea' id='block_1_58' title="bbox 341 3978 1990 4057">
    <p class='ocr_par' dir='ltr' id='par_1_58' title="bbox 341 3978 1990 4057">
     <span class='ocr_line' id='line_1_58' title="bbox 341 3978 1990 4057; baseline -0.001 -21"><span class='ocrx_word' id='word_1_401' title='bbox 341 3980 564 4053; x_wconf 83' lang='grc' dir='ltr'>ἔμενον,</span> <span class='ocrx_word' id='word_1_402' title='bbox 597 3979 915 4052; x_wconf 78' lang='grc' dir='ltr'>ἐθαύμαζον,</span> <span class='ocrx_word' id='word_1_403' title='bbox 963 3980 1286 4057; x_wconf 78' lang='grc' dir='ltr'>ἠποροῦντο,</span> <span class='ocrx_word' id='word_1_404' title='bbox 1319 3980 1414 4035; x_wconf 76' lang='grc' dir='ltr'><strong>οὒκ</strong></span> <span class='ocrx_word' id='word_1_405' title='bbox 1444 3979 1608 4057; x_wconf 79' lang='grc' dir='ltr'>εἶχον</span> <span class='ocrx_word' id='word_1_406' title='bbox 1639 3979 1666 4034; x_wconf 82' lang='grc' dir='ltr'>ὅ</span> <span class='ocrx_word' id='word_1_407' title='bbox 1718 4000 1766 4033; x_wconf 85' lang='grc' dir='ltr'><strong>τι</strong></span> <span class='ocrx_word' id='word_1_408' title='bbox 1799 3979 1861 4034; x_wconf 78' lang='grc' dir='ltr'><strong>ἂν</strong></span> <span class='ocrx_word' id='word_1_409' title='bbox 1892 3978 1990 4056; x_wconf 77' lang='grc' dir='ltr'>ἄρα</span> 
     </span>
    </p>
   </div>
   <div class='ocr_carea' id='block_1_59' title="bbox 342 4066 1987 4141">
    <p class='ocr_par' dir='ltr' id='par_1_59' title="bbox 342 4066 1987 4141">
     <span class='ocr_line' id='line_1_59' title="bbox 342 4066 1987 4141; baseline -0.001 -16"><span class='ocrx_word' id='word_1_410' title='bbox 342 4069 437 4126; x_wconf 74' lang='grc' dir='ltr'><strong>ἐπὶ</strong></span> <span class='ocrx_word' id='word_1_411' title='bbox 461 4073 538 4139; x_wconf 83' lang='grc' dir='ltr'>τῷ</span> <span class='ocrx_word' id='word_1_412' title='bbox 587 4067 841 4141; x_wconf 56' lang='grc' dir='ltr'>θεωμένῳ</span> <span class='ocrx_word' id='word_1_413' title='bbox 897 4066 1265 4137; x_wconf 67' lang='grc' dir='ltr'>διενοήπαντο.</span> <span class='ocrx_word' id='word_1_414' title='bbox 1329 4068 1474 4134; x_wconf 77' lang='grc' dir='ltr'>Πλὴν</span> <span class='ocrx_word' id='word_1_415' title='bbox 1530 4066 1667 4122; x_wconf 69' lang='grc' dir='ltr'>ἀλλὰ</span> <span class='ocrx_word' id='word_1_416' title='bbox 1709 4073 1802 4122; x_wconf 88' lang='grc' dir='ltr'><strong>τοῦ</strong></span> <span class='ocrx_word' id='word_1_417' title='bbox 1858 4066 1987 4123; x_wconf 72' lang='grc' dir='ltr'>ὕδα-</span> 
     </span>
    </p>
   </div>
   <div class='ocr_carea' id='block_1_60' title="bbox 341 4154 1991 4229">
    <p class='ocr_par' dir='ltr' id='par_1_60' title="bbox 341 4154 1991 4229">
     <span class='ocr_line' id='line_1_60' title="bbox 341 4154 1991 4229; baseline -0.002 -15"><span class='ocrx_word' id='word_1_418' title='bbox 341 4180 440 4222; x_wconf 81' lang='grc' dir='ltr'><strong>τος</strong></span> <span class='ocrx_word' id='word_1_419' title='bbox 498 4156 904 4229; x_wconf 70' lang='grc' dir='ltr'>ἀνελκύσαντες,</span> <span class='ocrx_word' id='word_1_420' title='bbox 952 4159 1041 4213; x_wconf 85' lang='grc' dir='ltr'><strong>καὶ</strong></span> <span class='ocrx_word' id='word_1_421' title='bbox 1092 4159 1164 4219; x_wconf 81' lang='grc' dir='ltr'>ὡς</span> <span class='ocrx_word' id='word_1_422' title='bbox 1211 4159 1271 4212; x_wconf 73' lang='grc' dir='ltr'>οὖ</span> <span class='ocrx_word' id='word_1_423' title='bbox 1332 4158 1471 4217; x_wconf 79' lang='grc' dir='ltr'>θείας</span> <span class='ocrx_word' id='word_1_424' title='bbox 1527 4156 1823 4222; x_wconf 70' lang='grc' dir='ltr'>ἐπισκοπῆς</span> <span class='ocrx_word' id='word_1_425' title='bbox 1871 4154 1991 4211; x_wconf 67' lang='grc' dir='ltr'>ἄνευ</span> 
     </span>
    </p>
   </div>
   <div class='ocr_carea' id='block_1_61' title="bbox 344 4244 1991 4323">
    <p class='ocr_par' dir='ltr' id='par_1_61' title="bbox 344 4244 1991 4323">
     <span class='ocr_line' id='line_1_61' title="bbox 344 4244 1991 4323; baseline -0.002 -21"><span class='ocrx_word' id='word_1_426' title='bbox 344 4249 414 4303; x_wconf 81' lang='grc' dir='ltr'>τὸ</span> <span class='ocrx_word' id='word_1_427' title='bbox 470 4252 689 4323; x_wconf 76' lang='grc' dir='ltr'>πρᾶγμα</span> <span class='ocrx_word' id='word_1_428' title='bbox 732 4245 974 4322; x_wconf 78' lang='grc' dir='ltr'>γενέσθαι</span> <span class='ocrx_word' id='word_1_429' title='bbox 1034 4245 1212 4307; x_wconf 61' lang='grc' dir='ltr'>καλῶς</span> <span class='ocrx_word' id='word_1_430' title='bbox 1258 4246 1526 4321; x_wconf 77' lang='grc' dir='ltr'>κρίναντες</span> <span class='ocrx_word' id='word_1_431' title='bbox 1575 4244 1864 4317; x_wconf 78' lang='grc' dir='ltr'>ἀνηρώτων</span> <span class='ocrx_word' id='word_1_432' title='bbox 1902 4263 1915 4278; x_wconf 89' lang='grc'><strong>·</strong></span> <span class='ocrx_word' id='word_1_433' title='bbox 1963 4246 1991 4299; x_wconf 84' lang='grc' dir='ltr'>ὁ</span> 
     </span>
    </p>
   </div>
   <div class='ocr_carea' id='block_1_62' title="bbox 343 4332 1991 4413">
    <p class='ocr_par' dir='ltr' id='par_1_62' title="bbox 343 4332 1991 4413">
     <span class='ocr_line' id='line_1_62' title="bbox 343 4332 1991 4413; baseline -0.002 -23"><span class='ocrx_word' id='word_1_434' title='bbox 343 4332 407 4390; x_wconf 71' lang='grc' dir='ltr'>δὲ</span> <span class='ocrx_word' id='word_1_435' title='bbox 441 4336 685 4413; x_wconf 71' lang='grc' dir='ltr'>μοναχόν</span> <span class='ocrx_word' id='word_1_436' title='bbox 728 4356 845 4390; x_wconf 81' lang='grc' dir='ltr'>τινα</span> <span class='ocrx_word' id='word_1_437' title='bbox 891 4334 991 4411; x_wconf 61' lang='grc' dir='ltr'><strong>ἔφη</strong></span> <span class='ocrx_word' id='word_1_438' title='bbox 1024 4336 1359 4412; x_wconf 69' lang='grc' dir='ltr'>παραστῆναί</span> <span class='ocrx_word' id='word_1_439' title='bbox 1389 4355 1507 4407; x_wconf 85' lang='grc' dir='ltr'>μοι,</span> <span class='ocrx_word' id='word_1_440' title='bbox 1541 4336 1599 4390; x_wconf 77' lang='grc' dir='ltr'>τὸ</span> <span class='ocrx_word' id='word_1_441' title='bbox 1645 4343 1859 4412; x_wconf 72' lang='grc' dir='ltr'>σχῆμα,</span> <span class='ocrx_word' id='word_1_442' title='bbox 1892 4335 1991 4401; x_wconf 73' lang='grc' dir='ltr'>τὴν</span> 
     </span>
    </p>
   </div>
   <div class='ocr_carea' id='block_1_63' title="bbox 344 4420 1990 4503">
    <p class='ocr_par' dir='ltr' id='par_1_63' title="bbox 344 4420 1990 4503">
     <span class='ocr_line' id='line_1_63' title="bbox 344 4420 1990 4503; baseline -0.002 -23"><span class='ocrx_word' id='word_1_443' title='bbox 344 4420 642 4494; x_wconf 68' lang='grc' dir='ltr'>ἀναϐολὴν,</span> <span class='ocrx_word' id='word_1_444' title='bbox 687 4424 787 4490; x_wconf 71' lang='grc' dir='ltr'>τὴν</span> <span class='ocrx_word' id='word_1_445' title='bbox 832 4424 1047 4503; x_wconf 69' lang='grc' dir='ltr'>μορφὴν</span> <span class='ocrx_word' id='word_1_446' title='bbox 1082 4422 1312 4499; x_wconf 72' lang='grc' dir='ltr'>τοιάνδε,</span> <span class='ocrx_word' id='word_1_447' title='bbox 1345 4424 1409 4477; x_wconf 80' lang='grc' dir='ltr'><strong>τὰ</strong></span> <span class='ocrx_word' id='word_1_448' title='bbox 1467 4423 1764 4500; x_wconf 78' lang='grc' dir='ltr'>παράσημα</span> <span class='ocrx_word' id='word_1_449' title='bbox 1821 4423 1990 4480; x_wconf 81' lang='grc' dir='ltr'>πάντα</span> 
     </span>
    </p>
   </div>
   <div class='ocr_carea' id='block_1_64' title="bbox 344 4511 1993 4591">
    <p class='ocr_par' dir='ltr' id='par_1_64' title="bbox 344 4511 1993 4591">
     <span class='ocr_line' id='line_1_64' title="bbox 344 4511 1993 4591; baseline -0.002 -23"><span class='ocrx_word' id='word_1_450' title='bbox 344 4519 451 4568; x_wconf 82' lang='grc' dir='ltr'><strong>τοῦ</strong></span> <span class='ocrx_word' id='word_1_451' title='bbox 513 4512 713 4590; x_wconf 78' lang='grc' dir='ltr'>Πατρός</span> <span class='ocrx_word' id='word_1_452' title='bbox 757 4512 929 4591; x_wconf 81' lang='grc' dir='ltr'>λέγων</span> <span class='ocrx_word' id='word_1_453' title='bbox 988 4511 1200 4568; x_wconf 82' lang='grc' dir='ltr'>ἐοικότα</span> <span class='ocrx_word' id='word_1_454' title='bbox 1246 4514 1376 4587; x_wconf 73' lang='grc' dir='ltr'>πρὸς</span> <span class='ocrx_word' id='word_1_455' title='bbox 1429 4514 1487 4568; x_wconf 79' lang='grc' dir='ltr'><strong>το</strong></span> <span class='ocrx_word' id='word_1_456' title='bbox 1519 4511 1835 4588; x_wconf 79' lang='grc' dir='ltr'>ἀκρότατον,</span> <span class='ocrx_word' id='word_1_457' title='bbox 1899 4515 1993 4569; x_wconf 80' lang='grc' dir='ltr'><strong>Καὶ</strong></span> 
     </span>
    </p>
   </div>
   <div class='ocr_carea' id='block_1_65' title="bbox 347 4598 1993 4679">
    <p class='ocr_par' dir='ltr' id='par_1_65' title="bbox 347 4598 1993 4679">
     <span class='ocr_line' id='line_1_65' title="bbox 347 4598 1993 4679; baseline -0.001 -23"><span class='ocrx_word' id='word_1_458' title='bbox 347 4602 547 4658; x_wconf 79' lang='grc' dir='ltr'>τούτου</span> <span class='ocrx_word' id='word_1_459' title='bbox 605 4624 696 4674; x_wconf 89' lang='grc' dir='ltr'><strong>μοι</strong></span> <span class='ocrx_word' id='word_1_460' title='bbox 737 4603 787 4656; x_wconf 80' lang='grc' dir='ltr'>αἱ</span> <span class='ocrx_word' id='word_1_461' title='bbox 822 4613 1035 4679; x_wconf 73' lang='grc' dir='ltr'>χεῖρες,</span> <span class='ocrx_word' id='word_1_462' title='bbox 1070 4602 1222 4678; x_wconf 77' lang='grc' dir='ltr'>φησὶ,</span> <span class='ocrx_word' id='word_1_463' title='bbox 1257 4603 1349 4655; x_wconf 85' lang='grc' dir='ltr'><strong>τοῦ</strong></span> <span class='ocrx_word' id='word_1_464' title='bbox 1404 4601 1482 4673; x_wconf 71' lang='grc' dir='ltr'>μὴ</span> <span class='ocrx_word' id='word_1_465' title='bbox 1534 4602 1675 4660; x_wconf 66' lang='grc' dir='ltr'>εὖθὺς</span> <span class='ocrx_word' id='word_1_466' title='bbox 1715 4613 1830 4663; x_wconf 83' lang='grc' dir='ltr'>τοῖς</span> <span class='ocrx_word' id='word_1_467' title='bbox 1875 4598 1993 4655; x_wconf 77' lang='grc' dir='ltr'>ὕδα-</span> 
     </span>
    </p>
   </div>
   <div class='ocr_carea' id='block_1_66' title="bbox 347 4688 1992 4767">
    <p class='ocr_par' dir='ltr' id='par_1_66' title="bbox 347 4688 1992 4767">
     <span class='ocr_line' id='line_1_66' title="bbox 347 4688 1992 4767; baseline -0.001 -21"><span class='ocrx_word' id='word_1_468' title='bbox 347 4712 439 4746; x_wconf 85' lang='grc' dir='ltr'><strong>σιν</strong></span> <span class='ocrx_word' id='word_1_469' title='bbox 499 4689 846 4745; x_wconf 70' lang='grc' dir='ltr'>ἐναποθανεῖν</span> <span class='ocrx_word' id='word_1_470' title='bbox 909 4690 1101 4761; x_wconf 69' lang='grc' dir='ltr'>αἴτιοι,</span> <span class='ocrx_word' id='word_1_471' title='bbox 1160 4688 1452 4767; x_wconf 67' lang='grc' dir='ltr'>ἀνέχουσαί</span> <span class='ocrx_word' id='word_1_472' title='bbox 1512 4709 1577 4762; x_wconf 82' lang='grc' dir='ltr'><strong>με</strong></span> <span class='ocrx_word' id='word_1_473' title='bbox 1636 4688 1839 4763; x_wconf 72' lang='grc' dir='ltr'>καλῶς,</span> <span class='ocrx_word' id='word_1_474' title='bbox 1900 4693 1992 4745; x_wconf 82' lang='grc' dir='ltr'><strong>καί</strong></span> 
     </span>
    </p>
   </div>
   <div class='ocr_carea' id='block_1_67' title="bbox 344 4777 1728 4855">
    <p class='ocr_par' dir='ltr' id='par_1_67' title="bbox 344 4777 1728 4855">
     <span class='ocr_line' id='line_1_67' title="bbox 344 4777 1728 4855; baseline -0.001 -20"><span class='ocrx_word' id='word_1_475' title='bbox 344 4778 637 4855; x_wconf 78' lang='grc' dir='ltr'>ὑπέρτερον</span> <span class='ocrx_word' id='word_1_476' title='bbox 668 4778 811 4834; x_wconf 78' lang='grc' dir='ltr'>εἶναι</span> <span class='ocrx_word' id='word_1_477' title='bbox 839 4785 943 4834; x_wconf 79' lang='grc' dir='ltr'>τῶν</span> <span class='ocrx_word' id='word_1_478' title='bbox 972 4777 1177 4835; x_wconf 77' lang='grc' dir='ltr'>ὑδάτων</span> <span class='ocrx_word' id='word_1_479' title='bbox 1211 4779 1728 4854; x_wconf 65' lang='grc' dir='ltr'>παρασκευάζουσαι.</span> 
     </span>
    </p>
   </div>
   <div class='ocr_carea' id='block_1_68' title="bbox 436 4951 1995 5031">
    <p class='ocr_par' dir='ltr' id='par_1_68' title="bbox 436 4951 1995 5031">
     <span class='ocr_line' id='line_1_68' title="bbox 436 4951 1995 5031; baseline -0.003 -22"><span class='ocrx_word' id='word_1_480' title='bbox 436 4952 535 5020; x_wconf 79' lang='grc' dir='ltr'><strong>Ξε’.</strong></span> <span class='ocrx_word' id='word_1_481' title='bbox 608 4965 783 5013; x_wconf 77' lang='grc' dir='ltr'>Ταῦτα</span> <span class='ocrx_word' id='word_1_482' title='bbox 842 4956 878 5023; x_wconf 79' lang='grc' dir='ltr'><strong>ἡ</strong></span> <span class='ocrx_word' id='word_1_483' title='bbox 948 4956 1130 5029; x_wconf 80' lang='grc' dir='ltr'>μήτηρ</span> <span class='ocrx_word' id='word_1_484' title='bbox 1202 4951 1504 5029; x_wconf 78' lang='grc' dir='ltr'>διεξηγεῖτο</span> <span class='ocrx_word' id='word_1_485' title='bbox 1558 4956 1647 5008; x_wconf 84' lang='grc' dir='ltr'><strong>καὶ</strong></span> <span class='ocrx_word' id='word_1_486' title='bbox 1700 4954 1995 5031; x_wconf 70' lang='grc' dir='ltr'>προστίθει,</span> 
     </span>
    </p>
   </div>
   <div class='ocr_carea' id='block_1_69' title="bbox 2067 2198 3719 2281">
    <p class='ocr_par' dir='ltr' id='par_1_69' title="bbox 2067 2198 3719 2281">
     <span class='ocr_line' id='line_1_69' title="bbox 2067 2198 3719 2281; baseline 0.001 -20"><span class='ocrx_word' id='word_1_487' title='bbox 2067 2207 2201 2279; x_wconf 87' lang='lat' dir='ltr'><strong>gata</strong></span> <span class='ocrx_word' id='word_1_488' title='bbox 2232 2208 2430 2262; x_wconf 89' lang='lat' dir='ltr'><strong>autem</strong></span> <span class='ocrx_word' id='word_1_489' title='bbox 2466 2199 2709 2273; x_wconf 90' lang='lat' dir='ltr'><strong>mulier,</strong></span> <span class='ocrx_word' id='word_1_490' title='bbox 2743 2198 3032 2279; x_wconf 84' lang='lat' dir='ltr'><strong>quidnam</strong></span> <span class='ocrx_word' id='word_1_491' title='bbox 3061 2198 3176 2261; x_wconf 89' lang='lat' dir='ltr'><strong>sibi</strong></span> <span class='ocrx_word' id='word_1_492' title='bbox 3204 2200 3431 2262; x_wconf 84' lang='lat' dir='ltr'><strong>vellent</strong></span> <span class='ocrx_word' id='word_1_493' title='bbox 3460 2219 3552 2277; x_wconf 88' lang='lat' dir='ltr'><strong>ea,</strong></span> <span class='ocrx_word' id='word_1_494' title='bbox 3584 2218 3719 2281; x_wconf 67' lang='lat' dir='ltr'><strong>quas</strong></span> 
     </span>
    </p>
   </div>
   <div class='ocr_carea' id='block_1_70' title="bbox 2069 2286 3717 2369">
    <p class='ocr_par' dir='ltr' id='par_1_70' title="bbox 2069 2286 3717 2369">
     <span class='ocr_line' id='line_1_70' title="bbox 2069 2286 3717 2369; baseline 0.001 -19"><span class='ocrx_word' id='word_1_495' title='bbox 2069 2289 2427 2350; x_wconf 81' lang='lat' dir='ltr'><strong>dicebantur</strong></span> <span class='ocrx_word' id='word_1_496' title='bbox 2450 2307 2482 2348; x_wconf 93' lang='lat' dir='ltr'><strong>a</strong></span> <span class='ocrx_word' id='word_1_497' title='bbox 2506 2287 3103 2369; x_wconf 87' lang='lat' dir='ltr'><strong>puero,dicebateum</strong></span> <span class='ocrx_word' id='word_1_498' title='bbox 3120 2286 3358 2367; x_wconf 89' lang='lat' dir='ltr'><strong>quidem</strong></span> <span class='ocrx_word' id='word_1_499' title='bbox 3375 2289 3586 2351; x_wconf 83' lang='lat' dir='ltr'><strong>lusisse</strong></span> <span class='ocrx_word' id='word_1_500' title='bbox 3600 2308 3717 2353; x_wconf 89' lang='lat' dir='ltr'><strong>una</strong></span> 
     </span>
    </p>
   </div>
   <div class='ocr_carea' id='block_1_71' title="bbox 2071 2375 3718 2458">
    <p class='ocr_par' dir='ltr' id='par_1_71' title="bbox 2071 2375 3718 2458">
     <span class='ocr_line' id='line_1_71' title="bbox 2071 2375 3718 2458; baseline -0.001 -20"><span class='ocrx_word' id='word_1_501' title='bbox 2071 2395 2206 2438; x_wconf 90' lang='lat' dir='ltr'><strong>cum</strong></span> <span class='ocrx_word' id='word_1_502' title='bbox 2231 2378 2559 2458; x_wconf 62' lang='lat' dir='ltr'><strong>aequalibus</strong></span> <span class='ocrx_word' id='word_1_503' title='bbox 2584 2398 2600 2457; x_wconf 88' lang='lat'><strong>;</strong></span> <span class='ocrx_word' id='word_1_504' title='bbox 2628 2394 2762 2437; x_wconf 89' lang='lat' dir='ltr'><strong>cum</strong></span> <span class='ocrx_word' id='word_1_505' title='bbox 2788 2384 2986 2437; x_wconf 88' lang='lat' dir='ltr'><strong>autem</strong></span> <span class='ocrx_word' id='word_1_506' title='bbox 3011 2375 3152 2437; x_wconf 92' lang='lat' dir='ltr'><strong>ludo</strong></span> <span class='ocrx_word' id='word_1_507' title='bbox 3180 2384 3339 2437; x_wconf 89' lang='lat' dir='ltr'><strong>esset</strong></span> <span class='ocrx_word' id='word_1_508' title='bbox 3360 2382 3718 2451; x_wconf 87' lang='lat' dir='ltr'><strong>intentus,et</strong></span> 
     </span>
    </p>
   </div>
   <div class='ocr_carea' id='block_1_72' title="bbox 2074 2463 3711 2545">
    <p class='ocr_par' dir='ltr' id='par_1_72' title="bbox 2074 2463 3711 2545">
     <span class='ocr_line' id='line_1_72' title="bbox 2074 2463 3711 2545; baseline 0 -19"><span class='ocrx_word' id='word_1_509' title='bbox 2074 2484 2192 2527; x_wconf 88' lang='lat' dir='ltr'><strong>non</strong></span> <span class='ocrx_word' id='word_1_510' title='bbox 2225 2466 2577 2545; x_wconf 73' lang='lat' dir='ltr'><strong>praevideret</strong></span> <span class='ocrx_word' id='word_1_511' title='bbox 2606 2483 2740 2545; x_wconf 62' lang='lat' dir='ltr'><strong>quae</strong></span> <span class='ocrx_word' id='word_1_512' title='bbox 2786 2472 2957 2525; x_wconf 87' lang='lat' dir='ltr'><strong>erant</strong></span> <span class='ocrx_word' id='word_1_513' title='bbox 3000 2464 3061 2526; x_wconf 92' lang='lat' dir='ltr'><strong>in</strong></span> <span class='ocrx_word' id='word_1_514' title='bbox 3097 2463 3376 2544; x_wconf 89' lang='lat' dir='ltr'><strong>pedibus,</strong></span> <span class='ocrx_word' id='word_1_515' title='bbox 3409 2465 3711 2544; x_wconf 89' lang='lat' dir='ltr'><strong>dejectum</strong></span> 
     </span>
    </p>
   </div>
   <div class='ocr_carea' id='block_1_73' title="bbox 2068 2551 3716 2633">
    <p class='ocr_par' dir='ltr' id='par_1_73' title="bbox 2068 2551 3716 2633">
     <span class='ocr_line' id='line_1_73' title="bbox 2068 2551 3716 2633; baseline -0.001 -19"><span class='ocrx_word' id='word_1_516' title='bbox 2068 2553 2255 2616; x_wconf 83' lang='lat' dir='ltr'><strong>fuisse</strong></span> <span class='ocrx_word' id='word_1_517' title='bbox 2285 2554 2348 2616; x_wconf 91' lang='lat' dir='ltr'><strong>in</strong></span> <span class='ocrx_word' id='word_1_518' title='bbox 2383 2562 2916 2633; x_wconf 87' lang='lat' dir='ltr'><strong>puteum,eumque</strong></span> <span class='ocrx_word' id='word_1_519' title='bbox 2948 2551 3584 2633; x_wconf 85' lang='lat' dir='ltr'><strong>profundissimum.Et</strong></span> <span class='ocrx_word' id='word_1_520' title='bbox 3606 2552 3716 2629; x_wconf 89' lang='lat' dir='ltr'><strong>qui</strong></span> 
     </span>
    </p>
   </div>
   <div class='ocr_carea' id='block_1_74' title="bbox 2069 2640 3714 2721">
    <p class='ocr_par' dir='ltr' id='par_1_74' title="bbox 2069 2640 3714 2721">
     <span class='ocr_line' id='line_1_74' title="bbox 2069 2640 3714 2721; baseline -0.002 -16"><span class='ocrx_word' id='word_1_521' title='bbox 2069 2643 2318 2705; x_wconf 89' lang='lat' dir='ltr'><strong>aderant</strong></span> <span class='ocrx_word' id='word_1_522' title='bbox 2345 2640 2611 2721; x_wconf 90' lang='lat' dir='ltr'><strong>quidem,</strong></span> <span class='ocrx_word' id='word_1_523' title='bbox 2639 2643 3018 2703; x_wconf 90' lang='lat' dir='ltr'><strong>immaturam</strong></span> <span class='ocrx_word' id='word_1_524' title='bbox 3050 2650 3112 2703; x_wconf 90' lang='lat' dir='ltr'><strong>et</strong></span> <span class='ocrx_word' id='word_1_525' title='bbox 3143 2640 3420 2702; x_wconf 85' lang='lat' dir='ltr'><strong>acerbam</strong></span> <span class='ocrx_word' id='word_1_526' title='bbox 3456 2651 3714 2701; x_wconf 87' lang='lat' dir='ltr'><strong>mortem</strong></span> 
     </span>
    </p>
   </div>
   <div class='ocr_carea' id='block_1_75' title="bbox 2072 2727 3715 2813">
    <p class='ocr_par' dir='ltr' id='par_1_75' title="bbox 2072 2727 3715 2813">
     <span class='ocr_line' id='line_1_75' title="bbox 2072 2727 3715 2813; baseline -0.002 -19"><span class='ocrx_word' id='word_1_527' title='bbox 2072 2733 2240 2813; x_wconf 90' lang='lat' dir='ltr'><strong>pueri</strong></span> <span class='ocrx_word' id='word_1_528' title='bbox 2262 2727 2780 2793; x_wconf 85' lang='lat' dir='ltr'><strong>deﬂebant.Nemo</strong></span> <span class='ocrx_word' id='word_1_529' title='bbox 2799 2730 2960 2790; x_wconf 91' lang='lat' dir='ltr'><strong>enim</strong></span> <span class='ocrx_word' id='word_1_530' title='bbox 2984 2729 3243 2810; x_wconf 90' lang='lat' dir='ltr'><strong>erat,qui</strong></span> <span class='ocrx_word' id='word_1_531' title='bbox 3264 2747 3384 2789; x_wconf 91' lang='lat' dir='ltr'><strong>non</strong></span> <span class='ocrx_word' id='word_1_532' title='bbox 3410 2728 3715 2791; x_wconf 77' lang='lat' dir='ltr'><strong>existima-</strong></span> 
     </span>
    </p>
   </div>
   <div class='ocr_carea' id='block_1_76' title="bbox 2073 2815 3711 2901">
    <p class='ocr_par' dir='ltr' id='par_1_76' title="bbox 2073 2815 3711 2901">
     <span class='ocr_line' id='line_1_76' title="bbox 2073 2815 3711 2901; baseline -0.003 -18"><span class='ocrx_word' id='word_1_533' title='bbox 2073 2831 2164 2883; x_wconf 87' lang='lat' dir='ltr'><strong>ret</strong></span> <span class='ocrx_word' id='word_1_534' title='bbox 2187 2838 2437 2901; x_wconf 89' lang='lat' dir='ltr'><strong>puerum</strong></span> <span class='ocrx_word' id='word_1_535' title='bbox 2462 2818 2646 2880; x_wconf 74' lang='lat' dir='ltr'><strong>fuisse</strong></span> <span class='ocrx_word' id='word_1_536' title='bbox 2665 2817 2860 2879; x_wconf 85' lang='lat' dir='ltr'><strong>statim</strong></span> <span class='ocrx_word' id='word_1_537' title='bbox 2886 2815 2960 2878; x_wconf 89' lang='lat' dir='ltr'><strong>ab</strong></span> <span class='ocrx_word' id='word_1_538' title='bbox 2979 2835 3126 2897; x_wconf 86' lang='lat' dir='ltr'><strong>aqua</strong></span> <span class='ocrx_word' id='word_1_539' title='bbox 3149 2818 3527 2879; x_wconf 74' lang='lat' dir='ltr'><strong>suﬂ‘ocatum.</strong></span> <span class='ocrx_word' id='word_1_540' title='bbox 3554 2816 3711 2890; x_wconf 83' lang='lat' dir='ltr'><strong>Quid</strong></span> 
     </span>
    </p>
   </div>
   <div class='ocr_carea' id='block_1_77' title="bbox 2070 2903 3715 2989">
    <p class='ocr_par' dir='ltr' id='par_1_77' title="bbox 2070 2903 3715 2989">
     <span class='ocr_line' id='line_1_77' title="bbox 2070 2903 3715 2989; baseline -0.002 -18"><span class='ocrx_word' id='word_1_541' title='bbox 2070 2911 2229 2972; x_wconf 90' lang='lat' dir='ltr'><strong>enim</strong></span> <span class='ocrx_word' id='word_1_542' title='bbox 2263 2928 2334 2971; x_wconf 83' lang='lat' dir='ltr'><strong>ex</strong></span> <span class='ocrx_word' id='word_1_543' title='bbox 2366 2926 2436 2971; x_wconf 89' lang='lat' dir='ltr'><strong>ea</strong></span> <span class='ocrx_word' id='word_1_544' title='bbox 2464 2926 2532 2969; x_wconf 91' lang='lat' dir='ltr'><strong>re</strong></span> <span class='ocrx_word' id='word_1_545' title='bbox 2563 2915 2837 2989; x_wconf 87' lang='lat' dir='ltr'><strong>poterant</strong></span> <span class='ocrx_word' id='word_1_546' title='bbox 2865 2905 3025 2969; x_wconf 90' lang='lat' dir='ltr'><strong>aliud</strong></span> <span class='ocrx_word' id='word_1_547' title='bbox 3084 2904 3426 2983; x_wconf 83' lang='lat' dir='ltr'><strong>suspicari?</strong></span> <span class='ocrx_word' id='word_1_548' title='bbox 3481 2903 3715 2968; x_wconf 84' lang='lat' dir='ltr'><strong>Deinde</strong></span> 
     </span>
    </p>
   </div>
   <div class='ocr_carea' id='block_1_78' title="bbox 2071 2993 3715 3076">
    <p class='ocr_par' dir='ltr' id='par_1_78' title="bbox 2071 2993 3715 3076">
     <span class='ocr_line' id='line_1_78' title="bbox 2071 2993 3715 3076; baseline -0.004 -14"><span class='ocrx_word' id='word_1_549' title='bbox 2071 3002 2250 3062; x_wconf 88' lang='lat' dir='ltr'><strong>etiam</strong></span> <span class='ocrx_word' id='word_1_550' title='bbox 2274 3018 2339 3062; x_wconf 92' lang='lat' dir='ltr'><strong>se</strong></span> <span class='ocrx_word' id='word_1_551' title='bbox 2366 2998 2628 3059; x_wconf 88' lang='lat' dir='ltr'><strong>humane</strong></span> <span class='ocrx_word' id='word_1_552' title='bbox 2647 2993 3594 3076; x_wconf 84' lang='lat' dir='ltr'><strong>gerentes,seipsosdemittuntin</strong></span> <span class='ocrx_word' id='word_1_553' title='bbox 3610 3013 3715 3074; x_wconf 86' lang='lat' dir='ltr'><strong>pu-</strong></span> 
     </span>
    </p>
   </div>
   <div class='ocr_carea' id='block_1_79' title="bbox 2074 3085 3718 3166">
    <p class='ocr_par' dir='ltr' id='par_1_79' title="bbox 2074 3085 3718 3166">
     <span class='ocr_line' id='line_1_79' title="bbox 2074 3085 3718 3166; baseline -0.002 -19"><span class='ocrx_word' id='word_1_554' title='bbox 2074 3100 2258 3161; x_wconf 89' lang='lat' dir='ltr'><strong>teum,</strong></span> <span class='ocrx_word' id='word_1_555' title='bbox 2288 3107 2406 3149; x_wconf 90' lang='lat' dir='ltr'><strong>non</strong></span> <span class='ocrx_word' id='word_1_556' title='bbox 2431 3096 2496 3149; x_wconf 93' lang='lat' dir='ltr'><strong>ut</strong></span> <span class='ocrx_word' id='word_1_557' title='bbox 2518 3105 2654 3149; x_wconf 85' lang='lat' dir='ltr'><strong>eum</strong></span> <span class='ocrx_word' id='word_1_558' title='bbox 2674 3085 3017 3166; x_wconf 86' lang='lat' dir='ltr'><strong>acciperent</strong></span> <span class='ocrx_word' id='word_1_559' title='bbox 3037 3093 3357 3162; x_wconf 88' lang='lat' dir='ltr'><strong>antequam</strong></span> <span class='ocrx_word' id='word_1_560' title='bbox 3378 3091 3718 3144; x_wconf 86' lang='lat' dir='ltr'><strong>moreretur</strong></span> 
     </span>
    </p>
   </div>
   <div class='ocr_carea' id='block_1_80' title="bbox 2074 3171 3710 3259">
    <p class='ocr_par' dir='ltr' id='par_1_80' title="bbox 2074 3171 3710 3259">
     <span class='ocr_line' id='line_1_80' title="bbox 2074 3171 3710 3259; baseline -0.005 -20"><span class='ocrx_word' id='word_1_561' title='bbox 2074 3177 2395 3259; x_wconf 81' lang='lat' dir='ltr'><strong>(quomodo</strong></span> <span class='ocrx_word' id='word_1_562' title='bbox 2411 3176 2571 3239; x_wconf 87' lang='lat' dir='ltr'><strong>enim</strong></span> <span class='ocrx_word' id='word_1_563' title='bbox 2588 3176 2719 3256; x_wconf 87' lang='lat' dir='ltr'><strong>ejus</strong></span> <span class='ocrx_word' id='word_1_564' title='bbox 2743 3192 2876 3237; x_wconf 88' lang='lat' dir='ltr'><strong>esse</strong></span> <span class='ocrx_word' id='word_1_565' title='bbox 2901 3181 3100 3256; x_wconf 86' lang='lat' dir='ltr'><strong>posset</strong></span> <span class='ocrx_word' id='word_1_566' title='bbox 3119 3171 3363 3253; x_wconf 85' lang='lat' dir='ltr'><strong>velspes</strong></span> <span class='ocrx_word' id='word_1_567' title='bbox 3386 3172 3710 3249; x_wconf 66' lang='lat' dir='ltr'><strong>minimam,</strong></span> 
     </span>
    </p>
   </div>
   <div class='ocr_carea' id='block_1_81' title="bbox 2074 3260 3716 3345">
    <p class='ocr_par' dir='ltr' id='par_1_81' title="bbox 2074 3260 3716 3345">
     <span class='ocr_line' id='line_1_81' title="bbox 2074 3260 3716 3345; baseline -0.004 -16"><span class='ocrx_word' id='word_1_568' title='bbox 2074 3266 2180 3329; x_wconf 89' lang='lat' dir='ltr'><strong>sed</strong></span> <span class='ocrx_word' id='word_1_569' title='bbox 2200 3275 2264 3327; x_wconf 91' lang='lat' dir='ltr'><strong>ut</strong></span> <span class='ocrx_word' id='word_1_570' title='bbox 2286 3274 2606 3345; x_wconf 88' lang='lat' dir='ltr'><strong>antequam</strong></span> <span class='ocrx_word' id='word_1_571' title='bbox 2631 3260 3281 3342; x_wconf 84' lang='lat' dir='ltr'><strong>corrumperetur,ejus</strong></span> <span class='ocrx_word' id='word_1_572' title='bbox 3301 3278 3518 3340; x_wconf 91' lang='lat' dir='ltr'><strong>corpus</strong></span> <span class='ocrx_word' id='word_1_573' title='bbox 3534 3268 3716 3323; x_wconf 86' lang='lat' dir='ltr'><strong>attra-</strong></span> 
     </span>
    </p>
   </div>
   <div class='ocr_carea' id='block_1_82' title="bbox 2074 3349 3714 3429">
    <p class='ocr_par' dir='ltr' id='par_1_82' title="bbox 2074 3349 3714 3429">
     <span class='ocr_line' id='line_1_82' title="bbox 2074 3349 3714 3429; baseline -0.002 -14"><span class='ocrx_word' id='word_1_574' title='bbox 2074 3354 2495 3429; x_wconf 89' lang='lat' dir='ltr'><strong>herent,matri</strong></span> <span class='ocrx_word' id='word_1_575' title='bbox 2519 3352 2767 3415; x_wconf 90' lang='lat' dir='ltr'><strong>domum</strong></span> <span class='ocrx_word' id='word_1_576' title='bbox 2792 3350 3233 3421; x_wconf 87' lang='lat' dir='ltr'><strong>calamitatis,et</strong></span> <span class='ocrx_word' id='word_1_577' title='bbox 3249 3349 3532 3413; x_wconf 90' lang='lat' dir='ltr'><strong>acerbum</strong></span> <span class='ocrx_word' id='word_1_578' title='bbox 3565 3368 3714 3412; x_wconf 84' lang='lat' dir='ltr'><strong>ocu-</strong></span> 
     </span>
    </p>
   </div>
   <div class='ocr_carea' id='block_1_83' title="bbox 2073 3438 3715 3523">
    <p class='ocr_par' dir='ltr' id='par_1_83' title="bbox 2073 3438 3715 3523">
     <span class='ocr_line' id='line_1_83' title="bbox 2073 3438 3715 3523; baseline -0.002 -19"><span class='ocrx_word' id='word_1_579' title='bbox 2073 3443 2148 3506; x_wconf 88' lang='lat' dir='ltr'><strong>lis</strong></span> <span class='ocrx_word' id='word_1_580' title='bbox 2169 3442 2601 3523; x_wconf 87' lang='lat' dir='ltr'><strong>spectaculum,</strong></span> <span class='ocrx_word' id='word_1_581' title='bbox 2632 3450 2691 3502; x_wconf 91' lang='lat' dir='ltr'><strong>et</strong></span> <span class='ocrx_word' id='word_1_582' title='bbox 2720 3439 3026 3502; x_wconf 89' lang='lat' dir='ltr'><strong>stimulum</strong></span> <span class='ocrx_word' id='word_1_583' title='bbox 3057 3438 3305 3512; x_wconf 84' lang='lat' dir='ltr'><strong>doloris,</strong></span> <span class='ocrx_word' id='word_1_584' title='bbox 3330 3446 3609 3514; x_wconf 88' lang='lat' dir='ltr'><strong>tanquam</strong></span> <span class='ocrx_word' id='word_1_585' title='bbox 3641 3456 3715 3501; x_wconf 79' lang='lat' dir='ltr'><strong>ex</strong></span> 
     </span>
    </p>
   </div>
   <div class='ocr_carea' id='block_1_84' title="bbox 2072 3525 3715 3611">
    <p class='ocr_par' dir='ltr' id='par_1_84' title="bbox 2072 3525 3715 3611">
     <span class='ocr_line' id='line_1_84' title="bbox 2072 3525 3715 3611; baseline -0.002 -18"><span class='ocrx_word' id='word_1_586' title='bbox 2072 3532 2378 3611; x_wconf 85' lang='lat' dir='ltr'><strong>naufragio</strong></span> <span class='ocrx_word' id='word_1_587' title='bbox 2402 3526 3031 3606; x_wconf 86' lang='lat' dir='ltr'><strong>conservatum,simul</strong></span> <span class='ocrx_word' id='word_1_588' title='bbox 3064 3535 3120 3589; x_wconf 88' lang='lat' dir='ltr'><strong>et</strong></span> <span class='ocrx_word' id='word_1_589' title='bbox 3146 3526 3494 3607; x_wconf 83' lang='lat' dir='ltr'><strong>fugiendum</strong></span> <span class='ocrx_word' id='word_1_590' title='bbox 3526 3535 3586 3590; x_wconf 91' lang='lat' dir='ltr'><strong>et</strong></span> <span class='ocrx_word' id='word_1_591' title='bbox 3612 3525 3715 3590; x_wconf 88' lang='lat' dir='ltr'><strong>de-</strong></span> 
     </span>
    </p>
   </div>
   <div class='ocr_carea' id='block_1_85' title="bbox 2070 3616 2947 3682">
    <p class='ocr_par' dir='ltr' id='par_1_85' title="bbox 2070 3616 2947 3682">
     <span class='ocr_line' id='line_1_85' title="bbox 2070 3616 2947 3682; baseline -0.006 0"><span class='ocrx_word' id='word_1_592' title='bbox 2070 3621 2459 3682; x_wconf 86' lang='lat' dir='ltr'><strong>siderandum</strong></span> <span class='ocrx_word' id='word_1_593' title='bbox 2496 3618 2701 3681; x_wconf 84' lang='lat' dir='ltr'><strong>matris</strong></span> <span class='ocrx_word' id='word_1_594' title='bbox 2732 3616 2947 3680; x_wconf 90' lang='lat' dir='ltr'><strong>oculis.</strong></span> 
     </span>
    </p>
   </div>
   <div class='ocr_carea' id='block_1_86' title="bbox 2154 3705 3713 3790">
    <p class='ocr_par' dir='ltr' id='par_1_86' title="bbox 2154 3705 3713 3790">
     <span class='ocr_line' id='line_1_86' title="bbox 2154 3705 3713 3790; baseline -0.003 -18"><span class='ocrx_word' id='word_1_595' title='bbox 2154 3709 2583 3790; x_wconf 71' lang='lat' dir='ltr'><strong>64.Postquam</strong></span> <span class='ocrx_word' id='word_1_596' title='bbox 2611 3716 2809 3770; x_wconf 88' lang='lat' dir='ltr'><strong>autem</strong></span> <span class='ocrx_word' id='word_1_597' title='bbox 2836 3705 3373 3781; x_wconf 81' lang='lat' dir='ltr'><strong>descenderunt,et</strong></span> <span class='ocrx_word' id='word_1_598' title='bbox 3393 3723 3527 3767; x_wconf 92' lang='lat' dir='ltr'><strong>eum</strong></span> <span class='ocrx_word' id='word_1_599' title='bbox 3550 3705 3713 3769; x_wconf 85' lang='lat' dir='ltr'><strong>inve-</strong></span> 
     </span>
    </p>
   </div>
   <div class='ocr_carea' id='block_1_87' title="bbox 2075 3793 3712 3877">
    <p class='ocr_par' dir='ltr' id='par_1_87' title="bbox 2075 3793 3712 3877">
     <span class='ocr_line' id='line_1_87' title="bbox 2075 3793 3712 3877; baseline -0.002 -18"><span class='ocrx_word' id='word_1_600' title='bbox 2075 3807 2295 3859; x_wconf 89' lang='lat' dir='ltr'><strong>nerunt</strong></span> <span class='ocrx_word' id='word_1_601' title='bbox 2326 3796 2639 3858; x_wconf 87' lang='lat' dir='ltr'><strong>sedentem</strong></span> <span class='ocrx_word' id='word_1_602' title='bbox 2691 3813 2874 3877; x_wconf 87' lang='lat' dir='ltr'><strong>super</strong></span> <span class='ocrx_word' id='word_1_603' title='bbox 2930 3813 3139 3875; x_wconf 91' lang='lat' dir='ltr'><strong>aquas,</strong></span> <span class='ocrx_word' id='word_1_604' title='bbox 3186 3802 3244 3855; x_wconf 88' lang='lat' dir='ltr'><strong>et</strong></span> <span class='ocrx_word' id='word_1_605' title='bbox 3276 3812 3387 3855; x_wconf 92' lang='lat' dir='ltr'><strong>nec</strong></span> <span class='ocrx_word' id='word_1_606' title='bbox 3415 3793 3712 3856; x_wconf 86' lang='lat' dir='ltr'><strong>tantillum</strong></span> 
     </span>
    </p>
   </div>
   <div class='ocr_carea' id='block_1_88' title="bbox 2072 3881 3716 3967">
    <p class='ocr_par' dir='ltr' id='par_1_88' title="bbox 2072 3881 3716 3967">
     <span class='ocr_line' id='line_1_88' title="bbox 2072 3881 3716 3967; baseline -0.003 -20"><span class='ocrx_word' id='word_1_607' title='bbox 2072 3886 2316 3967; x_wconf 88' lang='lat' dir='ltr'><strong>quidem</strong></span> <span class='ocrx_word' id='word_1_608' title='bbox 2354 3885 2777 3964; x_wconf 82' lang='lat' dir='ltr'><strong>madefactum,</strong></span> <span class='ocrx_word' id='word_1_609' title='bbox 2808 3885 2912 3946; x_wconf 88' lang='lat' dir='ltr'><strong>sed</strong></span> <span class='ocrx_word' id='word_1_610' title='bbox 2945 3883 3050 3963; x_wconf 89' lang='lat' dir='ltr'><strong>qui</strong></span> <span class='ocrx_word' id='word_1_611' title='bbox 3093 3881 3503 3944; x_wconf 89' lang='lat' dir='ltr'><strong>sustinebatur</strong></span> <span class='ocrx_word' id='word_1_612' title='bbox 3530 3881 3716 3942; x_wconf 88' lang='lat' dir='ltr'><strong>veluti</strong></span> 
     </span>
    </p>
   </div>
   <div class='ocr_carea' id='block_1_89' title="bbox 2071 3967 3707 4056">
    <p class='ocr_par' dir='ltr' id='par_1_89' title="bbox 2071 3967 3707 4056">
     <span class='ocr_line' id='line_1_89' title="bbox 2071 3967 3707 4056; baseline -0.004 -19"><span class='ocrx_word' id='word_1_613' title='bbox 2071 3976 2146 4037; x_wconf 91' lang='lat' dir='ltr'><strong>ab</strong></span> <span class='ocrx_word' id='word_1_614' title='bbox 2164 3975 2363 4056; x_wconf 86' lang='lat' dir='ltr'><strong>aliquo</strong></span> <span class='ocrx_word' id='word_1_615' title='bbox 2379 3973 2708 4044; x_wconf 87' lang='lat' dir='ltr'><strong>solido,ore</strong></span> <span class='ocrx_word' id='word_1_616' title='bbox 2729 3982 2935 4052; x_wconf 86' lang='lat' dir='ltr'><strong>aperto</strong></span> <span class='ocrx_word' id='word_1_617' title='bbox 2961 3967 3707 4056; x_wconf 83' lang='lat' dir='ltr'><strong>manebant,mirabantur,</strong></span> 
     </span>
    </p>
   </div>
   <div class='ocr_carea' id='block_1_90' title="bbox 2072 4055 3707 4141">
    <p class='ocr_par' dir='ltr' id='par_1_90' title="bbox 2072 4055 3707 4141">
     <span class='ocr_line' id='line_1_90' title="bbox 2072 4055 3707 4141; baseline -0.002 -16"><span class='ocrx_word' id='word_1_618' title='bbox 2072 4055 2448 4136; x_wconf 83' lang='lat' dir='ltr'><strong>dubitabunt,</strong></span> <span class='ocrx_word' id='word_1_619' title='bbox 2478 4061 2822 4125; x_wconf 87' lang='lat' dir='ltr'><strong>nesciebant</strong></span> <span class='ocrx_word' id='word_1_620' title='bbox 2842 4060 3127 4141; x_wconf 89' lang='lat' dir='ltr'><strong>quidnam</strong></span> <span class='ocrx_word' id='word_1_621' title='bbox 3153 4059 3485 4139; x_wconf 86' lang='lat' dir='ltr'><strong>cogitarent</strong></span> <span class='ocrx_word' id='word_1_622' title='bbox 3506 4055 3583 4120; x_wconf 92' lang='lat' dir='ltr'><strong>de</strong></span> <span class='ocrx_word' id='word_1_623' title='bbox 3612 4076 3707 4136; x_wconf 90' lang='lat' dir='ltr'><strong>eo,</strong></span> 
     </span>
    </p>
   </div>
   <div class='ocr_carea' id='block_1_91' title="bbox 2073 4148 3712 4233">
    <p class='ocr_par' dir='ltr' id='par_1_91' title="bbox 2073 4148 3712 4233">
     <span class='ocr_line' id='line_1_91' title="bbox 2073 4148 3712 4233; baseline -0.002 -20"><span class='ocrx_word' id='word_1_624' title='bbox 2073 4155 2231 4233; x_wconf 89' lang='lat' dir='ltr'><strong>quod</strong></span> <span class='ocrx_word' id='word_1_625' title='bbox 2264 4151 2747 4215; x_wconf 89' lang='lat' dir='ltr'><strong>cernebant.Sed</strong></span> <span class='ocrx_word' id='word_1_626' title='bbox 2780 4168 2917 4211; x_wconf 90' lang='lat' dir='ltr'><strong>cum</strong></span> <span class='ocrx_word' id='word_1_627' title='bbox 2952 4167 3087 4211; x_wconf 90' lang='lat' dir='ltr'><strong>eum</strong></span> <span class='ocrx_word' id='word_1_628' title='bbox 3124 4167 3195 4210; x_wconf 84' lang='lat' dir='ltr'><strong>ex</strong></span> <span class='ocrx_word' id='word_1_629' title='bbox 3224 4148 3397 4228; x_wconf 74' lang='lat' dir='ltr'><strong>aquis</strong></span> <span class='ocrx_word' id='word_1_630' title='bbox 3422 4148 3712 4210; x_wconf 80' lang='lat' dir='ltr'><strong>extraxis-</strong></span> 
     </span>
    </p>
   </div>
   <div class='ocr_carea' id='block_1_92' title="bbox 2075 4237 3712 4320">
    <p class='ocr_par' dir='ltr' id='par_1_92' title="bbox 2075 4237 3712 4320">
     <span class='ocr_line' id='line_1_92' title="bbox 2075 4237 3712 4320; baseline -0.001 -18"><span class='ocrx_word' id='word_1_631' title='bbox 2075 4252 2233 4313; x_wconf 87' lang='lat' dir='ltr'><strong>sent,</strong></span> <span class='ocrx_word' id='word_1_632' title='bbox 2252 4252 2309 4303; x_wconf 91' lang='lat' dir='ltr'><strong>et</strong></span> <span class='ocrx_word' id='word_1_633' title='bbox 2336 4260 2452 4302; x_wconf 92' lang='lat' dir='ltr'><strong>non</strong></span> <span class='ocrx_word' id='word_1_634' title='bbox 2476 4240 2704 4320; x_wconf 90' lang='lat' dir='ltr'><strong>absque</strong></span> <span class='ocrx_word' id='word_1_635' title='bbox 2731 4239 2931 4301; x_wconf 88' lang='lat' dir='ltr'><strong>divina</strong></span> <span class='ocrx_word' id='word_1_636' title='bbox 2955 4238 3329 4318; x_wconf 88' lang='lat' dir='ltr'><strong>providentia</strong></span> <span class='ocrx_word' id='word_1_637' title='bbox 3348 4256 3475 4299; x_wconf 89' lang='lat' dir='ltr'><strong>rem</strong></span> <span class='ocrx_word' id='word_1_638' title='bbox 3499 4237 3712 4300; x_wconf 80' lang='lat' dir='ltr'><strong>factam</strong></span> 
     </span>
    </p>
   </div>
   <div class='ocr_carea' id='block_1_93' title="bbox 2074 4326 3714 4409">
    <p class='ocr_par' dir='ltr' id='par_1_93' title="bbox 2074 4326 3714 4409">
     <span class='ocr_line' id='line_1_93' title="bbox 2074 4326 3714 4409; baseline -0.001 -17"><span class='ocrx_word' id='word_1_639' title='bbox 2074 4330 2675 4409; x_wconf 77' lang='lat' dir='ltr'><strong>fuissejudicassent,</strong></span> <span class='ocrx_word' id='word_1_640' title='bbox 2702 4347 2838 4390; x_wconf 91' lang='lat' dir='ltr'><strong>eum</strong></span> <span class='ocrx_word' id='word_1_641' title='bbox 2872 4328 3163 4406; x_wconf 77' lang='lat' dir='ltr'><strong>rogabant</strong></span> <span class='ocrx_word' id='word_1_642' title='bbox 3196 4346 3209 4390; x_wconf 93' lang='lat'>:</span> <span class='ocrx_word' id='word_1_643' title='bbox 3246 4329 3295 4389; x_wconf 91' lang='lat' dir='ltr'><strong>is</strong></span> <span class='ocrx_word' id='word_1_644' title='bbox 3326 4326 3473 4389; x_wconf 81' lang='lat' dir='ltr'><strong>dixit</strong></span> <span class='ocrx_word' id='word_1_645' title='bbox 3502 4345 3714 4407; x_wconf 83' lang='lat' dir='ltr'><strong>quem-</strong></span> 
     </span>
    </p>
   </div>
   <div class='ocr_carea' id='block_1_94' title="bbox 2074 4415 3721 4494">
    <p class='ocr_par' dir='ltr' id='par_1_94' title="bbox 2074 4415 3721 4494">
     <span class='ocr_line' id='line_1_94' title="bbox 2074 4415 3721 4494; baseline -0.002 -13"><span class='ocrx_word' id='word_1_646' title='bbox 2074 4421 2209 4482; x_wconf 69' lang='lat' dir='ltr'><strong>dum</strong></span> <span class='ocrx_word' id='word_1_647' title='bbox 2242 4420 2503 4482; x_wconf 81' lang='lat' dir='ltr'><strong>astitisse</strong></span> <span class='ocrx_word' id='word_1_648' title='bbox 2556 4417 2944 4494; x_wconf 86' lang='lat' dir='ltr'><strong>monachum,</strong></span> <span class='ocrx_word' id='word_1_649' title='bbox 3002 4417 3101 4478; x_wconf 88' lang='lat' dir='ltr'><strong>tali</strong></span> <span class='ocrx_word' id='word_1_650' title='bbox 3147 4417 3375 4490; x_wconf 86' lang='lat' dir='ltr'><strong>habitu,</strong></span> <span class='ocrx_word' id='word_1_651' title='bbox 3408 4415 3627 4478; x_wconf 91' lang='lat' dir='ltr'><strong>amictu</strong></span> <span class='ocrx_word' id='word_1_652' title='bbox 3662 4424 3721 4478; x_wconf 90' lang='lat' dir='ltr'><strong>et</strong></span> 
     </span>
    </p>
   </div>
   <div class='ocr_carea' id='block_1_95' title="bbox 2075 4506 3721 4589">
    <p class='ocr_par' dir='ltr' id='par_1_95' title="bbox 2075 4506 3721 4589">
     <span class='ocr_line' id='line_1_95' title="bbox 2075 4506 3721 4589; baseline -0.002 -17"><span class='ocrx_word' id='word_1_653' title='bbox 2075 4512 2267 4572; x_wconf 71' lang='lat' dir='ltr'><strong>forma</strong></span> <span class='ocrx_word' id='word_1_654' title='bbox 2291 4509 2853 4589; x_wconf 63' lang='lat' dir='ltr'><strong>praeditum,dicens</strong></span> <span class='ocrx_word' id='word_1_655' title='bbox 2874 4507 3079 4568; x_wconf 85' lang='lat' dir='ltr'><strong>omnia</strong></span> <span class='ocrx_word' id='word_1_656' title='bbox 3101 4506 3524 4585; x_wconf 70' lang='lat' dir='ltr'><strong>insignia.quae</strong></span> <span class='ocrx_word' id='word_1_657' title='bbox 3545 4511 3721 4568; x_wconf 86' lang='lat' dir='ltr'><strong>erant</strong></span> 
     </span>
    </p>
   </div>
   <div class='ocr_carea' id='block_1_96' title="bbox 2075 4594 3717 4676">
    <p class='ocr_par' dir='ltr' id='par_1_96' title="bbox 2075 4594 3717 4676">
     <span class='ocr_line' id='line_1_96' title="bbox 2075 4594 3717 4676; baseline -0.006 -11"><span class='ocrx_word' id='word_1_658' title='bbox 2075 4601 2270 4665; x_wconf 87' lang='lat' dir='ltr'><strong>Patris</strong></span> <span class='ocrx_word' id='word_1_659' title='bbox 2290 4600 2617 4663; x_wconf 86' lang='lat' dir='ltr'><strong>Theodosii</strong></span> <span class='ocrx_word' id='word_1_660' title='bbox 2637 4599 2813 4676; x_wconf 86' lang='lat' dir='ltr'><strong>longe</strong></span> <span class='ocrx_word' id='word_1_661' title='bbox 2836 4595 3238 4659; x_wconf 88' lang='lat' dir='ltr'><strong>simillima.Et</strong></span> <span class='ocrx_word' id='word_1_662' title='bbox 3261 4596 3463 4675; x_wconf 88' lang='lat' dir='ltr'><strong>hujus,</strong></span> <span class='ocrx_word' id='word_1_663' title='bbox 3497 4594 3717 4671; x_wconf 88' lang='lat' dir='ltr'><strong>inquit,</strong></span> 
     </span>
    </p>
   </div>
   <div class='ocr_carea' id='block_1_97' title="bbox 2082 4683 3721 4762">
    <p class='ocr_par' dir='ltr' id='par_1_97' title="bbox 2082 4683 3721 4762">
     <span class='ocr_line' id='line_1_97' title="bbox 2082 4683 3721 4762; baseline -0.004 -11"><span class='ocrx_word' id='word_1_664' title='bbox 2082 4690 2225 4752; x_wconf 81' lang='lat' dir='ltr'><strong>mihi</strong></span> <span class='ocrx_word' id='word_1_665' title='bbox 2260 4708 2470 4751; x_wconf 88' lang='lat' dir='ltr'><strong>manus</strong></span> <span class='ocrx_word' id='word_1_666' title='bbox 2501 4706 2698 4750; x_wconf 66' lang='lat' dir='ltr'><strong>causa:</strong></span> <span class='ocrx_word' id='word_1_667' title='bbox 2733 4695 2895 4759; x_wconf 86' lang='lat' dir='ltr'><strong>sunt,</strong></span> <span class='ocrx_word' id='word_1_668' title='bbox 2930 4704 3007 4747; x_wconf 85' lang='lat' dir='ltr'><strong>ne</strong></span> <span class='ocrx_word' id='word_1_669' title='bbox 3039 4684 3100 4745; x_wconf 92' lang='lat' dir='ltr'><strong>in</strong></span> <span class='ocrx_word' id='word_1_670' title='bbox 3139 4685 3313 4762; x_wconf 82' lang='lat' dir='ltr'><strong>aquis</strong></span> <span class='ocrx_word' id='word_1_671' title='bbox 3359 4683 3721 4755; x_wconf 86' lang='lat' dir='ltr'><strong>interierim,</strong></span> 
     </span>
    </p>
   </div>
   <div class='ocr_carea' id='block_1_98' title="bbox 2016 4768 3723 4858">
    <p class='ocr_par' dir='ltr' id='par_1_98' title="bbox 2016 4768 3723 4858">
     <span class='ocr_line' id='line_1_98' title="bbox 2016 4768 3723 4858; baseline -0.002 -19"><span class='ocrx_word' id='word_1_672' title='bbox 2016 4768 2212 4858; x_wconf 73' lang='lat' dir='ltr'><strong>unee</strong></span> <span class='ocrx_word' id='word_1_673' title='bbox 2243 4797 2338 4840; x_wconf 91' lang='lat' dir='ltr'><strong>me</strong></span> <span class='ocrx_word' id='word_1_674' title='bbox 2368 4787 2531 4840; x_wconf 88' lang='lat' dir='ltr'><strong>recte</strong></span> <span class='ocrx_word' id='word_1_675' title='bbox 2561 4773 2958 4849; x_wconf 86' lang='lat' dir='ltr'><strong>sustinebant,</strong></span> <span class='ocrx_word' id='word_1_676' title='bbox 2984 4782 3045 4836; x_wconf 91' lang='lat' dir='ltr'><strong>et</strong></span> <span class='ocrx_word' id='word_1_677' title='bbox 3068 4772 3406 4836; x_wconf 73' lang='lat' dir='ltr'><strong>efﬁciebant</strong></span> <span class='ocrx_word' id='word_1_678' title='bbox 3432 4780 3499 4835; x_wconf 89' lang='lat' dir='ltr'><strong>ut</strong></span> <span class='ocrx_word' id='word_1_679' title='bbox 3525 4790 3723 4836; x_wconf 85' lang='lat' dir='ltr'><strong>essem</strong></span> 
     </span>
    </p>
   </div>
   <div class='ocr_carea' id='block_1_99' title="bbox 2081 4866 2579 4948">
    <p class='ocr_par' dir='ltr' id='par_1_99' title="bbox 2081 4866 2579 4948">
     <span class='ocr_line' id='line_1_99' title="bbox 2081 4866 2579 4948; baseline -0.006 -20"><span class='ocrx_word' id='word_1_680' title='bbox 2081 4868 2250 4948; x_wconf 88' lang='lat' dir='ltr'><strong>aquis</strong></span> <span class='ocrx_word' id='word_1_681' title='bbox 2279 4866 2579 4947; x_wconf 89' lang='lat' dir='ltr'><strong>superior.</strong></span> 
     </span>
    </p>
   </div>
   <div class='ocr_carea' id='block_1_100' title="bbox 2162 4950 3717 5031">
    <p class='ocr_par' dir='ltr' id='par_1_100' title="bbox 2162 4950 3717 5031">
     <span class='ocr_line' id='line_1_100' title="bbox 2162 4950 3717 5031; baseline -0.001 -17"><span class='ocrx_word' id='word_1_682' title='bbox 2162 4956 2260 5018; x_wconf 82' lang='lat'><strong>65.</strong></span> <span class='ocrx_word' id='word_1_683' title='bbox 2290 4954 2427 5017; x_wconf 67' lang='lat' dir='ltr'><strong>Haec</strong></span> <span class='ocrx_word' id='word_1_684' title='bbox 2461 4963 2652 5017; x_wconf 86' lang='lat' dir='ltr'><strong>mater</strong></span> <span class='ocrx_word' id='word_1_685' title='bbox 2682 4963 2740 5016; x_wconf 88' lang='lat' dir='ltr'><strong>et</strong></span> <span class='ocrx_word' id='word_1_686' title='bbox 2772 4954 3061 5015; x_wconf 89' lang='lat' dir='ltr'><strong>narrabat</strong></span> <span class='ocrx_word' id='word_1_687' title='bbox 3088 4960 3149 5014; x_wconf 92' lang='lat' dir='ltr'><strong>et</strong></span> <span class='ocrx_word' id='word_1_688' title='bbox 3180 4950 3500 5031; x_wconf 86' lang='lat' dir='ltr'><strong>adjiciebat</strong></span> <span class='ocrx_word' id='word_1_689' title='bbox 3528 4968 3544 5014; x_wconf 90' lang='lat'>:</span> <span class='ocrx_word' id='word_1_690' title='bbox 3570 4950 3717 5026; x_wconf 82' lang='lat' dir='ltr'><strong>Ego.</strong></span> 
     </span>
    </p>
   </div>
   <div class='ocr_carea' id='block_1_101' title="bbox 352 5039 1987 5125">
    <p class='ocr_par' dir='ltr' id='par_1_101' title="bbox 352 5039 1987 5121">
     <span class='ocr_line' id='line_1_101' title="bbox 352 5039 1987 5121; baseline -0.001 -21"><span class='ocrx_word' id='word_1_691' title='bbox 352 5045 570 5121; x_wconf 78' lang='grc' dir='ltr'>ὅτιπερ,</span> <span class='ocrx_word' id='word_1_692' title='bbox 606 5041 693 5107; x_wconf 78' lang='grc' dir='ltr'><strong>ἘΞ</strong></span> <span class='ocrx_word' id='word_1_693' title='bbox 725 5043 927 5102; x_wconf 78' lang='grc' dir='ltr'>ἐκείνου</span> <span class='ocrx_word' id='word_1_694' title='bbox 955 5044 1064 5121; x_wconf 81' lang='grc' dir='ltr'><strong>ἐγὼ</strong></span> <span class='ocrx_word' id='word_1_695' title='bbox 1105 5043 1196 5098; x_wconf 78' lang='grc' dir='ltr'>τὸν</span> <span class='ocrx_word' id='word_1_696' title='bbox 1241 5040 1411 5098; x_wconf 78' lang='grc' dir='ltr'>παῖδα</span> <span class='ocrx_word' id='word_1_697' title='bbox 1437 5039 1690 5115; x_wconf 82' lang='grc' dir='ltr'>λαϐοῦσα,</span> <span class='ocrx_word' id='word_1_698' title='bbox 1725 5041 1910 5105; x_wconf 88' lang='grc' dir='ltr'>πόλεις</span> <span class='ocrx_word' id='word_1_699' title='bbox 1940 5062 1987 5098; x_wconf 85' lang='grc' dir='ltr'><strong>τε</strong></span> 
     </span>
    </p>
   </div>
   <div class='ocr_carea' id='block_1_102' title="bbox 2077 5039 3719 5125">
    <p class='ocr_par' dir='ltr' id='par_1_102' title="bbox 2081 5039 3719 5125">
     <span class='ocr_line' id='line_1_102' title="bbox 2081 5039 3719 5125; baseline -0.005 -19"><span class='ocrx_word' id='word_1_700' title='bbox 2081 5044 2298 5125; x_wconf 89' lang='lat' dir='ltr'><strong>inquit,</strong></span> <span class='ocrx_word' id='word_1_701' title='bbox 2328 5062 2464 5106; x_wconf 90' lang='lat' dir='ltr'><strong>cum</strong></span> <span class='ocrx_word' id='word_1_702' title='bbox 2528 5062 2597 5105; x_wconf 83' lang='lat' dir='ltr'><strong>ex</strong></span> <span class='ocrx_word' id='word_1_703' title='bbox 2651 5043 2753 5104; x_wconf 92' lang='lat' dir='ltr'><strong>illo</strong></span> <span class='ocrx_word' id='word_1_704' title='bbox 2806 5053 3081 5121; x_wconf 90' lang='lat' dir='ltr'><strong>tempore</strong></span> <span class='ocrx_word' id='word_1_705' title='bbox 3112 5039 3298 5101; x_wconf 79' lang='lat' dir='ltr'><strong>filium</strong></span> <span class='ocrx_word' id='word_1_706' title='bbox 3327 5039 3719 5117; x_wconf 90' lang='lat' dir='ltr'><strong>accepissem,</strong></span> 
     </span>
    </p>
   </div>
   <div class='ocr_carea' id='block_1_103' title="bbox 354 5125 1987 5209">
    <p class='ocr_par' dir='ltr' id='par_1_103' title="bbox 354 5131 1987 5209">
     <span class='ocr_line' id='line_1_103' title="bbox 354 5131 1987 5209; baseline -0.002 -18"><span class='ocrx_word' id='word_1_707' title='bbox 354 5136 447 5191; x_wconf 80' lang='grc' dir='ltr'><strong>καὶ</strong></span> <span class='ocrx_word' id='word_1_708' title='bbox 509 5132 695 5206; x_wconf 84' lang='grc' dir='ltr'>κώμας</span> <span class='ocrx_word' id='word_1_709' title='bbox 758 5135 844 5189; x_wconf 70' lang='grc' dir='ltr'>καὶ</span> <span class='ocrx_word' id='word_1_710' title='bbox 902 5131 999 5208; x_wconf 79' lang='grc' dir='ltr'><strong>ὅρη</strong></span> <span class='ocrx_word' id='word_1_711' title='bbox 1055 5135 1143 5187; x_wconf 85' lang='grc' dir='ltr'>καὶ</span> <span class='ocrx_word' id='word_1_712' title='bbox 1197 5131 1465 5209; x_wconf 79' lang='grc' dir='ltr'>κρημνοὺς</span> <span class='ocrx_word' id='word_1_713' title='bbox 1521 5132 1751 5207; x_wconf 79' lang='grc' dir='ltr'>περίειμι</span> <span class='ocrx_word' id='word_1_714' title='bbox 1809 5131 1987 5195; x_wconf 67' lang='grc' dir='ltr'>πόνους</span> 
     </span>
    </p>
   </div>
   <div class='ocr_carea' id='block_1_104' title="bbox 2077 5125 3723 5209">
    <p class='ocr_par' dir='ltr' id='par_1_104' title="bbox 2083 5125 3723 5207">
     <span class='ocr_line' id='line_1_104' title="bbox 2083 5125 3723 5207; baseline -0.007 -11"><span class='ocrx_word' id='word_1_715' title='bbox 2083 5136 2264 5196; x_wconf 87' lang='lat' dir='ltr'><strong>urbes</strong></span> <span class='ocrx_word' id='word_1_716' title='bbox 2286 5133 2437 5195; x_wconf 90' lang='lat' dir='ltr'><strong>obeo</strong></span> <span class='ocrx_word' id='word_1_717' title='bbox 2460 5140 2519 5192; x_wconf 82' lang='lat' dir='ltr'><strong>et</strong></span> <span class='ocrx_word' id='word_1_718' title='bbox 2538 5131 2699 5193; x_wconf 89' lang='lat' dir='ltr'><strong>vicos</strong></span> <span class='ocrx_word' id='word_1_719' title='bbox 2721 5137 2780 5192; x_wconf 91' lang='lat' dir='ltr'><strong>et</strong></span> <span class='ocrx_word' id='word_1_720' title='bbox 2798 5138 3033 5191; x_wconf 86' lang='lat' dir='ltr'><strong>montes</strong></span> <span class='ocrx_word' id='word_1_721' title='bbox 3054 5136 3112 5189; x_wconf 90' lang='lat' dir='ltr'><strong>et</strong></span> <span class='ocrx_word' id='word_1_722' title='bbox 3134 5125 3723 5207; x_wconf 66' lang='lat' dir='ltr'><strong>praecipitiaJabores</strong></span> 
     </span>
    </p>
   </div>
   <div class='ocr_carea' id='block_1_105' title="bbox 352 5213 1987 5300">
    <p class='ocr_par' dir='ltr' id='par_1_105' title="bbox 352 5216 1987 5300">
     <span class='ocr_line' id='line_1_105' title="bbox 352 5216 1987 5300; baseline -0.002 -22"><span class='ocrx_word' id='word_1_723' title='bbox 352 5220 985 5300; x_wconf 58' lang='grc' dir='ltr'>ὗᾳσταμέπηπολλοῦς</span> <span class='ocrx_word' id='word_1_724' title='bbox 1043 5221 1166 5296; x_wconf 79' lang='grc' dir='ltr'>μὲν,</span> <span class='ocrx_word' id='word_1_725' title='bbox 1212 5222 1306 5276; x_wconf 76' lang='grc' dir='ltr'><strong>οῦκ</strong></span> <span class='ocrx_word' id='word_1_726' title='bbox 1350 5216 1535 5284; x_wconf 79' lang='grc' dir='ltr'>ἀηδεῖς</span> <span class='ocrx_word' id='word_1_727' title='bbox 1594 5218 1673 5297; x_wconf 77' lang='grc' dir='ltr'>δὲ,</span> <span class='ocrx_word' id='word_1_728' title='bbox 1734 5219 1879 5284; x_wconf 82' lang='grc' dir='ltr'>ὅπως</span> <span class='ocrx_word' id='word_1_729' title='bbox 1936 5220 1987 5276; x_wconf 56' lang='grc' dir='ltr'>ἂν</span> 
     </span>
    </p>
   </div>
   <div class='ocr_carea' id='block_1_106' title="bbox 2077 5213 3725 5300">
    <p class='ocr_par' dir='ltr' id='par_1_106' title="bbox 2084 5213 3725 5297">
     <span class='ocr_line' id='line_1_106' title="bbox 2084 5213 3725 5297; baseline -0.007 -12"><span class='ocrx_word' id='word_1_730' title='bbox 2084 5223 2354 5296; x_wconf 79' lang='lat' dir='ltr'><strong>subiens,</strong></span> <span class='ocrx_word' id='word_1_731' title='bbox 2389 5221 2608 5282; x_wconf 91' lang='lat' dir='ltr'><strong>multos</strong></span> <span class='ocrx_word' id='word_1_732' title='bbox 2633 5219 2908 5297; x_wconf 89' lang='lat' dir='ltr'><strong>quidem,</strong></span> <span class='ocrx_word' id='word_1_733' title='bbox 2943 5218 3046 5279; x_wconf 92' lang='lat' dir='ltr'><strong>sed</strong></span> <span class='ocrx_word' id='word_1_734' title='bbox 3089 5234 3208 5277; x_wconf 91' lang='lat' dir='ltr'><strong>non</strong></span> <span class='ocrx_word' id='word_1_735' title='bbox 3240 5213 3627 5295; x_wconf 89' lang='lat' dir='ltr'><strong>injucundos,</strong></span> <span class='ocrx_word' id='word_1_736' title='bbox 3659 5219 3725 5274; x_wconf 90' lang='lat' dir='ltr'><strong>ut</strong></span> 
     </span>
    </p>
   </div>
   <div class='ocr_carea' id='block_1_107' title="bbox 359 5306 1987 5390">
    <p class='ocr_par' dir='ltr' id='par_1_107' title="bbox 359 5308 1987 5390">
     <span class='ocr_line' id='line_1_107' title="bbox 359 5308 1987 5390; baseline -0.002 -23"><span class='ocrx_word' id='word_1_737' title='bbox 359 5334 453 5385; x_wconf 82' lang='grc' dir='ltr'><strong>μοι</strong></span> <span class='ocrx_word' id='word_1_738' title='bbox 509 5315 587 5385; x_wconf 78' lang='grc' dir='ltr'>τῷ</span> <span class='ocrx_word' id='word_1_739' title='bbox 639 5317 846 5389; x_wconf 74' lang='grc' dir='ltr'>σωτῆρι</span> <span class='ocrx_word' id='word_1_740' title='bbox 909 5323 1224 5390; x_wconf 70' lang='grc' dir='ltr'>περιτυχεῖν</span> <span class='ocrx_word' id='word_1_741' title='bbox 1279 5310 1438 5365; x_wconf 72' lang='grc' dir='ltr'>αὖτοῦ</span> <span class='ocrx_word' id='word_1_742' title='bbox 1494 5308 1725 5386; x_wconf 82' lang='grc' dir='ltr'>γένοιτο.</span> <span class='ocrx_word' id='word_1_743' title='bbox 1787 5317 1888 5367; x_wconf 83' lang='grc' dir='ltr'>Νῦν</span> <span class='ocrx_word' id='word_1_744' title='bbox 1946 5308 1987 5364; x_wconf 79' lang='grc' dir='ltr'>δὲ</span> 
     </span>
    </p>
   </div>
   <div class='ocr_carea' id='block_1_108' title="bbox 2077 5306 3722 5390">
    <p class='ocr_par' dir='ltr' id='par_1_108' title="bbox 2085 5306 3722 5385">
     <span class='ocr_line' id='line_1_108' title="bbox 2085 5306 3722 5385; baseline -0.007 -12"><span class='ocrx_word' id='word_1_745' title='bbox 2085 5313 2293 5373; x_wconf 86' lang='lat' dir='ltr'><strong>liceret</strong></span> <span class='ocrx_word' id='word_1_746' title='bbox 2318 5310 2463 5372; x_wconf 90' lang='lat' dir='ltr'><strong>mihi</strong></span> <span class='ocrx_word' id='word_1_747' title='bbox 2485 5307 2756 5370; x_wconf 87' lang='lat' dir='ltr'><strong>incidere</strong></span> <span class='ocrx_word' id='word_1_748' title='bbox 2782 5308 2844 5369; x_wconf 90' lang='lat' dir='ltr'><strong>in</strong></span> <span class='ocrx_word' id='word_1_749' title='bbox 2866 5307 2995 5385; x_wconf 88' lang='lat' dir='ltr'><strong>ejus</strong></span> <span class='ocrx_word' id='word_1_750' title='bbox 3015 5306 3581 5368; x_wconf 78' lang='lat' dir='ltr'><strong>servatoremNunc</strong></span> <span class='ocrx_word' id='word_1_751' title='bbox 3609 5317 3722 5362; x_wconf 88' lang='lat' dir='ltr'><strong>au-</strong></span> 
     </span>
    </p>
   </div>
   <div class='ocr_carea' id='block_1_109' title="bbox 360 5390 1987 5479">
    <p class='ocr_par' dir='ltr' id='par_1_109' title="bbox 360 5397 1987 5479">
     <span class='ocr_line' id='line_1_109' title="bbox 360 5397 1987 5479; baseline -0.002 -22"><span class='ocrx_word' id='word_1_752' title='bbox 360 5399 628 5479; x_wconf 76' lang='grc' dir='ltr'>πόρῤωθεν</span> <span class='ocrx_word' id='word_1_753' title='bbox 673 5403 830 5459; x_wconf 68' lang='grc' dir='ltr'>αὑτὸν</span> <span class='ocrx_word' id='word_1_754' title='bbox 887 5402 914 5455; x_wconf 86' lang='grc' dir='ltr'><strong>ὁ</strong></span> <span class='ocrx_word' id='word_1_755' title='bbox 973 5412 1105 5461; x_wconf 75' lang='grc' dir='ltr'>παῖς</span> <span class='ocrx_word' id='word_1_756' title='bbox 1159 5400 1429 5476; x_wconf 76' lang='grc' dir='ltr'>ἐπιγνοὺς,</span> <span class='ocrx_word' id='word_1_757' title='bbox 1464 5400 1549 5454; x_wconf 85' lang='grc' dir='ltr'><strong>καὶ</strong></span> <span class='ocrx_word' id='word_1_758' title='bbox 1579 5397 1699 5473; x_wconf 72' lang='grc' dir='ltr'>ἐμοὶ</span> <span class='ocrx_word' id='word_1_759' title='bbox 1731 5404 1797 5473; x_wconf 75' lang='grc' dir='ltr'>τῇ</span> <span class='ocrx_word' id='word_1_760' title='bbox 1840 5402 1987 5476; x_wconf 86' lang='grc' dir='ltr'>μητρ</span> 
     </span>
    </p>
   </div>
   <div class='ocr_carea' id='block_1_110' title="bbox 2077 5390 3723 5479">
    <p class='ocr_par' dir='ltr' id='par_1_110' title="bbox 2087 5390 3723 5479">
     <span class='ocr_line' id='line_1_110' title="bbox 2087 5390 3723 5479; baseline -0.007 -18"><span class='ocrx_word' id='word_1_761' title='bbox 2087 5409 2203 5461; x_wconf 81' lang='lat' dir='ltr'><strong>tem</strong></span> <span class='ocrx_word' id='word_1_762' title='bbox 2237 5419 2371 5461; x_wconf 91' lang='lat' dir='ltr'><strong>cum</strong></span> <span class='ocrx_word' id='word_1_763' title='bbox 2403 5397 2641 5460; x_wconf 87' lang='lat' dir='ltr'><strong>eminus</strong></span> <span class='ocrx_word' id='word_1_764' title='bbox 2671 5416 2809 5459; x_wconf 93' lang='lat' dir='ltr'><strong>eum</strong></span> <span class='ocrx_word' id='word_1_765' title='bbox 2841 5393 3079 5474; x_wconf 88' lang='lat' dir='ltr'><strong>agnovit</strong></span> <span class='ocrx_word' id='word_1_766' title='bbox 3111 5392 3290 5466; x_wconf 82' lang='lat' dir='ltr'><strong>ﬁlius,</strong></span> <span class='ocrx_word' id='word_1_767' title='bbox 3317 5390 3463 5453; x_wconf 88' lang='lat' dir='ltr'><strong>mihi</strong></span> <span class='ocrx_word' id='word_1_768' title='bbox 3486 5406 3723 5479; x_wconf 81' lang='lat' dir='ltr'><strong>quoque</strong></span> 
     </span>
    </p>
   </div>
   <div class='ocr_carea' id='block_1_111' title="bbox 364 5476 1987 5566">
    <p class='ocr_par' dir='ltr' id='par_1_111' title="bbox 364 5486 1987 5565">
     <span class='ocr_line' id='line_1_111' title="bbox 364 5486 1987 5565; baseline -0.001 -20"><span class='ocrx_word' id='word_1_769' title='bbox 364 5490 558 5561; x_wconf 77' lang='grc' dir='ltr'>μαθεῖν</span> <span class='ocrx_word' id='word_1_770' title='bbox 588 5488 777 5562; x_wconf 79' lang='grc' dir='ltr'>ἔδωκε,</span> <span class='ocrx_word' id='word_1_771' title='bbox 839 5491 931 5545; x_wconf 84' lang='grc' dir='ltr'><strong>καί</strong></span> <span class='ocrx_word' id='word_1_772' title='bbox 991 5489 1239 5565; x_wconf 82' lang='grc' dir='ltr'>κηρύττει</span> <span class='ocrx_word' id='word_1_773' title='bbox 1282 5494 1467 5543; x_wconf 83' lang='grc' dir='ltr'>τοῦτον</span> <span class='ocrx_word' id='word_1_774' title='bbox 1516 5486 1788 5565; x_wconf 71' lang='grc' dir='ltr'>ἐπιφανῶς</span> <span class='ocrx_word' id='word_1_775' title='bbox 1844 5487 1987 5544; x_wconf 76' lang='grc' dir='ltr'>ἐλευ-</span> 
     </span>
    </p>
   </div>
   <div class='ocr_carea' id='block_1_112' title="bbox 2077 5476 3725 5566">
    <p class='ocr_par' dir='ltr' id='par_1_112' title="bbox 2088 5476 3725 5566">
     <span class='ocr_line' id='line_1_112' title="bbox 2088 5476 3725 5566; baseline -0.005 -16"><span class='ocrx_word' id='word_1_776' title='bbox 2088 5488 2262 5550; x_wconf 85' lang='lat' dir='ltr'><strong>matri</strong></span> <span class='ocrx_word' id='word_1_777' title='bbox 2287 5487 2453 5550; x_wconf 88' lang='lat' dir='ltr'><strong>dedit</strong></span> <span class='ocrx_word' id='word_1_778' title='bbox 2469 5495 2534 5548; x_wconf 91' lang='lat' dir='ltr'><strong>ut</strong></span> <span class='ocrx_word' id='word_1_779' title='bbox 2553 5490 3034 5566; x_wconf 84' lang='lat' dir='ltr'><strong>agnosceremzet</strong></span> <span class='ocrx_word' id='word_1_780' title='bbox 3052 5498 3187 5544; x_wconf 91' lang='lat' dir='ltr'><strong>eum</strong></span> <span class='ocrx_word' id='word_1_781' title='bbox 3206 5488 3412 5560; x_wconf 84' lang='lat' dir='ltr'><strong>aperte</strong></span> <span class='ocrx_word' id='word_1_782' title='bbox 3435 5476 3725 5560; x_wconf 61' lang='lat' dir='ltr'><strong>pradicet</strong></span> 
     </span>
    </p>
   </div>
   <div class='ocr_carea' id='block_1_113' title="bbox 360 5571 1987 5661">
    <p class='ocr_par' dir='ltr' id='par_1_113' title="bbox 360 5574 1987 5658">
     <span class='ocr_line' id='line_1_113' title="bbox 360 5574 1987 5658; baseline -0.001 -23"><span class='ocrx_word' id='word_1_783' title='bbox 360 5577 483 5658; x_wconf 77' lang='grc' dir='ltr'><strong>θέρᾳ</strong></span> <span class='ocrx_word' id='word_1_784' title='bbox 514 5577 734 5657; x_wconf 76' lang='grc' dir='ltr'>γλώττῃ</span> <span class='ocrx_word' id='word_1_785' title='bbox 768 5581 852 5635; x_wconf 75' lang='grc' dir='ltr'><strong>καὶ</strong></span> <span class='ocrx_word' id='word_1_786' title='bbox 911 5580 1156 5640; x_wconf 66' lang='grc' dir='ltr'>ὅπονοίας</span> <span class='ocrx_word' id='word_1_787' title='bbox 1204 5576 1380 5645; x_wconf 65' lang='grc' dir='ltr'>πάσης</span> <span class='ocrx_word' id='word_1_788' title='bbox 1435 5576 1530 5633; x_wconf 81' lang='grc' dir='ltr'>καῖ</span> <span class='ocrx_word' id='word_1_789' title='bbox 1565 5574 1783 5653; x_wconf 78' lang='grc' dir='ltr'>ψεύδους</span> <span class='ocrx_word' id='word_1_790' title='bbox 1827 5578 1987 5657; x_wconf 76' lang='grc' dir='ltr'>κρείτ·</span> 
     </span>
    </p>
   </div>
   <div class='ocr_carea' id='block_1_114' title="bbox 2077 5571 3727 5661">
    <p class='ocr_par' dir='ltr' id='par_1_114' title="bbox 2085 5571 3727 5661">
     <span class='ocr_line' id='line_1_114' title="bbox 2085 5571 3727 5661; baseline -0.006 -21"><span class='ocrx_word' id='word_1_791' title='bbox 2085 5575 2275 5645; x_wconf 87' lang='lat' dir='ltr'><strong>libera</strong></span> <span class='ocrx_word' id='word_1_792' title='bbox 2308 5577 2531 5660; x_wconf 87' lang='lat' dir='ltr'><strong>lingua,</strong></span> <span class='ocrx_word' id='word_1_793' title='bbox 2567 5582 2626 5639; x_wconf 93' lang='lat' dir='ltr'><strong>et</strong></span> <span class='ocrx_word' id='word_1_794' title='bbox 2648 5591 2779 5661; x_wconf 63' lang='lat' dir='ltr'><strong>qua</strong></span> <span class='ocrx_word' id='word_1_795' title='bbox 2794 5571 3198 5655; x_wconf 85' lang='lat' dir='ltr'><strong>suspicionem</strong></span> <span class='ocrx_word' id='word_1_796' title='bbox 3222 5586 3465 5637; x_wconf 87' lang='lat' dir='ltr'><strong>omnem</strong></span> <span class='ocrx_word' id='word_1_797' title='bbox 3481 5574 3727 5651; x_wconf 85' lang='lat' dir='ltr'><strong>superat</strong></span> 
     </span>
    </p>
   </div>
  </div>
