4062 6194
454 303 570 372 535
1753 304 2033 370 MENSIS
2071 279 2527 369 JANU'ABIUS.
3704 303 3813 369 536

457 449 516 504 et
537 438 1170 518 mendacium,meque
1200 453 1307 516 gau
1323 435 1427 497 dio
1449 435 1733 516 repletam
1759 443 1817 499 et
1843 437 2086 502 admira'

2192 461 2326 517 τονι,
2359 442 2500 517 κάμὲ
2531 440 2586 499 δὲ
2617 449 2790 523 χαρᾶς
2846 441 2934 498 καὶ
2975 441 3242 517 θαύματος
3302 439 3678 518 πληρωθεῖσαν
3727 441 3814 498 καί

457 531 646 604 tione,
683 537 741 591 et
766 530 947 591 veluti
982 525 1239 607 quodam
1311 525 1514 586 divino
1572 525 1772 588 furore
1801 529 2082 606 percitam

2194 530 2316 586 οῖον
2374 530 2726 591 ἐνθουσιῶσαν
2795 532 3021 610 ἠρεμεῖν
3093 531 3189 586 οὒκ
3256 529 3342 603 ἐᾷ.
3393 530 3565 588 Ταῦτα
3613 531 3818 587 εἰποῦσα

456 639 578 683 non
614 620 752 681 sinit
789 618 1128 695 quiescere.
1173 615 1310 676 Haec
1369 633 1502 677 cum
1559 615 1828 692 dixisset,
1861 617 1931 678 ad
1965 638 2080 700 opu

2193 621 2278 676 καὶ
2311 619 2395 699 ἔργ
2408 643 2466 677 ου
2496 621 2710 700 εἴχετο,
2741 632 2863 683 τοῖς
2907 627 3001 676 τοϋ
3031 621 3227 698 πατρὸς
3258 619 3412 682 εὐθὺς
3443 617 3628 696 γόνασι
3658 640 3817 696 προσ-

458 726 694 791 quoque
720 710 995 780 accessit,
1032 711 1092 766 ut
1124 722 1257 784 quas
1289 704 1566 784 protinus
1596 707 1666 767 ad
1699 723 1891 785 genua
1926 709 2079 788 patri

2194 708 2518 788 κυλιομένη,
2578 712 2750 789 ἰχνῶν
2801 731 2857 765 τε
2939 707 3140 765 ἒκείνου
3201 707 3534 788 ἀμφοτέραις
3589 709 3817 784 ἑφαπτο-

455 797 890 866 advolveretur,
922 803 981 855 et
1010 793 1172 854 illius
1202 793 1447 872 vestigia
1476 793 1765 856 ambabus
1788 812 2086 876 prensare1

2194 798 2353 879 μένη,
2427 797 2896 878 περιπτυσσομένη
2973 798 3072 854 καῖ
3155 797 3405 876 χείλεσιν
3463 796 3575 872 ἅμα
3626 799 3709 852 καὶ

457 882 821 953 manibi:s,et
845 881 1393 961 complecterentur
1414 881 1593 943 labris
1613 882 1787 944 simul
1805 885 2096 960 etanimo,

456 972 676 1034 calidas
696 972 752 1032 in
787 989 857 1032 ea
887 971 1174 1051 lacrymas
1196 971 1536 1033 effundens:
1563 980 1620 1033 et
1642 981 2102 1049 servatorem,et

453 1062 588 1122 vita:
607 1072 1070 1138 auctorem,non
1095 1061 1286 1122 solum
1314 1060 1561 1137 ﬁlii,sed
1585 1079 1706 1122 suae
1728 1079 1964 1142 quoque
1983 1081 2094 1123 ma-

452 1169 632 1230 gnum
667 1169 882 1211 vocans
911 1149 1317 1210 Theodosium
1356 1170 1372 1210 :
1417 1167 1627 1212 revera
1651 1150 1810 1212 enim
1837 1151 1894 1213 ei
1917 1151 2102 1214 fuisse

453 1241 710 1303 futuram
736 1239 1023 1318 deinceps
1046 1238 1220 1298 vitam
1249 1257 1367 1300 non
1421 1239 1682 1309 vitalem,
1719 1247 1818 1301 aut
1850 1240 1939 1301 vel
1972 1241 2101 1321 ipsa

453 1337 646 1392 morte
679 1331 854 1407 longe
891 1327 1333 1397 amariorem,si
1365 1336 1481 1390 tam
1515 1329 1956 1410 intempestive,
1997 1331 2097 1392 in-

455 1419 602 1500 quit,
638 1426 700 1481 et
730 1416 950 1479 misere
983 1418 1034 1478 ei
1068 1417 1227 1478 ﬁlius
1258 1418 1611 1480 interiisset.

535 1509 635 1574 66.
672 1508 875 1569 Potest
932 1515 1129 1568 autem
1189 1507 1380 1569 oratio
1409 1525 1650 1588 quoque
1679 1507 1904 1589 aliquid
1935 1508 2096 1571 aliud

455 1595 885 1672 dicere,simile
911 1596 1298 1677 prmoedenti.
1341 1594 1487 1658 Nam
1517 1597 1787 1677 quaedam
1815 1598 1926 1659 alia
1961 1616 2098 1660 mu-

455 1687 589 1764 lier,
618 1705 750 1768 qua:
773 1687 833 1748 in
859 1695 1028 1767 partu
1053 1687 1372 1766 quotannis
1395 1687 1650 1765 graviter
1681 1685 2011 1762 laborabat,
2041 1694 2101 1748 et

454 1795 566 1838 nec
588 1795 657 1838 ex
681 1796 751 1837 eo
775 1777 1033 1856 aliquam
1059 1775 1332 1857 capiebat
1363 1775 1709 1837 utilitatem.
1742 1775 2086 1858 Priusquam

2179 1778 2296 1840 οὐδὲ
2351 1779 2504 1857 όλίγα
2549 1779 2601 1837 δὲ
2661 1781 2865 1838 τούτων
2907 1779 3224 1854 ἀπο-θαμένη
3259 1796 3276 1814 ⁶
3324 1781 3416 1837 καὶ
3461 1781 3563 1860 γὰρ
3605 1781 3727 1860 πρὶν
3777 1781 3808 1850 ἢ
3909 1823 3914 1828 .

456 1869 613 1928 enim
643 1865 840 1926 infans
860 1865 1058 1927 editus
1094 1872 1254 1926 esset
1275 1865 1336 1926 in
1368 1864 1588 1937 lucem,
1624 1883 1656 1926 e
1676 1864 1793 1926 vita
1810 1883 2094 1928 excesse-

451 1961 630 2028 rat,et
656 1954 893 2015 labores
923 1955 1144 2027 luctus,
1180 1961 1238 2015 et
1275 1971 1434 2014 mors
1467 1961 1699 2033 partum
1734 1953 2092 2035 excipiebat.

452 2043 589 2105 Haec
621 2062 760 2122 ergo
787 2061 919 2124 quae
937 2046 1021 2105 sic
1045 2052 1103 2104 et
1131 2041 1350 2104 multos
1373 2041 1644 2122 pariebat
1670 2042 1844 2115 ﬁlios,
1880 2053 1940 2104 et
1971 2054 2098 2106 erat

451 2131 658 2194 orbata
685 2133 984 2207 ﬁliis,cum
1007 2133 1130 2213 jam
1159 2133 1337 2212 longo
1361 2139 1632 2213 tempore
1655 2151 1725 2192 eo
1751 2133 1907 2194 malo
1937 2142 2096 2195 esset

451 2230 680 2297 vexata,
699 2222 790 2282 vix
825 2221 1063 2283 tandem
1096 2221 1322 2282 invenit
1354 2221 1494 2282 mali
1527 2221 2034 2284 medicamentum
2075 2242 2090 2281 :

453 2318 511 2372 et
540 2328 674 2372 cum
707 2311 778 2372 ad
812 2319 1080 2372 sanctum
1115 2309 1686 2392 confugisset,eique
1711 2311 2090 2374 affectionem

449 2416 614 2460 suam
676 2399 924 2462 dixisset
982 2408 1040 2460 et
1094 2398 1520 2473 calamitatem,
1581 2398 1862 2480 lacrymis
1894 2399 2092 2479 potius

448 2505 625 2568 quam
661 2488 863 2550 verbis
893 2489 1082 2548 virum
1104 2495 1232 2548 orat
1253 2485 1663 2562 vehementer,
1699 2495 1761 2548 ut
1796 2488 2016 2550 malum
2037 2496 2090 2549 ei

447 2577 714 2652 sisteret,
768 2595 844 2638 ne
875 2576 1135 2657 amplius
1168 2575 1650 2656 progrederetur.
1699 2576 1955 2640 Sistetur
1982 2597 2090 2640 au-

445 2673 587 2742 tem,
621 2665 839 2747 inquit,
870 2684 989 2727 non
1014 2665 1210 2740 aliter,
1237 2683 1416 2746 quam
1448 2664 1580 2726 solo
1612 2673 1711 2726 tuo
1743 2665 2008 2742 nomine,
2042 2669 2090 2730 si

446 2754 795 2833 permiseris
845 2753 906 2814 id
967 2752 1122 2834 quod
1165 2758 1466 2827 nascetur,
1502 2753 1589 2814 sic
1623 2753 1842 2815 vocari.
1880 2753 1952 2815 Et
1981 2755 2090 2816 hoc

447 2843 584 2914 erit,
618 2843 836 2920 inquit,
875 2843 1019 2904 mihi
1075 2849 1133 2903 et
1187 2841 1411 2904 solutio
1467 2842 1836 2917 calamitatis,
1883 2851 1944 2905 et
1969 2843 2090 2906 ﬁlio

447 2949 622 2992 causa
651 2932 804 2993 vitae.

527 3020 627 3083 6'7.
660 3018 798 3081 Haec
827 3036 961 3080 cum
994 3020 1288 3100 petiisset,
1321 3026 1378 3082 et
1411 3027 1774 3081 annuentem
1809 3037 2086 3101 magnum

2183 888 2360 966 ψυχῇ,
2405 885 2602 965 δάκρυα
2663 888 2862 945 τούτων
2926 887 3095 965 θερμὰ
3152 885 3528 966 καταχέουσα,
3573 886 3660 942 καὶ
3712 908 3815 942 σω·

2180 983 2320 1056 τῆρα
2377 980 2465 1034 καὶ
2507 978 2652 1048 ζωῆς
2715 976 2918 1052 αἴτιον,
2965 982 3026 1038 οὒ
3067 983 3163 1034 τοῦ
3204 975 3404 1042 παιδὸς
3466 976 3651 1055 μόνον,
3693 975 3819 1034 ἀλλὰ

2180 1069 2270 1124 καὶ
2301 1067 2494 1133 ἑαυτῆς
2523 1069 2614 1123 τὸν
2645 1067 2814 1142 μέγαν
2845 1065 3190 1123 ἀποκαλοῦσα
3223 1080 3238 1097 ⁸
3291 1065 3329 1135 ἢ
3389 1067 3493 1144 γὰρ
3551 1066 3610 1121 ἂν
3657 1062 3814 1122 ἀϐίω-

2183 1177 2273 1212 τον
2304 1157 2440 1231 αὒτῇ
2471 1156 2659 1213 λοιπὸν
2703 1156 2912 1212 ἔσεσθαι
2945 1158 3038 1212 τὸν
3079 1157 3218 1236 βίον,
3264 1155 3300 1224 ἢ
3333 1153 3475 1213 πολὺ
3505 1153 3708 1229 μᾶλλον
3736 1156 3816 1212 καὶ

2182 1247 2339 1302 αὐτοῦ
2392 1246 2619 1306 θανάτου
2675 1247 3013 1325 πικρότερον,
3069 1248 3113 1303 εί
3188 1244 3351 1320 οὕτω,
3415 1245 3602 1326 φησὶν,
3642 1245 3814 1325 ἀώρως

2181 1334 2299 1410 ἐμοὶ
2331 1336 2416 1391 καὶ
2448 1333 2638 1402 ἀθλίως
2670 1337 2696 1391 ὁ
2726 1348 2860 1400 παῖς
2891 1333 3185 1394 ἀπολώλει.

2259 1501 2389 1586 Eg“.
2437 1511 2603 1592 ’Ἔχει
2659 1534 2710 1569 τι
2740 1514 2828 1570 καὶ
2886 1512 3019 1571 ἄλλο
3053 1520 3148 1570 τοῦ
3177 1510 3549 1591 προλαϐόντος
3593 1515 3621 1569 'o
3662 1513 3810 1590 λόγος

2179 1602 2351 1658 εἰπεῖν
2383 1601 2786 1679 παραπλήσιον,
2824 1603 2965 1669 Γυνὴ
3009 1603 3109 1681 γάρ
3163 1625 3247 1667 τις
3291 1601 3452 1679 ἑτέρα
3495 1603 3680 1667 τόκους
3721 1603 3812 1678 μὲν

2182 1691 2268 1747 οιαὶ
2347 1691 2537 1769 πικρὰς
2616 1691 2791 1748 τόκων
2878 1689 3074 1756 ὠδῖνας
3159 1692 3391 1758 ἒτησίως
3466 1691 3806 1771 ὑφισταμένη,

2177 1871 2370 1950 τεχθὲν
2429 1871 2502 1932 εἰς
2561 1870 2654 1926 τὸν
2702 1871 2818 1947 βίον
2867 1873 3161 1945 προκῦψαι,
3206 1876 3298 1926 τοῦ
3341 1870 3459 1946 βίου
3489 1871 3806 1950 μετήρχετο,

2176 1959 2266 2016 καὶ
2323 1957 2415 2022 τὰς
2473 1956 2672 2022 ὠδῖνας
2705 1959 2767 2015 τὸ
2798 1957 3011 2036 πένθος,
3043 1960 3131 2015 καὶ
3163 1960 3255 2014 τὸν
3299 1959 3462 2015 τόκον
3516 1959 3552 2026 ἡ
3598 1958 3807 2026 τελευτὴ

2177 2045 2474 2128 διεδέχετο.
2523 2047 2669 2114 Αὕτη
2728 2047 2816 2104 οὖν
2873 2049 2907 2115 ἡ
2968 2045 3106 2104 οὕτω
3150 2046 3421 2110 πολῦπαις
3460 2068 3518 2104 τε
3569 2047 3678 2123 ἅμα
3728 2049 3808 2104 καὶ

2177 2137 2342 2200 ἅπαις
2403 2135 2569 2193 πολὺν
2632 2135 2736 2204 ἤδη
2780 2138 3344 2216 προσκακοπαθήσασα
3390 2138 3469 2212 τῷ
3505 2143 3652 2210 κακῷ
3679 2138 3809 2215 χρό-

2175 2247 2290 2304 νον,
2321 2226 2421 2300 ὀψὲ
2477 2224 2572 2282 καί
2616 2224 2778 2300 μόλις
2840 2226 3068 2304 εὑρίσκει
3135 2232 3230 2283 τοῦ
3286 2233 3458 2283 κακοῦ
3517 2227 3806 2304 φάρμακον,

2179 2315 2275 2372 Καὶ
2333 2315 2464 2392 πρὸς
2507 2317 2600 2370 τὸν
2645 2313 2797 2371 ὅσιον
2846 2322 3226 2394 καταφυγοῦσα
3268 2317 3358 2373 καὶ
3388 2318 3452 2372 τὸ
3482 2316 3646 2378 πάθος
3676 2316 3809 2386 αὖτῷ

2176 2403 2264 2460 καὶ
2319 2401 2420 2470 τὴν
2473 2405 2747 2483 συμφορὰν
2803 2405 3050 2484 είποῦσα,
3110 2418 3229 2469 τοῖς
3275 2403 3499 2484 δάκρυσι
3544 2403 3809 2478 μᾶλλονῆ

2177 2504 2296 2555 τοῖς
2349 2493 2574 2569 ῥήμασι,
2622 2489 2795 2549 δεῖται
2837 2495 3046 2570 θερμῶς
3098 2501 3190 2550 τοῦ
3239 2493 3432 2572 ἀνδρὸς
3463 2497 3653 2561 στῆσαι
3687 2495 3809 2570 αὒτῇ

2173 2581 2234 2636 τὸ
2291 2580 2480 2638 λοιπὸι
2531 2582 2629 2648 τὴν
2658 2583 2746 2637 Eni
2789 2580 2953 2638 πλέον
2991 2589 3086 2638 τοῦ
3130 2592 3301 2644 κακοῦ
3332 2579 3586 2662 προόδον,
3618 2584 3806 2652 Στήσε·

2175 2691 2258 2726 ται
2313 2668 2368 2725 δὲ
2424 2671 2520 2726 οὒκ
2575 2669 2775 2744 ἄλλως,
2810 2671 3064 2750 φησὶν,ἢ
3110 2671 3338 2748 ὀνόματι
3392 2673 3540 2748 μόνῳ
3583 2678 3657 2746 τῷ
3710 2677 3801 2745 σῷ,

2174 2760 2219 2814 εί
2248 2758 2552 2836 ὶπιτρέψεις
2599 2757 2738 2816 οὕτω
2767 2758 3050 2816 καλεῖσθαι
3105 2762 3170 2818 τὸ
3215 2761 3648 2842 τεχθησόμενον.
3709 2758 3804 2819 Καί

2173 2857 2328 2906 τοῦτο
2357 2847 2506 2905 ἔσται
2539 2849 2625 2905 καὶ
2657 2853 2758 2916 τῆς
2787 2855 3062 2930 συμφορᾶς
3094 2851 3212 2926 ἱμοῖ
3242 2849 3424 2924 λύσις,
3474 2851 3562 2907 καὶ
3606 2854 3696 2917 τῆς
3735 2853 3805 2922 τῷ

2173 2935 2322 2994 παιδὶ
2354 2943 2498 3011 ζωῆς
2532 2937 2736 2998 αἴτιον.

2251 3016 2348 3099 ξζ’.
2388 3035 2559 3086 Ταῦτα
2619 3027 2960 3102 αἰτησαμένη
3002 3031 3102 3085 καὶ
3147 3028 3486 3097 ἑπινεύοντος
3515 3038 3609 3090 τοῦ
3637 3027 3802 3105 μεγά-

445 3116 616 3171 nacta
634 3107 1298 3189 essetTheodosium,et
1323 3108 1480 3189 quod
1504 3107 1724 3170 deinde
1744 3117 1946 3170 natum
1973 3119 2084 3186 est,

2176 3115 2268 3173 λου
2309 3122 2572 3196 τυχοῦσα,
2631 3117 2719 3172 καὶ
2778 3117 3055 3174 Θεοδόσιον
3123 3120 3186 3174 τὸ
3229 3120 3370 3194 μετὰ
3413 3126 3581 3179 ταῦτα
3625 3115 3804 3197 τεχθὲν

443 3197 846 3261 Theodosium
883 3199 1276 3272 nominasset,
1308 3197 1656 3259 vehementi
1707 3217 1946 3280 quoque
1969 3199 2088 3260 ﬁde

444 3287 686 3365 dignam
713 3288 939 3351 invenit
961 3287 1323 3349 mercedem.
1340 3285 1469 3348 Non
1488 3286 1746 3366 amplius
1767 3291 1928 3348 enim
1956 3306 2091 3369 par-

445 3386 537 3439 tus
555 3377 790 3439 labores
813 3378 865 3438 ei
883 3395 1175 3460 peperere
1198 3376 1624 3458 lacrymas,sed
1648 3386 1850 3456 aperte
1874 3377 2088 3440 laetitiae

441 3467 984 3540 occasionem,cum
1018 3483 1177 3542 eum,
1214 3465 1314 3546 qui
1334 3465 1496 3526 inter
1515 3465 1676 3527 vicos
1700 3472 1828 3527 erat
1851 3467 2085 3548 primo-

442 3554 1112 3633 genitus,Theodosium
1144 3554 1345 3616 adhuc
1373 3553 1602 3617 videret
1617 3561 2088 3634 superstitem,et

443 3643 840 3722 complentem
877 3643 1128 3704 chorum
1155 3642 1585 3705 monachorum
1621 3643 1885 3723 ejus,qui
1916 3643 2084 3707 illum

440 3741 731 3812 genuerat
765 3731 1095 3794 secundum
1123 3731 1495 3812 spiritum;et
1514 3731 1804 3792 orationis
1827 3733 2082 3795 fructum

441 3824 654 3904 potius,
693 3840 868 3902 quam
902 3821 1038 3897 alvi,
1075 3819 1346 3901 conspici
1380 3839 1448 3882 ex
1481 3820 1766 3901 operibus
1795 3843 1810 3895 ;
1844 3822 2083 3903 quando

440 3913 680 3992 quidem
706 3913 832 3973 haec
854 3911 1093 3992 quidem
1117 3909 1634 3983 morientium,illa
1667 3929 1802 3972 vero
1829 3913 2082 3973 viventis

443 4011 632 4063 mater
659 4001 767 4062 fuit
800 4022 813 4061 :
852 4011 913 4061 et
944 3999 1078 4061 ideo
1109 4000 1401 4061 adductus
1428 4006 1520 4061 est
1545 4000 1615 4061 ad
1651 4001 2077 4062 monasterium

442 4089 516 4150 ab
542 4107 772 4166 ea,quze
789 4089 1086 4167 genuit,et
1111 4089 1371 4150 vicissim
1397 4088 1520 4150 Deo
1550 4096 1640 4150 est
1663 4089 1934 4151 redditus
1969 4109 1984 4150 :
2019 4097 2082 4152 ut

441 4177 596 4238 sicut
629 4185 1008 4256 praesentem,
1036 4183 1114 4238 ita
1133 4177 1308 4238 etiam
1343 4186 1682 4240 manentem
1716 4178 1893 4240 vitam
1929 4199 2076 4242 con-

439 4274 814 4345 sequeretur.
866 4267 1048 4328 Multa
1072 4264 1188 4326 alia
1217 4265 1516 4344 ejusmodi
1549 4275 1750 4346 posset
1778 4267 2074 4349 quispiam

435 4353 599 4417 illius
628 4372 971 4417 recensere.

520 4445 621 4505 68.
658 4444 941 4517 Quaedam
982 4444 1180 4524 itaque
1231 4441 1345 4504 alia
1375 4441 1616 4516 mulier,
1651 4443 1921 4522 profecta
1945 4443 2080 4524 qui-

437 4534 573 4596 dem
615 4552 684 4596 ex
729 4534 965 4596 civitate
1001 4532 1331 4606 Bethleem,
1366 4548 1498 4611 qua;
1528 4529 1815 4592 similiter
1847 4533 1907 4594 in
1939 4551 2078 4614 par-

439 4631 497 4684 tu
531 4623 862 4698 laborabat,
897 4641 1064 4702 aeque
1115 4632 1314 4682 autem
1365 4619 1572 4682 infelix
1613 4629 1740 4681 erat
1773 4622 1862 4684 eis
1894 4640 2078 4686 even-

435 4719 554 4787 tus,
589 4722 646 4775 et
678 4715 736 4774 in
771 4712 1062 4794 pariendo
1091 4711 1346 4790 graviter
1366 4709 1832 4790 aﬂligebatur,et
1863 4711 1923 4774 in
1957 4731 2079 4775 ma-

431 4820 613 4881 gnum
653 4805 972 4865 vocabatur
991 4800 1348 4882 periculum,
1391 4799 1661 4862 eamdem
1695 4819 1933 4883 quoque
1959 4803 2076 4863 im-

433 4900 624 4970 petrat
653 4911 684 4953 a
720 4911 931 4971 magno
981 4889 1349 4965 Theodosio,
1386 4889 1598 4951 eodem
1635 4891 2074 4954 medicamento

430 4998 562 5053 usa,
599 4980 1001 5054 curationem,
1036 4987 1094 5041 et
1122 4979 1244 5039 tilio
1276 4997 1384 5038 suo
1418 4976 1780 5058 eodem,quo
1817 4979 1942 5055 ille,
1967 4997 2069 5043 vo-

429 5079 559 5130 cato
589 5069 858 5131 nomine.
896 5069 1084 5142 Quem
1121 5087 1235 5128 non
1271 5067 1465 5128 solum
1499 5065 1641 5126 vidit
1669 5069 1993 5144 grandem,
2022 5081 2080 5132 et

430 5161 527 5239 qui
561 5159 686 5238 jam
719 5161 792 5220 ad
825 5157 1057 5219 virilem
1093 5163 1324 5217 aetatem
1381 5163 1776 5234 pervenerat;
1810 5158 1915 5219 sed
1952 5177 2077 5220 ma-

429 5266 614 5310 nuum
675 5265 919 5330 quoque
970 5244 1226 5308 artificio
1285 5251 1695 5324 praestantem,
1759 5254 1816 5307 et
1839 5247 1940 5326 qui
1970 5249 2080 5310 fuit

426 5335 756 5399 aediﬁcator
788 5335 1053 5416 optimus
1092 5335 1182 5396 sui
1219 5333 1538 5414 temporis.
1562 5333 1717 5394 Sunt
1746 5335 2076 5399 admirabi-

425 5425 524 5501 lia,
561 5444 692 5508 quze
722 5425 880 5487 dicta
937 5433 1119 5488 sunt:
1179 5423 1285 5486 sed
1347 5439 1485 5504 qum
1531 5430 1783 5506 restant,
1840 5435 1975 5487 sunt
2004 5427 2078 5490 iis

427 5512 604 5596 longe
633 5513 1097 5580 admirabiliora.

2169 3203 2500 3283 ὀνομάσασα,
2559 3206 2662 3271 τῆς
2719 3208 2921 3282 θερμῆς
2977 3206 3210 3284 πίστεως
3295 3205 3476 3273 ἀξίους
3533 3211 3645 3285 εὗρε
3714 3203 3804 3261 καί

2166 3293 2290 3357 τοὺς
2348 3293 2590 3367 μισθούς.
2627 3297 2736 3353 Οὐκ
2766 3293 2845 3351 ἔτι
2878 3295 2979 3373 γὰρ
3030 3294 3270 3375 δακρύων
3324 3298 3460 3378 εἶχε
3517 3297 3674 3376 γονὰς
3716 3292 3804 3355 τὰς

2167 3382 2392 3459 ὠδῖνας,
2453 3381 2576 3439 ἀλλ’
2639 3384 2961 3464 εὖφροσύνης
3006 3383 3249 3462 ἄντικρυς
3293 3384 3566 3466 ἀφορμὰς,
3610 3387 3700 3442 τὸν
3753 3381 3803 3438 έν

2166 3478 2294 3542 ζῶσι
2379 3473 2720 3550 πρωτότοκον
2794 3471 3074 3530 Θεοδόσιον
3154 3473 3232 3530 ἔτι
3289 3477 3548 3554 περιόντα
3605 3475 3796 3552 δρῶσα,

2166 3562 2254 3618 καὶ
2282 3562 2373 3618 τὸν
2402 3568 2660 3642 μοναχῶν
2689 3563 2853 3642 χορὸν
2902 3569 2996 3620 τοῦ
3031 3564 3168 3620 κατᾶ
3198 3572 3414 3640 πνεῦμα
3461 3565 3801 3643 γεννήσαντος

2167 3649 2580 3727 συμπληροῦντα
2623 3653 2709 3708 καὶ
2758 3655 2929 3731 εὒχῆς
2974 3654 3178 3730 καρπὸν
3233 3653 3441 3729 μᾶλλον
3490 3655 3526 3723 ἢ
3584 3651 3799 3731 γαστρὸς

2166 3739 2273 3796 ἀπὸ
2303 3745 2411 3796 τῶν
2442 3739 2612 3818 ἔργων
2641 3741 2964 3820 φαινόμενον
2996 3759 3014 3778 ο
3067 3741 3192 3800 ὅσον
3234 3745 3268 3811 ἡ
3315 3745 3416 3816 μὲν
3473 3741 3799 3810 θνησκόντων

2166 3829 2372 3903 μήτηρ,
2406 3830 2440 3897 ἡ
2473 3829 2528 3885 δὲ
2565 3836 2763 3900 ζῶντος
2811 3829 3054 3909 ἐδείχθη,
3103 3835 3201 3888 καὶ
3249 3837 3318 3907 τῇ
3351 3839 3494 3908 μονῇ
3523 3831 3797 3907 προσήχθη

2168 3936 2305 3994 παρα
2359 3920 2457 3985 τῆς
2487 3918 2812 3997 γειναμένης
2841 3921 2930 3975 καὶ
2960 3917 3218 3984 ἀντεδόθη
3255 3926 3395 3994 Θεῷ,
3435 3922 3527 3978 ἵνα
3573 3921 3644 3982 ὡς
3701 3921 3791 3982 τῆς

2161 4013 2456 4081 παρούσης,
2495 4007 2635 4064 οὕτω
2690 4005 2756 4075 δὴ
2811 4011 2902 4063 καὶ
2961 4009 3056 4075 τῆς
3116 4008 3382 4085 μενούσης
3423 4011 3564 4090 τύχῃ
3606 4011 3742 4080 ζωῆς
3774 4022 3788 4037 ⁹

2162 4092 2334 4150 πολλά
2363 4115 2442 4156 τις
2476 4093 2540 4149 ἂν
2579 4093 2700 4173 ἔχοι
2731 4100 2836 4151 τῶν
2886 4094 3112 4170 ἐκείνου,
3166 4098 3254 4154 καὶ
3311 4095 3451 4155 ἄλλα
3493 4093 3792 4173 καταλέγειν

2158 4203 2404 4244 τοιαυτα,

2245 4446 2352 4514 ἔνι’.
2387 4449 2524 4516 Γυνὴ
2566 4449 2653 4505 οὖν
2698 4450 2850 4527 ἑτέρα
2897 4473 2974 4515 τις
3020 4451 3232 4515 πόλεως
3277 4453 3377 4526 μὲν
3419 4458 3522 4521 τῆς
3571 4445 3791 4520 Βεθλεέμ

2162 4537 2474 4614 ὁρμωμένη,
2507 4538 2635 4604 ’ίσας
2667 4537 2722 4595 δὲ
2751 4537 2951 4596 ὠδίνων
2989 4541 3252 4620 ἀνάγκας,
3286 4541 3411 4606 ἴσας
3444 4564 3503 4600 τε
3534 4541 3625 4601 τὰς
3656 4529 3794 4592 ἀπο·-

2161 4627 2350 4707 τυχίας
2411 4629 2768 4709 ὅφισταμένη,
2815 4630 2903 4686 καὶ
2964 4629 3105 4686 οὕτω
3174 4629 3451 4710 δυσφόρως
3511 4627 3640 4706 ἄγαν
3683 4621 3790 4710 περὶ

2160 4716 2283 4776 τοὺς
2333 4715 2522 4778 τόκους
2579 4718 2668 4772 καὶ
2712 4715 3093 4797 φιλοκινδύνως
3137 4709 3361 4799 ἔχουσα,
3393 4726 3501 4776 τῶν
3533 4717 3664 4774 ἴσων
3707 4709 3787 4766 καὶ

2158 4803 2294 4872 αὐτὴ
2357 4805 2501 4882 παρὰ
2558 4807 2652 4861 τοῧ
2700 4803 2938 4885 μεγάλου
2999 4808 3260 4887 τυγχάνει
3320 4807 3617 4878 Θεοδοσίου,
3688 4799 3785 4868 ἴσῳ

2158 4893 2484 4972 χρησαμένη
2545 4896 2808 4974 φαρμάγω
2850 4897 2986 4972 πρὸς
3027 4899 3334 4977 θεραπείαν,
3386 4899 3474 4954 καὶ
3532 4890 3782 4977 ὁμωνύμῳ

2157 4983 2344 5056 ἑκείιῳ
2398 4984 2491 5038 τὸν
2533 4981 2702 5039 παῖδα
2744 4983 3039 5049 καλέσασα,
3085 4985 3187 5043 "Ov
3230 4976 3326 5045 οὖς
3373 4985 3654 5054 αὐξηθέντα
3681 4976 3778 5055 μόσ

2164 5095 2253 5129 νον
2327 5069 2439 5128 εἶδε
2498 5073 2585 5128 καὶ
2643 5070 2829 5144 ἀνδρὸς
2886 5072 3100 5143 ἠλικίαν
3146 5073 3509 5149 ἀπολαϐόντα,
3543 5070 3674 5130 ἀλλὰ
3700 5064 3778 5122 καί

2161 5167 2362 5241 χειρῶν
2393 5163 2551 5240 σοφία
2605 5159 2964 5240 διενεγκόντα,
3011 5165 3100 5220 καὶ
3158 5162 3372 5242 ἄριστον
3427 5161 3696 5236 οίκοδόμον
3727 5156 3777 5208 ἓν

2159 5263 2277 5316 τοῖς
2335 5249 2455 5308 τότε
2513 5251 2826 5330 γενόμενον,
2873 5250 3144 5331 Παράδοξα
3179 5254 3244 5310 τὰ
3297 5254 3573 5333 εἰρημένα,
3606 5243 3775 5316 πολλῷ

2161 5341 2361 5397 τούτων
2391 5339 2468 5399 ἔτι
2498 5337 2894 5420 παραδοξότερα
2926 5343 2992 5398 τὰ
3020 5340 3335 5418 λειπόμενα.
