4094 6196
302 345 430 416 537

1297 347 1487 414 VITA
1529 347 1590 411 S.
1636 344 2049 413 THEODOSII
2089 345 2696 414 CCENOBIARCHE.

3571 341 3689 415 538

1795 501 2022 563 CAPUT
2061 504 2202 563 XVI.

1114 661 1322 728 Nomia
1350 657 1694 723 animantia
1721 657 2006 735 cohibita,
2043 657 2330 720 Homines
2355 657 2643 721 malevoli
2669 658 2878 737 puniti

391 835 491 901 ἔθ’.
537 835 780 916 Βρούχου
811 835 942 892 ποτε
973 834 1060 892 καὶ
1090 831 1298 912 ἀκρίδος
1329 835 1424 896 τὰς
1476 830 1699 910 ἀρούρας
1757 827 1934 886 διαλυ-

2112 824 2367 916 69,Cum
2390 826 2658 890 bruchus
2685 827 3008 912 aliquando
3031 833 3091 892 et
3108 827 3341 890 locusta
3366 834 3556 893 terras
3579 831 3683 894 de-

302 923 674 1002 μαινομένων,
733 923 952 1000 δεσμοῖς
1013 929 1106 980 τοῦ
1164 924 1346 1001 γήρως
1393 921 1650 1000 ἀφύκτοις
1696 922 1723 974 ὁ
1778 919 1949 998 μέγας

297 1012 705 1090 πεπεδημένος,
738 1016 824 1071 καὶ
870 1011 1007 1088 μηδὲ
1065 1014 1221 1070 ποσὶν
1251 1010 1542 1087 ἐλευθέροις
1575 1013 1809 1091 χρῆσθαι
1854 1007 1947 1068 δυ-

298 1105 562 1180 νάμενος,
607 1103 824 1182 δεύτερα
867 1103 914 1160 δ’
950 1103 1038 1162 οὖν
1098 1103 1245 1178 ὅμως
1289 1101 1464 1158 πάντα
1506 1106 1602 1177 τῇς
1648 1101 1756 1156 τῶν
1803 1098 1946 1156 πολ-

295 1193 417 1251 λῶν
472 1193 748 1270 τιθέμενος
803 1193 1094 1273 σωτηρίας,
1131 1191 1299 1256 οὕτως
1343 1191 1474 1271 εἶχε
1503 1188 1702 1264 ποδῶν,
1741 1188 1815 1245 ’ἐτι
1858 1190 1947 1246 καὶ

295 1282 482 1364 ῥάϐδῳ
536 1287 654 1347 τοῖς
712 1290 821 1341 τῶν
871 1281 1238 1362 πρεσϐυτέρων
1280 1282 1462 1358 νόμοις
1505 1279 1830 1357 ἀναπληρῶν
1885 1282 1946 1336 τὸ

295 1373 603 1451 ὑστέρημα,
664 1373 765 1440 τὴν
809 1371 928 1431 ὁδὸν
983 1371 1205 1445 διανύει,
1251 1370 1346 1427 ἵνα
1406 1368 1543 1427 οὕτω
1597 1369 1804 1445 μᾶλλον
1861 1371 1948 1426 καὶ

298 1463 438 1519 Θεὸν
468 1461 669 1537 ἑλκύσῃ
712 1463 842 1540 πρὸς
884 1459 1059 1534 ἔλεον,
1111 1461 1171 1516 τὸ
1229 1459 1524 1537 ἀναγκαῖον
1581 1461 1679 1526 τῆς
1731 1456 1944 1536 πορείας

296 1549 706 1617 δυσωπηθέντα.
765 1555 881 1608 Τῶν
934 1555 1206 1629 φοιτητῶν
1237 1549 1411 1605 τοίνυν
1464 1549 1550 1603 καὶ
1581 1547 1782 1627 χεῖρας
1840 1547 1944 1602 ὅπ-

294 1640 568 1720 εχόντων,
600 1641 688 1696 καὶ
718 1639 848 1696 πᾶσι
879 1640 1098 1718 τρόποις
1131 1635 1529 1715 θεραπευόντων
1572 1637 1628 1692 τὸ
1684 1634 1941 1712 βάδισμα,

293 1727 700 1804 καταλαμϐάνει
758 1730 852 1785 τὸν
916 1727 1082 1786 τόπον
1141 1727 1330 1793 αὒτοῒς
1404 1725 1759 1805 ἐπικεκυφὼς,
1811 1723 1943 1781 ὅπου

290 1826 406 1877 τῶν
463 1817 687 1897 ἀκρίδων
743 1817 947 1886 πληθὺς
989 1817 1160 1891 ἔκειρε
1206 1818 1298 1882 τάς
1331 1816 1555 1895 ἀρούρας
1585 1815 1681 1873 ’ίσα
1711 1814 1807 1872 καὶ
1840 1837 1938 1870 πο-

293 1907 539 1988 λεμίους,
577 1909 665 1964 καὶ
719 1908 843 1972 τοὺς
890 1906 1082 1986 ἀγροὺς
1144 1906 1406 1978 ἐληίζετο.
1437 1906 1669 1968 nam:
1701 1913 1788 1962 οῦν
1821 1903 1940 1960 ἐκεῖ

293 1999 395 2055 τοῦ
452 1997 594 2054 ὁσίου
643 1999 730 2053 καὶ
773 1997 972 2077 χεῖρας
1015 1996 1351 2074 ἀνασχόντος
1396 2000 1472 2067 τῷ
1522 1999 1639 2067 Θεῷ
1685 1994 1938 2072 ἱκεσίους,

293 2087 426 2144 εἶτα
479 2087 568 2143 καὶ
624 2093 717 2142 τοῦ
770 2085 1002 2164 βρούχου
1051 2082 1115 2152 δὴ
1174 2085 1359 2144 τούτου
1406 2083 1494 2140 καί
1550 2083 1656 2140 τῶν
1715 2081 1939 2160 ἀκρίδων

2033 914 2485 994 popularentur,
2548 918 2994 981 inevitabilibus
3042 917 3374 980 senectutis
3425 919 3679 984 vinculis

2030 1003 2266 1066 vinctus
2287 1024 2536 1084 magnus
2556 1009 3020 1080 Theodosius,et
3049 1007 3149 1088 qui
3174 1024 3284 1069 nec
3312 1007 3518 1070 liberis
3537 1008 3677 1090 qui-

2031 1092 2164 1154 dem
2201 1095 2454 1174 pedibus
2502 1097 2589 1158 uti
2646 1105 2897 1177 poterat,
2937 1097 3114 1160 saluti
3146 1097 3469 1158 multorum
3504 1106 3675 1178 post-

2032 1199 2262 1263 ponens
2279 1185 2588 1259 omnia,ita
2607 1195 2667 1248 ut
2689 1193 2816 1248 erat
2832 1187 3078 1248 aﬂ‘ectus
3098 1185 3441 1266 pedibus.et
3461 1187 3674 1253 baculo

2032 1289 2200 1334 more
2233 1291 2444 1335 senum
2479 1276 2767 1356 suppleas
2789 1276 2946 1356 quod
2971 1275 3084 1336 sibi
3112 1274 3500 1352 deerat,viam
3532 1297 3674 1358 per-

2029 1360 2192 1439 agis:
2222 1362 2394 1425 utsic
2419 1364 2604 1442 magis
2629 1364 2813 1426 Deum
2836 1383 3075 1446 quoque
3098 1365 3361 1427 traheret
3385 1365 3457 1427 ad
3483 1367 3672 1432 mise-

2032 1449 2379 1525 ricordiam,
2414 1461 2478 1513 ut
2523 1453 2623 1532 qui
2656 1463 3009 1533 aspecturus
3059 1463 3218 1517 esset
3251 1455 3671 1520 necessitatem

2031 1539 2160 1617 ejus
2195 1541 2938 1624 profectionis.Discipulis
2967 1561 3114 1624 ergo
3145 1564 3351 1607 manus
3373 1547 3676 1610 sustinen-

2031 1627 2275 1703 tibus,et
2309 1629 2591 1694 omnibus
2615 1632 2808 1693 modis
2830 1635 2959 1712 ejus
2981 1633 3314 1713 ingressum
3339 1634 3672 1714 adjuvanti-

2028 1716 2448 1796 bus,pervenit
2473 1721 2546 1782 iis
2572 1722 2816 1783 innixus
2836 1723 2908 1784 ad
2942 1723 3269 1797 locum,ubi
3302 1723 3666 1788 bruchorum

2026 1816 2086 1869 et
2107 1806 2468 1870 locustarum
2500 1811 2821 1873 multitudo
2845 1810 3080 1891 ingens,
3115 1830 3288 1890 agros
3321 1831 3438 1873 non
3473 1813 3670 1875 minus

2025 1914 2201 1977 quam
2241 1898 2870 1980 hostes,p0pulabatur
2900 1911 2958 1962 et
2978 1901 3494 1964 devastabat.Cum
3526 1920 3668 1981 ergo

2025 1993 2273 2048 sanctus
2303 1987 2428 2049 illic
2462 1995 2668 2062 staret,
2695 1999 2752 2050 et
2773 2008 2984 2051 manus
3005 1991 3348 2053 sustulisset
3367 1992 3488 2053 Deo
3518 2003 3669 2070 sup-

2025 2075 2302 2155 plices,et
2324 2078 2545 2140 deinde
2568 2080 2781 2141 horum
2815 2078 3179 2142 bruchorum
3213 2090 3273 2142 et
3302 2080 3666 2144 locustarum

290 2175 392 2233 ἵνα
449 2176 587 2252 μετά
635 2175 833 2255 χεῖρας
859 2172 1138 2251 λαϐόντος,
1178 2175 1266 2230 καί
1294 2175 1356 2231 τὸ
1388 2173 1486 2250 μὲν
1517 2175 1590 2236 ὡς
1624 2169 1934 2246 ὁμοδούλοις

2023 2182 2203 2227 unum
2229 2170 2287 2227 in
2311 2185 2520 2229 manus
2539 2167 2922 2248 sumpsisset;
2948 2177 3006 2229 et
3032 2171 3243 2248 partim
3264 2169 3508 2250 quidem
3529 2189 3665 2234 cum

291 2265 419 2328 τοῖς
472 2263 861 2342 εύτελεστίροις
919 2263 1127 2328 τούτοις
1201 2263 1292 2320 καί
1357 2261 1718 2342 βραχυτάτοις
1778 2259 1937 2331 ζώοις

292 2353 694 2433 διαλεχθέντος,
747 2355 808 2410 τὸ
850 2352 907 2408 δὲ
959 2354 1047 2409 καί
1108 2351 1375 2432 φείδεσθαι
1433 2352 1632 2408 τούτων
1688 2351 1936 2419 πενήτων

294 2444 460 2502 πόνου
529 2444 622 2500 καί
690 2447 786 2511 τῆς
845 2441 1108 2522 γεωργίας
1189 2441 1666 2519 παρεγγυήσαντος
1705 2458 1718 2474 ’
1779 2445 1934 2495 τοῦτο

293 2535 394 2612 γὰρ
437 2533 570 2610 ύμῖν
599 2533 745 2590 καίὸ
770 2533 970 2605 κοινὸς,
1017 2530 1202 2610 φησίν,
1267 2531 1536 2590 ἐπιτάττει
1600 2529 1878 2596 Δεσπότης
1915 2545 1932 2562 ⁶

289 2627 384 2680 καί
435 2621 600 2685 οὕτως
633 2621 850 2700 ἡμέρως
893 2623 968 2685 ὡς
1012 2621 1283 2701 ὶμψύχοις
1342 2618 1703 2698 λαλήσαντος,
1763 2622 1938 2694 θαῦμα

288 2710 571 2780 ἠκολούθει
599 2711 721 2772 τοῖς
777 2710 1108 2788 εἰρημένοις.
1163 2711 1233 2768 Τὸ
1283 2709 1382 2788 γὰρ
1427 2717 1674 2768 τοσοῦτον
1735 2708 1938 2782 σμῆνος

288 2798 452 2875 ἔμενε
509 2801 600 2856 τοῦ
658 2800 849 2856 λοιποῦ
901 2799 1039 2855 κατὰ
1099 2799 1305 2879 χῶρον,
1367 2798 1456 2854 καί
1483 2797 1599 2855 οὔτε
1631 2795 1938 2872 μετέϐαινεν

286 2887 563 2970 ἀλλαχοῦ,
624 2887 740 2945 οὔτε
820 2888 909 2952 οἷς
971 2884 1193 2965 διέτριϐε
1248 2885 1408 2944 πάλιν
1465 2885 1882 2962 κατελυμαίνετο
1917 2903 1934 2921 ⁶

286 2974 416 3034 ἀλλ’
474 2981 593 3035 οἷον
623 2978 990 3052 σπευσαμενον
1023 2976 1148 3041 ταῖς
1181 2977 1425 3056 ἀρούραις
1457 2983 1548 3034 τοῦ
1595 2975 1784 3035 λοιποῦ
1840 2977 1934 3042 τὰς

287 3068 392 3142 μὲν
457 3067 686 3130 ἀκάνθας
745 3072 1098 3145 περιεπετᾶτο
1149 3066 1238 3122 καί
1309 3064 1580 3143 κατέκειρε
1618 3084 1631 3098 °
1693 3065 1818 3145 φιλα
1879 3065 1934 3122 δὲ

285 3157 356 3226 ἦν
415 3159 558 3231 αὐτῷ
610 3156 700 3213 καί
757 3157 992 3236 ὶρηναϊα
1053 3157 1183 3237 πρὸς
1213 3156 1331 3222 τοὺς
1361 3155 1620 3234 καρποὺς,
1655 3157 1744 3213 καί
1798 3155 1934 3223 ὅλως

286 3246 508 3304 εκείνων
537 3247 852 3327 ἀπείχοντο.

366 3423 614 3483 anAUC:
669 3430 834 3482 ταῦτα
891 3423 990 3500 μὲν
1047 3421 1117 3479 δι’
1193 3423 1408 3496 ἑαυτοῦ,
1442 3421 1678 3500 ἕτεραδὲ
1734 3423 1825 3480 καί
1863 3421 1932 3479 δι’

2023 2253 2334 2316 vilissimis
2355 2264 2413 2319 et
2437 2256 2806 2319 brevissimis
2823 2257 3493 2339 animalibus,tanquam
3527 2278 3665 2323 cum

2017 2344 2768 2420 conservis,disseruisset;
2796 2348 3010 2427 partim
3043 2357 3239 2410 autem
3257 2350 3565 2428 jussisset,
3599 2361 3668 2413 ut

2016 2431 2208 2496 labori
2253 2451 2580 2514 pauperum
2635 2443 2692 2495 et
2725 2436 3102 2514 agriculturae
3133 2446 3491 2517 parcerent;
3527 2439 3666 2512 {hoc

2021 2523 2181 2584 enim
2231 2521 2422 2596 vobis,
2484 2522 2701 2605 inquit,
2753 2528 3090 2586 communis
3119 2543 3360 2606 quoque
3391 2527 3662 2607 praecipit

2021 2609 2368 2688 Dominus,)
2386 2629 2642 2694 cumque
2667 2632 2800 2674 cum
2828 2615 2916 2676 eis
2936 2613 3016 2675 ita
3039 2613 3274 2696 placide
3304 2615 3534 2677 locutus
3564 2633 3665 2677 es-

2022 2710 2140 2778 set,
2169 2707 2446 2781 tanquam
2468 2720 2604 2764 cum
2628 2702 2905 2764 animatis
2929 2725 2945 2775 ;
2971 2721 3042 2766 ea
3063 2721 3197 2785 quas
3217 2702 3375 2765 dicta
3400 2703 3662 2780 fuerant,

2023 2798 2411 2852 consecutum
2448 2799 2540 2853 est
2563 2791 3202 2856 miraculum/Tantum
3229 2793 3388 2855 enim
3412 2812 3664 2856 examen

2018 2877 2306 2959 deinceps
2334 2881 2554 2942 mansit
2585 2881 2645 2942 in
2695 2881 2969 2960 regione,
2999 2889 3056 2945 et
3085 2901 3198 2945 nec
3229 2883 3498 2944 transivit
3520 2883 3662 2965 alio,

2018 2986 2130 3030 nec
2153 2968 2436 3031 damnum
2460 2969 2627 3032 dedit
2649 2970 2722 3032 iis
2753 2970 2994 3046 locis,in
3025 2971 3246 3053 quibus
3278 2973 3662 3038 versabatur:

2017 3057 2123 3118 sed
2151 3057 2329 3119 veluti
2377 3058 2606 3122 findere
2659 3059 2807 3122 inito
2862 3078 2997 3122 cum
3022 3062 3182 3139 agris
3202 3062 3276 3122 de
3295 3069 3507 3122 caatero
3537 3061 3664 3122 cir-

2016 3146 2389 3209 cumvolabat
2415 3148 2682 3229 quidem,
2717 3157 2777 3212 et
2805 3150 3129 3212 arrodebat
3157 3150 3360 3230 spinas
3395 3167 3410 3210 :
3444 3149 3664 3211 amici-

2015 3237 2096 3298 tia
2126 3246 2322 3300 autem
2357 3245 2415 3298 et
2447 3255 2558 3320 pax
2592 3240 2648 3301 ei
2708 3240 3125 3305 intercedebat
3173 3258 3308 3302 cum
3348 3239 3661 3312 fructibus,

2015 3333 2078 3388 et
2114 3326 2186 3388 ab
2217 3327 2306 3389 eis
2335 3328 2585 3390 omnino
2610 3329 2971 3395 abstinebat.

2093 3417 2192 3478 70.
2222 3417 2341 3478 Sed
2401 3417 2529 3478 haec
2587 3419 2831 3500 quidem
2890 3437 2996 3500 per
3023 3419 3237 3494 se,alla
3265 3427 3462 3481 autem
3493 3426 3662 3482 recte

284 3515 482 3592 ἑτέρων
511 3514 806 3594 κατώρθου.
842 3510 1028 3572 ’Ἄλλο
1056 3535 1115 3570 τε
1173 3515 1273 3592 γὰρ
1328 3519 1429 3582 τῆς
1489 3514 1678 3587 ὁμοίας
1731 3514 1928 3588 μάστι-

2023 3523 2254 3586 quoque
2285 3507 2468 3582 gessit
2501 3525 2610 3588 per
2637 3507 2808 3574 alios.
2844 3507 2988 3570 Nam
3021 3528 3156 3571 cum
3182 3509 3330 3571 alias
3352 3509 3657 3588 flagellum

279 3625 378 3683 γος
436 3605 536 3673 τὴν
593 3605 694 3683 γῆν
745 3603 1057 3676 πιεζούσης,
1092 3600 1394 3678 ἐπισκῆψαι
1426 3599 1481 3658 δὲ
1512 3599 1636 3659 ὅσον
1668 3601 1815 3659 οὔπω
1845 3603 1935 3660 καί

279 3699 352 3770 τῇ
406 3694 570 3771 κώμη
630 3693 800 3771 ταύτῃ
845 3691 1178 3768 μελλούσης,
1225 3692 1317 3772 ἀρ’
1369 3695 1437 3760 ἧς
1496 3691 1549 3748 ο⁹ί
1593 3713 1650 3748 τε
1701 3691 1932 3760 πλησίον

282 3783 486 3848 πάντες
538 3781 928 3858 ἀπεσιτίζοντο,
980 3781 1068 3840 καί
1101 3781 1326 3846 πολλοῖς
1357 3789 1466 3838 τῶν
1496 3779 1686 3839 ἐνδεῶν
1713 3783 1930 3862 ὑπῆρχε

277 3873 539 3937 κοινωνὸς
572 3871 770 3952 ἀγαθὴ,
805 3871 970 3951 ἄγγος
1008 3894 1078 3946 τι,
1142 3869 1356 3941 πλήσας
1415 3869 1616 3945 ἐλαίου,
1674 3871 1762 3926 καί
1817 3872 1927 3944 θείᾳ

277 3968 436 4020 τοῦτο
490 3958 770 4029 ἐπικλήσει
825 3961 1179 4041 καθαγιάσας,
1226 3959 1428 4036 πέμπει
1473 3960 1602 4037 πρὸς
1651 3961 1752 4026 τὴν
1807 3961 1924 4016 κώ-

275 4072 414 4126 μην,
462 4051 593 4108 αὒτὸ
622 4050 842 4114 πιστοῖς
888 4052 976 4108 καί
1005 4049 1269 4131 φιλοθὲοις
1314 4049 1625 4131 ἐγχειρίσας
1678 4047 1921 4130 ἀνδράσι,

273 4141 367 4197 καί
395 4137 591 4218 ἤρκεσε
621 4142 776 4198 τοῦτο
828 4141 992 4217 μόνον
1037 4139 1184 4204 λύσις
1251 4142 1500 4197 τοσούτου
1543 4138 1780 4218 γενέσθαι
1815 4161 1921 4196 κα-

272 4236 397 4293 κοῦ.
430 4229 562 4289 Τότε
592 4231 693 4307 γάρ
723 4229 964 4307 βλάπτον
1002 4231 1063 4288 in
1119 4229 1286 4308 μέσου
1342 4230 1682 4310 παραχρῆμα
1713 4228 1803 4304 ἧν,
1835 4229 1924 4286 καί

272 4320 312 4388 ἡ
335 4319 498 4394 κώμη
529 4319 738 4390 ἀπαθὴς
770 4319 1046 4400 ιτηρεῖτο.

356 4494 466 4559 οα’.
530 4495 890 4574 Ἐσθημάτων
951 4496 1052 4555 ἔδει
1101 4496 1232 4556 ποτὲ
1275 4510 1392 4563 τοῖς
1446 4495 1723 4578 ἀδελφοῖς,
1757 4498 1845 4555 καὶ
1875 4500 1922 4554 οἱ

2016 3595 2215 3657 simile
2247 3603 2466 3656 terram
2505 3604 2894 3676 premeretet
2925 3598 3236 3660 videbatur
3266 3599 3415 3673 fore,
3439 3608 3499 3659 ut
3525 3617 3661 3661 mox

2015 3685 2069 3746 ei
2093 3684 2221 3745 vico
2245 3683 2646 3760 incumberet,
2689 3704 2760 3748 ex
2811 3706 2928 3767 quo
2950 3695 3008 3747 et
3028 3686 3210 3748 vicini
3235 3705 3446 3749 omnes
3481 3705 3658 3766 para-

2013 3771 2156 3834 bant
2181 3782 2676 3848 commcatum,et
2696 3775 2794 3855 qui
2817 3775 3015 3836 multis
3039 3775 3299 3856 benigne
3321 3779 3660 3839 communi-

2011 3862 2180 3924 cabat
2203 3861 2518 3943 ea,quibus
2542 3881 2689 3944 opus
2717 3863 3036 3941 habebant;
3065 3883 3200 3926 cum
3227 3883 3327 3926 vas
3355 3865 3657 3945 quoddam

2008 3950 2320 4032 implesset
2344 3951 2496 4026 oleo,
2533 3961 2589 4015 et
2615 3953 2728 4014 hoc
2754 3953 3127 4015 invocatione
3150 3953 3353 4015 divina
3386 3954 3655 4016 sanctiﬁ-

2007 4050 2224 4118 casset,
2252 4040 2311 4101 id
2343 4041 2600 4102 mittitin
2624 4041 2820 4103 vicum
2849 4060 2863 4105 :
2892 4051 2948 4104 et
2981 4061 3118 4103 cum
3147 4041 3286 4104 viris
3315 4042 3660 4106 tradidisset

2008 4128 2287 4190 ﬁdelibus
2319 4137 2377 4190 et
2410 4129 2547 4210 piis,
2585 4131 2697 4192 hoc
2721 4132 2905 4194 solam
2925 4131 3185 4207 suﬂ‘ecit,
3219 4141 3283 4194 ut
3320 4139 3482 4196 esset
3512 4131 3659 4194 tanti

2009 4219 2149 4280 mali
2182 4218 2604 4282 solutio.Tunc
2638 4223 2796 4283 enim
2828 4231 3077 4304 repente
3108 4222 3184 4285 de
3219 4221 3416 4284 medio
3448 4221 3660 4285 subla-

2009 4318 2134 4370 tum
2167 4318 2256 4371 est
2283 4309 2341 4371 id
2375 4311 2531 4391 quod
2567 4311 2845 4386 laedebat,
2871 4321 2930 4375 et
2960 4313 3124 4376 vicus
3150 4322 3535 4377 conservatus
3566 4322 3658 4378 est

2006 4399 2250 4462 illaesus.

2088 4489 2156 4551 7t
2175 4487 2589 4552 .Vestimentis
2609 4489 2930 4574 aliquando
2955 4493 3067 4554 fuit
3087 4511 3237 4574 opus
3261 4492 3565 4556 fratribus:
3597 4501 3658 4556 et

268 4584 376 4660 μὶν
434 4587 741 4663 προσιόντες
784 4587 1094 4666 ἠνώχλουν,
1152 4594 1230 4662 τῷ
1289 4585 1345 4643 δὲ
1401 4587 1663 4667 παρέχειν
1694 4609 1746 4643 τι
1789 4588 1921 4666 πρὸς

2023 4577 2094 4639 lli
2127 4578 2369 4656 quidem
2422 4580 2477 4641 ei
2531 4581 2894 4643 exhibebant
2938 4582 3301 4656 molestiam,
3337 4591 3400 4644 ut
3428 4583 3655 4665 aliquid

268 4673 503 4748 ὄνησιν,
567 4675 648 4732 ὅτι
707 4677 787 4750 μὴ
844 4679 906 4735 τὸ
963 4677 1242 4754 βούλεσθαι
1281 4681 1443 4754 μόνον
1497 4680 1586 4733 καὶ
1633 4675 1921 4752 συναλγεῖν

2023 4667 2386 4730 iraaberctad
2416 4670 3056 4752 emendumrquoniam
3078 4673 3123 4732 si
3147 4672 3298 4733 velle
3323 4682 3380 4734 et
3403 4675 3653 4734 commi-

272 4761 429 4820 οῦδὲν
457 4764 524 4833 ἦν
557 4781 572 4797 ⁸
609 4764 751 4834 πλὴν
792 4766 931 4823 ἀλλά
961 4776 1051 4827 τοῦ
1084 4769 1354 4824 Δεσπότου
1383 4773 1453 4844 τῇ
1478 4764 1701 4842 ἀψευδεῖ
1730 4765 1920 4844 θαῤῥή-

2023 4758 2189 4819 ιθτθτὶ
2223 4757 2556 4833 tolleretur,
2592 4759 2735 4821 nihil
2771 4771 2918 4822 erat.
2958 4759 3078 4824 Sed
3111 4768 3309 4823 tamen
3341 4762 3656 4825 conﬁdens

270 4875 372 4916 σας
419 4851 557 4932 ἐπαγ
572 4853 732 4936 (ελίᾳ,
768 4857 934 4934 ταύτῃ
964 4859 1097 4931 πρὸς
1133 4856 1323 4922 αὖτοὺς
1355 4855 1559 4936 ἐχρῆτο
1601 4857 1688 4912 καὶ
1740 4856 1860 4912 τότε
1898 4871 1912 4884 ·

2023 4845 2284 4908 reridicze
2309 4846 2543 4908 Domini
2573 4848 3058 4926 promissioni,ea
3091 4857 3230 4912 tunc
3254 4850 3408 4931 apud
3436 4869 3540 4914 eos
3563 4861 3655 4914 est

268 4944 363 5012 Μὴ
415 4934 808 5024 μεριμνήσητε,
853 4945 1052 5023 λέγων,
1097 4945 1223 5026 περὶ
1285 4934 1644 5024 τῆξάύριον,
1677 4946 1765 5002 καὶ
1818 4951 1918 5013 τῆς

2023 4953 2165 5010 Isus,
2200 4935 2415 5026 dicens
2447 4956 2463 4996 :
2497 4934 2704 5026 Nolite
2735 4955 2863 5001 esse
2883 4939 3134 5003 solliciti
3157 4940 3234 5002 de
3262 4943 3535 5004 crastino
3565 4941 3647 5004 28.

271 5033 532 5102 ἀπιούσης
563 5035 635 5097 εἷς
671 5035 823 5114 ἱργον
879 5033 1110 5102 ξξὲὅαινε
1168 5024 1234 5092 τά
1287 5034 1692 5114 ἐπηγγελμένα.
1755 5035 1914 5101 Εὐθὺς

2023 5024 2285 5106 Sequenti
2336 5032 2536 5086 autem
2592 5025 2691 5088 die
2723 5027 3000 5090 effectum
3033 5036 3171 5090 sunt
3199 5038 3520 5092 consecuta
3552 5047 3644 5103 ea,

271 5122 378 5200 γάρ
408 5146 490 5188 τις
521 5125 680 5181 ποθὲν
710 5113 1078 5202 ἀπιδημήσας,
1122 5126 1356 5205 χρυσοῦς
1416 5125 1606 5182 ἑκατὸν
1636 5121 1909 5202 ἐδωρεῖτο,

2023 5133 2131 5205 [σε
2189 5113 2486 5205 promissa
2527 5114 2805 5205 fuerant.
2875 5118 3154 5181 Protinus
3211 5119 3371 5180 enim
3403 5116 3647 5205 quidam

265 5219 330 5269 οῦ
357 5214 454 5270 καί
479 5211 720 5278 δοθέντες
780 5216 853 5280 εἷς
877 5200 884 5202 ⁷
913 5215 1014 5283 τὴν
1237 5215 1556 5292 ἐσθημάτων
1587 5200 1775 5294 χρείαν
1803 5215 1910 5272 ὕπ-

2023 5203 2273 5265 ιΙίοιιιιάθ
2329 5203 2679 5278 adveniens,
2740 5214 2979 5268 centum
3031 5206 3200 5268 dedit
3241 5222 3461 5294 aureos
3496 5225 3509 5262 :
3544 5200 3648 5284 qui

267 5301 496 5379 ηρέτουν
529 5315 647 5369 τοῖς
681 5301 960 5385 ἀδελφοῖς.
1591 5291 1599 5294 ν
1616 5291 1627 5294 ﬂ

2023 5291 2237 5374 [uidem
2270 5292 2390 5354 dati
2427 5313 2441 5356 :
2475 5292 2551 5354 ad
2584 5311 2725 5356 uum
2783 5296 3270 5358 vestimentorum
3305 5292 3650 5356 servierunt

1995 5381 2452 5534 ῐηίὲῗιῗῧληυε
2466 5471 2831 5554 (ιυίάιωιίιυί
2847 5472 2919 5535 ’δ
2945 5473 3189 5536 menum
3214 5469 3456 5554 quidem
3475 5478 3644 5536 mmo

350 5468 454 5535 οϐ’,
509 5469 797 5536 Ἰουλιανός
849 5495 932 5538 τις
976 5473 1030 5531 ἐν
1087 5475 1235 5555 ἀρχῇ
1294 5475 1390 5552 μὲν
1435 5473 1541 5542 ἤδη
1567 5479 1666 5542 τῆς
1696 5472 1909 5542 ἡλικίας

1992 5561 2301 5628 ventitavit
2317 5561 2389 5625 ad
2425 5579 2706 5646 magnum
2737 5560 3170 5638 Theodosium,
3207 5567 3412 5651 postea
3440 5567 3642 5634 autem

265 5565 344 5634 τῷ
398 5560 623 5640 μεγάλῳ
679 5564 962 5644 φοιτήσας,
1016 5563 1234 5645 ὕστερον
1289 5563 1344 5624 δὲ
1395 5563 1598 5641 ποιμὴν
1629 5565 1718 5621 καὶ
1749 5563 1907 5629 αὐτὸς

344 5667 410 5722 π
433 5669 642 5734 Matth.
675 5687 752 5750 vn,
784 5668 887 5743 34.
