4062 6194
295 290 410 364 541

1283 283 1470 358 VITA
1511 291 1574 356 S.
1615 291 2024 356 THEODOSII
2067 289 2680 358 C(ENOBIARCHE.

3564 291 3684 366 542

298 431 568 515 ῥομφαίαν
626 426 822 490 τιθέναι
877 427 978 499 τὴν
1021 429 1285 506 σωτηρίαν
1335 428 1472 507 μήτε
1517 431 1622 506 μὴν
1677 443 1795 491 τοῖς
1839 431 1946 487 τῶν

2047 448 2211 490 mum
2247 437 2446 491 autem
2481 428 2662 491 sciret
2692 429 3055 508 adjutorem,
3089 431 3204 494 vim
3238 429 3684 515 inexpugnabi-

295 524 519 583 πολλῶν
577 524 820 601 μυριάσιν
879 521 1202 601 ἐπιθαρῥεῖν,
1258 519 1345 577 ἕνα
1400 517 1453 575 δὲ
1515 520 1806 596 σύμμαχον
1862 519 1942 574 εἶ-

2052 535 2170 591 em,
2202 517 2296 578 cui
2343 525 2430 578 est
2461 517 2654 590 facile,
2692 528 2757 578 ut
2785 538 2940 580 unus
2979 520 3142 582 mille
3174 533 3592 602 persequatur,
3627 533 3688 588 et

295 612 444 671 δένὰι
502 613 600 680 τὴν
643 612 800 692 ἰσχὺν
859 610 1098 691 ἄμαχον,
1132 615 1177 684 ᾧ
1233 609 1415 688 ῥᾴὰιον
1472 609 1608 666 πάνυ
1638 621 1816 664 ποιεῖν
1859 605 1942 687 ὑφ’

297 705 421 766 ἐνὸς
479 701 687 783 χιλίους
737 699 1042 780 διώκεσθαι,
1076 701 1163 756 καὶ
1204 700 1306 755 ὁπὸ
1361 697 1446 754 δυο
1479 696 1729 773 μυριάδας
1777 717 1947 769 μετα-

298 795 591 850 κινεῖσθαι.
627 797 853 849 Τοιαῦτα
896 796 972 863 τῷ
1000 788 1198 863 κόμητι
1231 795 1321 846 τοῦ
1379 789 1524 847 ὁσίου
1552 785 1949 866 διαλεχθέντος,

297 881 470 948 οὕτως
528 885 738 945 ἐκεῖνος
770 879 914 936 ἑαλω
969 881 1074 936 τῶν
1107 881 1265 936 αὒτού
1295 878 1681 956 παραινέσεων,
1715 879 1803 932 καὶ
1861 878 1954 931 τοῦ

296 973 426 1050 τρὸς
474 972 630 1030 αὐτὸν
660 971 935 1046 ἂνηρτήθη
968 969 1128 1025 πόθον
1163 970 1251 1024 καὶ
1308 969 1408 1035 τῆς
1439 971 1639 1046 θερμῆς
1693 967 1950 1040 πίστεως,

299 1065 376 1127 ὥς
420 1062 506 1117 καὶ
543 1064 670 1118 αὐτὸ
729 1057 900 1128 δήπου
929 1059 989 1115 τὸ
1049 1058 1299 1136 τρόχινον
1329 1058 1514 1136 ῥάκος,
1546 1055 1678 1131 ὅπερ
1710 1059 1736 1111 6
1783 1055 1952 1132 μέγας

300 1150 440 1207 εἴσω
472 1147 876 1228 περιεϐέϐλητο,
923 1146 1037 1203 ἀντ’
1089 1145 1252 1203 ἄλλου
1294 1154 1435 1211 τινὸς
1481 1146 1545 1201 τά
1579 1167 1637 1223 γε
1684 1147 1814 1216 πρὸς
1861 1146 1950 1200 τὸν

299 1239 544 1314 πόλεμον
604 1239 814 1306 αἰτῆσαι
875 1237 1251 1318 φυλακτηρίουο
1313 1238 1400 1293 καὶ
1445 1243 1599 1293 τοῦτο
1650 1233 1714 1302 δὴ
1773 1232 1951 1290 λαϐὼν

300 1332 392 1386 καὶ
449 1327 617 1409 ἐνδὺς,
651 1328 874 1405 ἀγώνων
917 1349 974 1384 τε
1031 1333 1137 1384 τῶν
1185 1328 1423 1395 συνήθων
1484 1326 1780 1400 ἁψάμενος,
1831 1324 1948 1398 μετ’

303 1421 366 1476 οὗ
421 1417 553 1476 πολὺ
613 1416 926 1480 Καλλίνικος
985 1416 1232 1492 ἐπανῄει,
1265 1414 1439 1471 πολλὰ
1495 1416 1582 1471 καὶ
1635 1413 1751 1479 ἄξια
1791 1413 1952 1492 λόγου

303 1512 494 1587 ψυχῆς
525 1528 582 1564 τε
629 1508 713 1562 καὶ
757 1508 940 1586 γειρὸς
971 1505 1100 1583 ἔργα
1129 1503 1546 1579 ἐπιδειξάμενος.

387 1597 496 1657 οε’.
559 1597 815 1674 Λαμπρὸς
864 1597 1141 1672 τοιγαροῦν
1173 1593 1310 1650 οὕτω
1353 1606 1473 1657 τοῖς
1525 1593 1660 1648 κατὰ
1717 1592 1953 1667 πόλεμον

306 1685 590 1763 ἀριστείοις
648 1682 972 1756 ἐπανελθὼν,
1011 1684 1107 1740 οὒκ
1148 1681 1414 1758 ἀγνώμων
1472 1682 1638 1763 ἐφάνη
1687 1683 1805 1758 περὶ
1862 1682 1952 1736 τὸν

2031 605 2238 668 decem
2292 606 2478 667 millia
2540 609 2990 687 proﬂigentura
3041 611 3298 675 duobus.
3359 612 3498 675 Hazc
3543 634 3679 677 cum

2033 695 2235 759 comiti
2293 698 2542 758 Sanctus
2601 697 3009 777 disserui-set,
3048 700 3124 760 ita
3177 700 3287 762 fuit
3318 701 3420 762 ille
3471 714 3681 783 captus

2035 786 2164 864 ejus
2193 784 2494 846 desiderio
2529 794 2587 847 et
2616 785 2845 847 ardenti
2894 787 3032 864 fide,
3071 798 3131 849 ut
3163 790 3358 869 ipsum
3392 791 3682 868 cilicium,

2033 894 2152 955 quo
2189 893 2435 953 magnus
2460 875 2561 936 ille
2600 874 2854 937 interius
2885 876 3270 952 induebatur,
3307 880 3438 941 loco
3482 885 3685 962 cujus-

2033 963 2120 1024 vis
2172 963 2419 1024 alterius
2451 965 2558 1036 rei,
2593 983 2756 1025 arma
2791 976 3046 1043 peteret,
3081 965 3300 1047 quibus
3327 986 3392 1030 se
3436 988 3684 1032 conser-

2034 1065 2216 1113 varet.
2254 1051 2423 1126 Quod
2459 1052 2700 1133 quidem
2736 1073 2869 1114 cum
2904 1058 3238 1136 accepisset
3269 1066 3326 1118 et
3371 1059 3684 1140 induisset,

2033 1151 2094 1201 et
2139 1151 2424 1203 consueta
2454 1161 2732 1222 egressus
2765 1154 2924 1205 esset
2956 1147 3310 1221 certamina,
3349 1150 3522 1228 paulo
3555 1159 3686 1228 post

2033 1231 2223 1292 victor
2271 1232 2474 1306 rediit,
2509 1251 2641 1294 cum
2695 1241 2754 1293 et
2797 1234 2983 1295 animi
3039 1243 3096 1298 et
3130 1254 3343 1297 manus
3398 1238 3684 1318 praeclara

2035 1321 2400 1384 ostendisset
2450 1323 2737 1399 facinora,
2771 1331 2830 1385 et
2889 1323 3067 1403 digna
3118 1344 3251 1406 quae
3307 1344 3681 1389 commemo-

2035 1419 2262 1473 rentur.

2113 1590 2216 1650 ‘75.
2253 1591 2394 1651 Cum
2432 1591 2614 1652 rebus
2648 1610 2790 1671 ergo
2820 1593 3054 1655 fortiter
3085 1596 3142 1655 in
3178 1593 3334 1656 bello
3369 1597 3552 1674 gestis
3582 1598 3681 1659 in-

2037 1679 2224 1758 signis
2261 1687 2317 1741 et
2370 1680 2568 1742 clarus
2602 1690 2758 1743 esset
2808 1699 3111 1758 reversus,
3147 1703 3520 1766 nequaquam
3581 1687 3680 1748 in-

309 1775 618 1854 εὗεργότην,
652 1772 759 1831 οὐδ’
819 1774 999 1850 ὥσπερ
1030 1775 1078 1828 οἱ
1136 1770 1326 1828 πολλοὶ
1357 1772 1492 1846 μετὰ
1534 1772 1594 1827 τὸ
1623 1785 1817 1850 τυχεῖν
1856 1769 1950 1836 τῆς

2047 1778 2238 1847 gratus
2271 1769 2380 1828 fuit
2409 1769 2468 1830 in
2501 1769 2944 1832 benefactorem
2984 1794 2998 1853 ;
3037 1793 3233 1854 neque
3268 1784 3327 1835 ut
3360 1776 3550 1856 multi,
3582 1776 3684 1858 qui

309 1866 532 1944 χάριτος
606 1861 1107 1940 ἐπιλανθανόμενος,
1169 1859 1288 1917 ἀλλ’
1371 1861 1558 1936 ὅμοιον
1631 1859 1722 1916 ἕνα
1796 1865 1953 1916 πᾶσιν

314 1955 499 2011 ἑαυτὸν
555 1951 857 2031 φυλάττων,
891 1952 1022 2029 πρὸς
1079 1952 1169 2006 τὸν
1223 1949 1368 2005 ὅσιον
1400 1949 1542 2008 αὖθις
1589 1949 1770 2030 ἐφοίτα
1821 1950 1955 2022 μετὰ

307 2047 503 2119 θερμοῦ
556 2049 649 2097 τοῦ
705 2043 804 2107 τῆς
875 2039 1087 2118 καρδίας
1158 2040 1550 2118 σκιρτήματος,
1613 2039 1838 2118 χάριτός
1896 2060 1952 2094 τε

310 2130 615 2210 ὁμολογῶν,
668 2132 756 2187 καὶ
812 2132 873 2186 τὸ
921 2135 1026 2185 πᾶν
1085 2128 1227 2201 αότῷ
1281 2133 1377 2196 τῆς
1433 2129 1585 2195 νίκης
1651 2128 1953 2206 ἐπϊγραφό-

309 2243 496 2294 μενος,
562 2220 755 2296 Ἔλεγε
785 2221 909 2298 γὰρ,
940 2221 1035 2294 ὡς,
1074 2219 1218 2276 Κατὰ
1261 2220 1352 2274 τὸν
1383 2217 1478 2284 τῆς
1531 2219 1718 2298 μάχης
1749 2219 1953 2296 καιρὸν,

310 2310 430 2386 ἐμοὶ
487 2309 586 2385 μὲν
615 2311 729 2366 ἀντὶ
777 2310 1015 2387 θώρακος
1076 2307 1407 2382 ἐνδυσαμένῳ
1456 2309 1517 2362 τὸ
1573 2309 1728 2385 ῥάκος
1761 2309 1822 2363 τὸ
1867 2309 1959 2362 σὸν

309 2398 480 2456 ἐποίει
514 2397 723 2476 θαῤῥεῖν
755 2399 919 2472 ὁμόσε
985 2419 1039 2452 τε
1069 2409 1186 2460 τοῖς
1217 2395 1494 2470 πολεμίοις
1524 2410 1752 2474 χωρεῖν.
1801 2396 1954 2453 Ἐπεὶ

313 2488 368 2546 δὲ
412 2491 501 2544 καὶ
559 2490 633 2552 εἷς
683 2501 877 2566 χεῖρας
922 2485 1186 2556 ἀλλήλοις
1232 2485 1490 2564 ἤλθομεν,
1536 2485 1699 2546 πολὺς
1751 2486 1959 2563 ἐγένετο

313 2578 508 2640 σκότος
540 2577 719 2653 ὥσπερ
764 2576 817 2631 ἐν
848 2575 1058 2654 ὁμίχλῃ
1119 2577 1324 2652 βαθείᾳ,
1358 2576 1445 2630 καὶ
1475 2576 1595 2638 τοῖς
1630 2576 1727 2650 μὲν
1780 2574 1960 2640 ἄλλοις

310 2674 445 2724 πᾶσι
496 2667 678 2722 καὶτὰ
709 2665 845 2722 πάνυ
904 2664 1130 2730 πλησίον
1161 2665 1353 2720 ἀθέατα
1395 2665 1484 2737 ἦν,
1533 2663 1642 2742 ἐφὼ
1683 2663 1736 2719 δὲ
1763 2685 1820 2719 σε
1855 2665 1957 2739 μό-

310 2779 403 2812 νον
456 2753 670 2811 ἐδόκουν
701 2756 825 2831 ὃρᾷν
869 2754 1275 2829 προηγούμενόν
1322 2775 1424 2828 μου
1455 2755 1540 2809 καὶ
1584 2759 1652 2829 τῇ
1684 2755 1823 2833 χειρὶ
1854 2775 1956 2820 ση-

309 2845 566 2922 μαίνοντα
628 2845 712 2900 καὶ
779 2844 1175 2916 ὑποτιθέμενον,
1235 2841 1358 2899 τάδε
1419 2843 1516 2918 μὲν
1573 2849 1664 2900 τοῦ
1723 2842 1962 2918 πολέμου

308 2937 454 3013 μέρη
509 2935 716 3015 χαίρειν
776 2935 888 3008 ἑᾷν,
951 2933 1036 2990 ἐπὶ
1095 2940 1256 2990 ταῦτα
1313 2935 1460 2989 ἰόντα
1528 2933 1820 3013 μάχεσθαι,
1874 2935 1961 2990 καὶ

309 3028 416 3082 ὑπὸ
469 3025 551 3081 σοὶ
593 3022 776 3102 ὁδηγῷ
805 3044 861 3078 τε
916 3024 1000 3078 καὶ
1049 3023 1273 3100 ἡγεμόνι
1331 3024 1422 3078 τὸν
1469 3022 1638 3079 ’ίππον
1671 3023 1812 3097 ἣμᾶς
1872 3022 1960 3088 ἐξ·

2040 1869 2351 1940 postquam
2383 1869 2520 1920 sunt
2575 1861 2902 1936 consecuti,
2938 1862 3368 1924 obliviscuntur
3395 1864 3635 1927 benticii
3663 1886 3679 1926 :

2040 1949 2145 2009 sed
2181 1968 2243 2010 se
2273 1949 2528 2010 similem
2555 1968 2919 2012 conservans
2948 1953 3005 2012 in
3031 1955 3551 2024 omnibus,rursus
3581 1974 3685 2015 ve-

2041 2038 2126 2098 nit
2157 2039 2228 2099 ad
2287 2039 2568 2101 Sanctum
2605 2059 2739 2102 cum
2785 2040 3124 2103 vehementi
3174 2043 3370 2104 cordis
3419 2045 3684 2106 exsulta-

2044 2128 2230 2203 tione,
2267 2137 2324 2188 et
2353 2129 2572 2207 gratias
2603 2147 2806 2206 agens,
2837 2143 2891 2192 et
2929 2132 2981 2192 ei
3017 2132 3350 2194 universam
3381 2134 3688 2196 ascribens

2041 2218 2370 2278 victoriam.
2410 2217 2651 2279 Dici'bat
2688 2221 2846 2281 enim
2884 2221 3041 2282 enim
3073 2240 3086 2283 :
3117 2221 3223 2282 Illo
3257 2223 3385 2302 ipso
3419 2233 3690 2304 tempore

2045 2325 2280 2387 pugnae,
2317 2308 2462 2368 mihi
2497 2308 2741 2388 quidem
2789 2330 2922 2369 cum
2961 2329 3066 2390 pro
3101 2311 3341 2372 thorace
3392 2321 3553 2372 tuum
3589 2314 3687 2375 in-

2045 2396 2306 2456 duissem
2343 2395 2628 2464 cilicium,
2659 2397 2937 2458 veniebat
2968 2399 3026 2458 in
3063 2408 3322 2460 mentem
3357 2401 3685 2476 confidere,

2043 2492 2101 2544 et
2121 2483 2180 2544 in
2203 2484 2406 2544 hostes
2428 2484 2681 2546 irruere.
2710 2486 2854 2546 Cum
2879 2496 3076 2548 autem
3105 2506 3316 2549 manus
3342 2489 3688 2551 conseruis-

2043 2591 2272 2646 semus,
2300 2591 2526 2652 magna:
2557 2573 2982 2636 exoriebantur
3009 2576 3296 2649 tenebrae,
3324 2586 3601 2658 tanquam
3630 2579 3688 2639 in

2044 2662 2232 2724 densa
2280 2663 2574 2742 caligine:
2637 2664 2794 2724 etab
2849 2665 2982 2726 aliis
3013 2665 3257 2745 quidem
3307 2667 3588 2729 omnibus
3622 2686 3692 2736 ea

2045 2752 2387 2832 etiam,qute
2419 2770 2602 2832 prope
2621 2754 2984 2832 erant,cerni
3009 2773 3128 2814 non
3151 2764 3564 2834 poterantzego
3586 2776 3689 2818 au-

2046 2849 2162 2900 tem
2199 2849 2254 2901 te
2280 2841 2470 2900 solum
2520 2842 2666 2902 mihi
2697 2841 2942 2904 videbar
2978 2843 3177 2904 videre
3209 2863 3305 2905 me
3340 2846 3690 2924 praeceden-

2044 2940 2254 3004 tem,et
2285 2949 2458 2990 manu
2484 2930 2918 3010 significantem
2946 2940 3002 2992 et
3032 2933 3554 3008 admonentem,ut
3587 2934 3693 2995 has

2046 3020 2289 3100 quidem
2347 3020 2532 3100 prmlii
2567 3032 2767 3100 partes
2815 3021 3209 3097 dimitterem,
3248 3023 3307 3084 in
3359 3023 3463 3082 has
3494 3031 3688 3084 autem

313 3114 583 3187 ελαόνειν,
629 3114 730 3176 ἕως
775 3110 997 3192 φοϐερός
1043 3135 1122 3173 τις
1155 3113 1239 3169 καὶ
1272 3112 1631 3178 ἀνυπόστατος
1661 3125 1780 3176 τοῖς
1809 3113 1957 3168 ἐναν-

2049 3118 2464 3189 pugnaremzet
2489 3111 2773 3173 teducem
2809 3130 3026 3190 equum
3066 3128 3266 3188 agere,
3299 3111 3491 3173 donec
3523 3129 3694 3172 cons.

312 3205 445 3264 τίοις
504 3204 703 3282 ὀφθεὶς,
737 3201 825 3258 ϐαὶ
888 3199 1005 3265 δέος
1055 3207 1217 3258 πᾶσιν
1256 3201 1512 3258 ἅστεκτον
1564 3199 1836 3281 ἐμϐαλὼν,
1869 3203 1959 3258 τέ-

311 3292 408 3356 λος
453 3294 525 3358 είς
579 3289 742 3356 πόδας
787 3292 972 3356 αὖτοὺς
1023 3289 1247 3366 βλέψαι,
1284 3292 1371 3346 καὶ
1419 3293 1516 3358 τὴν
1567 3288 1747 3356 ἄδοξον
1795 3291 1966 3371 φυγήν

313 3382 560 3456 ἅσμένως
647 3380 854 3437 ἑλέσθαι
927 3384 1349 3459 παρασκευάσαι.
1454 3383 1552 3438 Καὶ
1623 3381 1785 3436 ταῦτα
1867 3382 1964 3454 μὲν

313 3475 549 3544 ἒκεῖνος,
610 3472 638 3526 ὁ
695 3470 783 3526 καὶ
840 3473 936 3539 τῆς
998 3469 1139 3531 θείας
1183 3470 1381 3535 ταύτης
1440 3469 1750 3548 ἐπιφανείας
1803 3469 1961 3535 ἀξιω-

315 3562 442 3627 θείς.

397 3647 537 3725 ος¹.
570 3650 679 3708 Οὔκ
711 3649 854 3722 αὖτῷ
887 3647 940 3704 δὲ
972 3649 1158 3722 μόνον,
1189 3647 1327 3705 ἀλλά
1372 3650 1455 3704 καὶ
1492 3646 1674 3714 ἄλλοις
1709 3651 1736 3704 6
1769 3648 1960 3726 μέγας,

315 3739 544 3802 πολλοῖς
587 3739 684 3814 μὲν
717 3739 768 3794 ἐν
801 3737 942 3815 πλῷ,
976 3738 1203 3800 πολλοῖς
1237 3737 1291 3794 δὲ
1341 3739 1394 3793 ἐν
1425 3736 1554 3812 ὁδῷ,
1589 3741 1678 3795 καὶ
1720 3751 1836 3800 τοῖς
1867 3738 1966 3812 μὲν

317 3829 694 3908 τραχυνομένῃ
737 3826 978 3904 θαλάσσῃ
1024 3829 1113 3884 καί
1162 3828 1476 3902 πνὲυμάτων
1519 3828 1606 3903 βίά
1659 3825 1964 3904 παλαίουσι,

320 3933 440 3982 τοῖς
471 3917 525 3974 δὲ
569 3918 666 3973 καί
724 3917 981 3992 στόμασίν
1042 3918 1234 3994 ἀγρίων
1271 3917 1558 3992 ἐμπεσοῦσι
1617 3919 1814 3993 θηρῶν,
1847 3928 1965 3978 τοῖς

321 4008 421 4084 μὲι
451 4005 506 4064 ἐν
538 4007 710 4087 ὕπνῳ,
744 4022 859 4068 τοῖς
891 4005 943 4062 δὲ
1001 4006 1097 4062 καί
1127 4006 1217 4062 ὑπ’
1249 4007 1547 4086 ὀφθαλμοῖς
1591 4007 1829 4078 ἐπιστὰς,
1862 4011 1967 4060 τῶν

313 4095 566 4155 κινδύνων
611 4095 861 4162 ἐξείλετο.
910 4097 983 4154 Οὒ
1015 4096 1311 4174 ἀνθρώποις
1373 4095 1426 4152 δὲ
1474 4096 1636 4171 μόνον
1667 4094 1782 4160 ὀξὺς
1832 4093 1968 4151 οὕτω

314 4189 613 4257 παρίστατο
635 4187 855 4264 βοηθὸς,
894 4185 1029 4242 ἀλλὰ
1062 4185 1198 4244 πολὺ
1229 4187 1315 4242 καὶ
1337 4186 1392 4242 ἐν
1418 4199 1534 4250 τοῖς
1565 4184 1780 4262 ἀλόγοις
1812 4185 1967 4254 ζώοις

319 4279 421 4346 τῆς
465 4274 760 4356 φιλαγᾶθου
818 4277 1014 4342 ταύτης
1075 4280 1261 4355 ψυχῆς
1294 4277 1355 4332 τὸ
1409 4275 1697 4356 φιλάγαθον
1753 4273 1968 4348 ἕτοιμον

2049 3208 2258 3280 pectus
2310 3198 2598 3260 terribilis
2629 3209 2686 3260 et
2739 3199 3142 3262 intolerabilis
3191 3200 3470 3274 inimicis,
3508 3202 3692 3262 vehe-

2052 3291 2233 3349 menti
2286 3297 2516 3350 terrore
2571 3288 2850 3350 omnibus
2883 3288 3104 3370 injecto
3149 3291 3476 3363 efficerem,
3511 3298 3574 3352 ut
3629 3309 3696 3352 se

2048 3379 2424 3456 conjicerent
2468 3379 2525 3439 in
2560 3378 2762 3458 pedes,
2801 3387 2860 3441 et
2911 3389 3140 3460 turpem
3178 3380 3374 3456 fugam
3423 3379 3697 3442 lubenter

2049 3467 2366 3545 eligerent.
2400 3467 2468 3528 Et
2505 3469 2626 3528 haec
2679 3469 2919 3548 quidem
2956 3470 3081 3544 ille,
3112 3469 3211 3550 qui
3257 3470 3429 3531 etiam
3481 3471 3696 3549 dignus

2049 3565 2138 3617 est
2167 3558 2405 3618 habitus
2438 3557 2636 3617 divina
2677 3558 2786 3619 hac
2817 3561 3213 3639 apparitione.

2134 3646 2230 3709 76.
2282 3645 2409 3706 Non
2446 3647 2517 3707 ad
2571 3646 2734 3708 illam
2769 3657 2970 3708 antem
3022 3649 3236 3723 solum,
3269 3650 3376 3710 sed
3409 3650 3584 3711 etiam
3622 3649 3694 3710 ad

2048 3735 2197 3796 alios
2229 3753 2475 3812 magnus
2501 3735 2976 3814 Theodosius,ad
3013 3737 3229 3796 multos
3262 3737 3504 3799 buidem
3539 3738 3700 3798 inter

2050 3823 2467 3900 navigandum,
2495 3824 2564 3883 ad
2596 3825 2810 3884 multos
2833 3834 3024 3885 autem
3051 3824 3110 3884 in
3142 3825 3416 3885 faciendo
3451 3825 3694 3899 itinere,

2053 3914 2198 3975 etad
2229 3913 2376 3974 alios
2399 3913 2662 3992 quidem,
2690 3918 2784 3992 qui
2821 3932 2952 3974 cum
2974 3914 3190 3973 furenti
3214 3915 3362 3974 mari
3396 3922 3453 3974 et
3477 3915 3696 3973 viven-

2053 4014 2243 4065 torum
2300 4001 2796 4073 colluctabantur,
2831 4002 2901 4063 ad
2934 4003 3080 4063 alios
3111 4011 3310 4064 autem
3344 4001 3442 4081 qui
3475 4002 3533 4061 in
3595 4019 3700 4063 ora

2050 4094 2309 4154 ferarum
2345 4091 2771 4163 inciderant,et
2801 4092 2872 4153 ad
2907 4092 3055 4153 alios
3077 4092 3320 4172 quidem
3355 4091 3415 4152 in
3445 4092 3694 4164 somnis,

2051 4182 2120 4242 ad
2183 4181 2331 4241 alios
2364 4190 2558 4241 autem
2621 4180 2960 4241 videntibus
3006 4199 3212 4242 revera
3244 4199 3449 4242 eorum
3511 4179 3702 4241 oculis

2050 4271 2369 4345 accedens,
2407 4270 2681 4332 liberavit
2737 4289 2769 4331 a
2819 4270 3125 4350 periculis.
3180 4269 3308 4331 Non
3360 4268 3704 4331 hominibus

313 4364 588 4431 ὑποδεῖξαι
634 4372 709 4440 τῷ
766 4365 935 4444 λόγῳ.
1001 4357 1302 4444 Ὀδοιπόφῳ
1347 4367 1446 4444 γάρ
1503 4386 1635 4420 ποτε
1695 4363 1817 4421 ὄνον
1862 4363 1957 4418 ἒπ-

2049 4375 2253 4422 ειιιιθιη
2289 4361 2482 4422 solum
2512 4360 2658 4421 adeo
2691 4369 3002 4439 promptus
3034 4361 3148 4422 fuit
3178 4360 3440 4439 adjutor,
3466 4359 3568 4419 sed
3597 4359 3705 4420 bo-

313 4455 566 4534 αγομένῳ
606 4454 741 4510 λέων
801 4464 1030 4522 συνήντα
1086 4455 1300 4531 πικρὸς,
1359 4455 1416 4515 ὃς
1479 4460 1568 4510 τοῦ
1642 4453 1740 4529 μέν
1800 4450 1957 4508 ὁδίτοι

2053 4466 2141 4509 nte
2167 4449 2345 4528 hujus
2376 4467 2614 4530 quoque
2637 4448 2851 4509 animm
2877 4449 3304 4528 benignitatem
3327 4448 3416 4509 vel
3450 4447 3508 4507 in
3533 4445 3702 4510 bruta

313 4545 534 4621 ἠμέλει,
582 4545 712 4621 πρὸς
765 4543 820 4600 δὲ
850 4546 942 4600 τὸν
985 4545 1104 4600 ὄνον
1136 4546 1306 4618 ὁρμῆς
1353 4541 1678 4618 ἐπίμπλατο.
1716 4543 1814 4599 Τὸν
1845 4548 1957 4618 γοῦν

2052 4539 2400 4615 animantia,
2441 4547 2638 4617 parata
2695 4547 2783 4598 est
2835 4538 3160 4599 ostendere
3211 4537 3422 4598 oratio.
3476 4537 3700 4596 Viatori

317 4632 619 4711 ὁδοιπόρον,
667 4634 762 4689 οἶα
794 4634 945 4714 φίλον
977 4636 1032 4689 ἓν
1081 4645 1199 4695 τοῖς
1230 4633 1355 4709 παρ’
1386 4631 1570 4688 ἐλπίδα
1601 4630 1818 4702 δεινοῖς,
1867 4652 1957 4685 κα·

2051 4629 2212 4688 enim
2267 4629 2586 4707 aliquando
2622 4627 2855 4687 asinum
2889 4627 3217 4688 deducenti
3249 4643 3438 4687 szevus
3469 4626 3561 4685 leo
3594 4644 3700 4686 oc-

317 4720 582 4789 τάπληξις
641 4722 842 4802 ἐπέσχε
902 4724 991 4778 καὶ
1020 4723 1157 4784 o‘éog'
1213 4725 1246 4789 ἡ
1279 4724 1370 4778 τοῦ
1415 4728 1596 4800 καιροῦ
1648 4719 1702 4776 δὲ
1755 4719 1957 4785 ὀξότιτ,ς

2049 4718 2260 4792 currit,
2294 4717 2394 4796 qui
2429 4716 2712 4776 viatorem
2746 4716 2986 4795 quidem
3045 4717 3327 4794 neglexit,
3365 4718 3422 4775 in
3465 4715 3699 4775 asinum

314 4815 372 4868 ἓν
417 4813 699 4892 φάρμακον
755 4814 829 4875 είς
890 4813 1162 4888 βοήθειαν,
1223 4815 1315 4869 του
1370 4812 1517 4888 ἁγίου
1578 4808 1746 4884 όνόμα
1818 4832 1957 4885 παρ-

2047 4817 2244 4875 autem
2267 4806 2462 4865 irruit.
2494 4808 2684 4886 Atque
2714 4807 2995 4868 viatorem
3030 4806 3373 4884 quidem,ut
3396 4804 3611 4866 accidit
3635 4805 3703 4864 iis

317 4903 482 4981 ἑσχεν
542 4902 736 4978 εὑρεῖν⁹
803 4901 934 4980 ὅπερ
992 4902 1254 4972 εἰπόντος,
1315 4901 1648 4979 παράχρῆμα
1693 4899 1721 4953 ὅ
1773 4921 1829 4954 τε
1874 4907 1957 4956 τοῦ

2049 4895 2222 4956 malis
2273 4913 2404 4974 quae
2437 4903 2651 4975 praeter
2683 4913 2848 4975 spem
2903 4895 3208 4971 eveniunt,
3246 4904 3452 4974 stupor
3487 4893 3698 4954 invasit

315 4992 502 5068 θηρίου
575 4991 738 5066 θυμὸς
798 4989 962 5069 ἔληγε
1029 4992 1112 5046 καὶ
1187 4991 1240 5045 νὸ
1299 4990 1552 5067 ῥαγδαῖον
1609 4988 1797 5045 ἵστατο
1861 4993 1957 5054 τῆς

2047 4995 2104 5047 et
2153 4992 2402 5056 metus;
2457 4985 2747 5064 temporis
2792 4993 2988 5046 autem
3045 4985 3323 5044 velocitas
3383 4982 3605 5056 effecit,
3639 4999 3702 5049 ut

317 5081 512 5158 ὁρμῆς.
2037 5092 2221 5136 unum
2252 5073 2442 5134 solum
2477 5071 2770 5133 inveniret
2828 5072 3332 5134 medicamentum
3367 5069 3438 5130 ad
3474 5072 3682 5158 feren-

317 5168 454 5230 dam
489 5185 687 5248 opem,
723 5186 942 5250 nempe
985 5185 1202 5230 nomen
1236 5167 1424 5229 sancti
1457 5165 1806 5228 Theodosii.
1862 5165 2030 5238 Quod
2064 5163 2308 5245 quidem
2345 5181 2477 5224 cum
2512 5161 2784 5242 dixisset,
2819 5163 3013 5222 statim
3051 5160 3301 5222 cessavit
3331 5167 3384 5220 et
3417 5159 3504 5220 ira
3534 5157 3698 5231 ferae,

320 5267 378 5320 et
407 5275 726 5338 repressus
752 5268 842 5320 est
872 5258 1199 5319 vehemens
1229 5260 1358 5336 ejus
1389 5261 1671 5347 ἱωρειὶιε.
1819 5346 1824 5347 ί
2246 5345 2264 5347 _
2677 5341 2714 5347 ,,
2789 5341 2804 5347 _
2848 5341 2860 5347 ,
2912 5341 2924 5347 _
3005 5340 3025 5347 _
3562 5335 3574 5347 .

401 5347 511 5419 οζ¹,
545 5349 678 5417 οἶος
709 5346 762 5404 δὲ
793 5349 881 5404 καὶ
930 5353 1057 5424 περὶ
1089 5348 1189 5415 τὴν
1228 5354 1333 5404 τῶν
1378 5346 1681 5421 μελλόντων
1726 5346 1957 5424 πρόγνω-

2131 5345 2363 5407 'lTJam
2393 5361 2531 5404 vero
2557 5341 2753 5422 qualis
2783 5341 2890 5402 fuit
2912 5341 2970 5401 in
3000 5340 3335 5401 futurorum
3365 5340 3698 5424 praescien-

321 5459 405 5493 σιν
447 5437 536 5503 ἦν.
576 5446 672 5493 Δεῖ
704 5438 804 5515 γὰρ
833 5435 902 5493 δι’
950 5436 1142 5514 ὀλίγων
1173 5438 1236 5493 τὰ
1266 5435 1474 5493 ἐκεῖνου
1506 5437 1682 5493 πάντα
1710 5433 1957 5491 δεικνύειν

2048 5433 2128 5494 tia
2150 5433 2180 5493 ?
2225 5431 2472 5512 Opprtet
2505 5433 2661 5492 enim
2714 5429 2919 5510 paucis
2949 5445 3317 5509 quaecunque
3353 5431 3515 5515 sunt
3543 5423 3702 5515 illius

320 5527 500 5603 ὥσπερ
554 5527 608 5582 ἐν
664 5528 945 5604 γεύμασιν,
1010 5526 1100 5582 ἵνα
1159 5524 1253 5580 καί
1297 5524 1460 5592 δῆλον
1522 5525 1720 5581 ἕπασιν
1777 5525 1838 5598 ἦ,
1885 5524 1957 5579 ὅτι

2049 5522 2394 5590 ostendere,
2423 5530 2481 5580 et
2513 5523 2690 5582 veluti
2723 5539 2929 5582 eorum
2963 5525 3197 5596 gustum
3224 5513 3704 5604 praebere,u‘thsit

319 5601 500 5696 ὥσπερ
530 5613 738 5680 οὒδενὸς
791 5639 896 5685 των
927 5615 1374 5696 κατορθωμάτων,
1409 5615 1545 5674 οὕτω
1574 5612 1665 5696 ⁸,δη
1727 5618 1813 5670 καὶ
1860 5616 1957 5670 τῶι

2050 5611 2228 5676 etiam
2256 5610 2634 5676 manifestum
2661 5605 3129 5694 omnibus,quod
3151 5603 3453 5687 quomodo
3478 5601 3704 5672 nullius
