4072 6206
451 299 570 371 543

1749 309 2030 373 MENSIS
2066 306 2522 378 JANUARIUS.

3708 324 3816 395 544

451 459 524 505 ex
555 441 653 518 iis,
680 460 812 525 quas
841 461 910 506 ex
933 442 1146 507 virtute
1174 443 1485 523 geruntur,
1511 441 1593 504 ita
1615 459 1727 504 nec
1758 442 2061 508 charisma

2148 449 2526 544 ,χαρισμάτων
2585 452 2809 534 ἄμοιρος
2839 455 2931 531 ἧν,
2965 457 3287 538 Προστάττει
3318 461 3446 520 ποτὲ
3476 463 3621 544 παρᾶ
3648 467 3708 525 τδ
3751 470 3823 525 εἰ·

453 538 576 594 tum
609 551 716 596 seu
745 533 1138 613 gratuitorum
1181 533 1476 594 donorum
1505 531 1614 592 fuit
1645 548 1882 613 expers.
1919 535 2103 596 Jussit

451 620 772 704 aliquando
833 632 892 684 ut
943 631 1157 702 praeter
1209 620 1445 682 solitam
1501 620 1707 682 horam
1765 620 2103 701 pulsaretur

453 711 706 792 lignum;
739 711 1004 773 nondum
1039 710 1198 771 enim
1232 717 1358 772 erat
1387 710 1538 772 hora
1567 710 1830 772 secunda
1860 712 2004 775 diei:
2039 720 2102 776 et

451 801 756 880 prmcepit,
793 808 858 861 ut
910 799 1196 862 fratribus
1252 799 1617 878 signiﬁcaret
1660 800 1948 880 synaxim.
2005 801 2098 864 Illi

448 897 645 952 autem
673 898 1081 950 convenerunt
1103 889 1346 967 quidem
1376 889 1596 972 (neque
1627 890 1788 951 enim
1819 900 2096 971 poterant

447 977 877 1054 contradicere,
916 987 979 1042 ut
1011 979 1110 1060 qui
1145 980 1368 1059 optime
1413 979 1765 1042 didicissent
1798 979 2093 1043 obedien-

449 1069 625 1144 tiam),
665 1087 797 1130 cum
856 1075 1052 1130 autem
1115 1068 1364 1130 fuissent
1412 1076 1777 1149 congregati,
1810 1069 2093 1151 rogabant

445 1173 688 1220 curnam
711 1157 1134 1220 convenissent
1163 1167 1303 1220 ante
1328 1158 1704 1239 tempus.Ille
1729 1177 1866 1220 vero
1894 1165 1950 1238 (ο
1981 1179 2090 1241 pu-

440 1264 567 1308 ram
613 1246 913 1309 animam!
967 1267 1000 1308 ο
1034 1248 1240 1310 oculos
1293 1249 1496 1328 procul
1530 1251 1693 1310 omni
1742 1250 2082 1330 cernentes)

440 1335 723 1399 ﬂebiliter
771 1337 983 1416 lugens
1015 1347 1074 1400 et
1108 1337 1530 1400 miserabiliter
1563 1355 1576 1398 :
1628 1337 1930 1400 Orandum
1967 1351 2079 1415 est,

439 1427 700 1508 inquit,o
718 1427 1247 1502 Patres,orandum
1276 1427 1585 1490 est.Video
1618 1428 1774 1490 enim
1803 1429 1949 1490 iram
1972 1428 2086 1491 Do-

439 1517 611 1591 mini,
640 1535 769 1598 quaa
793 1518 918 1596 jam
955 1526 1229 1578 movetur
1259 1517 1543 1580 adversus
1581 1518 1908 1581 Orientem.
1948 1517 2086 1580 Ilaec

435 1605 538 1667 ille
590 1605 834 1685 quidem
869 1607 1039 1669 dixit.
1075 1607 1161 1670 illi
1195 1616 1390 1668 autem
1427 1618 1562 1670 tunc
1595 1608 1836 1688 quidem
1888 1626 2087 1686 neque

433 1695 716 1757 videbant
746 1695 1196 1776 aliquid,neque
1225 1715 1337 1758 una
1366 1716 1499 1758 cum
1525 1715 1595 1758 eo
1619 1698 1885 1758 dolorem
1919 1698 2082 1758 acci-

2183 540 2426 639 θισμὲνον
2469 541 2533 639 δὴ
2563 551 2656 602 τοῦ
2673 555 2882 639 ⁸,καιροῦ
2910 547 2971 639 τὸ
3026 546 3178 639 ξύλον
3205 552 3500 628 κρούεσθαι’
3535 540 3674 635 ώρας
3723 560 3820 639 γὰρ

2183 627 2615 727 ούπωδευτέρας
2673 634 2864 727 ἔψαυεν
2918 638 2952 705 ἡ
3009 638 3206 727 ἡμέρα,
3245 627 3344 698 καὶ
3400 644 3519 706 τοῖς
3575 627 3820 727 ἁδελφὶπξ

2181 719 2463 813 σημαίνειν
2496 725 2779 803 παρηγγύά
2809 725 2909 792 τὴν
2939 719 3199 794 σύναξισξ
3223 731 3283 788 Οἱ
3315 728 3369 787 δὲ
3396 719 3822 813 ἠθροίζοντομὲν

2186 806 2327 898 (οὐδὲ
2385 811 2484 890 γὰρ
2523 815 2686 892 εἶχον
2736 813 3058 897 ἀντιλέγειν,
3088 817 3276 898 ἄριστα
3319 806 3690 891 παιδευθέντες
3726 806 3820 884 61r-

2182 897 2377 996 ακοὴν)
2405 899 2770 996 ἀθροισθέντας
2800 901 2854 960 δὲ
2885 905 2981 974 τὴν
3012 909 3176 996 αἰτίον
3220 908 3570 971 ἐπυνθάνοντο
3599 920 3695 983 τῆς
3724 918 3821 996 πρὸ

2180 994 2273 1043 του
2313 995 2497 1062 γαιροῦ
2527 989 2904 1056 συνελεύσεωςο
2958 995 3044 1050 καὶ
3076 994 3282 1063 ἐκεῖνος
3329 997 3397 1079 (ὢ
3425 1005 3613 1081 ψυχῆς
3669 989 3821 1063 καθα-

2179 1081 2301 1172 ριῖιςἱ
2328 1076 2373 1133 ὢ
2416 1079 2588 1172 πάντα
2615 1079 2925 1172 βλεπόντων
2971 1082 3232 1162 πόῤῥωθεν
3275 1076 3621 1169 ὀφθαλμιῗίνο)
3671 1114 3817 1172 περι-

2171 1165 2330 1265 παθὲς
2371 1169 2538 1265 τιμαὶ
2584 1168 2858 1227 οἴκτιστον
2888 1171 3212 1247 ἀνοιμώξαςο
3252 1165 3530 1256 Εὗξασθαι,
3565 1165 3812 1265 Πατέρες,

2170 1253 2295 1347 seu.
2371 1255 2609 1347 εὔξασθαι
2641 1338 2655 1347 .
2681 1261 2815 1337 χρή’
2881 1263 3017 1340 ὀργὴ
3092 1265 3192 1342 γὰρ
3238 1268 3428 1345 Κυρίου
3499 1253 3814 1347 κινουμένην

2167 1341 2270 1439 ἤδη
2325 1345 2459 1439 κατὰ
2489 1351 2605 1439 τῇςΔ
2641 1338 2812 1439 ’ξῴας
2839 1438 2842 1439 ν
2869 1338 2998 1430 ὁρῶ.
3063 1338 3235 1411 Ταῦ-τα
3285 1338 3328 1412 6-
3356 1357 3454 1432 μὲν
3487 1356 3614 1439 ἔφη.
3651 1338 3706 1417 ὀί
3759 1338 3811 1419 δὲ

2165 1432 2286 1489 τότε
2341 1434 2442 1526 μὲν
2497 1433 2605 1526 οὔτ’
2647 1435 2738 1526 -ἕτι
2784 1438 2963 1517 ἐώρων
3007 1439 3125 1498 οὔτε
3197 1432 3540 1521 συνήλγουνδ
3580 1449 3694 1506 ἐπεὶ
3735 1453 3808 1526 μὴ

2166 1535 2280 1615 τοῖς
2340 1521 2480 1588 ἴσοις
2511 1523 2808 1615 ὀφθαλμοῖς
2866 1525 3112 1590 ἔϐλεπον.
3147 1531 3353 1599 Ἕκτην
3396 1533 3451 1591 δὲ
3482 1536 3518 1605 ἢ
3578 1521 3809 1615 ἑϐδόμην

2164 1610 2365 1703 ἡμέραν
2423 1613 2556 1686 μετὰ
2625 1615 2721 1682 τὴν
2780 1615 3094 1694 πρὸῤῥησιν,
3155 1623 3546 1703 κατεστράφθαι
3613 1610 3808 1702 δεισμῷ

2166 1702 2387 1779 μεγάλῳ
2415 1703 2514 1768 τὴν
2559 1703 2904 1783 Ἀντιοχείων
2948 1707 3173 1774 ἠκούετο
3224 1709 3382 1766 πόλιν
3426 1702 3545 1768 κατ’
3603 1713 3807 1772 ἐκεῖνον

433 1784 675 1882 piebant
715 1805 728 1846 :
765 1784 1044 1882 quoniam
1082 1806 1203 1848 non
1229 1786 1715 1882 iisdem,quidem
1751 1786 2061 1882 ille,intue-

2166 1789 2233 1882 δὴ
2289 1792 2379 1882 τδν
2431 1792 2614 1868 καιρὸν
2671 1793 2788 1849 καθ’
2819 1794 2878 1849 ’ὃν
2937 1793 3038 1863 ἤδη
3083 1797 3180 1854 καῖ
3237 1813 3518 1878 προεῖπειν
3562 1805 3591 1860 6
3641 1803 3806 1882 μέγας

433 1873 650 1936 bantur
681 1875 893 1938 oculis.
917 1877 1094 1937 Sexto
1128 1886 1327 1938 autem
1358 1885 1458 1937 aut
1490 1876 1746 1955 septimo
1779 1875 2072 1956 die,post-

429 1983 604 2045 quam
658 1965 1036 2045 praedixerat,
1075 1966 1343 2027 auditum
1389 1975 1479 2026 est
1529 1964 1904 2028 Antiochiam
1940 1963 2070 2044 (46)

432 2052 614 2116 fuisse
646 2072 859 2131 magno
911 2064 1083 2116 terra:
1117 2063 1276 2115 motu
1312 2072 1602 2128 eversam,
1639 2054 1738 2115 illo
1775 2062 2069 2134 tempore,

422 2162 538 2224 quo
587 2144 709 2222 jam
746 2144 1101 2224 praedixerat
1151 2144 1253 2206 ille
1286 2163 1576 2224 magnus;
1634 2151 1836 2221 totque
1887 2162 2070 2205 orna-

421 2243 644 2307 menta,
681 2242 1024 2315 tantamque
1076 2234 1368 2296 cecidisse
1399 2233 1663 2313 spt-ciem
1711 2242 1769 2294 et
1801 2232 2070 2313 pulchri-

421 2321 714 2398 tudinem,
749 2331 810 2386 et
860 2323 919 2384 in
953 2323 1127 2384 vitem
1179 2325 1478 2405 pulverem
1511 2323 1816 2386 redactam
1870 2323 2070 2402 iacere

417 2413 711 2474 civitatem
742 2434 755 2476 :
809 2432 940 2494 quae
969 2431 1166 2490 neque
1225 2423 1381 2475 tanto
1412 2431 1551 2474 casu
1585 2413 1795 2490 dignas
1849 2429 2064 2472 conse-

415 2509 551 2564 cuta
609 2510 700 2564 est
731 2502 1040 2583 lacrymas,
1076 2522 1274 2580 neque
1332 2503 1579 2578 luctum,
1615 2502 1718 2579 qui
1779 2519 2064 2582 exmqua-

2159 1881 2245 1938 καὶ
2287 1881 2512 1954 κόσμον,
2561 1882 2645 1937 καὶ
2703 1883 2866 1959 ὥραν,
2904 1886 2990 1941 καί
3052 1885 3228 1954 κάλλη
3286 1892 3518 1948 τοσαῦτα
3573 1881 3810 1950 καταπε-

2157 1982 2295 2044 σεϊν,
2347 1971 2435 2025 καὶ
2494 1968 2638 2026 κόνιν
2681 1968 2866 2045 ἄτιμον
2917 1978 3128 2032 κεῖσθαι
3172 1977 3272 2045 τὴν
3303 1977 3485 2052 πόλιν,
3537 1979 3678 2056 μηδὲ
3720 1980 3810 2039 δα-

2155 2059 2326 2136 κρύων
2371 2061 2690 2136 εὐποροῦσαν
2746 2061 2838 2118 τοῦ
2899 2063 3096 2128 πάθους
3156 2064 3340 2146 ἀξίων,
3391 2067 3534 2142 μηδὲ
3587 2070 3806 2136 πένθους

2154 2147 2430 2237 ἶσουμενου
2486 2153 2554 2224 τῇ
2606 2155 2870 2230 συμφορῇ.
2910 2154 3005 2210 Καὶ
3048 2154 3114 2210 τὰ
3168 2155 3268 2230 μὲν
3299 2161 3396 2224 τῆς
3451 2160 3804 2237 προγνώσεως

2159 2241 2236 2325 τῷ
2302 2235 2443 2311 ἀνδρὶ
2514 2237 2679 2302 οὕτως
2751 2239 2892 2320 ἔχει⁹
2967 2243 3033 2299 τὰ
3093 2241 3149 2300 δὲ
3207 2250 3314 2302 τῶν
3373 2235 3802 2325 κᾶτορθωμάτων

2152 2323 2328 2468 Ξτολλὰ
2383 2325 2480 2401 μὲν
2549 2329 2634 2384 καὶ
2703 2331 2822 2408 περὶ
2891 2330 3107 2390 πολλῶν
3138 2335 3166 2391 6
3207 2333 3368 2413 λόγος
3419 2323 3634 2418 φθάσας.
3677 2337 3797 2410 ἐδή-

2187 2435 2315 2468 ωσε-

2187 2435 2316 2476 ωσε,

413 2599 579 2652 retur
609 2591 950 2685 calamitati.
983 2593 1174 2685 Atque
1206 2593 1338 2685 talis
1368 2593 1609 2675 quidem
1643 2591 1753 2654 fuit
1781 2591 1912 2672 ejus
1957 2589 2349 2672 praescientia.
2385 2590 2505 2656 Res
2535 2600 2731 2657 autem
2765 2596 2983 2660 multas
3013 2601 3309 2681 praeclare
3337 2601 3411 2666 ab
3466 2622 3543 2668 eo
3572 2612 3788 2685 gestas,

413 2681 762 2765 praecedens
795 2682 1056 2745 ostendit
1085 2683 1295 2746 oratio.

1871 2785 2106 2846 CAPUT
2135 2786 2331 2846 XVIII.

1393 2898 1550 2981 Ejus
1580 2900 1646 2961 in
1673 2903 1982 2962 senectute
2012 2902 2067 2957 et
2096 2893 2311 2960 ultimo
2343 2899 2550 2964 morbo
2581 2904 2804 2969 virtus.

478 3059 832 3141 78.0portet
853 3067 1053 3151 autem
1087 3061 1200 3122 hoc
1225 3078 1459 3142 quoque
1482 3060 1707 3123 addere
1740 3068 1796 3122 et
1827 3059 2061 3140 perspi-

2240 3051 2351 3129 οη’.
2405 3072 2504 3120 Δετ
2559 3064 2613 3122 δὲ
2672 3068 2758 3123 καὶ
2817 3075 2979 3125 ταῦτα
3037 3072 3343 3148 προσθεῖναι
3399 3071 3486 3128 καὶ
3548 3073 3787 3151 γνωρίσαι

411 3168 524 3213 cue
542 3149 948 3232 exponere,ad
970 3159 1254 3232 quantam
1293 3151 1650 3214 humilitatis
1681 3151 2056 3212 altitudinem

413 3239 1245 3320 pervenerit.Contendebant
1275 3248 1330 3302 et
1354 3241 1775 3320 depugnabant
1806 3240 1962 3301 inter
1995 3259 2060 3303 se

407 3329 724 3412 aliquando
755 3330 872 3392 duo
913 3349 982 3392 ex
1016 3329 1320 3392 fratribus.
1346 3331 1402 3392 Is
1429 3338 1627 3392 autem
1661 3329 1973 3409 suadebat,
1996 3338 2058 3391 ut

409 3427 841 3501 componerent
889 3419 1234 3494 inimicitas,
1273 3427 1332 3482 et
1383 3419 1586 3482 odium
1619 3429 2059 3482 con-mutarent

404 3509 830 3592 amicitia,quze
851 3511 1028 3573 decet
1049 3529 1286 3572 omnetn
1311 3508 1933 3590 Christianum,multo
1955 3529 2057 3571 au-

405 3609 523 3663 tem
561 3603 750 3680 magis
783 3601 1130 3664 monachos.
1157 3600 1450 3674 Quoniam
1477 3611 1672 3663 autem
1703 3601 1911 3662 dicens
1933 3619 2052 3661 non

407 3690 829 3770 persuadebat,
864 3691 1102 3754 videbat
1131 3699 1328 3754 autem
1363 3691 1602 3754 illorum
1633 3708 1764 3752 esse.
1795 3691 2051 3771 majores

405 3780 782 3856 inimicitias,
809 3801 990 3863 quam
1021 3790 1084 3844 ut
1109 3783 1232 3845 suis
1262 3781 1460 3844 verbis
1491 3781 1709 3862 placari
1745 3789 1965 3861 posset,
1992 3781 2056 3840 ﬁt

403 3871 654 3951 supplex
681 3877 956 3954 protinus
985 3882 1187 3953 pastor
1205 3871 1715 3948 ovium,magister
1734 3869 2058 3950 discipulo-

401 3977 560 4037 rum,
589 3969 759 4040 pater
792 3961 1077 4041 ﬁliorum;
1111 3971 1166 4022 et
1195 3961 1438 4024 illorum
1464 3959 1685 4020 bonum
1720 3956 2057 4039 postulabat

397 4055 549 4130 ipse,
584 4057 862 4130 tanquam
919 4052 1227 4131 proprium
1281 4049 1668 4112 beneﬁcium:
1723 4064 2054 4126 eorumque

399 4136 674 4198 morbum
709 4149 766 4200 et
823 4141 1036 4201 vulnus
1069 4140 1344 4202 medicus
1395 4138 1642 4216 rogabat
1671 4146 1732 4198 ut
1781 4144 2043 4200 sanaret.

398 4225 666 4305 Bogabat
697 4235 895 4290 autem
934 4247 1050 4289 non
1085 4228 1314 4301 leviter,
1350 4247 1460 4290 nec
1492 4227 1903 4306 contemptim,
1939 4226 2044 4287 sed

399 4334 765 4399 magnopere
796 4327 854 4380 et
886 4318 1298 4392 vehementer,
1334 4317 1438 4380 sed
1475 4336 1745 4396 maguam
1779 4317 2047 4378 modera-

397 4405 618 4469 tionem
646 4408 903 4470 afl'erens
926 4417 985 4470 et
1008 4408 1432 4472 humilitatem.
1457 4411 1533 4472 Se
1555 4407 1714 4468 enitn
1745 4406 1915 4469 humi
1937 4406 2045 4467 de-

385 4496 608 4576 jiciens
659 4498 925 4580 jacebat,
959 4507 1164 4578 aperta
1195 4497 1390 4577 ﬁgura
1427 4497 1778 4560 humilitatis
1811 4497 2044 4559 mollire

394 4604 459 4648 se
519 4588 778 4651 credens
826 4588 1108 4652 duritiem
1169 4588 1616 4651 inimicitiarum
1659 4607 1673 4648 :
1738 4606 1847 4650 nec
1883 4589 2044 4667 prius

395 4677 626 4739 destitit
677 4697 910 4758 rogare,
961 4697 1138 4760 quam
1189 4697 1397 4740 eorum
1452 4677 1755 4748 mollierit,
1805 4685 1863 4738 et
1912 4695 2038 4752 eos,

403 4768 504 4850 qui
533 4785 568 4830 a
595 4786 660 4831 se
691 4769 946 4832 invicem
971 4769 1126 4831 male
1157 4776 1328 4830 erant
1359 4767 1557 4843 divisi,
1593 4767 1875 4830 amicitias
1905 4767 2040 4828 vin-

390 4858 544 4921 culis
572 4857 892 4938 colligarit.

469 4947 917 5028 79.8egregavit
934 4946 1196 5028 aliquem
1220 4965 1291 5012 ex
1313 4947 1630 5022 fratribus,
1647 4949 1810 5029 juste
1841 4965 1905 5008 se
1929 4965 2038 5027 ge-

386 5055 694 5112 rens,cum
713 5038 877 5118 justo
910 5036 1147 5101 scilicet
1178 5042 1500 5118 conjuncta
1527 5035 2040 5102 clementiazvide-

389 5127 490 5191 bat
511 5128 672 5190 enim
697 5127 971 5190 morbum
991 5145 1169 5208 egere
1191 5129 1292 5191 tali
1317 5127 1878 5192 medicamento.llle
1899 5144 2038 5188 vero

388 5215 545 5279 bona
562 5217 733 5280 malis
754 5218 1334 5294 commutans,simul
1359 5226 1412 5280 et
1435 5219 1708 5281 ordinem
1735 5215 2034 5291 transiliit,

386 5314 446 5368 et
467 5306 743 5370 eamdem
766 5325 975 5370 rursus
997 5307 1196 5370 intulit
1218 5325 1451 5388 pmnam
1477 5306 1656 5388 ei,qui
1679 5306 1828 5369 nihil
1851 5305 2030 5369 habe-

458 5441 565 5510 (ιϐ)
595 5438 846 5512 contigit
899 5439 996 5512 hic
1024 5447 1400 5512 terrmmotus,
1433 5440 1749 5498 indictione
1779 5451 1854 5502 tv.
1892 5439 2031 5512 Oly-

387 5511 505 5566 mio
563 5511 687 5568 solo
744 5511 1004 5577 consule,
1039 5519 1102 5569 ut
1139 5511 1308 5569 habet
1369 5512 1734 5570 Marcellinus
1781 5525 1859 5571 IV.
1899 5511 2025 5570 Kal.

386 5581 548 5655 Juni,
573 5581 665 5655 die
719 5581 1141 5655 Venerisganno
1182 5583 1425 5655 septimo
1463 5591 1519 5644 et
1564 5598 1762 5643 mense
1801 5585 2026 5642 decimo

385 5651 551 5724 regni
587 5651 819 5720 Justini,
855 5661 919 5714 ut
953 5651 1305 5728 Evagrius't.
1363 5668 1441 5723 tr,
1475 5671 1526 5715 c.
1557 5656 1614 5730 5,
1642 5671 1770 5731 qua)
1832 5657 2028 5717 omnia

2145 3157 2347 3232 σαφῶς,
2395 3155 2467 3216 εἷς
2513 3155 2632 3212 οἷον
2689 3155 2821 3233 ὕψος
2881 3157 3088 3220 ἐκεῖνος
3139 3157 3328 3237 ἔφθασε
3381 3161 3785 3225 ταπεινώσεως⁶

2146 3240 2535 3315 Διεπλήκτιζον
2589 3243 2714 3303 τότε
2773 3248 2860 3303 καὶ
2892 3246 3166 3328 ἐμάχοντο
3211 3249 3340 3325 πρὸς
3376 3247 3648 3320 ἀλλήλους
3706 3250 3792 3308 δύο

2149 3336 2247 3386 τῶν
2300 3331 2562 3412 ἀδελφῶν·
2607 3337 2634 3390 6
2689 3333 2742 3390 δὲ
2801 3338 3028 3415 παρῄνει
3084 3335 3376 3394 καταλῦσαι
3413 3338 3512 3406 τὴν
3577 3339 3790 3420 ἕγθραν,

2142 3421 2228 3478 καὶ
2311 3421 2486 3502 φιλίαν
2571 3423 2891 3490 ἀλλάξασθαι
2972 3426 3181 3501 μίσους,
3255 3427 3412 3485 παντὶ
3498 3434 3794 3508 Χριστιανῷ

2140 3510 2471 3590 πρέπουσαν,
2508 3513 2694 3588 πολλῷ
2724 3513 2775 3570 δὲ
2809 3514 3014 3590 μᾶλλον
3047 3517 3134 3572 καὶ
3192 3529 3495 3596 μοναχοῖς.
3533 3517 3684 3576 Ἐπεὶ
3740 3514 3786 3572 δὲ

2137 3599 2310 3679 λέγων
2373 3603 2468 3660 οὒκ
2497 3602 2722 3679 ἔπειθεν⁹
2757 3603 2893 3661 ἀλλὰ
2918 3612 3022 3662 τῶν
3085 3605 3243 3665 αὐτοῦ
3273 3603 3448 3684 λόγων
3507 3605 3789 3686 ἰσχυροτὲ-

2136 3714 2229 3768 ραν
2301 3693 2400 3759 τὴν
2472 3691 2684 3750 ἐκείνων
2755 3694 3069 3774 ἀπέχθειαν,
3129 3695 3313 3763 ἱκέτης
3383 3696 3530 3759 εὐθὺς
3588 3697 3783 3773 γίνεται

2138 3783 2166 3836 ὁ
2224 3782 2425 3855 ποιμὴν
2468 3789 2573 3839 τῶν
2630 3785 2970 3861 θρεμμάτων,
3005 3786 3032 3840 ὁ
3077 3781 3388 3848 διδάσκαλος
3445 3790 3558 3840 τῶν
3608 3787 3784 3860 μαθη-

2135 3875 2266 3949 τῶν,
2313 3873 2340 3926 6
2399 3873 2576 3939 πατὴρ
2635 3878 2740 3930 τῶν
2799 3873 3021 3948 τέκνων,
3072 3875 3159 3930 καὶ
3215 3874 3277 3930 τὸ
3332 3873 3550 3930 ἐκείνων
3619 3872 3778 3932 καλὸν

2137 3959 2292 4024 αὐτὸς
2363 3962 2435 4022 ὡς
2492 3959 2621 4018 ἰδίαν
2680 3961 2979 4040 εὐεργεσίαν
3051 3963 3261 4039 ᾗνεῖτο,
3320 3963 3406 4020 καὶ
3466 3963 3568 4032 τὴν
3627 3964 3775 4020 νόσον

2137 4049 2308 4106 αὐτῶν
2387 4050 2474 4106 καὶ
2532 4052 2594 4107 τὸ
2650 4059 2820 4129 τρῠμα
2876 4054 2904 4108 6
2958 4053 3136 4132 ίατρὺς
3194 4052 3503 4130 θεραπεύειν
3578 4050 3770 4109 ἐδεῖτο.

2133 4137 2340 4198 Ἐδεϊτο
2398 4137 2452 4196 δὲ
2501 4141 2605 4221 οὑχ
2658 4139 2838 4203 ἆπλῶς
2900 4138 3008 4197 οὐδ’
3067 4140 3456 4215 ἠμελημένως,
3489 4139 3628 4198 ἀλλὰ
3685 4141 3769 4196 καὶ

2129 4227 2246 4284 λίαν
2300 4229 2536 4304 ἐκθύμως
2564 4229 2658 4285 καὶ
2703 4229 2839 4288 πολὺ
2876 4232 2936 4286 τὸ
2979 4229 3189 4306 μέτρων
3246 4229 3500 4310 εἰσφέρων
3533 4229 3629 4287 καί
3676 4251 3776 4285 τα-

2130 4317 2333 4374 πεινόν’
2413 4317 2727 4376 καταϐαλὼν
2778 4320 2877 4400 γὰρ
2935 4320 3120 4377 ἑαυτὸν
3177 4321 3253 4384 εἰς
3309 4318 3500 4400 ἔδαφος
3581 4318 3772 4392 ἔκειτο,

2131 4413 2206 4480 τῷ
2275 4421 2436 4488 σαφεῖ
2496 4413 2598 4475 τῆς
2654 4410 3027 4473 ταπεινώσεως
3072 4411 3344 4490 σχήματι,
3401 4406 3633 4484 μαλάξαι
3677 4429 3774 4464 πι-

2128 4499 2326 4555 στεύων
2385 4498 2578 4578 ἕχθρας
2642 4499 2972 4575 ἀντιτυπίαν,
3033 4501 3121 4558 καὶ
3167 4503 3226 4559 οὖ
3285 4500 3546 4578 πρότερον
3615 4498 3775 4566 ἀνῆκε

2127 4585 2367 4663 δόμενος,
2426 4587 2526 4650 ἕως
2575 4587 2805 4664 ἐμάλαξέ
2873 4611 2931 4646 τε
2986 4591 3073 4647 καὶ
3132 4592 3196 4647 τὸ
3251 4589 3406 4665 μίσος
3467 4591 3640 4647 αὐτῶν
3693 4585 3774 4643 δι-

2126 4676 2373 4758 ελύσατο,
2405 4679 2492 4734 καὶ
2534 4678 2656 4744 τοὺς
2685 4678 2864 4744 κακῶς
2908 4677 3158 4748 ἆλλῆλων
3189 4677 3547 4759 διῃρημένους
3599 4675 3770 4758 φιλίας

2125 4765 2346 4845 δεσμοῖς
2379 4792 2469 4826 συν
2477 4766 2689 4836 έδησον.

2204 4947 2312 5008 οϐ’.
2373 4945 2638 5028 Ἀφώρισέ
2679 4970 2798 5005 τινα
2851 4949 2959 5004 τῶν
3006 4943 3270 5028 ἀδελφῶν,
3304 4945 3480 5005 δίκαια
3543 4945 3698 5026 δρῶν,
3731 4944 3764 5012 ἢ

2123 5038 2260 5114 μετὰ
2289 5044 2378 5095 τοῦ
2435 5036 2633 5096 δικαίου
2663 5034 2867 5106 δηλαδὴ
2922 5038 3010 5095 καὶ
3039 5037 3406 5118 φιλάνθρωπ’
3470 5036 3612 5118 ἔώρα
3667 5035 3762 5113 γὰρ

2121 5128 2360 5186 τοιούτου
2430 5127 2710 5207 φαρμάκου
2783 5129 2881 5195 τὴν
2953 5117 3105 5184 νόσον
3174 5127 3509 5207 χρῄζουσαν,
3585 5117 3642 5184 Ὀ
3708 5121 3762 5179 δὲ

2122 5217 2291 5295 ἀγαθὰ
2344 5231 2536 5284 κακοῖς
2567 5215 2944 5294 ἀμειϐόμενος.
3007 5217 3105 5287 τήν
3153 5216 3211 5272 τέ
3259 5214 3404 5282 τάξιν
3433 5217 3568 5291 ὁμοῦ
3622 5233 3757 5290 παρ-

2115 5304 2311 5380 έϐαινε,
2374 5308 2462 5364 καὶ
2532 5308 2628 5376 τὴν
2701 5307 2867 5375 αὐτὴν
2929 5307 3240 5382 ἐπιτίμησιν
3303 5304 3389 5361 ἐπὶ
3459 5307 3534 5380 τῷ
3597 5299 3756 5381 μηδὲν

2113 5437 2171 5494 in
2223 5450 2439 5495 annum
2473 5436 2607 5495 Chr.
2664 5435 2772 5492 526
2803 5434 3085 5496 incidunt.
3119 5440 3179 5491 ut
3215 5431 3427 5490 mirum
3461 5431 3534 5489 sit
3585 5447 3614 5490 ε
3651 5429 3756 5486 Ba-

2114 5509 2280 5568 ronio
2311 5510 2381 5567 ad
2427 5522 2646 5566 annum
2694 5505 3102 5578 praecedentem
3158 5503 3364 5563 referri
3397 5519 3413 5562 :
3445 5503 3547 5578 sed
3597 5500 3752 5559 vide-

2113 5588 2206 5640 tur
2233 5581 2370 5639 anni
2401 5581 2630 5652 septimi
2659 5574 2918 5652 mensem
2947 5575 3236 5652 decimum
3271 5574 3587 5650 accepisse,
3620 5583 3748 5630 cum

2111 5656 2182 5715 sit
2215 5646 2485 5712 decimus
2502 5660 2630 5727 post
2659 5650 2966 5725 septimum
2999 5646 3324 5721 expletum.
