4090 6198
353 363 482 437 545

1351 360 1540 434 VITA
1583 361 1645 431 S.
1691 356 2100 432 THEODOSII
2143 355 2760 432 C(ENOBIARCHE.

3625 356 3743 428 546

357 505 552 586 ἔχοντι
608 505 903 584 παρόμοιον
961 503 1286 580 ἀντεπῆγεν,
1320 500 1502 581 ὥσπερ
1538 501 1591 557 εἴ
1648 523 1727 566 τις
1785 503 1852 558 τά
1907 501 2002 558 τῶν

2096 497 2196 560 bat
2219 497 2703 580 simile,perinde
2724 516 2794 560 ac
2816 495 2867 558 si
2889 497 3022 578 quis
3038 493 3281 586 juberet
3305 513 3488 586 sanos
3513 512 3583 558 ea
3602 495 3748 558 tole-

358 596 660 652 νοσούντων
718 595 965 665 ἀνοήτως
1020 592 1306 666 ὑπομένειν
1357 590 1629 670 ἐπιτρέπει
1670 591 1792 656 τοὺς
1843 592 2020 670 ὑγιαί-

357 703 576 750 νοντας·
633 683 772 742 ὥστε
828 682 989 752 δῆλον
1048 682 1193 739 εἶναι
1251 683 1343 739 τὸν
1413 680 1641 762 ἀδελφὸν
1699 683 1786 737 καί
1839 680 2020 758 ἑτέραν

358 774 522 832 νόσον
589 773 990 854 χαλεπωτάτην
1067 785 1272 848 νοσεῖν⁹
1346 772 1445 840 τὴν
1503 771 1904 846 ἀναισψυντίαν,
1962 775 2022 828 Τί

356 861 455 920 οὖν
507 863 535 919 6
590 862 758 941 μέγας
814 861 880 937 τῇ
939 861 1250 940 μετριότητι
1323 862 1409 918 καὶ
1480 865 1557 935 τῷ
1612 867 1849 935 ταπεινῷ
1904 859 2022 916 λίαν

355 949 576 1026 ὑψηλὸς
647 952 735 1007 ναὶ
792 951 1090 1030 οὖράνίοςς
1167 949 1383 1030 δέχεται
1453 950 1554 1016 τὴν
1610 949 1894 1024 ὶπιτιμὶαν
1945 951 2017 1012 ὡς

353 1039 547 1106 καλῶς
603 1041 922 1120 γενυμένην,
955 1041 1045 1096 καὶ
1087 1041 1162 1104 ὡς
1207 1039 1392 1119 χώραν
1429 1037 1515 1096 ἐπ’
1558 1040 1703 1114 αύτῷ
1760 1037 2014 1119 ἔχουσαν,

352 1130 456 1187 καί
523 1131 582 1186 οὗ
613 1130 869 1208 πρότερον
922 1135 1028 1186 τῶν
1070 1129 1222 1185 θείων
1282 1127 1639 1195 ἐκοινώνησεν
1684 1128 2014 1208 μυστηρίων,

351 1217 474 1282 ἕως
528 1220 682 1297 αὐτὸς
715 1221 742 1275 6
783 1217 978 1291 δήσας,
1011 1219 1170 1282 αὐτὸς
1215 1215 1314 1297 ἄρα
1343 1219 1432 1274 καὶ
1464 1218 1562 1286 τὴν
1606 1216 1754 1274 λύσιν
1801 1216 2016 1295 ἐπήγα-

351 1328 479 1386 γεν.
527 1295 621 1365 Ἠν
677 1309 777 1386 γὰρ
846 1307 1080 1374 Μωσέως
1136 1295 1411 1385 ἀντικρους
1469 1306 1742 1378 ζηλωτὴς,
1792 1305 2015 1386 φοϐερὸς

351 1398 462 1474 μὲν
520 1399 608 1454 καὶ
663 1397 1024 1473 ἀπαραίτητος
1083 1410 1201 1462 τοῖς
1260 1398 1618 1475 ἁμαρτάνουσι
1676 1399 1808 1474 πρὸς
1857 1399 2012 1472 Θεὸν,

354 1484 608 1552 ἱπιεικὴς
660 1484 713 1540 δὲ
745 1485 862 1542 λίαν
892 1495 980 1543 καί
1025 1485 1224 1564 ἥμερος
1255 1500 1375 1550 τοῖς
1419 1488 1550 1565 πρὸς
1582 1485 1738 1542 αὖτὸν
1792 1486 2016 1544 πταίου-

355 1596 416 1630 σι
476 1574 887 1652 γνωριξιὴιενος·
949 1577 1023 1640 ὡς
1089 1577 1227 1651 μήτε
1284 1574 1366 1634 διὰ
1442 1577 1502 1631 τὸ
1563 1581 1729 1653 πρᾶον
1786 1574 2018 1630 εὐκατα-

352 1664 648 1743 φρόνητον,
711 1666 852 1739 μήτε
922 1671 999 1740 τῷ
1055 1665 1396 1722 παντάπασιν
1454 1666 1704 1743 αὐστηρῷ
1772 1665 2020 1745 φορτικὸν

353 1752 535 1825 εἶναι,
581 1755 668 1809 καὶ
700 1751 966 1822 σωμάτων
1025 1753 1210 1830 μόνον,
1245 1756 1304 1810 οὗ
1326 1759 1520 1834 ψυχῶν
1549 1753 1809 1834 ἄρχοντα,
1860 1752 2020 1811 Καλῶ

2103 606 2263 664 rare,
2288 607 2421 670 qua:
2444 588 2697 649 tolerant
2727 586 3113 665 aegrotizadeo
3146 595 3208 646 ut
3239 585 3313 646 sit
3337 585 3738 664 manifestum,

2103 683 2339 740 fratrem
2363 697 2594 754 quoque
2619 683 2732 738 alio
2753 680 2952 738 morbo
2969 679 3236 737 laborare
3258 680 3747 750 graviorimempe

2103 766 2653 847 impudentia.Quid
2681 785 2822 845 ergo
2854 783 3102 845 magnus
3127 763 3503 826 Theodosius
3535 765 3748 828 mode-

2103 861 2326 919 ratione
2351 872 2405 919 et
2425 862 2753 918 humilitate
2774 861 2940 918 valde
2964 858 3227 916 excelsus
3249 865 3302 914 et
3322 857 3595 914 caelestis?
3618 858 3746 916 Pce-

2103 964 2238 1006 nam
2259 945 2499 1026 quidem
2525 945 3080 1025 suscipit,tanquam
3105 961 3240 1023 quae
3260 949 3422 1002 recte
3441 941 3616 1003 fuerit
3637 941 3746 1003 im-

2105 1035 2387 1112 posita,et
2411 1041 2618 1114 utquae
2640 1033 2700 1094 in
2724 1033 2854 1113 ipso
2880 1033 3075 1094 locum
3100 1029 3335 1092 habeat:
3361 1047 3557 1110 neque
3578 1029 3746 1111 prius

2101 1123 2320 1185 divinis
2351 1122 2812 1185 communicavit
2839 1119 3454 1194 sacramentis,donec
3484 1120 3748 1202 ipse,qui

2101 1211 2717 1291 ligavit,induxitipse
2751 1229 2988 1292 quoque
3011 1209 3394 1272 solutionem.
3427 1207 3564 1270 Erat
3583 1211 3744 1272 enim

2101 1302 2311 1384 Moysis
2335 1301 2645 1364 evidenter
2664 1298 3246 1362 imitatorzterribilis
3267 1297 3511 1379 quidem
3539 1308 3597 1361 et
3627 1303 3749 1363 ine-

2101 1391 2384 1454 xorabilis
2408 1392 2608 1471 iis,qui
2641 1390 2700 1451 in
2732 1389 2917 1451 Deum
2954 1388 3278 1470 peccabant
3305 1409 3319 1464 ;
3353 1388 3522 1450 valde
3547 1398 3742 1451 autem

2105 1481 2263 1542 mitis
2313 1489 2371 1542 et
2404 1488 2750 1542 mansuetus
2782 1479 2876 1553 iis,
2909 1479 3012 1560 qui
3057 1479 3253 1558 ipsum
3306 1477 3690 1542 offendebant
3723 1499 3739 1541 :

2103 1570 2252 1632 adeo
2275 1579 2335 1631 ut
2357 1589 2468 1632 nec
2491 1571 2721 1631 veniret
2737 1569 2796 1630 in
2821 1577 3225 1648 contemptum
3249 1569 3744 1650 propterea,quod

2105 1670 2265 1722 esset
2296 1659 2452 1720 mitis
2486 1667 2547 1721 et
2590 1666 2960 1734 mansuetus;
2996 1676 3104 1718 nec
3135 1657 3327 1735 gravis
3354 1674 3424 1718 ac
3457 1657 3744 1721 molestus

2105 1759 2263 1812 esset
2286 1757 2532 1830 propter
2555 1750 2795 1811 nimiam
2822 1747 3315 1818 austeritatem,et
3339 1755 3404 1808 ut
3425 1747 3523 1827 qui
3549 1747 3742 1810 solum

352 1841 460 1916 μὲν
519 1842 618 1921 γὰρ
669 1842 768 1909 τὴν
821 1842 920 1918 μὲν
977 1842 1037 1899 ἐκ
1096 1841 1260 1923 φόϐου
1292 1844 1454 1918 μόνον
1515 1843 1715 1924 ἀρχὴν,
1749 1843 2002 1918 σωμάτων

2103 1839 2459 1919 corporibus
2482 1838 2954 1918 imperaret,non
2970 1836 3370 1926 auimisYoco
3392 1836 3742 1917 enim,quod

354 1927 563 2009 ἄρχὴν,
597 1931 695 1998 τὴν
742 1928 799 1987 δέ
841 1952 903 2010 γε
935 1933 1024 1989 κσὶ
1081 1932 1241 1990 πόθον
1292 1933 1723 2012 συγκεκραμένου
1779 1931 2002 2013 ἔχουσαι

2097 1946 2168 1989 ex
2217 1940 2376 1990 metu
2409 1929 2650 2008 quidem
2685 1927 2880 1989 solum
2913 1935 3002 1988 est
3043 1924 3386 2006 imperium,
3420 1927 3741 2007 imperium

351 2021 446 2075 καὶ
475 2023 691 2100 ψυχῶν.

435 2198 519 2259 π’.
579 2197 651 2257 Οὗ
681 2199 918 2264 Μωσέως
969 2199 1023 2257 δὲ
1053 2201 1245 2278 μόνον,
1273 2199 1412 2260 ἀλλὰ
1469 2202 1554 2258 καὶ
1601 2202 1801 2265 παντὸς
1845 2199 2008 2257 ἄλλου

349 2288 419 2345 τό
479 2286 716 2367 διατὲρον
760 2291 834 2354 είς
893 2290 1089 2368 ἀρετὴν
1147 2290 1424 2366 ἐμιμεῖτο*
1486 2291 1609 2347 οῖον
1655 2287 1894 2368 Ἀϐρααμ
1952 2291 2014 2346 τὸ

351 2379 490 2454 πρὸς
548 2379 718 2434 πάντα
752 2385 868 2453 Θεῷ
924 2383 1269 2461 πειθαρχεῖν,
1301 2381 1388 2436 καὶ
1431 2377 1499 2436 δι’
1536 2379 1744 2436 ἐκεῖνον
1801 2381 2016 2436 πάντων

359 2465 669 2547 ὀλιγωρεῖν,
715 2470 776 2526 οὗ
819 2469 1118 2550 χρημάτων
1173 2467 1382 2543 ἀπλὼς,
1416 2468 1450 2537 ἢ
1495 2467 1762 2546 πατρίδος.
1809 2471 1845 2536 ἢ
1895 2490 2014 2524 συνο

351 2556 506 2626 ﬁdem!
558 2557 648 2612 καὶ
717 2565 1016 2637 συγγενῶν,
1075 2557 1213 2614 ἀλλὰ
1283 2561 1372 2616 καὶ
1428 2559 1635 2638 φύσεως
1707 2559 1873 2624 αὐτῆς
1928 2558 2016 2614 καὶ

346 2645 524 2717 ζωῆς.
582 2652 699 2705 Τῶν
731 2647 831 2725 γὰρ
878 2646 944 2715 δὴ
975 2651 1360 2726 προσηκόντων
1391 2650 1451 2706 ού
1500 2655 1631 2705 Θεοῦ
1661 2648 1848 2727 μόνον,
1878 2646 2015 2702 ἀλλὰ

346 2735 443 2791 καὶ
499 2735 620 2799 τοὺς
701 2737 831 2793 ιιατά
889 2738 1018 2794 Θεὸν
1075 2737 1273 2803 ξῶντας
1346 2739 1538 2816 ἡγεῖτο
1596 2735 2010 2814 προτιμάτὲους,

347 2826 441 2881 καὶ
497 2825 715 2891 τούτους
775 2824 981 2902 μᾶλλον
1043 2829 1115 2892 εἷς
1172 2828 1482 2906 συγγένειαν
1553 2826 1709 2883 εἷλκε
1768 2833 1844 2898 τῷ
1907 2828 2006 2892 τῆς

346 2913 548 2993 ἀρετῆς
613 2914 783 2994 λόγῳ,
820 2917 907 2972 καὶ
959 2915 1054 2985 τῆς
1097 2919 1217 2995 περὶ
1270 2919 1397 2975 αὐτὸ
1445 2914 1682 2984 σπουδῆς
1731 2919 1829 2972 καὶ
1876 2939 2005 2972 συν-

346 3004 604 3068 νεύσεως.
665 3004 849 3062 Ἰσαὰκ
877 3006 972 3073 τὴν
1025 3008 1156 3084 πρὸς
1205 3006 1330 3070 τοὺς
1387 3005 1775 3080 πνευματικοὺς
1831 3005 2006 3062 πατέ-

345 3113 448 3170 ρας
507 3092 673 3174 μέχρι
721 3096 810 3152 καὶ
865 3095 1090 3153 θανάτου
1132 3096 1399 3168 ὑπακοὴν,
1433 3097 1517 3152 καὶ
1569 3095 1667 3162 τὴν
1724 3096 2006 3173 εύαρεστὸν

2096 2036 2465 2100 corporum;
2525 2018 2581 2078 id
2631 2025 2827 2080 autem
2880 2015 3036 2096 quod
3083 2014 3451 2077 desiderium
3504 2035 3742 2099 quoque

2093 2109 2272 2170 habet
2302 2116 2843 2188 contemperatum,
2880 2107 3056 2168 etiam
3089 2104 3456 2170 animorum.

2173 2198 2413 2260 80.Non
2435 2199 2624 2258 solum
2652 2207 2848 2258 autem
2873 2196 3116 2276 Moysis,
3142 2195 3248 2258 sed
3273 2196 3449 2257 etiam
3478 2195 3739 2278 cujusvis

2095 2287 2345 2349 alterius
2369 2291 2428 2350 in
2455 2287 2671 2348 virtute
2694 2286 3110 2348 excellentiam
3137 2284 3505 2348 imitabatur:
3539 2293 3742 2367 utpote

2097 2377 2379 2458 Abrahae,
2419 2376 2576 2453 quod
2612 2375 2733 2438 Deo
2767 2384 3002 2456 pareret
3031 2375 3093 2435 in
3124 2373 3426 2449 omnibus,
3454 2382 3513 2436 et
3541 2382 3744 2438 omnia

2099 2477 2347 2546 propter
2380 2466 2546 2527 illum
2573 2471 3136 2538 contemneret,non
3168 2463 3543 2525 solummodo
3565 2482 3742 2544 pecu-

2101 2557 2259 2618 niam
2295 2563 2396 2618 aut
2428 2557 2699 2637 patriam,
2735 2561 2835 2615 aut
2866 2553 3190 2615 familiares
3219 2561 3276 2614 et
3304 2562 3606 2635 cognatos,
3632 2554 3740 2617 sed

2098 2646 2286 2726 ipsam
2339 2663 2578 2727 quoque
2611 2655 2878 2706 naturam
2921 2652 2980 2706 et
3010 2644 3207 2705 vitam.
3242 2641 3521 2722 Cognatis
3553 2647 3739 2719 enim,

2097 2755 2217 2797 non
2243 2734 2430 2797 Deum
2459 2735 2678 2810 solum,
2713 2733 2817 2796 sed
2843 2751 2945 2795 eos
2969 2734 3172 2814 etiam,
3199 2733 3298 2813 qui
3331 2751 3402 2794 ex
3423 2733 3547 2796 Deo
3576 2733 3738 2796 vive-

2095 2824 2516 2905 bant,putabat
2541 2842 2676 2886 esse
2695 2822 3188 2903 prtefereudos,et
3212 2842 3314 2885 eos
3347 2823 3534 2900 magis
3564 2831 3737 2887 ettra-

2093 2913 2364 2976 bebatad
2388 2913 3078 2994 cognationem,propter
3109 2912 3339 2974 virtutis
3360 2914 3650 2976 rationem
3676 2922 3738 2976 et

2091 3004 2270 3065 studii
2295 3013 2354 3066 et
2375 3004 2851 3085 voluntatis,quae
2869 3003 2926 3063 in
2950 3003 3110 3064 idem
3134 3002 3455 3066 confertur.
3486 3007 3647 3066 Isaac
3673 3005 3738 3067 in

2089 3094 2432 3175 spirituales
2455 3101 2654 3174 patres
2680 3112 2868 3174 usque
2886 3091 2957 3154 ad
2977 3091 3659 3167 mortem,obedientiam
3681 3104 3740 3158 et

343 3177 532 3240 θυσίαν
599 3184 759 3241 αὐτοῦ
814 3191 907 3241 τοῦ
977 3185 1250 3262 σώματος.
1331 3183 1526 3244 Ἰακὼϐ
1591 3186 1653 3240 τὸ
1735 3181 2002 3242 ἄπλαστον

2091 3187 2220 3264 ejus
2243 3183 2514 3264 corporis
2538 3193 2766 3263 gratum
2793 3192 2849 3245 et
2876 3190 3185 3264 acceptum
3209 3182 3565 3252 sacrificium
3599 3184 3733 3246 imi-

345 3270 579 3349 ἀκριϐῶς
633 3275 728 3331 καί
783 3276 1043 3354 πονηρίας
1093 3277 1272 3343 πάσης
1331 3273 1622 3351 ἐλεύθερον,
1669 3275 1774 3351 (καὶ
1817 3275 2002 3333 τούτου

342 3361 608 3442 μάρτυρες
666 3362 938 3444 ἀξιόχρεοι
994 3363 1107 3422 ὅσοι
1179 3374 1372 3440 πεῖραν
1434 3367 1594 3423 αὐτου
1644 3364 1750 3420 τῶν
1805 3386 1999 3422 συνου-

338 3457 477 3509 σιῶν
517 3453 735 3521 καὶτῆς
783 3453 992 3529 ξιμιλίας
1043 3453 1373 3534 εἰλήφασιν).
1432 3454 1680 3512 Ἰωάννου
1710 3455 1810 3522 τὴν
1866 3454 2000 3534 ἐρηοσ

335 3541 470 3615 μίαν
539 3542 628 3598 καὶ
675 3541 950 3622 ἀτροφίαν·
1017 3543 1222 3623 Πέτρου
1289 3546 1349 3602 τὸ
1418 3545 1634 3624 θερμὸν,
1694 3545 1830 3620 μετά
1901 3548 1998 3610 τῆς

336 3627 591 3708 ἀκριϐοῦς
675 3631 932 3698 πίστεως’
1007 3632 1217 3692 Παύλου
1283 3634 1344 3690 τὸ
1413 3633 1624 3712 ἐνεργὸν
1709 3631 1997 3696 διαπαντὸς

338 3719 475 3797 δπὶρ
529 3727 622 3778 τοῦ
689 3720 856 3779 καλοῦ
924 3725 1013 3780 καὶ
1069 3723 1468 3804 ταλαιπωρικὸν
1523 3725 1615 3780 καὶ
1684 3723 1991 3802 φερέπονον,

337 3809 435 3866 καὶ
484 3811 545 3867 τὸ
576 3816 752 3869 πᾶσαν
803 3815 995 3887 μικροῦ
1041 3814 1142 3880 τὴν
1173 3813 1492 3889 οἰκουμένην
1541 3813 1721 3892 ὥσπερ
1758 3813 1990 3885 ἐκεῖνος,

337 3898 447 3966 τὴν
503 3899 602 3976 μὲν
633 3904 781 3977 ποσὶ,
815 3903 914 3970 τὴν
972 3899 1026 3958 δὲ
1057 3901 1266 3981 λόγοις,
1300 3903 1398 3970 τὴν
1450 3901 1505 3958 δὲ
1562 3901 1718 3981 φήμῃ
1779 3900 1993 3980 διαδρα-

336 4000 496 4072 μεῖνο
541 3990 631 4047 καὶ
661 3990 945 4048 συνελόντα
992 3992 1175 4071 φάναι,
1211 3992 1307 4048 οἶά
1363 4014 1443 4055 τις
1475 3993 1718 4072 γραφέων
1779 3991 1989 4070 ἄριστος

334 4077 410 4134 τὰ
462 4077 723 4136 κάλλιστα
753 4083 1091 4161 πανταχόθεν
1154 4087 1248 4150 τῆς
1306 4082 1502 4162 ἀρετῆς
1533 4081 1800 4164 χρώματα
1859 4080 1988 4139 συλ-

334 4165 658 4243 λεξάμενος,
695 4172 781 4227 καὶ
841 4171 1067 4250 κεράσας
1101 4172 1179 4248 εὖ,
1213 4171 1517 4252 ἀρχέτοπον
1568 4171 1689 4228 οἷον
1731 4173 1820 4228 τὸν
1871 4173 1996 4228 ἐαυ-

333 4264 436 4315 τοῦ
491 4256 605 4335 βίον
675 4258 948 4318 ἐπαινέσαι
1020 4261 1246 4338 μᾶλλον,
1307 4262 1344 4330 ἢ
1401 4264 1735 4339 μιμήσασθαι
1791 4260 1989 4340 ῥᾴδιον,

333 4359 465 4413 τοῖς
489 4347 792 4429 φιλαρέτοις
829 4350 1188 4430 προέστησεν.

423 4528 548 4593 πα’,
603 4527 732 4588 Οὗδὲ
779 4531 807 4586 6
851 4532 1150 4606 Θαυμαστὸς
1197 4529 1321 4589 Ἰὼϐ
1368 4530 1468 4596 ἔξω
1510 4537 1604 4589 τοῦ
1657 4540 1827 4613 χοροῦ
1881 4539 1988 4590 τῶν

332 4621 488 4692 αὗτῷ
542 4617 848 4700 ληφθέντῶν
893 4621 966 4682 εἷς
1042 4621 1294 4701 μίμησιν,
1345 4619 1483 4677 ἀλλὰ
1531 4623 1618 4678 καὶ
1672 4621 1832 4678 αὐτοῦ
1888 4623 1987 4690 τὴν

331 4709 638 4788 δπομονὴν,
684 4709 774 4766 καὶ
831 4709 1058 4767 πάντοτε
1117 4711 1238 4786 μὲν,
1281 4712 1413 4789 πρὸς
1469 4717 1546 4785 τῷ
1596 4709 1739 4768 τέλει
1797 4711 1851 4768 δὲ
1899 4715 1990 4770 καὶ

331 4797 652 4875 τρανότερον
706 4795 1036 4872 ἐμιμήσατο.
1088 4797 1239 4856 Ἐπεὶ
1295 4800 1394 4878 γὰρ
1451 4797 1675 4873 ἔμελλεν
1733 4797 1836 4868 ἤδη
1895 4803 1989 4857 τὸν

331 4885 666 4966 ρνθρώπινον
735 4886 1115 4966 ὑπεξέρχεσθαι
1170 4888 1307 4964 βίον,
1356 4887 1448 4944 καὶ
1505 4889 1620 4946 ἀντὶ
1673 4890 1857 4947 κόπων
1912 4893 1988 4945 ὧν

339 4973 511 5056 εἶδεν,
559 4972 788 5050 ἀμοιϐὰς
819 4974 880 5040 ἃς
925 4975 1121 5044 ἤλπισε
1176 4977 1265 5034 καὶ
1321 4975 1613 5044 ἀντιδόσεις
1667 4977 1988 5061 ἀπολαϐεῖν,

338 5065 516 5124 ἔπεισί
569 5087 651 5128 τις
730 5069 874 5141 αὒτῴ
931 5064 1208 5122 τελευταία
1264 5067 1420 5131 νόσος
1498 5069 1584 5125 καὶ
1643 5071 1856 5149 χρονία,
1902 5073 1992 5126 καὶ

329 5153 520 5234 ὀλίγου
578 5151 690 5211 δεῖν
721 5152 840 5212 οόδὲ
886 5154 988 5229 νέῳ
1017 5156 1106 5212 καί
1161 5155 1454 5232 ἀκμάζοντι
1485 5158 1695 5234 σώματι
1751 5161 1986 5238 φορητὴ,

330 5245 441 5324 οὔχ
512 5243 660 5308 ὅπως
717 5245 951 5324 γήρατος
1017 5243 1157 5301 οὕτω
1213 5247 1302 5302 καὶ
1345 5245 1609 5326 φιλαρέτῳ
1663 5250 1990 5321 κακοπαθείᾳ

331 5333 798 5413 κατειργασμένῳ,
857 5335 1036 5410 Ταύτῃ
1079 5357 1164 5392 τοι
1209 5335 1298 5392 καὶ
1343 5335 1466 5392 ὅλον
1509 5335 1748 5393 ἐνιαυτόν
1801 5334 1986 5394 κλινο-

327 5424 502 5491 πετὴς
563 5423 656 5503 ἦν,
702 5425 788 5481 καὶ
845 5421 1052 5488 ὀδύναις
1117 5423 1362 5503 ἀμάχοις
1418 5423 1683 5498 παλαίων,
1719 5426 1809 5482 καὶ
1863 5439 1986 5492 ταῖς

325 5514 602 5577 τοιαύταις
672 5512 882 5588 θλίψεσι
954 5511 1378 5588 πλατυνόμενος.
1453 5519 1585 5571 Τότε
1645 5515 1746 5594 γὰρ
1818 5514 1984 5594 δέρμα

325 5609 424 5662 τοῦ
476 5601 704 5680 λαγόνος
736 5599 820 5658 διὰ
862 5602 962 5670 τὴν
1019 5601 1081 5657 lx
1131 5600 1228 5669 τῆς
1289 5601 1444 5660 νόσου
1485 5601 1635 5671 τῆξιν
1678 5604 1978 5684 ὑποσυρεὶς,

320 5693 425 5756 καί
487 5694 552 5750 τὸ
606 5699 698 5748 τοῦ
749 5691 914 5772 λόγου
944 5696 1096 5756 σκιᾶς
1150 5689 1375 5750 εἴδωλον
1429 5693 1688 5771 γεγονὼς,
1721 5695 1794 5759 ὡς
1838 5696 1982 5770 αὒτῷ

2087 3271 2528 3336 tabatueracob
2554 3273 2876 3354 perfectam
2897 3271 3302 3334 sinceritatem
3325 3279 3384 3332 et
3400 3270 3731 3336 libertatem

2083 3361 2157 3425 ab
2187 3363 2349 3425 omni
2373 3363 2756 3444 improbitate
2787 3363 2985 3442 thujus
3005 3372 3202 3424 autem
3233 3369 3370 3424 sunt
3401 3361 3541 3424 fidei
3571 3363 3737 3443 digni

2085 3461 2292 3530 testes,
2333 3453 2432 3535 qui
2475 3472 2608 3516 cum
2643 3473 2713 3516 eo
2745 3452 3202 3516 consuetudinis
3232 3460 3290 3515 et
3319 3452 3736 3516 familiaritatis

2081 3545 2282 3606 fecere
2305 3542 2942 3624 periculum),.loanuis
2963 3542 3349 3604 solitudinem
3369 3554 3427 3603 et
3442 3541 3730 3607 inediam:

2081 3636 2266 3708 Petri,
2293 3653 2427 3695 cum
2462 3641 2666 3696 exacta
2695 3633 2812 3694 fide
2843 3631 3280 3694 vehementiam
3314 3639 3373 3692 et
3402 3629 3674 3696 ardorem
3713 3655 3728 3692 :

2079 3722 2390 3801 l’auli,pro
2415 3740 2482 3782 eo
2509 3721 2665 3802 quod
2689 3729 2778 3782 est
2795 3721 3137 3792 honestum,
3166 3727 3514 3799 perpetuam
3537 3723 3731 3783 actio-

2079 3811 2632 3885 nem,amictionem
2655 3809 3120 3889 etdiligentiam;
3147 3808 3384 3888 etquod
3409 3826 3733 3890 propemo-

2078 3901 2217 3964 dum
2244 3900 2586 3963 universum
2613 3901 2820 3963 orbem
2844 3910 3022 3961 terra;
3049 3898 3204 3960 sicut
3226 3897 3575 3977 ille,partim
3599 3901 3729 3980 qui~

2077 3990 2213 4052 dem
2241 3991 2740 4072 pedibus,partim
2764 4007 2902 4052 vero
2927 3986 3330 4067 sermonibus,
3353 3986 3564 4066 partim
3589 4007 3727 4050 vero

2074 4079 2231 4142 fama
2252 4083 2597 4160 pervaserit:
2623 4087 2705 4154 et,
2733 4087 2796 4140 ut
2815 4078 3002 4141 semel
3026 4076 3248 4151 dicam,
3277 4079 3574 4156 quomodo
3597 4079 3730 4158 quis

2078 4170 2271 4250 pictor
2294 4169 2954 4251 praestantissimus,qui
2988 4165 3511 4248 praestantissimos
3542 4166 3728 4230 virtu-

2080 4259 2154 4320 tis
2177 4260 2412 4322 colores
2443 4257 2713 4340 undique
2738 4257 2980 4337 collegit
3003 4266 3059 4320 et
3081 4265 3244 4318 recte
3268 4255 3526 4329 miscuit,
3550 4256 3614 4318 in
3635 4276 3730 4320 ve-

2078 4353 2183 4413 luti
2203 4353 2500 4432 quoddam
2534 4351 2844 4432 exemplar
2871 4369 3040 4412 suam
3073 4347 3518 4424 vitam,laudatu
3549 4367 3726 4430 quam

2078 4442 2313 4505 imitatu
2346 4442 2701 4518 faciliorem,
2738 4440 3050 4522 proposuit.
3078 4437 3310 4500 virtutis
3338 4438 3643 4501 studiosis.

2156 4533 2256 4594 8t.
2287 4530 2494 4614 Neque
2529 4549 2664 4594 vero
2690 4529 2800 4594 Job
2832 4526 3206 4591 admirabilis
3237 4535 3363 4588 erat
3394 4535 3558 4590 extra
3587 4529 3730 4592 cho-

2073 4642 2206 4686 rum
2239 4641 2474 4703 eorum,
2506 4623 2610 4703 qui
2639 4619 2862 4700 sumpti
2911 4624 3050 4680 sunt
3078 4617 3151 4678 ad
3182 4615 3534 4680 imitandum
3571 4637 3585 4683 :
3619 4619 3727 4683 sed

2073 4715 2206 4792 ejus
2258 4711 2434 4773 etiam
2470 4710 2870 4779 tolerantiam,
2905 4725 3149 4788 semper
3192 4706 3459 4787 quidem,
3491 4707 3554 4769 in
3605 4709 3726 4773 fine

2073 4810 2272 4863 autem
2304 4800 2567 4881 apertius
2593 4807 2651 4861 et
2679 4798 2966 4859 imitatus.
3002 4795 3150 4858 Nam
3193 4813 3326 4857 cum
3351 4795 3477 4876 jam
3505 4807 3663 4860 esset
3693 4816 3726 4861 e

2073 4890 2189 4952 vita
2207 4890 2469 4952 humana
2493 4897 2939 4963 excessurus,et
2968 4903 3074 4967 pro
3093 4885 3347 4966 iis,quos
3371 4886 3526 4964 tulit,
3552 4887 3720 4950 labo-

2075 4979 2245 5042 ribus
2267 4979 2580 5041 mercedes
2611 4985 2670 5039 et
2689 4975 3236 5050 remunerationes,
3259 4992 3410 5052 quas
3436 4977 3720 5058 speravit,

2073 5079 2452 5152 accepturus,
2483 5075 2781 5148 postremo
2805 5084 2940 5130 eum
2965 5064 3192 5128 invadit
3211 5063 3456 5152 morbus
3485 5065 3720 5126 diutur-

2077 5151 2302 5233 nus,’et
2333 5157 2763 5238 propemodum
2798 5172 2874 5216 ne
2897 5155 3103 5234 juveni
3133 5151 3373 5234 quidem
3405 5160 3463 5215 et
3483 5154 3716 5229 florem,

2075 5247 2314 5327 corpori
2337 5244 2912 5320 tolerabilis,nedum
2945 5251 3108 5306 tanta
3135 5249 3445 5304 senectute
3473 5242 3718 5306 confec-

2075 5350 2154 5411 to,
2179 5349 2232 5397 et
2253 5355 2426 5412 quam
2453 5340 2677 5396 virtutis
2697 5353 2868 5396 causa
2891 5343 3246 5408 susceperat,
3269 5333 3604 5393 afﬂictione.
3637 5335 3716 5394 Ea

2071 5426 2148 5488 de
2168 5443 2346 5488 causa
2368 5433 2425 5485 et
2449 5431 2568 5485 toto
2594 5441 2754 5485 anno
2766 5423 3008 5503 jacobat
3028 5423 3088 5482 in
3111 5422 3433 5494 lecto,cum
3466 5421 3719 5504 inexpu-

2068 5513 2407 5594 gnabilibus
2430 5512 2758 5575 colluctans
2781 5510 3176 5591 doloribus,et
3207 5509 3422 5572 talibus
3443 5510 3721 5578 dilatatus

2067 5602 2682 5668 aﬂlictionibus.Tanc
2713 5604 2874 5663 enim
2905 5598 3039 5661 tabe
3069 5600 3412 5678 exhaustus,
3443 5600 3721 5684 pelleque

2067 5711 2267 5770 exesa,
2301 5700 2480 5772 atque
2524 5689 2774 5768 umbrae,
2807 5695 2870 5751 ut
2899 5687 3118 5753 dicitur
3148 5689 3534 5756 simulacrum
3563 5695 3716 5758 effe-
