4072 6206
437 369 552 445 547

443 607 593 670 nihil
630 618 823 669 tamen
860 609 1061 681 molle,
1090 606 1238 668 nihil
1263 605 1583 678 illiberale,
1615 607 1762 666 nihil
1788 607 2094 686 indignum

440 707 545 758 ant
589 697 750 771 fecit,
787 706 884 757 aut
915 707 1005 758 est
1039 696 1274 756 locutus
1324 714 1393 756 eo
1426 696 1663 776 spiritu,
1701 697 1803 776 qui
1831 698 1932 758 tali
1965 699 2096 758 vita:

439 787 742 847 convenit.
776 783 927 855 Quin
954 786 1131 845 etiam
1153 801 1288 844 cum
1315 783 1558 864 quidam
1587 803 1768 846 senex
1795 786 2090 848 intensam

439 893 506 936 ac
525 875 941 934 vehementem
978 873 1092 932 vim
1121 872 1318 934 mtrbi
1350 873 1702 951 aspexisset,
1732 884 1792 934 et
1821 876 1874 936 ei
1903 874 2094 938 dixis-

438 963 726 1039 set:Boga
752 960 1126 1022 Deumzforte
1151 963 1307 1023 enim
1345 962 1566 1023 malum
1593 963 1679 1023 sic
1699 963 2094 1039 sistetur;non

434 1056 622 1114 amico
649 1070 754 1110 nec
779 1053 1054 1125 benigno,
1081 1064 1141 1112 ut
1164 1056 1400 1119 solebat,
1423 1070 1555 1113 eum
1579 1064 1814 1126 aspectu
1838 1058 2091 1115 intuens.

437 1139 524 1202 Ne
553 1151 612 1202 tu
640 1138 1074 1219 mihi,inquit,o
1101 1138 1637 1220 Pater,quidquam
1658 1141 1733 1203 de
1751 1161 1820 1203 eo
1843 1141 2090 1206 dixeris.

436 1229 580 1292 Nam
618 1247 751 1290 cum
789 1247 882 1290 me
916 1246 1076 1306 saepe
1111 1229 1260 1291 tales
1314 1229 1645 1291 subiissent
1675 1231 2088 1310 cogitationes,

435 1319 759 1381 arbitratus
797 1320 903 1379 has
928 1337 1061 1378 esse
1093 1318 1291 1397 potius
1325 1320 1571 1398 maligni
1605 1320 1880 1394 insidias,
1913 1339 2088 1402 quam

435 1408 776 1483 consilium,
808 1426 908 1469 eas
940 1415 1058 1468 toto
1091 1408 1287 1469 studio
1320 1410 1604 1489 repuli,ut
1634 1411 1733 1490 qui
1764 1410 1907 1471 illud
1935 1412 2090 1491 apud

435 1520 530 1562 me
559 1498 986 1579 reputaverim,
1013 1499 1172 1576 quod
1209 1498 1521 1577 praesentis
1553 1500 1794 1578 quidem
1827 1500 1958 1562 vita:
1990 1500 2091 1561 bo-

434 1608 650 1652 norum
700 1588 842 1648 satis
876 1606 1152 1665 magnum
1186 1588 1443 1649 fructum
1498 1590 1861 1669 ceperimus,
1897 1603 1960 1651 ut
1989 1591 2091 1670 qui

1723 379 2004 447 MENSIS
2065 385 2522 450 JANUARIUS.

437 527 594 598 ctus,
617 519 766 580 adeo
799 524 860 580 ut
898 510 1048 579 nihil
1079 517 1133 579 ei
1167 524 1377 596 praeter
1418 531 1552 576 ossa
1580 517 2031 594 relinqueretur
2061 538 2078 594 ;

2177 519 2340 589 μηδὲν
2410 519 2576 576 πλέον
2645 522 2743 573 τῶν
2799 508 2971 575 ὃστῶν
3027 509 3424 599 ὑπολείπεσθαι,

3692 383 3795 456 548

3485 519 3624 594 ὁμῶς
3672 521 3808 578 οὐδὲν

2180 609 2446 684 μαλακὸν,
2479 609 2623 667 οὐδὲν
2678 608 2917 684 ἀγεννὲς,
2965 605 3111 664 οὐδὲν
3167 608 3386 673 ἀνάξιον
3431 607 3466 676 ἢ
3527 607 3726 686 ’ἔδρασεν
3777 613 3808 679 ἢ

2179 696 2462 777 ἐφθέγξατο
2522 705 2614 754 τοῦ
2644 695 3003 775 προσήκοντος
3036 698 3135 772 βίω
3178 699 3406 769 τοιούτῳ
3463 699 3803 777 φρονήματος·

2179 787 2315 844 ἀλλὰ
2373 788 2459 845 καί
2487 809 2626 850 τινος
2674 785 2920 864 γέροντος
2971 787 3101 863 πρὸς
3157 787 3218 841 τὸ
3261 785 3490 865 σφοδρὸν
3526 787 3621 854 τῆς
3666 791 3809 845 νόσου

2181 879 2264 933 καὶ
2319 875 2695 950 διατεταμένον
2755 873 3048 950 βλέψαντο,
3081 876 3192 949 καὶ,
3238 872 3461 944 δεήθητι
3523 882 3612 933 τοῦ
3663 883 3804 951 Θεοῦ,

2177 967 2306 1039 πρὸς
2374 966 2532 1022 αὐτὸν
2589 965 2891 1041 εἰρηκότος,
2934 964 3086 1043 τάχα
3147 965 3248 1042 γὰρ
3306 966 3370 1020 τὸ
3429 963 3618 1021 διεινὸν
3681 965 3805 1022 οὕτω

2177 1057 2453 1127 στήσεται,
2489 1055 2566 1127 μὴ
2611 1053 2762 1134 φίλον
2823 1053 3032 1117 ἐκεῖνος
3082 1053 3221 1126 μηδὲ
3279 1055 3420 1114 κατὰ
3465 1055 3524 1109 τὸ
3575 1055 3801 1127 σύνηθες,

2177 1144 2391 1217 εὐμενὲς
2453 1141 2769 1216 ἐπιϐλέψας·
2833 1142 2921 1209 Μὴ
2981 1142 3062 1198 σοί
3115 1164 3199 1219 γε,
3252 1143 3447 1220 Πάτερ,
3499 1141 3623 1222 ἔφη,
3655 1141 3803 1215 μηδὲν

2176 1235 2292 1309 περὶ
2335 1233 2546 1288 τούτου·
2610 1231 2705 1307 ἐμὲ
2762 1231 2861 1310 γὰρ
2919 1230 3180 1296 πολλάκις
3235 1231 3492 1287 τοιούτων
3549 1231 3805 1308 λογισμων

2176 1321 2455 1396 ἐλθόντων,
2492 1318 2779 1387 ἐπιϐουλὴν
2830 1321 2923 1376 τοῦ
2980 1320 3214 1398 πονηροῧ
3270 1323 3332 1376 τὸ
3391 1326 3635 1398 πρᾶγμα,
3672 1319 3805 1392 μᾶλ-

2176 1411 2269 1468 λον
2316 1408 2620 1486 συμϐουλὴν
2656 1413 2794 1466 εἶναι
2839 1407 3158 1483 δοκιμάσας,
3191 1408 3291 1484 ὅλῃ
3345 1405 3574 1485 σπουδῇ,
3610 1410 3804 1472 τούτους

2175 1502 2595 1580 διτκρουσάμην,
2629 1501 2806 1557 ἐκεῖνο
2861 1499 3146 1559 ὑπολαϐὼν
3177 1503 3247 1565 ὡς
3290 1507 3398 1556 τῶν
3431 1500 3531 1564 μὲν
3558 1507 3648 1556 τοῦ
3676 1521 3802 1578 παρ-

2173 1591 2326 1651 me;
2407 1589 2520 1665 βίου
2617 1587 2796 1645 καλῶν
2894 1590 3088 1652 ἱκανῶς
3173 1587 3596 1662 ἂπελαὸσαμεν,
3664 1586 3803 1654 δόξης

433 1680 681 1761 gloriam
711 1677 942 1739 scilicet
969 1687 1027 1740 et
1061 1696 1276 1738 nomen
1304 1677 1489 1738 simus
1511 1677 2090 1758 consecuti.0portet

2177 1679 2397 1735 ἐνταῦθα
2438 1676 2696 1756 τυχόντες
2752 1675 2954 1743 δηλαδὴ
2987 1679 3072 1733 καὶ
3109 1677 3393 1751 ὁνόματος
3445 1676 3528 1732 δεῖ
3555 1684 3676 1753 γοῦν
3727 1675 3805 1732 καὶ

434 1789 578 1847 ergo
630 1767 872 1828 omnino
906 1767 1090 1844 afﬂigi
1149 1776 1207 1828 et
1239 1768 1393 1827 mala
1449 1767 1680 1847 perpeti
1716 1777 1774 1830 et
1828 1769 2090 1847 aliquam

2177 1770 2548 1833 κακοπαθῆσαι
2608 1767 2843 1844 πάντως,
2887 1766 2976 1822 καί
3046 1787 3163 1822 τινα
3214 1779 3411 1845 μοῖρᾳν
3471 1764 3618 1844 ἔχειν
3673 1763 3804 1829 ἀξίαν

436 1859 661 1922 habere
721 1866 974 1936 partem,
1009 1876 1139 1936 qua;
1178 1855 1358 1935 digna
1391 1856 1462 1917 sit
1508 1875 1601 1930 ea,
1636 1876 1767 1936 quae
1797 1866 1889 1919 est
1936 1857 2084 1933 illic,

2177 1861 2270 1923 τῆς
2316 1855 2432 1911 ἐκεῖ
2462 1853 2878 1930 παρακλήσεως.
2912 1855 2990 1926 μὴ
3035 1856 3122 1910 καὶ
3151 1856 3280 1931 πρὸς
3330 1857 3476 1928 ἡμᾶς
3505 1854 3679 1910 ἐκεῖνο
3719 1851 3804 1907 λε-

435 1947 848 2011 consolatione
877 1963 892 2020 ;
927 1964 1003 2007 ne
1035 1945 1208 2006 nobis
1239 1965 1482 2025 quoque
1515 1949 1726 2008 merito
1755 1947 1900 2008 illud
1933 1947 2090 2008 dica-

2177 1947 2330 2025 χθείη
2391 1943 2634 2023 δικαίως,
2669 1944 2699 2000 ὃ
2756 1945 2842 2000 καὶ
2872 1945 3004 2020 πρὸς
3036 1945 3126 2000 τὸν
3174 1941 3431 2000 πλούσιον
3461 1942 3671 2021 εἴρηται
3723 1943 3799 2020 τὸ,

436 2047 552 2112 tur,
587 2035 744 2117 quod
771 2035 935 2096 diviti
961 2034 1186 2096 dictum
1217 2044 1326 2096 est:
1356 2036 1690 2116 Perrepisti
1713 2035 1865 2098 bona
1895 2045 2001 2098 tua
2021 2039 2089 2099 in

2177 2033 2471 2095 Ἀπέλαϐες
2537 2034 2602 2088 τὰ
2658 2033 2832 2110 ἀγαθά
2905 2055 2998 2088 σου
3067 2036 3126 2088 εν
3187 2039 3255 2110 τῇ
3313 2039 3428 2109 ζωῇ
3501 2054 3618 2093 σοι»,
3677 2032 3800 2109 Πρὸς

431 2130 560 2192 vita
615 2135 721 2188 tua
749 2125 827 2186 εν.
875 2123 980 2185 His
1035 2125 1278 2199 auditis,
1313 2144 1378 2186 se
1425 2125 1740 2186 abscondit
1789 2144 1995 2197 senex,
2031 2135 2089 2187 et

433 2237 545 2280 nec
577 2215 832 2278 habebat
868 2213 1110 2294 quidem
1143 2214 1386 2276 omnino
1413 2215 1570 2296 quod
1606 2223 1809 2277 sancto
1842 2233 2089 2296 respon-

431 2307 622 2370 deret.

514 2399 615 2459 82.
652 2396 929 2458 Ceterum
955 2393 1120 2455 illius
1146 2393 1447 2475 patientiae
1469 2404 1526 2457 et
1548 2395 1877 2456 tolerantia
1907 2396 2090 2457 multa

436 2485 678 2567 quidem
713 2483 984 2545 suntalia
1010 2503 1246 2564 quoque
1274 2484 1483 2565 signa;
1522 2491 1699 2546 testes
1725 2495 1918 2546 autem
1955 2495 2091 2546 sunt

432 2577 474 2637 ii
499 2573 874 2656 quoque.qui
897 2573 956 2633 in
983 2581 1252 2653 tempore
1274 2574 1639 2636 infirmitatis
1660 2573 1714 2634 ei
1736 2573 2085 2650 inserciere,

434 2664 588 2747 quod
620 2662 768 2725 nihil
802 2681 871 2723 ex
894 2663 1112 2725 anima:
1141 2663 1592 2743 operationibus
1620 2683 1652 2724 a
1675 2662 1884 2725 morbo
1909 2664 2092 2726 fuerit

431 2758 488 2817 ei
521 2762 1010 2832 surreptum,nec
1034 2753 1092 2813 in
1117 2771 1322 2814 amore
1345 2754 1682 2814 divinorum
1718 2753 2086 2832 eloquiorum

433 2847 566 2926 ipse
599 2842 845 2904 omnino
879 2840 1077 2920 seipso
1105 2842 1266 2902 visus
1287 2842 1363 2902 sit
1389 2843 1767 2917 inferior,aut
1791 2841 2084 2919 frigidior.

432 2936 536 2997 Est
567 2941 764 2993 autem
818 2932 931 2991 hoc
963 2949 1200 3010 quoque
1231 2931 1464 3010 signum
1521 2932 1894 2992 vehementis
1924 2931 2087 2992 illius

430 3041 630 3086 rerum
665 3019 998 3080 divinarum
1027 3020 1606 3082 meditationis.Nam
1641 3021 1754 3081 etsi
1773 3020 1932 3081 illius
1949 3040 2088 3082 ocu-

430 3115 523 3173 lus
565 3127 845 3172 sumnum
879 3125 1037 3189 smpe
1098 3110 1378 3186 gustavit,
1412 3120 1618 3188 utpote
1648 3111 1837 3170 ﬂexus
1867 3110 1940 3170 ab
1991 3130 2081 3187 ea,

2170 2133 2334 2182 ταῦτα
2395 2125 2483 2178 τὸν
2555 2121 2776 2199 γέροντα
2831 2120 3224 2199 ἐγκαλύψασθαι
3297 2125 3385 2178 καὶ
3442 2119 3610 2196 μηδὲν
3663 2119 3800 2197 ἔχειν

2171 2212 2308 2277 ὅλως
2368 2212 2554 2278 ἣντινα
2586 2213 2717 2290 πρὸς
2770 2220 2862 2267 τὸν
2895 2210 3042 2267 ὅσιον
3100 2213 3382 2280 ποιήσεται
3433 2211 3534 2278 τὴν
3588 2209 3802 2285 ἀπόκρι-

2171 2325 2280 2360 σιν.

2250 2389 2367 2468 πβ’,
2429 2389 2576 2457 Πλὴν
2608 2388 2745 2445 ἀλλὰ
2797 2395 2893 2456 τῆς
2925 2390 3202 2464 ὑπομονῆς
3261 2388 3466 2445 ἐκείνου
3495 2388 3582 2445 καὶ
3625 2403 3800 2462 καρτε-

2173 2481 2309 2560 ρίας,
2345 2478 2518 2536 πολλὰ
2575 2480 2672 2554 μὲν
2729 2480 2815 2535 καὶ
2876 2477 3013 2534 ἄλλα
3061 2480 3350 2556 τεκμήρια·
3411 2480 3687 2555 μάρτυρες,
3727 2471 3800 2547 δί,

2171 2572 2256 2628 καὶ
2313 2571 2360 2627 οἱ
2403 2571 2537 2625 κατὰ
2580 2570 2670 2625 τὸν
2729 2573 2827 2635 τῆς
2876 2567 3166 2645 ἀῤῥωστίας
3226 2568 3413 2646 καιρὸν
3445 2585 3627 2646 χειρας
3672 2562 3802 2635 αὖτῷ

2172 2662 2537 2736 ὑπηρετούσας
2594 2658 3001 2734 εἰσενεγκόντες,
3039 2655 3122 2713 ὅτι
3157 2656 3323 2731 μηδὲν
3378 2658 3518 2732 μήτε
3571 2654 3662 2710 τὰς
3711 2650 3798 2718 τῆς

2173 2749 2435 2827 ἐνεργείας
2465 2749 2566 2804 ὑπὸ
2595 2748 2693 2815 τῆς
2721 2748 2875 2803 νόσου
2915 2743 3307 2824 παραϐλαϐείη,
3342 2746 3486 2822 μήτε
3516 2745 3606 2800 τὸν
3646 2740 3798 2819 ἔρωτα

2172 2842 2276 2895 τῶν
2324 2840 2474 2894 θείων
2531 2837 2726 2913 λογίων
2776 2835 2931 2899 αὐτὸς
2989 2834 3160 2900 ἥττων
3217 2835 3432 2912 ὀφθείη,
3489 2830 3613 2909 μηδ’
3671 2829 3792 2890 ὁλως

2171 2929 2359 2985 ἑαυτοῦ
2414 2928 2502 2983 καὶ
2546 2928 2902 3004 ψυχρότερος.
2961 2933 3202 2999 Τημεῖον
3248 2923 3304 2979 δὲ
3361 2925 3453 2980 καὶ
3509 2928 3656 2978 τοῦτο
3707 2922 3794 2983 τῆς

2170 3014 2378 3082 πολλῆς
2439 3015 2640 3071 ἐκείνου
2696 3017 2810 3091 περὶ
2861 3014 2926 3070 τὰ
2955 3015 3076 3069 θεῖα
3130 3013 3485 3091 θερμότητος,
3519 3011 3603 3066 καὶ
3646 3005 3794 3080 μελέο

2168 3128 2292 3171 της.
2369 3105 2425 3160 Et
2482 3104 2580 3180 γὰρ
2649 3105 2736 3159 καὶ
2793 3102 3062 3181 ὀφθαλμὸς
3131 3106 3276 3176 αὖτῷ
3332 3103 3501 3160 ὕπνου
3555 3097 3794 3156 πολλάκις

430 3221 562 3284 quae
593 3199 794 3261 omnia
815 3198 1017 3278 vincit,
1050 3207 1351 3274 natura;at
1385 3200 1514 3277 ejus
1545 3199 1786 3278 quidem
1821 3209 1982 3259 certe
2005 3199 2086 3260 la-

2177 3196 2440 3272 γεύσαιτο,
2475 3195 2729 3273 καμφθεὶς
2776 3194 2878 3248 ὑπὸ
2935 3197 3035 3259 τῆς
3091 3193 3260 3250 πάντα
3291 3194 3527 3258 νικώσης
3583 3190 3793 3268 φύσεως,

431 3276 537 3354 bra
560 3287 882 3362 faciebant,
919 3276 1074 3367 quod
1109 3276 1579 3350 consueverant:
1602 3285 1889 3358 Quocirca
1914 3289 2088 3350 etiam

2177 3283 2318 3350 πλὴν
2389 3280 2527 3337 ἀλλὰ
2581 3283 2646 3338 λὰ
2701 3282 2864 3362 χείλη
2922 3289 3048 3360 γοῦν
3101 3283 3167 3339 τὰ
3236 3282 3429 3338 ἑαυτοῦ
3481 3281 3545 3336 τὰ
3614 3276 3795 3344 συνήθη

430 3380 698 3456 interim,
765 3377 903 3436 dum
936 3363 992 3435 _a
1047 3393 1257 3436 somno
1317 3387 1616 3455 surgeret,
1659 3375 1958 3438 canticum
2016 3378 2086 3438 ad

2177 3386 2348 3430 ποιεῖν
2403 3374 2493 3440 ἦν’
2527 3370 2606 3428 διὸ
2662 3373 2748 3429 καὶ
2798 3371 2992 3448 μεταξὺ
3039 3371 3311 3451 ἀναφέρων
3368 3372 3478 3427 ἀπὸ
3507 3366 3597 3424 τοῦ
3649 3363 3796 3420 ὕπνου

430 3470 619 3533 Deum
654 3454 1210 3545 comprehendebat
1239 3454 1442 3528 labris:
1480 3466 1630 3526 adeo
1663 3473 1725 3526 ut
1754 3467 1910 3545 quod
1946 3468 2089 3529 dicit

2177 3467 2268 3531 τὴν
2321 3464 2451 3542 πρὸς
2485 3464 2614 3518 Θεὸν
2672 3459 2814 3535 ᾠδὴν
2845 3461 2900 3517 ἐν
2943 3474 3061 3523 τοῖς
3121 3459 3328 3540 χείλεσι
3389 3454 3795 3529 κατελάμϐανεν,

431 3560 671 3624 divinus
701 3541 912 3631 David,
947 3554 1005 3614 in
1042 3572 1111 3614 eo
1148 3553 1548 3634 impleretur:
1607 3555 1688 3618 Et
1721 3541 1903 3619 noctu
1937 3575 2088 3619 can.-

2177 3553 2306 3609 ὥστε
2366 3541 2426 3608 τὸ
2457 3559 2550 3608 τοῦ
2606 3553 2744 3609 θείου
2778 3548 2957 3622 Δαϐίδ,
2989 3548 3168 3613 καλῶς
3209 3551 3297 3605 καὶ
3350 3547 3441 3605 ἐπ’
3478 3547 3618 3614 αύτῷ
3662 3541 3796 3606 πλη·

431 3651 613 3714 ticum
647 3649 780 3725 ejus
809 3652 893 3706 est
919 3643 1087 3724 apud
1110 3661 1200 3704 me
1228 3643 1312 3705 50.
1783 3645 1786 3647 ‘

2177 3645 2400 3721 σοῦσθαι,
2429 3642 2513 3717 τὸ,
2555 3643 2658 3698 Καὶ
2693 3641 2878 3702 νυκτὸς
2904 3638 3016 3714 ᾠδὴ
3048 3642 3201 3698 οὖτοῦ
3236 3638 3364 3717 παρ’
3386 3637 3536 3714 ἐμοί.

1915 3779 2144 3839 CAPUT
2189 3778 2324 3836 XIX.

1653 3893 1843 3971 Mors,
1888 3894 2218 3976 sepultura,
2265 3887 2591 3955 miracula.

507 4022 610 4085 83.
665 4023 853 4082 Porro
882 4026 1083 4080 autem
1120 4017 1305 4080 multa
1356 4036 1591 4098 quoque
1625 4017 1830 4080 dicunt
1859 4038 1992 4080 eum
2027 4019 2086 4081 in

2250 4015 2376 4094 πγ¹,
2414 4011 2592 4070 Πολλὰ
2647 4011 2744 4087 μὲν
2795 4010 2883 4067 οὖν
2931 4011 3017 4069 καί
3075 4011 3129 4066 ἐν
3177 4014 3246 4085 τῇ
3275 4005 3502 4084 σελευτῇ
3552 4024 3672 4086 φασι
3711 3998 3790 4056 τὸν

430 4122 621 4176 morte
652 4109 973 4177 divinasse,
999 4107 1180 4169 multa
1204 4093 1399 4169 autem
1437 4093 1610 4169 etiam
1637 4107 1982 4187 praedixisse
2014 4109 2088 4170 de

2177 4093 2331 4185 ἄνδρα
2387 4101 2706 4173 ὲπιθειάσαι,
2736 4099 2912 4157 πολλὰ
2941 4099 2996 4156 δὲ
3059 4100 3144 4155 καὶ
3175 4098 3292 4176 περὶ
3345 4105 3452 4154 τῶν
3483 4093 3788 4173 μελλόντων,

429 4198 788 4276 futuris,per
810 4197 1094 4275 Spiritum
1121 4199 1221 4277 qui
1248 4197 1310 4258 in
1337 4198 1464 4277 ipso
1494 4198 1902 4259 cohabitabat.
1937 4199 2082 4261 Nam

2177 4194 2253 4252 διὰ
2323 4201 2417 4251 τοῦ
2475 4189 2839 4252 συνοικοῦντος
2924 4193 3064 4263 αὖτῷ
3149 4188 3455 4262 Πνεύματος
3511 4188 3790 4262 προειπεῖν’

432 4309 566 4356 cum
617 4267 752 4347 eum
785 4267 1240 4346 circumsistens
1271 4267 1427 4346 totus
1459 4295 1644 4347 coetus
1675 4286 2084 4361 fraternitatis,

2177 4282 2393 4348 Ἐπειδη
2444 4283 2543 4359 γὰρ
2602 4280 2942 4357 περιστάντες
2985 4279 3142 4335 αὐτὸν
3201 4283 3304 4333 πᾶν
3346 4277 3406 4332 τὸ
3451 4275 3542 4342 τῆς
3583 4267 3792 4361 ἀδελφὸ-

433 4381 636 4463 specie
665 4374 906 4455 quidem
931 4373 1124 4448 illum,
1153 4393 1358 4435 revera
1383 4384 1582 4435 autem
1610 4375 1870 4453 seipsum
1908 4355 2090 4463 unus;

2177 4395 2334 4440 τητος
2391 4355 2684 4448 πλήρωμα,
2719 4369 2793 4442 τῷ
2836 4367 2934 4443 μὲν
2964 4365 3144 4423 δοκεῖν
3195 4368 3428 4439 ὲκεῖνον,
3465 4364 3529 4433 τῇ
3559 4358 3612 4416 δὲ
3664 4355 3792 4419 ἀλη-

433 4453 1061 4544 (ιύἰειιυε-ιίθίιεὺδι,υι
1081 4465 1179 4543 qui
1207 4463 1382 4523 talem
1404 4466 1641 4525 Patrem
1667 4461 2090 4543 amitteret,qui

2177 4464 2282 4534 θείᾳ
2354 4460 2578 4522 ἕκαστος
2648 4459 2833 4513 ἑαυτὸν
2898 4455 3208 4531 ἀπεδύρετο,
3271 4453 3480 4531 Πατέρα
3549 4453 3790 4518 τοιοῦτον,

433 4531 538 4615 eos
585 4531 646 4615 iu
679 4551 913 4616 Christo
962 4531 1168 4632 genuit
1200 4569 1266 4614 ex
1300 4551 1464 4614 Pauli
1514 4553 1834 4627 sententia,
1869 4531 2090 4632 quique

2177 4553 2292 4630 φεῦ,
2326 4546 2746 4618 ἀποϐάλλοντες,
2790 4545 2849 4610 ὃς
2902 4546 2956 4601 ἐν
3019 4550 3227 4620 Χριστῷ
3281 4542 3416 4598 κατὰ
3462 4536 3660 4598 Παῦλον
3705 4531 3791 4587 αὖ·

2237 4641 2248 4651 .
2357 4639 2370 4651 ι.
2429 4637 2439 4651 ι
2751 4635 2845 4651 κς-
3121 4639 3146 4648 .-
3363 4631 3372 4648 ν
3585 4625 3791 4651 λέλυμαι

433 4647 755 4704 carnalium
784 4625 1008 4718 patrum
1030 4647 1250 4702 viscera
1281 4647 1450 4716 longe
1469 4644 1727 4700 vincebat
1751 4625 1850 4700 sua
1877 4625 1933 4699 i-n
1962 4625 2090 4701 illos

2178 4625 2293 4703 νοὺς
2355 4637 2626 4717 ἐγέννησε,
2677 4635 2863 4710 πολλῷ
2920 4639 3185 4713 σαρκικῶν
3241 4631 3485 4709 πατέρων
3529 4625 3793 4718 σπλάγχνα

2237 4641 2248 4656 ε

2178 4663 2293 4703 νους

431 4732 771 4808 affectione,
800 4739 858 4792 et
881 4749 1015 4792 cum
1049 4749 1167 4810 quo
1201 4749 1317 4792 una
1349 4729 1700 4790 maluissent
1731 4727 2014 4803 deficere,
2043 4728 2091 4789 si

433 4821 565 4883 fieri
599 4823 907 4901 potuisset,
945 4839 1123 4901 quam
1181 4839 1313 4881 eum
1348 4819 1552 4880 videre
1585 4819 2002 4882 excedentem.
2037 4821 2093 4881 Is

433 4919 633 4974 autem
667 4929 799 4972 cum
834 4929 938 4972 eos
970 4909 1114 4971 satis
1147 4918 1309 4971 esset
1349 4908 1716 4980 adhortatus,
1752 4917 1815 4968 ut
1849 4909 1905 4968 in
1960 4908 2092 4970 loco

434 5009 944 5081 permanerent,et
969 5007 1030 5060 ut
1052 4999 1405 5078 ingruentes
1433 4998 1787 5058 tentationes
1810 4995 1881 5057 ad
1911 4997 2090 5059 tinem

434 5109 624 5172 usque
654 5089 884 5151 fortiter
909 5089 1225 5163 ferrent,et
1252 5095 1313 5149 ut
1337 5087 1426 5148 eis
1458 5086 1796 5163 obedirent,
1831 5087 1930 5162 qui
1967 5095 2094 5166 post

433 5183 632 5262 ipsum
661 5179 971 5260 praefuturi
1004 5187 1200 5238 essent
1236 5177 1692 5251 monasterio;et
1727 5177 2095 5256 praedixisset

435 5271 661 5349 omnia,
684 5289 816 5350 qua}
849 5275 1022 5329 erant
1054 5274 1365 5338 eventura,
1395 5266 1493 5328 dat
1525 5269 1612 5328 eis
1653 5266 1798 5328 illud
1830 5266 2090 5344 signum,

435 5358 592 5441 quod
620 5359 795 5420 ﬁnem
823 5365 1023 5420 essent
1048 5365 1364 5436 acceptura
1389 5374 1622 5437 ea,quze
1653 5355 1808 5416 dicta
1840 5364 1999 5418 sunt.
2033 5352 2094 5415 Si

436 5450 595 5510 enim
627 5457 758 5527 post
791 5467 1015 5520 meum,
1049 5445 1262 5526 inquit,
1302 5446 1616 5508 decessum
1653 5443 1917 5505 videritis
1949 5441 2096 5504 mihi

435 5557 672 5616 gregem
705 5540 932 5620 augeri,
968 5545 1027 5600 et
1053 5555 1169 5618 quo
1204 5535 1388 5615 magis
1435 5543 1673 5618 tempus
1705 5533 2093 5616 processerit,

515 5696 578 5750 29
607 5698 747 5762 Luc.
788 5716 909 5780 xw,
944 5698 1058 5804 95..
1131 5699 1193 5750 30
1221 5697 1377 5762 Psal.
1409 5715 1489 5778 LI,
1520 5698 1579 5764 9.

2176 4730 2244 4797 τῆ
2307 4707 2437 4806 πρός
2467 4707 2696 4789 ἐκείνους
2754 4707 3000 4780 νικῶντα⁷
3039 4707 3407 4802 φιλοστοργίᾳ,
3439 4720 3527 4777 καὶ
3577 4707 3790 4772 συνεκλι·

2177 4831 2302 4876 πεῖν
2352 4820 2496 4890 αὐτῷ
2536 4813 2763 4892 μᾶλλον,
2794 4813 2949 4893 εἴπερ
2981 4813 3117 4887 ,οἶόν
3161 4833 3218 4868 τε
3267 4811 3358 4881 ὴν,
3391 4810 3425 4876 ἢ
3486 4806 3792 4879 ἑκδημοῦντα

2175 4907 2306 4966 ίδεῖν
2377 4890 2681 4968 ἐϐούλοντο,
2745 4895 2802 4961 Ὀ
2877 4890 2931 4958 δέ
2989 4904 3184 4964 ἱκανῶς
3243 4902 3425 4964 αὺτοῖς
3496 4890 3790 4975 παραινέσας

2177 4999 2438 5073 ἐπιμονὴν
2492 4996 2591 5062 τὴν
2638 4994 2691 5049 ἐν
2736 4997 2810 5065 τῷ
2859 4993 3030 5070 τόπῳ,
3065 4995 3371 5066 πειρασμῶν
3415 5010 3468 5045 τε
3503 4993 3604 5044 τῶν
3645 4983 3790 5073 ἐπερ-

2177 5064 2428 5167 χομένων
2483 5082 2610 5162 ἄχρι
2641 5083 2728 5138 καὶ
2779 5064 2930 5143 τέλος
2970 5064 3270 5154 ὑπομονὴν,
3307 5077 3383 5134 ’ἑτι
3415 5099 3475 5155 γε
3526 5074 3629 5152 μὴν
3675 5064 3788 5167 ﬁt?“

2176 5156 2297 5240 τους
2345 5172 2462 5250 μετ’
2488 5156 2643 5230 «iis»,
2697 5176 2796 5238 τῆς
2847 5174 3017 5245 μονῆς
3070 5167 3494 5246 ἐξηγησομένους
3548 5156 3787 5250 ὑπακοὴν,

2177 5269 2350 5323 πάντα
2408 5286 2463 5319 τε
2515 5265 2580 5319 τὰ
2614 5261 3037 5336 καταληψόμενα
3087 5264 3386 5336 προειπών,
3430 5265 3653 5331 σημεῖον
3704 5242 3790 5336 αξξ·-

2177 5369 2295 5418 τοῖς
2343 5356 2435 5410 τοῦ
2491 5356 2576 5410 καὶ
2639 5352 2802 5431 πέρας
2855 5352 2919 5406 τὰ
2976 5327 3226 5428 εἰρημένα
3281 5344 3468 5403 λαϐεῖν
3527 5343 3692 5399 ἐκεῖνο
3719 5327 3789 5440 δί’

2178 5445 2362 5505 δωσιν.
2427 5446 2483 5502 Ei
2541 5445 2640 5519 μὲν
2698 5429 2798 5521 γὰρ
2842 5441 2977 5516 μετὰ
3033 5440 3131 5506 την
3183 5437 3344 5514 ἐμὴν,
3388 5435 3513 5516 ἔφη,
3563 5429 3791 5521 τελευξὴν

2181 5509 2552 5615 αὒξανὸμενό(
2584 5557 2675 5612 μοι
2705 5509 2780 5589 ’τὸ¹
2819 5531 3064 5612 ποίμνιον
3122 5526 3294 5614 ίδητε,
3329 5509 3440 5583 καὶ.
3469 5524 3576 5597 ὅσῳ
3609 5509 3790 5576 πᾶλλον
