4090 6198
370 332 479 403 551
1652 333 1935 402 MENSIS
1990 334 2023 399 J
2028 336 2132 402 AN
2139 334 2447 401 UARIUS.
3619 330 3737 401 552

374 485 592 548 corpus
642 462 879 531 ferebat
916 465 1041 548 jam
1104 470 1456 527 mortuum:
1517 472 1658 528 tunc
1689 464 1851 527 enim
1886 482 1964 526 er:

2064 468 2155 524 ιτὸ
2197 471 2354 545 σῶμα
2400 469 2781 550 παρεστηκὼς,
2826 466 3089 550 ἐτύγχανε
3133 467 3233 547 γὰρ
3277 469 3397 526 τότε
3425 469 3608 551 νήφων
3651 470 3742 527 καὶ

370 574 531 618 sanas
561 564 619 617 et
649 556 999 639 compositas
1025 555 1431 635 meniis,quod
1469 556 1759 636 majorem
1785 573 1964 635 quoqt

2099 558 2193 623 τὰς
2237 561 2429 639 φρένας
2460 561 2829 640 καθεστηκὼς,
2862 560 2891 616 ὃ
2921 560 3009 616 καὶ
3058 558 3268 635 μᾶλλον
3306 560 3451 634 αῦτῷ
3506 557 3736 639 σφοδρό-

372 645 429 707 ei
466 645 732 708 dolorem
786 644 1100 720 afferebat,
1133 654 1194 705 ut
1225 644 1328 724 qui
1363 653 1563 725 posset
1597 644 1964 707 considerari

2096 670 2247 728 τερον
2322 650 2526 718 ἀνῆπτε
2596 652 2658 708 τὸ
2729 650 2920 714 πένθος
2976 647 3275 729 λογίζεσθαι
3331 647 3605 725 δυναμένῳ
3662 650 3741 711 εἰς

370 739 430 795 in
464 734 698 815 qualem
732 734 1044 795 incidisset
1076 732 1287 794 infelix
1318 733 1743 811 calamitatem,
1769 738 1964 813 etquo

2094 737 2218 794 οἵαν
2262 740 2290 795 6
2346 738 2526 803 ἄθλιος
2578 739 2854 818 συμφορὰν
2914 738 3219 815 περιπέσοι,
3276 737 3373 794 καῖ
3437 737 3611 819 ὅπως,
3668 737 3739 807 ἣν

367 839 543 903 quam
576 822 763 883 solam
799 821 1063 883 habebat
1092 840 1260 902 spem
1295 821 1698 898 liberationis,
1752 840 1821 883 ea
1853 840 1964 903 quo

2091 828 2218 908 εἶχε
2274 829 2363 885 καὶ
2405 830 2577 896 μόνην
2619 827 2945 906 ἀπαλλαγῆς
2994 825 3203 907 ἑλπίδα,
3250 828 3339 886 καὶ
3393 828 3595 895 ταύτην
3624 826 3735 907 ἄφ-

363 929 479 990 que
509 909 586 971 sit
618 909 904 989 privatus,
964 929 1287 974 mansurus
1338 912 1416 975 sit
1466 920 1665 974 autem
1716 920 1964 992 perpetu

2091 919 2317 998 ᾕρηται,
2350 932 2507 995 μενεῖ
2534 916 2590 974 δὲ
2640 920 2702 974 τὸ
2754 917 2945 974 λοιπὸν
2983 917 3114 998 ἄχρι
3146 916 3327 982 τέλους
3359 917 3455 985 τὴν
3484 915 3738 997 χαλεπὴν

361 999 517 1061 hanc
566 1017 802 1079 gravem
866 1002 1175 1063 sustinens
1237 1002 1637 1081 tyrannidem,
1699 1010 1757 1062 et
1804 1001 1964 1063 feren

2091 1007 2288 1075 ταύτην
2343 1008 2699 1089 ὑφιστάμενος
2745 1005 3046 1086 ωρᾶννίδα,
3090 1008 3181 1064 καὶ
3209 1007 3303 1070 τὰς
3362 1006 3423 1063 ἐκ
3469 1006 3565 1063 τοῦ
3614 1003 3734 1063 δαί-

363 1095 585 1150 motum
621 1090 931 1163 daemonis,
965 1098 1232 1151 secretos
1264 1090 1400 1151 illos
1427 1091 1707 1170 impetus,
1739 1090 1964 1152 furore:

2089 1119 2251 1171 μονος
2308 1096 2591 1171 ὑπομένων
2660 1098 2901 1166 κινήσεις
2935 1144 2951 1176 ,
3011 1112 3105 1159 τας
3166 1093 3465 1174 προσϐολὰς
3525 1094 3733 1160 ὲκείνας

358 1176 743 1259 horribilem,
778 1187 837 1240 et
866 1197 998 1259 quze
1030 1179 1147 1240 dici
1182 1180 1411 1259 nequit,
1461 1181 1870 1257 agitationem,
1901 1198 1964 1241 ca

2089 1186 2183 1249 τὰς
2226 1185 2584 1266 ἀπορρήτους,
2628 1186 2726 1256 τὴν
2771 1187 2986 1261 μανίαν,
3030 1185 3121 1241 τὸν
3154 1182 3393 1265 φρικώδη
3420 1183 3613 1242 κλόνον
3642 1186 3730 1241 καὶ

358 1286 582 1348 susque
614 1267 1012 1342 miserabiles,
1068 1268 1168 1348 qui
1201 1287 1272 1328 ex
1307 1268 1393 1329 eis
1446 1268 1745 1345 oriuntur,
1781 1279 1838 1331 et
1864 1270 1964 1331 ine

2085 1274 2411 1354 ἀπόρρητον,
2459 1277 2549 1332 καὶ
2575 1276 2640 1333 τὰ
2670 1275 2872 1332 ξκεῖθεν
2906 1273 3108 1332 ἐλεεινὰ
3137 1274 3402 1349 πτώματα
3441 1275 3529 1331 καὶ
3586 1296 3727 1350 συμ-

358 1356 724 1419 narrabilem
750 1356 904 1437 apud
937 1357 1217 1419 homines
1249 1357 1661 1436 ignominiam.
1693 1361 1832 1422 Haec
1862 1364 1964 1421 cur

2084 1364 2350 1439 πτώματα
2394 1366 2482 1421 καὶ
2514 1365 2611 1432 τὴν
2642 1363 2939 1443 ἀδιήγησον
2983 1362 3035 1430 ἐξ
3088 1363 3378 1441 ἀνθρώπων
3432 1364 3720 1443 αἰσχύνην,

354 1446 557 1509 animo
587 1456 853 1509 versaret
904 1454 962 1509 et
1001 1456 1165 1509 recte
1221 1448 1607 1526 intelligeret,
1644 1447 1803 1529 quod
1837 1448 1961 1509 null

2083 1461 2258 1512 Ταῦτα
2302 1455 2386 1512 ἐπὶ
2418 1461 2536 1511 νοῦν
2569 1452 2857 1529 λαμϐάνων
2887 1454 2976 1511 καὶ
3007 1453 3187 1513 καλῶς
3215 1454 3430 1527 συνιὼν,
3462 1453 3537 1516 ὡς
3567 1451 3723 1509 οῦδε-

352 1554 492 1619 spes
519 1538 594 1598 de
624 1545 852 1613 cetero,
887 1544 945 1597 et
975 1536 1141 1597 nulla
1172 1539 1243 1597 ah
1278 1537 1365 1597 eis
1416 1537 1621 1599 relicta
1654 1547 1812 1600 esset
1842 1537 1960 1600 libe

2080 1545 2177 1619 μία
2209 1546 2271 1600 τὸ
2315 1544 2504 1601 λοιπὸν
2549 1543 2725 1624 ἐλπὶς,
2766 1542 2983 1619 οὒδεμία
3014 1548 3117 1599 τῶν
3147 1543 3402 1600 τοιούτων
3430 1540 3723 1620 ἀπαλλαγὴ

352 1625 528 1701 ratio,
561 1625 721 1705 gravi
752 1625 958 1687 dolore
988 1643 1094 1687 cor
1124 1627 1180 1688 ei
1212 1625 1565 1702 feriebatur,
1604 1627 1742 1705 igne
1771 1627 1963 1689 viscer

2080 1633 2486 1710 καταλείπεται,
2520 1632 2727 1695 ὀδύναις
2784 1633 2882 1702 τὴν
2940 1631 3153 1711 καρδίαν
3196 1632 3388 1699 ὀξείαις
3440 1630 3718 1706 ἐϐάλλετο,

349 1714 852 1789 incendebantur,
913 1714 1265 1791 gravissimo
1316 1714 1479 1777 luctu
1515 1716 1713 1778 anima
1746 1716 1960 1779 teneba

2077 1722 2143 1779 τὰ
2188 1722 2480 1805 σπλάγχνα
2524 1724 2644 1801 πδρὶ
2708 1722 3088 1801 διεπίμπρατο,
3134 1721 3414 1799 βαρυτάτῳ
3467 1722 3569 1788 τὴν
3612 1726 3723 1798 ψυο

352 1816 483 1885 tur;
518 1809 662 1891 quid
696 1828 814 1871 non
846 1807 1134 1872 dicebat?
1186 1808 1332 1890 quid
1367 1828 1485 1870 non
1517 1808 1771 1871 faciebat
1806 1811 1958 1873 mise

2080 1814 2190 1892 χὴν
2248 1811 2426 1870 πένθει
2485 1814 2797 1893 κατείχετο.
2860 1814 2920 1871 Τί
2964 1812 3061 1887 μὲν
3092 1812 3152 1869 οὗ
3188 1810 3385 1891 λέγων,
3435 1810 3486 1867 τί
3524 1809 3581 1866 δὲ
3641 1811 3721 1885 μὴ

348 1886 589 1962 ιιιιὶιίιρῖἳ
618 1898 868 1980 capillos
898 1897 1118 1960 acerbe
1164 1886 1417 1975 vellens,
1454 1906 1665 1979 pectus
1699 1899 1871 1962 valde
1901 1900 1964 1961 ἷυ·

2079 1886 2326 1980 πράττων
2410 1886 2695 1979 ἆλεεινόνξ
2775 1886 2973 1959 τίλλων
3046 1901 3142 1964 τὰς
3212 1886 3403 1981 τρίχας
3487 1906 3717 1979 πικρῶς,

347 1988 537 2063 tiens,
595 1988 792 2051 fronte
856 1988 1077 2050 misere
1127 1987 1320 2049 solum
1357 1987 1627 2069 pulsans,
1662 1989 1906 2069 longum
1940 2010 1964 2053 ε

2078 1991 2334 2062 πλήττων
2378 1994 2443 2048 τὰ
2507 1990 2695 2071 στέρνα
2751 1989 3015 2071 σφοδρῶς,
3076 1991 3153 2065 τῷ
3213 1990 3448 2065 μετώπῳ
3506 1990 3723 2047 κόπτων

343 2085 584 2142 acutum
618 2079 876 2158 ejulans,
910 2077 1096 2158 pedes
1124 2075 1328 2157 rigans
1372 2076 1672 2158 lacrymis,
1722 2097 1858 2141 eum
1892 2099 1964 2161 qu

2077 2079 2259 2145 δεινῶς
2318 2082 2380 2138 τὸ
2424 2080 2640 2160 ἔδαφος,
2687 2079 2773 2146 ὀξὺ
2826 2083 2914 2137 καὶ
2971 2081 3175 2159 μακρὸν
3238 2080 3574 2159 ἆνοιμώζων,
3618 2077 3719 2135 δά-

336 2166 601 2249 jacebat,
663 2175 942 2249 tanquam
993 2166 1189 2226 vivum
1243 2166 1607 2246 alloquens:
1658 2167 1773 2241 Qui
1830 2169 1961 2231 solu

2075 2193 2225 2248 κρυσι
2296 2168 2641 2241 κατακλύζων
2712 2170 2831 2233 τοὺς
2890 2168 3081 2244 πόδας,
3130 2171 3201 2233 ὡς
3245 2176 3404 2241 ζῶντι
3462 2175 3541 2243 τῷ
3596 2188 3719 2224 κει-

346 2266 474 2321 erat
502 2275 663 2338 spes,
716 2255 934 2338 inquit,
986 2255 1151 2317 solus
1208 2264 1502 2330 servator,
1536 2255 1788 2331 recedit,
1840 2256 1964 2317 reli-

2075 2260 2219 2336 μένῳ
2253 2257 2629 2338 διαλεγόμενος
2672 2276 2687 2291 ⁸
2719 2249 2782 2316 Ἠ
2816 2261 2981 2338 μόνη,
3014 2257 3212 2335 λέγων,
3265 2257 3438 2331 ἐλπὶς,
3477 2259 3504 2313 6
3549 2256 3715 2333 μόνος

343 2346 470 2429 quit
503 2365 610 2409 nos
667 2345 905 2408 deditos
963 2345 1245 2409 daamoni.
1306 2344 1617 2417 Quodnam
1669 2345 1865 2407 adhuc
1898 2365 1962 2408 es

2069 2353 2250 2427 σωτὴρ
2280 2349 2523 2430 οἴχεται,
2581 2346 2991 2427 καταλέλοιπεν,
3050 2346 3300 2412 ἓκδότους
3347 2349 3495 2422 ἡμᾶς
3537 2347 3712 2427 ἀφῆκε

341 2433 698 2518 refugium?
729 2452 1000 2517 quasnam
1028 2443 1119 2497 est
1147 2436 1344 2498 adhuc
1366 2435 1730 2516 exspectatio
1750 2435 1781 2496 ?
1812 2436 1964 2498 Nunt

2067 2446 2144 2513 τῷ
2186 2438 2422 2515 δαίμονι.
2484 2439 2573 2505 Τίς
2630 2437 2704 2494 ἔτι
2758 2439 3038 2516 καταφυγή
3077 2457 3093 2511 ;
3143 2438 3216 2500 τίς
3251 2436 3325 2493 ἔτι
3370 2435 3657 2516 προσδοκία
3693 2456 3712 2513 ς

343 2526 478 2590 ensi
530 2526 743 2589 melius
802 2533 893 2588 est
951 2543 1058 2587 sua
1115 2530 1329 2604 sponte
1385 2525 1787 2588 incumbere:
1826 2545 1964 2587 nunc

2068 2536 2153 2587 νῦν
2210 2528 2295 2585 ἐπὶ
2330 2527 2472 2609 ξίφος
2531 2530 2721 2585 ἑκόντα
2778 2540 3029 2607 κρεῖττον
3058 2525 3257 2606 ἐλθεῖν,
3292 2533 3380 2584 νῦν
3436 2526 3522 2583 ἐπὶ
3579 2533 3706 2606 πῦρ⁹

2064 2626 2152 2676 νῦν
2183 2619 2266 2675 ἐπὶ
2321 2616 2608 2693 θὶλατταν,
2668 2618 2755 2675 καὶ
2808 2616 2947 2673 οὕτω
2992 2630 3183 2696 φυγεῖν
3212 2614 3463 2691 δαίμονος
3520 2614 3709 2673 ἐπιθέ-

2062 2730 2198 2772 σεις.

336 2615 564 2697 ignem,
599 2634 759 2678 nunc
791 2633 955 2677 mare
987 2615 1242 2693 ingredi,
1275 2625 1333 2676 et
1362 2614 1449 2680 sic
1479 2614 1769 2677 daemonis
1799 2615 1985 2678 insul-

336 2713 431 2768 tus
463 2705 750 2785 eﬂ‘ugere.

416 2795 519 2858 87.
551 2794 689 2857 Haec
715 2794 943 2857 deﬂens
966 2794 1200 2870 infelix,
1232 2814 1297 2858 se
1319 2792 1379 2856 in
1402 2795 1621 2856 lectum
1645 2794 1964 2875 dejecerat,

2142 2795 2256 2869 πζ’.
2315 2804 2543 2855 Τοιαῦτα
2624 2799 2653 2854 6
2726 2794 2998 2877 δυστυχὴς
3054 2794 3370 2875 ὀδυρόμενος
3425 2795 3493 2864 τῆ
3548 2794 3703 2872 κλίνῃ

336 2883 812 2966 amplectebatur
829 2882 1406 2965 reliquias,malebat
1421 2890 1543 2945 una
1562 2902 1696 2945 cum
1717 2901 1788 2945 eo
1810 2901 1964 2963 sepe

2064 2885 2443 2966 προσὲῤῥιπτο,
2503 2894 2577 2961 τῷ
2621 2885 2861 2962 λειψάνῳ
2919 2884 3330 2966 περιεπλὲκετο,
3377 2890 3704 2966 συνταφῆναι

334 2972 453 3047 liri,
490 2992 670 3054 quam
701 2972 895 3037 lucem
928 2973 1225 3053 aSpicere,
1263 2971 1363 3033 tali
1398 2978 1650 3052 tyranno
1681 2972 1964 3035 serviens.

2064 2975 2270 3051 μᾶλλον
2325 2978 2513 3055 ᾕρεῖτο
2570 2974 2605 3044 ἦ
2648 2982 2761 3057 φῶς
2832 2976 2959 3054 ὃρᾷν
3016 2976 3242 3049 τοιούτῳ
3284 2974 3522 3053 τυράννῳ
3575 2974 3701 3033 δου-

337 3064 485 3134 Quid
506 3081 645 3138 ergo
670 3066 821 3123 Deus
843 3078 1038 3121 rerum
1062 3063 1521 3122 admirabilium?
1544 3065 1721 3121 Movet
1742 3064 1964 3135 quidem

2064 3064 2253 3125 λεύων.
2299 3066 2359 3122 Τί
2404 3068 2491 3123 οὗν
2526 3067 2554 3121 ὁ
2610 3068 2717 3121 τῶν
2767 3066 3072 3140 θαυμασίων
3116 3064 3248 3129 Θεός
3284 3084 3299 3139 ;
3338 3074 3489 3122 Κινετ
3530 3065 3630 3140 μὲν
3674 3067 3702 3121 6

335 3150 570 3214 daemon
601 3151 867 3223 interim,
903 3150 1045 3210 dum
1078 3151 1205 3224 ﬂet,
1240 3148 1643 3230 hominem,et
1671 3168 1808 3210 cum
1838 3167 1964 3210 eum

2064 3153 2259 3230 δαίμων
2304 3154 2496 3229 μεταξ)
2553 3161 2649 3213 τοῦ
2688 3156 2882 3233 θρήνου
2937 3156 3028 3212 τὸν
3089 3153 3390 3233 ἄνθρωπαν,
3461 3151 3703 3212 καταϐα-

332 3241 499 3304 bumi
530 3240 938 3320 dejecisset,et
964 3246 1155 3299 totum
1190 3238 1382 3318 ipsum
1406 3237 1468 3297 in
1491 3237 1680 3299 oculis
1703 3242 1964 3300 omnium

2064 3241 2166 3300 λὼν
2224 3242 2281 3300 δὲ
2324 3246 2400 3308 είς
2438 3245 2568 3325 γῆν,
2613 3246 2702 3303 καὶ
2744 3242 2868 3300 ὅλον
2927 3244 3087 3303 αὺτὸν
3129 3243 3184 3299 ἰν
3232 3242 3528 3322 ὀφθαλμοῖς
3556 3240 3700 3299 πάδ-

329 3330 739 3401 dilacerasset,
769 3334 830 3387 ut
859 3326 953 3388 vel
986 3326 1073 3387 sic
1106 3326 1577 3389 involuntarium
1610 3327 1964 3406 significaret

2064 3355 2164 3389 των
2207 3331 2573 3413 διαπαραξας,
2632 3332 2724 3390 ἵνα
2799 3333 3051 3391 ἀκούσιον
3122 3332 3263 3390 οὕτω
3320 3331 3544 3409 δηλώσῃ
3604 3332 3700 3400 τὴν

326 3434 970 3497 recessum,quamque
1000 3416 1349 3478 hominibus
1381 3416 1722 3491 infestus,et
1752 3426 1964 3498 quanto

2064 3422 2433 3503 ἀναχώρησιν,
2494 3426 2582 3479 καὶ
2639 3422 2763 3481 ὅσον
2817 3424 2878 3479 τὸ
2934 3426 3063 3501 πρὸς
3107 3422 3408 3501 ἀνθρώπους
3462 3421 3700 3501 ἂπεχθὲς

326 3510 387 3571 in
414 3527 516 3571 eos
537 3508 767 3569 cleatur
789 3505 1159 3583 furore,cum
1186 3506 1607 3587 relinquit,aut
1627 3507 1823 3588 potius
1844 3508 1964 3589 ipse

2064 3511 2240 3588 ὲκείνῳ
2293 3514 2380 3569 καὶ
2458 3514 2704 3589 μανικὸν,
2786 3511 3092 3571 ἀπολείπει.
3167 3511 3202 3579 ἢ
3274 3510 3479 3586 μᾶλλον
3537 3510 3697 3576 αὐτὸς

322 3596 906 3671 exturbatur,motus
936 3596 1170 3676 ﬂagello
1197 3596 1512 3660 diviniore.
1534 3595 1634 3660 Sic
1657 3616 1799 3678 ergo
1830 3598 1885 3659 ei
1915 3607 1964 3660 et

2064 3602 2328 3665 ἐξωθεῖται
2436 3606 2657 3680 μάστιγι
2754 3600 2994 3681 θειοτέρᾳ
3095 3601 3431 3676 κινούμενος.
3511 3600 3691 3665 Οὕτως

321 3686 476 3760 vivo,
510 3693 723 3767 etpost
752 3693 1005 3748 mortem
1042 3686 1223 3748 cessit
1277 3694 1462 3767 terra,
1522 3695 1582 3749 et
1634 3689 1875 3763 coelum,
1913 3696 1964 3750 et

2064 3693 2194 3767 τί)τῷ
2236 3694 2324 3748 καὶ
2366 3697 2523 3763 ζῶντι
2567 3693 2655 3749 καὶ
2709 3692 2844 3752 μετᾶ
2904 3692 3125 3748 θάνατον
3167 3689 3237 3769 γῆ
3278 3711 3337 3747 τε
3382 3690 3532 3770 εἶχε,
3594 3690 3695 3745 καῖ

324 3794 509 3853 mare,
546 3786 605 3840 et
629 3794 755 3857 aer,
784 3784 845 3839 et
872 3776 1173 3838 daamones
1204 3796 1219 3851 ;
1254 3783 1415 3839 terra
1460 3775 1700 3858 quidem
1733 3796 1767 3838 a
1796 3776 1963 3855 feris,

2064 3780 2296 3859 >ῦρανὸς,
2352 3780 2447 3838 καί
2505 3781 2769 3860 θάλασσα,
2830 3781 2918 3838 καὶ
2961 3780 3087 3857 ἀὴρ,
3149 3781 3236 3839 καὶ
3268 3778 3514 3853 δαίμονες
3550 3794 3563 3809 ⁶
3616 3778 3689 3855 γῆ

318 3866 534 3930 coelum
569 3885 706 3929 vero
735 3885 768 3928 a
801 3867 1093 3941 siccitate,
1133 3885 1294 3928 mare
1354 3876 1550 3929 autem
1585 3885 1619 3928 a
1651 3867 1959 3946 periculis,

2064 3872 2143 3928 ιὲν
2191 3871 2408 3951 θηρίων,
2437 3870 2657 3950 οὖρανὸς
2703 3870 2758 3926 δὲ
2788 3870 3025 3950 αὐχμοῦ,
3058 3869 3296 3927 θάλασσα
3327 3868 3382 3925 δὲ
3410 3868 3686 3946 κινδύνων,

314 3975 420 4019 aer
450 3964 644 4020 vestro
667 3974 701 4018 a
734 3956 969 4019 locusta
999 3965 1058 4019 et
1083 3955 1337 4037 brucho,
1360 3957 1665 4019 daemones
1695 3966 1894 4020 autem
1930 3976 1964 4019 a

2064 3961 2146 4039 ἱὴρ
2177 3958 2231 4016 δὲ
2263 3958 2495 4039 ἁκρίδος,
2530 3962 2687 4039 φημὶ,
2726 3961 2813 4017 καὶ
2841 3958 3350 4040 βρούχου,δαίμονες
3381 3957 3436 4014 δὲ
3460 3957 3688 4036 πληγῶν

316 4047 505 4128 plagis
528 4045 806 4108 homines
832 4046 1061 4107 liberos
1082 4046 1524 4124 relinquentes:
1560 4054 1619 4107 et
1652 4046 1800 4107 nihil
1826 4047 1958 4128 fuit,

2064 4051 2163 4113 τοὺς
2195 4051 2499 4128 ἀνθρώπους
2532 4049 2925 4129 ἐλευθεροῦντες
2951 4064 2966 4079 ⁸
2999 4048 3097 4106 καῖ
3126 4048 3276 4107 οὐδὲν
3304 4050 3464 4105 αὐτοῦ
3494 4046 3683 4105 λοιπὸν

316 4135 474 4216 quod
509 4154 629 4196 non
663 4135 953 4217 deinceps
984 4135 1111 4214 ejus
1143 4143 1466 4198 testaretur
1495 4135 1771 4197 virtutem
1804 4136 1959 4198 mul-

2064 4144 2141 4207 τῆς
2171 4139 2363 4217 ἆρετῆς
2393 4138 2488 4195 καῖ
2541 4141 2639 4208 τῆς
2669 4138 2878 4206 πολλῆς
2910 4138 3117 4207 ἐκείνης
3149 4140 3278 4219 πρὸς
3310 4139 3440 4196 Θεὸν
3470 4136 3686 4216 παῤῥη-

314 4232 554 4303 tamque
585 4223 748 4304 apud
775 4242 912 4285 eum
949 4224 1254 4287 ﬁduciam.

394 4313 498 4375 88.
534 4312 679 4375 Cum
710 4320 907 4375 autem
939 4314 1095 4375 fama
1116 4323 1368 4394 repente
1400 4315 1459 4377 in
1487 4332 1727 4377 omnem
1762 4317 1959 4379 locum

317 4403 702 4483 pervasisset,
726 4403 885 4483 quod
920 4410 979 4464 et
1011 4421 1263 4482 magnus
1284 4403 1660 4468 Theodosius
1681 4405 1754 4465 ad
1786 4425 1957 4468 suum

309 4491 632 4555 Dominum
661 4494 786 4573 jam
819 4492 1198 4569 excessisset,
1229 4502 1287 4555 et
1316 4512 1594 4573 magnum
1627 4494 1702 4557 de
1730 4494 1959 4557 daemo-

312 4583 486 4646 niaco
518 4582 874 4645 miraculum
909 4590 1068 4645 esset
1100 4602 1133 4644 a
1156 4602 1275 4645 non
1299 4584 1508 4664 paucis
1531 4582 1841 4645 auditione
1863 4602 1960 4648 ac-

2044 4231 2159 4292 σίας
2192 4229 2491 4307 ἀμάρτυρον
2504 4277 2515 4288 .

2124 4317 2252 4385 πη¹.
2300 4323 2408 4385 Τῆς
2453 4321 2541 4374 οὗν
2594 4319 2784 4399 φήμης
2841 4318 3029 4397 ἁθρόον
3073 4318 3246 4377 πάντα
3304 4315 3686 4395 διαλαϐοῦσης,

2042 4407 2124 4463 ὅτι
2170 4428 2227 4463 τε
2285 4409 2311 4462 6
2345 4405 2512 4483 μέγας
2543 4406 2648 4475 ἤδη
2680 4409 2770 4465 τὸν
2812 4409 3013 4465 οἰκεῖον
3068 4405 3349 4472 Θεοδόσιος
3384 4405 3688 4483 ἔκδημήσοι

2046 4495 2348 4570 Δεσπότην,
2390 4496 2484 4552 καί
2519 4495 2584 4564 δὴ
2616 4497 2825 4554 καὶτοῦ
2869 4497 3006 4554 κατὰ
3054 4498 3145 4553 τὸν
3201 4494 3539 4572 δαιμονῶντα
3567 4497 3688 4554 θαύ-

2044 4608 2211 4661 ματος
2268 4585 2459 4650 ἀκοαῖς
2512 4587 2606 4643 οὖκ
2662 4585 2871 4665 ὀλίγαις
2903 4584 3258 4667 διαδοθέντος,
3294 4585 3488 4666 Πέτρος
3520 4588 3548 4643 ὀ
3579 4585 3685 4661 μέ-

312 4644 578 4752 ceptum,
598 4644 809 4733 Petrus
841 4644 1359 4752 illemagnus,qui
1391 4644 1956 4753 tuncapostolicam

2064 4697 2167 4752 (ας,
2198 4644 2255 4730 ⁷ὁ
2338 4644 2458 4730 τὸν-
2502 4644 2869 4732 ἆποστολιικὸν
2923 4675 2977 4731 ἐν
3048 4644 3434 4755 Ἱεροσολόμοιις
3475 4644 3687 4755 ⁷θρόνον

311 4761 517 4823 sedem
552 4760 796 4824 tenebat
824 4760 1276 4842 Hierosolymis,
1308 4761 1954 4843 ille,inquam,Petrus,

2064 4770 2333 4831 εηνικαῦτα
2388 4762 2606 4838 διέπων,
2642 4762 2842 4843 Πέτρος
2886 4765 3095 4829 ἐκεῖνος
3127 4767 3155 4821 6
3217 4763 3382 4830 πολὺς
3434 4766 3535 4841 μὲν
3584 4766 3686 4833 τὴν

308 4850 480 4930 cujus
503 4869 714 4930 magna
735 4850 978 4929 quidem
1001 4850 1111 4913 fuit
1131 4851 1536 4925 fama,famam
1561 4859 1758 4914 autem
1779 4870 1957 4933 supe-

2064 4852 2252 4929 ᾳῆμην,
2314 4854 2507 4928 μείζων
2578 4850 2633 4908 δὲ
2694 4853 2796 4920 τῆς
2863 4853 3049 4934 φήμης
3106 4854 3204 4923 τὴν
3262 4854 3478 4933 ἀρετὴν,
3548 4857 3685 4930 μετᾶ

305 4939 475 5002 rabat
494 4940 702 5016 virtus;
727 4940 962 5002 accedit
996 4960 1131 5002 cum
1166 4940 1368 5003 multis
1400 4940 1530 5002 aliis
1551 4940 1854 5021 episcopis
1883 4941 1956 5001 ad

2064 4942 2255 4999 πολλῶν
2316 4944 2402 4998 καὶ
2433 4941 2610 4998 ἄλλων
2641 4941 2949 5001 ἐπισκόπων
2981 4945 3111 5023 πρὸς
3144 4947 3243 5008 τὴν
3288 4951 3383 5001 τοῦ
3426 4942 3683 5021 λειψάνου

308 5029 694 5111 sepeliendas
715 5028 1315 5111 reliquiasUndique
1339 5038 1534 5091 autem
1558 5028 1959 5091 concurrebat

2064 5033 2213 5111 ταφὴν
2270 5033 2639 5111 παραγίνεται.
2702 5033 2992 5114 Συντρέχει
3065 5031 3119 5089 δὲ
3191 5034 3532 5114 πανταχόθεν
3589 5032 3686 5091 καῖ

307 5118 696 5180 etmultitudo
712 5118 1145 5181 monachorum
1160 5119 1337 5180 simul
1354 5125 1412 5180 et
1430 5117 1755 5197 promiscui
1773 5117 1953 5195 vulgi.

2064 5119 2244 5188 ιλῆθος
2306 5127 2589 5196 μοναστιῖιν
2663 5122 2775 5198 ἅμα
2831 5126 2919 5180 καὶ
2986 5121 3250 5200 μιγάδων.
3325 5124 3431 5181 Καῖ
3487 5124 3683 5187 πάντες

305 5203 531 5269 Omnes
547 5216 748 5270 autem
764 5207 1019 5269 multum
1038 5206 1631 5289 ponebantstudii,ut
1651 5217 1709 5268 et
1724 5214 1954 5287 partem

2069 5212 2197 5288 γγὺς
2228 5208 2469 5288 γενέσθαι
2530 5213 2616 5268 καὶ
2660 5214 2803 5278 τινὸς
2863 5210 3096 5289 ἅψασθαι
3148 5212 3361 5292 μέρους,
3407 5211 3520 5269 εἴτε
3576 5214 3682 5271 τῶν

303 5295 563 5378 aliquam
589 5297 978 5375 attingerent,
1011 5305 1115 5358 aut
1143 5304 1484 5359 sanctorum
1510 5293 1673 5355 illius
1696 5294 1951 5375 capillo-

2064 5299 2203 5376 ιγίων
2260 5299 2462 5356 ἐκείνου
2511 5308 2739 5381 τριχῶν,
2791 5300 2904 5358 εἴτε
2938 5306 3035 5369 τῆς
3063 5303 3204 5379 ἱερᾶς
3238 5303 3482 5377 ἐσθῆτος,
3522 5304 3684 5381 ἧγοῦν

305 5400 464 5459 rum,
500 5393 602 5444 aut
630 5401 814 5445 sacrae
843 5383 1047 5457 vestis,
1083 5390 1187 5445 aut
1213 5392 1376 5445 certe
1405 5390 1467 5444 ut
1498 5382 1587 5443 vel
1620 5382 1814 5445 solum
1843 5402 1952 5464 ap-

2064 5388 2125 5445 ιαὶ
2181 5387 2481 5455 πλησιάσαι
2541 5393 2703 5465 μόνον
2761 5392 2847 5447 καὶ
2901 5391 3001 5459 τὴν
3045 5392 3309 5469 μακαρίαν
3356 5390 3481 5469 ὄψιν
3522 5391 3682 5473 ἰδεῖν,

304 5472 871 5552 propinquarent,et
894 5472 1131 5535 beatum
1170 5472 1341 5533 illum
1375 5473 1600 5561 vultum
1633 5471 1946 5535 viderent:

2064 5474 2273 5543 τπουδῆς
2325 5474 2468 5543 ἄξιον
2514 5476 2831 5536 ἐποιοῦντο·
2893 5480 2981 5535 καὶ
3041 5479 3232 5559 χρῆμα
3276 5478 3473 5556 κομιδῇ
3525 5471 3683 5561 περιέ

304 5569 365 5621 et
393 5561 469 5650 de
522 5579 592 5623 eo
625 5569 785 5624 tanta
814 5562 1155 5624 certabatur
1199 5560 1613 5650 contentione,
1649 5571 1712 5623 ut
1742 5580 1817 5623 ne
1850 5562 1955 5623 diu

2064 5567 2320 5646 ιάχὴτον,
2371 5565 2510 5623 ὥστε
2557 5565 2690 5642 μηδέ
2730 5574 2801 5643 τῷ
2833 5566 3073 5645 λειψάνῳ
3106 5568 3271 5650 μέχρι
3327 5568 3532 5627 πολλοῦ
3584 5560 3685 5638 τὴν

305 5647 550 5729 quidem
568 5651 1024 5730 permitteretur
1035 5651 1295 5735 sepelire
1309 5649 1721 5735 reliquiassed
1740 5652 1956 5714 melius

2064 5659 2213 5735 ςαφὴν
2274 5660 2694 5736 συγχωρεῖσθαι,
2748 5656 2887 5715 ἀλλᾶ
2916 5671 3163 5738 κρεῖττον
3181 5647 3321 5716 ναῦτὸ
3352 5659 3679 5733 νομίζεσθαι.
