4072 6206
272 337 394 405 553
1241 331 1429 401 VITA
1473 336 1578 400 SS.
1627 336 1983 400 HERMYLI
2053 334 2149 401 ET
2193 337 2682 403 STRATONICI.
3535 350 3651 414 554

270 475 366 530 καὶ
411 473 532 534 τοὺς
589 471 676 528 ἐπὶ
731 477 901 547 νεκρῷ
960 468 1152 546 νόμους
1210 469 1514 551 διαφυγεῖν,
1551 475 1688 528 Εἶτα
1745 469 1947 545 μόλιςΑ

2035 469 2430 534 ristimaretur
2454 470 3112 554 praetermitterejusla
3143 495 3280 555 quae
3312 478 3463 541 iiunt
3494 499 3652 542 mor-

265 564 401 620 ποτὲ
430 570 523 618 τοῦ
551 559 786 628 πλήθους
819 557 1060 638 ἐφέντος,
1094 559 1285 634 τιμίως
1318 563 1454 636 ὁμοῦ
1511 562 1597 616 καὶ
1642 559 1916 636 λαμπρῶς

2035 557 2376 620 uis.Deinde
2401 576 2537 620 vero
2563 561 2801 621 tandem
2829 563 3216 638 permittente
3242 568 3646 644 multitudine,

269 655 340 711 τὸ
397 653 573 726 τίμιον
613 650 797 708 ἐκεῖνα
839 650 926 705 καὶ
954 651 1188 726 οὐρανῶν
1222 648 1364 714 ἄξιον
1410 652 1478 726 τῇ
1522 656 1594 727 γῇ
1635 649 1917 706 κατατίθε-

2035 648 2332 709 ιοηοιιίίίεθ
2355 648 2533 709 simul
2560 659 2619 710 et
2650 649 2965 730 splendide
2984 653 3132 716 illud
3156 657 3569 721 venerandum
3595 671 3653 723 et

269 765 366 800 ται
413 743 569 816 σῶμα
624 741 713 796 καὶ
771 737 1097 796 καλόπτεται
1135 752 1148 768 ⁸
1197 741 1303 818 οὔχ
1333 741 1407 802 ὡς
1437 740 1762 816 κρύπτεσθαι
1823 737 1919 794 καῖ

2042 738 2174 798 nalis
2204 737 2448 815 dignum
2487 756 2704 828 corpus
2737 746 2912 802 terra)
2950 744 3272 806 mandatur
3299 751 3652 828 etcontegi-

272 832 465 890 λαθεῖν
519 832 819 910 προσῆκον,
854 826 1033 892 ἄλλως
1064 827 1295 892 πλοῦτος
1328 827 1533 904 μᾶλλον
1582 829 1670 885 καὶ
1711 830 1921 894 θησαυ-

2036 845 2127 919 υιίε
2157 845 2274 887 non
2295 827 2542 919 utquod
2575 838 2890 919 oporteret
2912 831 3158 910 quidem
3180 832 3320 895 abdi
3357 844 3413 896 et
3443 826 3652 919 latere,

275 924 371 1000 ρὸς
427 933 548 986 τοῖς
591 917 856 1000 φιλοθέοις
899 917 1313 994 ταμιευόμενον,
1349 919 1424 982 είς
1476 916 1628 984 δόξαν
1672 924 1765 974 τοῦ
1818 926 1928 974 Κυ-

2035 915 2118 977 :ed
2153 915 2312 996 quod
2346 915 2697 980 servabatur
2729 918 2923 996 potius
2947 920 3084 1001 piis,
3116 931 3396 1004 tanquam
3425 945 3571 1006 opes
3598 915 3658 988 et

277 1012 395 1090 ρίου
441 1009 599 1084 ἡμῶν
653 1008 836 1075 ἰησοῦ
893 1007 1144 1088 Χριστοῦ,
1208 1009 1320 1084 ἅμα
1363 1010 1440 1082 τῷ
1484 1009 1652 1085 Πατρὶ
1709 1008 1801 1063 καὶ
1850 1012 1927 1080 τῷ

2037 1008 2348 1078 hesaurus,
2391 1008 2460 1069 ad
2495 1009 2745 1088 gloriam
2774 1012 3014 1074 Domini
3037 1016 3223 1078 nostri
3242 1015 3385 1080 Jesu
3408 1016 3653 1097 Christi,

278 1101 420 1180 ἁγίῳ
447 1100 737 1176 Πνεόματι,
794 1105 882 1156 νῦν
936 1099 1025 1155 καὶ
1073 1097 1154 1154 ἀεὶ
1183 1101 1271 1156 καὶ
1301 1099 1376 1161 είς
1416 1098 1540 1162 τοὺς
1573 1099 1768 1162 αἰῶνας
1823 1102 1928 1154 τῶν

2035 1097 2191 1158 ιίηιυι
2224 1115 2358 1159 ουιη
2396 1099 2570 1160 Patre
2601 1108 2660 1160 et
2690 1110 2899 1164 sancto
2930 1103 3176 1182 Spiritu,
3214 1125 3371 1169 nunc
3402 1116 3460 1170 et
3489 1127 3655 1172 sem-

280 1195 519 1256 αἶώνωνο
553 1190 754 1269 θηλήν,
2011 1204 2121 1268 per
2155 1194 2214 1248 et
2247 1185 2307 1248 in
2334 1188 2554 1251 szecula
2585 1189 2964 1254 saeculorum.
2996 1194 3210 1257 Amen.

415 1793 641 1878 ΤΩΝ
739 1788 1076 1875 ΑΓΙΩΝ
1162 1786 1767 1873 ΜΑΡΤΥΡΩΝ
1863 1771 2398 1873 ΕΡΜΥΛΟΥ
2485 1787 2672 1872 ΚΑΙ
2744 1790 3536 1881 ΣΤΡΑΤΟΝΙΚΟΥ

1554 2139 2404 2252 MARTYRIUM

764 2396 916 2491 SS.
997 2393 1632 2482 MARTYRUM
1705 2391 2210 2481 HEBMYLI
2285 2393 2418 2478 ET
2489 2393 3194 2492 STRATONICI.

1781 2595 1983 2675 (Anno
2012 2594 2176 2671 300.)

289 2779 506 2850 [Latino
551 2777 682 2852 apud
727 2776 932 2834 Surium
979 2776 1040 2834 ad
1086 2775 1222 2833 diem
1273 2775 1340 2834 t3
1367 2775 1640 2854 Januarii;
1680 2773 1854 2854 Greca
1903 2771 2274 2854 descripsimus
2306 2775 2592 2854 ex_codic_e
2627 2793 2724 2840 ms.
2771 2777 3097 2835 bibliothecae
3130 2780 3339 2854 majoris
3387 2782 3665 2842 Parisiensi

1385 2865 1436 2904 n.
1474 2848 1608 2904 1467
1643 2853 1836 2911 notato,
1873 2844 2046 2900 saeculi
2073 2857 2152 2902 XI.
2186 2845 2342 2903 Eutr.
2377 2845 2570 2922 Pun]

378 3065 465 3136 Α..
501 3073 875 3139 Βασιλεεὲοντος
933 3077 1165 3132 Λικινίου
1208 3081 1301 3133 τοῦ
1358 3071 1668 3147 δυσσεϐοῦς,
1728 3070 1936 3138 πολλὴν

2106 3070 2350 3150 I.lmpio
2375 3072 2706 3152 imperante
2732 3072 3052 3147 Licinio,el
3076 3091 3356 3153 magnum
3375 3075 3668 3140 adhiben-

292 3189 357 3224 τε
393 3168 508 3244 περὶ
550 3166 617 3221 τὰ
646 3162 847 3221 εἴδωλα
888 3165 988 3233 τὴν
1046 3163 1280 3233 σπουδὴν
1337 3165 1679 3239 ποιουμένου,
1740 3162 1938 3223 θυσίαις

2035 3168 2082 3218 te
2103 3159 2466 3232 studium,ut
2485 3162 2643 3223 idola
2667 3163 3116 3226 honorarentur
3135 3166 3322 3227 sacris
3353 3175 3412 3228 et
3430 3169 3666 3228 sacriﬁ-

295 3255 435 3314 αῦτά
481 3257 730 3330 τιμᾶσθαι
787 3256 878 3310 καὶ
933 3253 1207 3325 τελεταῖς,
1243 3251 1490 3334 χαλεπὸς
1519 3260 1648 3310 πᾶσι
1682 3259 1940 3330 Χριστια-

299 3359 416 3410 νοῐς
462 3344 735 3422 ἐπήρτητο
778 3344 1029 3414 θάνατος,
1083 3343 1271 3406 πόλεις
1319 3364 1378 3398 τε
1437 3339 1507 3398 δι’
1556 3342 1743 3406 αὖτοὺς
1778 3342 1942 3418 ᾕρευ-

294 3440 494 3514 νῶντο,
552 3434 641 3490 καὶ
719 3434 896 3512 χωρία
966 3433 1401 3511 περιεργάζοντο,
1478 3437 1654 3508 κῶμαι
1711 3451 1770 3487 τε
1842 3427 1938 3485 καί

294 3525 451 3601 ἂγροὶ
492 3524 582 3579 καὶ
633 3523 820 3597 οἰκίαι,
874 3525 962 3578 καὶ
1018 3528 1120 3584 πᾶς
1173 3522 1318 3585 ὅστις
1350 3526 1680 3600 Χριστιανῶν
1720 3519 1813 3575 ἕνα
1865 3524 1942 3591 τῷ

295 3611 518 3691 βασιλεῖ
574 3611 996 3692 προσήγγειλεν,
1029 3612 1205 3678 εὔνους
1236 3610 1404 3675 οὕτως
1442 3609 1612 3668 ἐδόκει
1642 3610 1740 3666 καὶ
1770 3615 1942 3683 τιμῶν

301 3703 449 3778 αὐτῷ
505 3709 612 3759 τῶν
655 3702 922 3781 μεγίστων
992 3703 1158 3768 ἄξιος.
1221 3701 1380 3759 ’Ὅθεν
1421 3702 1509 3758 καὶ
1565 3699 1744 3767 πολλὴ
1817 3695 1942 3776 παρ’

303 3794 467 3853 αὐτοῦ
519 3812 576 3848 τε
631 3793 719 3848 καὶ
772 3795 878 3850 τῶν
933 3791 1024 3850 ὑπ’
1082 3794 1226 3865 αῦτῷ
1273 3791 1511 3864 πάντων,
1558 3792 1592 3858 ἡ
1640 3790 1760 3868 περὶ
1789 3794 1944 3845 τοῦτο

301 3883 371 3951 ἦν
427 3880 734 3960 ἐπιμέλεια,
767 3888 862 3937 τοῦ
891 3882 987 3956 μὲν
1018 3884 1163 3946 θεοῖς
1196 3880 1467 3956 ματαίοις,
1501 3884 1609 3936 τῶν
1640 3876 1694 3934 δὲ
1727 3874 1945 3952 βασιλεῖ

298 3971 489 4048 ἀνόμῳ
545 3971 634 4028 καὶ
698 3977 914 4047 πονηρῷ
985 3969 1384 4050 χαριζομένων.
1461 3969 1597 4024 [1οτέ
1658 3973 1784 4046 γοῦν
1860 3965 1946 4021 ἐπὶ

297 4063 547 4140 βήματος
606 4058 839 4137 ὑψηλοῦ,
900 4066 978 4136 τῷ
1027 4056 1272 4116 δυσσεϐεῖ
1320 4058 1490 4131 τούτῳ
1532 4056 1750 4130 Λικινίῳ
1810 4077 1945 4132 προ-

300 4149 614 4226 καθημένῳ,
671 4151 912 4228 πρόσεισί
956 4171 1037 4213 τις
1089 4153 1195 4205 τῶν
1222 4149 1320 4214 τῆς
1352 4147 1552 4213 τάξεως
1582 4148 1648 4202 τὰ
1677 4146 1795 4223 περὶ
1853 4151 1946 4202 τοῦ

300 4241 441 4297 θείου
485 4240 746 4320 μάρτυρος
780 4237 1217 4319 προσαγγέλλωψ
1251 4237 1407 4294 ’Ἐστι
1439 4259 1546 4317 τις,
1579 4234 1776 4316 λέγων,
1811 4234 1947 4312 ἀνὴρ

306 4321 568 4407 Ἐρμύλος
617 4329 788 4406 ὄνομα
843 4327 1090 4386 διακόνου
1133 4327 1278 4393 τάξιν
1328 4327 1571 4407 ἐπέχων,
1631 4325 1693 4383 ἐκ
1742 4323 1948 4382 πολλοῦ

2027 3249 2554 3329 ciis,impendehat
2582 3270 2744 3314 mors
2767 3254 2958 3333 gravis
2983 3254 3263 3316 omnibus
3285 3254 3664 3334 Christianis,

2029 3337 2420 3420 civitatesque
2445 3350 2690 3422 propter
2708 3342 2867 3422 ipsos
2891 3342 3348 3421 indagabantur,
3376 3353 3433 3406 et
3463 3345 3665 3425 regio-

2031 3446 2136 3488 nes
2187 3429 2424 3508 vicique
2483 3439 2540 3490 et
2590 3431 2716 3509 agri
2747 3435 2988 3494 curiose
3019 3433 3528 3514 perquirebantur
3561 3458 3574 3495 2
3610 3444 3672 3498 et

2025 3517 2367 3597 quicunque
2390 3516 2791 3580 Christianum
2823 3539 3006 3582 unum
3049 3523 3360 3584 deferebat
3378 3524 3452 3586 ad
3476 3525 3665 3605 impe-

2026 3606 2634 3685 ratorem,videbatur
2671 3609 2722 3670 is
2763 3628 2895 3671 esse
2927 3612 2980 3672 ei
3006 3611 3425 3694 henevolus,et
3453 3614 3669 3693 dignus

2030 3696 2299 3756 maximis
2321 3695 2982 3770 honoribus.Quocirca
3006 3709 3062 3760 et
3084 3701 3306 3780 ipse,et
3326 3703 3670 3784 quicunque

2029 3782 2085 3844 ei
2112 3783 2545 3860 suberant,hac
2568 3785 2627 3846 in
2647 3805 2712 3848 re
2739 3805 2951 3864 magna
2971 3788 3294 3850 utebantur
3313 3782 3666 3869 diligentia:

2028 3889 2161 3933 cum
2190 3871 2546 3949 illequidem
2574 3874 2753 3936 variis
2775 3875 2982 3942 diis.hi
3009 3895 3150 3938 vero
3170 3878 3517 3956 imperatori
3539 3897 3666 3956 gra-

2031 3961 2404 4023 tiﬁcarentur
2433 3967 2616 4043 impio
2643 3973 2702 4024 et
2725 3966 3140 4028 scelerate.Ad
3161 3966 3322 4027 hunc
3345 3983 3487 4045 ergo
3519 3967 3669 4029 Lici-

2029 4051 2196 4112 nium
2222 4052 2542 4132 aliquando
2562 4053 2622 4114 in
2647 4052 2888 4115 sublimi
2912 4055 3222 4116 sedentem
3249 4055 3670 4131 tribunali,ac-

2031 4141 2187 4201 cedit
2206 4141 2444 4221 quidam
2472 4159 2542 4204 ex
2565 4142 2780 4204 ordine
2807 4142 3073 4218 militari,
3101 4143 3367 4206 divinum
3393 4145 3673 4208 deferens

2032 4238 2356 4310 martyrem
2384 4248 2396 4290 :
2425 4229 2549 4306 Est,
2573 4230 2809 4306 dicens,
2837 4234 2925 4294 vir
2947 4234 3186 4314 quidam
3211 4233 3527 4316 Hermylus
3558 4255 3672 4298 no-

2034 4319 2326 4397 mine,qui
2350 4320 2621 4381 ordinem
2643 4320 2872 4383 obtinet
2897 4322 3158 4384 diaconi:
3186 4323 3287 4404 qui
3309 4324 3406 4385 diu
3429 4325 3672 4406 quidem

304 4419 404 4493 μὶν
458 4419 527 4476 τὰ
581 4424 914 4498 Χριστιανῶν
969 4416 1298 4493 πρεσϐεύων,
1349 4418 1500 4480 θεοὺς
1533 4414 1590 4474 δὲ
1631 4417 1720 4472 καὶ
1750 4414 1809 4470 σὲ
1841 4437 1944 4491 μυο

2035 4407 2250 4471 abhinc
2281 4408 2554 4471 observat
2575 4418 2632 4471 et
2655 4411 2796 4472 colit
2819 4413 2964 4472 ritus
2985 4411 3456 4475 ChriStianorum
3487 4435 3500 4473 :
3528 4414 3676 4476 deos

303 4509 593 4587 κτηρίζων,
653 4510 742 4566 καὶ
800 4510 874 4576 είς
931 4509 992 4564 τὸ
1043 4505 1212 4584 μηδὲν
1243 4506 1411 4580 εἶναι,
1446 4503 1690 4583 βασιλεῦ,
1730 4506 1947 4580 τιθέμε-

305 4621 421 4664 νος.
457 4599 669 4656 Τούτων
712 4601 740 4654 ὸ
783 4597 1014 4661 Λικίνιος
1047 4596 1300 4668 ἀκούσας,
1337 4597 1398 4652 οὗ
1450 4593 1668 4671 μέλλων
1717 4593 1782 4661 ἦν
1839 4593 1946 4650 οὐδ’

303 4684 740 4763 ἀναϐαλλόμενος
777 4702 792 4718 ⁹
855 4685 994 4743 ἀλλὰ
1049 4699 1166 4752 τοῖς
1195 4687 1530 4764 παρεστῶσιν
1563 4685 1708 4749 εὐθὺς
1740 4682 1950 4739 ἐκέλευε

305 4773 670 4840 συλλαϐόντας
704 4775 860 4835 αὺτὸν
889 4775 1124 4855 ὅπουπερ
1155 4774 1215 4830 ἃν
1245 4777 1282 4851 ᾖ
1337 4774 1681 4852 παραστῆσαι
1737 4779 1814 4846 τῷ
1843 4772 1952 4848 βή-

307 4887 464 4943 ματι.
525 4863 760 4924 Ἐκεῖνοι
820 4865 917 4941 μὲν
970 4864 1060 4921 οὖν
1117 4869 1400 4942 πανταχοῦ
1462 4859 1950 4939 διερευνησάμενοι,

306 4957 400 5013 καί
455 4961 639 5012 τοῦτον
695 4955 996 5034 εδχόμειον
1055 4973 1158 5010 που
1207 4953 1296 5010 καί
1328 4953 1475 5017 ὁσίας
1505 4950 1729 5030 α’ίροντα
1757 4964 1953 5031 χεῖρας

307 5041 734 5124 καταλαϐόντες,
777 5045 838 5102 τὸ
907 5041 1184 5122 βασιλικὸν
1243 5043 1388 5116 αῦτῷ
1429 5041 1738 5120 γνωρίζουσι
1782 5040 1954 5120 πρόσ-

307 5157 515 5214 ταγμα.
573 5126 633 5194 ’0
689 5133 744 5191 δὲ
800 5133 1143 5215 παραχρῆμα
1207 5131 1420 5206 εἵπετο,
1479 5131 1746 5210 πρόθυμος
1813 5153 1952 5209 προ-

307 5227 521 5302 θύμοις,
554 5221 704 5284 οὐδὲν
733 5222 981 5303 ἀγέννες,
1035 5219 1182 5281 οῦδὲν
1239 5218 1488 5297 μαλακὸν
1517 5219 1606 5276 ὲπί
1633 5219 1730 5288 τῆς
1777 5218 1951 5296 ὅψεως

307 5315 639 5394 ὑποφαίνων,
686 5311 776 5394 ἀφ’
821 5313 898 5368 ὧν
955 5314 990 5380 ἡ
1047 5308 1276 5375 διάθεσις
1355 5313 1453 5376 τῆς
1513 5307 1698 5388 ψυχῆς
1757 5308 1956 5388 φανεροὶ

305 5407 514 5485 γίνεται
548 5422 566 5438 ο
624 5400 763 5459 ἀλλὰ
819 5401 1027 5484 χαίρων
1082 5396 1290 5476 μᾶλλον
1349 5398 1439 5455 καί
1465 5395 1672 5464 πολλῆς
1703 5397 1952 5472 ἔμπλεως

303 5492 536 5568 ἡδονῆς,
595 5492 677 5550 ὅτι
736 5489 822 5550 διὰ
879 5491 1106 5570 Χριστὸν
1163 5487 1352 5566 μέλλοι
1387 5491 1602 5565 παθεῖν,
1633 5491 1712 5561 τῷ
1737 5487 1954 5565 βασιλεῖ

304 5584 626 5661 παρίστατο.

392 5673 480 5738 Β¹,
519 5674 618 5732 Καί
648 5671 794 5736 εὐθὺς
837 5673 1046 5734 ὶκεϊνος
1081 5687 1100 5708 ο
1146 5666 1489 5746 Ἀπόκριναι,
1523 5665 1693 5746 λέγει,
1729 5671 1818 5725 καί
1849 5693 1950 5727 σα-

631 5788 896 5852 Ρλτιιοι..
924 5786 1038 5850 Gn.
1073 5783 1283 5849 CXIV.

2035 4509 2232 4560 autem
2266 4510 2324 4561 et
2358 4510 2414 4560 te
2445 4501 2863 4576 subsannat,et
2895 4501 3068 4562 nihili
3091 4503 3296 4579 facit,o
3321 4503 3672 4583 imperator.

2033 4587 2171 4649 Haec
2195 4607 2327 4650 cum
2352 4590 2646 4652 audiisset
2667 4591 3079 4662 Licinius,non
3097 4592 3326 4653 distulit
3351 4609 3462 4654 nec
3483 4603 3680 4673 prote-

2036 4679 2220 4755 lavit;
2254 4680 2357 4740 sed
2405 4679 2500 4752 iis,
2536 4681 2636 4760 qui
2681 4682 2952 4755 aderant,
2988 4684 3180 4743 statim
3208 4682 3411 4762 jussit,
3444 4693 3511 4744 ut
3539 4703 3675 4746 eum

2037 4764 2380 4847 ubicunque
2405 4779 2567 4829 esset
2592 4769 3199 4848 comprehenderent,
3223 4780 3281 4833 et
3309 4771 3383 4832 ad
3416 4771 3678 4834 tribunal

2036 4855 2428 4920 adducerent.
2462 4861 2655 4938 Atque
2689 4859 2775 4920 illi
2809 4860 3051 4939 quidem
3091 4881 3224 4922 cum
3257 4861 3318 4922 in
3354 4863 3519 4923 omni
3549 4863 3680 4924 loco

2036 4945 2281 5008 scrutati
2315 4957 2540 5022 essent,
2568 4961 2624 5009 et
2654 4967 2786 5010 eum
2818 4949 3036 5011 alicubi
3064 4959 3426 5025 orantem,et
3444 4961 3681 5014 sanctas

2039 5055 2251 5098 manus
2282 5037 2594 5100 tollentem
2625 5041 3319 5120 comprehendissent,ei
3341 5041 3681 5121 significant

2029 5127 2264 5207 jussum
2295 5128 2700 5207 imperatoris.
2733 5130 2787 5190 Is
2815 5148 2954 5193 vero
3000 5131 3196 5192 statim
3230 5131 3428 5192 alacer
3455 5132 3682 5193 alacres

2036 5225 2130 5278 est
2185 5224 2449 5292 secutus,
2511 5218 2659 5280 nihil
2717 5219 2994 5299 ignavum
3056 5239 3167 5283 nec
3219 5219 3402 5282 molle
3433 5229 3681 5300 aspectu

2039 5324 2161 5387 prae
2216 5324 2280 5368 se
2337 5306 2565 5380 ferens,
2626 5309 2844 5388 quibus
2897 5327 2972 5370 ex
3024 5309 3208 5372 rebus
3239 5309 3559 5371 manifesta
3619 5311 3685 5372 iit

2037 5396 2254 5457 animae
2285 5395 2522 5458 affectio
2557 5419 2571 5456 :
2634 5397 2742 5460 sed
2795 5397 3064 5476 gaudens
3121 5406 3340 5478 potius,
3378 5407 3441 5458 et
3473 5417 3686 5478 magna

2036 5484 2303 5567 repletus
2334 5484 2558 5562 laetitia,
2590 5486 2756 5564 quod
2815 5495 2906 5548 est
2934 5495 3181 5568 propter
3209 5485 3515 5548 Christum
3542 5507 3684 5569 pas-

2038 5593 2237 5637 SUI‘US.

2122 5665 2192 5728 Il.
2229 5665 2336 5730 Ille
2359 5683 2497 5727 vero
2529 5687 2540 5724 :
2579 5665 2926 5747 Responde,
2953 5667 3236 5749 inquit,et
3260 5674 3469 5748 aperte
3505 5668 3688 5748 signi-

3320 5788 3393 5854 18
