4090 6198
282 343 407 414 557

1253 353 1441 417 νΙΤΑ
1484 354 1585 418 SS.
1634 350 1990 418 HERMYLI
2034 354 2132 418 ET

2204 354 2692 419 STRATONICI.
3536 356 3658 425 558

274 492 379 543 τοῦ
426 486 699 565 τυράννου,
762 489 851 545 καί
904 489 1275 569 λαμπρότερον
1342 489 1538 547 ἄνωθεν
1613 496 1782 567 κομιῇ
1827 496 1912 547 τοῦ

2005 487 2105 551 Sic
2134 488 2293 550 Deus
2324 493 2513 547 armat
2572 484 2766 567 potius
2822 485 3109 551 adversus
3168 493 3516 570 tyrannum,
3553 490 3657 572 qui

271 576 565 654 μαρτυρίου
620 576 900 658 στέφανον.
966 577 1146 642 Οὕτως
1200 578 1411 651 ὀπλίζεν
1465 581 1594 645 Θεὸς
1637 580 1773 637 κατὰ
1830 586 1925 635 τοῦ

269 663 510 742 ἀφανοῦς
571 664 774 740 μᾶλλον
822 668 1095 746 τυράννου,
1169 667 1306 724 οὕτω
1362 670 1712 748 περιζώννυσι
1764 666 1923 725 δύνα-

269 774 396 833 μιν,
455 755 544 811 καί
598 752 831 813 διδάσκει
879 755 979 832 μὲν
1033 759 1105 819 εἰς
1191 757 1429 833 πόλεμον
1489 772 1709 840 χεῖρας,
1773 757 1923 824 τόξον

267 839 331 897 δὲ
420 841 660 923 χαλκοῦν
730 846 905 913 τίθησι
987 846 1108 910 τοὺς
1181 839 1526 928 βραχίονας,
1585 847 1674 905 καί
1755 848 1920 925 ὑπερ-

265 933 549 1013 ασπισμὸν
579 930 756 990 δίδωσι
791 935 1084 1013 σωτηρίας.

360 1009 445 1082 Δί
481 1023 628 1081 Μετά
672 1033 794 1101 γοῦν
847 1009 957 1092 ea;
976 1026 1158 1103 τρίτην
1207 1024 1437 1105 ἡμέραν,
1486 1027 1731 1104 βήματος
1774 1025 1918 1089 αὖθις

271 1110 625 1181 προτεθέντος
681 1119 762 1187 τῷ
811 1113 1056 1194 Λικινίῳ,
1106 1116 1198 1173 τὸν
1251 1119 1397 1172 θεῖον
1428 1114 1689 1194 Ἐρμύλον
1734 1116 1920 1172 αὐτίκα

264 1200 785 1281 παραστησάμενος,
830 1200 906 1258 ἽΙ
966 1225 1066 1259 που
1122 1203 1221 1260 κᾶν
1258 1199 1376 1280 ἄρτι
1406 1207 1558 1259 θυσαι
1595 1216 1715 1264 τοῖς
1773 1205 1917 1263 θεοῖς

270 1288 543 1370 ἔγνωκας,
598 1293 784 1371 φησίν,
844 1292 930 1347 καί
986 1298 1093 1348 τῶν
1143 1292 1496 1367 ἐπικειμένων
1551 1290 1754 1371 φόϐων,
1815 1298 1921 1347 τῶν

270 1376 540 1454 ἀπειλῶν,
604 1382 709 1436 τῶν
766 1377 1026 1437 κινδὲνων
1085 1381 1467 1461 ἀπαλλαγῆναι
1497 1398 1512 1456 ;
1544 1383 1580 1451 ἢ
1626 1382 1763 1437 κατά
1790 1404 1922 1459 κρη-

270 1478 412 1544 μ.νοῦ
440 1468 575 1549 φέρῃ
607 1470 697 1527 καί
744 1469 821 1526 ἔτι
858 1488 874 1546 ;
924 1472 1015 1528 καί
1049 1473 1085 1539 ἡ
1129 1470 1261 1542 αὐτή
1313 1493 1369 1528 σε
1403 1471 1566 1528 πάλιν
1598 1471 1749 1529 εἷλεν
1780 1470 1921 1526 ἀπό·

270 1580 421 1638 νοια,
479 1560 612 1635 πρὸς
670 1567 836 1617 ταῦτα
919 1559 1065 1636 μάλα
1152 1562 1407 1638 γενναίως
1466 1562 1494 1617 ὁ
1550 1570 1645 1619 τοῦ
1692 1562 1924 1638 Χριστοῦ

269 1651 619 1725 στρατιώτης
648 1648 737 1705 καί
782 1646 920 1714 ἄξιος
982 1655 1074 1705 τού
1103 1648 1282 1713 καλῶς
1314 1648 1522 1707 ἐκεῖνον
1550 1649 1869 1713 ὕπλίσαντος
1901 1665 1915 1681 ⁸

266 1734 416 1803 ἅπαξ
444 1737 786 1814 ἀπειπάμη»,
839 1738 968 1818 ἔφη,
1008 1737 1253 1819 βασιλεῦ,
1285 1740 1374 1795 καί
1427 1740 1538 1819 χρὴ
1597 1753 1719 1803 τοῖς
1780 1760 1919 1818 προ-

2007 597 2125 640 non
2158 587 2427 657 apparet.
2454 578 2553 637 Sic
2580 576 2839 655 accingit
2869 577 3087 639 virtute
3118 586 3179 639 et
3208 580 3379 642 docet
3410 579 3657 661 quidem

2006 686 2223 731 manus
2278 668 2360 727 ad
2422 664 2667 738 bellum,
2730 666 2837 728 dat
2877 682 3094 729 arcum
3129 677 3652 734 autemceneum:

2003 758 2177 838 ponit
2216 756 2473 819 brachia
2502 760 2557 817 et
2584 757 2866 835 clypeum
2897 756 3122 819 salutis
3150 757 3201 819 ι.

2084 1022 2329 1086 IV.Post
2351 1023 2589 1086 tertium
2613 1031 2776 1086 certe
2799 1023 3129 1106 diem,cum
3154 1024 3414 1087 tribunal
3436 1042 3653 1089 ascen-

2005 1113 2192 1176 disset
2228 1113 2794 1193 Licinius,protinus
2817 1112 3019 1176 divino
3047 1113 3307 1177 adducto
3325 1110 3607 1199 Hermylo
3636 1137 3650 1180 :

2003 1202 2156 1265 Num
2186 1204 2385 1274 modo,
2420 1202 2640 1282 inquit,
2675 1200 2936 1263 statuisti
2969 1203 3083 1265 diis
3114 1203 3549 1281 sacriﬁcare,et
3575 1203 3652 1269 ab

2004 1292 2461 1353 imminentibus
2492 1291 3153 1374 terroribus,minisque
3189 1302 3245 1355 et
3276 1294 3564 1374 periculis
3585 1295 3654 1358 li-

2006 1382 2236 1443 berari?
2263 1384 2353 1445 An
2379 1382 2600 1456 adhuc,
2634 1380 2849 1463 inquit,
2882 1381 3060 1444 ferris
3086 1401 3193 1463 per
3225 1383 3648 1466 praecipitium,

2005 1480 2065 1533 et
2091 1471 2299 1532 eadem
2334 1489 2543 1532 rursus
2575 1477 2631 1531 te
2653 1472 2814 1551 cepit
2836 1470 3129 1535 amentia?
3150 1472 3241 1535 Ad
3267 1472 3395 1535 haec
3417 1472 3656 1537 fortiter

2003 1559 2326 1622 admodum
2362 1560 2468 1622 Cl]!
2488 1560 2585 1622 isti
2618 1560 2813 1634 miles,
2842 1569 2900 1623 et
2922 1579 3032 1642 pro
3062 1561 3352 1641 dignitate
3383 1562 3651 1646 ejus,qtii

2003 1649 2172 1712 illum
2197 1659 2532 1712 armaverat
2564 1671 2576 1713 :
2604 1649 2829 1725 Semel,
2866 1650 3211 1733 inquit,dixi
3245 1651 3421 1729 tibi,o
3448 1652 3648 1736 impe-

2001 1748 2184 1811 rator,
2217 1748 2276 1801 et
2318 1747 2561 1821 oportet
2591 1747 2937 1801 contentum
2967 1740 3295 1820 prioribus,
3327 1742 3403 1805 de
3430 1742 3648 1807 iisdem

264 1823 448 1903 τέροις
477 1825 761 1903 στέρξαντα
826 1826 1021 1901 μηκέτι
1075 1829 1193 1906 περί
1247 1830 1352 1883 τῶν
1401 1828 1575 1885 αὐτῶν
1608 1831 1757 1894 αὖθις
1789 1828 1912 1885 ἀνα-

2003 1849 2120 1891 non
2149 1848 2387 1892 movere
2410 1829 2690 1911 amplius.
2728 1828 3006 1892 Estenim
3033 1831 3180 1893 mihi
3206 1830 3367 1894 Deus
3388 1838 3451 1895 in
3481 1833 3652 1897 cmlis

265 1912 475 1977 κινεῖν,
535 1914 691 1973 Ἔστι
736 1917 838 1996 γάρ
897 1940 988 1993 μοι
1024 1919 1155 1977 Θεὸς
1188 1917 1241 1973 ὲν
1274 1917 1503 1998 οὖρανῷ,
1536 1918 1581 1993 ᾧ
1610 1921 1710 1998 ζῶ,
1756 1919 1845 1975 καί
1872 1919 1917 1993 ᾦ

266 2006 414 2080 θῦμα
469 2011 839 2084 προσαγαγεῖν
878 2007 1108 2082 ἐμαυτὸν
1168 2008 1243 2071 ὡς
1273 2008 1444 2085 τάχος
1476 2005 1793 2088 ἐπείγομαι,
1827 2008 1918 2064 καί

269 2090 399 2173 παρ’
454 2094 514 2152 οὗ
570 2097 829 2175 μεγίστην
883 2095 1024 2164 ἥξειν
1068 2118 1161 2173 μοι
1194 2095 1475 2176 προσδοκῶ
1505 2098 1605 2166 τὴν
1637 2099 1910 2174 βοήθειαν,

267 2185 470 2242 Οὐκοῦν
525 2181 649 2266 ἴδω,
713 2185 874 2266 φησίν
929 2188 957 2242 6
1015 2184 1291 2267 βασιλεὺς,
1325 2187 1369 2242 εἷ
1428 2188 1455 2243 6
1509 2188 1633 2253 τοὺς
1667 2189 1915 2265 οὐρανοὺς

268 2272 433 2328 οίκῶν
462 2275 614 2336 οὗτος
669 2272 815 2333 ἔσται
875 2298 959 2333 σοι
1012 2274 1233 2352 βοηθός,
1302 2278 1399 2333 Καί
1443 2277 1628 2333 αὐτίκα
1680 2275 1909 2357 ἐκέλευε,

269 2362 361 2418 καί
390 2359 573 2443 ἄνδρες
631 2361 684 2428 ’ἐξ
739 2366 801 2421 τὸ
857 2363 1273 2440 κεκελευσμένον
1324 2365 1681 2447 ἁρπάσαντες,
1734 2364 1914 2445 ἄνδρες

268 2451 542 2529 ῥωμαλέοι
573 2453 670 2519 τὰς
698 2453 924 2534 χεῖρας,
957 2455 1189 2523 ἀπηνεῖς
1226 2457 1328 2523 τὴν
1384 2456 1593 2535 ψυχὴν,
1627 2455 1809 2536 φόνιόν
1863 2479 1914 2513 τι

268 2541 361 2597 καὶ
403 2544 629 2616 μανικὸν
687 2543 958 2625 πνέοντες,
1016 2545 1152 2601 κατὰ
1203 2549 1307 2623 γῆς
1355 2546 1448 2601 τὸν
1495 2545 1735 2623 μάρτυρα
1793 2544 1913 2602 δια-

268 2630 567 2712 τείναντες,
626 2630 835 2709 ῥάϐδοις
888 2631 1078 2702 ἧκισον
1134 2634 1452 2710 ὠμοτάτως.
1521 2634 1757 2692 Ἐκεῖνοι
1816 2636 1912 2710 μὲν

270 2721 362 2774 οὖν
425 2719 595 2785 οὕτως
666 2725 875 2783 ἓποίουν
930 2727 1146 2803 φθαρτῷ
1202 2723 1419 2801 βασιλεῖ
1475 2724 1573 2792 τὴν
1634 2723 1913 2803 θεραπείαν

268 2810 660 2893 προσάγοντες,
722 2814 749 2868 ὁ
808 2814 1010 2892 μάρτυς
1065 2813 1302 2891 καθάπερ
1373 2810 1519 2869 οὒδὲν
1578 2811 1721 2891 ⁹έχων
1782 2815 1913 2887 πρὸς

271 2899 372 2964 τὴν
430 2898 571 2956 οὕτω
614 2902 932 2982 πάσχουσαν
961 2902 1153 2980 σάρκα,
1189 2900 1307 2959 οὔτε
1339 2902 1447 2975 μὴν
1491 2899 1775 2977 λαμϐάνών
1807 2905 1912 2958 τῶν

267 2985 467 3042 ὀδυνῶν
524 2989 765 3048 αἵσθεσιν
795 3038 813 3064 ,
888 2988 1055 3056 ἀδεῶς
1112 2990 1248 3047 πάνυ
1302 2993 1390 3047 καὶ
1448 2992 1717 3069 ἠρεμαίως
1776 2992 1915 3072 εὒχῇ

266 3076 610 3154 προσέκειτο,
643 3081 732 3137 καὶ
765 3085 881 3153 Θεῷ
911 3093 1229 3160 προσεῖχεν.
1268 3070 1331 3137 Ἠ
1364 3077 1417 3135 δὲ
1450 3079 1588 3160 εὐχὴ
1619 3081 1686 3145 ἧν
1723 3100 1738 3115 ο

351 3165 437 3226 Ε’.
506 3170 660 3247 Κύριε
706 3175 733 3226 6
779 3168 909 3234 Θεός
953 3192 1079 3251 μου,
1143 3172 1169 3225 6
1229 3167 1295 3225 δι’
1354 3169 1448 3245 ἐμὲ
1505 3169 1769 3248 μάστιγας
1815 3167 1909 3226 ἔπί

262 3255 489 3313 Ποντίου
545 3258 778 3319 Πιλάτου
835 3260 922 3316 καὶ
984 3259 1198 3338 πληγὰς
1247 3258 1562 3335 ὑπομείνας,
1610 3260 1766 3322 αὐτὸς
1829 3257 1911 3315 διὰ

264 3343 327 3399 σὲ
383 3345 546 3403 πάλιν
624 3348 718 3424 ἐμὲ
787 3349 1097 3430 πάσχοντα,
1160 3350 1250 3405 τὸν
1323 3349 1560 3425 παρόντα
1628 3347 1910 3405 τελειῶσαι

263 3431 461 3510 δρόμον
518 3436 798 3518 ἐνίσχυσον
828 3457 841 3471 ’
892 3441 964 3500 ὡς
1006 3437 1067 3493 ἂν
1112 3440 1443 3509 κοινωνήσας
1506 3460 1598 3495 σου
1649 3445 1743 3495 τοῦ
1800 3439 1910 3493 πά-

263 3526 413 3599 θους,
449 3523 657 3591 ἀξιωθῶ
700 3529 955 3594 κοινωνὸς
1014 3527 1256 3607 γενέσθαι
1310 3529 1406 3585 καὶ
1454 3528 1553 3596 τῆς
1583 3526 1911 3605 λαμπρότη-

261 3634 380 3673 τος.
419 3616 515 3672 Καὶ
545 3618 764 3684 τοιαύτη
809 3617 908 3693 μὲν
944 3619 973 3685 ἡ
1032 3617 1201 3717 εὖᾈὴ,
1235 3617 1388 3697 φωνὴ
1419 3615 1473 3672 δὲ
1507 3617 1653 3680 sese;
1688 3616 1913 3683 ἠκοῦετο

270 3700 298 3717 ν
381 3705 404 3717 -
577 3705 594 3717 .
695 3708 708 3717 .
861 3705 872 3717 .
940 3707 952 3717 .
1136 3714 1163 3717 α
1261 3706 1295 3717 ..
1443 3706 1499 3717 ..
1886 3706 1898 3717 .

264 3700 465 3759 ἄνωθεν
499 3719 513 3734 ⁸
577 3705 780 3787 Ἀμὴν,
856 3705 1020 3783 ἀμὴν,
1111 3700 1361 3785 Ἐρμύλε,
1443 3706 1696 3786 λέγουσα,
1776 3706 1913 3782 μετὰ

265 3805 419 3867 τρεῖς
489 3795 684 3860 ταύτας
753 3796 983 3874 ἡμέρας,
1042 3795 1409 3877 ἀπανίλαγτςσῃ
1464 3798 1563 3873 μὲν
1607 3818 1714 3852 των
1765 3818 1910 3874 παρ-

267 3882 441 3938 όντων
470 3882 723 3963 ἀνιαρῶν,
757 3883 1003 3962 δαψιλεῖς
1057 3883 1111 3940 δὲ
1156 3885 1284 3964 παρ’
1328 3885 1458 3960 ἐμοῦ
1487 3886 1574 3942 καὶ
1600 3884 1908 3966 φιλοτίμους

265 3969 424 4048 λήψῃ
454 3976 557 4029 τῶν
614 3976 794 4031 πόνων
848 3976 940 4038 τας
1001 3972 1251 4050 ἀμοιϐάς.
1292 3976 1387 4033 Καὶ
1434 3977 1469 4043 ἡ
1516 3979 1670 4056 φωνὴ
1721 3974 1909 4053 θάρσος

259 4060 360 4134 μὲν
405 4061 541 4120 πολὺ
569 4069 648 4138 τῷ
675 4064 898 4144 μάρτυρι
957 4066 1044 4121 καὶ
1094 4062 1302 4139 ἀνδρίαν
1333 4063 1515 4139 ἐνῆκε,
1545 4077 1664 4129 τοῖς
1696 4062 1908 4141 δημίοις

256 4147 315 4204 δὲ
358 4147 526 4207 δεινὸν
584 4151 829 4211 ἐπέσεισε
885 4150 1075 4233 φόϐον,
1106 4154 1194 4211 καὶ
1244 4154 1375 4231 πρὸς
1409 4159 1512 4233 γῆν
1543 4154 1723 4232 ἀθρόοι
1771 4176 1906 4211 κατ-

256 4240 571 4319 ενεχθέντες
628 4243 926 4323 ὑπότρομοι
968 4243 1165 4307 πάντες
1210 4242 1373 4318 ἦσαν,
1424 4241 1531 4300 οὐδ’
1591 4244 1750 4301 αὒτοῦ
1800 4245 1905 4321 βα-

253 4326 449 4396 σιλέως
532 4333 618 4388 καὶ
704 4338 811 4390 τῶν
891 4332 1070 4395 ἄλλων
1147 4333 1473 4414 φεισαμένου
1532 4341 1623 4391 τοῦ
1680 4332 1903 4410 πάθους,

252 4417 397 4475 ἀλλὰ
466 4420 669 4486 πάντας
751 4420 940 4490 ἐπίσης
1002 4424 1141 4498 ὁμοῦ
1193 4421 1486 4501 διαθέντος,
1544 4422 1644 4480 κᾶν
1698 4420 1905 4487 ἐκεῖνος

253 4506 582 4587 τυφλώττων
640 4510 744 4567 ὑπὸ
789 4512 887 4578 τῆς
940 4508 1207 4577 εὐσεϐείας
1266 4513 1355 4569 καὶ
1411 4512 1678 4591 βαρύτατα
1719 4532 1904 4588 μεμηα

395 4596 492 4656 οὒκ
544 4594 821 4671 ἠϐουλήθη
864 4601 1097 4659 συνιέναι
1152 4608 1244 4658 τοῦ
1299 4584 1607 4680 ἀγαθοϐναι,
1640 4584 1757 4660 οὐδὲ
1796 4584 1975 4659 κα-Ῑ)

257 4686 348 4759 xit;
407 4687 779 4770 προσώχθισε,
835 4692 896 4747 τὸ
952 4693 1046 4748 τοῦ
1126 4691 1267 4748 θείου
1328 4688 1489 4747 Δαϐὶδ
1543 4690 1725 4772 φάναι,
1786 4690 1904 4748 οὒδὲ

257 4777 457 4854 μικράν
499 4799 619 4835 τινα
671 4785 765 4837 τοῦ
803 4789 969 4840 ταῦτα
1025 4783 1551 4861 θαυματουργοῦντος
1610 4788 1743 4839 Θεου
1802 4781 1906 4840 λα-

256 4863 378 4923 ϐεῖν
435 4865 674 4944 ἔννοιαν,
737 4866 876 4927 ἀλλὰ
931 4867 1143 4950 φυλακῇ
1196 4871 1284 4928 καὶ
1344 4870 1490 4937 αὖθις
1550 4870 1775 4952 ζοφώδει
1820 4873 1907 4930 καὶ

258 4954 509 5034 ἀλαμπεῖ
529 4959 620 5016 τὸν
652 4958 892 5041 μάρτυρα
920 4958 1219 5040 παρεδίδου.

341 5131 445 5209 ς’.
511 5134 660 5205 Πλὴν
720 5132 859 5194 ἀλλὰ
902 5135 1194 5220 προσέχειν
1222 5141 1300 5215 τῷ
1330 5138 1476 5219 λόγῳ
1505 5140 1766 5220 προσήκει
1811 5140 1902 5198 τὸν

258 5231 405 5301 νοῦν,
464 5227 553 5285 καὶ
584 5228 685 5294 τῆς
732 5228 831 5287 τοῦ
880 5234 1011 5288 Θεοῦ
1040 5230 1227 5312 σοφίας
1255 5230 1317 5286 τὸ
1346 5228 1647 5309 ἀπόρρητον
1675 5229 1903 5290 ἐννοεῖν.

256 5314 450 5374 ’Ἔνθεν
480 5317 583 5397 γὰρ
611 5316 701 5375 καί
729 5318 1057 5398 προσκόπτει
1106 5320 1167 5377 τὸ
1196 5326 1289 5376 τοῦ
1322 5319 1486 5397 λόγου
1519 5318 1901 5400 χαριέστατον,

255 5403 351 5487 καί
400 5403 682 5466 συνάπτειν
740 5405 861 5476 ἥκει
931 5415 1009 5484 τῷ
1065 5405 1275 5485 ἀθλητῇ
1326 5409 1418 5466 τὸν
1480 5409 1901 5487 συστρατιώτην.

259 5484 322 5553 ’0
372 5492 474 5576 γάρ
530 5519 615 5557 τοι
674 5498 766 5556 τὸν
846 5496 1002 5577 ἅγιον
1071 5484 1368 5565 πιστευθείς
1425 5484 1665 5580 φυλακῆς
1723 5497 1902 5581 ἕνεκα,

341 5682 377 5734 ι
403 5679 566 5749 Psal.
601 5700 746 5763 xm,
776 5684 878 5764 35,
911 5686 1012 5750 36.
1097 5687 1130 5739 5
1162 5685 1320 5752 Psal.
1355 5700 1539 5764 xxxv,
1571 5686 1628 5748 3.

2001 1919 2092 1981 cui
2117 1919 2230 1981 soli
2270 1920 2423 1994 vivo,
2457 1928 2514 1982 et
2536 1920 2631 1981 cui
2657 1938 2790 1981 mox
2815 1938 2911 1981 me
2933 1919 3130 2001 ipsum
3153 1920 3408 1984 hostiam
3432 1923 3653 1986 oﬂ‘erre

2002 2027 2280 2090 propero:
2310 2017 2365 2071 et
2384 2027 2418 2070 a
2442 2029 2559 2087 quo
2583 2028 2761 2090 spero
2789 2010 3110 2079 maximum
3138 2021 3456 2075 venturum
3479 2013 3652 2075 auxi-

1999 2097 2427 2161 lium.Videam
2449 2099 2823 2183 ergo,inquit
2848 2099 3286 2179 imperator,an
3309 2100 3492 2183 is,qui
3521 2120 3652 2166 cce-

2001 2188 2088 2249 los
2117 2188 2368 2263 habitat,
2403 2190 2549 2250 satis
2570 2182 2678 2252 tibi
2697 2189 2910 2252 afferet
2930 2188 3500 2273 auxilii.Statimque
3514 2193 3653 2271 jus-

1997 2277 2165 2354 sit,et
2181 2277 2288 2338 viri
2313 2297 2415 2340 sex
2439 2277 2846 2359 raptim,quod
2868 2279 3023 2359 jussi
3045 2280 3655 2365 fuerant,exsequen-

1997 2368 2220 2439 tes,viri
2257 2366 2536 2429 manibus
2565 2367 3098 2445 robusti,immites
3128 2376 3185 2431 et
3215 2370 3500 2434 crudeles
3521 2378 3653 2434 anl-

2000 2475 2119 2530 mo,
2156 2456 2381 2519 caedem
2417 2466 2474 2518 et
2496 2456 2759 2519 furorem
2795 2458 3262 2537 spirantes,cum
3295 2460 3465 2522 humi
3498 2479 3654 2524 mar-

1999 2554 2185 2626 tyrem
2221 2547 2848 2628 extendissent,virgis
2869 2546 3180 2610 caedebant
3200 2548 3648 2613 crudelissime.

1996 2634 2189 2715 Atque
2214 2636 2299 2697 illi
2326 2635 2570 2717 quidem
2600 2640 2686 2698 sic
2719 2635 3047 2712 faciebant,
3086 2637 3325 2699 mortali
3354 2638 3481 2718 regi
3512 2657 3653 2701 ser-

1998 2724 2478 2807 vientesMarlyr
2506 2734 2702 2788 autem
2740 2726 2993 2808 perinde
3023 2746 3092 2789 ac
3127 2730 3177 2789 si
3208 2726 3361 2790 nihil
3390 2727 3651 2793 haberet

1999 2833 2319 2876 commune
2342 2834 2477 2876 cum
2522 2833 2728 2896 carne,
2764 2835 2897 2897 quae
2927 2817 3016 2878 sic
3049 2817 3412 2898 patiebatur,
3442 2836 3641 2897 neque

1997 2905 2273 2966 dolorum
2309 2906 2493 2968 ullum
2527 2924 2773 2968 sensum
2824 2916 3088 2985 caperet,
3123 2907 3325 2988 quiete
3356 2926 3640 2988 perseve-

1998 2993 2163 3055 rabat
2194 2993 2254 3054 in
2283 2995 2581 3072 oratione,
2612 3004 2671 3057 et
2702 2995 2823 3058 Deo
2870 2995 3237 3059 attendebat.
3269 2995 3411 3059 Haec
3439 3003 3641 3060 autem

1998 3093 2128 3145 erat
2163 3084 2349 3144 oratio
2383 3101 2395 3141 :

2077 3171 2411 3235 V.Domine
2432 3173 2593 3235 Deus
2618 3192 2808 3249 meus,
2837 3174 2939 3255 qui
2966 3181 3210 3255 propter
3228 3193 3324 3238 me
3348 3174 3459 3238 sub
3476 3173 3640 3238 Pon-

1999 3261 2076 3323 tio
2102 3263 2289 3324 Pilato
2320 3264 2552 3343 flagella
2586 3272 2644 3325 et
2677 3263 2879 3345 plagas
2912 3262 3345 3346 tolerasti,ipse
3377 3283 3470 3327 me
3498 3283 3640 3328 rur-

1994 3368 2094 3411 sus
2128 3359 2373 3431 propter
2399 3359 2453 3412 te
2487 3353 2809 3433 patientem
2838 3351 3225 3429 confirma,ut
3256 3353 3478 3435 possim
3511 3372 3643 3417 cur-

1994 3458 2123 3501 sum
2153 3449 2506 3519 praesentem
2537 3444 2924 3523 perlicere,ut
2946 3462 3084 3505 cum
3112 3443 3313 3505 socius
3327 3444 3499 3507 fuero
3514 3462 3644 3525 per-

1997 3529 2317 3609 pessionis,
2351 3529 2566 3609 dignus
2598 3551 2836 3612 quoque
2867 3531 3114 3613 sim,qui
3149 3533 3491 3613 splendoris
3519 3532 3644 3598 eﬂi-

1996 3618 2123 3680 ciar
2143 3618 2442 3683 socius.Et
2467 3621 2850 3702 talisquitlem
2878 3620 2991 3682 fuit
3013 3622 3146 3702 ejus
3168 3621 3515 3686 oratio.Vox
3535 3641 3641 3687 au-

1995 3716 2110 3769 tem
2151 3715 2420 3788 protinus
2450 3709 2654 3770 audita
2678 3719 2767 3771 est
2807 3709 3094 3790 desuper,
3133 3710 3386 3776 dicens:
3420 3712 3638 3792 Amen,

1992 3802 2627 3876 Amen,Hermyle,post
2649 3815 2761 3860 trcs
2781 3804 2905 3859 dies
2929 3802 3271 3875 liberaberis
3293 3819 3320 3862 a
3346 3809 3642 3876 praesenti-

1996 3886 2110 3950 bus
2135 3887 2444 3949 molestiis:
2473 3888 2791 3969 praeclaras
2814 3898 3014 3950 autem
3040 3898 3099 3950 et
3117 3890 3464 3968 magnificas
3484 3892 3642 3953 acci-

1995 3977 2121 4058 pies
2153 3979 2534 4058 praesentium
2560 3978 2828 4040 laborum
2849 3978 3395 4043 remunerationes.
3429 3977 3498 4041 Et
3527 3998 3639 4043 vox

1991 4068 2231 4148 quidem
2257 4069 2496 4150 martyri
2519 4088 2789 4148 magnam
2818 4068 3014 4131 attulit
3034 4067 3345 4131 audaciam
3369 4077 3427 4131 et
3449 4068 3636 4134 animi

1989 4156 2419 4220 fortitudinem:
2446 4159 2757 4220 lictoribus
2771 4166 2969 4220 autem
2998 4176 3276 4237 magnum
3301 4158 3638 4223 incussitti-

1992 4264 2243 4307 morem:
2274 4266 2608 4325 omnesque
2630 4257 2883 4329 repente
2902 4247 2961 4309 in
2982 4257 3200 4309 terram
3226 4249 3634 4330 procidentes,

1992 4335 2335 4398 tremebant
2354 4344 2414 4399 et
2436 4335 2996 4417 trepidabant,adeo
3017 4346 3079 4398 ut
3104 4356 3216 4400 nec
3238 4338 3638 4421 ipseimpera-

1994 4434 2104 4502 tor,
2119 4444 2229 4486 nec
2253 4425 2359 4486 ulli
2380 4425 2483 4487 alii
2504 4424 2725 4488 fuerint
2751 4426 3057 4490 immunes
3079 4426 3153 4489 ab
3179 4427 3365 4490 animi
3392 4439 3636 4511 pertur-

1991 4512 2367 4589 batione,sed
2401 4534 2610 4578 omnes
2641 4534 2710 4578 ex
2743 4534 2914 4598 aequo
2948 4516 3092 4579 moti
3131 4516 3376 4580 fuerint:
3403 4518 3639 4580 etiamsi

1993 4602 2093 4665 ille
2124 4622 2242 4685 prae
2267 4604 2575 4686 impietate
2600 4606 2920 4667 caecutiens
2943 4616 3000 4667 et
3025 4604 3379 4684 gravissime
3402 4607 3634 4685 furens,

1992 4694 2605 4774 nolueritintelligere
2620 4703 2683 4755 ut
2712 4695 2866 4757 bene
2884 4703 3130 4774 ageret;
3167 4713 3278 4757 nec
3303 4695 3511 4759 vitium
3543 4708 3640 4760 est

1990 4791 2391 4860 aversatus,ut
2410 4783 2603 4846 dicam
2630 4803 2764 4846 cum
2794 4783 2991 4845 divino
3007 4782 3229 4846 Davide
3252 4786 3307 4861 5;
3332 4804 3445 4849 nec
3458 4786 3639 4849 ullam

1990 4872 2256 4955 ejus,qui
2279 4874 2404 4936 haec
2428 4873 2681 4936 faciebat
2698 4873 3107 4955 miracula,ve|
3128 4874 3435 4938 minimam
3455 4895 3636 4940 acce-

1992 4962 2566 5045 peritnotitiamzsed
2590 4963 2650 5024 in
2674 4981 2982 5026 carcerem
3004 4981 3220 5028 rursus
3242 4963 3566 5029 obscurum
3582 4976 3641 5028 et

1991 5057 2421 5116 tenebricosum
2448 5056 2710 5129 lucisque
2734 5068 3033 5130 expertem
3053 5058 3636 5131 tradiditmartyrem.

2069 5139 2291 5204 νιεοά
2316 5150 2576 5202 mentem
2605 5139 2894 5204 adhibere
2912 5149 3149 5223 oportet
3164 5141 3514 5221 orationi,et
3528 5143 3637 5205 Dei

1989 5230 2299 5312 sapientiae
2323 5247 2606 5292 arcanum
2630 5229 3150 5311 intelligereliinc
3173 5232 3334 5293 enim
3359 5229 3636 5314 proﬁcis-

1989 5321 2143 5383 citur
2166 5323 2246 5398 id,
2281 5321 2437 5402 quod
2471 5328 2561 5383 est
2587 5321 2878 5385 orationis
2899 5321 3431 5402 jucundissimum,
3456 5328 3518 5383 et
3549 5327 3640 5382 est

1988 5407 2231 5471 athletae
2256 5409 2712 5490 conjuncturum
2738 5408 3303 5473 commilitonem.ls
3323 5411 3512 5490 enim,
3539 5406 3638 5471 cui

1990 5497 2054 5561 in
2080 5498 2409 5563 custodiam
2431 5498 2627 5563 fuerat
2646 5506 2886 5564 sanctus
2914 5497 3278 5573 creditus,et
3298 5498 3403 5581 qui
3431 5516 3638 5563 curam
