4072 6206
445 375 562 442 559
1742 371 2022 434 MENSIS
2062 370 2515 436 JANUARIUS.
3697 371 3823 435 560

441 513 682 592 gerebat
702 512 1098 585 caeteris,erat
1127 507 1183 570 ei
1210 505 1378 568 valde
1408 506 1636 568 amicus
1658 505 2050 568 etfamiliaris

2164 508 2252 562 καί
2307 509 2408 574 τῆς
2477 508 2594 585 περί
2662 507 2723 563 τὸ
2785 507 3156 585 δεσμωτήριον
3215 505 3532 585 ἀσφαλείας,
3580 508 3636 562 ἓν
3694 521 3824 570 τοῖς

441 601 588 674 Quis
609 601 703 662 hic
724 598 844 660 est?
865 595 1233 660 Stratonicus
1251 593 1350 655 ille
1373 593 1746 675 sapiens,qui
1768 594 2060 655 videbatul

2163 595 2397 670 μάλιστα
2448 600 2599 675 φίλος
2672 596 2730 664 ἧν
2794 601 2934 670 αὖτῷ
2993 599 3080 654 καί
3140 595 3396 662 συντίθης.
3457 598 3544 659 Τίς
3603 604 3814 675 οὗτος,

440 693 670 766 quidem
686 692 883 748 eadem
898 689 1040 745 senti
1053 702 1110 742 re
1128 702 1252 758 qua:
1265 687 1707 756 amicus,etesse
1723 689 1784 744 in
1800 687 2060 758 religioni

2161 688 2517 762 Στρατόνικος
2552 689 2578 743 6
2609 688 2796 765 σοφὸς,
2859 687 2918 750 ὃς
2965 686 3117 760 ἐῴκει
3152 686 3249 760 μὲν
3282 688 3347 742 τὰ
3379 687 3512 744 αὖτᾶ
3557 689 3634 760 τῷ
3677 686 3821 764 φίλῳ

437 777 708 856 ejusdem
739 773 1047 834 sententia}
1075 792 1088 833 :
1143 771 1410 832 nondum
1437 779 1634 833 autem
1659 772 1916 834 audebat
1948 772 2060 852 pie‘

2159 790 2376 854 φρονεῖν
2435 777 2524 832 καί
2566 778 2684 844 περί
2741 778 2801 832 τὸ
2865 775 3023 840 σέϐας
3057 777 3200 833 εἶναι
3233 774 3490 850 ὀμόδοξος
3525 795 3541 810 ’
3577 775 3729 832 οῧπω
3759 774 3819 831 δὲ

439 874 615 925 tatem
639 861 830 925 libere
851 859 1582 942 proﬁteri.NequeJoseph
1595 863 1889 923 occultam
1907 882 2060 942 super

2159 867 2248 920 καί
2308 867 2408 933 τὴν
2455 863 2724 924 εὒσέϐειαν
2770 864 2973 940 ἐτόλμα
3032 864 3520 943 παρρησιάσασθαι,
3553 863 3670 922 οὒδὲ
3715 865 3820 932 τὴν

431 959 662 1014 raverat
694 950 1103 1030 disciplinam:
1141 969 1206 1012 se
1237 950 1415 1012 amici
1450 959 1647 1012 tamen
1682 951 1983 1031 misereri,
2019 961 2078 1012 et

430 1039 1848 1120 ejusaegreferrecruciatus,ostenditmultorum
1863 1041 2078 1105 oculis.

431 1129 546 1192 Sed
561 1129 633 1190 de
648 1129 988 1192 Stratonico
1007 1128 1249 1208 quidem
1275 1128 1335 1188 in
1357 1128 1893 1209 praesentiadicere
1914 1129 2080 1192 diﬂ‘e-

430 1236 736 1299 ramus,ea
760 1219 918 1278 enim
943 1217 1323 1298 persequitur
1343 1219 1699 1295 oratio,quae
1712 1220 1783 1280 ad
1809 1220 2076 1281 divinum

2163 953 2362 1034 Ἰωσὴφ
2441 956 2814 1032 κεκρυμμένην
2896 951 3226 1030 ὑπερϐέϐηκε
3289 959 3608 1036 μαθητείαν,
3668 977 3814 1030 συμ-

2163 1045 2393 1124 πάσχων
2438 1042 2490 1099 δὲ
2537 1043 2682 1117 ὅμως
2727 1050 2803 1118 τῷ
2847 1042 3150 1122 φιλουμένῳ
3194 1044 3285 1098 καί
3326 1043 3634 1122 περιαλγῶν
3668 1047 3818 1117 αὖτῷ

2161 1139 2268 1188 τῶν
2341 1132 2640 1210 κολάσεων,
2698 1130 2859 1199 δῆλος
2939 1134 3141 1209 γίνεται
3201 1131 3420 1189 πολλῶν
3483 1131 3812 1214 ὀρθαλμοῖς.

2161 1221 2332 1278 Ἀλλὰ
2388 1224 2453 1278 τὰ
2513 1222 2609 1297 μὲν
2681 1223 2802 1300 περί
2887 1221 3240 1299 Στρατονίκου
3297 1223 3440 1302 φημί
3493 1229 3588 1278 τοῦ
3645 1230 3818 1303 σοφοῦ

431 1309 734 1388 pertinent
762 1306 1134 1387 Hermylum,
1163 1325 1272 1368 nec
1308 1308 1527 1387 patitur
1549 1326 1756 1368 eorum
1799 1309 2052 1390 abrump

2161 1312 2295 1375 τέως
2353 1312 2738 1386 ἆναμεινάτω³
2794 1311 2978 1390 ἔχεται
3052 1312 3153 1389 γὰρ
3211 1310 3288 1367 ἔτι
3347 1314 3452 1367 τῶν
3519 1313 3658 1368 κατὰ
3717 1313 3816 1368 τὸν

427 1395 1195 1478 consequentiam.Martyri
1222 1415 1361 1474 ergo
1395 1395 1672 1476 Hermylo
1707 1398 2054 1478 ingredient

2157 1405 2303 1457 θεῖον
2334 1399 2598 1480 Ἐρμύλον
2631 1404 2658 1456 6
2707 1399 2891 1480 λόγος,
2949 1401 3035 1456 καί
3075 1398 3397 1469 διακοπῆναι
3442 1400 3542 1468 τὴν
3571 1400 3817 1458 Fuﬁcu-

427 1505 758 1560 carcerem,
795 1486 923 1547 haec
955 1493 1296 1565 opportune
1328 1485 1698 1547 canebantur
1723 1498 1779 1548 et
1803 1491 2060 1568 pruden-

2158 1491 2272 1546 θίαν
2330 1489 2503 1546 αὒτῶν
2562 1493 2654 1548 οὐκ
2733 1489 3010 1569 ἀνέχεται,
3090 1496 3178 1563 Τῷ
3235 1490 3461 1568 μάρτυρι
3525 1498 3818 1569 τοιγαροῦν

429 1585 542 1638 ter:
571 1575 874 1638 Dominus
895 1574 1268 1636 illuminatio
1292 1593 1418 1635 mea
1444 1581 1501 1637 et
1522 1573 1821 1637 Salvator
1852 1593 2023 1640 meus
2057 1596 2060 1639 :

2162 1570 2410 1656 Ἐρμύλῳ
2478 1580 2689 1636 εἰσιόντι
2747 1580 2809 1635 τὸ
2867 1579 3265 1654 δεσμωτήριον,
3328 1579 3586 1659 εὐκαίρως
3643 1582 3816 1638 ταῦτα

428 1685 602 1748 quem
619 1667 874 1728 timebo?
895 1665 1196 1726 Dominus
1215 1672 1512 1744 protector
1535 1665 1677 1726 vita:
1701 1683 1871 1728 more:
1897 1685 1932 1728 a
1957 1685 2060 1747 quc

2158 1669 2246 1725 καί
2327 1676 2555 1731 συνετῶς
2640 1668 3027 1744 ὕπεψάλλετο⁶
3109 1669 3299 1744 Κύριος
3359 1671 3638 1750 φωτισμός
3701 1692 3814 1746 μου

424 1756 771 1836 trepidabo?
799 1753 998 1815 Deum
1022 1755 1518 1833 appropinquant
1542 1771 1725 1832 super
1741 1772 1839 1816 me
1861 1773 2060 1818 nocen-

2164 1759 2250 1814 καί
2296 1760 2485 1837 Σωτήρ
2532 1780 2654 1830 μου,
2723 1759 2837 1813 τίνα
2902 1755 3331 1838 φοϐηθήσομαις
3396 1759 3584 1834 Κύριος
3643 1761 3812 1838 ὑπερ-

427 1852 608 1918 tes,-ut
631 1845 808 1906 edant
830 1859 1042 1904 carnes
1066 1860 1256 1904 meas.
1287 1842 1398 1914 Qui
1424 1842 1725 1904 tribulam
1749 1862 1841 1906 me
1865 1854 1920 1907 et
1940 1848 2060 1907 ini-

2155 1852 2420 1914 ασπιστὴς
2479 1853 2576 1914 τῆς
2632 1852 2775 1918 ζωῆς
2835 1869 2960 1927 μου,
3017 1847 3125 1902 ἀπὸ
3183 1847 3322 1912 τίνος
3381 1845 3691 1923 δειλιάσω;
3756 1849 3813 1905 ἐν

425 1934 570 1994 miri
592 1933 862 2010 mei,ipsi
885 1931 1196 2009 inﬁrmati
1218 1940 1359 1992 sunt
1383 1932 1903 1995 etcecidcrunt.Si
1930 1953 2066 1997 con-

423 2023 642 2083 sistant
666 2021 987 2082 adversum
1010 2028 1466 2091 mecustramon
1485 2023 1719 2083 timebit
1730 2040 1828 2084 cor
1841 2043 2060 2091 memn.

423 2110 498 2173 Si
522 2112 803 2191 insurgat
825 2111 1125 2173 adversus
1142 2127 1235 2170 me
1255 2109 1573 2186 bellum,in
1597 2112 1705 2173 hoc
1729 2130 1830 2189 ego
1853 2133 2062 2194 spera-

424 2203 494 2263 bo
521 2200 684 2264 6.Sic
714 2199 898 2262 dixit:
938 2207 997 2260 et
1021 2199 1216 2260 statim
1251 2199 1366 2260 dux
1401 2198 1688 2262 mirabilis
1711 2202 1971 2284 desuper
2000 2207 2058 2267 in

419 2289 615 2370 ipsum
651 2289 909 2368 erumpit
937 2288 1009 2349 ad
1058 2288 1531 2349 conﬁrmandum
1565 2289 1649 2366 id,
1685 2293 1841 2371 quod
1875 2312 2058 2355 cane-

421 2378 618 2441 batur:
641 2387 698 2438 et
719 2394 829 2438 vox
849 2395 1057 2438 rursus
1086 2376 1254 2438 illinc
1287 2386 1376 2438 est
1400 2377 1852 2458 audita,jubens
1874 2383 2052 2444 athle-

422 2478 538 2529 tam
572 2466 730 2530 bono
764 2484 898 2528 esse
926 2466 1125 2528 animo
1159 2484 1172 2529 :
1203 2479 1265 2527 et
1296 2466 1588 2546 psalmum
1613 2469 1891 2532 similiter
1919 2491 2057 2535 con-

419 2559 686 2630 ﬁrmans,
723 2565 783 2618 et
829 2555 984 2618 sicut
1041 2563 1170 2618 erat
1205 2555 1257 2618 ei
1292 2554 1613 2637 pollicitus,
1650 2569 1780 2639 post
1813 2563 2056 2624 tertium

421 2648 578 2708 diem
614 2647 793 2708 tinem
827 2663 961 2708 esse
990 2655 1330 2708 venturum.

2148 1945 2224 2008 τῷ
2308 1937 2531 2016 ἐγγίζειν
2603 1935 2686 1992 ἐπ’
2759 1937 2853 2010 ἐμὲ
2926 1946 3220 1999 κακοῦντας
3291 1946 3384 1994 τοῦ
3440 1951 3640 2016 φαγεῖν
3708 1939 3811 2002 τὰς

2147 2029 2345 2103 σάρκας
2409 2049 2531 2099 μου,
2613 2029 2660 2082 οἱ
2745 2022 3011 2088 θλίϐοντες
3085 2047 3153 2100 με
3210 2026 3298 2081 καὶ
3354 2026 3401 2081 οἱ
3453 2026 3638 2105 ἐχθροί
3706 2047 3814 2101 μου

2146 2118 2291 2174 αὐτοὶ
2363 2116 2679 2186 ἠσθένησαν,
2791 2116 2878 2171 καὶ
2965 2113 3182 2176 ἔπεσαν,
3283 2111 3410 2172 Ἐὰν
3492 2116 3810 2192 παρατάξη-

2143 2229 2230 2262 ται
2299 2205 2384 2262 ἐπ’
2430 2205 2524 2280 ἐμὲ
2589 2201 2931 2283 παρεμϐολὴ,
2989 2207 3049 2262 οὖ
3105 2202 3466 2282 φοϐηθήσεται
3523 2206 3557 2272 ἡ
3612 2203 3810 2282 καρδία

2145 2320 2270 2370 μου,
2350 2295 2438 2350 ἐὰν
2525 2294 2797 2370 ἐπαναστῇ
2873 2292 2956 2350 ἐπ’
3033 2293 3127 2368 ἐμὲ
3185 2293 3446 2373 πόλεμος,
3505 2297 3561 2349 ἒν
3634 2297 3804 2372 ταύτῃ

2142 2385 2250 2463 ἐγὼ
2303 2385 2520 2454 ἐλπίζω.
2597 2383 2777 2446 Οὕτως
2837 2383 2962 2462 ἔφη,
3042 2385 3128 2439 καὶ
3190 2385 3380 2439 αύτίπα
3438 2389 3548 2463 φῶς
3607 2381 3808 2441 ἄνωθεν

2147 2480 2288 2550 αὒτῷ
2369 2475 2673 2548 θαυμαστὸν
2750 2472 3060 2552 ῥήγνυται,
3135 2475 3268 2551 πρὸς
3345 2471 3627 2549 βεϐαίωσιν
3711 2482 3808 2531 τοῦ

2143 2564 2496 2638 ὑπᾳδομένου,
2540 2564 2636 2619 καί
2693 2563 2844 2642 φωνὴ
2898 2561 3059 2618 πάλιν
3113 2565 3318 2618 ὶκεῖθεν
3377 2562 3639 2638 ἠκούσθη,
3671 2562 3804 2641 θαρο

2142 2659 2256 2736 ῥεῖν
2314 2676 2369 2710 τε
2429 2659 2504 2726 τῷ
2574 2651 2783 2728 ἀθλητῇ
2839 2651 3254 2730 ἐγκελευομένη,
3317 2653 3405 2708 καὶ
3461 2655 3551 2710 τὸν
3585 2651 3802 2728 ψαλμὸν

422 2739 616 2814 δμοίῶς
674 2744 954 2812 πιστοῦσα,
1016 2739 1102 2794 καὶ
1133 2738 1268 2794 κατά
1324 2737 1424 2804 τὴν
1493 2737 1598 2806 ἤδη
1659 2743 1961 2818 γενομένηη
2020 2747 2366 2827 ἐπαγγελίαν,
2429 2741 2558 2808 ἕξειν
2633 2741 2694 2798 τὰ
2749 2740 2898 2805 τέλος
2952 2743 3087 2816 μετὰ
3156 2742 3341 2819 τρίτην
3398 2741 3601 2820 ἡμέραν
3661 2743 3807 2799 αύτῶ

425 2825 919 2906 προσαγγέλλουσα.

498 2913 922 2995 VII.Sequeuti
947 2924 1146 2978 autem
1173 2915 1268 2978 die
1293 2935 1427 2979 cum
1453 2919 1899 2998 procedendum
1929 2946 2064 2990 esse
2083 2937 2124 2987 c

416 3005 814 3099 signiﬁcasset
831 3005 1121 3099 Licinius,
1145 3015 1204 3068 et
1238 3007 1622 3099 praesedisset
1653 3009 1713 3070 in
1750 3012 2059 3099 tribunali,

419 3093 774 3177 proclamari
792 3094 977 3174 jussit
995 3111 1102 3174 per
1125 3093 2060 3173 praeconcm,utducereturHer;

417 3182 752 3266 mylus.l|le
774 3202 913 3246 vero
939 3185 1070 3245 laeto
1091 3185 1535 3255 animo,ductus
1563 3194 1653 3248 est
1674 3189 1826 3251 laetis
1849 3194 2062 3270 oculis,

415 3284 472 3337 et
495 3293 595 3339 cor
616 3273 846 3336 habens
872 3274 1114 3354 plenum
1144 3273 1370 3364 laetitia:
1397 3284 1692 3339 externus
1715 3281 1873 3342 enim
1895 3302 2065 3364 aspe-

411 3375 544 3428 ctus
569 3366 680 3427 hoc
702 3375 906 3444 aperte
929 3363 1648 3443 signiﬁcavit.Subridens
1663 3378 1859 3432 autem
1885 3383 1942 3435 et
1961 3363 2058 3435 ca-

415 3463 517 3536 put
541 3474 789 3518 movens
818 3454 1103 3531 Licinius,
1133 3464 1192 3518 et
1215 3455 1392 3516 veluti
1419 3467 1688 3519 sanctum
1722 3471 1926 3540 aperte
1960 3464 2054 3525 lu-

411 3545 659 3606 diﬁcans
685 3563 698 3607 :
729 3545 873 3622 Age,
905 3545 1118 3626 inquit,
1157 3563 1336 3627 quam
1373 3546 1478 3606 tibi
1512 3547 1914 3613 conducibilis
1947 3551 2058 3614 fuit

412 3634 514 3696 illa
532 3635 789 3696 obscura
810 3635 1423 3709 custodia?Quomodo
1447 3635 1748 3718 lioc,quod
1771 3639 2058 3704 interces-

413 3726 512 3800 sit,
545 3725 800 3806 spatium
835 3724 941 3786 tibi
975 3744 1180 3787 revera
1222 3724 1418 3787 attulit
1451 3725 1708 3806 aliquam
1742 3731 2061 3794 sententiae

414 3815 802 3876 mutationem
815 3864 828 3890 ,
841 3822 896 3876 et
913 3814 1408 3895 persuasitjussis
1421 3818 1637 3876 cedere
1653 3819 2055 3898 imperatoris,

411 3911 469 3967 et
500 3903 614 3966 diis
647 3903 904 3966 reddere
935 3922 1169 3984 eaquae
1199 3902 1521 3979 debentur,
1550 3923 1624 3966 an
1655 3907 1852 3970 adhuc
1884 3911 2060 3973 nobis

409 4012 562 4073 opus
584 3993 696 4054 erit
719 3992 1037 4054 tormentis
1059 3992 1344 4054 adversus
1369 4000 1590 4056 tantam
1624 3995 1707 4057 tui
1727 3998 1924 4060 cordis
1947 3999 2060 4061 du-

409 4082 644 4142 ritiem?
667 4085 879 4162 Martyr
898 4092 1094 4142 autem
1126 4103 1139 4144 :
1165 4081 1304 4142 Mihi
1331 4082 2055 4169 quidem,inquit,tetrum

410 4169 559 4231 illud
591 4178 650 4232 et
679 4172 1124 4232 tenebricosum
1150 4171 1526 4233 domicilium
1562 4193 1836 4254 magnam
1863 4177 2056 4241 lucem

411 4259 748 4321 conciliavit
782 4277 795 4322 :
835 4269 1075 4323 etnunc
1128 4279 1264 4323 mea
1287 4271 1555 4325 versatur
1575 4265 1776 4327 anima
1797 4267 1858 4328 in
1886 4274 2058 4330 tran-

2231 2925 2313 2984 κ’.
2365 2929 2443 3000 Τῇ
2475 2919 2528 2978 δὲ
2574 2922 2692 2988 ἑξῆς
2749 2917 2975 2998 πρκὶοδον
3031 2923 3058 2975 ὃ
3118 2921 3350 2986 Λικίνιος
3417 2922 3799 3000 παραγγείλας,

2146 3017 2232 3073 καὶ
2277 3013 2597 3093 προκαθίσας
2644 3011 2728 3069 ἐπὶ
2772 3017 2866 3066 τοῦ
2935 3009 3204 3086 βήματος,
3263 3011 3480 3088 ἄγεσθαι
3537 3014 3628 3068 τὸν
3675 3005 3805 3090 Ἐρ-

2147 3104 2315 3179 μύλον
2346 3102 2478 3180 ἑπεφ
2496 3108 2605 3155 ὸνει
2636 3097 2720 3154 διὰ
2763 3101 2856 3155 τοῦ
2913 3100 3143 3178 κήρυκος
3174 3116 3188 3131 ⁶
3246 3102 3331 3156 καί
3392 3100 3450 3166 θς
3483 3099 3642 3178 ἤγετο
3671 3124 3807 3181 φαι-

2145 3193 2241 3272 δρᾷ
2283 3197 2462 3270 ψυχῇ,
2541 3187 2783 3268 φαιδροῖς
2860 3188 3062 3264 ὄμμασι
3100 3235 3115 3265 ,
3184 3189 3391 3268 πλήρης
3445 3187 3643 3258 ἡδονῆς
3703 3192 3804 3259 τὴν

2148 3279 2362 3361 καρδίαν
2397 3295 2412 3310 ⁶
2475 3285 2627 3335 τοῦτο
2681 3278 2781 3355 γὰρ
2836 3280 2870 3346 ἡ
2929 3276 3114 3344 ἔξωθεν
3146 3278 3268 3355 ὄψις
3303 3279 3595 3356 ἐσήμαινεν
3653 3279 3801 3358 ἀκρι-

2139 3368 2270 3434 ϐῶς.
2333 3366 2643 3446 ’Υπογελῶν
2701 3364 2755 3421 δὲ
2813 3369 2900 3423 καὶ
2959 3367 3059 3436 τήν
3117 3367 3356 3448 κεφαλὴν
3386 3374 3547 3425 κινῶν
3579 3371 3606 3426 6
3640 3375 3801 3426 Λικι-

2140 3481 2269 3534 νιος,
2365 3459 2451 3514 καὶ
2533 3458 2772 3537 φανερῶς
2847 3457 3029 3536 ὥσπερ
3141 3461 3654 3534 κατειρωνευόμενος
3710 3465 3806 3516 τοῦ

2140 3549 2312 3628 ἁγίου,
2392 3553 2556 3625 Δεῦρο
2607 3544 2696 3619 δὴ,
2753 3545 2879 3626 ἔφη,
2961 3547 3077 3611 πῶς
3136 3547 3235 3626 ἂρα
3295 3570 3377 3605 σοι
3421 3549 3483 3605 τὸ
3528 3550 3804 3606 σκοτεινὸν

2142 3637 2323 3693 ἐκεῖνο
2383 3632 2703 3693 συνεϐάλετο
2786 3638 3080 3714 φρούριονς
3143 3642 3261 3701 πῶς
3346 3659 3428 3694 σοι
3487 3638 3549 3694 τὸ
3603 3637 3801 3712 μεταξὺ

2141 3734 2294 3784 τοῦτο
2351 3724 2623 3801 διάστημα
2668 3729 2810 3793 ἦπου
2861 3723 3167 3800 μεταϐολήν
3219 3726 3301 3783 σοί
3333 3748 3451 3783 τινα
3494 3727 3590 3795 τῆς
3650 3728 3799 3806 γνώ-

2141 3838 2250 3892 μης
2303 3817 2606 3896 εἰργάσατο,
2659 3814 2754 3872 καί
2814 3814 3122 3892 βασιλικοῖς
3166 3816 3344 3872 ἔπεισε
3393 3817 3798 3894 προστάγμασιν

2141 3906 2308 3988 εἶξαι,
2342 3907 2429 3962 καὶ
2474 3910 2616 3971 θεοῖς
2655 3904 2938 3963 ἀποδοῦναι
2995 3907 3061 3962 τὰ
3118 3905 3440 3987 ὀφειλόμενα
3477 3925 3494 3984 ;
3530 3907 3566 3975 ἢ
3619 3905 3797 3978 δεήσει

2140 3999 2228 4054 καὶ
2289 3995 2364 4053 ἔτι
2427 3996 2674 4072 βασάνων
2742 3997 2876 4071 ἡμῖν
2933 3997 3062 4075 πρὸς
3129 3994 3340 4064 πολλήν
3384 3994 3524 4054 οὕτω
3583 3995 3799 4076 καρδίας

2141 4086 2445 4143 ἀντιτυπίαν
2482 4105 2499 4161 ;
2537 4085 2633 4142 Καὶ
2690 4085 2718 4141 ὅ
2775 4086 3001 4167 μάρτυς,
3063 4083 3219 4162 Ἐμοὶ
3273 4087 3394 4162 μὲν,
3431 4085 3560 4166 ἔφη,
3591 4089 3678 4144 καὶ
3733 4089 3798 4144 τὸ

2140 4177 2401 4255 πνιγηρὸν
2433 4174 2610 4231 ἐκεῖνο
2642 4174 2852 4250 οἴκημα
2897 4179 2986 4231 καὶ
3041 4173 3274 4253 ζοφῶδες
3321 4175 3559 4255 μεγάλου
3621 4179 3797 4258 φωτὸς

2142 4261 2353 4343 ἐγένετο
2398 4263 2671 4343 πρόξενον,
2702 4265 2788 4322 καὶ
2821 4273 2908 4323 νῦν
2953 4263 3165 4343 γαλήνη
3202 4285 3307 4342 μου
3341 4267 3428 4324 καὶ
3471 4263 3638 4334 ἦδονὴ
3696 4267 3798 4335 τὴν

411 4350 694 4424 quillitate
714 4361 767 4410 et
790 4355 1167 4424 voluptate,et
1187 4355 1582 4426 inexplicabili
1608 4356 2054 4428 illuminatione,

2146 4354 2327 4434 ψυχὴν
2359 4354 2500 4434 ἔχει,
2536 4352 2631 4410 καί
2687 4355 2960 4434 φωτισμὸς
3019 4352 3249 4433 ἄῤῥητος
3282 4355 3527 4436 χρηστὰς
3579 4356 3796 4412 ὑποτεί-

412 4455 544 4518 quze
567 4436 747 4500 futuri
775 4437 922 4500 mihi
946 4456 1115 4518 spem
1146 4437 1361 4500 bonam
1395 4441 1665 4521 porrigit.
1700 4443 1822 4524 Ego
1853 4455 2056 4510 autem

2146 4465 2244 4498 νων
2276 4466 2367 4518 μοι
2411 4444 2504 4506 τὰς
2565 4440 2803 4506 ἐλπίδας.
2853 4442 2998 4520 Ἐγὼ
3046 4441 3100 4499 δὲ
3145 4443 3232 4501 ἐπὶ
3293 4466 3376 4502 σοι
3407 4447 3496 4501 καὶ
3525 4443 3644 4501 λίαν
3674 4444 3794 4524 ἔχω

409 4526 580 4588 valde
605 4525 1331 4610 miror,qt:emadmodum
1349 4531 1557 4611 quazin
1582 4539 1640 4594 te
1662 4533 1932 4598 habitant
1964 4545 2056 4598 te-

2146 4534 2440 4612 θαυμάζειν,
2500 4533 2616 4597 πῶς
2699 4528 3006 4608 μεταϐολήν
3085 4555 3204 4590 τινα
3260 4535 3321 4590 τὸ
3393 4533 3632 4592 ἐνοικοῦν
3711 4555 3794 4591 σοι

411 4622 622 4685 nebrae.
646 4620 866 4678 nullam
894 4622 1216 4693 suscipiunt
1244 4623 1623 4682 mutationem
1657 4640 1671 4682 :
1700 4628 1800 4684 sed
1824 4644 2054 4700 semper

414 4707 724 4790 profundae
747 4715 805 4769 et
827 4719 1128 4769 concretae
1151 4707 1417 4772 insident
1459 4709 1574 4772 tuis
1595 4711 1814 4776 animae
1839 4716 2052 4792 oculis,

411 4815 540 4872 quae
562 4814 924 4872 nequaquam
947 4801 1422 4873 sinuntaspicere
1446 4804 1914 4865 veritatem.Cum
1941 4815 2054 4864 tam

412 4895 608 4956 aperte
629 4886 977 4956 impietatem
1003 4884 1338 4956 imperatori
1355 4887 2057 4959 exprobrasset,Licinius

411 4971 498 5029 illi
513 4969 883 5029 vehementer
896 4981 948 5029 et
966 4986 1094 5028 cum
1113 4987 1318 5043 magna
1337 4973 1697 5044 respondens
1719 4977 2052 5035 acerbitate:

409 5055 568 5121 Nihil
597 5054 1075 5136 aliud,inquit,ut
1097 5055 1650 5133 videtur,didicisti,
1687 5060 1798 5120 nisi
1823 5061 2055 5122 solum-

411 5150 588 5212 modo
618 5159 902 5232 appetere
934 5150 1338 5212 contumeliis:
1369 5151 1527 5233 quod
1557 5154 1800 5234 quidem
1828 5169 1916 5216 est
1939 5154 2056 5216 lin-

409 5241 1047 5324 guaeintemperantia,
1084 5245 1377 5305 etanimae
1401 5245 1739 5321 audacia,et
1773 5256 1834 5308 ut
1866 5247 2054 5311 semel

411 5333 604 5394 dicam
625 5332 1035 5396 amentia.Sed
1057 5341 1254 5394 tamen
1280 5333 1672 5415 responde,et
1702 5336 1798 5397 dic
1822 5346 2052 5418 aperte:

412 5423 617 5485 Diisne
635 5421 1090 5498 sacriﬁcabis,et
1112 5422 1279 5485 nobis
1293 5424 1473 5488 cedes
1491 5427 1578 5488 sic
1595 5425 2050 5508 imperantibus,

411 5530 484 5573 an
519 5521 577 5574 te
613 5513 699 5574 uti
725 5520 961 5594 oportet
992 5519 1054 5574 ut
1078 5513 1378 5576 mereris?
1407 5513 1628 5577 Christi
1661 5524 1859 5579 autem
1892 5536 2052 5580 mar-

491 5687 524 5738 6
555 5688 709 5748 Psal.
746 5707 903 5774 xxvx,
938 5695 1072 5757 t-4.

2139 4628 2328 4687 σκοτος
2387 4622 2491 4702 οὐχ
2533 4622 2809 4702 ὑπομένει,
2873 4621 3009 4678 ἀλλὰ
3069 4623 3150 4679 ἀεὶ
3208 4625 3499 4701 βαθύτατον
3567 4645 3662 4680 σου
3706 4633 3794 4690 καὶ

2140 4713 2387 4791 πεπηγὸς
2430 4724 2549 4775 τοῖς
2580 4716 2678 4778 τῆς
2713 4713 2899 4790 ψυχῆς
2960 4713 3250 4790 ἱγκάθηται
3314 4711 3641 4794 ὀφθαλμοῖς,
3701 4716 3793 4772 οὗ⁴

2140 4799 2320 4864 δαμῶς
2395 4800 2496 4858 ἐῶν
2567 4797 2860 4876 ἀναϐλέψαι
2920 4802 3052 4880 πρὸς
3144 4804 3240 4870 τὴν
3299 4801 3574 4872 ἀλήθειαν.
3643 4803 3795 4861 Οὕτω

2139 4891 2368 4971 φανερὰν
2424 4887 2670 4946 ἀσέϐειαν
2742 4893 2817 4961 τῷ
2883 4889 3102 4968 βασιλεῖ
3142 4899 3235 4950 τοῦ
3279 4892 3544 4972 μάρτυρος
3598 4891 3794 4950 ὀνειδί-

2139 5001 2349 5055 σαντος,
2411 4979 2650 5064 σφοδρῶς
2721 4983 2928 5044 ἐκεῖνος
2979 4981 3068 5037 καί
3125 4983 3262 5058 μετὰ
3327 4981 3536 5051 πολλῆς
3580 4983 3795 5064 πικρίας

2141 5069 2445 5144 ὓπολαϐὼν,
2514 5060 2607 5134 Ὠς
2670 5067 2866 5144 ἔοικεν,
2925 5068 3150 5147 ὑϐρίζειν
3213 5073 3377 5148 μόνον
3447 5060 3792 5150 μεμαθηκας,

2141 5158 2266 5241 ἔφη,
2325 5160 2454 5240 ὅπερ
2512 5161 2626 5218 ὶστὶ
2680 5159 2928 5240 γλώττης
2973 5162 3257 5240 ἀκολασία,
3292 5165 3379 5220 καὶ
3440 5169 3629 5244 ψυχῆς
3669 5167 3795 5242 θρα-

2140 5253 2324 5327 σύτης,
2387 5252 2475 5308 καὶ
2517 5252 2579 5306 τὸ
2623 5249 2748 5307 ὅλον
2789 5251 3036 5315 ἀπόνοια,
3074 5251 3221 5322 Πλὴν
3251 5253 3388 5310 ἀλλὰ
3443 5250 3589 5328 ὅμως
3647 5255 3793 5309 ἀπο-

2138 5363 2334 5419 κριναι,
2371 5343 2458 5398 καὶ
2513 5341 2636 5421 λέγε
2695 5341 2876 5422 σαφῶς
2913 5357 2928 5372 '
2993 5343 3130 5409 θύεις
3187 5356 3304 5410 τοῖς
3345 5347 3488 5407 θεοῖς
3532 5343 3622 5399 καὶ
3649 5343 3789 5418 ἡμῖν

2141 5431 2371 5497 δπείκεις
2429 5431 2567 5488 οὕτω
2620 5432 3062 5509 προστάττουσιν,
3119 5431 3155 5500 ἢ
3213 5433 3444 5514 χρῆσθαί
3495 5453 3576 5488 σοι
3621 5453 3792 5506 προσ-

2137 5521 2261 5591 ήκει
2304 5522 2478 5586 καθὼς
2511 5519 2656 5588 ἄξιον
2695 5541 2714 5596 ;
2772 5523 2869 5579 Καὶ
2919 5524 2947 5578 6
2980 5529 3071 5578 τοῦ
3113 5528 3340 5602 Χριστοῦ
3396 5523 3594 5601 μάρτυς
3657 5514 3787 5604 Ἐρ-
