4072 6206
302 272 419 339 561

1291 270 1477 338 VITA
1521 272 1622 337 SS.
1669 272 2025 336 HERMYLI
2069 273 2168 336 ET
2212 274 2697 338 STRATONICI.

3567 275 3686 342 562

299 407 505 485 μύλος,
556 406 770 489 Ἔχεις,
802 407 925 490 ἔφη,
959 408 1053 472 τὰς
1106 409 1437 488 ἀποκρίσεις,
1480 410 1527 463 ὧ
1568 406 1807 487 βασιλεῦ,
1868 408 1958 466 καὶ

2056 427 2131 499 ;yr
2160 406 3317 499 Her-my]us:Habes,inquit,responsa,o
3336 408 3681 499 imperator,

298 501 513 556 τούτωο
568 496 717 558 οῦδὲν
745 498 988 563 ἇκούσεις
1032 497 1157 579 παρ’
1188 498 1317 575 ὲμοῦ
1364 496 1556 574 πλέον,
1587 499 1724 554 ποίει
1774 496 1961 555 λοιπὸν

300 589 334 646 ὅ
363 587 560 666 βούλῃ,
592 589 682 646 καὶ
722 588 937 667 πέραινε
979 589 1040 645 τὰ
1074 588 1450 664 νενομισμένα.
1668 580 1671 583 Α

397 678 491 740 H'.
566 678 834 739 Ἐντεῦθεν
877 678 966 745 ὀξὺ
1030 679 1304 761 χολωθεὶς
1353 683 1381 737 ὁ
1455 679 1687 745 Λικίνιος
1760 677 1961 737 κελεύει

300 767 526 848 ῥάϐδοις
583 770 742 828 αὖιὸν
772 770 834 826 τὸ
882 773 1077 849 σχῆμα
1120 769 1397 847 τριγώνοις
1438 767 1627 826 ὕπτιον
1656 767 1962 826 διαταθεντα

301 860 453 917 κατὰ
499 862 598 926 τῆς
668 860 895 937 γαστρὸς
945 861 1253 922 τύπτεσθαι,
1314 849 1378 915 Ἠ
1436 858 1537 931 μὲν
1589 857 1677 915 οὖν
1734 858 1965 935 βάσανος

302 948 450 1015 αὕτη
504 946 727 1027 γαλεπὴ
791 948 930 1022 λίαν,
975 949 1065 1004 καὶ
1127 969 1371 1023 σωμασιν
1440 946 1784 1020 ἀνθρωπίνοις
1837 945 1962 1015 ἤκι-

302 1060 415 1094 στα
473 1038 701 1117 φορητὴ.
781 1038 842 1094 Αἱ
898 1038 1000 1117 γὰρ
1063 1043 1248 1115 γωνίαι
1316 1042 1414 1094 τῶν
1473 1034 1676 1115 ῥάϐδων
1750 1037 1843 1093 οἷά
1886 1058 1963 1102 τις

304 1128 581 1195 ἠκόνηντο
649 1127 919 1204 μάχαιρα,
967 1129 1054 1183 καὶ
1108 1125 1344 1206 σφοδρῶς
1392 1125 1630 1193 ἥπτοντο
1671 1126 1778 1182 τῶν
1830 1149 1965 1203 σαρ-

307 1223 452 1276 κῶν.
502 1213 651 1282 Πλὴν
699 1212 838 1272 ἀλλὰ
872 1217 962 1273 καὶ
1014 1214 1181 1280 οὕτως
1232 1215 1473 1284 ἀνηλεῶς
1521 1214 1834 1291 τυπτομένῳ
1890 1222 1968 1291 τῷ

309 1305 525 1382 ἀθλητῇ
593 1304 648 1361 ἓν
707 1304 1035 1382 παραμύθιον
1095 1305 1161 1373 ἦν
1204 1306 1265 1362 τὸ
1330 1305 1467 1362 κατὰ
1524 1313 1643 1364 νοῦν
1715 1305 1966 1376 ὰτενίζειν

312 1401 563 1473 Χριστῷ,
594 1392 649 1450 ἓν
699 1391 916 1467 εὐμενὲς
949 1415 1251 1473 φαρμακον.
1296 1395 1331 1462 ἡ
1369 1393 1499 1468 πρὸς
1546 1392 1754 1450 ἐκεῖνον
1798 1392 1961 1473 εὐχὴ,

311 1484 383 1552 ἢν
441 1481 612 1551 ἡδέως
673 1474 1025 1538 ἓπετάττεται
1072 1486 1338 1561 πληγαῖς,
1408 1483 1584 1558 Κύριε,
1632 1480 1830 1562 λέγων,
1890 1485 1961 1544 εἷς

312 1573 377 1629 τὸ
450 1571 719 1651 βοηθῆσαί
775 1593 867 1645 μοι
939 1580 1191 1636 σπεῦσον,
1266 1572 1372 1634 Καὶ
1452 1575 1511 1635 ’o‘;
1581 1572 1752 1651 ταχὺς
1823 1575 1966 1646 αὐτῷ

2046 485 2101 551 et
2133 491 2279 552 nihil
2312 485 2380 552 ei:
2410 490 2533 552 iisa
2565 488 2737 551 nobis
2765 485 3024 567 amplius
3053 485 3474 553 audiveriszfac
3506 485 3684 554 dein-1

2046 597 2190 659 ceps
2221 579 2381 658 quod
2423 578 2593 654 velis,
2626 585 2685 640 et
2727 594 3068 658 exsequere
3098 595 3168 639 ea
3218 597 3350 659 quae
3379 583 3686 645 statueris.

2126 668 2279 732 VIII.
2313 667 2419 730 llis
2448 669 2529 730 ita
2562 668 2824 749 percitus
2854 665 3138 742 Licinius,
3166 666 3343 748 jubet
3373 687 3510 731 eum
3545 690 3687 752 por-

2048 766 2275 820 rectum
2311 763 2594 839 supinum
2628 756 2808 836 virgis
2838 756 3033 837 ﬁgura
3056 756 3367 837 triangulis
3396 757 3458 820 in
3482 768 3691 823 ventre

2051 846 2383 910 verberari.
2416 846 2489 908 Et
2522 853 2650 909 erat
2677 844 2924 927 quidem
2959 846 3070 909 hoc
3094 863 3271 924 grave
3302 853 3688 926 tormentum,

2048 945 2108 1000 et
2155 937 2506 1018 corporibus
2539 934 2819 999 humanis
2848 935 3095 997 minime
3127 935 3525 999 tolerandum.
3562 940 3693 1001 An-

2046 1026 2167 1106 guli
2200 1027 2358 1088 enim
2390 1024 2717 1102 virgarum,
2754 1042 2871 1085 non
2904 1042 3078 1086 secus
3105 1043 3174 1087 ac
3213 1026 3455 1107 quidam
3489 1044 3686 1103 enses,

2050 1134 2263 1178 carnes
2292 1116 2686 1177 vehementer
2713 1113 3051 1194 tangebant.
3094 1115 3211 1178 Sed
3242 1112 3715 1199 athletm,etiam‘

2052 1225 2183 1268 cum
2230 1204 2648 1267 verberaretur
2699 1211 2815 1264 tam
2864 1203 3453 1281 immisericorditer,
3505 1225 3692 1269 unum

2053 1305 2181 1357 erat
2212 1295 2514 1366 solatium,
2552 1311 2767 1373 nempe
2797 1292 3097 1356 Christum
3130 1294 3269 1357 ﬁxis
3317 1296 3509 1359 oculis
3537 1296 3697 1379 aspi-

2052 1402 2214 1447 cere.
2275 1387 2471 1447 Unnm
2530 1382 2855 1462 benignum
2918 1383 3419 1446 medicamentum
3484 1404 3697 1466 preces

2049 1491 2194 1555 quas
2223 1473 2294 1534 ad
2328 1474 2494 1535 illum
2528 1470 2838 1543 fundebat,
2865 1472 3081 1553 quibus
3097 1473 3568 1556 plagisjucunde
3589 1495 3692 1540 as-

2049 1564 2356 1644 pergebat,
2390 1562 2641 1624 dicens:
2701 1564 2957 1625 Domine
2987 1564 3068 1625 ad
3120 1563 3547 1635 adiuvandum
3602 1583 3694 1630 me

316 1662 635 1741 παρίσκατο,
708 1660 833 1737 ῥᾷόν
900 1682 953 1718 τε
1016 1663 1111 1726 τὰς
1170 1659 1353 1726 ὀδύνας
1416 1661 1591 1741 φέρειν
1636 1667 1830 1735 ποιῶν,
1877 1662 1964 1717 καὶ

2056 1653 2275 1715 festina
2304 1653 2356 1713 '7.
2412 1651 2519 1714 Iile
2568 1671 2709 1716 vero
2758 1652 2875 1714 cito
2905 1652 2963 1714 ei
3011 1653 3220 1735 adfuit,
3254 1662 3313 1716 et
3362 1654 3583 1718 faciens
3631 1664 3695 1717 ut

314 1752 419 1818 τὴν
475 1749 753 1807 τελοίωσιν
811 1748 1310 1828 εὐαγγελιζόμενος.
1373 1742 1432 1809 ’0
1488 1749 1737 1827 βασιλεὺς
1792 1751 1962 1807 τοίνυν

2056 1742 2233 1805 ferret
2278 1742 2519 1803 dolores
2572 1742 2832 1816 facilius,
2866 1749 2928 1803 et
2974 1743 3338 1807 annuntians
3386 1745 3514 1825 ejus
3544 1764 3692 1808 con-

315 1841 412 1897 ἅτε
473 1841 562 1897 τὸν
592 1840 756 1913 θυμὸν
813 1839 872 1897 ἐκ
901 1849 991 1899 τοῦ
1049 1841 1128 1914 μη
1160 1842 1355 1896 πείθει-ι
1400 1838 1842 1919 παρωξυμμένος,
1876 1840 1964 1896 καὶ

316 1931 419 1986 τὶν
477 1928 649 1996 καλὴν
693 1927 900 1995 ἐκείνην
955 1929 1086 1999 ὑπὲρ
1127 1929 1224 1997 τῆς
1267 1925 1533 1995 εὖσεϐείας
1589 1931 1683 1987 τοῦ
1736 1928 1966 1997 ἀθλητοῦ

316 2018 588 2092 ἔνστασιν,
631 2016 920 2096 ὀλιγωρίαν
978 2018 1121 2075 εἶναι
1173 2022 1271 2088 τῆς
1328 2018 1486 2076 αὐτοῦ
1544 2018 1781 2085 ἔξουσίας
1825 2020 1963 2075 ὑπο-

315 2105 632 2182 λαμϐάνων,
680 2104 864 2181 ἔμενεν
919 2106 995 2163 ἔτι
1046 2106 1289 2178 κολάζων
1346 2110 1435 2164 καὶ
1491 2109 1621 2187 πρὸς
1675 2110 1794 2183 βίαν
1852 2109 1965 2165 πεί-

315 2219 435 2253 σειν
496 2198 657 2255 αυτὸν
717 2196 984 2272 οἰόμενος,
1058 2196 1220 2253 ”Οθεν
1275 2198 1361 2254 καὶ
1419 2197 1587 2262 ὄνυξιν
1644 2198 1815 2254 ἀετῶν
1869 2197 1969 2264 τὴν

318 2290 485 2345 αὺτοῦ
570 2305 805 2364 γαστερα
899 2285 1215 2358 προσέταττε
1298 2284 1702 2362 διαπείρασθαι,
1776 2286 1969 2366 μέχρις

318 2375 387 2431 ἂν
443 2372 741 2456 ὀφθαλμοῖς
814 2372 928 2451 ἴδῃ,
997 2377 1179 2454 φησίν,
1247 2377 1408 2438 αὒτὸς
1478 2377 1664 2436 ἑαυτοῦ
1748 2379 1835 2432 καὶ
1903 2376 1970 2432 τὰ

319 2464 549 2542 ἔγκατα.
608 2463 727 2542 Ἐφ’
773 2468 860 2529 οἷς
916 2467 945 2521 ὁ
992 2465 1219 2541 μάρτυς,
1285 2456 1348 2522 Ἠ
1412 2463 1597 2544 καρδία
1649 2488 1750 2541 μο)
1798 2467 1886 2522 καὶ
1934 2466 1969 2533 ἡ

320 2551 452 2633 σάρξ
513 2577 637 2628 μου,
690 2552 892 2632 ἔλεγεν,
946 2552 1341 2631 ἠγαλλιάσαντο
1409 2554 1505 2611 ἐπὶ
1576 2556 1705 2612 Θεὸν
1771 2560 1967 2633 ζῶντα,

321 2644 398 2708 ὡς
470 2640 531 2698 ἰκ
616 2641 838 2707 στέατος
911 2646 996 2700 καὶ
1065 2643 1323 2711 πιότητος
1393 2643 1635 2715 ἐπλήσθη
1706 2645 1741 2713 ἡ
1814 2645 1968 2723 ψυχή

321 2753 429 2807 μου
460 2776 476 2800 ,
549 2732 638 2789 καὶ
716 2729 879 2811 χείλη
949 2730 1318 2810 ἀγαλλιάσεως
1402 2734 1594 2791 αἰνέσει
1666 2735 1724 2791 τὸ
1795 2735 1969 2807 στόμα

320 2843 452 2897 μου.
541 2821 649 2880 Καὶ
731 2827 896 2878 ταῦτα
978 2823 1078 2898 μὲν
1160 2821 1361 2899 οὕτως’,
1447 2825 1513 2881 τὰ
1593 2822 1649 2879 δὲ
1733 2822 1966 2885 ἐντεῦθεν

320 2917 492 2991 πῶς;

407 2990 497 3058 6'.
562 2990 620 3058 Ὀ
651 3000 899 3075 τύραννος
960 3001 1058 3075 μὲν
1113 3000 1401 3059 έσκέπτετο
1442 3001 1662 3082 φυλαχῇ
1705 3002 1792 3058 καὶ
1821 3002 1965 3065 αὖθις

321 3088 505 3146 δοῦναι
563 3089 654 3145 τὸν
713 3088 973 3159 ἀθλητὴν,
1034 3090 1172 3147 ὥστε
1227 3091 1542 3170 πικρότερον
1591 3090 1751 3149 πάλιν
1810 3090 1967 3147 αὖτὸν

321 3177 749 3256 τιμωρήσασθαι.
813 3149 1167 3255 έτρατόνικος
1236 3178 1290 3236 δὲ
1326 3149 1520 3246 ικαλὸς,
1580 3178 1722 3260 (ἥκει
1784 3180 1885 3258 γὰρ
1940 3149 2028 3237 bc

322 3267 484 3347 λογος
515 3268 589 3330 εἷς
641 3266 803 3344 πέρας
858 3267 1088 3346 ἀγαγεῖν
1131 3269 1230 3337 τὴν
1273 3268 1645 3348 ἐπαγγελίαν),
1680 3268 1818 3326 οὕτω
1860 3269 1971 3326 πά-

326 3379 531 3437 σχοντα
584 3356 672 3412 τὸν
739 3348 1002 3433 Ἐρμύλον
1059 3361 1219 3437 ὁρῶν,
1280 3359 1367 3415 καὶ
1422 3358 1638 3433 ἀμύνειν
1693 3357 1833 3421 ὅλως
1877 3356 1973 3414 οὒκ

322 3446 500 3527 ἔχων,
536 3445 666 3524 ὅπερ
724 3446 886 3522 εἶψεν
941 3447 1130 3504 ἐποίειο
1190 3449 1277 3503 καὶ
1309 3454 1407 3521 ,τῷ
1446 3446 1585 3526 φίλῳ
1641 3447 1970 3526 συνέπασχε,

322 3536 422 3593 καῖ
457 3534 614 3613 ἤλγει
645 3542 871 3614 πικρῶς.
913 3538 1002 3593 καὶ
1051 3539 1110 3592 τὸ
1140 3535 1424 3615 πρόσωπον
1454 3538 1585 3617 εἶχε
1636 3557 1968 3612 συμπεπτω-

322 3627 443 3696 κὸς,
476 3627 566 3681 καὶ
624 3631 731 3681 τῶν
788 3624 1075 3704 ὀφθαλμῶν
1118 3625 1337 3683 ἂστακτὶ
1387 3628 1565 3705 προίει
1621 3627 1684 3682 τὸ
1726 3624 1967 3704 δάκρυον.

323 3713 484 3772 Ὀθεν
543 3710 661 3770 ουδὲ
694 3710 930 3770 διέλαθεν
989 3714 1159 3779 οὕτως
1199 3712 1372 3794 ἔχων,
1404 3713 1539 3771 ἀλλὰ
1591 3720 1698 3771 τῶν
1742 3735 1972 3791 συστρα-

321 3809 531 3860 τιωτῶν
580 3823 720 3866 τινες
791 3802 1045 3860 ἐπίλυπον
1102 3806 1196 3860 τὸν
1267 3802 1434 3882 ἅνδφα
1505 3804 1593 3861 καί
1664 3804 1971 3882 σκυθρωπὸν

321 3895 588 3972 ὑρῶντειρ,
623 3893 710 3948 καὶ
756 3899 850 3949 τοῦ
879 3894 1192 3971 πράγματος
1245 3893 1343 3961 τὴν
1393 3894 1561 3949 αἰτίαν
1604 3894 1972 3972 φωράσαντες,

320 3986 401 4055 τῷ
441 3981 660 4058 βασιλεῖ
729 3980 1137 4057 προσελθόντες,
1199 3982 1543 4060 Σρατόνικος,
1603 3982 1869 4060 λέγουσιν,
1929 3982 1975 4038 ὦ

322 4068 573 4148 βασιλεῦ,
604 4070 924 4149 Σρατόνικος
969 4073 996 4127 ὁ
1052 4068 1387 4150 δεσμοφύλαξ
1443 4069 1603 4139 δῆλός
1650 4071 1791 4128 ἑστιν
1845 4070 1975 4146 Ἐρ-

325 4157 483 4233 μῦλῳ
538 4160 638 4226 τῆς
670 4156 900 4231 πλάνης,
940 4160 1027 4215 καὶ
1082 4167 1176 4216 τοῦ
1208 4167 1623 4238 Χριστιανισμοῦ
1680 4166 1973 4217 κοινωνῶν.

2051 1832 2543 1896 summationem.
2579 1833 2916 1912 Imperator
2941 1830 3149 1911 igitur,
3184 1841 3247 1894 ut
3288 1836 3386 1915 qui
3421 1843 3580 1897 esset
3606 1835 3693 1897 ir-

2048 1922 2265 1983 ritatus
2304 1941 2376 1984 eo
2433 1921 2587 2003 quod
2625 1939 2745 1983 non
2796 1929 3058 2002 pareret.
3093 1930 3156 1985 et
3187 1924 3484 2002 egregiam
3533 1923 3697 1986 illam

2048 2010 2284 2073 athletae
2323 2029 2431 2091 pro
2462 2010 2680 2091 pietate
2710 2010 3104 2072 constantiam
3150 2012 3515 2075 existimaret
3545 2022 3704 2077 esset

2052 2118 2175 2162 suae
2227 2108 2635 2181 contemptum
2689 2099 2991 2180 potentiae,
3028 2099 3304 2163 manebat
3352 2103 3547 2165 adhuc
3595 2124 3704 2185 pu-

2056 2190 2322 2265 niens,et
2346 2189 2397 2250 vi
2429 2209 2564 2251 eum
2591 2207 2726 2251 esse
2759 2207 3181 2267 persuasurum
3213 2190 3701 2267 arbitrans.Quo-

2055 2281 2211 2342 circa
2262 2279 2445 2359 jussit
2474 2280 2605 2359 ejus
2637 2287 2904 2339 ventrem
2964 2279 3561 2361 perfodiaquilarum
3595 2303 3700 2345 un-

2054 2368 2492 2448 guibus,donec
2522 2367 2672 2447 suis,
2697 2366 2913 2446 inquit,
2939 2367 3129 2429 oculis
3151 2387 3258 2430 sua
3280 2369 3474 2434 videat
3502 2371 3698 2435 intes-

2054 2459 2177 2520 tina
2234 2456 2486 2536 Propter
2508 2475 2637 2537 qua;
2667 2454 2814 2517 dixit
2838 2466 3080 2536 martyr:
3109 2455 3231 2518 Cor
3261 2476 3457 2521 meum
3485 2469 3700 2524 etcuro

2053 2565 2185 2609 mea
2232 2546 2701 2609 oweullarerunt
2732 2550 2797 2605 in
2854 2547 3046 2607 Deum
3077 2547 3280 2608 vivum
3307 2550 3359 2605 8.
3395 2548 3570 2612 Sicut
3621 2568 3699 2613 ea:

2050 2635 2229 2716 adipe
2274 2646 2330 2697 et
2359 2635 2736 2716 pinguedine
2790 2634 3028 2714 repleta
3073 2643 3162 2697 est
3211 2638 3423 2699 anima
3454 2656 3611 2714 mea,
3644 2647 3700 2702 et

2054 2726 2235 2788 labiis
2263 2725 2696 2788 exsultationis
2752 2721 3033 2786 laudabit
3064 2743 3130 2786 os
3162 2742 3359 2788 meum
3382 2728 3436 2786 9.
3470 2726 3541 2789 Et
3570 2729 3696 2790 haec

2052 2814 2289 2896 quidem
2313 2814 2422 2877 sic.
2458 2814 2601 2888 Quae
2632 2820 2832 2874 autem
2861 2820 2998 2875 sunt
3030 2812 3316 2897 deinceps
3347 2825 3694 2899 consecuta,

2050 2904 2349 2986 quomodo
2380 2912 2409 2969 ?

2114 2993 2285 3058 XLIn
2308 2996 2509 3056 animo
2531 2992 2777 3075 quidem
2803 2992 3065 3056 habebat
3087 3002 3374 3074 tyrannus
3395 3013 3530 3058 eum
3555 3015 3699 3060 rur-

2052 3103 2153 3145 sus
2176 3084 2319 3146 dare
2341 3086 2402 3146 in
2428 3083 2856 3159 custodiam,ut
2878 3102 3011 3145 eum
3035 3102 3247 3146 rursus
3272 3088 3510 3166 puniret
3528 3105 3699 3149 acer-

2057 3173 2508 3253 bius.Egregius
2541 3183 2736 3235 autem
2759 3172 3283 3255 Stratonicus(jam
3308 3175 3466 3237 enim
3489 3185 3698 3257 postu-

2056 3264 2136 3325 lat
2167 3264 2350 3326 oratio
2383 3271 2445 3325 ut
2474 3264 2546 3325 ad
2581 3263 2759 3324 ﬁnem
2792 3263 3088 3325 deducam
3123 3264 3535 3347 promissum),
3559 3285 3697 3328 cum

2055 3354 2303 3416 vidisset
2349 3352 2691 3433 Hermylum
2731 3352 2820 3414 sic
2873 3354 3218 3433 patientem,
3256 3373 3367 3416 nec
3396 3355 3450 3416 ei
3501 3365 3701 3437 posset

2057 3442 2303 3505 omnino
2331 3461 2505 3523 opem
2533 3441 2982 3513 ferre,faciebat
3000 3443 3058 3504 id
3083 3443 3238 3524 quod
3264 3446 3705 3525 poterat:amici

2058 3530 2485 3603 miserahatur,
2520 3540 2580 3593 et
2626 3529 2909 3594 acerbum
2941 3532 3208 3594 dolorem
3265 3533 3538 3615 capiebat
3565 3536 3701 3598 vul-

2056 3630 2267 3702 tusque
2291 3621 2427 3701 ejus
2456 3621 2822 3695 conciderat,
2850 3628 2910 3682 et
2940 3639 3011 3682 ex
3041 3623 3173 3702 ejus
3205 3624 3394 3686 oculis
3427 3626 3697 3704 guttatim

2058 3710 2434 3790 proﬂuebant
2464 3709 2888 3790 lacrymaeQuo
2914 3709 3135 3772 factum
3160 3720 3506 3786 est,ut,cum
3532 3714 3619 3776 sic
3637 3734 3703 3777 se

2056 3799 2328 3873 haberet,
2356 3818 2472 3860 non
2507 3799 2766 3879 potuerit
2794 3799 3018 3861 latere:
3054 3799 3158 3860 sed
3191 3817 3324 3860 cum
3357 3801 3596 3880 quidam
3630 3823 3700 3865 ex

2055 3888 2567 3950 commilitonibus
2599 3906 2734 3949 eum
2767 3888 2995 3952 tristem
3028 3886 3322 3949 vidissent
3351 3897 3407 3949 et
3432 3907 3696 3953 mmren-

2058 3987 2200 4054 tem,
2231 3986 2289 4039 et
2318 3996 2558 4039 causam
2588 3976 2674 4038 rei
2698 3977 3268 4058 deprehendissent,
3293 3978 3363 4038 ad
3383 3979 3699 4058 imperato-

2057 4086 2185 4129 rem
2209 4065 3332 4147 accedentes:Stratonicus.inquiunt,o
3354 4068 3701 4150 imperator,

2061 4155 2673 4231 Slralonicus,custos
2705 4156 3204 4237 carceris,aperte
3226 4157 3485 4220 ostendit
3513 4177 3578 4221 se
3600 4178 3701 4222 er-

323 4248 578 4303 Φαίνεται
638 4249 738 4326 γὰρ
793 4248 1217 4327 συιαχθόμενος,
1254 4252 1341 4306 καὶ
1385 4250 1593 4318 πολλὴν
1643 4251 1773 4329 ὑπὲρ
1821 4254 1967 4309 αὒτοῐ

2061 4247 2214 4309 roris
2239 4255 2296 4307 et
2316 4245 2723 4310 Christianimi
2773 4246 3121 4309 societatem
3148 4245 3369 4309 habere
3391 4266 3523 4309 cum
3549 4248 3705 4313 Her-

322 4336 532 4416 τρέφων
589 4335 688 4403 τὴν
732 4335 905 4404 λύπην
960 4338 1035 4403 εἷς
1093 4338 1193 4407 τήν
1225 4340 1437 4420 ψυχήν.
1491 4331 1548 4397 Ὀ
1579 4338 1633 4396 δὲ
1691 4361 1967 4417 μεταστει-

2065 4336 2239 4417 mylo.
2268 4334 2523 4398 Videtur
2549 4335 2708 4395 enim
2739 4336 2871 4415 ejus
2901 4335 3268 4416 misereri,et
3288 4337 3421 4416 ejus
3443 4356 3621 4401 causa
3644 4341 3707 4402 in

326 4426 561 4509 λᾶμενος
627 4426 773 4490 εὐθὺς
837 4426 929 4482 τὸν
989 4427 1365 4509 Στρατόνικον,
1429 4430 1473 4485 εί
1529 4428 1678 4507 φίλος
1737 4433 1830 4496 εἴη
1888 4436 1967 4485 ἰο-Σ

2063 4425 2264 4488 animo
2286 4444 2561 4505 magnum
2595 4424 2865 4487 dolorem
2899 4424 3246 4505 concipere.
3275 4425 3384 4488 Ille
3414 4444 3550 4491 vero
3570 4448 3705 4491 cum

330 4507 595 4595 Ἐρμύλου
667 4512 1061 4578 διεπυνθάνετο,
1132 4518 1229 4574 Καὶ
1287 4519 1315 4573 ὸ
1350 4506 1627 4593 *μαθητὴς
1682 4522 1779 4587 τῆς
1838 4516 1967 4584 ἀλη-

2064 4514 2267 4583 statim
2299 4513 2713 4577 accersivisset
2742 4514 3167 4590 Stratonicum,
3194 4515 3421 4593 rogavit
3443 4533 3517 4576 an
3547 4527 3713 4580 esset

327 4604 472 4667 θείας
529 4602 772 4679 οὖόαμιῖκ
847 4602 1186 4681 δὶεψεύσατο,
1249 4606 1367 4663 οὐδὲ
1423 4608 1692 4688 ἠνέσχετο
1749 4606 1841 4664 γαί
1902 4607 1967 4663 ἔτι

2062 4605 2291 4665 amicus
2316 4602 2602 4684 Hermyli.
2639 4603 2980 4683 Discipulus
3008 4611 3208 4665 autem
3239 4603 3508 4666 veritatis
3541 4607 3716 4670 mini-

329 4691 530 4769 ἀγεννῆ
602 4693 691 4749 καὶ
747 4691 985 4767 ἄτολμον
1056 4693 1242 4750 ἑαυτὸν
1297 4695 1607 4775 ἀποφαίνειν
1636 4744 1648 4767 ,
1708 4697 1796 4752 καὶ
1852 4697 1967 4773 κρύ·

2067 4711 2163 4754 me
2205 4701 2296 4753 est
2330 4698 2639 4770 mentitas,
2676 4711 2789 4755 nec
2822 4692 3102 4754 sustinuit
3125 4697 3391 4769 ignavam
3425 4701 3483 4755 et
3512 4696 3711 4777 pusilli

330 4802 484 4837 πτειν
544 4778 667 4859 παρ’
700 4781 870 4856 ἑαυτῷ
928 4782 1026 4850 τὴν
1071 4780 1362 4843 εὐσέϐειαν.
1403 4782 1568 4841 Ἀλλὰ
1598 4787 1781 4862 καιρὸν
1839 4786 1961 4843 εϊνα

2068 4781 2405 4863 abjectique
2436 4781 2620 4844 animi
2653 4782 2930 4861 pietatem
2964 4781 3117 4863 apud
3149 4800 3215 4843 se
3241 4783 3563 4848 occultare.
3596 4785 3713 4850 Sed

332 4867 619 4926 ὑπολαϐὼν
667 4875 758 4925 τοῦ
788 4870 886 4938 τῆν
943 4869 1211 4948 ἄπρακτον
1243 4874 1408 4940 ταύτῃ
1466 4874 1786 4950 θεογνωσίαν
1832 4874 1967 4943 ἔνερ-

2071 4881 2306 4952 tempus
2338 4890 2470 4933 esse
2499 4870 2912 4948 arbitratus,ut
2939 4872 3066 4934 haec
3097 4873 3205 4936 Dei
3237 4873 3424 4934 otiosa
3448 4875 3712 4954 cognitio

333 4961 434 5037 γὸν
488 4958 754 5038 γενέσθαι,
786 4960 872 5014 καὶ
916 4960 1083 5017 πολὺν
1130 4961 1272 5037 αὖτῷ
1313 4963 1403 5018 τὸν
1451 4964 1657 5041 καρπὸν
1714 4964 1967 5038 μνηστεύ-

2074 4960 2339 5043 prodiret
2369 4962 2439 5023 ad
2473 4980 2643 5042 opus,
2668 4969 2727 5022 ut
2758 4979 3033 5041 magnum
3058 4961 3168 5023 sibi
3197 4971 3431 5041 pararet
3450 4963 3711 5025 fructum

334 5050 525 5104 σασθαι
595 5045 664 5103 δι’
726 5047 1037 5128 ὁμολογίας,
1103 5049 1258 5129 φίλον
1330 5051 1519 5108 ἑαυτὸν
1579 5040 1841 5129 Ἐρμύλου
1895 5057 1967 5108 κα

2074 5040 2182 5130 per
2233 5040 2666 5125 confesionem,
2714 5069 2779 5113 se
2832 5040 2965 5113 esse
3012 5040 3267 5113 amicum
3314 5049 3602 5131 Ilermyli,
3655 5061 3715 5114 et

338 5137 657 5211 Χριστιανὸν
713 5135 904 5200 ευθέως
962 5136 1324 5217 ἆνωμολόγει,
1371 5141 1458 5197 καὶ
1516 5138 1725 5207 πολλῆν
1782 5146 1888 5196 τῶν
1928 5144 1967 5196 τε

2075 5140 2477 5201 Christianum
2508 5139 2778 5219 protinus
2806 5140 3242 5214 estconfessus,
3269 5148 3326 5201 et
3348 5158 3450 5200 eos
3480 5139 3581 5220 qui
3602 5157 3710 5201 co-

339 5224 543 5281 εἴδωλα
622 5221 885 5282 σεϐόντων
958 5228 1381 5304 καταγινώσκειν
1446 5229 1545 5297 τὴν
1629 5228 1810 5285 ἄνοιαν
1878 5237 1967 5286 Φο-

2076 5228 2203 5290 lunt
2250 5228 2592 5305 simulacra,
2627 5247 2856 5310 magna
2907 5230 3265 5291 condemnat
3297 5228 3710 5308 ignorationis.

341 5312 537 5390 ϐοὖμαι
586 5315 708 5393 γὰρ,
744 5315 869 5407 ἔφη,
906 5315 1069 5390 μόνον
1100 5315 1208 5394 ἐγὼ
1239 5318 1328 5374 τὸν
1376 5319 1534 5392 Θεὸν,
1562 5319 1653 5374 τὸν
1688 5319 1967 5389 ποιήσαντι

2072 5320 2278 5380 Timeo
2322 5319 2504 5394 enim,
2542 5319 2757 5400 inquit,
2792 5337 2901 5399 ego
2931 5318 3122 5384 solum
3174 5321 3386 5394 Deum,
3421 5318 3523 5407 qui
3576 5317 3715 5391 fecit

342 5406 435 5461 τὸν
480 5405 699 5482 οὒρανὸν
742 5403 835 5459 καί
881 5405 974 5474 τὴν
1001 5407 1129 5483 γῆν.

2072 5408 2286 5470 coelum
2320 5419 2379 5472 et
2409 5418 2650 5472 terram.

428 5580 458 5632 ⁷
485 5578 638 5646 Psal.
673 5597 834 5653 ωιιχ,
865 5580 926 5644 2.

1009 5583 1043 5634 8
1070 5581 1222 5645 Psal.
1257 5598 1474 5656 ωιτν,
1509 5583 1569 5647 2.
1656 5585 1688 5637 9
1720 5583 1881 5651 Psal.
1921 5601 2059 5660 Lm,
2097 5586 2158 5652 6.
