4072 6206
392 314 508 379 567

1681 328 1962 390 MENSIS
2010 330 2469 397 JANUARIUS.
3645 324 3772 392 568

392 459 3741 492 .___—___.________.____________________________

1165 609 1574 740 ΒΙΟΣ
1695 614 1998 744 ΚΑΙ
2120 617 2997 749 ΠΟΛΙΤΕΙΑ

1621 857 1749 907 ΤΟΥ
1795 857 1994 910 ΟΣΙΟΥ
2038 861 2298 914 ΠΑΤΡΟΣ
2340 860 2535 912 ΗΜΩΝ

784 1041 786 1043 ’
843 1026 1651 1161 ΙΩΑΝΝΟΥ
1751 1037 2129 1249 T01;
2203 1013 3296 1168 ΚΑΛΥΒΙΤΟΥ.

1413 1403 1670 1489 ἮΤΑ
1743 1405 1878 1490 ET
1948 1405 2732 1498 CONVERSATIO

1003 1650 1108 1766 S.
1201 1650 1317 1758 P.
1411 1651 1549 1762 N.
1651 1651 2256 1765 JOANNIS
2356 1654 3160 1785 CALYBlT/E",

1885 1885 2080 1949 (Anno
2123 1887 2293 1969 460.)

398 2046 599 2118 [Latine
621 2047 751 2119 apud
773 2046 890 2103 Sur.
919 2047 977 2102 ad
1000 2047 1050 2102 d.
1086 2048 1152 2104 15
1171 2046 1286 2113 Jan;
1321 2047 1492 2104 Graeca
1511 2063 1650 2102 nunc
1672 2047 1887 2118 primum
1911 2049 2162 2121 prodeunt
2192 2066 2250 2105 ex
2285 2065 2409 2106 mss.
2449 2050 2580 2124 Reg.
2609 2050 2763 2115 1632,
2792 2049 2966 2114 1556;
3000 2049 3210 2108 Coislin.
3239 2048 3357 2106 121.
3383 2047 3536 2106 Eon.
3565 2049 3763 2120 Pam.)

469 2244 518 2308 Ι.
552 2243 679 2306 Viri
703 2244 849 2323 justi
883 2253 942 2308 et
973 2245 1221 2325 perfecti
1252 2245 1455 2326 vitam,
1486 2245 1758 2321 honeste,
1796 2256 2029 2326 pure,et

2192 2259 2259 2312 Α,
2324 2251 2440 2306 Βίον
2495 2247 2685 2322 καλὸν,
2730 2248 2819 2304 καὶ
2878 2246 3149 2327 ἐνάρετον,
3196 2248 3284 2304 καὶ
3326 2246 3623 2323 ἀμόλυντον
3666 2249 3770 2303 ἅν-

388 2352 525 2395 cum
550 2335 763 2396 virtute
792 2343 1008 2411 actam,
1043 2333 1231 2409 vobis,
1269 2335 1369 2415 qui
1419 2336 1756 2398 concordes
1789 2337 1846 2396 in
1880 2337 2036 2398 hunc

2128 2339 2248 2418 δρὸς
2335 2337 2539 2395 δικαίου
2621 2339 2708 2394 καὶ
2785 2337 2988 2394 τελείου
3058 2335 3318 2413 βούλομαι
3404 2335 3769 2414 διηγήσασθαι

386 2424 586 2484 locum
611 2423 992 2493 convenistis.
1032 2442 1285 2486 narrare
1315 2425 1376 2485 in
1407 2423 1607 2486 animo
1638 2424 1851 2486 habeo.
1884 2426 2036 2488 Vixit

2124 2435 2192 2505 τῇ
2247 2430 2396 2505 ὑμῶν
2452 2428 2694 2504 ὁμονοίᾳ,
2773 2425 2920 2490 ὅστις
2987 2426 3205 2504 γέγονεν
3263 2426 3316 2482 ἔν
3374 2440 3491 2488 τοῖς
3548 2429 3767 2507 χρόνοις

391 2514 549 2575 enim
583 2513 683 2574 ille
715 2514 1088 2593 temporibus
1123 2514 1368 2578 nostris.
1394 2512 1663 2586 Quicum
1698 2514 1874 2594 hujus
1907 2516 2036 2578 vita!

2128 2520 2300 2592 ἡμῶν.
2362 2519 2876 2596 Καταφρονήσαντος
2919 2515 3104 2594 ἀνδρὸς
3161 2522 3264 2573 τῶν
3295 2524 3389 2575 τοῦ
3417 2518 3530 2594 βίου
3585 2539 3767 2596 πραγο

390 2602 627 2679 negotia
649 2603 935 2682 singulari
967 2603 1359 2685 sapientia,et
1389 2602 1450 2664 in
1483 2602 1786 2666 Christum
1823 2603 1936 2666 lide
1967 2623 2035 2667 ac

2124 2608 2327 2682 μάτων,
2374 2604 2788 2672 καταξιωθέντος
2858 2606 2965 2662 τῶν
3022 2605 3348 2684 ἐπουρανίων
3402 2607 3636 2684 ἀγαθῶν,
3680 2604 3768 2662 διὰ

385 2697 594 2768 pietate
618 2699 1337 2769 contempsisset,coelestia
1369 2698 1520 2756 bona
1543 2707 1891 2756 consecutus
1927 2707 2031 2756 est.

390 2782 511 2844 Res
524 2781 1015 2862 ipsa,cujusmodi
1033 2781 1479 2864 sit,narratione
1493 2782 1603 2842 hac
1616 2781 2031 2862 explicabitur.

470 2868 542 2932 ΙΙ.
571 2869 708 2932 Fuit
727 2873 785 2932 in
810 2871 958 2932 urbe
985 2871 1174 2933 Roma
1196 2873 1284 2932 vir
1307 2870 1548 2951 quidam
1573 2871 1742 2932 valde
1765 2870 1951 2949 dives,
1979 2883 2037 2934 et

393 2959 685 3039 dignitate
716 2961 819 3022 illa
851 2961 1155 3041 praeditus,
1187 2979 1302 3040 qua
1335 2960 1376 3020 ii
1409 2967 1568 3032 sunt,
1603 2959 1704 3040 qui
1737 2960 2034 3024 exercitus

394 3049 876 3111 ducunt.Nomen
903 3049 1025 3110 viro
1049 3048 1137 3109 illi
1157 3057 1283 3111 erat
1304 3047 1620 3128 Eutropius
1651 3066 1664 3110 ε
1690 3049 1818 3127 ejus
1836 3057 2030 3111 autem

394 3139 634 3218 conjux,
668 3138 984 3200 Theodora
1011 3136 1352 3198 vocabatur.
1387 3136 1441 3198 ls
1468 3135 1676 3197 habuit
1698 3145 1818 3199 tres
1855 3137 2026 3214 tilios,

393 3247 426 3288 e
449 3227 667 3308 quibus
695 3229 812 3290 duo
839 3227 1117 3289 civilibus
1149 3225 1588 3304 magistratibus
1607 3225 1679 3287 ab
1706 3227 1834 3306 ipso
1860 3246 2034 3288 occu-

396 3319 515 3397 pati
540 3325 730 3380 erant.
758 3317 868 3389 Qui
904 3335 1042 3378 vero
1069 3323 1206 3377 natu
1233 3314 1596 3385 eratminor,
1632 3317 1890 3378 Joannes
1921 3335 2030 3396 ap-

393 3405 909 3486 pellabatur.Eum
944 3405 1016 3467 ad
1051 3405 1280 3466 litteras
1304 3404 1623 3467 discendas
1651 3413 1815 3484 pater
1846 3404 2032 3484 magi-

393 3503 515 3557 stro
541 3495 1019 3575 tradidit.Itaque
1041 3513 1177 3557 cum
1203 3493 1422 3574 primas
1441 3493 1790 3556 eruditionis
1808 3494 2034 3558 litteras

2117 2697 2215 2762 τὴν
2261 2694 2490 2772 ἄμετρον
2544 2699 2704 2754 αὒτοῦ
2760 2694 3063 2771 ὑπομονὴν,
3111 2697 3200 2752 καὶ
3255 2696 3355 2763 τὴν
3411 2697 3484 2758 εἷς
3540 2697 3768 2770 Χριστὸν

2119 2783 2472 2864 πίστινζτόδε
2505 2793 2728 2864 πρᾶγμα
2753 2785 2872 2841 οἶόν
2899 2806 2950 2840 τι
2979 2782 3099 2864 ἔχει
3130 2781 3416 2862 διῄρημαι,

2245 2873 2261 2900 ,
2323 2861 2351 2886 τ
2549 2861 2557 2864 ⁷
2603 2861 2636 2888 ,⁷
2669 2875 2681 2891 .
2986 2861 3048 2884 t"
3177 2875 3188 2896 ν
3365 2875 3376 2898 ,
3634 2875 3646 2895 ρ

2200 2882 2238 2930 Β
2275 2921 2287 2935 .
2344 2881 2418 2930 Ην
2469 2896 2548 2936 τις
2595 2897 2728 2952 amp
2773 2874 2826 2930 ἐν
2871 2877 2939 2950 τῇ
3005 2883 3265 2946 Ρωμαιων
3306 2873 3462 2932 πολει
3511 2874 3766 2937 πλουσιος

2115 2961 2313 3042 σφόδρα
2348 2980 2363 2998 ο
2424 2965 2483 3019 τὸ
2538 2966 2631 3018 τοῦ
2660 2961 3032 3040 στρατηλάτου
3074 2961 3282 3036 ἀξίωμα
3306 2960 3767 3043 ’περιϐεϐλημένος

2114 3052 2284 3124 ὄνομα
2329 3074 2403 3107 τω
2460 3049 2602 3128 ἀνδρὶ
2663 3053 2976 3130 Εὖτρόπιος,
3025 3051 3174 3132 ἔχων
3218 3055 3302 3110 oui
3363 3053 3589 3130 σύμϐιον
3634 3063 3768 3113 8co-

2114 3138 2284 3214 δώραν
2339 3142 2901 3220 προσαγορευομένην.
2967 3141 3195 3200 ’Έτεκον
3265 3141 3320 3199 δὲ
3391 3144 3533 3209 υἱοὺς
3591 3159 3766 3221 τρεῖς,

2116 3230 2204 3285 καὶ
2260 3231 2382 3293 τοὺς
2444 3230 2541 3306 μὲν
2625 3229 2716 3288 δύο
2776 3230 3095 3309 περιέϐαλον
3151 3231 3414 3309 ἀξιώμασι
3482 3234 3767 3312 μεγαλοις,

2116 3317 2403 3374 κατέλιπον
2460 3317 2513 3373 δὲ
2599 3321 2692 3374 τὸν
2768 3319 3050 3400 νεώτερον,
3113 3327 3208 3378 τοῦ
3276 3343 3334 3378 τε
3391 3322 3455 3390 ἢν
3513 3321 3770 3392 Ἰωάννης

2117 3406 2312 3480 ὄνομα,
2374 3409 2469 3464 καί
2513 3406 2826 3484 παρέδωκαν
2865 3408 3024 3466 αὒτὸν
3070 3412 3142 3476 είς
3183 3410 3285 3478 τὴν
3330 3409 3573 3469 παιδείαν
3618 3412 3769 3471 διδα-

2119 3496 2325 3570 σκάλῳ.
2389 3499 2486 3554 Καὶ
2547 3499 2681 3573 μετὰ
2758 3500 2820 3554 τὸ
2888 3498 3172 3576 πληρῶσαι
3233 3502 3298 3556 τὰ
3356 3506 3455 3566 τῆς
3526 3501 3772 3568 παιδείας

395 3588 786 3658 didicisset,ad
806 3591 1132 3648 rhetoricos
1151 3597 1205 3646 et
1231 3588 1666 3660 philosophicos
1691 3588 1868 3645 libros
1891 3605 2032 3646 con-

2124 3587 2347 3663 πρότερα
2416 3587 2728 3663 γράμματα,
2792 3587 3108 3658 παρέδωκαν
3166 3589 3324 3646 αὐτόν
3385 3592 3459 3654 εἷς
3519 3592 3581 3648 τὸ
3652 3597 3772 3668 περὶ

395 3675 770 3751 gnoscendos
788 3693 853 3738 se
871 3672 1302 3739 traduxit.Cum
1328 3691 1467 3736 vero
1490 3673 1908 3736 duodecimum
1933 3694 2030 3737 an-

2124 3679 2214 3744 τῆς
2271 3675 2562 3755 ῥητορικῆς
2631 3679 2719 3734 καὶ
2779 3677 3138 3758 φιλοσοφικῆς
3223 3678 3612 3758 ἀναγινώσκειν
3680 3684 3771 3758 βί-

395 3782 536 3826 num
570 3772 798 3844 ageret,
835 3773 893 3827 et
923 3766 1126 3827 omnia
1154 3764 1281 3826 fere
1314 3764 1582 3844 perfecte
1613 3763 2030 3839 didicisset,eo

2124 3761 2296 3828 ἕλους.
2334 3767 2626 3842 Γενομένου
2685 3765 2739 3823 δὲ
2797 3769 2958 3827 αὒτοῦ
3006 3766 3363 3833 δωδεκαὲτους
3408 3773 3628 3850 χρόνου,
3683 3774 3772 3829 καὶ

393 3853 549 3932 quod
598 3854 740 3917 boni
765 3865 825 3920 et
854 3855 1143 3934 elegantis
1163 3853 1389 3934 ingenii
1413 3861 1573 3914 esset
1597 3871 2034 3934 puer,cumque

2124 3852 2311 3934 σχεδὸν
2355 3857 2529 3913 πάντα
2570 3857 2966 3935 κατορθώσατο,
3028 3855 3113 3913 διά
3172 3859 3232 3914 τὸ
3262 3859 3406 3915 εἶναι
3438 3861 3598 3920 αὐτὸν
3629 3860 3773 3927 ἄξιον

394 3943 806 4008 Christiﬁdem
827 3951 1343 4025 servaret,praeter
1357 3941 1822 4016 caetera,sanctis
1837 3943 2000 4004 eccle

2124 3946 2205 4001 καὶ
2261 3944 2649 4026 εὔλογημὲνον,
2692 3948 2779 4004 καὶ
2837 3955 2929 4003 τοῦ
2989 3947 3216 4025 Χριστοῦ
3275 3951 3450 4005 πίστιν
3485 3959 3767 4030 τηροῦντα,

395 4033 500 4095 siis
513 4033 990 4114 vacabat,neque
1009 4036 1216 4096 horam
1233 4052 1409 4096 unam
1429 4051 1462 4095 a
1481 4030 2032 4108 librisdiscedebat,

2124 4036 2219 4113 πρὸ
2265 4037 2479 4092 πάντων
2523 4034 2576 4091 δὲ
2619 4050 2742 4101 ταῖς
2799 4037 3118 4103 ἓκκλησίαις
3175 4035 3490 4118 ξχωρίαζεν,
3526 4038 3772 4116 οὐδεμίαν

394 4128 471 4185 ita
486 4136 548 4186 ut
570 4127 925 4198 grammatici
943 4129 1209 4185 homines
1227 4125 1650 4209 adolescentuli
1665 4140 2033 4196 perseveran-

2124 4145 2176 4180 τε
2234 4122 2376 4201 ὤραν
2403 4125 2663 4202 ἀφίστατο
2720 4133 2826 4181 τῶν
2877 4124 3120 4203 βιϐλίων,
3155 4127 3295 4183 ὥστε
3325 4129 3410 4184 ui
3443 4130 3563 4194 τοὺς
3593 4153 3774 4209 γραμ-

395 4212 534 4272 tiam
560 4209 1358 4290 obstupescerent.Quodam
1382 4217 1577 4270 autem
1598 4208 1889 4271 dieabbas
1912 4211 2036 4290 qui-

2124 4214 2374 4286 ματικοὺς
2425 4211 2814 4283 ἐκπλήττεσθαι
2858 4215 2944 4271 ἒπὶ
3006 4223 3074 4292 τῇ
3131 4224 3225 4273 τοῦ
3296 4217 3413 4274 νέου
3458 4208 3770 4297 παραμονῇ,

395 4298 530 4360 dam
564 4318 598 4360 θ
630 4299 1045 4380 superioribus
1079 4297 1347 4380 partibus
1372 4317 1442 4360 ex
1467 4298 1791 4359 venerabili
1829 4317 2034 4360 eorum

396 4388 785 4463 monasterio,
821 4390 922 4470 qui
953 4397 1236 4451 vocantur
1265 4387 1664 4464 Acmmeti,eo
1697 4388 1852 4466 quod
1889 4407 2038 4450 nun-

399 4495 574 4554 quam
603 4479 825 4540 cubare
855 4478 1014 4541 soliti
1047 4487 1208 4551 sunt,
1267 4496 1400 4539 cum
1454 4483 1648 4537 votum
1679 4475 1941 4550 fecisset,
1978 4485 2040 4538 ut

396 4564 870 4648 Hierosolymam
898 4570 1402 4650 proﬁcisceretur,
1440 4564 1601 4626 venit
1649 4563 1710 4625 in
1755 4583 1884 4626 eam
1925 4566 2035 4627 do-

396 4661 647 4727 mum,in
674 4677 786 4734 qua
809 4663 1059 4721 Joannes
1082 4661 1483 4727 docebatur,et
1508 4674 1606 4716 eos
1629 4658 1728 4730 qui
1748 4657 1913 4716 illam
1939 4661 2041 4717 ha-

397 4745 1201 4820 bitabant,exoravit,utapud
1217 4742 1666 4818 ipsosdiversari
1682 4744 2041 4816 posset.Ejus

399 4830 509 4893 viri
534 4831 828 4906 habitum,
863 4841 920 4895 et
952 4831 1397 4895 exercitationis
1428 4827 2039 4903 institutionem,cum

399 4925 1388 4992 beatnsJoannesvidisset,asancto
1403 4921 2039 4996 Spirituinﬂammatus,

2122 4300 2213 4360 Ἐν
2257 4307 2356 4376 μιᾷ
2396 4303 2483 4357 οὖν
2536 4307 2642 4357 τῶν
2699 4303 2916 4378 ἡμερῶν
2960 4303 3125 4366 ἆϐϐἆς
3179 4329 3258 4370 τις
3293 4311 3396 4362 τῶν
3456 4307 3566 4364 ἅνω
3595 4315 3774 4384 μερῶν

2117 4396 2216 4458 τῆς
2269 4391 2423 4468 ἁγίας
2471 4397 2639 4465 μονῆς
2694 4393 2800 4448 τῶν
2859 4393 3210 4469 καλουμένων
3265 4393 3644 4473 Ἀκοιμτίτων,
3678 4397 3774 4454 εὖ·

2120 4479 2229 4559 χῆς
2282 4479 2438 4537 ἕνεκα
2481 4482 2554 4544 είς
2600 4482 2665 4537 τὰ
2696 4481 3042 4560 Ἰεροσόλυμα
3091 4484 3479 4561 πορευόμενος,
3513 4487 3590 4558 τῷ
3636 4486 3775 4561 οἴκῳ

2121 4568 2253 4624 ὅπου
2310 4569 2374 4636 ἦν
2421 4573 2448 4626 ὁ
2492 4569 2748 4638 Ἰωάννης
2778 4569 3113 4648 σπουδάζων,
3161 4572 3327 4630 non,
3360 4573 3532 4632 ἐδεῖτο
3561 4576 3654 4632 ’ἳνα
3697 4574 3778 4632 δε-

2125 4661 2328 4737 χθῶσιν
2387 4659 2546 4716 αυτὸν
2588 4659 2706 4716 ἐκεῖ
2757 4659 3077 4738 ξενώμενον.
3131 4654 3189 4720 Ὀ
3219 4665 3308 4720 οὖν
3341 4664 3594 4732 Ἰωάννης
3633 4670 3774 4723 esu)-

2125 4748 2293 4826 ρήσας
2353 4750 2450 4815 την
2527 4749 2862 4830 ἀναστροφήν
2939 4753 3027 4808 καὶ
3109 4750 3307 4820 ἅσκησι
3367 4759 3464 4810 τοῦ
3517 4754 3771 4820 ἓπιξενω-

2125 4837 2304 4902 Θέντος
2355 4837 2563 4916 ἀνδρὸς,
2625 4839 2820 4916 ᾓρξατο
2874 4842 2998 4916 θείῳ
3070 4841 3218 4916 ζήλῲ
3259 4843 3588 4920 πυρούμενος
3632 4849 3774 4923 ἔρω-

2128 4929 2221 4999 τᾷν
2278 4928 2458 4997 αὐτὸν,
2512 4931 2671 4985 πόθεν
2728 4931 2794 4998 ἦν
2854 4933 2942 4988 καὶ
3013 4939 3106 4988 τοῦ
3155 4933 3458 5009 πορεύεται,
3507 4935 3593 4990 καὶ
3649 4936 3776 4991 ποία

400 5008 580 5091 coepit
606 5007 680 5071 ab
707 5028 776 5071 eo
809 5028 1083 5091 quaerere
1115 4991 1414 5072 undenam
1447 4991 1630 5080 esset,
1661 5023 1777 5085 quo
1811 5003 1948 5078 iret,
1985 5015 2036 5068 et

2125 5018 2157 5084 ἡ
2220 5013 2462 5094 διαγωγὴ
2521 5020 2610 5074 καὶ
2664 5021 2691 5075 ὁ
2748 5019 2942 5097 τρόπος
2983 5025 3082 5088 τῆς
3126 4991 3408 5092 ἀσκησεως
3446 4991 3557 5092 ’τῆς
3605 5024 3774 5098 μονῆς

396 5117 668 5181 quaenam
696 5099 850 5163 foret
869 5099 1319 5164 exercitationis
1339 5097 1697 5176 ratio,quam
1733 5104 2040 5157 monaste-

393 5194 552 5258 rium
588 5195 762 5275 illud,
797 5214 829 5257 e
860 5215 978 5276 quo
1009 5195 1394 5267 discesserat,
1432 5199 1682 5252 teneret.
1719 5187 2041 5250 Monachus

397 5285 579 5362 igitur
613 5284 714 5347 ille
747 5304 779 5346 a
811 5305 998 5366 puero
1047 5286 1471 5362 interrogatus,
1505 5297 1743 5341 omnem
1777 5277 1950 5339 vitam
1985 5287 2041 5340 et

401 5374 845 5438 exercitationis
866 5375 1132 5455 regulam
1147 5367 1759 5436 enarravit.Patefecit
1773 5375 1967 5428 autem
1985 5377 2043 5430 et

395 5488 494 5531 res
515 5470 841 5549 suas,quod
871 5469 1106 5534 scilicet
1135 5467 1469 5534 devotionis
1494 5479 1672 5526 causa
1691 5460 2040 5542 Hierosoly-

396 5577 549 5619 mam
576 5563 1064 5632 proﬂcisceretur,
1090 5574 1151 5623 ut
1173 5563 1295 5621 illic
1315 5562 1500 5619 Deum
1527 5565 1740 5621 oraret,
1768 5564 1818 5612 et
1843 5563 2037 5613 sancta

2127 5105 2303 5163 αυτοῦ.
2371 5109 2469 5164 Καὶ
2521 5109 2547 5163 ὂ
2592 5111 2834 5189 μοναχὸς
2899 5107 3208 5187 διήγγειλεν
3270 5115 3416 5185 αὒτῷ
3457 5119 3635 5168 πᾶσαν
3679 5116 3778 5179 την

2123 5193 2269 5259 τάξιν
2326 5202 2416 5251 τοῦ
2471 5200 2831 5278 μοναστηρίου
2909 5201 2997 5255 καὶ
3056 5201 3154 5266 τὴν
3217 5198 3469 5277 ἄσκησιν,
3535 5204 3777 5280 προσθεὶς

2124 5281 2205 5338 ὅτι
2264 5283 2414 5363 κάγὼ
2457 5284 2542 5341 διὰ
2575 5288 2944 5368 μικροψυχίαν
2993 5285 3114 5344 τινα
3160 5290 3455 5368 πορεύομαι
3488 5293 3561 5354 εἷς
3607 5292 3776 5370 Ἱερο-

2125 5369 2332 5445 σόλυμα
2391 5375 2482 5429 τὸν
2551 5375 2680 5430 Θεὸν
2737 5375 2856 5431 ἐκεῖ
2911 5373 3177 5455 εὔξασθαι,
3256 5377 3343 5433 καὶ
3411 5369 3779 5454 προσκυνῆσαι

2127 5461 2243 5523 τοὺς
2301 5462 2482 5539 ἁγίους
2541 5465 2764 5544 τόπους,
2841 5466 2927 5521 καὶ
2984 5468 3131 5530 αὖθις
3189 5465 3475 5524 ἐπαναλύω
3531 5469 3603 5534 εἰς
3679 5471 3778 5536 τὴν

2125 5551 2295 5626 μονήν
2326 5573 2452 5626 μου,

391 5643 524 5704 loca
559 5652 962 5721 veneraretur,
994 5664 1064 5708 ac
1093 5661 1304 5708 rursus
1333 5644 1392 5704 in
1424 5648 1694 5703 sanctum
1731 5639 2158 5702 monasterium
2197 5657 2229 5701 c
2261 5657 2382 5719 quo
2416 5639 2802 5719 discesserat,
2829 5641 3075 5710 rediret.

478 5771 495 5789 '
526 5767 649 5833 Hoc
680 5775 794 5854 est,
825 5777 933 5855 qui
962 5777 1073 5841 sub
1103 5776 1350 5858 tugurio
1382 5769 1723 5838 habitabat.
