4072 6206
359 297 478 364 573

359 431 500 492 Λάϐε
557 431 686 512 παρ’
743 431 874 508 Ξμοῦ
929 435 1022 490 τὸν
1077 433 1265 509 μισθόν
1321 454 1439 514 σου,

355 525 525 598 ἡμᾶς,
576 524 674 580 Καὶ
731 521 1007 582 ὶκϐάλλων
1068 525 1135 579 τὰ
1187 524 1375 580 ἑκατὸν
1435 525 1740 599 νομίσματι
1790 523 1998 582 δίδωσιν

357 615 500 688 αὖτῷ
555 611 729 691 λέγων
762 628 776 644 ⁸
829 612 1028 688 Δέομαι
1073 635 1192 686 σου,
1251 615 1528 680 σκόπησον
1562 615 1651 670 τὸν
1696 615 1850 694 ἆέρα,
1911 615 1999 670 καὶ

354 702 482 759 ὅταν
512 701 634 780 ἴδῃς
679 704 771 758 τὸν
803 701 998 777 ἄνεμοι
1029 702 1330 772 ἐπιτήδειον
1362 704 1511 760 εἶναι
1558 706 1690 781 πρὸς
1723 697 1822 771 τὴν
1854 702 1997 760 ὁδοι-

354 793 543 869 πορίαν
598 794 774 866 ἡμῶν,
823 791 884 847 ἐκ
925 799 1020 848 τοῦ
1060 791 1247 850 πλοίου
1291 795 1511 868 νεύματι
1555 796 1780 850 κάλεσον
1831 793 1994 866 ἡμᾶς’

353 879 666 960 ὑφορώμεθα
722 881 822 959 γάρ
863 903 1009 946 τινας
1065 884 1153 939 καὶ
1203 881 1443 958 θέλωμεν
1488 890 1630 962 φυγῇ
1664 885 1995 962 χρήσασθαι.

355 968 548 1048 ᾼαϐὼν
606 970 694 1026 οὖν
753 974 780 1027 6
837 970 1134 1048 ναύκληρος
1180 973 1245 1028 τὰ
1300 974 1602 1046 νομίσματα
1653 972 1797 1048 λέγει
1831 975 1994 1046 αὐτῷ·

1485 301 1668 363 VITA
1716 301 1774 362 S.
1822 299 2142 364 JOANNIS
2181 296 2602 362 CALYBlT/E.

1511 433 1674 508 μόνον
1739 432 1991 493 διάσωσον

2084 431 2262 504 datis,
2295 450 2400 492 vos
2433 449 2549 494 una
2600 448 2732 493 cum
2772 429 3023 512 reliquis
3073 427 3357 492 oneribus
3408 429 3724 510 accipiam.

3609 297 3724 361 574

2082 523 2251 585 Tunc
2278 523 2362 585 illi
2395 525 2661 586 Joannes
2691 541 2704 583 :
2730 521 2952 600 Accipe
2983 540 3013 581 a
3043 538 3138 582 me
3161 518 3503 581 mercedem
3539 529 3721 596 tuam,

2083 613 2262 675 modo
2291 632 2400 675 nos
2432 613 2627 674 salvos
2659 609 3110 692 pervehas.Hoc
3141 628 3274 670 cum
3309 608 3726 684 dixisset,cea-

2083 711 2205 764 tum
2237 721 2514 764 nummos
2543 720 2758 762 aureos
2793 701 2849 762 ei
2881 701 3249 761 numeravit:
3287 717 3433 778 quos
3456 718 3594 761 cum
3621 699 3725 762 da-

2081 800 2173 854 ret
2203 813 2216 854 :
2243 791 2655 872 Rogo,inquit,
2685 801 2765 864 te,
2794 790 3067 862 fratcr,ut
3097 787 3311 850 cmlum
3340 787 3532 868 ipsum
3568 787 3724 850 bene

2083 880 2394 961 inspicias,
2430 897 2691 960 cumque
2724 879 2773 940 is
2802 887 3011 939 ventus
3045 877 3190 938 flare
3223 876 3489 956 incipiat,
3517 877 3619 956 qui
3650 877 3721 937 ad

2084 989 2194 1032 nos
2224 969 2528 1031 vehendos
2561 969 2816 1030 idoneus
2850 987 2983 1030 esse
3013 967 3366 1048 possit,tunc
3401 967 3456 1026 in
3493 966 3722 1044 navigio

353 1045 583 1116 "Andes
643 1059 698 1116 ὲν
743 1061 951 1139 εἰρήνῃ,
1003 1045 1147 1138 κθριέ
1191 1063 1292 1136 μόυ
1327 1081 1338 1094 ’
1366 1045 1496 1138 νέγὼ
1538 1061 1637 1138 γὰρ
1682 1045 1817 1137 ὑμᾶς
1875 1045 1991 1117 δια-

2088 1069 2186 1121 tuo
2219 1068 2406 1134 stans,
2444 1077 2552 1120 nos
2583 1058 2746 1137 ipsos
2781 1067 2924 1118 nutu
2958 1045 3134 1118 voces
3169 1045 3530 1136 {suspectos
3561 1058 3722 1116 enim

352 1150 534 1220 σώζω,
607 1147 806 1206 Ἐλθὼν
877 1150 967 1205 οὖν
1025 1153 1052 1206 6
1129 1149 1383 1218 Ἰωάννης
1465 1148 1766 1227 διηγήσατο
1824 1151 1991 1206 πάντα

2078 1149 2370 1212 habemus
2393 1148 2687 1226 quosdam
2731 1147 3028 1222 homines,
3065 1155 3122 1208 ct
3154 1146 3283 1225 fuga
3311 1145 3389 1206 uti
3421 1145 3718 1208 volumus.

351 1245 433 1309 τῷ
489 1235 648 1312 ἀϐϐᾆ,
706 1240 910 1315 κρύψας
973 1239 1077 1297 ἀπὸ
1137 1249 1229 1298 τοῦ
1287 1239 1500 1315 παιδὸς,
1561 1247 1652 1296 τοῦ
1695 1241 1768 1302 εἰς
1825 1239 1991 1319 φύλα-

2077 1243 2220 1300 Τυω
2244 1241 2601 1309 ilie,centum
2623 1243 2816 1298 aureis
2842 1241 3097 1297 nummis
3112 1236 3551 1308 acceptis,valde
3568 1237 3727 1295 laeta-

353 1326 454 1392 ξιν.
2080 1336 2176 1388 tus
2201 1327 2367 1388 dixit:
2399 1327 2589 1397 Vade,
2613 1327 2857 1387 domine
2885 1325 2986 1400 tui,
3023 1335 3083 1386 et
3107 1342 3355 1386 securus
3385 1332 3532 1398 esto,
3569 1322 3727 1402 quod

350 1435 453 1477 vos
510 1417 848 1480 incolumes
881 1418 1223 1500 perveham.
1277 1417 1436 1480 Abiit
1467 1417 1642 1497 igitur
1696 1417 1982 1490 Joannes,
2018 1425 2079 1480 et
2123 1417 2417 1478 monacho
2471 1435 2600 1478 rem
2635 1421 2891 1476 narravit
2950 1415 3105 1476 clam
3139 1433 3322 1495 puero
3381 1413 3509 1488 illo,
3545 1430 3721 1492 quem

351 1512 522 1586 pater
552 1508 859 1570 custodem
890 1516 1274 1588 apposuerat.

433 1597 512 1658 Z'.
569 1590 816 1677 Ἠμερῶν
873 1597 926 1654 δὲ
999 1597 1391 1676 διαγενομένων
1455 1598 1600 1676 λεγέι
1643 1605 1720 1671 τῷ
1764 1599 1991 1677 μοναχῷ

2164 1594 2270 1656 VII
2302 1594 2439 1655 Post
2459 1595 2698 1676 aliquod
2721 1594 3012 1675 temporis
3039 1593 3436 1655 intervallum.
3464 1591 3728 1654 Joannes

350 1688 440 1743 καὶ
497 1692 575 1760 τῷ
622 1686 766 1744 παιδὶ
826 1691 853 1744 ὁ
886 1687 1139 1754 Ἰωάννης
1174 1706 1186 1720 ’
1236 1686 1580 1762 Ἀπέλθωμεν
1624 1689 1754 1766 πρὸς
1788 1689 1876 1742 τὸν
1909 1689 1991 1743 αἰ-

2085 1685 2378 1746 monacho
2405 1694 2461 1745 et
2489 1704 2674 1765 puero
2701 1684 3095 1746 dixitzEamus
3110 1684 3180 1744 ad
3208 1681 3470 1744 ﬂuminis
3501 1683 3716 1760 ripam,

348 1775 566 1854 γιαλὸν,
629 1776 709 1833 ὅτι
772 1777 874 1839 ἕως
934 1775 1021 1834 δύο
1064 1779 1280 1854 ἡμερῶν
1311 1775 1544 1842 δεξίωσίς
1578 1778 1668 1852 μοί
1710 1778 1846 1849 ἐστι,
1908 1778 1991 1832 καὶ

2083 1793 2154 1836 eo
2178 1775 2331 1853 quod
2359 1773 2512 1836 intra
2538 1775 2688 1835 duos
2711 1774 2843 1835 dies
2865 1774 3126 1835 futurum
3149 1782 3329 1849 est,ut
3349 1791 3455 1850 ego
3486 1771 3722 1832 sodales

348 1867 539 1946 χρείαν
599 1864 713 1946 ’έχω
757 1865 921 1924 καλοῦ
949 1889 1093 1929 τινος
1125 1867 1333 1946 ἰχθύος.
1373 1867 1478 1924 Καί
1529 1865 1871 1924 ἀπελθόντων
1921 1869 1991 1930 εἷς

2082 1882 2249 1925 meos
2281 1864 2340 1924 in
2371 1863 2702 1925 convivium
2735 1863 3049 1944 accipiam,
3087 1862 3242 1924 unde
3294 1861 3435 1924 boni
3467 1860 3724 1939 alicujus

345 1959 442 2012 τὸν
501 1955 774 2037 αἰγιαλὸν,
820 1957 1022 2015 κελεύει
1076 1964 1208 2013 Θεοῦ
1265 1955 1483 2035 γέγονεν
1544 1956 1738 2033 ἄνεμος
1797 1956 1993 2026 ἐπιτή-

348 2042 511 2116 δειος,
572 2048 660 2102 καὶ
721 2045 914 2124 ἤρξατο
974 2047 1193 2120 νεύμασι
1239 2045 1660 2125 προσκαλεῖσθαι
1719 2047 1908 2109 αὐτοὺς
1969 2048 1995 2101 6

348 2134 670 2215 ναύκληρος,
705 2137 793 2203 Μὴ
852 2134 1132 2211 δυνάμενοι
1190 2136 1245 2192 δὲ
1290 2137 1476 2195 λαθεῖν
1512 2139 1602 2194 τὸν
1645 2136 1838 2213 παῖδα,
1897 2137 1992 2193 λέ-

351 2247 536 2302 γουσιν
593 2230 736 2300 αὒτῷ
770 2243 784 2258 ⁸
823 2226 1096 2284 ’Λπελθὼν
1127 2225 1210 2282 ἴδε
1241 2229 1290 2284 τί
1346 2227 1667 2307 πράττουσιν
1723 2229 1771 2284 οἱ
1804 2227 1996 2290 παῖδες

355 2314 410 2370 ἐν
468 2321 536 2390 τῇ
620 2313 886 2395 διατριϐἧ,
973 2317 1060 2372 καὶ
1147 2316 1313 2372 ἐλθὼν
1374 2319 1615 2394 εὸρήσεις
1668 2319 1811 2390 ἡμᾶς
1867 2315 1993 2378 ὦδε.

355 2402 708 2467 Ἀπελθόντος
785 2408 876 2460 οὖν
953 2406 1134 2486 αὐτοῦ,
1208 2403 1466 2480 ἐμϐάντες
1538 2408 1610 2470 εἰς
1681 2407 1743 2462 τὸ
1799 2405 1995 2463 πλοῖον

351 2493 632 2569 ἔπλευσαν,
693 2496 782 2552 καὶ
840 2493 1182 2556 διασωθέντες
1241 2495 1404 2564 ἧλθον
1448 2497 1518 2559 είς
1561 2497 1624 2552 τὸ
1682 2495 1835 2572 ἅγιον
1883 2518 1990 2569 μο-

351 2585 635 2660 ναστήριον
691 2584 892 2647 ἐκεῖνο.
931 2585 1241 2663 Διηγῆσατο
1297 2584 1352 2642 δὲ
1396 2588 1423 2642 6
1485 2582 1650 2648 ἆϐϐἆς
1680 2598 1798 2649 τοῖς
1828 2583 1990 2641 ἁδελ-

346 2686 473 2753 φοῖς
533 2673 743 2731 ἅπαντα
787 2676 852 2731 τὰ
909 2675 1110 2748 ἀληθῆ,
1159 2677 1247 2731 καὶ
1290 2681 1465 2732 πᾶσαν
1522 2676 1620 2742 τὴν
1679 2676 1854 2730 πίστιν
1897 2682 1990 2731 τοῦ

345 2761 560 2828 παιδός.
620 2761 770 2821 Ἰδὼν
798 2762 854 2820 δὲ
900 2766 1056 2821 αὐτὸν
1097 2767 1125 2820 6
1167 2762 1615 2844 ἀρχιμανδρίτης,
1666 2763 1808 2821 Πολὺ
1846 2775 1984 2822 νεώ-

341 2873 496 2931 τερος
539 2854 616 2928 εἴ,
652 2853 754 2933 ἔφη
792 2873 804 2886 ·
854 2853 965 2918 ἔθος
995 2853 1049 2909 δέ
1105 2853 1217 2910 ἐστι
1276 2851 1404 2931 παρ’
1461 2855 1599 2928 ἡμῖν
1643 2855 1735 2910 τὸν
1765 2853 1990 2910 θέλοντα

343 2942 705 3008 ἀποτάξασθαι
763 2943 1052 3017 ἀναμεῖναι
1140 2943 1540 3022 τεσσαράκοντα
1615 2942 1844 3022 ἡμέρας,
1905 2945 1992 3000 καὶ

343 3032 614 3111 θεωρῆσαί
687 3033 781 3089 τὸν
866 3032 1063 3089 κανόνα
1117 3033 1217 3099 τῆς
1278 3033 1584 3112 ἀσκήσεως,
1658 3035 1746 3090 καὶ
1821 3033 1991 3098 οὕτως

345 3121 815 3196 ἆποκουρεύεσθαι.
864 3121 1022 3198 Λέγει
1074 3121 1219 3195 αὖτῷ
1276 3124 1303 3178 6
1367 3118 1618 3188 Ἰωάννης
1655 3138 1668 3151 ⁸
1740 3123 1839 3178 Διὰ
1895 3124 1992 3190 τὴν

342 3211 635 3289 ὑπεραγίαν
708 3209 926 3290 Τριάδα,
992 3211 1228 3286 σήμερον
1306 3231 1374 3285 με
1430 3209 1847 3290 ἆποκούριὺσον,
1909 3211 1990 3267 ὅτι

346 3300 514 3364 πολύς
545 3321 637 3375 μοι
666 3300 826 3365 πόθος
881 3300 990 3356 ἐστὶ
1043 3301 1140 3356 καὶ
1182 3299 1385 3366 σπου.»δή
1432 3299 1655 3378 φορέσαι
1703 3303 1762 3356 τὸ
1818 3301 1988 3379 ἀγγε-

347 3391 502 3448 λικδν
533 3395 750 3470 σχῆμα,
785 3390 916 3448 Τότε
965 3389 1263 3467 εὖλογήσας
1297 3389 1456 3446 αὐτὸν
1487 3393 1514 3445 6
1563 3389 1988 3470 ἀρχιμανδρίτης

347 3478 592 3558 ἆπέθριξε
665 3479 762 3546 τὴν
839 3477 1080 3557 κεφαλὴν
1159 3477 1340 3551 αὺτοῦ,
1399 3475 1643 3542 δεδωκὼς
1705 3481 1848 3552 αὖτῷ
1897 3479 1990 3533 τὸν

349 3567 642 3645 στολισμὸν
695 3568 794 3635 τῆς
851 3568 1158 3637 ἀσκήσεως.
1205 3570 1371 3631 Αὐτὸς
1425 3565 1480 3622 δὲ
1531 3568 1665 3641 μετὰ
1696 3568 1988 3646 προθυμίας

345 3658 528 3734 ἤσκει,
587 3657 834 3734 δεόμενος
875 3665 967 3714 τοῦ
1023 3665 1153 3713 Θεοζ
1197 3658 1385 3717 νυκτὸς
1431 3655 1528 3712 καί
1587 3657 1790 3735 ἡμέρας
1851 3657 1990 3713 ἀκας

345 3749 688 3812 ταπαύστως.
744 3747 1018 3821 Ἐνῴκησε
1079 3745 1135 3802 δὲ
1187 3746 1240 3802 ἐν
1299 3748 1366 3821 τῇ
1411 3751 1550 3822 μονῇ
1611 3747 1706 3811 ἔτη
1768 3744 1845 3815 ἓξ,
1903 3747 1990 3802 καὶ

344 3839 552 3901 πάντας
609 3835 848 3894 ἐδίδασκε
891 3837 1013 3902 τοὺς
1067 3836 1247 3892 ἐκεῖσε
1308 3835 1484 3912 ὄντας,
1536 3833 1683 3897 ὅπως
1735 3855 1991 3890 ταπεινο-

343 3940 564 4007 φρονεῖν
619 3928 707 3984 καὶ
765 3927 1016 4006 εὔχεσθαι
1072 3927 1164 3982 τὸν
1226 3925 1356 3981 Θεὸν
1421 3921 1698 3998 μέλλουσι,
1767 3923 1992 3990 "Esaia:

344 4017 400 4074 δὲ
447 4020 620 4091 ἑαυτῷ
676 4017 987 4095 ἐγκράτειαν
1033 4023 1234 4094 πᾶσαν,
1279 4016 1352 4077 ὡς
1386 4011 1617 4088 μηδενὸς
1661 4011 1828 4072 ἄλλον
1871 4015 1992 4092 γεύ-

348 4109 520 4178 εσθαι,
577 4107 621 4160 εἰ
663 4105 742 4179 μὴ
773 4105 937 4180 μόνον
993 4104 1085 4160 τοῦ
1139 4104 1317 4178 τιμίου
1357 4103 1606 4177 σώματος
1639 4103 1725 4158 καὶ
1758 4103 1991 4176 αἰματος

348 4201 442 4251 τοῦ
502 4202 729 4272 Χριστοὸ
763 4213 776 4226 ·
829 4193 967 4250 ὥστε
1024 4194 1357 4267 θαυμάζοντα
1415 4193 1506 4248 τὸν
1563 4191 1990 4270 ἀρχιμανδρίτην

351 4283 554 4362 λέγειν,
607 4284 688 4339 ὅτι
773 4281 979 4340 παιδίον
1064 4283 1326 4361 ὑπάρχων
1383 4280 1546 4338 πολὺν
1598 4285 1764 4338 κόπον
1821 4280 1993 4356 ἑαυτῷ

352 4373 700 4452 περιέθηκας,
732 4371 914 4448 διόπερ
962 4373 1050 4428 καὶ
1090 4373 1151 4428 τὸ
1201 4373 1356 4445 σῶμά
1401 4393 1494 4426 σου
1538 4370 1751 4432 ἀσθενὲς
1807 4373 1991 4450 γίγνε-

352 4483 440 4518 ται
483 4462 622 4519 ὣστέ
652 4463 730 4538 μὴ
775 4466 950 4518 τελεῖν
981 4463 1079 4529 τὴν
1109 4462 1180 4527 εἰς
1231 4462 1362 4517 Θεὸν
1412 4457 1717 4538 δοξολογίαν
1753 4478 1770 4497 ο
1813 4460 1992 4528 πολλὴ

2081 1952 2262 2033 piscis
2281 1953 2531 2014 obsonio
2557 1953 3070 2032 indigemus.Cum
3092 1952 3272 2030 igitur
3293 1971 3363 2013 eo
3392 1955 3717 2021 venissent,

2079 2041 2186 2105 Dei
2211 2043 2514 2104 voluntate
2537 2044 2754 2105 factum
2779 2051 2887 2118 est,
2926 2051 2991 2104 ut
3011 2050 3219 2104 ventus
3244 2040 3605 2120 navigationi
3628 2057 3725 2100 ac-

2080 2133 2498 2195 commodatus
2532 2134 2676 2194 ﬂare
2699 2132 3189 2213 ceperitJIaque
3215 2132 3530 2195 nauclerus
3560 2149 3592 2190 e
3613 2147 3725 2190 na-

2080 2223 2232 2302 vigio
2264 2223 2398 2304 ipso
2431 2223 2664 2285 crebris
2691 2222 2935 2285 nutibus
2959 2221 3098 2285 illos
3128 2222 3548 2284 vocabat.Cum
3582 2237 3723 2280 vero

2083 2330 2333 2393 puerum
2363 2331 2566 2373 secum
2603 2330 2819 2392 capere
2851 2331 2969 2372 non
3003 2320 3264 2392 possent,
3307 2309 3361 2371 ei
3394 2309 3674 2370 dixerunt
3708 2325 3721 2366 :

2078 2401 2219 2472 Abi,
2256 2419 2426 2481 puer,
2460 2401 2520 2462 in
2546 2403 3009 2482 gymnasium,et
3038 2401 3174 2461 vide
3206 2401 3346 2480 quid
3379 2398 3728 2459 adolescen-

2081 2499 2170 2553 tes
2200 2491 2284 2552 illi
2319 2491 2558 2566 faciant,
2594 2499 2652 2551 et
2683 2489 2809 2552 redi
2848 2489 3097 2564 huc,ubi
3129 2509 3237 2550 nos
3267 2487 3542 2548 invenies
3573 2486 3728 2547 Abiit

2075 2598 2245 2661 puer.
2279 2581 2545 2641 Joannes
2569 2597 2714 2640 vero
2747 2589 2807 2640 et
2839 2579 3170 2640 monachus
3215 2575 3513 2654 navigium
3540 2593 3711 2637 cons-

2073 2670 2433 2742 cenderunt,
2470 2683 2531 2732 et
2561 2669 2730 2731 illinc
2754 2674 3127 2748 navigantes,
3163 2668 3237 2729 ad
3271 2673 3542 2728 sanctum
3575 2663 3722 2726 illud

2071 2761 2501 2822 monasterium
2526 2759 2860 2821 incolumes
2884 2761 3033 2820 vecti
3060 2755 3497 2820 sunt.Narravit
3519 2769 3719 2817 autem

2075 2849 2259 2912 abbas
2279 2850 2381 2912 ille
2411 2849 2697 2912 fratribus
2731 2858 2914 2911 totum
2945 2849 3026 2922 id,
3055 2848 3212 2930 quod
3245 2865 3449 2908 verum
3482 2858 3633 2925 erat,
3664 2853 3726 2906 et

2075 2947 2294 3021 quanta
2324 2949 2483 3002 esset
2508 2939 2678 3019 pueri
2701 2937 3070 3012 lides.Quen;
3095 2957 3230 2999 cum
3253 2935 3724 2997 architnandrita

2076 3031 2471 3107 inspexisset:
2500 3029 2789 3105 Nimium,
2823 3027 3400 3110 inquit,adolescens
3426 3044 3554 3102 es,o
3580 3025 3664 3086 ﬁli
3703 3044 3717 3084 :

2009 3167 2051 3218 ε
2076 3119 2250 3218 uobis
2272 3131 2469 3218 autem
2497 3139 2626 3218 mos
2641 3126 2826 3218 es_t,ut
2847 3121 2950 3218 qui
2978 3119 3362 3218 monasticam
3386 3119 3558 3216 vitam
3585 3133 3726 3195 pro~

2078 3210 2227 3272 literi
2247 3209 2806 3292 velit,quadraginta
2827 3209 3126 3289 diesapud
3152 3206 3582 3268 monasterium
3605 3223 3724 3266 ma-

2077 3309 2305 3374 neat,et
2328 3319 2461 3362 cum
2489 3299 2938 3362 exercitationis
2967 3309 3190 3359 nostrae
3221 3297 3482 3377 regulam
3518 3293 3722 3356 consi-

2075 3388 2487 3463 deraverit,ita
2515 3389 2953 3452 tondeatur.Ad
2983 3389 3108 3450 haec
3131 3387 3419 3449 Joannes:
3445 3383 3724 3446 Ohtestor

2078 3486 2135 3540 te
2170 3495 2277 3559 per
2310 3478 2689 3558 purissimam
2721 3479 3098 3552 Trinitatem,
3137 3486 3198 3538 ut
3239 3475 3418 3539 hodie
3461 3492 3554 3537 me
3578 3485 3721 3534 ton—

2073 3567 2531 3644 deas,quoniain
2556 3569 2666 3631 isto
2685 3568 2958 3647 angelico
2983 3568 3189 3629 habitu
3212 3566 3724 3628 induivehemen-

2078 3665 2166 3718 ter
2189 3656 2364 3737 cupio
2387 3676 2455 3719 ac
2478 3657 2688 3720 studeo
2739 3661 2908 3730 Tunc
2933 3657 3405 3718 archimandrita
3433 3673 3616 3733 puero
3636 3651 3725 3714 illi

2077 3746 2672 3828 benedixit,cumque
2695 3765 2828 3809 eum
2857 3746 3240 3821 totondisset,
3277 3745 3478 3806 habitu
3504 3743 3720 3806 induit.

2074 3835 2208 3916 Ipse
2229 3855 2367 3898 vero
2394 3838 2578 3898 multo
2602 3837 2796 3897 studio
2820 3845 2877 3896 et
2916 3836 3099 3896 animi
3126 3834 3458 3906 alacritate,
3482 3833 3718 3892 exerci-

2076 3925 2282 3986 tationi
2322 3925 2666 3987 monasticae
2695 3924 2963 3998 vacabat,
3001 3927 3188 3987 Deum
3223 3924 3420 4003 ipsum
3458 3929 3632 3980 nocte
3666 3927 3722 3980 et

2074 4013 2173 4077 dio
2205 4034 2477 4095 precans.
2507 4014 2719 4076 Mansit
2749 4024 2949 4076 autem
2984 4014 3156 4076 annis
3181 4032 3282 4076 sex
3321 4011 3381 4072 in
3417 4017 3722 4071 monaste-

2074 4105 2163 4166 rio
2190 4105 2313 4180 illo,
2350 4113 2406 4166 et
2435 4103 2715 4167 omnibus
2743 4104 2842 4186 qui
2877 4104 3000 4166 illic
3032 4113 3225 4180 erant,
3272 4099 3546 4182 exemplo
3581 4096 3716 4172 fuit,

2076 4213 2192 4276 quo
2228 4204 2394 4274 pacto
2431 4195 2826 4256 humilitatem
2863 4213 3169 4271 exercere,
3203 4214 3270 4256 ac
3300 4191 3487 4254 Deum
3523 4189 3720 4268 ipsum

2075 4302 2247 4346 orare
2305 4284 2622 4347 deberent.
2659 4283 2862 4346 Talem
2895 4293 3092 4346 autem
3147 4281 3572 4346 abstinentiam
3607 4277 3722 4339 sibi

2077 4373 2465 4455 praescripsit,
2491 4383 2552 4435 ut
2574 4374 2722 4436 nihil
2745 4374 2904 4435 aliud
2932 4382 3218 4453 gustaret,
3253 4373 3367 4434 nisi
3395 4369 3722 4451 pretiosum

2077 4463 2303 4527 Christi
2327 4483 2544 4544 corpus
2579 4473 2636 4526 et
2665 4463 3130 4542 sanguinem,ita
3161 4471 3221 4524 ut
3253 4458 3726 4524 archimandrita

352 4554 455 4631 γὰρ
497 4529 800 4632 ἐγκράτεια,
835 4566 1109 4625 νηστεῖαι,
1160 4550 1444 4630 ἀγρυπνίαι
1502 4529 1686 4606 ἀτονεῖ
1731 4551 1792 4606 τὸ
1837 4558 1991 4628 σῶμα

2078 4553 2181 4615 ille
2211 4529 2630 4632 mirareiur,ac
2663 4529 2894 4614 diceret
2921 4569 2935 4610 :
2960 4529 3045 4614 Tu
3071 4552 3310 4632 quidem
3347 4551 3540 4611 adhuc
3575 4564 3726 4627 puer

349 4644 441 4698 καὶ
469 4640 774 4722 διαφθείρει,

2080 4642 2329 4704 multum
2356 4643 2576 4704 laboris
2609 4642 2713 4703 tibi
2739 4643 2864 4722 ipse
2885 4641 3254 4722 imposuisti:
3286 4641 3481 4720 itaque
3505 4654 3721 4716 corpus

352 4738 519 4792 tuum
551 4729 912 4793 imbecillius
944 4730 1218 4806 efficitur,
1253 4748 1428 4812 quam
1463 4737 1525 4791 ut
1555 4728 1769 4792 divina:
1811 4728 2016 4806 gloriae
2049 4731 2384 4794 ministerio
2416 4733 2691 4794 sufficrre
2749 4731 2953 4812 possit.
2985 4731 3183 4794 Nimia
3211 4731 3371 4792 enim
3405 4727 3722 4791 abstinen-

351 4820 458 4901 tia,
481 4821 780 4902 jejunium
815 4827 873 4882 et
901 4820 1112 4900 vigiliae
1132 4820 1330 4901 ipsum
1371 4818 1686 4882 debilitant
1717 4826 1775 4881 et
1806 4830 2218 4903 corrumpunt.

434 4918 522 4980 H'.
581 4918 727 4977 Ἰδὼν
779 4917 834 4975 δὲ
893 4921 922 4976 ὀ
967 4919 1264 4994 μισόκαλος
1296 4918 1499 4994 δαίμων
1532 4921 1631 4985 τὴν
1663 4917 1869 4987 πολλὴν
1901 4927 1991 4976 τοῦ

2158 4912 2310 4976 VIII.
2334 4911 2464 4974 Jam
2494 4929 2632 4972 vero
2657 4909 2945 4972 bonarum
2971 4929 3170 4972 rerum
3205 4910 3391 4972 hostis
3423 4907 3717 4982 diabolus,

348 5011 556 5066 νεανίου
615 5006 874 5082 σπουδὴν,
923 5010 1008 5066 καὶ
1052 5010 1144 5064 τὸν
1192 5007 1386 5086 δρόμον
1440 5008 1537 5076 τῆς
1594 5007 1873 5076 ἀσκήσεως
1905 5009 1991 5064 καὶ

2077 5021 2212 5064 cum
2245 5001 2645 5064 adolescentis
2671 4999 2830 5061 illius
2861 5001 3122 5062 studium
3156 5000 3496 5078 multum,el
3530 4996 3723 5058 sancti

346 5097 672 5177 προθέσεως,
728 5090 901 5174 ἐμάνη
962 5097 1157 5177 σφόδρα
1215 5097 1336 5154 κατ’
1385 5101 1564 5161 αὐτοῦ,
1630 5098 1727 5155 Καὶ
1781 5096 1990 5175 ἀγριω-

2077 5092 2367 5175 propositi
2418 5107 2655 5152 cursum
2712 5088 3004 5151 intentum
3044 5089 3297 5166 videret,
3335 5088 3723 5149 vehementer

342 5189 449 5251 θεὶς
504 5185 776 5265 μεγάλως,
839 5189 926 5244 καὶ
979 5190 1058 5263 μὴ
1115 5185 1406 5263 δυνάμενος
1462 5187 1676 5254 νικῆσαι
1727 5188 1819 5242 τὸν
1863 5207 1990 5264 γεν-

2077 5173 2286 5244 contra
2317 5181 2481 5243 illum
2509 5179 2620 5238 fttl‘t'
2644 5195 2708 5238 re
2732 5178 3008 5260 coepitJn
3033 5197 3208 5259 quem
3235 5197 3368 5242 cum
3397 5173 3721 5238 acerbissi-

344 5291 498 5334 ναῖον
556 5281 716 5336 αὐτοῦ
771 5275 1056 5355 λογισμὸν,
1127 5280 1213 5334 καὶ
1274 5279 1578 5344 ἀποστῆσαι
1633 5281 1732 5341 τῆς
1777 5273 1988 5340 ἐλπίδος

2077 5291 2172 5334 me
2202 5272 2448 5332 affectus
2479 5274 2658 5340 esset,
2695 5274 2752 5326 et
2804 5286 3164 5346 generosam
3200 5269 3330 5349 ejus
3363 5274 3625 5327 mentem
3664 5273 3724 5325 et

341 5378 435 5427 τοῦ
494 5368 746 5441 Χριστοῦ,
810 5367 1110 5442 ἀνάμνησιν
1159 5365 1452 5422 ὑποϐάλλει
1499 5368 1661 5438 αὐτῷ,
1707 5368 1793 5421 καὶ
1825 5366 1987 5422 πόθον

2077 5362 2455 5440 cogitationes
2469 5365 2849 5436 superare,et
2871 5357 3134 5420 aChristi
3151 5372 3585 5438 speremovere
3602 5372 3720 5414 non

342 5459 513 5534 μέγαν
572 5463 679 5512 τῶν
720 5456 945 5533 γονέων,
990 5457 1128 5514 ὥστε
1171 5458 1360 5521 νυκτὸς
1407 5457 1494 5512 καὶ
1545 5455 1750 5533 ἡμέρας
1780 5453 1984 5510 ἐννοεῖν

2077 5451 2475 5533 posset,talem
2511 5455 2922 5526 maerorem,et
2950 5454 3174 5508 tantum
3210 5454 3521 5528 parentum
3548 5443 3718 5506 desi-

343 5547 462 5620 περὶ
519 5548 717 5619 αὐτῶν,
761 5545 876 5605 πῶς
921 5545 1261 5626 ἆξερχόμενοι
1307 5545 1367 5600 ἐκ
1422 5552 1516 5600 τοῦ
1571 5543 1845 5613 παλατίου,
1895 5544 1982 5598 καὶ

2077 5545 2288 5603 larium
2319 5545 2377 5600 in
2402 5541 2528 5613 ejus
2548 5534 2935 5626 adolescentis
2961 5549 3211 5598 mentem
3233 5540 3706 5612 iojecit,utnocte

341 5639 449 5694 τῶν
499 5631 703 5692 δούλων
759 5617 1078 5712 ὑπηρεσίαν,
1106 5636 1206 5706 τήν
1243 5655 1302 5691 τε
1331 5643 1424 5694 τοῦ
1451 5633 1566 5710 βίου
1623 5633 1860 5712 ἀπάτην,
1892 5632 1980 5690 καὶ

2077 5641 2124 5694 at
2172 5630 2269 5694 die
2294 5629 2370 5692 de
2402 5626 2523 5690 illis
2577 5617 2886 5699 cogitaret,
2923 5628 2986 5682 et
3031 5631 3170 5688 ante
3203 5623 3411 5690 oculos
3441 5621 3712 5697 haberet,
