4090 6198
401 312 519 377 575

1685 317 1968 381 MENSIS
2009 318 2460 382 JANUARIUS.

3644 316 3762 385 576

401 459 622 533 quanto
652 450 937 515 comitatu
960 471 1026 514 ac
1057 468 1365 515 servorum
1399 450 1731 514 ministerio
1765 463 2042 534 parentes

2132 454 2384 534 γλυκεῖαν
2443 459 2780 533 ματαιότητα
2811 474 2827 491 ⁸
2893 458 2968 521 ὡς
3011 477 3074 514 εκ
3115 461 3215 522 τῆς
3261 454 3468 523 πολλῆς
3513 455 3764 523 νηστείας

399 549 749 605 uterentur:
772 542 1032 620 denique
1052 560 1289 602 omnem
1314 543 1444 604 vitae
1467 544 1646 622 hujus
1666 543 1956 605 fallaciam
1975 564 2044 606 ac

399 632 721 694 vanitatem
750 631 1111 712 prepositam
1138 631 1410 692 habebat.
1433 635 1636 712 Itaque
1661 633 1860 695 multis
1876 635 2042 714 jeju-

401 720 541 801 niis,
569 722 802 800 vigiliis,
837 730 896 782 et
923 721 1107 782 nimio
1141 730 1453 800 parentum
1487 723 1790 784 desiderio
1824 723 2040 786 factum

400 817 587 883 est,nt
611 812 738 890 ejus
770 829 987 891 corpus
1016 829 1133 870 non
1166 829 1326 885 caro,
1355 812 1459 873 sed
1483 812 1670 874 instar
1692 813 1918 875 umbrae
1949 823 2040 875 te-

399 916 519 960 nue
546 899 1361 963 videreturArcbimandrita
1384 920 1520 963 vero
1544 921 1677 964 cum
1697 904 2042 965 adolescen-

399 995 517 1049 tem
542 988 620 1049 ita
643 998 1022 1051 extenuatum
1045 996 1222 1070 atque
1244 989 1526 1052 afﬂictum
1547 990 2003 1072 vidisset,utjam
2019 1026 2042 1037 -

393 1077 517 1158 jam
579 1097 611 1139 e
673 1079 815 1140 vivis
874 1099 1230 1142 excessurus
1287 1089 1635 1159 putaretur:
1693 1082 1902 1143 Annon
1937 1081 2044 1143 tibi

401 1167 860 1250 dixi,inquit,tili
881 1169 1166 1244 Joannes,
1188 1173 1377 1234 Deum
1399 1171 1596 1251 ipsum
1617 1173 1730 1232 hoc
1755 1182 1978 1233 tantum
2013 1191 2046 1234 a

400 1259 586 1320 servis
612 1259 738 1320 suis
769 1260 1089 1340 postulare,
1125 1268 1189 1320 ut
1229 1277 1365 1321 eum
1413 1279 1518 1340 pro
1541 1259 1763 1320 viribus
1805 1260 2045 1322 colant?

399 1347 486 1407 Tu
517 1366 653 1409 vero
678 1367 857 1430 supra
879 1350 1036 1410 vires
1083 1358 1212 1411 tuas
1241 1349 1351 1411 ista
1385 1350 1812 1412 exercitatione
1842 1359 2044 1425 utens,

403 1436 657 1518 teipsum
692 1439 870 1499 nimis
921 1447 1305 1501 extenuatum
1363 1447 1418 1499 et
1450 1439 1734 1514 gracilem
1769 1438 2040 1501 reddisti.

402 1527 488 1588 Ad
515 1528 638 1590 baac
656 1531 917 1590 Joannes
944 1546 956 1587 :
987 1529 1369 1607 Scito,pater,
1400 1530 1783 1608 nonjejuniis
1806 1547 1902 1590 me
1935 1530 2046 1590 do-

401 1617 689 1690 mari,sed
717 1628 952 1698 peccata
976 1618 1612 1698 meaimpedimentum
1640 1619 1783 1680 mihi
1807 1620 2042 1680 atferre.

400 1706 602 1769 Multis
635 1708 794 1769 enim
828 1708 1048 1769 abhinc
1074 1707 1284 1769 diebus
1308 1707 1599 1768 bonarmn
1626 1727 1825 1770 rerum
1851 1708 2048 1770 inimi-

401 1815 504 1857 cus
535 1796 805 1858 diabolus
827 1816 930 1858 cor
953 1817 1151 1858 meum
1176 1800 1964 1879 conturbavit,etparentum
1980 1816 2048 1861 ac

2125 549 2212 603 καὶ
2271 547 2585 628 ἀγρυπνίας,
2631 549 2721 604 καὶ
2763 555 2856 605 τοῦ
2897 548 3065 606 πόθου
3107 547 3212 604 τῶν
3254 545 3454 623 γονέων
3524 544 3763 612 ἑκτακῆ-

2125 657 2208 691 ναι
2268 636 2428 695 αὐτοῦ
2471 639 2531 694 τὸ
2591 643 2748 711 σῶμα
2797 639 2884 694 καὶ
2935 639 3167 714 γίνεσθαι
3210 638 3285 699 ὡς
3317 636 3483 699 σκιαί,
3518 633 3666 692 Ἰδὼν
3710 633 3766 690 δὲ

2125 726 2280 781 αὐτὸν
2339 728 2366 783 6
2436 723 2860 806 ἆρχιμανδρίτης
2918 726 3170 783 τοσοῦτον
3225 724 3762 798 ταλαιπωρούμενον,

2124 815 2303 895 ὥσπερ
2363 817 2514 873 σκιὰν
2575 825 2652 891 τῷ
2711 817 2921 890 θανάτῳ
2977 815 3312 894 ἐγγίζουσιν,
3374 815 3530 872 εἶπεν
3565 833 3578 848 ’
3655 815 3766 872 Οῦκ

2126 905 2286 962 εἶπόν
2344 928 2448 980 σοι,
2499 904 2708 980 τέκνον,
2754 905 2835 962 ὅτι
2881 908 2908 963 6
2954 907 3082 970 Θεὸς
3115 906 3178 961 τὰ
3206 905 3345 962 κατᾶ
3384 903 3601 976 δύναμιν
3657 903 3766 961 ἀπὸ

2125 1001 2232 1052 τῶν
2289 994 2486 1052 δούλων
2531 997 2694 1055 αὐτοῦ
2722 997 2994 1069 ἀπαιτετ;
3041 997 3103 1051 σὺ
3133 994 3188 1051 δὲ
3248 995 3546 1073 ὅπέρμετρα
3589 1015 3764 1052 σπου-

2127 1083 2290 1150 δάσας
2349 1088 2432 1142 καὶ
2490 1087 2731 1156 ἀσκήσας
2813 1085 3144 1152 κατέστησας
3199 1085 3383 1140 ἑαυτὸν
3437 1083 3622 1142 ἄτονον
3678 1084 3768 1140 καὶ

2128 1181 2253 1247 σκιᾷ
2295 1173 2505 1250 ὅμοιον,
2554 1175 2714 1253 Λέγει
2764 1178 2905 1248 αὑτῷ
2951 1177 2976 1231 6
3037 1173 3292 1242 Ἰωάννης
3328 1191 3342 1204 ·
3396 1175 3596 1247 Δέομαι
3644 1195 3763 1246 σου,

2129 1262 2316 1342 πάτερ,
2392 1266 2498 1345 οὔχ
2549 1267 2583 1332 ἡ
2643 1265 2862 1331 νηστεία
2919 1263 3163 1338 δαμάζει,
3227 1263 3365 1320 ἀλλὰ
3424 1265 3474 1319 αἱ
3517 1263 3767 1340 ἁμαρτίαι

2131 1376 2232 1428 μου
2303 1352 2668 1431 παρεμπόδιόν
2721 1377 2813 1430 μοι
2870 1353 3129 1431 γίνονται,
3186 1353 3349 1433 ’Ἐχω
3405 1353 3507 1430 γὰρ
3562 1352 3768 1431 ἡμέρας

2129 1443 2333 1506 πολλὰς
2378 1443 2469 1522 ἀφ’
2515 1446 2576 1499 οὗ
2620 1446 2646 1499 6
2679 1443 2872 1523 ἐχθρὸς
2923 1449 3029 1499 τῶν
3073 1443 3274 1514 καλῶν,
3321 1440 3545 1518 δαίμων,
3579 1441 3768 1498 ἒνετά-

2131 1532 2251 1610 ραξέ
2313 1554 2416 1608 μου
2469 1534 2566 1601 τὴν
2630 1534 2815 1612 ψυχὴν
2876 1535 3008 1610 πρὸς
3068 1533 3346 1606 ἐπιθυμίαν
3401 1534 3624 1602 κινήσας
3679 1537 3776 1587 τοῦ

2129 1621 2262 1678 ἰδεῖν
2293 1625 2414 1684 τοὺς
2445 1635 2627 1701 γονεῖς
2661 1645 2764 1690 μου
2791 1624 2886 1678 καῖ
2926 1624 3016 1678 τὸν
3048 1623 3206 1679 οἶκόν
3231 1638 3354 1696 μου·
3391 1625 3477 1678 καὶ
3506 1625 3601 1680 οῦκ
3629 1618 3779 1677 οἶδεν

2132 1715 2158 1768 6
2221 1713 2450 1789 πονηρὸς
2510 1712 2662 1776 οὗτος
2727 1711 2810 1767 ὅτι
2878 1713 2963 1767 καὶ
3007 1711 3124 1768 ἐκεῖ
3167 1710 3435 1783 ἀπελθὼν,
3499 1718 3631 1767 Θεοῦ
3676 1732 3779 1785 μου

2130 1801 2400 1874 θέλοντος,
2446 1803 2534 1858 καὶ
2578 1806 2688 1856 τῶν
2733 1801 2899 1879 ἁγίων
2948 1805 3126 1880 εὐχῶν
3154 1802 3301 1872 ὑμῶν
3335 1801 3652 1877 βοηθοισῶν,
3687 1799 3784 1855 ἵνα

403 1886 676 1950 videndae
701 1887 940 1949 familiae
972 1906 1119 1949 meae
1141 1887 1506 1949 desiderium
1533 1889 1730 1950 animo
1766 1907 1897 1949 meo
1918 1906 2044 1965 sug-

2134 1891 2255 1954 τοὺς
2311 1903 2492 1968 γονεῖς
2537 1911 2638 1963 μου
2686 1889 2787 1945 ἴδω
2824 1906 2840 1964 ;
2902 1892 3132 1958 πατήσω
3164 1892 3322 1948 αὐτὸν
3359 1893 3445 1946 καὶ
3488 1890 3779 1968 ἀνίσχυρον

405 1978 585 2057 gessit
611 1997 624 2036 :
658 1996 853 2058 neque
880 1978 1155 2059 perditus
1174 1978 1272 2040 hic
1293 1979 1482 2040 hostis
1505 1978 1651 2040 illud
1673 1978 2044 2059 videt,quod,

2132 1980 2220 2036 καὶ
2275 1981 2502 2055 μάταιον
2559 1976 2850 2044 ἀποδείξω.
2901 1978 3054 2056 Λέγει
3102 1983 3246 2052 αὐτῷ
3316 1981 3342 2035 6
3416 1976 3779 2058 ἀρχιμανδρί-

401 2067 526 2128 Deo
552 2083 682 2126 meo
707 2064 1033 2138 volente,et
1055 2067 1266 2126 vestris
1286 2066 1564 2146 precibus
1590 2065 1732 2127 mihi
1757 2067 2044 2148 opitulan-

2132 2091 2228 2134 της
2265 2084 2280 2100 ⁸
2329 2069 2438 2127 Οῦκ
2487 2069 2644 2126 εἶπόν
2677 2090 2760 2124 σοι
2794 2070 2938 2146 παρᾶ
2965 2069 3064 2135 τὴν
3096 2068 3286 2146 ἀρχὴν
3315 2067 3394 2123 ὅτι
3429 2069 3595 2144 μέγας
3630 2068 3782 2124 ἐστὶν

400 2154 860 2236 tibus,quamvis
875 2156 943 2216 ad
961 2156 1249 2218 videndos
1266 2169 1546 2236 parentes
1563 2174 1724 2218 meos
1749 2156 2044 2236 profectus

2132 2161 2160 2214 6
2218 2159 2360 2237 ἀγὼν
2419 2163 2518 2224 τῆς
2575 2157 2857 2227 ἀσκήσεως
2916 2159 3003 2213 καὶ
3067 2159 3094 2213 6
3151 2159 3323 2218 κόπος
3368 2155 3781 2230 πυλύςςταῦτα

400 2245 592 2325 fuero,
624 2245 818 2325 ipsum
853 2254 1050 2307 tamen
1082 2246 1470 2318 conculcabo,
1508 2255 1566 2306 et
1605 2246 1737 2326 ejus
1767 2255 2044 2309 conatum

2132 2249 2294 2304 εἰπὼν
2323 2251 2414 2304 καὶ
2451 2246 2641 2310 παιδὸς
2671 2247 2828 2303 ἕνεκα
2858 2245 3142 2325 δακρύσας,
3177 2246 3470 2323 εὐλόγησεν
3496 2246 3661 2320 αῦτῷ.

402 2333 774 2396 imbecillum
809 2343 985 2415 atque
1019 2334 1255 2396 inanem
1293 2354 1424 2396 esse
1457 2335 1792 2397 ostendam.
1829 2335 1976 2397 Tum
2014 2337 2101 2398 illi
2133 2335 2600 2398 archimandrita
2631 2353 2646 2398 :
2681 2334 2912 2408 Nonne,
2951 2335 3161 2416 inquit,
3193 2334 3300 2409 tili,
3326 2334 3436 2396 tibi
3461 2334 3606 2408 dixi,
3633 2353 3772 2396 cum

407 2423 661 2504 primum
711 2425 1036 2486 monastica
1071 2425 1444 2505 professione
1489 2426 1713 2487 initiari
1749 2425 2013 2501 voluisti,
2047 2435 2270 2488 nostrae
2316 2426 2525 2505 hujus:
2543 2425 2990 2487 exercitationis
3046 2431 3346 2486 certamen
3381 2441 3684 2504 magnum,
3713 2432 3778 2484 et

405 2513 673 2576 laborem
707 2514 955 2575 multum
990 2515 1168 2578 esse?
1196 2515 1332 2577 Haec
1365 2534 1499 2578 cum
1531 2515 1804 2589 dixisset,
1841 2525 1899 2577 et
1925 2515 2322 2579 adolescentis
2353 2533 2530 2577 causa
2561 2516 2912 2595 lacrymatus
2944 2521 3123 2584 esset,
3159 2513 3216 2574 ei
3246 2513 3570 2575 benedixit.

485 2602 583 2666 ΙΧ.
602 2603 847 2666 Postero
881 2611 1077 2666 autem
1105 2604 1204 2667 die
1225 2604 1488 2667 Joannes
1519 2607 2046 2669 archimandritam

403 2694 578 2768 adiit,
611 2713 868 2774 cumque
893 2695 966 2755 ad
999 2697 1130 2774 ejus
1163 2695 1346 2774 pedes
1378 2715 1442 2757 se
1480 2696 1799 2777 abjecisset
1853 2697 2046 2774 ipsum

401 2784 648 2863 rogavit,
711 2803 786 2845 ne
845 2783 961 2845 sibi
1016 2795 1425 2859 succenseret,
1482 2787 1584 2848 sed
1623 2806 1728 2868 pro
1761 2805 1825 2847 se
1858 2785 2044 2847 Deum

405 2879 842 2952 precaretur,et
861 2874 1493 2950 concederetabire,ct
1521 2883 1797 2954 parentes
1821 2874 2045 2950 videre,

401 2981 588 3044 eaque
619 2964 847 3024 ratione
878 2964 1206 3039 diabolum,
1236 2967 1484 3026 Domino
1514 2965 1861 3043 adjuvante,
1896 2983 2042 3025 cono

401 3053 661 3116 culcare.
696 3053 1178 3115 Archimandrita
1209 3073 1344 3116 cum
1405 3073 1613 3115 omnes
1665 3055 1906 3125 fratres,
1943 3054 2046 3134 qui

2216 2597 2298 2665 ϐ’.
2338 2612 2416 2682 Τῇ
2472 2605 2528 2661 δὲ
2586 2606 2836 2682 ἐπαύριον
2866 2605 3099 2669 ἀναστὰς
3129 2606 3156 2660 6
3189 2604 3440 2670 Ἰωάννης
3470 2603 3600 2680 ᾗλθε
3641 2602 3777 2681 πρὸς

2133 2700 2222 2752 τὸν
2279 2693 2726 2775 ἆρχνμανδρίτην,
2761 2694 2856 2750 καί
2892 2693 3050 2750 ἔπεσε
3110 2695 3239 2770 πρὸς
3282 2693 3404 2755 τοὺς
3453 2691 3616 2752 πόδας
3674 2697 3778 2752 αῦ-

2130 2793 2222 2843 me
2266 2783 2537 2858 δεόμενος,
2601 2787 2678 2858 μὴ
2735 2784 3044 2863 ὀργισθῆναι
3101 2785 3269 2857 αῦτῷ,
3334 2779 3454 2840 ἀλλ’
3516 2782 3778 2862 εῧχεσθαι

2131 2875 2289 2932 αυτοῦ
2345 2877 2432 2930 καὶ
2490 2872 2773 2949 ἓπιτρὲψαι
2831 2872 3086 2930 ἀπελθεῖν
3167 2873 3254 2929 καὶ
3313 2874 3580 2948 θεωρῆσαι
3651 2874 3779 2931 τοὺς

2127 2963 2537 3043 γοιιεϊςξαῦτοῦ,
2571 2965 2658 3019 καὶ
2708 2963 2899 3037 οὕτως,
2938 2965 3071 3020 Θεοῦ
3102 2969 3498 3041 συνεργοῦντος,
3533 2967 3775 3028 πατῆσαι

2128 3059 2220 3111 τὸν
2263 3053 2651 3127 ἀντικείμενον.
2703 3054 2799 3110 Καὶ
2857 3051 3195 3128 συναθροίσας
3261 3052 3288 3106 ὁ
3350 3048 3780 3130 ἀρχιμανδρίτης

406 3153 571 3206 erant
604 3144 662 3204 in
689 3145 1048 3206 monasterio
1071 3144 1197 3224 illo,
1243 3152 1684 3222 congregasset,
1721 3153 1778 3205 et
1808 3145 2044 3205 attentis

2132 3145 2368 3207 ἅπαντας
2429 3143 2552 3206 τοὺς
2607 3143 2661 3198 ἑν
2719 3148 2787 3218 τῇ
2847 3141 2984 3215 μονῆ
3037 3139 3319 3220 ἀδελφοὺς,
3381 3141 3470 3196 καὶ
3542 3141 3774 3210 ποιήσας

406 3232 686 3315 precibus
711 3251 815 3314 pro
837 3234 1218 3296 adolescente
1241 3234 1346 3295 illo
1368 3234 1555 3295 Deum
1588 3235 2040 3307 oravisset,cum

2132 3231 2308 3300 δέησιν
2351 3231 2535 3300 ἐκτενῆ
2581 3233 2713 3308 πρὸς
2757 3232 2847 3287 τὸν
2902 3233 3033 3287 Θεὸν
3092 3230 3223 3308 ὑπὲρ
3281 3232 3372 3286 τοῦ
3400 3227 3590 3292 παιδὸς
3636 3231 3777 3303 μετὰ

401 3324 626 3404 gemitu
654 3332 710 3385 et
742 3324 1011 3404 lacrymis
1047 3342 1060 3386 :
1091 3322 1279 3398 Vade,
1311 3323 1528 3400 inquit,
1568 3325 1671 3397 ﬁli,
1707 3325 1764 3384 in
1799 3325 2042 3386 nomine

2132 3323 2363 3400 δακρύων
2420 3321 2508 3376 καὶ
2576 3327 2913 3399 στεναγμῶν,
2973 3320 3166 3398 λέγει’
3255 3326 3510 3396 Πορεσου,
3583 3319 3774 3375 τέκνον

403 3413 622 3486 Patris,
658 3423 717 3474 et
756 3413 914 3486 Filii,
977 3420 1034 3474 et
1067 3414 1323 3494 Spiritus
1353 3415 1563 3487 sancti,
1602 3423 1660 3476 et
1695 3423 1889 3475 tecum
1924 3433 2040 3474 una

2132 3435 2252 3487 μου,
2287 3413 2338 3468 ἐν
2370 3419 2448 3485 τῷ
2476 3411 2697 3485 ὀνόματι
2741 3413 2835 3467 τοῦ
2866 3414 3096 3488 Πατρὸς,
3142 3410 3229 3465 καὶ
3261 3417 3355 3465 τοῦ
3385 3411 3528 3480 ι’ίοῦ,
3560 3409 3648 3464 καὶ
3676 3415 3774 3465 τοῦ

403 3505 738 3565 venientem
764 3503 984 3565 habeas
1011 3503 1325 3566 Dominum
1357 3505 1561 3568 Jesum
1588 3505 1907 3579 Christum,
1942 3503 2043 3584 qui

2132 3504 2432 3576 [Ινεύματος
2478 3502 2651 3578 ἁγίου,
2717 3499 2803 3555 καὶ
2853 3499 2950 3578 ἔχε
3009 3499 3476 3572 συμπορευόιιενον
3519 3501 3612 3554 τὸν
3657 3497 3770 3555 Κό-

404 3603 463 3655 te
485 3593 745 3655 ducatin
775 3594 867 3654 via
890 3593 1024 3666 ista,
1060 3601 1234 3673 prout
1273 3595 1402 3675 ipse
1443 3595 1582 3659 vult.
1619 3597 1877 3658 Joannes
1905 3612 2044 3653 vero

405 3701 540 3744 cum
575 3702 608 3744 e
641 3691 800 3745 terra
848 3684 1224 3754 surrexisset,
1261 3684 1473 3746 fratres
1499 3704 1708 3746 omnes
1742 3684 2041 3763 obeundo,

405 3771 658 3852 genibus
682 3773 1097 3854 ﬂexis,petiita
1120 3773 1465 3851 singulis,ut
1487 3773 1749 3835 extensis
1774 3771 2048 3832 manibus

408 3861 492 3924 illi
517 3862 951 3924 benedicerent
976 3883 991 3922 :
1019 3871 1074 3924 et
1099 3865 1179 3924 ita
1202 3882 1304 3924 eos
1335 3863 1632 3923 salutans:
1659 3861 1810 3924 Salvi
1836 3870 2045 3936 estote,

404 3951 838 4032 inquit,omnes
871 3962 1070 4031 patres
1103 3962 1162 4012 et
1195 3952 1404 4012 fratres
1442 3973 1454 4012 :
1491 3950 1648 4011 salva
1677 3948 2047 4024 esto,landa-

408 4041 546 4101 bilis
578 4050 637 4102 et
665 4049 868 4102 sancta
897 4043 1178 4119 societas,
1214 4059 1344 4119 quae
1379 4058 1471 4100 me
1499 4039 1653 4100 bene
1685 4041 2001 4120 suscepisti
2031 4061 2044 4103 :

408 4148 516 4207 ego
548 4129 794 4189 omnino
827 4141 1019 4189 vestro
1053 4138 1207 4189 tecto
1241 4128 1522 4206 indignus
1551 4147 1705 4190 sum.

2129 3614 2238 3670 ριον
2281 3593 2435 3663 ἡμῶν
2480 3589 2688 3656 Ἰησοῦν
2739 3592 2966 3668 Χριστὸν
3027 3588 3323 3663 ὁδηγοῦντα
3369 3609 3428 3644 σε
3463 3589 3533 3650 εἷς
3567 3590 3627 3643 τὸ
3678 3586 3775 3644 θέ-

2130 3681 2279 3755 λημα
2323 3684 2499 3742 αὐτοῦ,
2563 3677 2815 3745 Ἰωάννης
2861 3677 2916 3735 δὲ
2974 3677 3227 3751 ἀναστὰς,
3280 3679 3370 3734 καὶ
3397 3677 3772 3755 περιπατήσας

2130 3771 2330 3834 πάντας
2389 3769 2506 3834 τοὺς
2562 3766 2844 3847 ἀδελφοὺς,
2906 3767 3108 3844 γόνατά
3173 3787 3231 3821 τε
3287 3767 3510 3840 κάμψας
3568 3763 3778 3842 ᾔτησεν

2128 3861 2222 3915 ’ἱνα
2260 3859 2525 3935 εὖΑογηθῇ
2555 3859 2677 3935 παρ’
2723 3859 2922 3930 αὐτῶν,
2973 3857 3061 3913 καὶ
3093 3859 3216 3912 εἷπε
3249 3871 3263 3888 ⁸
3299 3856 3563 3927 Σώζεσθε,
3597 3855 3773 3911 πατε-

2132 3971 2217 4026 ρες
2273 3949 2361 4004 καὶ
2419 3945 2657 4024 ἀδελφοὶ,
2703 3948 2792 4002 καὶ
2841 3944 3178 4023 εὖλογημὲνη
3234 3949 3270 4016 ἡ
3301 3944 3424 4022 ἁγία
3459 3943 3691 4015 συνοδία,
3741 3944 3780 4011 ἠ

2134 4039 2200 4113 μὲ
2258 4036 2438 4099 καλῶς
2495 4034 2904 4113 ἀναθρεψαμέιη
2937 4055 2951 4070 υ
3012 4034 3122 4112 ἐγὼ
3163 4032 3217 4090 δὲ
3273 4033 3484 4100 ἀνάξιος
3540 4034 3610 4102 ἦν
3666 4038 3769 4100 τῆς

2132 4129 2280 4203 ὑμῶν
2322 4123 2623 4204 ὑποδοχῆς,

489 4215 561 4280 Χ.
583 4218 728 4279 Cum
756 4218 935 4296 igitur
965 4235 997 4277 a
1028 4217 1248 4278 sanctis
1279 4216 1397 4278 illis
1432 4218 1704 4280 Patribns
1736 4223 1856 4284 Deo
1888 4239 2044 4282 com-

2214 4214 2538 4274 I’Kt"
2718 4211 3700 4268 ""tetng.

2261 4264 2275 4278 ,
2387 4238 2415 4269 α
2481 4235 2650 4277 ουτως
2713 4235 2816 4269 υπο
2872 4234 2978 4268 των
3034 4234 3104 4291 αγ
3127 4235 3200 4268 ων
3286 4233 3471 4269 κε.νων
3583 4234 3786 4291 ατς-ρων

414 4306 726 4366 mendatus
755 4314 937 4386 esset,
965 4306 1106 4366 exiit
1135 4324 1167 4367 e
1201 4309 1560 4370 monasterio
1596 4309 1882 4384 ill0,etab
1918 4313 2044 4390 ejus

2132 4309 2497 4384 παραθεμενος
2544 4311 2620 4378 τῷ
2668 4305 2841 4380 Κυρίῳ
2884 4301 3067 4370 ὲξῆλθε
3125 4310 3218 4358 τοῦ
3269 4304 3656 4380 μοναστηρίου,
3689 4303 3783 4358 καὶ

407 4396 591 4476 janua
622 4394 858 4474 longius
891 4412 1266 4475 progressus,
1299 4415 1364 4457 se
1409 4407 1785 4480 convertens,
1819 4411 1877 4462 et
1909 4419 2044 4462 san-

2133 4397 2336 4474 paprv
2431 4395 2637 4451 ἐκεῖθεν
2720 4390 2947 4466 προϐὰς,
3017 4394 3265 4470 στραφεὶς
3351 4393 3440 4448 καὶ
3493 4390 3616 4448 ἰδὼν
3678 4393 3784 4458 τὴν

411 4494 572 4547 ctum
605 4484 1031 4546 monasterium
1058 4485 1376 4566 aspiciens.
1407 4488 1636 4551 tristem
1667 4500 1843 4572 atque
1877 4509 2044 4553 acer-

2133 4488 2289 4564 ἁγίαν
2360 4485 2532 4561 μονὴν
2589 4482 2812 4539 ἕκλαυσε
2862 4489 3091 4561 πικρῶς,
3146 4484 3236 4538 καὶ
3295 4483 3402 4545 θεὶς
3454 4483 3520 4539 τὰ
3576 4482 3780 4559 γόνατα

414 4574 558 4669 bum
611 4572 912 4669 gemitum
958 4573 1178 4669 emisit,
1233 4584 1299 4669 et_
1336 4578 1514 4639 ﬂexis
1544 4569 1821 4658 genibus,
1862 4583 2044 4643 Deum

2133 4577 2226 4633 ιτπί
2283 4576 2383 4642 τὴν
2425 4580 2551 4652 γῆν,
2607 4572 2696 4629 καὶ
2733 4570 3158 4646 προσευξάμενος
3192 4571 3446 4629 ἔκλαυσεν
3492 4569 3724 4627 ἑπιπολῦ
3757 4587 3776 4602 ⁸

413 4664 607 4743 ipsum
641 4663 727 4726 sic
757 4665 964 4738 oravit,
1022 4674 1086 4725 ut
1115 4666 1242 4745 ejus
1287 4666 1560 4748 lacrymaa
1591 4670 1647 4730 in
1681 4677 1901 4732 terram
1937 4671 2044 4732 de-

2135 4665 2229 4722 καί
2287 4663 2452 4724 οὕτως
2498 4661 2726 4723 ἀναστὰς
2779 4659 3060 4724 ἐπορεύετο
3092 4660 3291 4717 κλαίων
3323 4662 3775 4731 ὰκαταπᾶύστως,

417 4754 720 4828 ﬂuxerint,
785 4765 962 4835 atque
1024 4755 1104 4817 ita
1161 4757 1468 4818 tinitimam
1529 4759 1690 4820 illam
1743 4761 2044 4842 regionem

2133 4758 2221 4813 καὶ
2261 4754 2361 4820 τὴν
2404 4750 2524 4808 ὁδὸν
2581 4751 2736 4806 αῦτοῦ
2779 4749 3024 4816 ἐποίησε.
3067 4752 3164 4813 Ὠς
3196 4750 3252 4806 δὲ
3282 4750 3442 4817 ἦλθεν
3482 4749 3779 4826 “unova

417 4843 714 4918 salutavit,
741 4851 796 4905 et
830 4844 1117 4924 lacrymas
1150 4865 1266 4906 non
1301 4847 1727 4923 intermittens,
1749 4837 2044 4920 discessit,

2135 4847 2231 4913 τὴν
2311 4842 2555 4916 ἡμίσειαν
2641 4837 2784 4910 666v,
2864 4839 2982 4916 εὗρέ
3037 4862 3156 4896 τινα
3213 4842 3440 4918 πτωχὸν
3511 4839 3773 4921 φοροῦντα

416 4933 652 5014 iterque
704 4951 878 4994 suum
938 4933 1249 4997 fecit.Cnm
1306 4954 1445 4997 vero
1476 4936 1790 4998 dimidium
1822 4939 2044 5001 itineris

2138 4931 2459 5012 διεῤῥωγότα
2529 4929 2764 5003 ἱμάτια,
2855 4930 2944 4986 καὶ
3028 4927 3172 5006 λέγει
3269 4933 3463 5004 αδτῷ’
3539 4931 3780 5009 Χαίροις,

419 5021 956 5099 confecisset,vidit
975 5023 1214 5099 inapem
1237 5026 1553 5104 quemdam
1576 5027 1876 5088 hominem
1899 5029 2044 5090 lace-

2137 5021 2328 5101 ἆδελφὲ
2386 5021 2474 5076 καὶ
2517 5017 2878 5097 συνοδοιπόρε,
2925 5019 3045 5091 καὶ,
3109 5021 3150 5074 εί
3205 5018 3388 5096 θέλῃς,
3441 5022 3787 5097 πορευθῶμεν

410 5131 478 5174 ra
516 5119 680 5173 veste
718 5113 1022 5185 indutum,
1057 5113 1153 5173 cui
1185 5112 1330 5176 dixit
1365 5136 1378 5173 :
1415 5113 1821 5190 Salve,l‘rater,
1859 5126 1918 5178 et
1949 5117 2044 5178 via

2137 5116 2272 5187 ὁμοῦ
2318 5109 2418 5177 τὴν
2462 5106 2786 5184 ὁδοιπορίαν.
2825 5108 2920 5190 lini
2963 5107 3222 5186 ἀπεκρίθη
3253 5110 3280 5164 6
3332 5109 3578 5188 πτωχός·
3619 5109 3790 5182 Χάριν

413 5220 639 5263 comes.
674 5206 764 5264 An
797 5201 1090 5281 placet,et
1117 5221 1238 5264 una
1267 5203 1382 5264 iter
1413 5186 1741 5266 faciamus?
1772 5186 2044 5280 Maxime,

2135 5186 2253 5280 ἔχω
2282 5199 2335 5256 ἐν
2367 5198 2540 5281 τοὰτῳ
2573 5194 2801 5262 πολλάν.
2838 5186 3159 5253 Ὀδευόντων
3200 5194 3252 5252 δὲ
3288 5186 3494 5271 αὖτῶν,
3547 5195 3692 5276 λέγει
3753 5198 3787 5252 6

415 5289 612 5368 inquit
643 5289 766 5363 ille,
801 5279 1028 5368 gratum
1094 5290 1240 5352 mihi
1290 5292 1403 5354 hoc
1436 5302 1546 5354 est.
1581 5295 1731 5357 Cum
1763 5314 1903 5358 vero
1935 5279 2044 5358 una

2132 5279 2388 5355 Ἰωάννης
2425 5303 2440 5318 ⁸
2479 5279 2617 5365 Ὀρῶ
2651 5306 2733 5363 σε,
2781 5283 2996 5364 ἀδελφὲ,
3051 5287 3470 5366 κατεστιγμένον
3518 5285 3645 5343 ὄντα
3685 5287 3779 5342 καὶ

419 5381 532 5440 iter
563 5378 1121 5454 facerent,Joannes
1142 5381 1222 5441 ait
1256 5401 1270 5440 :
1298 5381 1484 5444 Video
1508 5391 1588 5455 te,
1615 5383 2044 5460 frater,vestem

2136 5381 2216 5457 μὴ
2259 5376 2547 5452 δυνάμενον
2601 5374 2882 5451 βαστάζειν
2913 5375 2979 5430 τὰ
3010 5377 3354 5451 περικείμενα
3396 5398 3480 5433 σοι
3538 5376 3725 5450 ἱμάτια
3753 5391 3768 5406 °

422 5477 543 5556 tum
576 5468 832 5530 laceram
869 5468 1118 5544 habere,
1151 5478 1215 5531 ut
1261 5470 1420 5532 illam
1475 5472 1630 5535 ferre
1662 5493 1781 5537 non
1814 5475 2008 5556 possis
2039 5496 2044 5534 τ

2137 5469 2274 5527 ἀλλὰ
2330 5464 2751 5540 ἀποδυσάμενος,
2799 5461 2929 5519 λάϐε
2973 5465 3072 5531 τὴν
3129 5468 3267 5540 εμὴν
3307 5465 3524 5537 ὶσθῆτα,
3557 5463 3774 5542 δέομαι,

423 5563 481 5615 te
532 5555 710 5634 igitur
757 5575 926 5637 rogo,
983 5566 1048 5620 ut
1095 5569 1254 5621 veste
1303 5561 1414 5623 ista
1449 5569 1502 5624 te
1531 5581 1738 5641 exuas,
1775 5553 1835 5628 et
1865 5583 2044 5629 meam

2141 5560 2229 5618 καὶ
2283 5557 2392 5634 ἐγὼ
2446 5553 2728 5629 ἐνδύσομαι
2785 5554 2851 5609 τὰ
2906 5553 2972 5610 σὰ
3028 5554 3241 5630 ἱμάτια.
3312 5557 3410 5614 Καὶ
3470 5553 3786 5620 ὁδεύσαντες

426 5643 625 5732 capias
658 5665 672 5705 :
709 5664 815 5726 ego
845 5655 1042 5710 autem
1088 5657 1186 5712 tua
1236 5669 1331 5714 me
1383 5651 1653 5720 induam.
1690 5656 1960 5738 Cumque
1987 5657 2044 5719 ac

2143 5650 2232 5708 ἰπὶ
2294 5646 2476 5705 ἱκανὸν
2531 5645 2719 5719 τόπον,
2778 5647 2866 5700 καὶ
2921 5642 3297 5723 συνταξάμενοι
3327 5643 3611 5722 ἀλλήλοις,
3657 5665 3796 5707 συν-
