4072 6206
332 360 462 426 5⁸77

1471 354 1658 421 VITA
1704 356 1763 418 S.
1805 349 2125 418 JOANNIS
2167 351 2594 416 CALYBITZE.

3600 349 3719 414 578

332 496 623 575 εχώρησεν
677 493 901 550 ἕκαστον
953 493 1051 559 τὴν
1107 490 1227 548 ὁδὸν
1284 493 1462 549 αὐτοῦ.
1521 480 1577 546 Ὀ
1636 487 1689 543 δὲ
1735 487 1988 553 Ἰωάννης

2075 484 2272 547 locum
2306 483 2627 564 quemdam
2659 479 3249 556 venissent,vicissim
3278 499 3343 543 se
3365 480 3715 557 salutantes,

334 584 528 656 ἐλθὼν,
564 584 649 638 καὶ
691 582 791 649 τὴν
825 584 991 638 οἰκίαν
1037 581 1141 638 τῶν
1173 580 1371 658 γονέων
1412 580 1568 635 αὐτοῦ
1597 577 1744 656 ἰδὼν,
1779 577 1987 655 ἒῤῥιψεν

337 675 526 729 ἑαυτὸν
599 672 682 727 ἐπὶ
746 671 842 738 τήν
899 675 1025 747 γῆν,
1075 671 1164 726 καὶ
1223 667 1556 746 προσηύξατο
1612 666 1782 744 λέγων
1857 669 1985 742 πρὸς

343 763 554 839 Κύριον·
635 761 793 836 Κύριε
865 761 1044 827 Ἰησοῦ
1115 758 1328 836 Χριστὲ,
1405 757 1482 831 μὴ
1555 755 1824 832 ἀπολίπῃς
1895 777 1984 830 με,

342 856 442 908 Καὶ
487 851 540 906 ἐν
600 851 796 926 ἑσπέρᾳ
849 850 1032 924 βαθείᾳ
1088 847 1336 905 εἰσελθὼν
1395 846 1448 902 ἐν
1490 847 1567 920 τῷ
1611 845 1748 919 οῗκῳ
1810 847 1985 924 αῦτοῦ,

338 941 500 997 πάλιν
562 941 644 996 ini
700 943 798 1005 της
857 944 960 1016 γῆς
1007 940 1246 1012 κείμενος
1295 939 1383 994 καὶ
1440 935 1674 1014 δακρύων
1715 938 1846 1012 πρὸς
1899 937 1990 991 τὸν

343 1033 474 1086 Θεὸν
530 1029 732 1106 ἐλεγεν’
786 1030 940 1107 Κύριε
973 1027 1149 1094 ἰησοῦ
1178 1027 1394 1106 Χριστὲ,
1428 1023 1536 1082 ἰδοῦ
1565 1027 1660 1082 καὶ
1689 1027 1778 1082 τὸν
1837 1029 1989 1081 οἶκον

341 1126 448 1174 τῶν
490 1117 691 1194 γονέων
723 1139 828 1190 μον
879 1115 1074 1181 ἔδειξὰς
1111 1137 1225 1194 μοι,
1257 1117 1345 1172 καὶ
1388 1123 1481 1171 τοῦ
1513 1113 1847 1194 χαρίσματός
1896 1135 1990 1170 σου

343 1208 422 1281 μὴ
454 1206 687 1286 ἑκπέσω,
740 1205 878 1262 ἀλλὰ
931 1204 1016 1270 δός
1076 1228 1168 1280 μοι
1227 1204 1319 1261 ἵνα
1361 1202 1576 1268 τελείως
1635 1205 1840 1274 νικήσω
1895 1205 1985 1259 τὸν

339 1293 608 1368 διάϐολον,
667 1297 756 1352 καὶ
801 1295 857 1350 ἐν
916 1303 991 1369 τῷ
1052 1295 1188 1369 οἴκῳ
1245 1297 1412 1366 τούτῳ
1471 1292 1718 1350 ἀποθάνω
1775 1292 1982 1366 καλῶς,

339 1387 480 1460 μήτε
544 1385 704 1461 ἐάσῃς
767 1405 832 1458 με
889 1383 1095 1460 μαλλον
1165 1387 1535 1463 πειρασθζναι.
1614 1385 1710 1442 Καὶ
1781 1382 1988 1459 ἔμεινεν

339 1477 458 1532 ἐκεῖ
487 1476 664 1543 πάσης
695 1474 856 1542 τῆσδε
886 1476 1100 1538 νυκτός.

423 1653 539 1716 lA'.
583 1654 750 1713 "011v
785 1652 839 1709 δὲ
899 1653 1108 1731 ἐγένετο
1136 1654 1171 1721 ἡ
1227 1655 1424 1732 ἡμέρα,
1460 1653 1716 1732 συνοίχθη
1771 1655 1803 1721 ἡ
1847 1650 1989 1718 πύλη

337 1751 432 1801 τοῦ
487 1744 666 1821 οἴκου,
717 1745 790 1808 ὡς
831 1742 898 1811 ἦν
941 1744 1211 1820 συνήθεια,
1246 1742 1337 1798 ἴνα
1389 1743 1434 1798 οἱ
1479 1745 1638 1800 αὺτοῦ
1680 1755 1861 1818 γονεῖς
1907 1733 1990 1797 ἰπὶ

2070 573 2286 650 singuli
2321 574 2468 634 viam
2503 591 2666 634 suam
2701 571 2961 650 aggressi
2997 580 3158 634 sunt.
3195 571 3338 634 Cum
3371 589 3509 632 vero
3539 572 3722 633 Joan-

2071 682 2177 725 nes
2213 683 2282 725 eo
2314 662 2600 735 venisset,
2633 660 2793 722 unde
2839 669 3148 740 parentum
3185 679 3429 722 suorum
3461 661 3652 722 aadem
3687 677 3720 721 e

2069 754 2316 832 regione
2351 751 2777 832 prospiciebat,
2813 750 3075 830 seipsum
3122 749 3183 810 in
3221 757 3439 811 terram
3473 749 3718 829 dejecit,

2074 849 2133 903 et
2165 841 2352 902 Deum
2387 840 2467 902 ito
2501 839 2876 921 precabatur:
2904 837 3155 900 Domine
3185 836 3326 901 Jesu
3363 835 3617 913 Christe,
3645 856 3721 899 ne

2075 931 2464 1008 derelinquas
2495 949 2612 992 me.
2667 928 2931 1008 Cumque
2956 928 3029 991 ad
3063 928 3305 991 multam
3339 934 3576 990 noctem
3608 945 3718 1007 pa-

2074 1029 2308 1081 rentum
2343 1037 2587 1082 suorum
2610 1018 2858 1099 januam
2892 1017 3380 1091 adiisset,rursus
3410 1017 3468 1078 in
3498 1025 3718 1079 terram

2077 1119 2406 1190 prostratus
2437 1127 2504 1170 ac
2538 1109 2770 1187 lugens,
2806 1110 2992 1171 Deum
3028 1107 3106 1169 ita
3140 1114 3413 1187 precatus
3443 1115 3577 1168 est:
3609 1109 3724 1169 Do-

2074 1199 2234 1261 mine
2263 1198 2409 1262 Jesu
2443 1199 2702 1272 Christe,
2725 1217 2798 1259 eu
2835 1205 3144 1279 parentum
3179 1216 3448 1260 meorum
3482 1196 3720 1276 domus,

2071 1308 2245 1367 quam
2283 1288 2425 1350 mihi
2459 1288 2772 1350 ostendisti
2807 1311 2819 1346 :
2868 1287 2972 1349 sed
3033 1307 3109 1348 ne
3139 1306 3173 1349 a
3200 1286 3386 1366 gratia
3421 1295 3520 1346 tua
3549 1286 3720 1349 deci-

2069 1379 2230 1452 dam,
2265 1379 2340 1440 da
2394 1379 2564 1454 mihi,
2599 1396 2829 1458 quaeso,
2865 1387 2927 1439 ut
2980 1386 3258 1457 superato
3314 1375 3576 1451 diabolo,
3610 1377 3722 1438 hoc

2068 1467 2130 1528 in
2167 1468 2298 1529 loco
2356 1467 2514 1530 bene
2545 1475 2829 1541 moriens,
2867 1485 2982 1527 non
3043 1466 3300 1546 amplius
3335 1467 3722 1528 tentationem

2074 1557 2333 1633 aliquam
2369 1557 2584 1637 patiar.
2620 1556 2831 1618 Mansit
2863 1554 3206 1637 itaqueillic
3239 1565 3357 1616 tota
3393 1566 3570 1620 nocte
3594 1556 3718 1618 illa.

2133 1645 2231 1708 XI.
2251 1649 2326 1708 Ut
2358 1665 2494 1708 vero
2517 1646 2644 1708 dies
2668 1645 3027 1720 illuxit,atrii
3050 1645 3208 1708 fores
3233 1646 3538 1727 patefactae
3559 1655 3720 1720 sunt,

2077 1748 2140 1796 ut
2191 1735 2484 1810 solebant,
2520 1754 2593 1798 eo
2645 1737 2802 1816 quod
2854 1736 2986 1816 ejus
3047 1745 3324 1818 parentes
3367 1736 3539 1816 paulo
3593 1745 3726 1817 post

337 1832 518 1909 ὀλίγον
577 1819 844 1898 ἐξέλθωσι.
884 1833 980 1889 Καὶ
1029 1819 1241 1899 ἐξῆλθεν
1303 1834 1330 1887 6
1375 1833 1459 1888 ἐπὶ
1516 1837 1612 1898 τῆς
1668 1832 1858 1906 οἰκίας,
1906 1819 1989 1886 κειἱ

2078 1825 2377 1904 egressuri
2412 1834 2636 1889 essent.
2673 1824 2830 1889 Exiit
2879 1835 3077 1888 autem
3111 1825 3349 1888 familiae
3383 1827 3722 1906 przefectus,

336 1922 524 1998 βλέπει
588 1925 741 1982 αὐτὸν
794 1924 1041 1996 κείμενον
1089 1921 1184 1978 καί
1243 1918 1572 1998 διεῤῥηγὸσιν
1622 1921 1850 1994 ἱματίοις
1896 1920 1988 1976 ἐν-

337 2011 646 2086 δεδυμένον,
683 2012 778 2068 καῖ
815 2010 960 2090 λέγει
1005 2013 1166 2085 abuit“
1219 2011 1307 2074 Τίς
1359 2011 1414 2066 εἴ
1460 2011 1546 2084 σὺ,
1595 2011 1853 2088 ἄνθρωπε,
1901 2011 1988 2066 καὶ

337 2104 544 2181 πόθεν;
607 2103 694 2158 καὶ
739 2107 878 2171 πῶς,
925 2103 1162 2162 τοιοῦτος
1219 2102 1503 2180 ὑπάρχων,
1540 2099 1839 2174 ἐτόλμησας
1894 2101 1986 2155 ἱν-

339 2195 503 2250 ταῦθα
553 2190 866 2270 προσελθεῖν
902 2209 918 2266 ς
950 2189 1088 2246 ἀλλὰ
1132 2188 1217 2254 δὸς
1251 2192 1438 2263 τόπον,
1486 2189 1567 2246 ὅτι
1599 2193 1645 2246 οἱ
1686 2190 1853 2265 κύριοί
1885 2210 1989 2260 μου

337 2281 621 2360 προελθεῖν
678 2280 956 2356 μέλλουσι.

337 2374 437 2446 μαί
482 2393 596 2442 σου,
646 2371 822 2449 Κύριε,
872 2369 1096 2436 ποίησον
1154 2369 1272 2444 μετ’
1319 2371 1453 2444 ὶμοῦ
1510 2368 1683 2447 ἕλεος,
1719 2368 1989 2445 ἄνθρωπος

341 2462 442 2538 γὰρ
505 2462 729 2540 πτωχός
801 2461 937 2534 εἶμι.
1010 2461 1211 2515 ’Ὲασόν
1258 2479 1324 2533 με
1384 2459 1438 2514 ἐν
1497 2464 1565 2534 τῇ
1604 2459 1766 2535 γωνίᾳ
1823 2457 1989 2530 ταύτῃ

341 2553 576 2623 κεῖσθαι,
611 2548 778 2622 μηδὲν
836 2549 968 2623 ἐμοῦ
1011 2545 1337 2616 ἀδικοῦντος,
1385 2549 1470 2604 καὶ
1523 2555 1614 2604 τοῦ
1657 2546 1835 2609 ἐλέους
1893 2570 1988 2620 μι-

338 2642 464 2695 σθὸν
521 2641 677 2699 αὐτὸς
711 2641 737 2694 6
766 2640 893 2702 Θεὸς
924 2636 1104 2711 δώσει,
1151 2639 1195 2692 εἰ
1227 2638 1294 2713 μὲ
1341 2637 1546 2703 πένητα
1575 2635 1666 2692 ἐπὶ
1700 2643 1792 2692 τοῦ
1839 2635 1990 2692 οἴκου

332 2725 486 2783 τοῦδε
545 2728 718 2804 θύραις
777 2727 954 2801 μένειν
1011 2727 1176 2806 ἀφῇς.
1244 2727 1438 2783 Ιίἲάσεν
1482 2725 1688 2787 ἐκεῖνος
1741 2726 1834 2781 καί
1882 2724 1990 2780 ἀπ-

334 2817 489 2879 ῆλθε,
554 2818 648 2876 Καὶ
700 2816 1017 2882 ἐξελθόντων
1076 2816 1212 2891 μετὰ
1255 2815 1421 2872 ταῦτα
1479 2821 1586 2871 τῶν
1645 2815 1846 2893 γονέων
1889 2814 1987 2868 αῦ-

330 2910 449 2985 τοῦ,
516 2909 613 2984 δρᾷ
683 2907 866 2970 αὐτοὺς
926 2908 952 2962 6
1013 2905 1290 2980 Ἰωάννης,
1352 2906 1439 2960 καὶ
1510 2903 1630 2969 ὅλος
1702 2903 1988 2977 ἐπληρώθη

333 2996 605 3074 δακρύων,
667 2997 750 3052 καὶ
794 2995 949 3052 εἴπεν
1007 2995 1062 3050 ἐν
1121 2996 1314 3068 ὲαυτῴ³
1390 2991 1547 3068 Ἰδοὺ,
1606 2991 1841 3067 διάϐολε,
1904 2994 1990 3050 καὶ

335 3087 460 3150 τοῦς
517 3098 698 3162 γονεῖς
749 3107 852 3159 μου
908 3084 1209 3158 ἐθεασάμην
1264 3085 1330 3160 τῇ
1376 3085 1626 3159 βουλήσει
1685 3093 1776 3143 τοῦ
1833 3090 1990 3156 Θεοῦ,

1038 2279 1194 2356 Λέγει
1247 2279 1390 2352 αὐτῷ
1445 2279 1473 2335 ὃ
1524 2280 1801 2345 Ἰωάννης·
1855 2278 1989 2333 Δέο-

339 3174 437 3231 sui
496 3176 561 3229 τὰ
637 3174 826 3252 κέντρα
885 3197 977 3232 σου
1047 3175 1438 3252 καταπατήσω,
1495 3179 1564 3248 τῇ
1631 3172 1847 3248 δυνάμει
1905 3174 1991 3228 καὶ

336 3265 562 3342 βοηθείᾳ
606 3271 694 3321 τοῦ
752 3232 1004 3342 λριστοῦ.
1065 3265 1162 3322 Καὶ
1219 3232 1380 3321 πάλιν
1424 3232 1614 3342 begs.
1679 3232 1830 3341 Κύριε
1878 3232 2054 3330 ἰηιο0

2074 1915 2330 1995 quicum
2355 1915 2550 1997 ipsum
2575 1915 2771 1977 lacera
2795 1927 2956 1977 veste
2981 1915 3256 1978 indutum
3279 1915 3720 1992 vidissetzQuis,

2073 2005 2287 2086 inquit,
2321 2013 2381 2065 tu
2415 2023 2503 2079 es,
2539 2011 2602 2068 et
2634 2005 2965 2081 undenam;
2990 2013 3049 2067 et
3077 2023 3260 2086 quare
3296 2023 3428 2066 cum
3459 2005 3592 2067 talis
3613 2005 3723 2087 sis,

2075 2094 2190 2156 huc
2219 2094 2510 2157 accedere
2534 2113 2717 2157 ausus
2745 2102 2841 2158 es?
2875 2094 3126 2156 Discede
3160 2095 3402 2169 isthinc,
3438 2095 3724 2175 quoniam

2073 2183 2296 2244 domini
2319 2182 2436 2244 mei
2459 2183 2762 2261 egressuri
2791 2194 2950 2246 sunt.
2977 2186 3143 2246 Tunc
3164 2185 3445 2248 Joannes:
3483 2183 3722 2260 Quaeso,

2074 2273 2414 2347 domine,ut
2439 2273 2852 2335 misericordia
2877 2293 2970 2336 me
2995 2275 3536 2356 prosequariszsum
3563 2273 3725 2336 enim

2076 2361 2252 2423 homo
2283 2362 2682 2442 pauper.Sine
2705 2363 2890 2442 igitur
2910 2383 3005 2425 me
3023 2364 3080 2424 in
3106 2364 3219 2425 hoc
3241 2365 3459 2444 angulo
3484 2381 3728 2427 manere

2075 2452 2244 2521 (nihil
2264 2454 2421 2513 enim
2448 2453 2586 2514 mali
2611 2452 2793 2532 facio)
2815 2461 2992 2532 atque
3018 2454 3196 2532 hujus
3220 2453 3305 2516 rei
3332 2456 3670 2516 mercedem
3693 2471 3728 2514 a

2074 2539 2197 2601 Deo
2230 2541 2362 2620 ipso
2399 2551 2699 2622 exspecta,
2727 2548 2774 2601 si
2809 2561 2903 2603 me
2937 2561 3256 2622 pauperem
3281 2543 3354 2604 ad
3387 2543 3566 2622 hujus
3594 2541 3729 2603 atrii

2076 2629 2232 2690 fores
2268 2649 2508 2692 manere
2533 2629 3147 2710 permittas.Permisit
3170 2631 3360 2705 ille,et
3383 2629 3729 2694 abiit.Exie-

2075 2728 2212 2780 runt
2268 2731 2469 2782 autem
2504 2720 2634 2799 ejus
2667 2729 2948 2801 parentes
3011 2721 3068 2782 in
3099 2721 3342 2785 atrium.
3394 2721 3557 2795 Quos
3589 2739 3724 2784 cum

2071 2807 2341 2870 Joannes
2390 2809 2662 2884 vidisset,
2701 2819 2856 2872 totus
2887 2811 3163 2892 lacrymis
3211 2811 3477 2892 repletus
3511 2818 3624 2886 est,
3657 2829 3728 2874 ac

2074 2917 2274 2959 secum
2295 2898 2464 2961 dixit:
2495 2897 2876 2973 En,diabole.
2907 2908 2962 2962 et
2985 2910 3262 2982 parentes
3287 2903 3610 2976 meos,Deo
3642 2902 3726 2964 ita

2075 2988 2334 3061 volente,
2363 2991 2588 3069 aspexi,
2617 2998 2675 3050 et
2702 2990 2946 3068 sagittas
2981 3000 3112 3052 tuas
3136 2989 3420 3051 ardentes
3448 3001 3728 3052 contem-

2075 3076 2404 3152 no,Christi
2431 3097 2544 3160 ope
2575 3079 2838 3159 adjutus.
2875 3081 2964 3142 Ac
2997 3098 3206 3142 rursus
3243 3078 3391 3141 dixit
3427 3100 3439 3142 :
3475 3079 3730 3143 Domine

2077 3167 2217 3229 Jesu
2250 3167 2508 3241 Christe,
2546 3187 2621 3229 ne
2660 3167 3047 3249 derelinquas
3084 3188 3204 3232 me.
3258 3167 3329 3230 Et
3359 3168 3636 3232 manebat
3666 3170 3730 3231 in

2078 3255 2180 3318 illo
2214 3257 2455 3336 angulo.
2490 3256 2678 3339 Coepit
2707 3267 2902 3320 autem
2942 3260 3071 3339 ejus
3103 3272 3271 3339 pater
3301 3277 3334 3320 e
3380 3277 3587 3321 mensa
3617 3277 3728 3321 sua

338 3378 439 3411 σου
476 3353 668 3431 Χριστὲ
711 3353 790 3428 μὴ
853 3353 1217 3432 ἓγκαταλίπῃς
1275 3372 1365 3429 με’
1426 3355 1514 3410 καὶ
1558 3353 1761 3429 ἔμεινεν
1834 3352 1887 3408 ἐν
1930 3358 1989 3428 τῇ

2079 3344 2278 3408 cibum
2307 3346 2392 3408 illi
2416 3347 3114 3428 mittere,dicens:Hujus
3138 3348 3416 3429 pauperis
3445 3348 3732 3429 patientia

336 3444 506 3522 γωνίᾳ
569 3443 770 3517 ἐκείνῃ,
835 3445 930 3502 Καὶ
995 3444 1022 3500 ὁ
1077 3444 1255 3520 πατὴρ
1316 3445 1474 3502 αὖτοῦ
1514 3442 1706 3520 ἤρξατο
1750 3443 1857 3500 ἀπὸ
1896 3445 1992 3510 τῆς

336 3533 608 3611 τραπέζης
671 3535 826 3590 αὐτοῦ
883 3532 1243 3591 ἀποστέλλειν
1305 3533 1450 3607 αῦτῷ
1512 3532 1734 3612 τροφὴν,
1794 3531 1989 3611 λέγων’

339 3615 405 3679 Ἠ
449 3630 544 3679 τοῦ
590 3630 812 3703 πτωχοῦ
863 3624 1050 3680 τούτόυ
1107 3624 1352 3698 ὑπομονὴ
1401 3621 1577 3692 πολλή
1622 3622 1758 3702 ἐστι,
1791 3620 1879 3677 ὅτε
1937 3620 1992 3676 ἐν

334 3716 579 3786 τοσούτῳ
631 3712 864 3791 χειμῶνι
895 3714 986 3769 καὶ
1039 3719 1259 3792 ταγετῷ
1290 3712 1429 3770 οὕτω
1488 3724 1876 3790 προσκαρτερεῐ
1903 3713 1991 3766 καί

334 3802 612 3872 καθέζεται
657 3802 711 3857 ἐν
765 3802 842 3876 τῷ
899 3800 1131 3862 πυλῶνι.
1182 3803 1411 3864 Δυνατός
1469 3803 1611 3858 ἔστιν
1672 3803 1698 3856 6
1744 3801 1874 3862 Θεὸς
1919 3797 1988 3856 δι’

335 3890 495 3948 αὒτοῦ
539 3897 705 3948 σῶσαι
762 3890 859 3948 καί
889 3893 1057 3966 ἡμᾶς,
1127 3892 1340 3954 Πάντως
1391 3892 1492 3969 γὰρ
1550 3888 1634 3946 διὰ
1679 3896 1832 3946 τοῦτο
1876 3890 1986 3946 ἀπ-

334 3979 540 4047 εστάλη
571 3980 625 4036 ἐν
668 3986 746 4054 τῷ
779 3980 917 4053 οἴκῳ
971 3983 1127 4056 ἡμῶν
1160 3981 1295 4060 ἀνὴρ
1353 3981 1528 4052 οὗτος,
1569 3980 1657 4036 ἵνα
1709 3981 1795 4036 καὶ
1827 3981 1992 4055 ἡμεῖς

335 4074 621 4146 σωθῶμεν,
669 4069 988 4136 Ἐξελθοῦσα
1033 4070 1088 4126 δὲ
1117 4072 1150 4138 ἡ
1197 4074 1378 4149 μήτηρ
1424 4071 1582 4130 αὐτοῦ
1613 4069 1665 4126 ἐν
1705 4075 1801 4144 μιᾷ
1849 4072 1993 4145 ἡμε-

333 4165 469 4236 ρῶν,
531 4161 618 4217 καὶ
675 4158 855 4216 ἰδοῦσα
901 4162 1058 4217 αὐτὸν
1129 4164 1293 4224 οῦτως
1349 4161 1639 4239 ἅπαστρον,
1694 4158 1993 4226 ἕκπληκτος

337 4251 494 4329 ἔστη,
530 4249 615 4305 διὰ
673 4252 735 4306 τὸ
787 4248 970 4326 ἄγριον
1013 4251 1101 4306 καὶ
1144 4249 1498 4326 ἆνυπόδητον,
1533 4252 1621 4306 καὶ
1678 4247 1822 4327 λέγει
1861 4251 1992 4326 πρὸς

337 4341 460 4403 τοὺς
507 4339 674 4406 αὒτῆς
721 4338 945 4400 παῖδάς·
1001 4340 1198 4418 Σύρατε
1255 4341 1410 4398 αὐτὸν
1460 4338 1627 4417 ἔνθεν,
1660 4337 1741 4394 ὅτι
1791 4342 1850 4397 οὔ
1903 4335 1992 4393 δύ-

337 4453 529 4509 ναμαι,
574 4430 762 4488 τούτου
821 4427 1000 4494 ἐνθάξε
1052 4429 1322 4504 κειμένου,
1368 4429 1726 4506 εἰσέρχεσθαι.
1789 4427 1990 4492 Εὐθέως

336 4517 393 4576 δὲ
451 4522 638 4597 ἓσυραν
684 4521 838 4575 αὐτὸν
868 4519 916 4574 oi
975 4517 1190 4582 παῖδες.
1227 4518 1381 4585 Ἐξῆς
1431 4515 1484 4574 δὲ
1530 4517 1636 4574 ἀπὸ
1664 4517 1761 4584 τῆς
1817 4516 1990 4584 πύλης

338 4611 545 4687 μακρὸν
575 4610 888 4686 συρόμενος,
925 4608 1010 4664 καὶ
1053 4607 1172 4665 ἐκεῖ
1226 4607 1506 4684 ὑπομένων
1545 4610 1642 4666 οὒκ
1699 4607 1988 4687 ἀνεχώρει,
2016 4594 2056 4644 D

339 4698 674 4764 Ἐξελθόντος
719 4696 775 4754 δέ
804 4719 932 4754 ποτε
993 4705 1084 4754 τοῦ
1142 4698 1228 4754 ἐπὶ
1279 4704 1347 4773 τῇ
1403 4698 1566 4776 οἰκίᾳ,
1600 4696 1744 4774 λέγει
1791 4695 1988 4769 αὒτῷὁ

339 4789 619 4856 Ἰωάννης·
665 4779 757 4851 Ὠς
815 4786 868 4853 ἐξ
925 4786 1101 4867 ἄρχῆς
1155 4786 1411 4854 ἐποίησας
1473 4784 1590 4861 μετ’
1637 4785 1767 4862 ἐμοῦ
1817 4785 1986 4853 ἕλεος,

338 4881 427 4936 καὶ
479 4886 570 4934 νῦν
627 4878 854 4944 ποίησόν
899 4897 992 4952 μοι
1049 4874 1150 4931 ὦδε
1202 4877 1395 4954 μικρὰν
1455 4873 1693 4942 καλ-ἶϐην
1723 4875 1860 4930 κατὰ
1902 4877 1993 4931 τοῦ

340 4967 598 5049 παγετοῦ,
635 4969 894 5049 καὶ-πρὸς
943 4967 1004 5022 τὸ
1060 4966 1138 5041 μὴ
1193 4965 1408 5045 ὁρᾶσθαί
1466 4986 1533 5040 με
1589 4966 1691 5021 ὑπὸ
1743 4969 1840 5031 τῆς
1891 4987 1991 5020 κυ-

336 5047 453 5136 ρίας
512 5059 685 5133 ὑμῶν.
735 5047 794 5114 Ὀ
853 5054 907 5111 δὲ
952 5055 1182 5129 ἁκούων,
1230 5058 1315 5111 καὶ
1356 5057 1435 5128 μὴ
1492 5055 1749 5129 ὄκνησαο,
1803 5054 1995 5131 μικρὰν

334 5151 591 5215 ὃποίησεν
658 5147 799 5221 αῦτῷ
855 5142 1114 5212 καλύϐην·
1173 5146 1260 5202 καὶ
1293 5143 1499 5219 ἔμεινεν
1557 5144 1694 5218 ἐκεῖ,
1731 5145 1847 5217 Θεῷ
1905 5147 1993 5202 εὗ-

333 5237 600 5318 χόμενος.
653 5234 788 5297 Καθ’
820 5235 1054 5301 ἑκάστην
1097 5232 1150 5290 δὲ
1181 5232 1237 5290 δὲ
1281 5236 1310 5290 ὸ
1341 5234 1518 5311 πατὴρ
1561 5233 1722 5290 αὐτοῦ
1751 5230 1994 5289 ἔστελλεν

335 5332 482 5403 αὐτῷ
545 5328 768 5408 τροφήν,
841 5325 903 5382 '0
963 5321 1017 5380 δὲ
1073 5325 1139 5380 τὰ
1192 5320 1632 5397 ἀποστέλλόμενα
1694 5323 1836 5395 αῦτῷ
1892 5321 1994 5378 ὑπὸ

332 5427 428 5476 τοῦ
483 5419 709 5496 πατρὸς,
769 5427 889 5477 τοῖς
956 5427 1208 5493 πτωχοῖς
1266 5409 1510 5485 διεδίδου,
1557 5411 1714 5476 αὐτὸς
1775 5409 1831 5466 δὲ
1875 5409 1994 5467 οὔτε

333 5508 540 5581 ἤσθιεν,
588 5506 711 5562 αὔτε
768 5505 944 5562 ἔπινεν
1004 5501 1056 5569 ἐξ
1113 5502 1311 5577 αὑτῶν,
1365 5500 1504 5558 ὥστε
1573 5500 1696 5564 τοὺς
1758 5499 1993 5567 πένητας

340 5599 542 5664 πάντας
594 5597 727 5675 πρὸς
787 5596 942 5655 αὐτόν
987 5591 1316 5673 ἐρχομένους
1375 5589 1786 5670 ἂποτρέφεσθαι.
1857 5598 1990 5646 Τοσ-

2081 3436 2266 3497 multa
2297 3445 2423 3499 est:
2477 3438 2704 3518 quippe
2735 3439 2836 3521 qui
2873 3439 2932 3500 in
2975 3439 3150 3499 tantis
3184 3438 3420 3516 pluviis,
3454 3448 3514 3500 et
3545 3439 3729 3501 multa

2076 3524 2266 3604 glacie
2295 3536 2414 3586 tam
2450 3527 2748 3606 patienter
2771 3547 2837 3588 ac
2868 3527 3100 3589 fortiter
3137 3528 3193 3588 in
3225 3528 3336 3590 hoc
3369 3528 3524 3590 atrio
3554 3547 3726 3590 com-

2079 3623 2366 3677 moratur.
2398 3614 2600 3678 Potest
2624 3617 2784 3677 Deus
2815 3617 2945 3697 ipse
2968 3634 3075 3696 per
3098 3617 3403 3679 hominem
3433 3619 3593 3680 hunc
3615 3637 3727 3680 no-

2074 3701 2168 3766 bis
2198 3706 2448 3766 salutem
2478 3706 2714 3768 alferre.
2751 3703 3011 3769 Omnino
3061 3707 3219 3767 enitn
3258 3716 3580 3788 propterea
3612 3708 3730 3773 huc

2076 3797 2294 3855 missus
2328 3795 2638 3856 fuithomo
2667 3797 2804 3870 istc,
2835 3804 2897 3857 ut
2921 3803 2978 3856 et
3003 3813 3110 3857 nos
3133 3813 3240 3875 per
3271 3797 3438 3857 illum
3473 3797 3726 3858 salutem

2073 3900 2488 3963 assequamur.
2518 3883 2735 3946 Exiens
2765 3894 2962 3947 autem
2995 3885 3173 3944 domo
3197 3885 3451 3964 quatiam
3485 3885 3583 3946 die
3606 3905 3726 3948 ma-

2077 3981 2168 4036 ter
2220 3973 2406 4051 illius,
2443 3992 2576 4034 cum
2633 3993 2766 4034 eum
2800 3975 2882 4035 ita
2926 3974 3225 4055 abjectum
3262 3973 3526 4048 vidisset,
3562 3975 3724 4036 indi-

2074 4081 2262 4142 gnans
2283 4062 2569 4137 substitit,
2603 4063 2759 4143 quod
2788 4074 3066 4145 tauquam
3105 4063 3470 4125 horrendum
3502 4063 3725 4146 aliquid

2076 4153 2278 4215 videre
2309 4151 2422 4213 sibi
2449 4153 2573 4215 visa
2604 4162 2852 4228 esset,et
2872 4154 2944 4216 ad
2971 4172 3190 4236 pueros
3220 4173 3361 4216 suos
3393 4173 3678 4216 conversa
3707 4177 3722 4219 :

2077 4243 2347 4318 Auferte,
2369 4242 2583 4321 inquit,
2612 4243 2824 4306 isthiuc
2849 4244 3156 4306 hominem
3193 4245 3394 4320 istum,
3419 4245 3577 4328 quod
3601 4264 3723 4306 non

2079 4351 2340 4413 possum,
2378 4332 2482 4392 illo
2531 4333 2617 4394 sic
2653 4333 2917 4412 jacente,
2955 4334 3234 4398 transire.
3287 4333 3495 4398 Statim
3547 4335 3728 4412 igitur

2073 4424 2226 4484 servi
2259 4421 2561 4485 hominem
2598 4424 2762 4485 illum
2799 4431 2846 4484 vi
2897 4434 3336 4505 pertraxerunt.
3375 4423 3521 4486 Cum
3574 4441 3720 4487 vero

2073 4512 2511 4589 aliquantulum
2538 4531 2570 4574 a
2593 4513 2819 4575 foribus
2844 4514 2962 4576 illis
2981 4515 3156 4594 longe
3172 4514 3726 4596 abesset,manebat

2074 4601 2222 4675 illic,
2253 4620 2449 4682 neque
2481 4601 2684 4682 aliqua
2739 4603 3110 4668 discedebat.
3143 4603 3490 4683 Egredienti
3522 4615 3722 4667 autem

2073 4692 2391 4772 aliquando
2425 4691 2663 4753 familia)
2694 4693 2995 4772 prtefecto:
3031 4695 3203 4774 Rogo
3231 4695 3512 4775 te,inquit
3537 4693 3724 4757 Joan-

2075 4800 2204 4854 nes,
2239 4789 2305 4842 ut
2362 4781 2872 4858 quemadmodum
2925 4783 3095 4844 initio
3155 4784 3572 4846 misericordia
3630 4803 3726 4846 me

2073 4878 2426 4950 prosecutus
2449 4889 2534 4942 es,
2571 4869 2650 4932 ita
2683 4881 2742 4933 et
2792 4891 2948 4933 nunc
2981 4892 3223 4954 parvum
3280 4874 3518 4954 aliquod
3548 4883 3727 4955 tugu-

2075 4959 2232 5022 rium
2267 4961 2413 5022 mihi
2444 4969 2778 5036 construas,
2815 4971 2877 5024 ut
2905 4981 2937 5024 a
2962 4963 3152 5042 glacie
3184 4965 3426 5026 defendi
3479 4965 3725 5046 possim,

2079 5069 2274 5131 neque
2307 5071 2335 5110 a
2370 5059 2566 5110 vestra
2598 5051 2838 5112 domina
2862 5071 3124 5134 unquam
3168 5053 3390 5115 videar.
3425 5051 3563 5114 lizec
3589 5071 3725 5114 cum

2077 5141 2180 5203 ille
2203 5139 2714 5210 audivisset,nihil
2738 5151 3028 5217 moratus,
3054 5161 3296 5223 parvum
3323 5141 3621 5222 quoddam
3641 5151 3729 5202 tu-

2077 5229 2310 5310 gurium
2331 5228 2385 5290 ei
2410 5232 2838 5310 composuit,in
2861 5251 2982 5313 quo
3007 5233 3503 5306 manebat,Deum
3528 5248 3725 5292 orans.

2082 5319 2150 5382 Ei
2181 5327 2376 5380 autem
2415 5329 2581 5398 pater
2605 5321 2877 5400 quotidie
2935 5321 3137 5382 cibum
3175 5321 3470 5384 mittebat.
3510 5321 3732 5382 Verum

2078 5426 2213 5486 quae
2260 5426 2295 5469 a
2346 5416 2510 5490 patre
2565 5408 2975 5483 mittebantur,
3015 5411 3379 5490 pauperibus
3430 5410 3557 5489 ipse
3604 5410 3731 5472 dis-

2079 5496 2402 5574 tribuebat,
2428 5508 2483 5560 et
2527 5503 2614 5560 eis
2647 5517 2766 5560 nou
2818 5497 3025 5572 edens,
3064 5517 3262 5574 neque
3296 5499 3532 5579 bibens,
3567 5497 3648 5560 ita
3675 5509 3736 5564 et

2077 5605 2288 5649 omnes
2316 5605 2612 5668 pauperes
2641 5587 2714 5650 ad
2747 5606 2883 5650 eum
2916 5597 3253 5667 currerent,
3282 5595 3339 5648 et
3369 5586 3444 5650 ab
3475 5587 3580 5650 illo
3614 5607 3732 5652 nu-
