4072 6206
271 374 389 439 581

1399 381 1586 445 VITA
1632 382 1694 445 S.
1726 380 2056 446 JOANNIS
2100 381 2528 446 CALYBITE.

3537 381 3656 445 582

265 515 530 571 Αελευσὸν
573 536 640 590 με
694 519 952 594 ταφῆναι·
1014 514 1096 571 ὅτι
1153 514 1363 582 ἀνάξιός
1421 519 1529 592 εἶμι
1586 516 1674 595 ὑφ’
1732 517 1919 596 ἑτέρων

2008 525 2119 597 est,
2153 515 2334 577 facias
2359 534 2454 576 me
2477 511 2739 587 humari;
2772 513 3050 593 quoniam
3082 531 3278 593 neque
3304 512 3438 576 aliis
3469 515 3653 576 vesti-

260 604 497 677 ἱματίων
556 607 640 659 καὶ
686 603 738 659 ἐν
797 604 1098 682 τιμιωτέρῳ
1154 608 1301 677 τόπῳ
1343 608 1774 684 ἔνταφιασθῆναι.
1826 609 1921 665 Καὶ

260 696 439 750 ταῦτα
490 694 654 750 εἰπὼν
712 692 973 751 ἐπέδωκεν
1038 698 1168 762 αὖτῆ
1226 698 1285 751 τὸ
1347 694 1695 774 Εὖαγγέλιον,
1750 696 1923 771 λέγων

262 783 473 840 ’Ἑσται
520 806 605 839 σοι
664 790 821 840 τοῦτο
869 784 922 839 ὲν
967 787 1043 857 τῷ
1102 783 1323 864 παρόντι
1368 785 1467 861 βίῳ
1523 784 1836 862 σύνδεσμος,
1870 784 1925 841 ἐν

262 870 325 904 1s;
425 877 451 888 ~
545 872 556 889 ι
835 874 893 895 9ο
983 872 1006 889 η
1070 873 1106 886 ’⁸-
1305 881 1325 891 ~
1543 877 1555 892 ε
1667 882 1687 891 υ
1753 875 1765 891 9
1814 872 1835 892 π

256 888 328 927 οε.
383 894 461 945 τῳ
490 872 741 947 μελλοντι
802 896 950 928 αιωνι
986 892 1192 952 εφοοιον
1237 895 1331 931 σου
1368 895 1425 929 τε
1469 897 1559 930 και
1599 896 1691 930 του
1744 874 1926 952 ανορός

257 984 389 1023 σου,
453 961 724 1035 Δεξαμένη
758 961 809 1017 δὲ
866 962 1001 1030 αὕτη
1046 964 1106 1018 τὸ
1139 962 1484 1040 Εὐαγγέλιον,
1516 965 1604 1020 καὶ
1663 964 1924 1040 ἀναστρε-

257 1051 480 1131 φομένη
528 1053 652 1108 αὖτὸ
684 1052 800 1109 ἔνθα
832 1053 922 1108 καὶ
970 1052 1173 1126 ἐκεῖσε,
1200 1051 1406 1130 ἔλεγεν,
1440 1051 1522 1108 ὅτι
1550 1052 1783 1128 ’Ὁμοιόν
1813 1052 1923 1108 ἐστι

255 1148 427 1198 τοῦτο
497 1138 557 1197 τὸ
620 1141 940 1218 Εοῦαγγέλιον
980 1142 1167 1215 ἐκείνῳ
1222 1142 1251 1197 ὃ
1322 1143 1710 1199 κατεσκεύασεν
1756 1144 1783 1198 ὁ
1828 1141 1924 1196 κύ-

257 1230 381 1296 ριός
440 1252 541 1305 μου
600 1232 687 1286 καὶ
718 1228 944 1287 δέδωκεν
998 1238 1076 1305 τῷ
1117 1232 1211 1305 υἱῷ
1250 1229 1430 1299 ἡυῶν.
1482 1233 1578 1288 Καὶ
1634 1232 1696 1287 τὸ
1750 1229 1922 1310 τάχος

258 1319 548 1384 ἐξελθοῦσα
590 1317 782 1386 ἔδειξεν
841 1324 985 1394 αὖτῷ
1035 1325 1112 1394 τῷ
1167 1319 1315 1399 ἀνδρί
1373 1323 1435 1377 τὸ
1489 1315 1714 1395 βιϐλίον,
1774 1317 1922 1376 ἰδὼν

256 1413 475 1474 ἐκεϊνος
530 1409 818 1489 ἐγνώρισεν
876 1411 1028 1484 αὖτὸ,
1060 1411 1149 1466 καὶ
1199 1408 1342 1487 λέγει
1374 1413 1503 1489 πρὸς
1552 1411 1739 1478 «ad».
1786 1409 1921 1465 "Ov-

260 1521 373 1561 τως
435 1500 589 1556 τοῦτό
622 1499 733 1556 ἐστι
786 1499 847 1555 τὸ
880 1497 1203 1577 Εὖαγγέλιον
1246 1507 1423 1574 τοῦτο,
1456 1501 1543 1555 καὶ
1572 1498 1678 1578 οὔχ
1721 1497 1920 1575 ἕτερον.

2011 604 2144 679 bus,
2168 623 2363 687 neque
2396 602 2691 665 nobiliore
2722 602 2920 682 aliquo
2957 602 3087 664 loco
3116 621 3224 681 ego
3250 603 3465 682 dignus
3493 621 3651 664 sum.

2009 693 2145 756 Haec
2171 711 2302 755 cum
2338 692 2605 761 dixisset,
2632 690 2718 753 illi
2740 689 3121 768 Evangeliutn
3155 690 3425 765 tradidit,
3452 710 3521 753 ac
3557 693 3653 753 di-

2007 785 2090 845 xit
2127 804 2139 846 :
2170 783 2292 844 Hoc
2332 782 2438 844 tibi
2466 781 2526 841 in
2559 782 2668 842 hac
2694 780 2808 843 vita
2840 781 3373 860 propugnaculum,
3409 789 3468 842 et
3497 780 3658 842 illius

2006 872 2191 934 futuri
2240 872 2344 933 aevi
2398 871 2619 932 bonum
2654 878 2772 930 tam
2829 869 2956 943 libi,
2993 887 3170 946 quam
3226 869 3472 932 domino
3526 888 3658 933 meo

2008 963 2133 1023 viro
2180 969 2277 1023 tuo
2308 960 2386 1022 sit
2420 960 2721 1021 viaticum.
2747 958 2851 1021 Illa
2882 978 3017 1019 cum
3053 959 3435 1038 Evangelium
3480 977 3657 1022 acce-

2011 1052 2219 1126 pisset,
2255 1051 2521 1128 undique
2554 1048 2698 1110 illud
2722 1066 2991 1125 versans,
3014 1050 3116 1111 ait:
3151 1047 3364 1111 Simile
3394 1047 3656 1129 Evange-

2010 1141 2155 1202 lium
2211 1141 2324 1201 hoc
2356 1139 2442 1201 illi
2501 1147 2613 1214 est,
2649 1137 2803 1214 quod
2835 1137 2978 1199 olim
3009 1138 3289 1200 dominus
3336 1157 3505 1200 meus
3535 1139 3655 1200 tilio

2010 1240 2212 1291 nostro
2245 1228 2429 1291 dedit.
2463 1228 2740 1289 Cucurrit
2791 1227 2989 1306 igitur,
3027 1237 3084 1287 et
3119 1227 3242 1288 viro
3272 1246 3380 1289 suo
3437 1227 3652 1290 librum

2009 1318 2292 1382 ostendit.
2326 1317 2509 1390 Quem
2538 1334 2673 1378 cum
2700 1315 2801 1377 ille
2830 1315 3188 1393 agnovisset:
3225 1315 3402 1392 Vere,
3438 1317 3650 1399 inquit,

2008 1407 2390 1485 Evangelium
2426 1404 2571 1467 illud
2627 1404 2737 1466 hoc
2766 1414 2877 1482 est,
2911 1415 2969 1466 et
2999 1424 3118 1466 non
3171 1405 3355 1467 aliud.
3391 1408 3509 1469 Sed
3539 1427 3655 1469 un-

2009 1497 2231 1558 denam
2284 1497 2412 1577 ipse
2445 1496 2557 1556 hoc
2608 1492 2865 1557 habuit?
2915 1494 3029 1556 Par
3059 1504 3149 1556 est
3190 1494 3357 1557 illum
3394 1495 3654 1559 interro-

265 1585 442 1645 Ἀλλὰ
485 1590 645 1646 πόθεν
702 1589 829 1645 αὖτό
880 1587 1049 1669 ἔχει,
1111 1590 1199 1645 καὶ
1264 1589 1453 1665 πρέπει
1514 1587 1713 1666 ἐρωτᾷν
1766 1587 1919 1642 αὒτὸν

2007 1604 2171 1668 gare,
2204 1584 2443 1647 ubinam
2471 1585 2546 1645 sit
2574 1584 2731 1645 filius
2763 1594 2966 1645 noster
2991 1583 3273 1647 Joannes.
3301 1587 3447 1649 Cum
3479 1587 3660 1665 igitur

264 1684 370 1733 ποῦ
427 1675 572 1733 ἔστιν
632 1680 660 1735 ὁ
714 1679 825 1743 υἱὸς
876 1681 1031 1753 ἡμῶν
1094 1677 1372 1745 Ἰωάννης.
1451 1680 1547 1736 Καὶ
1604 1675 1919 1738 ἀπελθόντες

2006 1675 2078 1736 ad
2110 1676 2305 1757 ipsum
2339 1675 2663 1754 venissent,
2695 1673 2975 1735 dixerunt
3003 1695 3017 1732 :
3050 1672 3433 1737 Obtestamur
3463 1685 3519 1738 te
3551 1694 3657 1757 per

263 1767 565 1843 ἀμφότεροι
637 1768 768 1844 πρὸς
841 1769 997 1824 αὐτὸν
1066 1765 1311 1845 λέγουσιν
1380 1770 1545 1840 αὐτῷ·
1618 1756 1919 1845 Ὀρκίζυμὲν

2009 1756 2387 1846 purissimam
2421 1764 2796 1838 Trinitatem,
2834 1771 2896 1824 ut
2926 1763 3098 1824 nobis
3129 1782 3267 1825 vere
3321 1765 3508 1844 dicas,
3541 1756 3653 1828 un-

261 1877 324 1911 σε
387 1857 526 1912 κατὰ
557 1860 652 1922 τῆς
684 1856 956 1937 ἀχράντου
998 1856 1240 1935 Τριάδος,
1273 1856 1365 1913 ἵνα
1395 1858 1532 1930 ἡμῖν
1562 1855 1729 1921 εἴπης
1787 1854 1919 1930 μετᾶ

2008 1856 2223 1917 denam
2247 1854 2636 1947 _Evangeliutn
2668 1853 2781 1914 hoc
2812 1852 3118 1947 habueris,
3156 1861 3214 1915 et
3259 1852 3371 1947 ubi
3391 1857 3468 1916 sit
3499 1856 3654 1947 titius

261 1944 447 2011 πάσης
502 1943 781 2022 ἀληθείας,
814 1947 974 2004 πόθεν
1019 1968 1100 2003 σοι
1149 1948 1209 2003 τὸ
1245 1945 1567 2025 Εὗαγγέλιον
1624 1952 1799 2018 τοῦτο,
1832 1951 1919 2005 καὶ

2006 1952 2211 2006 noster
2239 1941 2527 2006 Joannes.
2564 1942 2669 2006 Ille
2700 1961 2834 2004 cum
2895 1944 3288 2023 lacrymarum
3320 1946 3437 2006 vim
3496 1946 3654 2008 ferre

261 2057 370 2091 πω
399 2033 543 2090 ἔστιν
587 2038 614 2092 ὁ
672 2037 782 2096 υίὸς
831 2038 986 2111 ἡμῶν
1043 2034 1343 2116 ἰωάννης;
1399 2027 1457 2093 Ὀ
1512 2033 1565 2091 δὲ
1623 2036 1689 2110 μὲ
1748 2034 1919 2115 φέρων

2005 2053 2123 2096 non
2158 2044 2403 2114 posset:
2433 2032 2577 2111 Ego,
2607 2032 2824 2111 inquit,
2858 2049 2987 2094 sum
3037 2035 3298 2094 Joannes
3335 2034 3489 2096 [ilius
3514 2053 3651 2098 ves-

262 2124 364 2190 τῆν
424 2122 661 2201 δακρύων
704 2126 911 2191 κίνησιν
969 2123 1137 2204 λέγει·
1193 2123 1338 2202 Ἐγὼ
1398 2127 1506 2200 εἰμι
1565 2122 1820 2190 Ἰωάννης
1892 2124 1919 2178 δ

2006 2134 2096 2185 ter
2128 2142 2141 2187 :
2181 2143 2288 2202 ego
2312 2142 2443 2185 sum
2479 2123 2794 2184 multarum
2826 2122 3218 2204 lacrymarum
3250 2122 3416 2185 vobis
3447 2143 3648 2187 causa.

260 2215 375 2277 υἱὸς
430 2215 599 2286 ὂμὼν,
637 2214 731 2271 καί
761 2217 821 2271 τὸ
882 2216 1063 2272 αἴτιον
1094 2216 1224 2289 ὑμῖν
1276 2213 1491 2271 πολλῶν
1524 2211 1783 2291 δικρύωνο
1831 2209 1918 2267 καὶ

2003 2210 2385 2292 Evangelium
2419 2212 2531 2272 hoc
2562 2210 2709 2272 illud
2735 2217 2846 2285 est,
2872 2211 3030 2291 quod
3062 2230 3162 2272 vus
3196 2212 3337 2272 mihi
3370 2214 3651 2276 dedistis.

264 2305 329 2358 τὸ
390 2303 717 2381 Εὖαγγέλιον
758 2306 914 2361 τοῦτό
959 2304 1068 2361 ἐστι
1122 2306 1182 2359 τὸ
1223 2302 1368 2360 δοθέν
1428 2327 1520 2379 μοι
1566 2301 1692 2381 παρ’
1747 2304 1918 2376 ὑμῶν,

2006 2298 2123 2362 Sed
2174 2300 2474 2362 Christum
2510 2317 2706 2386 meum
2750 2299 3125 2373 desiderans,
3156 2320 3335 2362 suave
3365 2302 3525 2364 illius
3548 2304 3654 2381 ju-

274 2390 452 2454 Ἀλλὰ
510 2395 748 2463 ποθήσας
781 2395 870 2449 τὸν
935 2394 1159 2472 Χριστόν
1214 2416 1335 2471 μου,
1385 2392 1608 2471 ἐφόρεσα
1641 2394 1731 2447 τὸν
1765 2393 1919 2468 ζυγὸν

2006 2408 2141 2466 gum
2178 2390 2430 2469 portavi.
2464 2389 2601 2450 litec
2655 2406 2787 2448 cum
2823 2400 3101 2469 parentes
3152 2390 3543 2466 audivissent,
3578 2395 3653 2453 ad

264 2486 431 2542 ιιιῖιτοῦ
498 2484 586 2538 τὸν
657 2482 1041 2561 ἒλαφρότατον,
1105 2484 1188 2540 καὶ
1248 2482 1569 2544 ἀκούσαντες
1628 2482 1676 2539 οἱ
1738 2492 1919 2559 γονεῖς

2008 2478 2112 2538 filii
2173 2477 2389 2539 collum
2424 2494 2490 2539 se
2520 2476 2891 2557 abjecerunt,
2926 2489 2986 2539 et
3031 2476 3103 2537 ab
3139 2477 3283 2539 hora
3331 2480 3521 2559 prima
3549 2500 3652 2541 us-

264 2573 436 2627 αὗτοο
485 2570 670 2628 ἔπεσον
700 2572 786 2629 ἐπὶ
821 2576 913 2629 τὸν
955 2572 1230 2652 τράχηλον
1290 2576 1469 2645 αὖτοῦ,
1509 2573 1589 2625 xc"
1622 2570 1729 2626 ἀπὸ
1779 2568 1919 2647 ὥρας

2005 2586 2121 2648 que
2176 2569 2244 2629 ad
2284 2577 2506 2629 sextam
2542 2568 2621 2628 ita
2672 2567 2987 2643 ﬂeverunt,
3023 2575 3086 2628 ut
3116 2586 3347 2640 omnes,
3382 2571 3484 2648 qui
3544 2588 3650 2631 ur-

260 2663 489 2737 πρώτης
560 2659 662 2726 ἕως
734 2662 876 2741 ὥρας
934 2664 1117 2736 τρίτης
1175 2660 1473 2734 κλαίοντες,
1520 2660 1655 2717 ὥστε
1716 2660 1918 2721 πάντας

2004 2655 2140 2718 bem
2176 2656 2542 2727 habitabant,
2569 2674 2683 2717 una
2710 2674 2844 2717 cum
2870 2656 2986 2718 illis
3020 2656 3206 2717 (ilium
3240 2661 3502 2736 agnitum
3536 2659 3649 2721 ﬂe-

260 2753 386 2813 τοίς
444 2749 498 2805 ἓν
556 2753 624 2827 τῇ
681 2751 833 2808 πόλει
894 2754 1165 2814 οἰκοῦντας
1227 2752 1314 2808 ἐπὶ
1370 2754 1438 2828 τῇ
1480 2750 1774 2831 φανερώσει
1826 2754 1918 2805 τοῦ
2001 2747 2213 2809 verint.

257 2842 379 2897 υἱοῦ
409 2841 581 2897 αὐτῶν
609 2838 834 2899 κλαίειν.

2078 2835 2232 2901 XIV.
2290 2834 2365 2900 Ut
2397 2854 2534 2899 vero
2596 2836 2727 2916 ejus
2757 2844 2919 2898 recta
2979 2845 3038 2898 et
3068 2847 3272 2899 sancta
3328 2837 3647 2914 institutio,

348 2927 437 2985 1A,
513 2927 562 2986 nl
678 2929 721 2961 is:
802 2931 817 2948 κ
1079 2931 1092 2949 ι
1173 2930 1191 2966 ρ
1271 2935 1293 2947 υ
1395 2931 1409 2949 ο
1455 2929 1470 2947 ν
1541 2928 1572 2950 θ’
1724 2952 1741 2962 ι

452 2977 469 2992 ,
568 2952 629 2986 να
674 2951 728 2985 ος
756 2953 825 3005 με
857 2932 891 2999 ἡ
937 2951 1107 3006 σεμνη
1139 2952 1297 2987 anon
1327 2952 1413 2987 και
1447 2946 1739 3005 αμοΛυντο,
1809 2951 1912 2986 πο·-

2003 2926 2160 2988 nulla
2191 2927 2322 2988 vita:
2351 2925 2532 3006 hujus
2565 2923 3011 3007 perturbatione
3037 2927 3454 3002 macularetur,
3488 2928 3645 2991 illius

257 3016 435 3075 λιτεία
481 3015 566 3075 διὰ
621 3016 851 3087 μηδενὸς
908 3017 1056 3076 τοῦδε
1098 3019 1213 3097 βίου
1262 3015 1482 3097 θορύεου
1530 3021 1826 3097 παροραθῇ,
1860 3018 1913 3074 ὶν

2003 3016 2272 3097 Spiritus,
2307 3034 2483 3098 quem
2529 3015 2869 3092 loquentem
2904 3014 2963 3075 in
2994 3033 3057 3077 se
3086 3016 3365 3098 habebat,
3399 3034 3514 3098 ope
3542 3019 3649 3077 ad-

257 3108 525 3183 πνεύματι
596 3115 672 3181 τῷ
733 3106 1080 3166 συλλαλοῦντι
1151 3107 1317 3187 αὐτῷ,
1363 3104 1621 3184 παρέδοκε
1683 3107 1780 3174 τὴν
1825 3128 1913 3163 τι-

2003 3106 2163 3186 intus
2207 3106 2464 3168 animam
2502 3123 2667 3167 suam
2700 3104 2821 3167 Deo
2872 3103 3152 3167 reddidit.
3189 3106 3269 3168 At
3298 3106 3427 3186 ejus
3459 3116 3648 3169 mater

257 3199 392 3277 μίαν
449 3202 608 3257 αὖτοῦ
658 3199 844 3281 ψυχὴν
905 3205 984 3274 τῷ
1040 3206 1177 3274 Θεῷ.
1219 3197 1387 3256 Ἀλλὰ
1442 3200 1478 3267 ἡ
1537 3199 1720 3278 μήτηρ
1758 3198 1916 3256 αὐτου

2003 3196 2185 3260 oblita
2242 3196 2399 3277 quod
2454 3196 2773 3276 juraverat,
2835 3194 3108 3256 laceratis
3159 3195 3421 3257 vestibus
3476 3195 3645 3257 illum

257 3267 626 3359 ὶπιλαθομὲνη
861 3267 1250 3369 προειρημένου
1305 3288 1486 3368 ὅρκου,
1537 3267 1774 3352 ὲξέδυσεν
1813 3290 1913 3346 αὖ·

2003 3287 2190 3360 exuit,
2225 3267 2286 3346 et
2336 3267 2534 3345 aureis
2570 3283 2785 3358 induit,
2820 3281 3040 3360 quibus
3082 3302 3218 3346 cum
3251 3284 3353 3346 ille
3403 3283 3649 3347 indutus

254 3379 354 3435 τὸν
410 3379 476 3435 τὰ
530 3376 743 3456 ῥακώδη
798 3379 1009 3455 ἱμάτια,
1056 3381 1143 3436 καὶ
1203 3375 1439 3434 ἐνέδυσεν
1497 3376 1654 3433 αὒτὶν
1707 3376 1915 3457 χροσό-

2003 3384 2186 3455 esset,
2220 3380 2470 3455 repente
2498 3382 2691 3435 mater
2742 3374 3064 3453 paralytica
3095 3376 3305 3437 eﬂ'ecta
3340 3384 3450 3439 est.
3498 3374 3645 3438 Cum

253 3488 465 3544 στημα·
523 3466 824 3532 tus-.651“
876 3467 930 3524 δὲ
994 3469 1155 3526 αὐτοῦ
1201 3476 1388 3540 ταῦτα,
1424 3466 1613 3531 εὐθέως
1640 3467 1675 3535 ἡ
1735 3468 1918 3545 μήτηρ

254 3556 361 3623 ὅλη
422 3556 719 3625 παρελύθη.
788 3561 848 3616 Ὀ
904 3558 993 3615 οὖν
1050 3556 1229 3635 πατὴρ
1274 3555 1432 3612 αὐτοῦ
1485 3557 1556 3619 εἰς
1615 3555 1914 3629 ἀνάμνησιν

254 3644 426 3704 ἐλθὼν
496 3655 593 3719 τῆς
652 3648 912 3717 αἰτήσεως
972 3650 1152 3717 αὐτου,
1220 3647 1372 3703 εἶπε⁹
1416 3646 1524 3713 Τὴν
1583 3643 1779 3722 βουλὴν
1823 3653 1917 3703 τοῦ

254 3736 447 3792 τέκνου
505 3736 660 3811 ἡμῶν
722 3738 1063 3813 ποιήσωμεν,
1127 3736 1225 3794 Καὶ
1268 3732 1614 3795 ἀποδοθέντος
1663 3733 1821 3792 οὖτοῦ
1850 3734 1915 3790 τὰ

260 3847 621 3906 χρυσοστημα
677 3829 886 3907 ἱμάτια,
924 3828 1010 3883 καὶ
1066 3823 1228 3883 πάλιν
1282 3825 1349 3881 τὰ
1390 3820 1604 3900 ῥακώδη
1656 3821 1915 3880 εὶσδοθὲν-

257 3937 381 3990 τος,
440 3918 578 3972 κατὰ
637 3917 730 3985 τὴν
782 3915 939 3975 αὺτοῦ
994 3914 1260 3989 κέλευσιν,
1320 3916 1658 3991 παραχρῆμα
1716 3913 1837 3978 ἰάθη
1881 3916 1915 3981 ἡ

262 4007 449 4085 μήτηρ
520 4006 697 4062 αὐτοῖν
755 4015 858 4065 Τοῦ
925 4006 1076 4083 ἁγίου
1138 4003 1324 4080 ἀνδρὸς
1385 4002 1636 4077 λείψανον
1680 4002 1917 4069 κατέθη-

263 4116 363 4152 καν
408 4094 465 4150 ἐν
508 4095 686 4171 ἐκείνῃ
730 4101 799 4172 τῇ
855 4091 1062 4171 καλύῦῃ
1093 4095 1140 4152 οἱ
1195 4106 1375 4171 γονεῖς
1432 4094 1613 4150 αὐτοῦ.
1671 4091 1808 4169 ἱερόν
1860 4112 1916 4148 τε

261 4181 364 4240 ὦδε
423 4185 819 4253 ἀναττήσαντες
873 4184 1030 4241 οἶκον
1058 4183 1150 4239 καῖ
1206 4184 1332 4239 ναὸν
1363 4179 1710 4259 παμμεγέθη,
1743 4178 1919 4246 δὸντες

260 4272 318 4331 ἐν
377 4272 564 4348 ὖκείνῳ
605 4278 683 4347 τῷ
724 4276 846 4347 θείῳ
901 4278 1011 4347 ναῷ
1066 4276 1242 4328 πᾶσαν
1282 4272 1383 4338 τὴν
1441 4268 1657 4346 ὕπαρξιν
1717 4268 1913 4343 αὐτῶν,

260 4363 355 4419 καὶ
396 4360 605 4430 πολλὴν
648 4361 745 4431 τὴν
775 4352 1014 4428 ἐξουσίαν
1073 4357 1465 4438 ἀφιερώσαντες
1514 4358 1587 4421 εἰς
1648 4354 1917 4415 διακονίαν

260 4453 373 4509 τῶν
431 4450 617 4527 ξένων,
646 4452 1012 4527 ἐκοιμήθησαν
1056 4450 1109 4506 ἐν
1153 4449 1360 4529 εἰρήνῃ.
1416 4445 1558 4513 Αὕτη
1594 4448 1629 4514 ἡ
1675 4447 1916 4505 πολιτεία

258 4553 358 4598 του
406 4539 676 4621 Ἰωάννου,
709 4543 861 4604 οὗτος
893 4543 919 4597 ὁ
976 4540 1092 4617 βίας
1151 4539 1239 4595 καὶ
1291 4537 1319 4593 ὃ
1378 4534 1572 4615 δρόμος
1615 4541 1714 4603 τῆς
1759 4538 1913 4615 ἁγίας

2003 3481 2140 3526 vero
2196 3464 2327 3544 ejus
2358 3472 2525 3544 pater
2551 3462 2732 3525 verba
2763 3463 2926 3525 illius
2980 3465 3267 3526 memoria
3295 3473 3595 3545 repeteret
3627 3484 3641 3529 :

2001 3554 2308 3628 Servetur,
2342 3553 2554 3634 inquit,
2591 3553 2751 3632 quod
2785 3554 2972 3614 sancti
3001 3555 3189 3615 nostri
3222 3554 3328 3615 tilii
3380 3558 3647 3617 voluntas

2001 3643 2341 3724 postulavit.
2376 3641 2523 3704 Cum
2556 3641 2737 3719 igitur
2759 3641 2956 3702 aureis
2985 3643 3244 3705 vestibus
3278 3662 3413 3705 eum
3439 3644 3644 3707 exuis-

1998 3740 2153 3803 sent,
2189 3729 2399 3794 laceris
2447 3730 2566 3792 illis
2595 3730 2949 3803 induerunt,
2989 3750 3135 3812 quas
3187 3741 3362 3794 antea
3419 3733 3646 3797 habere

1997 3820 2211 3883 solitus
2271 3821 2483 3882 fuerat.
2519 3820 2645 3893 Quo
2685 3820 2860 3897 facto,
2894 3821 3087 3881 statim
3139 3820 3271 3900 ejus
3304 3831 3492 3883 mater
3542 3841 3644 3884 sa-

1999 3921 2135 3972 nata
2166 3918 2279 3973 est.
2315 3909 2479 3973 illius
2509 3919 2706 3972 autem
2745 3910 2929 3970 sancti
2981 3909 3088 3970 viri
3120 3909 3406 3986 reliquias
3451 3912 3510 3971 in
3546 3918 3644 3972 tu-

2001 3999 2170 4079 gurio
2201 3998 2306 4061 illo
2340 4007 2617 4080 parentes
2653 3996 3070 4073 condiderunt,
3106 4007 3166 4059 et
3194 4015 3421 4061 sacram
3448 3999 3635 4060 aedem

2000 4089 2127 4151 illic
2161 4089 2213 4148 ei
2268 4097 2754 4161 construxerunt,
2787 4089 3102 4168 omniaque
3132 4087 3288 4149 bona
3336 4106 3443 4150 sua
3466 4106 3638 4151 sacro

1999 4177 2087 4240 illi
2140 4178 2365 4258 templo
2395 4176 2772 4239 dedicarunt.
2806 4176 3074 4258 Cumque
3104 4178 3321 4239 multas
3357 4179 3640 4259 pecunias
3734 4194 3737 4199 '

1998 4268 2059 4330 in
2119 4268 2568 4349 peregrinorum
2631 4266 3030 4328 ministerium
3104 4268 3515 4344 contulissent,
3575 4268 3637 4331 in

2000 4375 2143 4439 pace
2176 4358 2336 4419 diem
2388 4376 2559 4418 suum
2595 4354 2897 4418 obierunt.
2933 4355 3070 4419 Haec
3102 4357 3208 4420 fuit
3235 4356 3483 4420 Joannis
3513 4359 3639 4420 ins-

1998 4447 2217 4516 titutio.
2252 4445 2379 4511 haec
2430 4446 2568 4522 vita,
2603 4454 2661 4507 et
2721 4454 2938 4506 sancta;
2966 4445 3154 4525 ipsius
3202 4448 3640 4510 exercitationis

1996 4536 2177 4598 ratio.
2212 4534 2341 4616 Hic,
2376 4535 2644 4616 inquam,
2678 4552 2812 4597 cum
2846 4534 3151 4598 diabolum
3200 4536 3637 4611 conculcasset,

258 4628 543 4696 ἀσκήσεως
604 4633 785 4691 αὐτοῦ.
864 4628 1016 4687 Οὕτω
1084 4628 1326 4706 πατήρας
1384 4626 1476 4681 τὸν
1545 4624 1909 4700 ἀντικείμενον

2003 4644 2273 4707 superna;
2329 4626 2655 4686 vocationis
2689 4622 2889 4686 bravio
2945 4624 3161 4703 dignus
3218 4627 3467 4688 eﬂ‘ectus
3526 4638 3638 4689 est.

257 4719 467 4788 ἠξιώθη
527 4726 619 4778 τοῦ
670 4716 911 4797 βραϐείου
965 4722 1063 4785 τῆς
1120 4715 1228 4772 ἅνω
1278 4712 1549 4792 κλήσεως,
1584 4712 1638 4769 ἕν
1699 4721 1909 4792 Χριστῷ

2003 4716 2176 4796 gratia
2209 4722 2266 4778 et
2298 4713 2666 4794 benignitate
2695 4714 2932 4776 Domini
2977 4714 3162 4775 nostri
3194 4713 3336 4777 Jesu
3369 4715 3588 4779 Christi
3624 4731 3639 4774 :

258 4814 344 4885 τῷ
396 4810 569 4889 Κυρίῳ
610 4810 790 4886 ἡμῶν,
824 4812 869 4884 ᾧ
924 4810 959 4876 ἡ
1003 4804 1124 4872 δόξα
1165 4805 1262 4861 καῗ
1314 4804 1376 4860 τὸ
1421 4803 1611 4882 κράτος
1670 4804 1741 4867 εἷς
1786 4806 1908 4867 τοὺς

2003 4804 2089 4865 cui
2147 4804 2336 4884 gloria
2381 4813 2440 4866 et
2497 4802 2814 4886 imperium
2875 4802 2936 4863 in
2982 4804 3205 4866 saecula
3260 4805 3639 4870 saeculorum.

259 4902 462 4965 αἰῶνας
508 4904 609 4956 νῶν
651 4899 876 4957 αἰώνων.
906 4896 1106 4974 Ἀμήν,
1990 4895 2206 4957 Amen.
