4072 6206
1739 214 2019 277 MENSIS
2058 216 2513 280 JANUABIUS.

434 211 551 276 595
1739 214 1794 276 Μ
1805 215 2019 277 ENSIS
2058 216 2513 280 JANUABIUS.
3692 221 3807 288 596

1554 436 1836 452 ———"

870 618 1096 708 ΤΟΥ
1166 619 1509 708 ΟΣΙΟΥ
1575 624 1764 708 ΚΑΙ
1835 623 2450 712 ΘΕΟΦΟΡΟΥ
2530 625 2970 713 ΠΑΤΡΟΣ
3045 626 3368 716 ΗΜΩΝ

1665 842 2571 975 ΕΥΘΥΜΙΟΥ

1015 1101 1574 1156 ΕΓΟΥΜΕΝΟΥ
1657 1106 1764 1157 EN
1844 1104 2153 1179 ΕΡΗΜῼ
2238 1103 2410 1157 ΤΗΣ
2491 1104 2767 1156 ΑΓΙΑΣ
2842 1103 3215 1158 ΠΟΛΕΩΣ

1179 1297 1589 1427 ΒΙΟΣ
1708 1298 2010 1428 ΚΑΙ
2131 1297 3050 1431 ΠΟΛΙΤΕΙΑ.

1359 1754 1685 1866 VITA
1780 1758 1952 1865 ET
2042 1757 2304 1868 RES
2391 1757 2868 1868 GESTE

957 2029 1121 2172 S.
1329 2029 1516 2172 Ρ·
1737 2026 2138 2174 Ν.ξ

2141 2029 3276 2182 EUTHYMII

1294 2331 1698 2398 HEGUMENI
1742 2335 1819 2398 IN
1862 2331 2120 2398 EREMO
2160 2332 2473 2399 SANCTIE
2515 2333 2916 2402 CIVITATIS.

1159 2551 1257 2622 (Ex
1306 2550 1453 2608 Joan.
1529 2549 1678 2623 Bapt.
1745 2547 1977 2608 Cotelcrii
2046 2550 2285 2609 Monum.
2357 2547 2510 2609 Eccl.
2585 2551 2701 2618 Gr.,
2780 2560 2903 2609 tom.
2971 2552 3064 2622 II.)

1831 2925 2382 3021 MONITUM.

497 3145 630 3211 Vita
683 3147 832 3225 haec,
866 3147 1073 3211 Latine
1122 3165 1281 3230 saepe
1311 3148 1496 3223 edita,
1529 3147 1734 3212 Graece
1765 3145 2031 3208 nondum
2087 3145 2283 3208 lucem
2316 3147 2544 3228 aspexit
2576 3168 2589 3210 :
2643 3153 2974 3229 composita
3006 3150 3280 3229 primitus
3308 3170 3343 3215 a
3390 3151 3628 3234 Cyrillo,
3664 3168 3804 3212 mo-

417 3236 606 3300 nacho
639 3236 1068 3320 Scythopolita,
1105 3238 1445 3301 clarissimo
1477 3238 1730 3301 Vitarum
1763 3236 2078 3316 scriptore,
2106 3244 2312 3317 postea
2345 3255 2507 3318 vero,
2541 3244 2604 3299 ut
2631 3236 2891 3320 videtur,
2921 3237 3277 3322 interpolata
3308 3260 3415 3323 per
3441 3242 3802 3323 Symeonem

414 3326 880 3409 Metaphrastem
914 3345 930 3404 ;
964 3345 1100 3388 nam
1139 3326 1200 3389 in
1236 3327 1505 3391 Diatriba
1555 3325 1778 3389 Leonis
1808 3325 2006 3387 Allatii
2043 3325 2131 3387 De
2157 3324 2564 3407 Symconilms
2616 3327 2867 3407 legimus
2902 3350 2915 3392 :
2952 3331 3175 3409 ϐψ·ίίὶί
3202 3330 3489 3396 monachi
3515 3339 3576 3396 et
3620 3348 3806 3412 prcs-

417 3415 620 3497 bytert'
649 3417 1149 3500 Scythopolitani
1194 3420 1313 3495 περὶ
1350 3426 1443 3474 τοῦ
1477 3420 1593 3496 βίου
1624 3424 1715 3474 τοῦ
1749 3420 1802 3470 ἐν
1849 3416 2019 3492 ἁγίοις
2053 3422 2138 3471 Παη

2141 3418 2256 3494 πρὸς
2287 3419 2440 3493 ἡμῶν
2487 3421 2741 3492 Εὗθυμίου
2770 3420 2902 3497 πρὸς
2933 3418 3099 3477 ἁϐϐἆν
3129 3422 3392 3501 Γεώργιον
3421 3423 3510 3480 καὶ
3553 3422 3802 3500 ἡγούμε-

412 3526 503 3563 νον
532 3509 588 3564 ἐν
630 3507 940 3588 κεφαλαίοις
971 3506 1072 3571 νθ⁹,
1127 3506 1516 3588 Principium
1551 3504 1820 3587 epistolae
1853 3524 1871 3564 .'
1933 3505 2116 3570 Πίστις

2145 3509 2484 3585 προηγείσθω
2533 3508 2648 3585 περὶ
2677 3507 2954 3583 Εὗθυμίου·
2996 3507 3152 3572 Vilae
3179 3530 3200 3571 :
3259 3503 3316 3570 Ὀ
3345 3512 3641 3591 μονογενὴς
3674 3513 3802 3575 Υιὸς

413 3596 500 3652 καὶ
533 3597 705 3675 Λόγος
737 3605 828 3656 τοῦ
873 3603 1027 3661 Θεοῦ.
1073 3595 1150 3660 At
1177 3597 1311 3659 Vita
1345 3605 1550 3660 nostra
1581 3614 1693 3658 nec
1729 3593 2043 3676 epistolam
2077 3594 2138 3658 hs

2141 3594 2256 3658 ibet
2287 3614 2397 3659 nec
2421 3613 2493 3658 eo
2526 3595 2702 3659 modo
2729 3597 2963 3680 incipit.
2996 3598 3392 3666 COTELEmUs.

492 3774 880 3857 I.Cujuslibet
910 3775 1153 3858 quidem
1183 3775 1272 3838 rei
1304 3775 1649 3839 exercitatio
1680 3791 1837 3853 aegre
1859 3780 1916 3834 et
1940 3773 2060 3836 dif—
2082 3783 2118 3832 A

2225 3775 2321 3836 Αν.
2375 3777 2471 3833 Καὶ
2514 3777 2712 3840 παντὸς
2775 3778 2873 3852 μὲν
2944 3776 3108 3837 ἄλλου
3161 3779 3476 3858 πράγματος
3536 3779 3796 3851 ἄσκησις,

411 3863 647 3928 ﬁculter
677 3865 908 3944 absque
939 3866 1217 3947 exemplo
1248 3873 1416 3928 recte
1446 3864 1574 3946 geri
1607 3873 1841 3945 potest;
1879 3866 2065 3925 multo

2149 3862 2537 3942 ὑποδείγματος
2581 3866 2724 3940 ἄνευ,
2785 3865 3174 3946 ἐργωδεστέραν
3229 3867 3349 3948 ἔχει
3410 3870 3501 3926 καὶ
3553 3867 3799 3949 δυσχερῆ

409 3964 606 4019 autem
633 3961 820 4037 magis
849 3956 1086 4019 virtutis
1110 3957 1530 4038 Operatio,quo
1555 3953 1859 4017 difﬁcilior
1887 3963 1975 4015 est
1999 3971 2066 4016 ac

2149 3953 2247 4020 τὴν
2304 3955 2632 4032 κατόρθωσιν
2674 3971 2688 3984 ⁸
2743 3954 2929 4030 πολλῷ
2972 3954 3026 4011 δὲ
3097 3954 3303 4031 μᾶλλον
3359 3957 3395 4024 ἡ
3455 3961 3554 4023 τῆς
3598 3956 3798 4034 ἀρετῆς

408 4044 858 4122 laboriosior,et
887 4053 1183 4127 perpetua
1211 4064 1397 4128 opera
1428 4053 1606 4126 atque
1631 4043 1947 4106 tolerantia
1971 4044 2062 4103 in-

2147 4041 2388 4119 ὲργασία,
2438 4042 2550 4115 ὅσῳ
2591 4045 2679 4100 καὶ
2737 4044 2959 4124 χαλεπή
3017 4045 3096 4110 τίς
3125 4047 3237 4102 ἑστι
3267 4047 3354 4102 καὶ
3385 4045 3655 4116 ἐπίπονος,
3702 4048 3797 4102 καὶ

407 4134 593 4214 diget.
625 4133 855 4197 Idcirco
889 4136 1097 4199 multis
1125 4134 1759 4217 exemplis,multaque
1789 4133 2059 4193 Vitarum

408 4221 658 4286 historia
687 4243 838 4306 opus
867 4233 958 4289 est
989 4224 1060 4286 iis
1092 4229 1193 4305 qui
1218 4226 1335 4286 hoc
1362 4225 1480 4286 iter
1509 4241 1790 4303 asperum
1827 4220 2061 4299 ingredi

408 4311 870 4377 constituerunt:
899 4331 1033 4395 quaa
1056 4312 1298 4394 quidem
1327 4321 1386 4375 et
1405 4313 1562 4374 viam
1587 4311 1818 4373 faciunt
1837 4309 2063 4390 planio-

405 4418 682 4479 rem,nec
702 4402 907 4466 sinunt
929 4401 1242 4483 defetigari
1265 4417 1562 4484 spemque
1583 4399 2064 4480 abjicere.respi-

405 4491 630 4556 ciendo
660 4511 838 4576 quam
874 4510 946 4556 ea
968 4495 1047 4555 sit
1074 4510 1291 4574 aspera
1313 4499 1372 4555 et
1391 4491 1678 4553 ardua.ln
1705 4491 1776 4551 iis
1805 4506 2066 4568 namque

401 4582 718 4647 inveniens
750 4583 886 4666 quis
910 4583 1123 4646 modos
1152 4590 1210 4644 et
1245 4587 1550 4665 praecepta
1575 4579 1795 4664 quibus
1824 4596 1922 4641 res
1941 4577 2063 4641 illis

403 4672 753 4737 hominibus
777 4682 950 4737 recte
967 4670 1362 4746 successerit;
1385 4671 1531 4753 quin
1561 4670 1741 4733 etiam
1773 4687 2060 4751 quasnam

403 4763 514 4846 ipsi
535 4781 746 4828 rursus
759 4763 1071 4827 consecuti
1087 4764 1208 4826 sint
1233 4770 1291 4826 et
1311 4768 1760 4844 consequentur
1780 4777 2062 4822 remune-

400 4857 916 4928 rationes;etiamsi
938 4856 1064 4930 ejus
1083 4857 1263 4916 hebes
1284 4858 1357 4915 sit
1381 4855 1868 4925 animus,etiamsi
1893 4855 2056 4924 igna-

402 4959 511 5005 vus
543 4949 604 5005 et
633 4942 1078 5026 supinus,volet
1110 4951 1312 5005 tamen
1336 4940 1658 5023 aliquando
1686 4938 1964 5014 excitari,
1997 4944 2056 4999 et

2145 4133 2387 4204 καμάτου
2436 4142 2636 4212 συχνοῦ
2690 4135 2777 4189 καὶ
2833 4134 3043 4214 μόχθου
3094 4133 3379 4198 διαπαντὸς
3432 4133 3635 4205 ἐνδεής.
3690 4137 3792 4191 Διὰ

2144 4229 2299 4279 τοῦτο
2358 4221 2575 4278 πολλῶν
2632 4224 2732 4296 μὲν
2800 4223 3227 4302 ὑποδειγμάτων,
3280 4223 3488 4286 πολλῆς
3558 4223 3613 4280 δὲ
3657 4225 3790 4301 βίων

2142 4313 2372 4387 ἱστορίας
2429 4312 2588 4390 χρεία
2640 4325 2762 4375 τοῖς
2819 4314 2915 4381 τὴν
2971 4328 3236 4394 τραχεῖαν
3312 4315 3512 4382 ταύτην
3574 4313 3787 4371 ὁδεῦσαι

2143 4399 2528 4480 προελομένοις
2561 4418 2576 4432 ⁸
2610 4401 2642 4456 ἃ
2685 4399 2750 4470 δὴ
2792 4403 2882 4459 καὶ
2925 4402 3131 4477 μᾶλλον
3161 4405 3405 4479 ὁμαλίζει
3453 4405 3553 4472 τὴν
3591 4403 3784 4484 τρίϐον,

2143 4491 2232 4548 καὶ
2275 4491 2371 4548 οὐκ
2414 4490 2764 4571 ἀπαγορεύειν
2822 4490 2883 4564 ἰᾷ
2941 4492 3074 4569 πρὸς
3123 4494 3184 4549 τὸ
3235 4495 3409 4574 τραχὺ
3439 4494 3640 4562 ταύτης
3696 4497 3786 4551 καὶ

2141 4579 2372 4645 ἅπαντες
2417 4579 2751 4662 ἀφορῶντας,
2815 4581 3054 4660 Τρόπους
3114 4581 3214 4661 γὰρ
3267 4581 3329 4638 ἄν
3372 4605 3454 4646 τις
3499 4583 3554 4640 ἐν
3598 4585 3784 4649 αὺτοῖς

2142 4669 2391 4748 εὑρίσκων
2446 4672 2534 4726 καὶ
2575 4671 2872 4743 ὑποθήκας,
2932 4668 3079 4734 ὅπως
3129 4692 3187 4726 τε
3233 4672 3323 4729 καὶ
3354 4669 3425 4728 δι’
3452 4675 3527 4728 ὧν
3558 4672 3782 4738 ἐκείνοις

2140 4761 2175 4829 ἡ
2225 4759 2550 4838 κατόρθωσις
2602 4758 2848 4840 γέγονεν,
2903 4757 3044 4816 ἀλλὰ
3094 4761 3181 4817 καὶ
3250 4762 3386 4819 οἵων
3429 4762 3575 4820 who?
3619 4762 3779 4820 πάλιν

2139 4848 2442 4906 ἀπέλαυσαν
2514 4870 2571 4905 τε
2630 4850 2720 4906 καί
2774 4847 3165 4908 ἀπολαύσουσιν
3223 4852 3548 4932 ὑποθέσεων,
3604 4853 3649 4909 εἰ
3694 4854 3782 4910 καὶ

2137 4939 2336 5018 νωθρὰν
2391 4941 2544 5005 οὗτος
2630 4938 2750 5019 ἔχοι
2809 4940 2995 5018 ψυχὴν
3036 4950 3088 5012 ⁸,
3152 4942 3196 4997 εἰ
3257 4943 3343 4998 καὶ
3397 4943 3627 5019 ῥᾴθυμον
3691 4943 3780 4998 καὶ

400 5030 474 5096 ad
496 5051 700 5114 parem
714 5025 973 5096 accendi
994 5031 1530 5108 aemulationem,et
1552 5029 1796 5110 aggredi
1820 5028 1890 5090 ad
1917 5027 2052 5088 imi-
2132 5034 2138 5079 ί

2141 5029 2342 5100 ὕπτίαν,
2377 5027 2500 5084 ἀλλ’
2548 5035 2633 5085 οὖν
2675 5029 2770 5085 καί
2818 5025 3169 5096 διαναστῆναι(
3213 5053 3343 5088 ποτε
3374 5031 3645 5101 θελήσειε,
3694 5033 3782 5088 καὶ

399 5124 684 5186 tationem
699 5121 921 5195 .Qualis
935 5121 1082 5184 mihi
1103 5120 1340 5183 videtur
1353 5120 1529 5182 etiam
1549 5137 1683 5182 esse
1700 5117 1832 5180 Vita
1851 5121 2044 5197 magni
2129 5142 2138 5172 τ

2141 5119 2262 5198 πρὸς
2307 5119 2397 5174 τὸν
2442 5118 2562 5174 ἴσον
2603 5116 3048 5195 διαθερμανθῆναι
3105 5119 3294 5194 ζῆλον,
3341 5120 3437 5176 καὶ
3501 5120 3778 5178 ἆποδύσαυ

399 5213 593 5277 Patris
611 5211 1126 5294 Euthymii,simul
1161 5218 1219 5272 et
1247 5208 1692 5291 jucundissima
1713 5215 1772 5271 et
1801 5205 2049 5270 laborio.
2078 5215 2112 5265 Β
2136 5237 2138 5255 ι

2141 5211 2256 5264 σθαι
2305 5215 2436 5283 πρὸς
2481 5208 2576 5274 τὴν
2624 5206 2876 5282 μίμησιν.
2926 5198 3150 5265 Ὀποτον
3196 5209 3340 5265 εἶναί
3382 5233 3474 5285 μοι
3506 5209 3648 5268 δοκῶ
3688 5207 3779 5266 καὶ

399 5301 661 5377 sisima,
698 5319 936 5364 necnon
965 5300 1279 5384 aptissima
1301 5298 1374 5362 ad
1404 5298 1800 5363 lastiﬁcandos
1829 5297 2057 5360 demul-
2135 5325 2138 5336 ι

2141 5300 2226 5356 τὸν
2268 5297 2363 5354 τοῦ
2417 5295 2655 5374 μεγάλου
2696 5299 2898 5371 [ἰατρὸς
2933 5299 3188 5372 Εὖθυμίου
3231 5300 3368 5375 βίον,
3399 5300 3512 5374 ἅμα
3543 5301 3640 5374 μὲν
3671 5323 3777 5381 χαι

399 5392 743 5475 cendosque
768 5410 872 5456 eos
903 5398 1159 5475 qui‘eam
1188 5391 1537 5470 legerint,at
1557 5389 1629 5452 ad
1655 5407 1857 5452 rerum
1884 5388 2050 5449 simi-
2133 5416 2138 5462 ι

2141 5387 2433 5463 ριέστατον,
2489 5386 2603 5459 ἅμα
2640 5384 2695 5441 δὲ
2737 5385 3197 5469 φιλοπονώτατον,
3249 5390 3363 5464 ἅμα
3416 5387 3473 5446 δὲ
3503 5390 3774 5447 ἱκανώτα-

400 5480 547 5544 lium
579 5469 840 5545 studium
858 5469 1243 5545 excitandos:
1271 5480 1426 5544 adeo
1445 5489 1506 5541 ut
1527 5480 1578 5542 si
1609 5481 1746 5562 quis
1777 5497 1906 5541 eam
1941 5497 2052 5538 νο·
2131 5501 2138 5514 ·

2141 5500 2221 5535 τον
2273 5475 2452 5546 ἡδῦναι
2499 5497 2554 5532 τε
2611 5479 2699 5532 καὶ
2755 5475 3069 5541 καταθέλξαι
3139 5479 3261 5544 τοὺς
3317 5479 3774 5559 ἓντυγχάνοντας,

404 5569 909 5650 lueritimitari,is
941 5579 1063 5635 tum
1093 5571 1258 5636 vivus
1291 5578 1414 5635 tum
1436 5577 1708 5634 mortuus
1729 5565 2049 5632 clarissimi
2129 5589 2138 5623 τ

2141 5568 2219 5624 καὶ
2248 5567 2381 5646 πρὸς
2412 5566 2512 5634 τὴν
2555 5570 2658 5622 τῶν
2699 5565 2898 5643 ὁμοίων
2938 5566 3250 5644 ἐπιμέλειαν
3291 5566 3550 5650 διεγεῖραι
3585 5584 3599 5600 ⁸
3633 5569 3774 5651 ὥστ⁸
