  <div class='ocr_page' id='page_1' title='image "/cluster/home/n/w/nwhite01/storage/ocr_20150623/114/hvd.32044073502254/305.png"; bbox 0 0 4090 6198; ppageno 0'>
   <div class='ocr_carea' id='block_1_1' title="bbox 463 301 582 366">
    <p class='ocr_par' dir='ltr' id='par_1_1' title="bbox 463 301 582 366">
     <span class='ocr_line' id='line_1_1' title="bbox 463 301 582 366; baseline 0 0"><span class='ocrx_word' id='word_1_1' title='bbox 463 301 582 366; x_wconf 87' lang='grc'><strong>599</strong></span> 
     </span>
    </p>
   </div>
   <div class='ocr_carea' id='block_1_2' title="bbox 1760 311 2541 382">
    <p class='ocr_par' dir='ltr' id='par_1_2' title="bbox 1760 311 2541 382">
     <span class='ocr_line' id='line_1_2' title="bbox 1760 311 2541 382; baseline 0.01 -8"><span class='ocrx_word' id='word_1_2' title='bbox 1760 311 2042 374; x_wconf 83' lang='lat' dir='ltr'><strong>MENSIS</strong></span> <span class='ocrx_word' id='word_1_3' title='bbox 2079 313 2541 382; x_wconf 83' lang='lat' dir='ltr'><strong>JANUARIUS.</strong></span> 
     </span>
    </p>
   </div>
   <div class='ocr_carea' id='block_1_3' title="bbox 3703 315 3812 384">
    <p class='ocr_par' dir='ltr' id='par_1_3' title="bbox 3703 315 3812 384">
     <span class='ocr_line' id='line_1_3' title="bbox 3703 315 3812 384; baseline 0 0"><span class='ocrx_word' id='word_1_4' title='bbox 3703 315 3812 384; x_wconf 88' lang='lat'><strong>600</strong></span> 
     </span>
    </p>
   </div>
   <div class='ocr_carea' id='block_1_4' title="bbox 459 437 2094 530">
    <p class='ocr_par' dir='ltr' id='par_1_4' title="bbox 459 437 2094 530">
     <span class='ocr_line' id='line_1_4' title="bbox 459 437 2094 530; baseline 0.001 -28"><span class='ocrx_word' id='word_1_5' title='bbox 459 437 671 530; x_wconf 79' lang='lat' dir='ltr'><strong>doxos,</strong></span> <span class='ocrx_word' id='word_1_6' title='bbox 701 443 948 526; x_wconf 89' lang='lat' dir='ltr'><strong>jamque</strong></span> <span class='ocrx_word' id='word_1_7' title='bbox 993 463 1026 506; x_wconf 90' lang='lat' dir='ltr'><strong>a</strong></span> <span class='ocrx_word' id='word_1_8' title='bbox 1085 443 1313 506; x_wconf 82' lang='lat' dir='ltr'><strong>difﬁcili</strong></span> <span class='ocrx_word' id='word_1_9' title='bbox 1345 449 1697 524; x_wconf 74' lang='lat' dir='ltr'><strong>tempestate</strong></span> <span class='ocrx_word' id='word_1_10' title='bbox 1730 440 2094 524; x_wconf 81' lang='lat' dir='ltr'><strong>respirahanl</strong></span> 
     </span>
    </p>
   </div>
   <div class='ocr_carea' id='block_1_5' title="bbox 2185 437 3811 530">
    <p class='ocr_par' dir='ltr' id='par_1_5' title="bbox 2191 443 3811 530">
     <span class='ocr_line' id='line_1_5' title="bbox 2191 443 3811 530; baseline 0.004 -29"><span class='ocrx_word' id='word_1_11' title='bbox 2191 443 2377 529; x_wconf 85' lang='grc' dir='ltr'>λεμος,</span> <span class='ocrx_word' id='word_1_12' title='bbox 2445 449 2624 530; x_wconf 74' lang='grc' dir='ltr'>ἀρχὴν</span> <span class='ocrx_word' id='word_1_13' title='bbox 2705 449 2969 525; x_wconf 75' lang='grc' dir='ltr'>ἐλάμϐανε</span> <span class='ocrx_word' id='word_1_14' title='bbox 3032 449 3353 526; x_wconf 86' lang='grc' dir='ltr'>διαλύσεως,</span> <span class='ocrx_word' id='word_1_15' title='bbox 3419 451 3506 508; x_wconf 76' lang='grc' dir='ltr'><strong>καὶ</strong></span> <span class='ocrx_word' id='word_1_16' title='bbox 3575 451 3811 510; x_wconf 68' lang='grc' dir='ltr'>ἀνέπνεον</span> 
     </span>
    </p>
   </div>
   <div class='ocr_carea' id='block_1_6' title="bbox 457 529 2104 614">
    <p class='ocr_par' dir='ltr' id='par_1_6' title="bbox 457 529 2104 614">
     <span class='ocr_line' id='line_1_6' title="bbox 457 529 2104 614; baseline 0.002 -20"><span class='ocrx_word' id='word_1_17' title='bbox 457 529 794 614; x_wconf 63' lang='lat' dir='ltr'><strong>Ecclesia);</strong></span> <span class='ocrx_word' id='word_1_18' title='bbox 831 540 891 596; x_wconf 94' lang='lat' dir='ltr'><strong>et</strong></span> <span class='ocrx_word' id='word_1_19' title='bbox 919 551 1023 596; x_wconf 89' lang='lat' dir='ltr'><strong>ver</strong></span> <span class='ocrx_word' id='word_1_20' title='bbox 1070 531 1467 594; x_wconf 84' lang='lat' dir='ltr'><strong>illocescebat</strong></span> <span class='ocrx_word' id='word_1_21' title='bbox 1525 531 1784 612; x_wconf 86' lang='lat' dir='ltr'><strong>pietatis,</strong></span> <span class='ocrx_word' id='word_1_22' title='bbox 1819 542 1999 614; x_wconf 91' lang='lat' dir='ltr'><strong>atque</strong></span> <span class='ocrx_word' id='word_1_23' title='bbox 2029 536 2104 598; x_wconf 91' lang='lat' dir='ltr'><strong>ad</strong></span> 
     </span>
    </p>
   </div>
   <div class='ocr_carea' id='block_1_7' title="bbox 460 620 2102 703">
    <p class='ocr_par' dir='ltr' id='par_1_7' title="bbox 460 620 2102 703">
     <span class='ocr_line' id='line_1_7' title="bbox 460 620 2102 703; baseline 0.002 -22"><span class='ocrx_word' id='word_1_24' title='bbox 460 621 948 703; x_wconf 75' lang='lat' dir='ltr'><strong>tranquillitatem</strong></span> <span class='ocrx_word' id='word_1_25' title='bbox 986 639 1084 684; x_wconf 87' lang='lat' dir='ltr'><strong>res</strong></span> <span class='ocrx_word' id='word_1_26' title='bbox 1120 620 1320 683; x_wconf 81' lang='lat' dir='ltr'><strong>tristes</strong></span> <span class='ocrx_word' id='word_1_27' title='bbox 1345 621 1638 684; x_wconf 87' lang='lat' dir='ltr'><strong>Ecclesiis</strong></span> <span class='ocrx_word' id='word_1_28' title='bbox 1659 624 2102 686; x_wconf 86' lang='lat' dir='ltr'><strong>converteban-</strong></span> 
     </span>
    </p>
   </div>
   <div class='ocr_carea' id='block_1_8' title="bbox 459 711 2103 794">
    <p class='ocr_par' dir='ltr' id='par_1_8' title="bbox 459 711 2103 794">
     <span class='ocr_line' id='line_1_8' title="bbox 459 711 2103 794; baseline 0.004 -23"><span class='ocrx_word' id='word_1_29' title='bbox 459 717 577 774; x_wconf 89' lang='lat' dir='ltr'><strong>tnr.</strong></span> <span class='ocrx_word' id='word_1_30' title='bbox 610 713 757 774; x_wconf 93' lang='lat' dir='ltr'><strong>Nam</strong></span> <span class='ocrx_word' id='word_1_31' title='bbox 791 731 925 775; x_wconf 91' lang='lat' dir='ltr'><strong>cum</strong></span> <span class='ocrx_word' id='word_1_32' title='bbox 957 731 990 773; x_wconf 89' lang='lat' dir='ltr'><strong>a</strong></span> <span class='ocrx_word' id='word_1_33' title='bbox 1021 711 1396 792; x_wconf 90' lang='lat' dir='ltr'><strong>temporibus</strong></span> <span class='ocrx_word' id='word_1_34' title='bbox 1420 711 1757 774; x_wconf 86' lang='lat' dir='ltr'><strong>Constantii</strong></span> <span class='ocrx_word' id='word_1_35' title='bbox 1808 732 2103 794; x_wconf 87' lang='lat' dir='ltr'><strong>persecu-</strong></span> 
     </span>
    </p>
   </div>
   <div class='ocr_carea' id='block_1_9' title="bbox 457 799 2104 884">
    <p class='ocr_par' dir='ltr' id='par_1_9' title="bbox 457 799 2104 884">
     <span class='ocr_line' id='line_1_9' title="bbox 457 799 2104 884; baseline 0.004 -24"><span class='ocrx_word' id='word_1_36' title='bbox 457 799 538 860; x_wconf 89' lang='lat' dir='ltr'><strong>tio</strong></span> <span class='ocrx_word' id='word_1_37' title='bbox 569 808 836 864; x_wconf 86' lang='lat' dir='ltr'><strong>vexasset</strong></span> <span class='ocrx_word' id='word_1_38' title='bbox 863 800 1184 876; x_wconf 89' lang='lat' dir='ltr'><strong>Ecclesias,</strong></span> <span class='ocrx_word' id='word_1_39' title='bbox 1220 809 1279 863; x_wconf 93' lang='lat' dir='ltr'><strong>et</strong></span> <span class='ocrx_word' id='word_1_40' title='bbox 1311 799 1422 864; x_wconf 90' lang='lat' dir='ltr'><strong>sub</strong></span> <span class='ocrx_word' id='word_1_41' title='bbox 1459 801 1696 864; x_wconf 89' lang='lat' dir='ltr'><strong>Juliano</strong></span> <span class='ocrx_word' id='word_1_42' title='bbox 1741 809 2016 884; x_wconf 80' lang='lat' dir='ltr'><strong>tyranno,</strong></span> <span class='ocrx_word' id='word_1_43' title='bbox 2041 811 2104 866; x_wconf 90' lang='lat' dir='ltr'><strong>ut</strong></span> 
     </span>
    </p>
   </div>
   <div class='ocr_carea' id='block_1_10' title="bbox 448 889 2105 975">
    <p class='ocr_par' dir='ltr' id='par_1_10' title="bbox 448 889 2105 975">
     <span class='ocr_line' id='line_1_10' title="bbox 448 889 2105 975; baseline 0.005 -26"><span class='ocrx_word' id='word_1_44' title='bbox 448 889 572 968; x_wconf 90' lang='lat' dir='ltr'><strong>jam</strong></span> <span class='ocrx_word' id='word_1_45' title='bbox 605 907 784 969; x_wconf 83' lang='lat' dir='ltr'><strong>supra</strong></span> <span class='ocrx_word' id='word_1_46' title='bbox 813 889 1271 966; x_wconf 87' lang='lat' dir='ltr'><strong>declaravimus,</strong></span> <span class='ocrx_word' id='word_1_47' title='bbox 1309 898 1368 954; x_wconf 93' lang='lat' dir='ltr'><strong>et</strong></span> <span class='ocrx_word' id='word_1_48' title='bbox 1395 890 1733 973; x_wconf 84' lang='lat' dir='ltr'><strong>imperante</strong></span> <span class='ocrx_word' id='word_1_49' title='bbox 1769 903 1974 973; x_wconf 89' lang='lat' dir='ltr'><strong>postea</strong></span> <span class='ocrx_word' id='word_1_50' title='bbox 1999 913 2105 975; x_wconf 85' lang='lat' dir='ltr'><strong>per</strong></span> 
     </span>
    </p>
   </div>
   <div class='ocr_carea' id='block_1_11' title="bbox 457 976 2100 1064">
    <p class='ocr_par' dir='ltr' id='par_1_11' title="bbox 457 976 2100 1064">
     <span class='ocr_line' id='line_1_11' title="bbox 457 976 2100 1064; baseline 0.002 -24"><span class='ocrx_word' id='word_1_51' title='bbox 457 976 764 1040; x_wconf 90' lang='lat' dir='ltr'><strong>Orientem</strong></span> <span class='ocrx_word' id='word_1_52' title='bbox 817 978 1094 1058; x_wconf 83' lang='lat' dir='ltr'><strong>Valente,</strong></span> <span class='ocrx_word' id='word_1_53' title='bbox 1152 999 1266 1044; x_wconf 91' lang='lat' dir='ltr'><strong>nec</strong></span> <span class='ocrx_word' id='word_1_54' title='bbox 1317 982 1516 1043; x_wconf 90' lang='lat' dir='ltr'><strong>minus</strong></span> <span class='ocrx_word' id='word_1_55' title='bbox 1576 999 1757 1059; x_wconf 91' lang='lat' dir='ltr'><strong>quam</strong></span> <span class='ocrx_word' id='word_1_56' title='bbox 1812 1001 1919 1062; x_wconf 90' lang='lat' dir='ltr'><strong>per</strong></span> <span class='ocrx_word' id='word_1_57' title='bbox 1950 1003 2100 1064; x_wconf 90' lang='lat' dir='ltr'><strong>qua-</strong></span> 
     </span>
    </p>
   </div>
   <div class='ocr_carea' id='block_1_12' title="bbox 457 1065 2100 1155">
    <p class='ocr_par' dir='ltr' id='par_1_12' title="bbox 457 1065 2100 1155">
     <span class='ocr_line' id='line_1_12' title="bbox 457 1065 2100 1155; baseline 0.003 -26"><span class='ocrx_word' id='word_1_58' title='bbox 457 1065 732 1145; x_wconf 74' lang='lat' dir='ltr'><strong>draginta</strong></span> <span class='ocrx_word' id='word_1_59' title='bbox 763 1068 848 1151; x_wconf 88' lang='grc'><strong>(5)</strong></span> <span class='ocrx_word' id='word_1_60' title='bbox 885 1089 1075 1132; x_wconf 88' lang='lat' dir='ltr'><strong>annos</strong></span> <span class='ocrx_word' id='word_1_61' title='bbox 1105 1071 1318 1134; x_wconf 83' lang='lat' dir='ltr'><strong>Ariani</strong></span> <span class='ocrx_word' id='word_1_62' title='bbox 1338 1070 1613 1149; x_wconf 81' lang='lat' dir='ltr'><strong>ingentes</strong></span> <span class='ocrx_word' id='word_1_63' title='bbox 1643 1071 1948 1134; x_wconf 80' lang='lat' dir='ltr'><strong>eﬂlassent</strong></span> <span class='ocrx_word' id='word_1_64' title='bbox 1977 1074 2100 1155; x_wconf 84' lang='lat' dir='ltr'><strong>spi-</strong></span> 
     </span>
    </p>
   </div>
   <div class='ocr_carea' id='block_1_13' title="bbox 453 1157 2100 1242">
    <p class='ocr_par' dir='ltr' id='par_1_13' title="bbox 453 1157 2100 1242">
     <span class='ocr_line' id='line_1_13' title="bbox 453 1157 2100 1242; baseline 0.004 -24"><span class='ocrx_word' id='word_1_65' title='bbox 453 1157 606 1220; x_wconf 88' lang='lat' dir='ltr'><strong>ritus</strong></span> <span class='ocrx_word' id='word_1_66' title='bbox 624 1159 913 1224; x_wconf 87' lang='lat' dir='ltr'><strong>adversus</strong></span> <span class='ocrx_word' id='word_1_67' title='bbox 945 1161 1255 1242; x_wconf 88' lang='lat' dir='ltr'><strong>pietatem,</strong></span> <span class='ocrx_word' id='word_1_68' title='bbox 1290 1160 1609 1240; x_wconf 88' lang='lat' dir='ltr'><strong>Euthymio</strong></span> <span class='ocrx_word' id='word_1_69' title='bbox 1633 1161 1756 1241; x_wconf 91' lang='lat' dir='ltr'><strong>jam</strong></span> <span class='ocrx_word' id='word_1_70' title='bbox 1793 1163 2100 1237; x_wconf 89' lang='lat' dir='ltr'><strong>nato,viro</strong></span> 
     </span>
    </p>
   </div>
   <div class='ocr_carea' id='block_1_14' title="bbox 453 1249 2098 1331">
    <p class='ocr_par' dir='ltr' id='par_1_14' title="bbox 453 1249 2098 1331">
     <span class='ocr_line' id='line_1_14' title="bbox 453 1249 2098 1331; baseline 0.005 -26"><span class='ocrx_word' id='word_1_71' title='bbox 453 1265 595 1310; x_wconf 86' lang='lat' dir='ltr'><strong>vere</strong></span> <span class='ocrx_word' id='word_1_72' title='bbox 625 1249 886 1312; x_wconf 91' lang='lat' dir='ltr'><strong>nominis</strong></span> <span class='ocrx_word' id='word_1_73' title='bbox 934 1251 1054 1331; x_wconf 88' lang='lat' dir='ltr'><strong>sui,</strong></span> <span class='ocrx_word' id='word_1_74' title='bbox 1105 1251 1422 1314; x_wconf 86' lang='lat' dir='ltr'><strong>desierunt</strong></span> <span class='ocrx_word' id='word_1_75' title='bbox 1465 1251 1666 1313; x_wconf 92' lang='lat' dir='ltr'><strong>omnia</strong></span> <span class='ocrx_word' id='word_1_76' title='bbox 1696 1250 2098 1314; x_wconf 87' lang='lat' dir='ltr'><strong>Ecclesiarum</strong></span> 
     </span>
    </p>
   </div>
   <div class='ocr_carea' id='block_1_15' title="bbox 450 1336 2102 1422">
    <p class='ocr_par' dir='ltr' id='par_1_15' title="bbox 450 1336 2102 1422">
     <span class='ocr_line' id='line_1_15' title="bbox 450 1336 2102 1422; baseline 0.004 -24"><span class='ocrx_word' id='word_1_77' title='bbox 450 1336 670 1400; x_wconf 88' lang='lat' dir='ltr'><strong>tristia.</strong></span> <span class='ocrx_word' id='word_1_78' title='bbox 702 1341 919 1403; x_wconf 88' lang='lat' dir='ltr'><strong>Valens</strong></span> <span class='ocrx_word' id='word_1_79' title='bbox 949 1341 1200 1421; x_wconf 89' lang='lat' dir='ltr'><strong>quippe,</strong></span> <span class='ocrx_word' id='word_1_80' title='bbox 1235 1340 1504 1404; x_wconf 91' lang='lat' dir='ltr'><strong>nondum</strong></span> <span class='ocrx_word' id='word_1_81' title='bbox 1538 1340 1746 1422; x_wconf 90' lang='lat' dir='ltr'><strong>quinto</strong></span> <span class='ocrx_word' id='word_1_82' title='bbox 1785 1341 1868 1422; x_wconf 90' lang='lat'><strong>(6)</strong></span> <span class='ocrx_word' id='word_1_83' title='bbox 1896 1361 2102 1404; x_wconf 91' lang='lat' dir='ltr'><strong>mense</strong></span> 
     </span>
    </p>
   </div>
   <div class='ocr_carea' id='block_1_16' title="bbox 454 1427 2100 1511">
    <p class='ocr_par' dir='ltr' id='par_1_16' title="bbox 454 1427 2100 1511">
     <span class='ocr_line' id='line_1_16' title="bbox 454 1427 2100 1511; baseline 0.002 -23"><span class='ocrx_word' id='word_1_84' title='bbox 454 1435 592 1508; x_wconf 90' lang='lat' dir='ltr'><strong>post</strong></span> <span class='ocrx_word' id='word_1_85' title='bbox 613 1427 911 1510; x_wconf 84' lang='lat' dir='ltr'><strong>Euthymii</strong></span> <span class='ocrx_word' id='word_1_86' title='bbox 959 1431 1328 1494; x_wconf 89' lang='lat' dir='ltr'><strong>nativitatem</strong></span> <span class='ocrx_word' id='word_1_87' title='bbox 1361 1431 1590 1511; x_wconf 89' lang='lat' dir='ltr'><strong>elapso,</strong></span> <span class='ocrx_word' id='word_1_88' title='bbox 1624 1431 1951 1494; x_wconf 89' lang='lat' dir='ltr'><strong>exercitum</strong></span> <span class='ocrx_word' id='word_1_89' title='bbox 1986 1431 2100 1494; x_wconf 86' lang='lat' dir='ltr'><strong>du-</strong></span> 
     </span>
    </p>
   </div>
   <div class='ocr_carea' id='block_1_17' title="bbox 455 1519 2100 1602">
    <p class='ocr_par' dir='ltr' id='par_1_17' title="bbox 455 1519 2100 1602">
     <span class='ocr_line' id='line_1_17' title="bbox 455 1519 2100 1602; baseline 0.004 -24"><span class='ocrx_word' id='word_1_90' title='bbox 455 1535 602 1580; x_wconf 88' lang='lat' dir='ltr'><strong>cens</strong></span> <span class='ocrx_word' id='word_1_91' title='bbox 631 1519 917 1583; x_wconf 76' lang='lat' dir='ltr'><strong>adversus</strong></span> <span class='ocrx_word' id='word_1_92' title='bbox 969 1520 1287 1599; x_wconf 87' lang='lat' dir='ltr'><strong>Barbaros,</strong></span> <span class='ocrx_word' id='word_1_93' title='bbox 1335 1521 1436 1602; x_wconf 91' lang='lat' dir='ltr'><strong>qui</strong></span> <span class='ocrx_word' id='word_1_94' title='bbox 1467 1539 1686 1584; x_wconf 89' lang='lat' dir='ltr'><strong>secure</strong></span> <span class='ocrx_word' id='word_1_95' title='bbox 1719 1520 2011 1584; x_wconf 86' lang='lat' dir='ltr'><strong>vexabant</strong></span> <span class='ocrx_word' id='word_1_96' title='bbox 2043 1530 2100 1584; x_wconf 88' lang='lat' dir='ltr'><strong>et</strong></span> 
     </span>
    </p>
   </div>
   <div class='ocr_carea' id='block_1_18' title="bbox 455 1608 2100 1693">
    <p class='ocr_par' dir='ltr' id='par_1_18' title="bbox 455 1608 2100 1693">
     <span class='ocr_line' id='line_1_18' title="bbox 455 1608 2100 1693; baseline 0.003 -23"><span class='ocrx_word' id='word_1_97' title='bbox 455 1609 896 1689; x_wconf 85' lang='lat' dir='ltr'><strong>populabantur</strong></span> <span class='ocrx_word' id='word_1_98' title='bbox 947 1608 1293 1684; x_wconf 86' lang='lat' dir='ltr'><strong>Thraciam,</strong></span> <span class='ocrx_word' id='word_1_99' title='bbox 1343 1614 1510 1675; x_wconf 67' lang='lat' dir='ltr'><strong>caesis</strong></span> <span class='ocrx_word' id='word_1_100' title='bbox 1559 1611 1689 1692; x_wconf 88' lang='lat' dir='ltr'><strong>ejus</strong></span> <span class='ocrx_word' id='word_1_101' title='bbox 1719 1612 1935 1693; x_wconf 87' lang='lat' dir='ltr'><strong>copiis,</strong></span> <span class='ocrx_word' id='word_1_102' title='bbox 1971 1613 2100 1693; x_wconf 91' lang='lat' dir='ltr'><strong>ipsa</strong></span> 
     </span>
    </p>
   </div>
   <div class='ocr_carea' id='block_1_19' title="bbox 455 1699 2100 1784">
    <p class='ocr_par' dir='ltr' id='par_1_19' title="bbox 455 1699 2100 1784">
     <span class='ocr_line' id='line_1_19' title="bbox 455 1699 2100 1784; baseline 0.002 -24"><span class='ocrx_word' id='word_1_103' title='bbox 455 1717 698 1779; x_wconf 86' lang='lat' dir='ltr'><strong>quoque</strong></span> <span class='ocrx_word' id='word_1_104' title='bbox 730 1708 934 1782; x_wconf 88' lang='lat' dir='ltr'><strong>postea</strong></span> <span class='ocrx_word' id='word_1_105' title='bbox 963 1719 1170 1783; x_wconf 67' lang='lat' dir='ltr'><strong>poenas</strong></span> <span class='ocrx_word' id='word_1_106' title='bbox 1211 1700 1319 1761; x_wconf 88' lang='lat' dir='ltr'><strong>luit</strong></span> <span class='ocrx_word' id='word_1_107' title='bbox 1350 1699 1581 1762; x_wconf 89' lang='lat' dir='ltr'><strong>debitas</strong></span> <span class='ocrx_word' id='word_1_108' title='bbox 1629 1699 1921 1782; x_wconf 88' lang='lat' dir='ltr'><strong>impietati</strong></span> <span class='ocrx_word' id='word_1_109' title='bbox 1979 1721 2100 1784; x_wconf 87' lang='lat' dir='ltr'><strong>qua</strong></span> 
     </span>
    </p>
   </div>
   <div class='ocr_carea' id='block_1_20' title="bbox 2188 534 3811 622">
    <p class='ocr_par' dir='ltr' id='par_1_20' title="bbox 2188 534 3811 622">
     <span class='ocr_line' id='line_1_20' title="bbox 2188 534 3811 622; baseline 0.004 -31"><span class='ocrx_word' id='word_1_110' title='bbox 2188 534 2292 604; x_wconf 70' lang='grc' dir='ltr'>ἤδη</span> <span class='ocrx_word' id='word_1_111' title='bbox 2336 544 2430 596; x_wconf 90' lang='grc' dir='ltr'><strong>τοῦ</strong></span> <span class='ocrx_word' id='word_1_112' title='bbox 2479 539 2727 620; x_wconf 79' lang='grc' dir='ltr'>χαλεποῦ</span> <span class='ocrx_word' id='word_1_113' title='bbox 2783 539 3056 620; x_wconf 76' lang='grc' dir='ltr'>χειμῶνος</span> <span class='ocrx_word' id='word_1_114' title='bbox 3118 542 3168 597; x_wconf 78' lang='grc' dir='ltr'>αἶ</span> <span class='ocrx_word' id='word_1_115' title='bbox 3212 538 3549 616; x_wconf 77' lang='grc' dir='ltr'>Ἐκκλησίαι,</span> <span class='ocrx_word' id='word_1_116' title='bbox 3596 542 3680 598; x_wconf 85' lang='grc' dir='ltr'><strong>καὶ</strong></span> <span class='ocrx_word' id='word_1_117' title='bbox 3728 541 3811 622; x_wconf 80' lang='grc' dir='ltr'>ἔαρ</span> 
     </span>
    </p>
   </div>
   <div class='ocr_carea' id='block_1_21' title="bbox 2185 625 3810 710">
    <p class='ocr_par' dir='ltr' id='par_1_21' title="bbox 2185 625 3810 710">
     <span class='ocr_line' id='line_1_21' title="bbox 2185 625 3810 710; baseline 0.004 -28"><span class='ocrx_word' id='word_1_118' title='bbox 2185 625 2496 704; x_wconf 79' lang='grc' dir='ltr'>ὑπέλαμπεν</span> <span class='ocrx_word' id='word_1_119' title='bbox 2570 627 2860 710; x_wconf 81' lang='grc' dir='ltr'>εύσεϐείας,</span> <span class='ocrx_word' id='word_1_120' title='bbox 2921 630 3011 687; x_wconf 80' lang='grc' dir='ltr'><strong>καί</strong></span> <span class='ocrx_word' id='word_1_121' title='bbox 3066 631 3140 694; x_wconf 77' lang='grc' dir='ltr'><strong>είς</strong></span> <span class='ocrx_word' id='word_1_122' title='bbox 3197 631 3443 706; x_wconf 78' lang='grc' dir='ltr'>εὐθυμίαν</span> <span class='ocrx_word' id='word_1_123' title='bbox 3505 632 3688 695; x_wconf 78' lang='grc' dir='ltr'>αύταῖς</span> <span class='ocrx_word' id='word_1_124' title='bbox 3748 634 3810 689; x_wconf 72' lang='grc' dir='ltr'><strong>τὰ</strong></span> 
     </span>
    </p>
   </div>
   <div class='ocr_carea' id='block_1_22' title="bbox 2187 717 3808 800">
    <p class='ocr_par' dir='ltr' id='par_1_22' title="bbox 2187 717 3808 800">
     <span class='ocr_line' id='line_1_22' title="bbox 2187 717 3808 800; baseline 0.001 -27"><span class='ocrx_word' id='word_1_125' title='bbox 2187 719 2470 798; x_wconf 77' lang='grc' dir='ltr'>σκυθρωπὰ</span> <span class='ocrx_word' id='word_1_126' title='bbox 2524 717 2913 795; x_wconf 70' lang='grc' dir='ltr'>μεταϐάλλετο.</span> <span class='ocrx_word' id='word_1_127' title='bbox 2979 719 3116 776; x_wconf 80' lang='grc' dir='ltr'><strong>Ἀπὸ</strong></span> <span class='ocrx_word' id='word_1_128' title='bbox 3185 717 3285 800; x_wconf 76' lang='grc' dir='ltr'><strong>γάρ</strong></span> <span class='ocrx_word' id='word_1_129' title='bbox 3369 723 3477 776; x_wconf 82' lang='grc' dir='ltr'>τῶν</span> <span class='ocrx_word' id='word_1_130' title='bbox 3540 730 3808 778; x_wconf 79' lang='grc' dir='ltr'>Κώνσταν-</span> 
     </span>
    </p>
   </div>
   <div class='ocr_carea' id='block_1_23' title="bbox 2186 807 3807 888">
    <p class='ocr_par' dir='ltr' id='par_1_23' title="bbox 2186 807 3807 888">
     <span class='ocr_line' id='line_1_23' title="bbox 2186 807 3807 888; baseline 0.002 -26"><span class='ocrx_word' id='word_1_131' title='bbox 2186 807 2298 863; x_wconf 89' lang='grc' dir='ltr'>τίου</span> <span class='ocrx_word' id='word_1_132' title='bbox 2356 810 2568 888; x_wconf 81' lang='grc' dir='ltr'>χρόνων</span> <span class='ocrx_word' id='word_1_133' title='bbox 2615 807 2853 888; x_wconf 78' lang='grc' dir='ltr'><strong>διωγμοῦ</strong></span> <span class='ocrx_word' id='word_1_134' title='bbox 2899 821 3021 872; x_wconf 83' lang='grc' dir='ltr'>ταῖς</span> <span class='ocrx_word' id='word_1_135' title='bbox 3080 807 3429 876; x_wconf 81' lang='grc' dir='ltr'>Ἐκκλησίαις</span> <span class='ocrx_word' id='word_1_136' title='bbox 3460 808 3807 886; x_wconf 76' lang='grc' dir='ltr'><strong>ἐπικειμένου,</strong></span> 
     </span>
    </p>
   </div>
   <div class='ocr_carea' id='block_1_24' title="bbox 2187 895 3809 980">
    <p class='ocr_par' dir='ltr' id='par_1_24' title="bbox 2187 895 3809 980">
     <span class='ocr_line' id='line_1_24' title="bbox 2187 895 3809 980; baseline 0.003 -29"><span class='ocrx_word' id='word_1_137' title='bbox 2187 895 2238 952; x_wconf 77' lang='grc' dir='ltr'>ἓν</span> <span class='ocrx_word' id='word_1_138' title='bbox 2298 918 2357 952; x_wconf 83' lang='grc' dir='ltr'><strong>τε</strong></span> <span class='ocrx_word' id='word_1_139' title='bbox 2414 897 2529 959; x_wconf 70' lang='grc' dir='ltr'>τοῖς</span> <span class='ocrx_word' id='word_1_140' title='bbox 2596 897 2890 957; x_wconf 85' lang='grc' dir='ltr'>Ἰουλιανοῦ</span> <span class='ocrx_word' id='word_1_141' title='bbox 2933 907 3026 957; x_wconf 90' lang='grc' dir='ltr'><strong>τοῦ</strong></span> <span class='ocrx_word' id='word_1_142' title='bbox 3081 899 3334 976; x_wconf 82' lang='grc' dir='ltr'>τυράννου</span> <span class='ocrx_word' id='word_1_143' title='bbox 3377 912 3611 975; x_wconf 86' lang='grc' dir='ltr'>καιροῖς,</span> <span class='ocrx_word' id='word_1_144' title='bbox 3643 899 3809 980; x_wconf 83' lang='grc' dir='ltr'>ὥσπερ</span> 
     </span>
    </p>
   </div>
   <div class='ocr_carea' id='block_1_25' title="bbox 2185 983 3807 1066">
    <p class='ocr_par' dir='ltr' id='par_1_25' title="bbox 2185 983 3807 1066">
     <span class='ocr_line' id='line_1_25' title="bbox 2185 983 3807 1066; baseline 0.004 -25"><span class='ocrx_word' id='word_1_145' title='bbox 2185 983 2288 1053; x_wconf 72' lang='grc' dir='ltr'>ἤδη</span> <span class='ocrx_word' id='word_1_146' title='bbox 2332 987 2625 1066; x_wconf 73' lang='grc' dir='ltr'>φθάσαντες</span> <span class='ocrx_word' id='word_1_147' title='bbox 2675 985 3045 1061; x_wconf 71' lang='grc' dir='ltr'><strong>ἐδηλώσαμεν,</strong></span> <span class='ocrx_word' id='word_1_148' title='bbox 3091 989 3180 1044; x_wconf 87' lang='grc' dir='ltr'><strong>καὶ</strong></span> <span class='ocrx_word' id='word_1_149' title='bbox 3237 995 3332 1046; x_wconf 83' lang='grc' dir='ltr'><strong>τοῦ</strong></span> <span class='ocrx_word' id='word_1_150' title='bbox 3384 989 3668 1063; x_wconf 67' lang='grc' dir='ltr'>μετέπειτα</span> <span class='ocrx_word' id='word_1_151' title='bbox 3719 994 3807 1056; x_wconf 78' lang='grc' dir='ltr'>τῆς</span> 
     </span>
    </p>
   </div>
   <div class='ocr_carea' id='block_1_26' title="bbox 2185 1073 3810 1153">
    <p class='ocr_par' dir='ltr' id='par_1_26' title="bbox 2185 1073 3810 1153">
     <span class='ocr_line' id='line_1_26' title="bbox 2185 1073 3810 1153; baseline 0.001 -20"><span class='ocrx_word' id='word_1_152' title='bbox 2185 1073 2355 1150; x_wconf 81' lang='grc' dir='ltr'>Ἐᾡας</span> <span class='ocrx_word' id='word_1_153' title='bbox 2387 1076 2681 1141; x_wconf 70' lang='grc' dir='ltr'>Οὐάλεντος</span> <span class='ocrx_word' id='word_1_154' title='bbox 2733 1075 3167 1153; x_wconf 65' lang='grc' dir='ltr'><strong>βασιλεύσαντος,</strong></span> <span class='ocrx_word' id='word_1_155' title='bbox 3208 1077 3308 1134; x_wconf 77' lang='grc' dir='ltr'><strong>οῦκ</strong></span> <span class='ocrx_word' id='word_1_156' title='bbox 3349 1077 3571 1137; x_wconf 78' lang='grc' dir='ltr'>ἔλαττον</span> <span class='ocrx_word' id='word_1_157' title='bbox 3617 1078 3652 1148; x_wconf 81' lang='grc' dir='ltr'>ἢ</span> <span class='ocrx_word' id='word_1_158' title='bbox 3693 1099 3810 1136; x_wconf 76' lang='grc' dir='ltr'>τεσο</span> 
     </span>
    </p>
   </div>
   <div class='ocr_carea' id='block_1_27' title="bbox 2186 1165 3811 1248">
    <p class='ocr_par' dir='ltr' id='par_1_27' title="bbox 2186 1165 3811 1248">
     <span class='ocr_line' id='line_1_27' title="bbox 2186 1165 3811 1248; baseline 0.002 -26"><span class='ocrx_word' id='word_1_159' title='bbox 2186 1167 2484 1244; x_wconf 80' lang='grc' dir='ltr'>σαράκοντα</span> <span class='ocrx_word' id='word_1_160' title='bbox 2543 1167 2771 1248; x_wconf 85' lang='grc' dir='ltr'>χρόνους</span> <span class='ocrx_word' id='word_1_161' title='bbox 2827 1165 2932 1224; x_wconf 80' lang='grc' dir='ltr'>τῶν</span> <span class='ocrx_word' id='word_1_162' title='bbox 3005 1168 3295 1246; x_wconf 81' lang='grc' dir='ltr'>Ἀρειανῶν</span> <span class='ocrx_word' id='word_1_163' title='bbox 3357 1168 3498 1248; x_wconf 81' lang='grc' dir='ltr'>μέγα</span> <span class='ocrx_word' id='word_1_164' title='bbox 3554 1169 3685 1225; x_wconf 82' lang='grc' dir='ltr'>κατὰ</span> <span class='ocrx_word' id='word_1_165' title='bbox 3723 1174 3811 1235; x_wconf 79' lang='grc' dir='ltr'><strong>τῆς</strong></span> 
     </span>
    </p>
   </div>
   <div class='ocr_carea' id='block_1_28' title="bbox 2186 1253 3811 1337">
    <p class='ocr_par' dir='ltr' id='par_1_28' title="bbox 2186 1253 3811 1337">
     <span class='ocr_line' id='line_1_28' title="bbox 2186 1253 3811 1337; baseline 0.002 -26"><span class='ocrx_word' id='word_1_166' title='bbox 2186 1253 2450 1322; x_wconf 77' lang='grc' dir='ltr'>εὐσεϐείας</span> <span class='ocrx_word' id='word_1_167' title='bbox 2534 1257 2896 1330; x_wconf 77' lang='grc' dir='ltr'>πνευσάντων,</span> <span class='ocrx_word' id='word_1_168' title='bbox 2987 1260 3255 1333; x_wconf 72' lang='grc' dir='ltr'>Εὖθυμίου</span> <span class='ocrx_word' id='word_1_169' title='bbox 3333 1265 3428 1316; x_wconf 88' lang='grc' dir='ltr'><strong>τοῦ</strong></span> <span class='ocrx_word' id='word_1_170' title='bbox 3507 1259 3811 1337; x_wconf 67' lang='grc' dir='ltr'>φερωνύμιίς</span> 
     </span>
    </p>
   </div>
   <div class='ocr_carea' id='block_1_29' title="bbox 2184 1345 3811 1424">
    <p class='ocr_par' dir='ltr' id='par_1_29' title="bbox 2184 1345 3811 1424">
     <span class='ocr_line' id='line_1_29' title="bbox 2184 1345 3811 1424; baseline 0.001 -22"><span class='ocrx_word' id='word_1_171' title='bbox 2184 1345 2497 1421; x_wconf 75' lang='grc' dir='ltr'>κληθέντος,</span> <span class='ocrx_word' id='word_1_172' title='bbox 2575 1346 2678 1414; x_wconf 76' lang='grc' dir='ltr'>ἤδη</span> <span class='ocrx_word' id='word_1_173' title='bbox 2755 1346 3121 1424; x_wconf 82' lang='grc' dir='ltr'>γεννηθέντος,</span> <span class='ocrx_word' id='word_1_174' title='bbox 3176 1348 3244 1404; x_wconf 72' lang='grc' dir='ltr'><strong>τὰ</strong></span> <span class='ocrx_word' id='word_1_175' title='bbox 3301 1349 3583 1424; x_wconf 79' lang='grc' dir='ltr'>σκυθρωπὰ</span> <span class='ocrx_word' id='word_1_176' title='bbox 3649 1348 3811 1404; x_wconf 84' lang='grc' dir='ltr'>πάντα</span> 
     </span>
    </p>
   </div>
   <div class='ocr_carea' id='block_1_30' title="bbox 2183 1434 3814 1517">
    <p class='ocr_par' dir='ltr' id='par_1_30' title="bbox 2183 1434 3814 1517">
     <span class='ocr_line' id='line_1_30' title="bbox 2227 1436 3809 1460; baseline -0.004 0"><span class='ocrx_word' id='word_1_177' title='bbox 2227 1441 2250 1451; x_wconf 75' lang='grc'><strong>“’</strong></span> <span class='ocrx_word' id='word_1_178' title='bbox 2349 1437 2363 1459; x_wconf 69' lang='grc'><strong>9</strong></span> <span class='ocrx_word' id='word_1_179' title='bbox 2620 1444 2648 1454; x_wconf 57' lang='grc' dir='ltr'><strong>ἢν</strong></span> <span class='ocrx_word' id='word_1_180' title='bbox 2845 1437 2858 1460; x_wconf 62' lang='grc' dir='ltr'><em>θ</em></span> <span class='ocrx_word' id='word_1_181' title='bbox 3074 1441 3087 1460; x_wconf 67' lang='grc' dir='ltr'><strong>ν</strong></span> <span class='ocrx_word' id='word_1_182' title='bbox 3116 1437 3128 1458; x_wconf 87' lang='grc' dir='ltr'><strong><em>Ι</em></strong></span> <span class='ocrx_word' id='word_1_183' title='bbox 3342 1437 3358 1455; x_wconf 59' lang='grc' dir='ltr'><strong>ε</strong></span> <span class='ocrx_word' id='word_1_184' title='bbox 3471 1438 3484 1455; x_wconf 81' lang='lat'><strong><em>\</em></strong></span> <span class='ocrx_word' id='word_1_185' title='bbox 3588 1436 3614 1456; x_wconf 70' lang='grc' dir='ltr'><em>η</em></span> <span class='ocrx_word' id='word_1_186' title='bbox 3789 1444 3809 1454; x_wconf 61' lang='grc' dir='ltr'>ς</span> 
     </span>
     <span class='ocr_line' id='line_1_31' title="bbox 2183 1434 3814 1517; baseline 0.001 -24"><span class='ocrx_word' id='word_1_187' title='bbox 2183 1459 2290 1493; x_wconf 86' lang='grc' dir='ltr'><strong>των</strong></span> <span class='ocrx_word' id='word_1_188' title='bbox 2370 1435 2686 1496; x_wconf 82' lang='grc' dir='ltr'>Εκκλτ.σιων</span> <span class='ocrx_word' id='word_1_189' title='bbox 2717 1434 2978 1496; x_wconf 78' lang='grc' dir='ltr'>διελύετο.</span> <span class='ocrx_word' id='word_1_190' title='bbox 3025 1435 3238 1504; x_wconf 81' lang='grc' dir='ltr'>Ουαλης</span> <span class='ocrx_word' id='word_1_191' title='bbox 3299 1460 3397 1508; x_wconf 85' lang='grc' dir='ltr'><strong>μεν</strong></span> <span class='ocrx_word' id='word_1_192' title='bbox 3427 1460 3528 1517; x_wconf 87' lang='grc' dir='ltr'><strong>γαρ</strong></span> <span class='ocrx_word' id='word_1_193' title='bbox 3559 1460 3700 1494; x_wconf 79' lang='grc' dir='ltr'>ουπω</span> <span class='ocrx_word' id='word_1_194' title='bbox 3728 1459 3814 1495; x_wconf 84' lang='grc' dir='ltr'><strong>του</strong></span> 
     </span>
    </p>
   </div>
   <div class='ocr_carea' id='block_1_31' title="bbox 2181 1525 3810 1606">
    <p class='ocr_par' dir='ltr' id='par_1_31' title="bbox 2181 1525 3810 1606">
     <span class='ocr_line' id='line_1_32' title="bbox 2181 1525 3810 1606; baseline 0 -24"><span class='ocrx_word' id='word_1_195' title='bbox 2181 1525 2425 1602; x_wconf 75' lang='grc' dir='ltr'>πέμπτου</span> <span class='ocrx_word' id='word_1_196' title='bbox 2495 1529 2666 1604; x_wconf 81' lang='grc' dir='ltr'>μηνὸς</span> <span class='ocrx_word' id='word_1_197' title='bbox 2729 1528 2868 1603; x_wconf 78' lang='grc' dir='ltr'>μετὰ</span> <span class='ocrx_word' id='word_1_198' title='bbox 2929 1528 3029 1594; x_wconf 79' lang='grc' dir='ltr'>τὴν</span> <span class='ocrx_word' id='word_1_199' title='bbox 3075 1528 3331 1602; x_wconf 75' lang='grc' dir='ltr'>Εὖθυμίου</span> <span class='ocrx_word' id='word_1_200' title='bbox 3374 1528 3623 1606; x_wconf 76' lang='grc' dir='ltr'>γέννησιν</span> <span class='ocrx_word' id='word_1_201' title='bbox 3679 1551 3810 1606; x_wconf 78' lang='grc' dir='ltr'>παρ·</span> 
     </span>
    </p>
   </div>
   <div class='ocr_carea' id='block_1_32' title="bbox 2181 1615 3812 1697">
    <p class='ocr_par' dir='ltr' id='par_1_32' title="bbox 2181 1615 3812 1697">
     <span class='ocr_line' id='line_1_33' title="bbox 2181 1615 3812 1697; baseline -0.001 -23"><span class='ocrx_word' id='word_1_202' title='bbox 2181 1616 2425 1681; x_wconf 84' lang='grc' dir='ltr'>ελθόντος</span> <span class='ocrx_word' id='word_1_203' title='bbox 2454 1667 2472 1692; x_wconf 95' lang='grc'><strong>,</strong></span> <span class='ocrx_word' id='word_1_204' title='bbox 2550 1617 2962 1695; x_wconf 68' lang='grc' dir='ltr'>ἐπιστρατεύσας</span> <span class='ocrx_word' id='word_1_205' title='bbox 3067 1615 3358 1697; x_wconf 74' lang='grc' dir='ltr'>Βαρϐἇροις</span> <span class='ocrx_word' id='word_1_206' title='bbox 3397 1661 3415 1694; x_wconf 86' lang='grc'><strong>,</strong></span> <span class='ocrx_word' id='word_1_207' title='bbox 3506 1618 3812 1693; x_wconf 76' lang='grc' dir='ltr'>ταράττουσι</span> 
     </span>
    </p>
   </div>
   <div class='ocr_carea' id='block_1_33' title="bbox 2179 1705 3810 1785">
    <p class='ocr_par' dir='ltr' id='par_1_33' title="bbox 2179 1705 3810 1785">
     <span class='ocr_line' id='line_1_34' title="bbox 2179 1705 3810 1785; baseline 0.001 -23"><span class='ocrx_word' id='word_1_208' title='bbox 2179 1707 2279 1774; x_wconf 78' lang='grc' dir='ltr'>τήν</span> <span class='ocrx_word' id='word_1_209' title='bbox 2336 1713 2552 1785; x_wconf 73' lang='grc' dir='ltr'>Θρακῶν</span> <span class='ocrx_word' id='word_1_210' title='bbox 2595 1705 2761 1774; x_wconf 80' lang='grc' dir='ltr'>ἀδεῶς</span> <span class='ocrx_word' id='word_1_211' title='bbox 2817 1708 2907 1763; x_wconf 81' lang='grc' dir='ltr'><strong>καὶ</strong></span> <span class='ocrx_word' id='word_1_212' title='bbox 2963 1706 3333 1784; x_wconf 78' lang='grc' dir='ltr'>λη’ίζομένοις,</span> <span class='ocrx_word' id='word_1_213' title='bbox 3397 1708 3484 1764; x_wconf 76' lang='grc' dir='ltr'><strong>καὶ</strong></span> <span class='ocrx_word' id='word_1_214' title='bbox 3524 1709 3617 1773; x_wconf 69' lang='grc' dir='ltr'><strong>τὰς</strong></span> <span class='ocrx_word' id='word_1_215' title='bbox 3659 1707 3810 1764; x_wconf 55' lang='grc' dir='ltr'>δυνά-</span> 
     </span>
    </p>
   </div>
   <div class='ocr_carea' id='block_1_34' title="bbox 453 1788 2094 1877">
    <p class='ocr_par' dir='ltr' id='par_1_34' title="bbox 453 1788 2094 1872">
     <span class='ocr_line' id='line_1_35' title="bbox 453 1788 2094 1872; baseline 0.002 -23"><span class='ocrx_word' id='word_1_216' title='bbox 453 1789 746 1852; x_wconf 90' lang='lat' dir='ltr'><strong>adversus</strong></span> <span class='ocrx_word' id='word_1_217' title='bbox 777 1788 965 1852; x_wconf 89' lang='lat' dir='ltr'><strong>Deum</strong></span> <span class='ocrx_word' id='word_1_218' title='bbox 998 1797 1380 1872; x_wconf 81' lang='lat' dir='ltr'><strong>pugnaverat.</strong></span> <span class='ocrx_word' id='word_1_219' title='bbox 1411 1792 1563 1853; x_wconf 89' lang='lat' dir='ltr'><strong>Nam</strong></span> <span class='ocrx_word' id='word_1_220' title='bbox 1586 1808 1719 1861; x_wconf 83' lang='lat' dir='ltr'><strong>cum</strong></span> <span class='ocrx_word' id='word_1_221' title='bbox 1748 1791 1996 1870; x_wconf 80' lang='lat' dir='ltr'><strong>fugisset</strong></span> <span class='ocrx_word' id='word_1_222' title='bbox 2022 1792 2094 1853; x_wconf 92' lang='lat' dir='ltr'><strong>ad</strong></span> 
     </span>
    </p>
   </div>
   <div class='ocr_carea' id='block_1_35' title="bbox 2185 1788 3813 1877">
    <p class='ocr_par' dir='ltr' id='par_1_35' title="bbox 2185 1796 3813 1877">
     <span class='ocr_line' id='line_1_36' title="bbox 2185 1796 3813 1877; baseline 0 -23"><span class='ocrx_word' id='word_1_223' title='bbox 2185 1818 2298 1872; x_wconf 88' lang='grc' dir='ltr'>μεις</span> <span class='ocrx_word' id='word_1_224' title='bbox 2384 1799 2713 1877; x_wconf 82' lang='grc' dir='ltr'>περικοπεὶς,</span> <span class='ocrx_word' id='word_1_225' title='bbox 2801 1796 2953 1865; x_wconf 85' lang='grc' dir='ltr'>δίκην</span> <span class='ocrx_word' id='word_1_226' title='bbox 3022 1797 3243 1873; x_wconf 76' lang='grc' dir='ltr'>ὕστερον</span> <span class='ocrx_word' id='word_1_227' title='bbox 3300 1797 3399 1853; x_wconf 81' lang='grc' dir='ltr'>καί</span> <span class='ocrx_word' id='word_1_228' title='bbox 3485 1799 3642 1863; x_wconf 70' lang='grc' dir='ltr'>αὐτὸς</span> <span class='ocrx_word' id='word_1_229' title='bbox 3729 1798 3813 1864; x_wconf 68' lang='grc' dir='ltr'><strong>τῆς</strong></span> 
     </span>
    </p>
   </div>
   <div class='ocr_carea' id='block_1_36' title="bbox 455 1879 2094 1960">
    <p class='ocr_par' dir='ltr' id='par_1_36' title="bbox 455 1879 2094 1960">
     <span class='ocr_line' id='line_1_37' title="bbox 455 1879 2094 1960; baseline 0.002 -20"><span class='ocrx_word' id='word_1_230' title='bbox 455 1879 773 1958; x_wconf 85' lang='lat' dir='ltr'><strong>quemdam</strong></span> <span class='ocrx_word' id='word_1_231' title='bbox 803 1881 996 1942; x_wconf 90' lang='lat' dir='ltr'><strong>vicum</strong></span> <span class='ocrx_word' id='word_1_232' title='bbox 1029 1879 1462 1960; x_wconf 87' lang='lat' dir='ltr'><strong>Andrianopoli</strong></span> <span class='ocrx_word' id='word_1_233' title='bbox 1503 1879 1908 1959; x_wconf 86' lang='lat' dir='ltr'><strong>adjacentem,</strong></span> <span class='ocrx_word' id='word_1_234' title='bbox 1944 1880 2094 1943; x_wconf 87' lang='lat' dir='ltr'><strong>Bar-</strong></span> 
     </span>
    </p>
   </div>
   <div class='ocr_carea' id='block_1_37' title="bbox 453 1966 2097 2050">
    <p class='ocr_par' dir='ltr' id='par_1_37' title="bbox 453 1966 2097 2050">
     <span class='ocr_line' id='line_1_38' title="bbox 453 1966 2097 2050; baseline 0.004 -22"><span class='ocrx_word' id='word_1_235' title='bbox 453 1966 606 2049; x_wconf 87' lang='lat' dir='ltr'><strong>bari,</strong></span> <span class='ocrx_word' id='word_1_236' title='bbox 639 1969 988 2032; x_wconf 85' lang='lat' dir='ltr'><strong>incursione</strong></span> <span class='ocrx_word' id='word_1_237' title='bbox 1038 1968 1211 2049; x_wconf 87' lang='lat' dir='ltr'><strong>facta,</strong></span> <span class='ocrx_word' id='word_1_238' title='bbox 1275 1987 1410 2031; x_wconf 91' lang='lat' dir='ltr'><strong>eum</strong></span> <span class='ocrx_word' id='word_1_239' title='bbox 1450 1970 1706 2050; x_wconf 86' lang='lat' dir='ltr'><strong>turpiter</strong></span> <span class='ocrx_word' id='word_1_240' title='bbox 1735 1971 2001 2050; x_wconf 87' lang='lat' dir='ltr'><strong>capiunt,</strong></span> <span class='ocrx_word' id='word_1_241' title='bbox 2040 1981 2097 2034; x_wconf 90' lang='lat' dir='ltr'><strong>et</strong></span> 
     </span>
    </p>
   </div>
   <div class='ocr_carea' id='block_1_38' title="bbox 453 2059 2094 2141">
    <p class='ocr_par' dir='ltr' id='par_1_38' title="bbox 453 2059 2094 2141">
     <span class='ocr_line' id='line_1_39' title="bbox 453 2059 2094 2141; baseline 0.003 -23"><span class='ocrx_word' id='word_1_242' title='bbox 453 2076 571 2119; x_wconf 91' lang='lat' dir='ltr'><strong>una</strong></span> <span class='ocrx_word' id='word_1_243' title='bbox 621 2077 752 2120; x_wconf 91' lang='lat' dir='ltr'><strong>cum</strong></span> <span class='ocrx_word' id='word_1_244' title='bbox 815 2059 944 2121; x_wconf 90' lang='lat' dir='ltr'><strong>vico</strong></span> <span class='ocrx_word' id='word_1_245' title='bbox 996 2059 1370 2138; x_wconf 89' lang='lat' dir='ltr'><strong>incendunt;</strong></span> <span class='ocrx_word' id='word_1_246' title='bbox 1433 2066 1615 2137; x_wconf 89' lang='lat' dir='ltr'><strong>atque</strong></span> <span class='ocrx_word' id='word_1_247' title='bbox 1660 2060 1840 2122; x_wconf 91' lang='lat' dir='ltr'><strong>veluti</strong></span> <span class='ocrx_word' id='word_1_248' title='bbox 1895 2080 2094 2141; x_wconf 76' lang='lat' dir='ltr'><strong>proce-</strong></span> 
     </span>
    </p>
   </div>
   <div class='ocr_carea' id='block_1_39' title="bbox 453 2148 2095 2234">
    <p class='ocr_par' dir='ltr' id='par_1_39' title="bbox 453 2148 2095 2234">
     <span class='ocr_line' id='line_1_40' title="bbox 453 2148 2095 2234; baseline 0.003 -25"><span class='ocrx_word' id='word_1_249' title='bbox 453 2149 640 2210; x_wconf 86' lang='lat' dir='ltr'><strong>mium</strong></span> <span class='ocrx_word' id='word_1_250' title='bbox 671 2148 856 2212; x_wconf 88' lang='lat' dir='ltr'><strong>futuri</strong></span> <span class='ocrx_word' id='word_1_251' title='bbox 903 2149 1026 2212; x_wconf 91' lang='lat' dir='ltr'><strong>illic</strong></span> <span class='ocrx_word' id='word_1_252' title='bbox 1057 2149 1214 2230; x_wconf 78' lang='lat' dir='ltr'><strong>ignis</strong></span> <span class='ocrx_word' id='word_1_253' title='bbox 1259 2149 1474 2230; x_wconf 86' lang='lat' dir='ltr'><strong>accipit</strong></span> <span class='ocrx_word' id='word_1_254' title='bbox 1525 2151 2095 2234; x_wconf 51' lang='lat' dir='ltr'><strong>temporarium:qui</strong></span> 
     </span>
    </p>
   </div>
   <div class='ocr_carea' id='block_1_40' title="bbox 455 2237 690 2304">
    <p class='ocr_par' dir='ltr' id='par_1_40' title="bbox 455 2237 690 2304">
     <span class='ocr_line' id='line_1_41' title="bbox 455 2237 690 2304; baseline 0.021 -5"><span class='ocrx_word' id='word_1_255' title='bbox 455 2237 552 2299; x_wconf 91' lang='lat' dir='ltr'><strong>hic</strong></span> <span class='ocrx_word' id='word_1_256' title='bbox 577 2245 690 2304; x_wconf 89' lang='lat' dir='ltr'><strong>est.</strong></span> 
     </span>
    </p>
   </div>
   <div class='ocr_carea' id='block_1_41' title="bbox 541 2326 2098 2414">
    <p class='ocr_par' dir='ltr' id='par_1_41' title="bbox 541 2326 2098 2414">
     <span class='ocr_line' id='line_1_42' title="bbox 541 2326 2098 2414; baseline 0.002 -23"><span class='ocrx_word' id='word_1_257' title='bbox 541 2327 641 2392; x_wconf 89' lang='lat' dir='ltr'><strong>IV.</strong></span> <span class='ocrx_word' id='word_1_258' title='bbox 697 2326 901 2390; x_wconf 90' lang='lat' dir='ltr'><strong>Tertio</strong></span> <span class='ocrx_word' id='word_1_259' title='bbox 957 2333 1154 2390; x_wconf 91' lang='lat' dir='ltr'><strong>autem</strong></span> <span class='ocrx_word' id='word_1_260' title='bbox 1197 2335 1330 2409; x_wconf 92' lang='lat' dir='ltr'><strong>post</strong></span> <span class='ocrx_word' id='word_1_261' title='bbox 1373 2347 1553 2405; x_wconf 88' lang='lat' dir='ltr'><strong>anno,</strong></span> <span class='ocrx_word' id='word_1_262' title='bbox 1605 2329 1826 2394; x_wconf 84' lang='lat' dir='ltr'><strong>Paulus</strong></span> <span class='ocrx_word' id='word_1_263' title='bbox 1856 2332 2098 2414; x_wconf 86' lang='lat' dir='ltr'><strong>quidem</strong></span> 
     </span>
    </p>
   </div>
   <div class='ocr_carea' id='block_1_42' title="bbox 459 2417 2097 2499">
    <p class='ocr_par' dir='ltr' id='par_1_42' title="bbox 459 2417 2097 2499">
     <span class='ocr_line' id='line_1_43' title="bbox 459 2417 2097 2499; baseline 0.002 -18"><span class='ocrx_word' id='word_1_264' title='bbox 459 2417 762 2499; x_wconf 81' lang='lat' dir='ltr'><strong>Euthymii</strong></span> <span class='ocrx_word' id='word_1_265' title='bbox 813 2425 1003 2498; x_wconf 89' lang='lat' dir='ltr'><strong>pater,</strong></span> <span class='ocrx_word' id='word_1_266' title='bbox 1067 2436 1100 2480; x_wconf 93' lang='lat' dir='ltr'><strong>e</strong></span> <span class='ocrx_word' id='word_1_267' title='bbox 1130 2418 1249 2480; x_wconf 91' lang='lat' dir='ltr'><strong>vita</strong></span> <span class='ocrx_word' id='word_1_268' title='bbox 1305 2418 1585 2497; x_wconf 85' lang='lat' dir='ltr'><strong>excedit;</strong></span> <span class='ocrx_word' id='word_1_269' title='bbox 1636 2420 1762 2482; x_wconf 90' lang='lat' dir='ltr'><strong>sola</strong></span> <span class='ocrx_word' id='word_1_270' title='bbox 1787 2440 1927 2484; x_wconf 90' lang='lat' dir='ltr'><strong>vero</strong></span> <span class='ocrx_word' id='word_1_271' title='bbox 1961 2441 2097 2485; x_wconf 88' lang='lat' dir='ltr'><strong>cum</strong></span> 
     </span>
    </p>
   </div>
   <div class='ocr_carea' id='block_1_43' title="bbox 456 2507 2096 2578">
    <p class='ocr_par' dir='ltr' id='par_1_43' title="bbox 456 2507 2096 2578">
     <span class='ocr_line' id='line_1_44' title="bbox 456 2507 2096 2578; baseline 0.004 -10"><span class='ocrx_word' id='word_1_272' title='bbox 456 2507 580 2569; x_wconf 85' lang='lat' dir='ltr'><strong>filio</strong></span> <span class='ocrx_word' id='word_1_273' title='bbox 616 2515 806 2570; x_wconf 89' lang='lat' dir='ltr'><strong>mater</strong></span> <span class='ocrx_word' id='word_1_274' title='bbox 834 2515 892 2568; x_wconf 92' lang='lat' dir='ltr'><strong>et</strong></span> <span class='ocrx_word' id='word_1_275' title='bbox 921 2507 1104 2570; x_wconf 93' lang='lat' dir='ltr'><strong>vidua</strong></span> <span class='ocrx_word' id='word_1_276' title='bbox 1155 2507 1391 2578; x_wconf 88' lang='lat' dir='ltr'><strong>relicta,</strong></span> <span class='ocrx_word' id='word_1_277' title='bbox 1433 2508 1619 2571; x_wconf 90' lang='lat' dir='ltr'><strong>filium</strong></span> <span class='ocrx_word' id='word_1_278' title='bbox 1666 2529 1868 2573; x_wconf 91' lang='lat' dir='ltr'><strong>secum</strong></span> <span class='ocrx_word' id='word_1_279' title='bbox 1903 2511 2096 2574; x_wconf 82' lang='lat' dir='ltr'><strong>addu-</strong></span> 
     </span>
    </p>
   </div>
   <div class='ocr_carea' id='block_1_44' title="bbox 458 2597 2096 2680">
    <p class='ocr_par' dir='ltr' id='par_1_44' title="bbox 458 2597 2096 2680">
     <span class='ocr_line' id='line_1_45' title="bbox 458 2597 2096 2680; baseline 0.002 -20"><span class='ocrx_word' id='word_1_280' title='bbox 458 2616 627 2677; x_wconf 88' lang='lat' dir='ltr'><strong>cens,</strong></span> <span class='ocrx_word' id='word_1_281' title='bbox 662 2597 898 2661; x_wconf 87' lang='lat' dir='ltr'><strong>accedit</strong></span> <span class='ocrx_word' id='word_1_282' title='bbox 928 2597 999 2659; x_wconf 90' lang='lat' dir='ltr'><strong>ad</strong></span> <span class='ocrx_word' id='word_1_283' title='bbox 1027 2597 1270 2661; x_wconf 77' lang='lat' dir='ltr'><strong>fratrem</strong></span> <span class='ocrx_word' id='word_1_284' title='bbox 1311 2597 1672 2675; x_wconf 80' lang='lat' dir='ltr'><strong>Eudoxium,</strong></span> <span class='ocrx_word' id='word_1_285' title='bbox 1709 2618 1884 2680; x_wconf 89' lang='lat' dir='ltr'><strong>quem</strong></span> <span class='ocrx_word' id='word_1_286' title='bbox 1917 2603 2096 2666; x_wconf 84' lang='lat' dir='ltr'><strong>Otre-</strong></span> 
     </span>
    </p>
   </div>
   <div class='ocr_carea' id='block_1_45' title="bbox 449 2687 2094 2770">
    <p class='ocr_par' dir='ltr' id='par_1_45' title="bbox 449 2687 2094 2770">
     <span class='ocr_line' id='line_1_46' title="bbox 449 2687 2094 2770; baseline 0.002 -20"><span class='ocrx_word' id='word_1_287' title='bbox 449 2689 552 2770; x_wconf 90' lang='lat' dir='ltr'><strong>jus</strong></span> <span class='ocrx_word' id='word_1_288' title='bbox 577 2687 698 2768; x_wconf 90' lang='lat'><strong>(7),</strong></span> <span class='ocrx_word' id='word_1_289' title='bbox 732 2687 834 2770; x_wconf 86' lang='lat' dir='ltr'><strong>qui</strong></span> <span class='ocrx_word' id='word_1_290' title='bbox 864 2687 1240 2750; x_wconf 88' lang='lat' dir='ltr'><strong>Melitenensi</strong></span> <span class='ocrx_word' id='word_1_291' title='bbox 1297 2697 1550 2767; x_wconf 66' lang='lat' dir='ltr'><strong>praeerat</strong></span> <span class='ocrx_word' id='word_1_292' title='bbox 1577 2688 1886 2766; x_wconf 62' lang='lat' dir='ltr'><strong>Ecclesiae,</strong></span> <span class='ocrx_word' id='word_1_293' title='bbox 1921 2711 2094 2754; x_wconf 90' lang='lat' dir='ltr'><strong>suum</strong></span> 
     </span>
    </p>
   </div>
   <div class='ocr_carea' id='block_1_46' title="bbox 455 2776 2098 2862">
    <p class='ocr_par' dir='ltr' id='par_1_46' title="bbox 455 2776 2098 2862">
     <span class='ocr_line' id='line_1_47' title="bbox 455 2776 2098 2862; baseline 0.004 -24"><span class='ocrx_word' id='word_1_294' title='bbox 455 2777 682 2840; x_wconf 78' lang='lat' dir='ltr'><strong>fecerat</strong></span> <span class='ocrx_word' id='word_1_295' title='bbox 741 2776 1149 2839; x_wconf 89' lang='lat' dir='ltr'><strong>confessorem</strong></span> <span class='ocrx_word' id='word_1_296' title='bbox 1209 2776 1335 2858; x_wconf 89' lang='lat'><strong>(8);</strong></span> <span class='ocrx_word' id='word_1_297' title='bbox 1397 2779 1713 2858; x_wconf 91' lang='lat' dir='ltr'><strong>positoque</strong></span> <span class='ocrx_word' id='word_1_298' title='bbox 1769 2788 1909 2843; x_wconf 89' lang='lat' dir='ltr'><strong>ante</strong></span> <span class='ocrx_word' id='word_1_299' title='bbox 1968 2781 2098 2862; x_wconf 81' lang='lat' dir='ltr'><strong>eius</strong></span> 
     </span>
    </p>
   </div>
   <div class='ocr_carea' id='block_1_47' title="bbox 455 2866 2098 2951">
    <p class='ocr_par' dir='ltr' id='par_1_47' title="bbox 455 2866 2098 2951">
     <span class='ocr_line' id='line_1_48' title="bbox 455 2866 2098 2951; baseline 0.003 -23"><span class='ocrx_word' id='word_1_300' title='bbox 455 2885 651 2947; x_wconf 86' lang='lat' dir='ltr'><strong>genua</strong></span> <span class='ocrx_word' id='word_1_301' title='bbox 729 2885 914 2948; x_wconf 86' lang='lat' dir='ltr'><strong>puero</strong></span> <span class='ocrx_word' id='word_1_302' title='bbox 951 2911 969 2938; x_wconf 90' lang='lat'><strong>,</strong></span> <span class='ocrx_word' id='word_1_303' title='bbox 1041 2866 1432 2928; x_wconf 80' lang='lat' dir='ltr'><strong>vehementer</strong></span> <span class='ocrx_word' id='word_1_304' title='bbox 1490 2867 1743 2944; x_wconf 89' lang='lat' dir='ltr'><strong>orabat,</strong></span> <span class='ocrx_word' id='word_1_305' title='bbox 1804 2869 2098 2951; x_wconf 83' lang='lat' dir='ltr'><strong>lacrymas</strong></span> 
     </span>
    </p>
   </div>
   <div class='ocr_carea' id='block_1_48' title="bbox 458 2954 2094 3037">
    <p class='ocr_par' dir='ltr' id='par_1_48' title="bbox 458 2954 2094 3037">
     <span class='ocr_line' id='line_1_49' title="bbox 458 2954 2094 3037; baseline 0.004 -21"><span class='ocrx_word' id='word_1_306' title='bbox 458 2954 740 3017; x_wconf 91' lang='lat' dir='ltr'><strong>emittens</strong></span> <span class='ocrx_word' id='word_1_307' title='bbox 773 2974 840 3018; x_wconf 84' lang='lat' dir='ltr'><strong>ex</strong></span> <span class='ocrx_word' id='word_1_308' title='bbox 875 2955 1086 3029; x_wconf 90' lang='lat' dir='ltr'><strong>oculis,</strong></span> <span class='ocrx_word' id='word_1_309' title='bbox 1113 2973 1336 3037; x_wconf 91' lang='lat' dir='ltr'><strong>easque</strong></span> <span class='ocrx_word' id='word_1_310' title='bbox 1366 2956 1621 3020; x_wconf 88' lang='lat' dir='ltr'><strong>credens</strong></span> <span class='ocrx_word' id='word_1_311' title='bbox 1673 2975 1805 3022; x_wconf 91' lang='lat' dir='ltr'><strong>esse</strong></span> <span class='ocrx_word' id='word_1_312' title='bbox 1837 2960 2094 3024; x_wconf 90' lang='lat' dir='ltr'><strong>validum</strong></span> 
     </span>
    </p>
   </div>
   <div class='ocr_carea' id='block_1_49' title="bbox 2178 1886 3812 1967">
    <p class='ocr_par' dir='ltr' id='par_1_49' title="bbox 2178 1886 3812 1967">
     <span class='ocr_line' id='line_1_50' title="bbox 2178 1886 3812 1967; baseline -0.001 -23"><span class='ocrx_word' id='word_1_313' title='bbox 2178 1890 2476 1967; x_wconf 80' lang='grc' dir='ltr'>θεομαχίας</span> <span class='ocrx_word' id='word_1_314' title='bbox 2522 1887 2668 1954; x_wconf 78' lang='grc' dir='ltr'>ἀξίαν</span> <span class='ocrx_word' id='word_1_315' title='bbox 2713 1887 2877 1950; x_wconf 81' lang='grc' dir='ltr'><strong>²ἐτισε,</strong></span> <span class='ocrx_word' id='word_1_316' title='bbox 2951 1887 3087 1965; x_wconf 87' lang='grc' dir='ltr'>Πρός</span> <span class='ocrx_word' id='word_1_317' title='bbox 3147 1909 3263 1943; x_wconf 88' lang='grc' dir='ltr'>τινα</span> <span class='ocrx_word' id='word_1_318' title='bbox 3321 1887 3425 1965; x_wconf 77' lang='grc' dir='ltr'><strong>γὰρ</strong></span> <span class='ocrx_word' id='word_1_319' title='bbox 3469 1890 3515 1944; x_wconf 81' lang='grc' dir='ltr'>οἱ</span> <span class='ocrx_word' id='word_1_320' title='bbox 3567 1886 3812 1964; x_wconf 70' lang='grc' dir='ltr'>Βάρϐαροι</span> 
     </span>
    </p>
   </div>
   <div class='ocr_carea' id='block_1_50' title="bbox 2179 1974 3813 2057">
    <p class='ocr_par' dir='ltr' id='par_1_50' title="bbox 2179 1974 3813 2057">
     <span class='ocr_line' id='line_1_51' title="bbox 2179 1974 3813 2057; baseline 0 -25"><span class='ocrx_word' id='word_1_321' title='bbox 2179 1975 2437 2057; x_wconf 72' lang='grc' dir='ltr'>φεύγοντα</span> <span class='ocrx_word' id='word_1_322' title='bbox 2500 1977 2692 2051; x_wconf 83' lang='grc' dir='ltr'>κώμην</span> <span class='ocrx_word' id='word_1_323' title='bbox 2754 1978 2872 2055; x_wconf 82' lang='grc' dir='ltr'>περὶ</span> <span class='ocrx_word' id='word_1_324' title='bbox 2931 1974 3366 2054; x_wconf 73' lang='grc' dir='ltr'>Ἀδριανούπολιν</span> <span class='ocrx_word' id='word_1_325' title='bbox 3433 1976 3592 2032; x_wconf 85' lang='grc' dir='ltr'>οὖσαν</span> <span class='ocrx_word' id='word_1_326' title='bbox 3648 1999 3813 2033; x_wconf 86' lang='grc' dir='ltr'>κατα-</span> 
     </span>
    </p>
   </div>
   <div class='ocr_carea' id='block_1_51' title="bbox 2179 2063 3813 2146">
    <p class='ocr_par' dir='ltr' id='par_1_51' title="bbox 2179 2063 3813 2146">
     <span class='ocr_line' id='line_1_52' title="bbox 2179 2063 3813 2146; baseline -0.001 -25"><span class='ocrx_word' id='word_1_327' title='bbox 2179 2063 2493 2146; x_wconf 78' lang='grc' dir='ltr'>δραμόντες,</span> <span class='ocrx_word' id='word_1_328' title='bbox 2545 2066 2742 2144; x_wconf 74' lang='grc' dir='ltr'>αἶροῦσί</span> <span class='ocrx_word' id='word_1_329' title='bbox 2803 2087 2858 2121; x_wconf 87' lang='grc' dir='ltr'><strong>τε</strong></span> <span class='ocrx_word' id='word_1_330' title='bbox 2905 2067 3060 2122; x_wconf 73' lang='grc' dir='ltr'>αύτὶιν</span> <span class='ocrx_word' id='word_1_331' title='bbox 3104 2067 3370 2145; x_wconf 71' lang='grc' dir='ltr'>αἰσχρῶς,</span> <span class='ocrx_word' id='word_1_332' title='bbox 3406 2066 3492 2121; x_wconf 82' lang='grc' dir='ltr'><strong>καὶ</strong></span> <span class='ocrx_word' id='word_1_333' title='bbox 3543 2071 3610 2142; x_wconf 75' lang='grc' dir='ltr'><strong>τῇ</strong></span> <span class='ocrx_word' id='word_1_334' title='bbox 3664 2066 3813 2142; x_wconf 80' lang='grc' dir='ltr'>κώμῃ</span> 
     </span>
    </p>
   </div>
   <div class='ocr_carea' id='block_1_52' title="bbox 2181 2155 3809 2236">
    <p class='ocr_par' dir='ltr' id='par_1_52' title="bbox 2181 2155 3809 2236">
     <span class='ocr_line' id='line_1_53' title="bbox 2181 2155 3809 2236; baseline -0.001 -22"><span class='ocrx_word' id='word_1_335' title='bbox 2181 2157 2649 2236; x_wconf 81' lang='grc' dir='ltr'>συγκατακαίουσι,</span> <span class='ocrx_word' id='word_1_336' title='bbox 2703 2155 2980 2233; x_wconf 80' lang='grc' dir='ltr'>προοίμιον</span> <span class='ocrx_word' id='word_1_337' title='bbox 3040 2155 3220 2234; x_wconf 84' lang='grc' dir='ltr'>ὥσπερ</span> <span class='ocrx_word' id='word_1_338' title='bbox 3263 2158 3354 2212; x_wconf 84' lang='grc' dir='ltr'><strong>τοῦ</strong></span> <span class='ocrx_word' id='word_1_339' title='bbox 3394 2156 3597 2212; x_wconf 75' lang='grc' dir='ltr'>ἐκεῖθεν</span> <span class='ocrx_word' id='word_1_340' title='bbox 3627 2157 3809 2235; x_wconf 78' lang='grc' dir='ltr'>πυρὸς,</span> 
     </span>
    </p>
   </div>
   <div class='ocr_carea' id='block_1_53' title="bbox 2181 2242 3385 2325">
    <p class='ocr_par' dir='ltr' id='par_1_53' title="bbox 2181 2242 3385 2325">
     <span class='ocr_line' id='line_1_54' title="bbox 2181 2242 3385 2325; baseline -0.004 -22"><span class='ocrx_word' id='word_1_341' title='bbox 2181 2249 2243 2304; x_wconf 82' lang='grc' dir='ltr'>τὸ</span> <span class='ocrx_word' id='word_1_342' title='bbox 2272 2247 2494 2304; x_wconf 61' lang='lat' dir='ltr'><strong>imae:</strong></span> <span class='ocrx_word' id='word_1_343' title='bbox 2525 2247 2848 2325; x_wconf 76' lang='grc' dir='ltr'>πρόσκαιρον</span> <span class='ocrx_word' id='word_1_344' title='bbox 2878 2246 3035 2302; x_wconf 85' lang='grc' dir='ltr'>τοῦτο</span> <span class='ocrx_word' id='word_1_345' title='bbox 3066 2242 3385 2325; x_wconf 79' lang='grc' dir='ltr'>δεχόμενον,</span> 
     </span>
    </p>
   </div>
   <div class='ocr_carea' id='block_1_54' title="bbox 2267 2333 3812 2415">
    <p class='ocr_par' dir='ltr' id='par_1_54' title="bbox 2267 2333 3812 2415">
     <span class='ocr_line' id='line_1_55' title="bbox 2267 2333 3812 2415; baseline -0.001 -23"><span class='ocrx_word' id='word_1_346' title='bbox 2267 2336 2356 2400; x_wconf 83' lang='grc' dir='ltr'><strong>Δ¹.</strong></span> <span class='ocrx_word' id='word_1_347' title='bbox 2403 2337 2572 2415; x_wconf 86' lang='grc' dir='ltr'>Τρίτῳ</span> <span class='ocrx_word' id='word_1_348' title='bbox 2613 2333 2666 2391; x_wconf 75' lang='grc' dir='ltr'><em>δὲ</em></span> <span class='ocrx_word' id='word_1_349' title='bbox 2731 2335 2869 2410; x_wconf 76' lang='grc' dir='ltr'>μετὰ</span> <span class='ocrx_word' id='word_1_350' title='bbox 2908 2343 3073 2393; x_wconf 86' lang='grc' dir='ltr'>ταῦτα</span> <span class='ocrx_word' id='word_1_351' title='bbox 3107 2333 3353 2410; x_wconf 76' lang='grc' dir='ltr'>ἐνιαυτῷ,</span> <span class='ocrx_word' id='word_1_352' title='bbox 3408 2334 3610 2399; x_wconf 80' lang='grc' dir='ltr'>Παῦλος</span> <span class='ocrx_word' id='word_1_353' title='bbox 3653 2335 3748 2410; x_wconf 76' lang='grc' dir='ltr'>μὲν</span> <span class='ocrx_word' id='word_1_354' title='bbox 3786 2336 3812 2390; x_wconf 78' lang='grc' dir='ltr'><strong>ὁ</strong></span> 
     </span>
    </p>
   </div>
   <div class='ocr_carea' id='block_1_55' title="bbox 2181 2423 3808 2504">
    <p class='ocr_par' dir='ltr' id='par_1_55' title="bbox 2181 2423 3808 2504">
     <span class='ocr_line' id='line_1_56' title="bbox 2181 2423 3808 2504; baseline -0.001 -22"><span class='ocrx_word' id='word_1_355' title='bbox 2181 2433 2276 2483; x_wconf 90' lang='grc' dir='ltr'><strong>τοῦ</strong></span> <span class='ocrx_word' id='word_1_356' title='bbox 2333 2426 2588 2500; x_wconf 65' lang='grc' dir='ltr'>Εὒθιπμίον</span> <span class='ocrx_word' id='word_1_357' title='bbox 2648 2425 2824 2502; x_wconf 63' lang='grc' dir='ltr'>πατὶρ</span> <span class='ocrx_word' id='word_1_358' title='bbox 2883 2424 3132 2482; x_wconf 84' lang='grc' dir='ltr'>καταλύει</span> <span class='ocrx_word' id='word_1_359' title='bbox 3190 2427 3284 2481; x_wconf 83' lang='grc' dir='ltr'>τὸν</span> <span class='ocrx_word' id='word_1_360' title='bbox 3315 2426 3430 2504; x_wconf 78' lang='grc' dir='ltr'>βίρν</span> <span class='ocrx_word' id='word_1_361' title='bbox 3464 2444 3484 2463; x_wconf 79' lang='grc' dir='ltr'><strong><em>ο</em></strong></span> <span class='ocrx_word' id='word_1_362' title='bbox 3518 2425 3713 2504; x_wconf 77' lang='grc' dir='ltr'>ἔρημος</span> <span class='ocrx_word' id='word_1_363' title='bbox 3758 2423 3808 2480; x_wconf 73' lang='grc' dir='ltr'>δὲ</span> 
     </span>
    </p>
   </div>
   <div class='ocr_carea' id='block_1_56' title="bbox 2182 2515 3807 2596">
    <p class='ocr_par' dir='ltr' id='par_1_56' title="bbox 2182 2515 3807 2596">
     <span class='ocr_line' id='line_1_57' title="bbox 2182 2515 3807 2596; baseline -0.001 -23"><span class='ocrx_word' id='word_1_364' title='bbox 2182 2517 2318 2593; x_wconf 79' lang='grc' dir='ltr'>μετὰ</span> <span class='ocrx_word' id='word_1_365' title='bbox 2373 2523 2466 2573; x_wconf 89' lang='grc' dir='ltr'><strong>τοῦ</strong></span> <span class='ocrx_word' id='word_1_366' title='bbox 2526 2515 2711 2581; x_wconf 75' lang='grc' dir='ltr'>παιδὸς</span> <span class='ocrx_word' id='word_1_367' title='bbox 2755 2517 2788 2584; x_wconf 76' lang='grc' dir='ltr'>ἡ</span> <span class='ocrx_word' id='word_1_368' title='bbox 2846 2516 3029 2594; x_wconf 76' lang='grc' dir='ltr'>μήτηρ</span> <span class='ocrx_word' id='word_1_369' title='bbox 3079 2516 3168 2572; x_wconf 81' lang='grc' dir='ltr'><strong>καὶ</strong></span> <span class='ocrx_word' id='word_1_370' title='bbox 3197 2516 3347 2595; x_wconf 80' lang='grc' dir='ltr'>χήρα</span> <span class='ocrx_word' id='word_1_371' title='bbox 3379 2515 3807 2596; x_wconf 61' lang='grc' dir='ltr'>καταληφθεῖσα,</span> 
     </span>
    </p>
   </div>
   <div class='ocr_carea' id='block_1_57' title="bbox 2181 2602 3810 2685">
    <p class='ocr_par' dir='ltr' id='par_1_57' title="bbox 2181 2602 3810 2685">
     <span class='ocr_line' id='line_1_58' title="bbox 2181 2602 3810 2685; baseline -0.002 -23"><span class='ocrx_word' id='word_1_372' title='bbox 2181 2613 2257 2680; x_wconf 82' lang='grc' dir='ltr'>τῷ</span> <span class='ocrx_word' id='word_1_373' title='bbox 2315 2603 2527 2685; x_wconf 75' lang='grc' dir='ltr'>ἀδελφῷ</span> <span class='ocrx_word' id='word_1_374' title='bbox 2558 2605 2833 2680; x_wconf 82' lang='grc' dir='ltr'>πρόσεισιν</span> <span class='ocrx_word' id='word_1_375' title='bbox 2880 2602 3128 2680; x_wconf 78' lang='grc' dir='ltr'>Εύδοξίῳ,</span> <span class='ocrx_word' id='word_1_376' title='bbox 3179 2606 3241 2660; x_wconf 80' lang='grc' dir='ltr'>τὸ</span> <span class='ocrx_word' id='word_1_377' title='bbox 3272 2603 3460 2662; x_wconf 79' lang='grc' dir='ltr'>τέκνον</span> <span class='ocrx_word' id='word_1_378' title='bbox 3486 2603 3810 2682; x_wconf 69' lang='grc' dir='ltr'>ἓπαγομὲνηο</span> 
     </span>
    </p>
   </div>
   <div class='ocr_carea' id='block_1_58' title="bbox 2179 2691 3810 2774">
    <p class='ocr_par' dir='ltr' id='par_1_58' title="bbox 2179 2691 3810 2774">
     <span class='ocr_line' id='line_1_59' title="bbox 2179 2691 3810 2774; baseline -0.003 -22"><span class='ocrx_word' id='word_1_379' title='bbox 2179 2695 2364 2753; x_wconf 80' lang='grc' dir='ltr'>ὅντινα</span> <span class='ocrx_word' id='word_1_380' title='bbox 2423 2694 2489 2763; x_wconf 81' lang='grc' dir='ltr'><strong>δὴ</strong></span> <span class='ocrx_word' id='word_1_381' title='bbox 2547 2691 2789 2774; x_wconf 73' lang='grc' dir='ltr'>σύνεδρον</span> <span class='ocrx_word' id='word_1_382' title='bbox 2831 2693 3086 2774; x_wconf 77' lang='grc' dir='ltr'>Ὀτρήϊος</span> <span class='ocrx_word' id='word_1_383' title='bbox 3131 2696 3158 2750; x_wconf 83' lang='grc' dir='ltr'>ὁ</span> <span class='ocrx_word' id='word_1_384' title='bbox 3189 2699 3289 2762; x_wconf 77' lang='grc' dir='ltr'><strong>τῆς</strong></span> <span class='ocrx_word' id='word_1_385' title='bbox 3334 2695 3474 2752; x_wconf 86' lang='grc' dir='ltr'>κατᾶ</span> <span class='ocrx_word' id='word_1_386' title='bbox 3519 2694 3810 2761; x_wconf 76' lang='grc' dir='ltr'>Μελιτηνὴν</span> 
     </span>
    </p>
   </div>
   <div class='ocr_carea' id='block_1_59' title="bbox 2179 2781 3810 2864">
    <p class='ocr_par' dir='ltr' id='par_1_59' title="bbox 2179 2781 3810 2864">
     <span class='ocr_line' id='line_1_60' title="bbox 2179 2781 3810 2864; baseline -0.001 -23"><span class='ocrx_word' id='word_1_387' title='bbox 2179 2786 2452 2863; x_wconf 87' lang='grc' dir='ltr'>προεστὼς</span> <span class='ocrx_word' id='word_1_388' title='bbox 2511 2781 2837 2851; x_wconf 82' lang='grc' dir='ltr'>Ἐκκλησίας</span> <span class='ocrx_word' id='word_1_389' title='bbox 2892 2783 3158 2852; x_wconf 81' lang='grc' dir='ltr'>πεποίητο</span> <span class='ocrx_word' id='word_1_390' title='bbox 3193 2799 3207 2814; x_wconf 82' lang='grc'><em>’</em></span> <span class='ocrx_word' id='word_1_391' title='bbox 3265 2785 3354 2840; x_wconf 83' lang='grc' dir='ltr'><strong>καὶ</strong></span> <span class='ocrx_word' id='word_1_392' title='bbox 3381 2786 3486 2864; x_wconf 80' lang='grc' dir='ltr'><strong>πρὸ</strong></span> <span class='ocrx_word' id='word_1_393' title='bbox 3517 2790 3624 2841; x_wconf 84' lang='grc' dir='ltr'>τῶν</span> <span class='ocrx_word' id='word_1_394' title='bbox 3656 2784 3810 2862; x_wconf 87' lang='grc' dir='ltr'>γονά-</span> 
     </span>
    </p>
   </div>
   <div class='ocr_carea' id='block_1_60' title="bbox 2179 2871 3814 2954">
    <p class='ocr_par' dir='ltr' id='par_1_60' title="bbox 2179 2871 3814 2954">
     <span class='ocr_line' id='line_1_61' title="bbox 2383 2872 3684 2896; baseline 0.002 -5"><span class='ocrx_word' id='word_1_395' title='bbox 2383 2877 2397 2896; x_wconf 64' lang='grc'>,</span> <span class='ocrx_word' id='word_1_396' title='bbox 2474 2881 2496 2891; x_wconf 77' lang='grc'><strong>.-</strong></span> <span class='ocrx_word' id='word_1_397' title='bbox 2795 2876 2808 2892; x_wconf 65' lang='grc' dir='ltr'><strong>ι</strong></span> <span class='ocrx_word' id='word_1_398' title='bbox 3187 2872 3207 2892; x_wconf 56' lang='grc' dir='ltr'><strong>η</strong></span> <span class='ocrx_word' id='word_1_399' title='bbox 3239 2878 3265 2896; x_wconf 65' lang='grc' dir='ltr'><strong><em>γ</em></strong></span> <span class='ocrx_word' id='word_1_400' title='bbox 3505 2881 3532 2892; x_wconf 74' lang='grc' dir='ltr'>ι.</span> <span class='ocrx_word' id='word_1_401' title='bbox 3633 2874 3684 2893; x_wconf 64' lang='grc' dir='ltr'><strong>κο</strong></span> 
     </span>
     <span class='ocr_line' id='line_1_62' title="bbox 2179 2871 3814 2954; baseline -0.003 -21"><span class='ocrx_word' id='word_1_402' title='bbox 2179 2898 2285 2933; x_wconf 89' lang='grc' dir='ltr'><strong>των</strong></span> <span class='ocrx_word' id='word_1_403' title='bbox 2346 2897 2500 2932; x_wconf 78' lang='grc' dir='ltr'>αυτου</span> <span class='ocrx_word' id='word_1_404' title='bbox 2541 2879 2698 2932; x_wconf 87' lang='grc' dir='ltr'>θεῖσα</span> <span class='ocrx_word' id='word_1_405' title='bbox 2762 2897 2852 2930; x_wconf 87' lang='grc' dir='ltr'><strong>τον</strong></span> <span class='ocrx_word' id='word_1_406' title='bbox 2897 2871 3086 2948; x_wconf 84' lang='grc' dir='ltr'>παῖδα,</span> <span class='ocrx_word' id='word_1_407' title='bbox 3151 2873 3330 2932; x_wconf 72' lang='grc' dir='ltr'>ἔδειτο</span> <span class='ocrx_word' id='word_1_408' title='bbox 3359 2877 3595 2954; x_wconf 78' lang='grc' dir='ltr'>θερμως,</span> <span class='ocrx_word' id='word_1_409' title='bbox 3629 2893 3814 2952; x_wconf 86' lang='grc' dir='ltr'>οακρυα</span> 
     </span>
    </p>
   </div>
   <div class='ocr_carea' id='block_1_61' title="bbox 2179 2963 3810 3046">
    <p class='ocr_par' dir='ltr' id='par_1_61' title="bbox 2179 2963 3810 3046">
     <span class='ocr_line' id='line_1_63' title="bbox 2179 2963 3810 3046; baseline -0.002 -24"><span class='ocrx_word' id='word_1_410' title='bbox 2179 2968 2283 3022; x_wconf 76' lang='grc' dir='ltr'>τῶν</span> <span class='ocrx_word' id='word_1_411' title='bbox 2359 2963 2646 3046; x_wconf 66' lang='grc' dir='ltr'>ὀφθαλμῶν</span> <span class='ocrx_word' id='word_1_412' title='bbox 2735 2964 2981 3044; x_wconf 76' lang='grc' dir='ltr'>ἀφιεῖσα,</span> <span class='ocrx_word' id='word_1_413' title='bbox 3040 2964 3129 3019; x_wconf 85' lang='grc' dir='ltr'><strong>καὶ</strong></span> <span class='ocrx_word' id='word_1_414' title='bbox 3187 2963 3353 3022; x_wconf 85' lang='grc' dir='ltr'>ταῦτα</span> <span class='ocrx_word' id='word_1_415' title='bbox 3409 2968 3621 3028; x_wconf 80' lang='grc' dir='ltr'>πειθοῦς</span> <span class='ocrx_word' id='word_1_416' title='bbox 3682 2967 3810 3019; x_wconf 82' lang='grc' dir='ltr'>εἶναι</span> 
     </span>
    </p>
   </div>
   <div class='ocr_carea' id='block_1_62' title="bbox 455 3044 2094 3134">
    <p class='ocr_par' dir='ltr' id='par_1_62' title="bbox 455 3044 2094 3128">
     <span class='ocr_line' id='line_1_64' title="bbox 455 3044 2094 3128; baseline 0.002 -20"><span class='ocrx_word' id='word_1_417' title='bbox 455 3044 868 3126; x_wconf 88' lang='lat' dir='ltr'><strong>persuasionis</strong></span> <span class='ocrx_word' id='word_1_418' title='bbox 893 3044 1438 3124; x_wconf 88' lang='lat' dir='ltr'><strong>medicamentum;</strong></span> <span class='ocrx_word' id='word_1_419' title='bbox 1471 3047 1717 3128; x_wconf 82' lang='lat' dir='ltr'><strong>rogabat</strong></span> <span class='ocrx_word' id='word_1_420' title='bbox 1765 3058 1986 3123; x_wconf 88' lang='lat' dir='ltr'><strong>autem,</strong></span> <span class='ocrx_word' id='word_1_421' title='bbox 2033 3059 2094 3112; x_wconf 90' lang='lat' dir='ltr'><strong>nt</strong></span> 
     </span>
    </p>
   </div>
   <div class='ocr_carea' id='block_1_63' title="bbox 2185 3044 3809 3134">
    <p class='ocr_par' dir='ltr' id='par_1_63' title="bbox 2185 3044 3809 3134">
     <span class='ocr_line' id='line_1_65' title="bbox 2185 3044 3809 3134; baseline -0.002 -25"><span class='ocrx_word' id='word_1_422' title='bbox 2185 3044 2453 3134; x_wconf 64' lang='grc' dir='ltr'>φάρμακον</span> <span class='ocrx_word' id='word_1_423' title='bbox 2485 3053 2704 3133; x_wconf 78' lang='grc' dir='ltr'>ἰσχυρὸν</span> <span class='ocrx_word' id='word_1_424' title='bbox 2737 3053 3082 3110; x_wconf 70' lang='grc' dir='ltr'>πιστεύουσα*</span> <span class='ocrx_word' id='word_1_425' title='bbox 3117 3049 3292 3110; x_wconf 70' lang='grc' dir='ltr'>ἐδεῖτο</span> <span class='ocrx_word' id='word_1_426' title='bbox 3335 3049 3413 3134; x_wconf 80' lang='grc' dir='ltr'>δὲ,</span> <span class='ocrx_word' id='word_1_427' title='bbox 3449 3054 3510 3111; x_wconf 89' lang='grc' dir='ltr'><strong>τό</strong></span> <span class='ocrx_word' id='word_1_428' title='bbox 3541 3075 3598 3110; x_wconf 91' lang='grc' dir='ltr'><strong>τε</strong></span> <span class='ocrx_word' id='word_1_429' title='bbox 3627 3055 3809 3122; x_wconf 73' lang='grc' dir='ltr'>νήπιον</span> 
     </span>
    </p>
   </div>
   <div class='ocr_carea' id='block_1_64' title="bbox 456 3133 2094 3220">
    <p class='ocr_par' dir='ltr' id='par_1_64' title="bbox 456 3133 2094 3220">
     <span class='ocr_line' id='line_1_66' title="bbox 456 3133 2094 3220; baseline 0.002 -23"><span class='ocrx_word' id='word_1_430' title='bbox 456 3143 516 3197; x_wconf 90' lang='lat' dir='ltr'><strong>et</strong></span> <span class='ocrx_word' id='word_1_431' title='bbox 568 3133 807 3196; x_wconf 87' lang='lat' dir='ltr'><strong>infantis</strong></span> <span class='ocrx_word' id='word_1_432' title='bbox 865 3143 923 3196; x_wconf 92' lang='lat' dir='ltr'><strong>et</strong></span> <span class='ocrx_word' id='word_1_433' title='bbox 975 3134 1068 3196; x_wconf 91' lang='lat' dir='ltr'><strong>sui</strong></span> <span class='ocrx_word' id='word_1_434' title='bbox 1121 3135 1534 3212; x_wconf 89' lang='lat' dir='ltr'><strong>misereretur,</strong></span> <span class='ocrx_word' id='word_1_435' title='bbox 1587 3156 1964 3220; x_wconf 89' lang='lat' dir='ltr'><strong>puerumque</strong></span> <span class='ocrx_word' id='word_1_436' title='bbox 2022 3141 2094 3201; x_wconf 93' lang='lat' dir='ltr'><strong>ad</strong></span> 
     </span>
    </p>
   </div>
   <div class='ocr_carea' id='block_1_65' title="bbox 453 3223 2095 3308">
    <p class='ocr_par' dir='ltr' id='par_1_65' title="bbox 453 3223 2095 3308">
     <span class='ocr_line' id='line_1_67' title="bbox 453 3223 2095 3308; baseline 0.001 -18"><span class='ocrx_word' id='word_1_437' title='bbox 453 3223 723 3305; x_wconf 89' lang='lat' dir='ltr'><strong>Otrejum</strong></span> <span class='ocrx_word' id='word_1_438' title='bbox 757 3224 1105 3298; x_wconf 85' lang='lat' dir='ltr'><strong>adduceret,</strong></span> <span class='ocrx_word' id='word_1_439' title='bbox 1139 3243 1208 3286; x_wconf 87' lang='lat' dir='ltr'><strong>ac</strong></span> <span class='ocrx_word' id='word_1_440' title='bbox 1241 3225 1293 3286; x_wconf 85' lang='lat' dir='ltr'><strong>ei</strong></span> <span class='ocrx_word' id='word_1_441' title='bbox 1328 3245 1436 3308; x_wconf 92' lang='lat' dir='ltr'><strong>pro</strong></span> <span class='ocrx_word' id='word_1_442' title='bbox 1480 3233 1646 3308; x_wconf 87' lang='lat' dir='ltr'><strong>patre</strong></span> <span class='ocrx_word' id='word_1_443' title='bbox 1675 3227 1942 3292; x_wconf 76' lang='lat' dir='ltr'><strong>otl‘erret.</strong></span> <span class='ocrx_word' id='word_1_444' title='bbox 1984 3231 2095 3292; x_wconf 85' lang='lat' dir='ltr'><strong>At-</strong></span> 
     </span>
    </p>
   </div>
   <div class='ocr_carea' id='block_1_66' title="bbox 450 3312 2092 3396">
    <p class='ocr_par' dir='ltr' id='par_1_66' title="bbox 450 3312 2092 3396">
     <span class='ocr_line' id='line_1_68' title="bbox 450 3312 2092 3396; baseline 0.002 -18"><span class='ocrx_word' id='word_1_445' title='bbox 450 3334 570 3396; x_wconf 91' lang='lat' dir='ltr'><strong>que</strong></span> <span class='ocrx_word' id='word_1_446' title='bbox 601 3323 791 3377; x_wconf 90' lang='lat' dir='ltr'><strong>mater</strong></span> <span class='ocrx_word' id='word_1_447' title='bbox 819 3314 1060 3396; x_wconf 88' lang='lat' dir='ltr'><strong>quidem</strong></span> <span class='ocrx_word' id='word_1_448' title='bbox 1091 3312 1239 3375; x_wconf 86' lang='lat' dir='ltr'><strong>vidit</strong></span> <span class='ocrx_word' id='word_1_449' title='bbox 1290 3316 1641 3396; x_wconf 92' lang='lat' dir='ltr'><strong>petitionem</strong></span> <span class='ocrx_word' id='word_1_450' title='bbox 1695 3315 1812 3378; x_wconf 91' lang='lat' dir='ltr'><strong>sibi</strong></span> <span class='ocrx_word' id='word_1_451' title='bbox 1845 3336 2092 3381; x_wconf 90' lang='lat' dir='ltr'><strong>succes-</strong></span> 
     </span>
    </p>
   </div>
   <div class='ocr_carea' id='block_1_67' title="bbox 449 3402 2093 3488">
    <p class='ocr_par' dir='ltr' id='par_1_67' title="bbox 449 3402 2093 3488">
     <span class='ocr_line' id='line_1_69' title="bbox 449 3402 2093 3488; baseline 0.004 -22"><span class='ocrx_word' id='word_1_452' title='bbox 449 3405 599 3468; x_wconf 90' lang='lat' dir='ltr'><strong>sisse</strong></span> <span class='ocrx_word' id='word_1_453' title='bbox 657 3424 728 3467; x_wconf 80' lang='lat' dir='ltr'><strong>ex</strong></span> <span class='ocrx_word' id='word_1_454' title='bbox 787 3402 1084 3466; x_wconf 87' lang='lat' dir='ltr'><strong>sententia</strong></span> <span class='ocrx_word' id='word_1_455' title='bbox 1119 3425 1132 3462; x_wconf 88' lang='lat'><strong>:</strong></span> <span class='ocrx_word' id='word_1_456' title='bbox 1171 3422 1320 3484; x_wconf 89' lang='lat' dir='ltr'><strong>puer</strong></span> <span class='ocrx_word' id='word_1_457' title='bbox 1351 3405 1461 3467; x_wconf 87' lang='lat' dir='ltr'><strong>fuit</strong></span> <span class='ocrx_word' id='word_1_458' title='bbox 1491 3405 1726 3468; x_wconf 88' lang='lat' dir='ltr'><strong>oblatus</strong></span> <span class='ocrx_word' id='word_1_459' title='bbox 1753 3406 1989 3488; x_wconf 89' lang='lat' dir='ltr'><strong>Otrejo,</strong></span> <span class='ocrx_word' id='word_1_460' title='bbox 2025 3427 2093 3472; x_wconf 89' lang='lat' dir='ltr'><strong>ac</strong></span> 
     </span>
    </p>
   </div>
   <div class='ocr_carea' id='block_1_68' title="bbox 451 3492 1984 3577">
    <p class='ocr_par' dir='ltr' id='par_1_68' title="bbox 451 3492 1984 3577">
     <span class='ocr_line' id='line_1_70' title="bbox 451 3492 1984 3577; baseline 0.003 -19"><span class='ocrx_word' id='word_1_461' title='bbox 451 3514 558 3577; x_wconf 89' lang='lat' dir='ltr'><strong>per</strong></span> <span class='ocrx_word' id='word_1_462' title='bbox 589 3514 723 3558; x_wconf 92' lang='lat' dir='ltr'><strong>eum</strong></span> <span class='ocrx_word' id='word_1_463' title='bbox 754 3492 900 3569; x_wconf 90' lang='lat' dir='ltr'><strong>Deo,</strong></span> <span class='ocrx_word' id='word_1_464' title='bbox 927 3494 1083 3555; x_wconf 86' lang='lat' dir='ltr'><strong>sicut</strong></span> <span class='ocrx_word' id='word_1_465' title='bbox 1112 3493 1214 3556; x_wconf 91' lang='lat' dir='ltr'><strong>diu</strong></span> <span class='ocrx_word' id='word_1_466' title='bbox 1239 3503 1380 3560; x_wconf 90' lang='lat' dir='ltr'><strong>ante</strong></span> <span class='ocrx_word' id='word_1_467' title='bbox 1410 3494 1483 3559; x_wconf 83' lang='lat' dir='ltr'><strong>ab</strong></span> <span class='ocrx_word' id='word_1_468' title='bbox 1516 3498 1686 3559; x_wconf 83' lang='lat' dir='ltr'><strong>Anna</strong></span> <span class='ocrx_word' id='word_1_469' title='bbox 1720 3499 1984 3563; x_wconf 90' lang='lat' dir='ltr'><strong>Samuel.</strong></span> 
     </span>
    </p>
   </div>
   <div class='ocr_carea' id='block_1_69' title="bbox 535 3673 2094 3758">
    <p class='ocr_par' dir='ltr' id='par_1_69' title="bbox 535 3673 2094 3758">
     <span class='ocr_line' id='line_1_71' title="bbox 535 3673 2094 3758; baseline 0.005 -26"><span class='ocrx_word' id='word_1_470' title='bbox 535 3676 606 3737; x_wconf 91' lang='lat' dir='ltr'><strong>V.</strong></span> <span class='ocrx_word' id='word_1_471' title='bbox 637 3673 877 3756; x_wconf 89' lang='lat' dir='ltr'><strong>Otrejus</strong></span> <span class='ocrx_word' id='word_1_472' title='bbox 906 3692 1045 3736; x_wconf 91' lang='lat' dir='ltr'><strong>vero</strong></span> <span class='ocrx_word' id='word_1_473' title='bbox 1079 3693 1214 3740; x_wconf 91' lang='lat' dir='ltr'><strong>eum</strong></span> <span class='ocrx_word' id='word_1_474' title='bbox 1273 3673 1546 3748; x_wconf 87' lang='lat' dir='ltr'><strong>intuitus,</strong></span> <span class='ocrx_word' id='word_1_475' title='bbox 1583 3694 1702 3739; x_wconf 88' lang='lat' dir='ltr'><strong>non</strong></span> <span class='ocrx_word' id='word_1_476' title='bbox 1736 3675 2094 3758; x_wconf 87' lang='lat' dir='ltr'><strong>simpliciter</strong></span> 
     </span>
    </p>
   </div>
   <div class='ocr_carea' id='block_1_70' title="bbox 454 3764 2088 3847">
    <p class='ocr_par' dir='ltr' id='par_1_70' title="bbox 454 3764 2088 3847">
     <span class='ocr_line' id='line_1_72' title="bbox 454 3764 2088 3847; baseline 0.002 -20"><span class='ocrx_word' id='word_1_477' title='bbox 454 3771 681 3827; x_wconf 89' lang='lat' dir='ltr'><strong>tantum</strong></span> <span class='ocrx_word' id='word_1_478' title='bbox 707 3765 958 3846; x_wconf 80' lang='lat' dir='ltr'><strong>aspexit,</strong></span> <span class='ocrx_word' id='word_1_479' title='bbox 983 3764 1087 3827; x_wconf 90' lang='lat' dir='ltr'><strong>sed</strong></span> <span class='ocrx_word' id='word_1_480' title='bbox 1113 3765 1293 3829; x_wconf 90' lang='lat' dir='ltr'><strong>etiam</strong></span> <span class='ocrx_word' id='word_1_481' title='bbox 1318 3764 1501 3827; x_wconf 87' lang='lat' dir='ltr'><strong>animi</strong></span> <span class='ocrx_word' id='word_1_482' title='bbox 1526 3765 1887 3847; x_wconf 91' lang='lat' dir='ltr'><strong>profundum</strong></span> <span class='ocrx_word' id='word_1_483' title='bbox 1913 3768 2088 3830; x_wconf 88' lang='lat' dir='ltr'><strong>simul</strong></span> 
     </span>
    </p>
   </div>
   <div class='ocr_carea' id='block_1_71' title="bbox 451 3854 2088 3937">
    <p class='ocr_par' dir='ltr' id='par_1_71' title="bbox 451 3854 2088 3937">
     <span class='ocr_line' id='line_1_73' title="bbox 451 3854 2088 3937; baseline 0.002 -20"><span class='ocrx_word' id='word_1_484' title='bbox 451 3854 938 3936; x_wconf 83' lang='lat' dir='ltr'><strong>subiit,ejusdem</strong></span> <span class='ocrx_word' id='word_1_485' title='bbox 967 3855 1154 3918; x_wconf 90' lang='lat' dir='ltr'><strong>animi</strong></span> <span class='ocrx_word' id='word_1_486' title='bbox 1176 3854 1467 3937; x_wconf 89' lang='lat' dir='ltr'><strong>quosdam</strong></span> <span class='ocrx_word' id='word_1_487' title='bbox 1491 3855 1847 3918; x_wconf 88' lang='lat' dir='ltr'><strong>secretiores</strong></span> <span class='ocrx_word' id='word_1_488' title='bbox 1871 3865 2088 3934; x_wconf 90' lang='lat' dir='ltr'><strong>motus,</strong></span> 
     </span>
    </p>
   </div>
   <div class='ocr_carea' id='block_1_72' title="bbox 453 3944 2088 4027">
    <p class='ocr_par' dir='ltr' id='par_1_72' title="bbox 453 3944 2088 4027">
     <span class='ocr_line' id='line_1_74' title="bbox 453 3944 2088 4027; baseline 0.001 -18"><span class='ocrx_word' id='word_1_489' title='bbox 453 3944 646 4027; x_wconf 79' lang='lat' dir='ltr'><strong>quoad</strong></span> <span class='ocrx_word' id='word_1_490' title='bbox 671 3945 798 4006; x_wconf 90' lang='lat' dir='ltr'><strong>fieri</strong></span> <span class='ocrx_word' id='word_1_491' title='bbox 845 3945 1036 4025; x_wconf 89' lang='lat' dir='ltr'><strong>potuit</strong></span> <span class='ocrx_word' id='word_1_492' title='bbox 1067 3947 1417 4027; x_wconf 89' lang='lat' dir='ltr'><strong>conjectans</strong></span> <span class='ocrx_word' id='word_1_493' title='bbox 1448 3945 1818 4008; x_wconf 88' lang='lat' dir='ltr'><strong>acutissime.</strong></span> <span class='ocrx_word' id='word_1_494' title='bbox 1852 3945 1920 4009; x_wconf 74' lang='lat' dir='ltr'><strong>Iit</strong></span> <span class='ocrx_word' id='word_1_495' title='bbox 1951 3967 2088 4011; x_wconf 91' lang='lat' dir='ltr'><strong>vero</strong></span> 
     </span>
    </p>
   </div>
   <div class='ocr_carea' id='block_1_73' title="bbox 454 4034 2089 4112">
    <p class='ocr_par' dir='ltr' id='par_1_73' title="bbox 454 4034 2089 4112">
     <span class='ocr_line' id='line_1_75' title="bbox 454 4034 2089 4112; baseline 0.001 -13"><span class='ocrx_word' id='word_1_496' title='bbox 454 4055 587 4099; x_wconf 91' lang='lat' dir='ltr'><strong>cum</strong></span> <span class='ocrx_word' id='word_1_497' title='bbox 612 4034 688 4096; x_wconf 91' lang='lat' dir='ltr'><strong>de</strong></span> <span class='ocrx_word' id='word_1_498' title='bbox 709 4035 921 4096; x_wconf 85' lang='lat' dir='ltr'><strong>matris</strong></span> <span class='ocrx_word' id='word_1_499' title='bbox 937 4035 1251 4098; x_wconf 88' lang='lat' dir='ltr'><strong>sterilitate</strong></span> <span class='ocrx_word' id='word_1_500' title='bbox 1263 4034 1687 4112; x_wconf 88' lang='lat' dir='ltr'><strong>audivisset,ac</strong></span> <span class='ocrx_word' id='word_1_501' title='bbox 1701 4036 1774 4099; x_wconf 91' lang='lat' dir='ltr'><strong>de</strong></span> <span class='ocrx_word' id='word_1_502' title='bbox 1797 4037 2089 4101; x_wconf 89' lang='lat' dir='ltr'><strong>diviniore</strong></span> 
     </span>
    </p>
   </div>
   <div class='ocr_carea' id='block_1_74' title="bbox 453 4121 2089 4207">
    <p class='ocr_par' dir='ltr' id='par_1_74' title="bbox 453 4121 2089 4207">
     <span class='ocr_line' id='line_1_76' title="bbox 453 4121 2089 4207; baseline 0.002 -23"><span class='ocrx_word' id='word_1_503' title='bbox 453 4124 555 4184; x_wconf 91' lang='lat' dir='ltr'><strong>illa</strong></span> <span class='ocrx_word' id='word_1_504' title='bbox 577 4121 1037 4202; x_wconf 89' lang='lat' dir='ltr'><strong>apparitione,et</strong></span> <span class='ocrx_word' id='word_1_505' title='bbox 1051 4123 1556 4204; x_wconf 90' lang='lat' dir='ltr'><strong>quemadmodum</strong></span> <span class='ocrx_word' id='word_1_506' title='bbox 1570 4143 1718 4206; x_wconf 89' lang='lat' dir='ltr'><strong>opus</strong></span> <span class='ocrx_word' id='word_1_507' title='bbox 1733 4127 2089 4207; x_wconf 88' lang='lat' dir='ltr'><strong>precationis</strong></span> 
     </span>
    </p>
   </div>
   <div class='ocr_carea' id='block_1_75' title="bbox 2181 3142 3812 3222">
    <p class='ocr_par' dir='ltr' id='par_1_75' title="bbox 2181 3142 3812 3222">
     <span class='ocr_line' id='line_1_77' title="bbox 2181 3142 3812 3222; baseline -0.002 -24"><span class='ocrx_word' id='word_1_508' title='bbox 2181 3143 2269 3198; x_wconf 83' lang='grc' dir='ltr'><strong>καὶ</strong></span> <span class='ocrx_word' id='word_1_509' title='bbox 2328 3142 2492 3209; x_wconf 75' lang='grc' dir='ltr'>αὒτὴν</span> <span class='ocrx_word' id='word_1_510' title='bbox 2549 3144 2806 3222; x_wconf 76' lang='grc' dir='ltr'>οἰκτεῖραι</span> <span class='ocrx_word' id='word_1_511' title='bbox 2863 3143 2952 3198; x_wconf 88' lang='grc' dir='ltr'><strong>καὶ</strong></span> <span class='ocrx_word' id='word_1_512' title='bbox 3005 3155 3372 3222; x_wconf 77' lang='grc' dir='ltr'>προσαγαγεῖν</span> <span class='ocrx_word' id='word_1_513' title='bbox 3439 3142 3677 3221; x_wconf 77' lang='grc' dir='ltr'>Ὀτρηίῳ</span> <span class='ocrx_word' id='word_1_514' title='bbox 3729 3142 3812 3196; x_wconf 83' lang='grc' dir='ltr'><strong>τὸν</strong></span> 
     </span>
    </p>
   </div>
   <div class='ocr_carea' id='block_1_76' title="bbox 2179 3229 3812 3310">
    <p class='ocr_par' dir='ltr' id='par_1_76' title="bbox 2179 3229 3812 3310">
     <span class='ocr_line' id='line_1_78' title="bbox 2179 3229 3812 3310; baseline -0.002 -22"><span class='ocrx_word' id='word_1_515' title='bbox 2179 3229 2371 3306; x_wconf 80' lang='grc' dir='ltr'>παῖδα,</span> <span class='ocrx_word' id='word_1_516' title='bbox 2431 3232 2518 3288; x_wconf 85' lang='grc' dir='ltr'><strong>καὶ</strong></span> <span class='ocrx_word' id='word_1_517' title='bbox 2579 3233 2718 3306; x_wconf 65' lang='grc' dir='ltr'>αύτῷ</span> <span class='ocrx_word' id='word_1_518' title='bbox 2767 3230 2880 3288; x_wconf 70' lang='grc' dir='ltr'>ἀντὶ</span> <span class='ocrx_word' id='word_1_519' title='bbox 2913 3234 3114 3310; x_wconf 73' lang='grc' dir='ltr'>πατρὸς</span> <span class='ocrx_word' id='word_1_520' title='bbox 3159 3231 3462 3294; x_wconf 80' lang='grc' dir='ltr'>ἀναθεῖναι.</span> <span class='ocrx_word' id='word_1_521' title='bbox 3497 3231 3561 3289; x_wconf 83' lang='grc' dir='ltr'><strong><em>Ἥ</em></strong></span> <span class='ocrx_word' id='word_1_522' title='bbox 3607 3231 3700 3307; x_wconf 79' lang='grc' dir='ltr'>μὲν</span> <span class='ocrx_word' id='word_1_523' title='bbox 3731 3229 3812 3287; x_wconf 75' lang='grc' dir='ltr'><strong>οῦν</strong></span> 
     </span>
    </p>
   </div>
   <div class='ocr_carea' id='block_1_77' title="bbox 2179 3319 3812 3400">
    <p class='ocr_par' dir='ltr' id='par_1_77' title="bbox 2179 3319 3812 3400">
     <span class='ocr_line' id='line_1_79' title="bbox 2179 3319 3812 3400; baseline -0.001 -24"><span class='ocrx_word' id='word_1_524' title='bbox 2179 3323 2362 3400; x_wconf 74' lang='grc' dir='ltr'>μήτηρ</span> <span class='ocrx_word' id='word_1_525' title='bbox 2433 3321 2568 3378; x_wconf 82' lang='grc' dir='ltr'>κατᾶ</span> <span class='ocrx_word' id='word_1_526' title='bbox 2651 3320 2874 3397; x_wconf 86' lang='grc' dir='ltr'>γνώμην</span> <span class='ocrx_word' id='word_1_527' title='bbox 2953 3319 3186 3378; x_wconf 71' lang='grc' dir='ltr'>ἐκϐᾶσαν</span> <span class='ocrx_word' id='word_1_528' title='bbox 3242 3320 3378 3390; x_wconf 75' lang='grc' dir='ltr'><strong>αύτῆ</strong></span> <span class='ocrx_word' id='word_1_529' title='bbox 3441 3322 3539 3388; x_wconf 75' lang='grc' dir='ltr'><strong>τὴν</strong></span> <span class='ocrx_word' id='word_1_530' title='bbox 3601 3320 3812 3386; x_wconf 82' lang='grc' dir='ltr'>αίτησιν</span> 
     </span>
    </p>
   </div>
   <div class='ocr_carea' id='block_1_78' title="bbox 2179 3409 3813 3492">
    <p class='ocr_par' dir='ltr' id='par_1_78' title="bbox 2179 3409 3813 3492">
     <span class='ocr_line' id='line_1_80' title="bbox 2179 3409 3813 3492; baseline -0.002 -26"><span class='ocrx_word' id='word_1_531' title='bbox 2179 3409 2346 3492; x_wconf 76' lang='grc' dir='ltr'>εἶδεν,</span> <span class='ocrx_word' id='word_1_532' title='bbox 2381 3409 2620 3491; x_wconf 78' lang='grc' dir='ltr'>Ὀτρηίῳ</span> <span class='ocrx_word' id='word_1_533' title='bbox 2665 3432 2721 3466; x_wconf 88' lang='grc' dir='ltr'><strong>τε</strong></span> <span class='ocrx_word' id='word_1_534' title='bbox 2755 3413 2782 3466; x_wconf 85' lang='grc' dir='ltr'>ὁ</span> <span class='ocrx_word' id='word_1_535' title='bbox 2827 3423 2962 3475; x_wconf 81' lang='grc' dir='ltr'>παῖς</span> <span class='ocrx_word' id='word_1_536' title='bbox 2994 3409 3284 3491; x_wconf 74' lang='grc' dir='ltr'>ἀνετίθετο,</span> <span class='ocrx_word' id='word_1_537' title='bbox 3317 3412 3404 3468; x_wconf 82' lang='grc' dir='ltr'><strong>καὶ</strong></span> <span class='ocrx_word' id='word_1_538' title='bbox 3437 3409 3506 3467; x_wconf 83' lang='grc' dir='ltr'>δι’</span> <span class='ocrx_word' id='word_1_539' title='bbox 3550 3414 3704 3470; x_wconf 72' lang='grc' dir='ltr'>αὒτοῦ</span> <span class='ocrx_word' id='word_1_540' title='bbox 3742 3413 3813 3477; x_wconf 81' lang='grc' dir='ltr'>τῷ</span> 
     </span>
    </p>
   </div>
   <div class='ocr_carea' id='block_1_79' title="bbox 2177 3498 3812 3581">
    <p class='ocr_par' dir='ltr' id='par_1_79' title="bbox 2177 3498 3812 3581">
     <span class='ocr_line' id='line_1_81' title="bbox 2177 3498 3812 3581; baseline -0.001 -23"><span class='ocrx_word' id='word_1_541' title='bbox 2177 3505 2316 3577; x_wconf 85' lang='grc' dir='ltr'>Θεῷ,</span> <span class='ocrx_word' id='word_1_542' title='bbox 2373 3502 2608 3581; x_wconf 74' lang='grc' dir='ltr'>καθάπερ</span> <span class='ocrx_word' id='word_1_543' title='bbox 2671 3498 2857 3577; x_wconf 87' lang='grc' dir='ltr'>πολλῷ</span> <span class='ocrx_word' id='word_1_544' title='bbox 2900 3501 3156 3581; x_wconf 82' lang='grc' dir='ltr'>πρότερον</span> <span class='ocrx_word' id='word_1_545' title='bbox 3199 3503 3299 3558; x_wconf 81' lang='grc' dir='ltr'>ὑπὸ</span> <span class='ocrx_word' id='word_1_546' title='bbox 3368 3507 3471 3570; x_wconf 79' lang='grc' dir='ltr'>τῆς</span> <span class='ocrx_word' id='word_1_547' title='bbox 3529 3501 3737 3567; x_wconf 82' lang='grc' dir='ltr'>⁹⁹Αννης</span> <span class='ocrx_word' id='word_1_548' title='bbox 3786 3501 3812 3556; x_wconf 77' lang='grc' dir='ltr'>ὁ</span> 
     </span>
    </p>
   </div>
   <div class='ocr_carea' id='block_1_80' title="bbox 2177 3589 2454 3668">
    <p class='ocr_par' dir='ltr' id='par_1_80' title="bbox 2177 3589 2454 3668">
     <span class='ocr_line' id='line_1_82' title="bbox 2177 3589 2454 3668; baseline 0.011 -20"><span class='ocrx_word' id='word_1_549' title='bbox 2177 3589 2454 3668; x_wconf 72' lang='grc' dir='ltr'>Σαμουῆλ.</span> 
     </span>
    </p>
   </div>
   <div class='ocr_carea' id='block_1_81' title="bbox 2257 3677 3810 3761">
    <p class='ocr_par' dir='ltr' id='par_1_81' title="bbox 2257 3677 3810 3761">
     <span class='ocr_line' id='line_1_83' title="bbox 2257 3677 3810 3761; baseline -0.004 -22"><span class='ocrx_word' id='word_1_550' title='bbox 2257 3679 2344 3742; x_wconf 75' lang='grc' dir='ltr'><strong>Ε’.</strong></span> <span class='ocrx_word' id='word_1_551' title='bbox 2401 3679 2657 3761; x_wconf 69' lang='grc' dir='ltr'>Ὀτρήῖος</span> <span class='ocrx_word' id='word_1_552' title='bbox 2708 3678 2766 3736; x_wconf 74' lang='grc' dir='ltr'><strong>δὲ</strong></span> <span class='ocrx_word' id='word_1_553' title='bbox 2823 3681 3011 3738; x_wconf 86' lang='grc' dir='ltr'>τοῦτον</span> <span class='ocrx_word' id='word_1_554' title='bbox 3065 3677 3214 3752; x_wconf 75' lang='grc' dir='ltr'>ἰδὼν,</span> <span class='ocrx_word' id='word_1_555' title='bbox 3277 3680 3381 3760; x_wconf 69' lang='grc' dir='ltr'><strong>οὔχ</strong></span> <span class='ocrx_word' id='word_1_556' title='bbox 3428 3678 3615 3744; x_wconf 63' lang='grc' dir='ltr'>ἅπλῶς</span> <span class='ocrx_word' id='word_1_557' title='bbox 3653 3677 3810 3751; x_wconf 76' lang='grc' dir='ltr'>εἶδεν,</span> 
     </span>
    </p>
   </div>
   <div class='ocr_carea' id='block_1_82' title="bbox 2173 3767 3808 3850">
    <p class='ocr_par' dir='ltr' id='par_1_82' title="bbox 2173 3767 3808 3850">
     <span class='ocr_line' id='line_1_84' title="bbox 2173 3767 3808 3850; baseline -0.002 -24"><span class='ocrx_word' id='word_1_558' title='bbox 2173 3769 2312 3827; x_wconf 74' lang='grc' dir='ltr'>ἀλλὰ</span> <span class='ocrx_word' id='word_1_559' title='bbox 2369 3773 2456 3828; x_wconf 77' lang='grc' dir='ltr'><strong>καὶ</strong></span> <span class='ocrx_word' id='word_1_560' title='bbox 2526 3773 2598 3835; x_wconf 76' lang='grc' dir='ltr'>εἰς</span> <span class='ocrx_word' id='word_1_561' title='bbox 2669 3771 2731 3827; x_wconf 75' lang='grc' dir='ltr'>τὸ</span> <span class='ocrx_word' id='word_1_562' title='bbox 2789 3770 2948 3847; x_wconf 71' lang='grc' dir='ltr'>βάθος</span> <span class='ocrx_word' id='word_1_563' title='bbox 2993 3767 3106 3842; x_wconf 77' lang='grc' dir='ltr'>ἅμα</span> <span class='ocrx_word' id='word_1_564' title='bbox 3145 3773 3246 3836; x_wconf 75' lang='grc' dir='ltr'>τῆς</span> <span class='ocrx_word' id='word_1_565' title='bbox 3295 3773 3483 3850; x_wconf 78' lang='grc' dir='ltr'>ψυχῆς</span> <span class='ocrx_word' id='word_1_566' title='bbox 3529 3767 3808 3840; x_wconf 79' lang='grc' dir='ltr'>εἷσεδύετο,</span> 
     </span>
    </p>
   </div>
   <div class='ocr_carea' id='block_1_83' title="bbox 2177 3856 3808 3937">
    <p class='ocr_par' dir='ltr' id='par_1_83' title="bbox 2177 3856 3808 3937">
     <span class='ocr_line' id='line_1_85' title="bbox 2177 3856 3808 3937; baseline -0.003 -22"><span class='ocrx_word' id='word_1_567' title='bbox 2177 3859 2262 3915; x_wconf 78' lang='grc' dir='ltr'><strong>καί</strong></span> <span class='ocrx_word' id='word_1_568' title='bbox 2305 3882 2460 3916; x_wconf 82' lang='grc' dir='ltr'>τινων</span> <span class='ocrx_word' id='word_1_569' title='bbox 2507 3859 2665 3927; x_wconf 73' lang='grc' dir='ltr'>αὒτῆς</span> <span class='ocrx_word' id='word_1_570' title='bbox 2709 3856 3148 3937; x_wconf 81' lang='grc' dir='ltr'>ἀποῤῥητοτέρων</span> <span class='ocrx_word' id='word_1_571' title='bbox 3197 3859 3274 3922; x_wconf 81' lang='grc' dir='ltr'>ὡς</span> <span class='ocrx_word' id='word_1_572' title='bbox 3321 3859 3449 3924; x_wconf 77' lang='grc' dir='ltr'>ἐνῆν</span> <span class='ocrx_word' id='word_1_573' title='bbox 3481 3858 3808 3933; x_wconf 75' lang='grc' dir='ltr'>κινημάτων,</span> 
     </span>
    </p>
   </div>
   <div class='ocr_carea' id='block_1_84' title="bbox 2171 3945 3808 4029">
    <p class='ocr_par' dir='ltr' id='par_1_84' title="bbox 2171 3945 3808 4029">
     <span class='ocr_line' id='line_1_86' title="bbox 2171 3945 3808 4029; baseline -0.002 -25"><span class='ocrx_word' id='word_1_574' title='bbox 2171 3948 2393 4014; x_wconf 74' lang='grc' dir='ltr'>δξύτατα</span> <span class='ocrx_word' id='word_1_575' title='bbox 2423 3948 2859 4029; x_wconf 76' lang='grc' dir='ltr'>στοχασάμενος,</span> <span class='ocrx_word' id='word_1_576' title='bbox 2913 3948 3105 4003; x_wconf 82' lang='grc' dir='ltr'>Μαθὼν</span> <span class='ocrx_word' id='word_1_577' title='bbox 3160 3945 3214 4002; x_wconf 77' lang='grc' dir='ltr'><strong>δὲ</strong></span> <span class='ocrx_word' id='word_1_578' title='bbox 3272 3949 3360 4005; x_wconf 81' lang='grc' dir='ltr'><strong>καὶ</strong></span> <span class='ocrx_word' id='word_1_579' title='bbox 3419 3949 3486 4004; x_wconf 79' lang='grc' dir='ltr'><strong>τὰ</strong></span> <span class='ocrx_word' id='word_1_580' title='bbox 3531 3953 3627 4014; x_wconf 77' lang='grc' dir='ltr'>τῆς</span> <span class='ocrx_word' id='word_1_581' title='bbox 3669 3967 3808 4002; x_wconf 87' lang='grc' dir='ltr'>στει-</span> 
     </span>
    </p>
   </div>
   <div class='ocr_carea' id='block_1_85' title="bbox 2171 4037 3810 4117">
    <p class='ocr_par' dir='ltr' id='par_1_85' title="bbox 2171 4037 3810 4117">
     <span class='ocr_line' id='line_1_87' title="bbox 2171 4037 3810 4117; baseline -0.004 -21"><span class='ocrx_word' id='word_1_582' title='bbox 2171 4039 2385 4117; x_wconf 87' lang='grc' dir='ltr'>ρώσεως</span> <span class='ocrx_word' id='word_1_583' title='bbox 2445 4045 2544 4106; x_wconf 80' lang='grc' dir='ltr'><strong>τῆς</strong></span> <span class='ocrx_word' id='word_1_584' title='bbox 2606 4039 2835 4117; x_wconf 78' lang='grc' dir='ltr'>μητρὸς,</span> <span class='ocrx_word' id='word_1_585' title='bbox 2901 4037 2992 4095; x_wconf 86' lang='grc' dir='ltr'><strong>καὶ</strong></span> <span class='ocrx_word' id='word_1_586' title='bbox 3051 4037 3116 4094; x_wconf 75' lang='grc' dir='ltr'><strong>τὰ</strong></span> <span class='ocrx_word' id='word_1_587' title='bbox 3167 4041 3262 4104; x_wconf 81' lang='grc' dir='ltr'><strong>τῆς</strong></span> <span class='ocrx_word' id='word_1_588' title='bbox 3320 4037 3588 4111; x_wconf 82' lang='grc' dir='ltr'>θειοτέρας</span> <span class='ocrx_word' id='word_1_589' title='bbox 3632 4037 3810 4114; x_wconf 77' lang='grc' dir='ltr'>ἐπιφα-</span> 
     </span>
    </p>
   </div>
   <div class='ocr_carea' id='block_1_86' title="bbox 2171 4125 3809 4206">
    <p class='ocr_par' dir='ltr' id='par_1_86' title="bbox 2171 4125 3809 4206">
     <span class='ocr_line' id='line_1_88' title="bbox 2171 4125 3809 4206; baseline -0.002 -23"><span class='ocrx_word' id='word_1_590' title='bbox 2171 4128 2333 4203; x_wconf 88' lang='grc' dir='ltr'>νείας,</span> <span class='ocrx_word' id='word_1_591' title='bbox 2393 4129 2480 4184; x_wconf 86' lang='grc' dir='ltr'><strong>καὶ</strong></span> <span class='ocrx_word' id='word_1_592' title='bbox 2540 4125 2682 4191; x_wconf 81' lang='grc' dir='ltr'>ὅπως</span> <span class='ocrx_word' id='word_1_593' title='bbox 2747 4125 2910 4206; x_wconf 76' lang='grc' dir='ltr'>εύχῆς</span> <span class='ocrx_word' id='word_1_594' title='bbox 2975 4125 3128 4205; x_wconf 82' lang='grc' dir='ltr'>ἔργον</span> <span class='ocrx_word' id='word_1_595' title='bbox 3177 4127 3211 4195; x_wconf 76' lang='grc' dir='ltr'><strong>ἡ</strong></span> <span class='ocrx_word' id='word_1_596' title='bbox 3257 4125 3527 4204; x_wconf 81' lang='grc' dir='ltr'>σύλληψις</span> <span class='ocrx_word' id='word_1_597' title='bbox 3599 4128 3688 4199; x_wconf 79' lang='grc' dir='ltr'>ἦν,</span> <span class='ocrx_word' id='word_1_598' title='bbox 3748 4146 3809 4181; x_wconf 80' lang='grc' dir='ltr'><strong>κα</strong></span> 
     </span>
    </p>
   </div>
   <div class='ocr_carea' id='block_1_87' title="bbox 454 4212 2094 4297">
    <p class='ocr_par' dir='ltr' id='par_1_87' title="bbox 454 4212 2088 4297">
     <span class='ocr_line' id='line_1_89' title="bbox 454 4212 2088 4297; baseline 0.002 -23"><span class='ocrx_word' id='word_1_599' title='bbox 454 4212 1282 4294; x_wconf 85' lang='lat' dir='ltr'><strong>fueratconceptio,quodque</strong></span> <span class='ocrx_word' id='word_1_600' title='bbox 1296 4222 1610 4296; x_wconf 88' lang='lat' dir='ltr'><strong>antequam</strong></span> <span class='ocrx_word' id='word_1_601' title='bbox 1630 4225 1980 4279; x_wconf 90' lang='lat' dir='ltr'><strong>nasceretur</strong></span> <span class='ocrx_word' id='word_1_602' title='bbox 1993 4236 2088 4297; x_wconf 83' lang='lat' dir='ltr'><strong>pa-</strong></span> 
     </span>
    </p>
   </div>
   <div class='ocr_carea' id='block_1_88' title="bbox 2185 4212 3808 4297">
    <p class='ocr_par' dir='ltr' id='par_1_88' title="bbox 2185 4216 3808 4294">
     <span class='ocr_line' id='line_1_90' title="bbox 2185 4216 3808 4294; baseline -0.002 -22"><span class='ocrx_word' id='word_1_603' title='bbox 2185 4217 2242 4282; x_wconf 67' lang='grc' dir='ltr'>ὃς</span> <span class='ocrx_word' id='word_1_604' title='bbox 2301 4218 2413 4274; x_wconf 77' lang='grc' dir='ltr'>εἶεν</span> <span class='ocrx_word' id='word_1_605' title='bbox 2469 4217 2624 4273; x_wconf 72' lang='grc' dir='ltr'>αῦτόν</span> <span class='ocrx_word' id='word_1_606' title='bbox 2682 4217 2730 4274; x_wconf 79' lang='grc' dir='ltr'>οἱ</span> <span class='ocrx_word' id='word_1_607' title='bbox 2787 4228 2971 4294; x_wconf 85' lang='grc' dir='ltr'>γονεῖς</span> <span class='ocrx_word' id='word_1_608' title='bbox 3054 4217 3144 4272; x_wconf 81' lang='grc' dir='ltr'><strong>καὶ</strong></span> <span class='ocrx_word' id='word_1_609' title='bbox 3200 4216 3302 4294; x_wconf 88' lang='grc' dir='ltr'><strong>πρό</strong></span> <span class='ocrx_word' id='word_1_610' title='bbox 3354 4216 3453 4284; x_wconf 72' lang='grc' dir='ltr'><strong>τῆς</strong></span> <span class='ocrx_word' id='word_1_611' title='bbox 3513 4217 3808 4294; x_wconf 72' lang='grc' dir='ltr'>γεννήσεως</span> 
     </span>
    </p>
   </div>
   <div class='ocr_carea' id='block_1_89' title="bbox 453 4299 2094 4386">
    <p class='ocr_par' dir='ltr' id='par_1_89' title="bbox 453 4299 2084 4379">
     <span class='ocr_line' id='line_1_91' title="bbox 453 4299 2084 4379; baseline 0 -13"><span class='ocrx_word' id='word_1_612' title='bbox 453 4309 658 4366; x_wconf 89' lang='lat' dir='ltr'><strong>rentes</strong></span> <span class='ocrx_word' id='word_1_613' title='bbox 679 4319 816 4362; x_wconf 89' lang='lat' dir='ltr'><strong>eum</strong></span> <span class='ocrx_word' id='word_1_614' title='bbox 842 4299 963 4363; x_wconf 92' lang='lat' dir='ltr'><strong>Deo</strong></span> <span class='ocrx_word' id='word_1_615' title='bbox 988 4313 1484 4368; x_wconf 86' lang='lat' dir='ltr'><strong>consecraverant</strong></span> <span class='ocrx_word' id='word_1_616' title='bbox 1511 4328 1526 4379; x_wconf 87' lang='lat'><strong>;</strong></span> <span class='ocrx_word' id='word_1_617' title='bbox 1569 4306 1676 4367; x_wconf 91' lang='lat' dir='ltr'><strong>fuit</strong></span> <span class='ocrx_word' id='word_1_618' title='bbox 1698 4325 1874 4368; x_wconf 85' lang='lat' dir='ltr'><strong>verus</strong></span> <span class='ocrx_word' id='word_1_619' title='bbox 1902 4306 2084 4369; x_wconf 91' lang='lat' dir='ltr'><strong>futuri</strong></span> 
     </span>
    </p>
   </div>
   <div class='ocr_carea' id='block_1_90' title="bbox 2185 4299 3810 4386">
    <p class='ocr_par' dir='ltr' id='par_1_90' title="bbox 2185 4304 3810 4386">
     <span class='ocr_line' id='line_1_92' title="bbox 2185 4304 3810 4386; baseline -0.001 -25"><span class='ocrx_word' id='word_1_620' title='bbox 2185 4306 2620 4384; x_wconf 72' lang='grc' dir='ltr'>ιαθαγιασαμενοι</span> <span class='ocrx_word' id='word_1_621' title='bbox 2699 4311 2772 4377; x_wconf 85' lang='grc' dir='ltr'>τῷ</span> <span class='ocrx_word' id='word_1_622' title='bbox 2829 4311 2968 4382; x_wconf 81' lang='grc' dir='ltr'>Θεῷ,</span> <span class='ocrx_word' id='word_1_623' title='bbox 3030 4307 3313 4386; x_wconf 72' lang='grc' dir='ltr'>προφήτης</span> <span class='ocrx_word' id='word_1_624' title='bbox 3367 4313 3462 4363; x_wconf 91' lang='grc' dir='ltr'><strong>τοῦ</strong></span> <span class='ocrx_word' id='word_1_625' title='bbox 3523 4304 3810 4381; x_wconf 80' lang='grc' dir='ltr'>μέλλοντος</span> 
     </span>
    </p>
   </div>
   <div class='ocr_carea' id='block_1_91' title="bbox 451 4391 2094 4493">
    <p class='ocr_par' dir='ltr' id='par_1_91' title="bbox 451 4391 2083 4493">
     <span class='ocr_line' id='line_1_93' title="bbox 451 4391 2083 4493; baseline 0.001 -38"><span class='ocrx_word' id='word_1_626' title='bbox 451 4391 872 4493; x_wconf 48' lang='grc' dir='ltr'>ετοριιεισ.“Ει</span> <span class='ocrx_word' id='word_1_627' title='bbox 902 4391 1191 4474; x_wconf 84' lang='lat' dir='ltr'><strong>profecto,</strong></span> <span class='ocrx_word' id='word_1_628' title='bbox 1226 4391 1794 4493; x_wconf 58' lang='lat' dir='ltr'><strong>idquit,_requiescet</strong></span> <span class='ocrx_word' id='word_1_629' title='bbox 1823 4395 2083 4493; x_wconf 79' lang='lat' dir='ltr'><strong>Spiritus</strong></span> 
     </span>
    </p>
   </div>
   <div class='ocr_carea' id='block_1_92' title="bbox 2185 4391 3808 4493">
    <p class='ocr_par' dir='ltr' id='par_1_92' title="bbox 2185 4391 3808 4471">
     <span class='ocr_line' id='line_1_94' title="bbox 2185 4391 3808 4471; baseline -0.002 -20"><span class='ocrx_word' id='word_1_630' title='bbox 2185 4393 2402 4471; x_wconf 68' lang='grc' dir='ltr'>ἱψεδδὴς</span> <span class='ocrx_word' id='word_1_631' title='bbox 2451 4395 2542 4463; x_wconf 76' lang='grc' dir='ltr'><strong>ἦν.</strong></span> <span class='ocrx_word' id='word_1_632' title='bbox 2602 4394 2698 4453; x_wconf 81' lang='grc' dir='ltr'>Καὶ</span> <span class='ocrx_word' id='word_1_633' title='bbox 2739 4391 2928 4468; x_wconf 80' lang='grc' dir='ltr'>ὅντως,</span> <span class='ocrx_word' id='word_1_634' title='bbox 2992 4394 3420 4451; x_wconf 77' lang='grc' dir='ltr'>ἐπαναπαύσεται</span> <span class='ocrx_word' id='word_1_635' title='bbox 3479 4398 3542 4452; x_wconf 82' lang='grc' dir='ltr'>τὸ</span> <span class='ocrx_word' id='word_1_636' title='bbox 3602 4401 3808 4468; x_wconf 81' lang='grc' dir='ltr'>Πνεῦμα</span> 
     </span>
    </p>
   </div>
   <div class='ocr_carea' id='block_1_93' title="bbox 450 4481 2094 4567">
    <p class='ocr_par' dir='ltr' id='par_1_93' title="bbox 450 4481 2082 4567">
     <span class='ocr_line' id='line_1_95' title="bbox 450 4481 2082 4567; baseline 0.001 -22"><span class='ocrx_word' id='word_1_637' title='bbox 450 4481 559 4545; x_wconf 91' lang='lat' dir='ltr'><strong>Dei</strong></span> <span class='ocrx_word' id='word_1_638' title='bbox 587 4499 770 4564; x_wconf 89' lang='lat' dir='ltr'><strong>super</strong></span> <span class='ocrx_word' id='word_1_639' title='bbox 786 4481 944 4544; x_wconf 90' lang='lat' dir='ltr'><strong>hunc</strong></span> <span class='ocrx_word' id='word_1_640' title='bbox 963 4500 1235 4564; x_wconf 90' lang='lat' dir='ltr'><strong>puerum.</strong></span> <span class='ocrx_word' id='word_1_641' title='bbox 1263 4485 1495 4548; x_wconf 91' lang='lat' dir='ltr'><strong>Deinde</strong></span> <span class='ocrx_word' id='word_1_642' title='bbox 1520 4503 1655 4549; x_wconf 90' lang='lat' dir='ltr'><strong>cum</strong></span> <span class='ocrx_word' id='word_1_643' title='bbox 1688 4485 1856 4548; x_wconf 91' lang='lat' dir='ltr'><strong>illum</strong></span> <span class='ocrx_word' id='word_1_644' title='bbox 1886 4485 2082 4567; x_wconf 88' lang='lat' dir='ltr'><strong>bapti-</strong></span> 
     </span>
    </p>
   </div>
   <div class='ocr_carea' id='block_1_94' title="bbox 2185 4481 3800 4567">
    <p class='ocr_par' dir='ltr' id='par_1_94' title="bbox 2185 4484 3800 4566">
     <span class='ocr_line' id='line_1_96' title="bbox 2185 4484 3800 4566; baseline -0.003 -22"><span class='ocrx_word' id='word_1_645' title='bbox 2185 4494 2259 4544; x_wconf 76' lang='grc' dir='ltr'>ςοῦ</span> <span class='ocrx_word' id='word_1_646' title='bbox 2319 4493 2471 4559; x_wconf 88' lang='grc' dir='ltr'>Θεοῦ,</span> <span class='ocrx_word' id='word_1_647' title='bbox 2522 4487 2603 4544; x_wconf 75' lang='grc' dir='ltr'><strong>ἐπὶ</strong></span> <span class='ocrx_word' id='word_1_648' title='bbox 2664 4487 2724 4543; x_wconf 80' lang='grc' dir='ltr'>τὸ</span> <span class='ocrx_word' id='word_1_649' title='bbox 2783 4484 2991 4544; x_wconf 83' lang='grc' dir='ltr'>παιδίον</span> <span class='ocrx_word' id='word_1_650' title='bbox 3047 4495 3224 4560; x_wconf 81' lang='grc' dir='ltr'>τοῦτο,</span> <span class='ocrx_word' id='word_1_651' title='bbox 3287 4489 3470 4566; x_wconf 76' lang='grc' dir='ltr'>φησίν.</span> <span class='ocrx_word' id='word_1_652' title='bbox 3523 4488 3659 4544; x_wconf 84' lang='grc' dir='ltr'>Εἶτα</span> <span class='ocrx_word' id='word_1_653' title='bbox 3715 4486 3800 4542; x_wconf 85' lang='grc' dir='ltr'><strong>καί</strong></span> 
     </span>
    </p>
   </div>
   <div class='ocr_carea' id='block_1_95' title="bbox 448 4571 2094 4657">
    <p class='ocr_par' dir='ltr' id='par_1_95' title="bbox 448 4571 2081 4656">
     <span class='ocr_line' id='line_1_97' title="bbox 448 4571 2081 4656; baseline 0.002 -21"><span class='ocrx_word' id='word_1_654' title='bbox 448 4579 730 4646; x_wconf 83' lang='lat' dir='ltr'><strong>aasset,et</strong></span> <span class='ocrx_word' id='word_1_655' title='bbox 753 4571 1104 4652; x_wconf 89' lang='lat' dir='ltr'><strong>capillorum</strong></span> <span class='ocrx_word' id='word_1_656' title='bbox 1139 4584 1425 4656; x_wconf 86' lang='lat' dir='ltr'><strong>quantum</strong></span> <span class='ocrx_word' id='word_1_657' title='bbox 1468 4575 1560 4637; x_wconf 85' lang='lat' dir='ltr'><strong>lex</strong></span> <span class='ocrx_word' id='word_1_658' title='bbox 1591 4575 1667 4638; x_wconf 91' lang='lat' dir='ltr'><strong>de</strong></span> <span class='ocrx_word' id='word_1_659' title='bbox 1697 4576 1898 4656; x_wconf 89' lang='lat' dir='ltr'><strong>pueris</strong></span> <span class='ocrx_word' id='word_1_660' title='bbox 1932 4594 2081 4656; x_wconf 85' lang='lat' dir='ltr'><strong>prae-</strong></span> 
     </span>
    </p>
   </div>
   <div class='ocr_carea' id='block_1_96' title="bbox 2185 4571 3799 4657">
    <p class='ocr_par' dir='ltr' id='par_1_96' title="bbox 2185 4575 3799 4657">
     <span class='ocr_line' id='line_1_98' title="bbox 2185 4575 3799 4657; baseline -0.002 -25"><span class='ocrx_word' id='word_1_661' title='bbox 2185 4576 2427 4642; x_wconf 68' lang='lat' dir='ltr'><strong>izmt&#39;cac</strong></span> <span class='ocrx_word' id='word_1_662' title='bbox 2485 4578 2664 4657; x_wconf 74' lang='grc' dir='ltr'>αὑτὸν,</span> <span class='ocrx_word' id='word_1_663' title='bbox 2723 4577 2812 4633; x_wconf 79' lang='grc' dir='ltr'><strong>καὶ</strong></span> <span class='ocrx_word' id='word_1_664' title='bbox 2871 4581 2978 4632; x_wconf 81' lang='grc' dir='ltr'><strong>τῶν</strong></span> <span class='ocrx_word' id='word_1_665' title='bbox 3036 4577 3238 4657; x_wconf 78' lang='grc' dir='ltr'>τριχῶν</span> <span class='ocrx_word' id='word_1_666' title='bbox 3315 4575 3415 4632; x_wconf 82' lang='grc' dir='ltr'><strong>ὅσα</strong></span> <span class='ocrx_word' id='word_1_667' title='bbox 3480 4577 3640 4653; x_wconf 80' lang='grc' dir='ltr'>νόμος</span> <span class='ocrx_word' id='word_1_668' title='bbox 3688 4586 3799 4636; x_wconf 90' lang='grc' dir='ltr'>τοῖς</span> 
     </span>
    </p>
   </div>
   <div class='ocr_carea' id='block_1_97' title="bbox 449 4661 2082 4746">
    <p class='ocr_par' dir='ltr' id='par_1_97' title="bbox 449 4661 2082 4746">
     <span class='ocr_line' id='line_1_99' title="bbox 449 4661 2082 4746; baseline 0.002 -21"><span class='ocrx_word' id='word_1_669' title='bbox 449 4661 664 4725; x_wconf 85' lang='lat' dir='ltr'><strong>scribit</strong></span> <span class='ocrx_word' id='word_1_670' title='bbox 691 4662 1068 4738; x_wconf 87' lang='lat' dir='ltr'><strong>totondisset,</strong></span> <span class='ocrx_word' id='word_1_671' title='bbox 1101 4663 1163 4725; x_wconf 91' lang='lat' dir='ltr'><strong>in</strong></span> <span class='ocrx_word' id='word_1_672' title='bbox 1221 4664 1466 4744; x_wconf 84' lang='lat' dir='ltr'><strong>gradum</strong></span> <span class='ocrx_word' id='word_1_673' title='bbox 1500 4664 1790 4727; x_wconf 89' lang='lat' dir='ltr'><strong>lectorum</strong></span> <span class='ocrx_word' id='word_1_674' title='bbox 1825 4673 2082 4746; x_wconf 91' lang='lat' dir='ltr'><strong>cooptat.</strong></span> 
     </span>
    </p>
   </div>
   <div class='ocr_carea' id='block_1_98' title="bbox 449 4751 2086 4836">
    <p class='ocr_par' dir='ltr' id='par_1_98' title="bbox 449 4751 2086 4836">
     <span class='ocr_line' id='line_1_100' title="bbox 449 4751 2086 4836; baseline 0.001 -20"><span class='ocrx_word' id='word_1_675' title='bbox 449 4752 637 4816; x_wconf 89' lang='lat' dir='ltr'><strong>Porro</strong></span> <span class='ocrx_word' id='word_1_676' title='bbox 657 4760 906 4815; x_wconf 86' lang='lat' dir='ltr'><strong>matrem</strong></span> <span class='ocrx_word' id='word_1_677' title='bbox 929 4751 1368 4836; x_wconf 77' lang='lat' dir='ltr'><strong>Dionysiam,ut</strong></span> <span class='ocrx_word' id='word_1_678' title='bbox 1391 4771 1525 4835; x_wconf 62' lang='lat' dir='ltr'><strong>quae</strong></span> <span class='ocrx_word' id='word_1_679' title='bbox 1545 4753 1761 4817; x_wconf 91' lang='lat' dir='ltr'><strong>divinis</strong></span> <span class='ocrx_word' id='word_1_680' title='bbox 1781 4753 1964 4818; x_wconf 90' lang='lat' dir='ltr'><strong>rebus</strong></span> <span class='ocrx_word' id='word_1_681' title='bbox 1983 4773 2086 4818; x_wconf 90' lang='lat' dir='ltr'><strong>va-</strong></span> 
     </span>
    </p>
   </div>
   <div class='ocr_carea' id='block_1_99' title="bbox 2168 4665 3797 4746">
    <p class='ocr_par' dir='ltr' id='par_1_99' title="bbox 2168 4665 3797 4746">
     <span class='ocr_line' id='line_1_101' title="bbox 2168 4665 3797 4746; baseline -0.004 -24"><span class='ocrx_word' id='word_1_682' title='bbox 2168 4666 2347 4722; x_wconf 86' lang='grc' dir='ltr'>παισὶν</span> <span class='ocrx_word' id='word_1_683' title='bbox 2435 4665 2746 4746; x_wconf 80' lang='grc' dir='ltr'>ἀποκείρας,</span> <span class='ocrx_word' id='word_1_684' title='bbox 2828 4673 2906 4740; x_wconf 81' lang='grc' dir='ltr'><strong>τῷ</strong></span> <span class='ocrx_word' id='word_1_685' title='bbox 2969 4671 3074 4724; x_wconf 81' lang='grc' dir='ltr'><strong>τῶν</strong></span> <span class='ocrx_word' id='word_1_686' title='bbox 3160 4667 3519 4744; x_wconf 76' lang='grc' dir='ltr'>ἀναγνωστῶν</span> <span class='ocrx_word' id='word_1_687' title='bbox 3580 4665 3797 4743; x_wconf 80' lang='grc' dir='ltr'>ἐγκρίνει</span> 
     </span>
    </p>
   </div>
   <div class='ocr_carea' id='block_1_100' title="bbox 2169 4753 3803 4836">
    <p class='ocr_par' dir='ltr' id='par_1_100' title="bbox 2169 4753 3803 4836">
     <span class='ocr_line' id='line_1_102' title="bbox 2169 4753 3803 4836; baseline -0.002 -25"><span class='ocrx_word' id='word_1_688' title='bbox 2169 4756 2381 4832; x_wconf 85' lang='grc' dir='ltr'>βαθμῷ.</span> <span class='ocrx_word' id='word_1_689' title='bbox 2420 4755 2524 4823; x_wconf 77' lang='grc' dir='ltr'>Τὴν</span> <span class='ocrx_word' id='word_1_690' title='bbox 2569 4755 2667 4831; x_wconf 73' lang='grc' dir='ltr'>μὲν</span> <span class='ocrx_word' id='word_1_691' title='bbox 2712 4754 2802 4813; x_wconf 79' lang='grc' dir='ltr'><strong>οῦν</strong></span> <span class='ocrx_word' id='word_1_692' title='bbox 2831 4754 3042 4835; x_wconf 82' lang='grc' dir='ltr'>μητέρα</span> <span class='ocrx_word' id='word_1_693' title='bbox 3091 4755 3389 4836; x_wconf 83' lang='grc' dir='ltr'>Διονυσίαν,</span> <span class='ocrx_word' id='word_1_694' title='bbox 3425 4756 3524 4813; x_wconf 78' lang='grc' dir='ltr'><strong>οἷα</strong></span> <span class='ocrx_word' id='word_1_695' title='bbox 3555 4753 3803 4821; x_wconf 76' lang='grc' dir='ltr'>διηνεκῶς</span> 
     </span>
    </p>
   </div>
   <div class='ocr_carea' id='block_1_101' title="bbox 1679 4909 2588 4980">
    <p class='ocr_par' dir='ltr' id='par_1_101' title="bbox 1679 4909 2588 4980">
     <span class='ocr_line' id='line_1_103' title="bbox 1679 4909 2588 4980; baseline 0.001 -4"><span class='ocrx_word' id='word_1_696' title='bbox 1679 4914 1889 4980; x_wconf 84' lang='lat' dir='ltr'><strong>JOAN.</strong></span> <span class='ocrx_word' id='word_1_697' title='bbox 1933 4913 2303 4980; x_wconf 86' lang='lat' dir='ltr'><strong>BOLLANDI</strong></span> <span class='ocrx_word' id='word_1_698' title='bbox 2345 4909 2588 4977; x_wconf 70' lang='lat' dir='ltr'><strong>NOTIE.</strong></span> 
     </span>
    </p>
   </div>
   <div class='ocr_carea' id='block_1_102' title="bbox 521 5073 2092 5148">
    <p class='ocr_par' dir='ltr' id='par_1_102' title="bbox 521 5073 2092 5148">
     <span class='ocr_line' id='line_1_104' title="bbox 521 5073 2092 5148; baseline 0.001 -17"><span class='ocrx_word' id='word_1_699' title='bbox 521 5074 609 5146; x_wconf 86' lang='lat'><strong>(5)</strong></span> <span class='ocrx_word' id='word_1_700' title='bbox 640 5073 800 5132; x_wconf 86' lang='lat' dir='ltr'><strong>Obiit</strong></span> <span class='ocrx_word' id='word_1_701' title='bbox 841 5073 1251 5148; x_wconf 76' lang='lat' dir='ltr'><strong>Constantinus</strong></span> <span class='ocrx_word' id='word_1_702' title='bbox 1280 5077 1518 5148; x_wconf 75' lang='lat' dir='ltr'><strong>Magnus</strong></span> <span class='ocrx_word' id='word_1_703' title='bbox 1565 5090 1659 5134; x_wconf 93' lang='lat' dir='ltr'><strong>an.</strong></span> <span class='ocrx_word' id='word_1_704' title='bbox 1694 5075 1820 5141; x_wconf 84' lang='lat'><strong>337,</strong></span> <span class='ocrx_word' id='word_1_705' title='bbox 1844 5076 1970 5148; x_wconf 86' lang='lat' dir='ltr'><strong>ipso</strong></span> <span class='ocrx_word' id='word_1_706' title='bbox 2001 5076 2092 5133; x_wconf 90' lang='lat' dir='ltr'><strong>die</strong></span> 
     </span>
    </p>
   </div>
   <div class='ocr_carea' id='block_1_103' title="bbox 449 5145 2088 5211">
    <p class='ocr_par' dir='ltr' id='par_1_103' title="bbox 449 5145 2088 5211">
     <span class='ocr_line' id='line_1_105' title="bbox 449 5145 2088 5211; baseline 0 -7"><span class='ocrx_word' id='word_1_707' title='bbox 449 5145 858 5211; x_wconf 81' lang='lat' dir='ltr'><strong>Pentecostes;</strong></span> <span class='ocrx_word' id='word_1_708' title='bbox 895 5147 992 5204; x_wconf 88' lang='lat' dir='ltr'><strong>cui</strong></span> <span class='ocrx_word' id='word_1_709' title='bbox 1015 5145 1460 5208; x_wconf 25' lang='lat' dir='ltr'><strong>Constantius‘in</strong></span> <span class='ocrx_word' id='word_1_710' title='bbox 1485 5146 1722 5206; x_wconf 89' lang='lat' dir='ltr'><strong>Oriente</strong></span> <span class='ocrx_word' id='word_1_711' title='bbox 1745 5145 2088 5211; x_wconf 79' lang='lat' dir='ltr'><strong>succedens,</strong></span> 
     </span>
    </p>
   </div>
   <div class='ocr_carea' id='block_1_104' title="bbox 449 5218 1958 5288">
    <p class='ocr_par' dir='ltr' id='par_1_104' title="bbox 449 5218 1958 5288">
     <span class='ocr_line' id='line_1_106' title="bbox 449 5218 1958 5288; baseline -0.002 -12"><span class='ocrx_word' id='word_1_712' title='bbox 449 5231 586 5276; x_wconf 86' lang='lat' dir='ltr'><strong>mox</strong></span> <span class='ocrx_word' id='word_1_713' title='bbox 615 5231 678 5274; x_wconf 85' lang='lat' dir='ltr'><strong>se</strong></span> <span class='ocrx_word' id='word_1_714' title='bbox 706 5218 936 5274; x_wconf 70' lang='lat' dir='ltr'><strong>haeresis</strong></span> <span class='ocrx_word' id='word_1_715' title='bbox 971 5219 1192 5277; x_wconf 67' lang='lat' dir='ltr'><strong>Arianaa</strong></span> <span class='ocrx_word' id='word_1_716' title='bbox 1220 5221 1501 5278; x_wconf 85' lang='lat' dir='ltr'><strong>fautorem</strong></span> <span class='ocrx_word' id='word_1_717' title='bbox 1535 5218 1827 5288; x_wconf 89' lang='lat' dir='ltr'><strong>professus</strong></span> <span class='ocrx_word' id='word_1_718' title='bbox 1853 5227 1958 5275; x_wconf 89' lang='lat' dir='ltr'><strong>est.</strong></span> 
     </span>
    </p>
   </div>
   <div class='ocr_carea' id='block_1_105' title="bbox 522 5287 2090 5363">
    <p class='ocr_par' dir='ltr' id='par_1_105' title="bbox 522 5287 2090 5363">
     <span class='ocr_line' id='line_1_107' title="bbox 522 5287 2090 5363; baseline 0.001 -17"><span class='ocrx_word' id='word_1_719' title='bbox 522 5290 600 5359; x_wconf 88' lang='lat'><strong>(6)</strong></span> <span class='ocrx_word' id='word_1_720' title='bbox 621 5287 785 5346; x_wconf 77' lang='lat' dir='ltr'><strong>Forte</strong></span> <span class='ocrx_word' id='word_1_721' title='bbox 811 5289 1071 5363; x_wconf 81' lang='lat' dir='ltr'><strong>decimus</strong></span> <span class='ocrx_word' id='word_1_722' title='bbox 1094 5287 1689 5363; x_wconf 16' lang='lat' dir='ltr'><strong>quintugslegendum;</strong></span> <span class='ocrx_word' id='word_1_723' title='bbox 1706 5289 1906 5363; x_wconf 78' lang='lat' dir='ltr'><strong>sicque</strong></span> <span class='ocrx_word' id='word_1_724' title='bbox 1921 5289 2090 5363; x_wconf 73' lang='lat' dir='ltr'><strong>Iunio</strong></span> 
     </span>
    </p>
   </div>
   <div class='ocr_carea' id='block_1_106' title="bbox 449 5358 2084 5420">
    <p class='ocr_par' dir='ltr' id='par_1_106' title="bbox 449 5358 2084 5420">
     <span class='ocr_line' id='line_1_108' title="bbox 449 5358 2084 5420; baseline 0.001 -3"><span class='ocrx_word' id='word_1_725' title='bbox 449 5358 648 5417; x_wconf 88' lang='lat' dir='ltr'><strong>mense</strong></span> <span class='ocrx_word' id='word_1_726' title='bbox 705 5367 902 5418; x_wconf 89' lang='lat' dir='ltr'><strong>natum</strong></span> <span class='ocrx_word' id='word_1_727' title='bbox 955 5358 1234 5420; x_wconf 85' lang='lat' dir='ltr'><strong>dicemus.</strong></span> <span class='ocrx_word' id='word_1_728' title='bbox 1301 5358 1524 5419; x_wconf 71' lang='lat' dir='ltr'><strong>Intertit</strong></span> <span class='ocrx_word' id='word_1_729' title='bbox 1590 5358 1826 5418; x_wconf 60' lang='lat' dir='ltr'><strong>Valens&#39;</strong></span> <span class='ocrx_word' id='word_1_730' title='bbox 1865 5362 1904 5416; x_wconf 90' lang='lat' dir='ltr'><strong>V</strong></span> <span class='ocrx_word' id='word_1_731' title='bbox 1955 5361 2084 5418; x_wconf 87' lang='lat' dir='ltr'><strong>idus</strong></span> 
     </span>
    </p>
   </div>
   <div class='ocr_carea' id='block_1_107' title="bbox 447 5431 2084 5504">
    <p class='ocr_par' dir='ltr' id='par_1_107' title="bbox 447 5431 2084 5504">
     <span class='ocr_line' id='line_1_109' title="bbox 447 5431 2084 5504; baseline 0.001 -14"><span class='ocrx_word' id='word_1_732' title='bbox 447 5431 964 5504; x_wconf 71' lang='lat' dir='ltr'><strong>Augusti,_an.38&#39;_7,</strong></span> <span class='ocrx_word' id='word_1_733' title='bbox 1004 5445 1138 5491; x_wconf 91' lang='lat' dir='ltr'><strong>cum</strong></span> <span class='ocrx_word' id='word_1_734' title='bbox 1184 5448 1252 5491; x_wconf 90' lang='lat' dir='ltr'><strong>eo</strong></span> <span class='ocrx_word' id='word_1_735' title='bbox 1282 5447 1435 5490; x_wconf 91' lang='lat' dir='ltr'><strong>anno</strong></span> <span class='ocrx_word' id='word_1_736' title='bbox 1466 5433 1590 5504; x_wconf 91' lang='lat' dir='ltr'><strong>ipse</strong></span> <span class='ocrx_word' id='word_1_737' title='bbox 1619 5443 1846 5490; x_wconf 81' lang='lat' dir='ltr'><strong>sextum</strong></span> <span class='ocrx_word' id='word_1_738' title='bbox 1878 5433 2084 5491; x_wconf 91' lang='lat' dir='ltr'><strong>consul</strong></span> 
     </span>
    </p>
   </div>
   <div class='ocr_carea' id='block_1_108' title="bbox 447 5501 2090 5572">
    <p class='ocr_par' dir='ltr' id='par_1_108' title="bbox 447 5501 2090 5572">
     <span class='ocr_line' id='line_1_110' title="bbox 447 5501 2090 5572; baseline 0.002 -14"><span class='ocrx_word' id='word_1_739' title='bbox 447 5501 617 5572; x_wconf 81' lang='lat' dir='ltr'><strong>esset,</strong></span> <span class='ocrx_word' id='word_1_740' title='bbox 643 5501 1082 5561; x_wconf 84' lang='lat' dir='ltr'><strong>Valentinianus</strong></span> <span class='ocrx_word' id='word_1_741' title='bbox 1114 5503 1456 5570; x_wconf 88' lang='lat' dir='ltr'><strong>secundum,</strong></span> <span class='ocrx_word' id='word_1_742' title='bbox 1484 5501 1547 5563; x_wconf 79' lang='lat' dir='ltr'><strong>ut</strong></span> <span class='ocrx_word' id='word_1_743' title='bbox 1577 5505 1842 5562; x_wconf 89' lang='lat' dir='ltr'><strong>scribunt</strong></span> <span class='ocrx_word' id='word_1_744' title='bbox 1877 5504 2090 5561; x_wconf 73' lang='lat' dir='ltr'><strong>ldutius</strong></span> 
     </span>
    </p>
   </div>
   <div class='ocr_carea' id='block_1_109' title="bbox 448 5573 2086 5645">
    <p class='ocr_par' dir='ltr' id='par_1_109' title="bbox 448 5573 2086 5645">
     <span class='ocr_line' id='line_1_111' title="bbox 448 5573 2086 5645; baseline 0.004 -18"><span class='ocrx_word' id='word_1_745' title='bbox 448 5573 509 5628; x_wconf 90' lang='lat' dir='ltr'><strong>in</strong></span> <span class='ocrx_word' id='word_1_746' title='bbox 535 5573 739 5645; x_wconf 79' lang='lat' dir='ltr'><strong>Fastis.</strong></span> <span class='ocrx_word' id='word_1_747' title='bbox 770 5573 1034 5633; x_wconf 86' lang='lat' dir='ltr'><strong>Socrates</strong></span> <span class='ocrx_word' id='word_1_748' title='bbox 1075 5575 1179 5634; x_wconf 89' lang='lat' dir='ltr'><strong>lib.</strong></span> <span class='ocrx_word' id='word_1_749' title='bbox 1205 5588 1284 5640; x_wconf 82' lang='lat' dir='ltr'><strong>iv.</strong></span> <span class='ocrx_word' id='word_1_750' title='bbox 1316 5589 1442 5645; x_wconf 87' lang='lat' dir='ltr'><strong>cap.</strong></span> <span class='ocrx_word' id='word_1_751' title='bbox 1474 5573 1575 5632; x_wconf 89' lang='lat' dir='ltr'><strong>ult.</strong></span> <span class='ocrx_word' id='word_1_752' title='bbox 1600 5578 1944 5634; x_wconf 84' lang='lat' dir='ltr'><strong>Ammianus</strong></span> <span class='ocrx_word' id='word_1_753' title='bbox 1989 5577 2086 5634; x_wconf 88' lang='lat' dir='ltr'><strong>lib.</strong></span> 
     </span>
    </p>
   </div>
   <div class='ocr_carea' id='block_1_110' title="bbox 447 5642 2088 5720">
    <p class='ocr_par' dir='ltr' id='par_1_110' title="bbox 447 5642 2088 5720">
     <span class='ocr_line' id='line_1_112' title="bbox 447 5642 2088 5720; baseline 0.003 -21"><span class='ocrx_word' id='word_1_754' title='bbox 447 5642 866 5715; x_wconf 76' lang='lat' dir='ltr'><strong>xxx1,aliique,</strong></span> <span class='ocrx_word' id='word_1_755' title='bbox 898 5653 948 5704; x_wconf 85' lang='lat' dir='ltr'><strong>et</strong></span> <span class='ocrx_word' id='word_1_756' title='bbox 979 5647 1212 5718; x_wconf 89' lang='lat' dir='ltr'><strong>quidem</strong></span> <span class='ocrx_word' id='word_1_757' title='bbox 1248 5642 1561 5707; x_wconf 83' lang='lat' dir='ltr'><strong>indictione</strong></span> <span class='ocrx_word' id='word_1_758' title='bbox 1591 5647 1624 5704; x_wconf 89' lang='grc'><strong>5</strong></span> <span class='ocrx_word' id='word_1_759' title='bbox 1655 5650 1820 5720; x_wconf 87' lang='lat' dir='ltr'><strong>cujus</strong></span> <span class='ocrx_word' id='word_1_760' title='bbox 1870 5648 2088 5707; x_wconf 90' lang='lat' dir='ltr'><strong>residui</strong></span> 
     </span>
    </p>
   </div>
   <div class='ocr_carea' id='block_1_111' title="bbox 2174 5071 3804 5148">
    <p class='ocr_par' dir='ltr' id='par_1_111' title="bbox 2174 5071 3804 5148">
     <span class='ocr_line' id='line_1_113' title="bbox 2174 5071 3804 5148; baseline -0.001 -16"><span class='ocrx_word' id='word_1_761' title='bbox 2174 5081 2341 5148; x_wconf 86' lang='lat' dir='ltr'><strong>erant</strong></span> <span class='ocrx_word' id='word_1_762' title='bbox 2371 5086 2604 5148; x_wconf 80' lang='lat' dir='ltr'><strong>menses</strong></span> <span class='ocrx_word' id='word_1_763' title='bbox 2637 5071 2879 5146; x_wconf 85' lang='lat' dir='ltr'><strong>aliquot,</strong></span> <span class='ocrx_word' id='word_1_764' title='bbox 2916 5074 2988 5132; x_wconf 86' lang='lat' dir='ltr'><strong>ad</strong></span> <span class='ocrx_word' id='word_1_765' title='bbox 3015 5074 3420 5148; x_wconf 74' lang='lat' dir='ltr'><strong>Septembrem</strong></span> <span class='ocrx_word' id='word_1_766' title='bbox 3449 5088 3658 5148; x_wconf 84' lang='lat' dir='ltr'><strong>usque,</strong></span> <span class='ocrx_word' id='word_1_767' title='bbox 3695 5086 3804 5148; x_wconf 89' lang='lat' dir='ltr'><strong>quo</strong></span> 
     </span>
    </p>
   </div>
   <div class='ocr_carea' id='block_1_112' title="bbox 2175 5145 3804 5219">
    <p class='ocr_par' dir='ltr' id='par_1_112' title="bbox 2175 5145 3804 5219">
     <span class='ocr_line' id='line_1_114' title="bbox 2175 5145 3804 5219; baseline -0.001 -15"><span class='ocrx_word' id='word_1_768' title='bbox 2175 5154 2229 5204; x_wconf 92' lang='lat' dir='ltr'><strong>et</strong></span> <span class='ocrx_word' id='word_1_769' title='bbox 2265 5147 2300 5202; x_wconf 89' lang='lat'><strong>6</strong></span> <span class='ocrx_word' id='word_1_770' title='bbox 2328 5145 2574 5219; x_wconf 77' lang='lat' dir='ltr'><strong>indictio</strong></span> <span class='ocrx_word' id='word_1_771' title='bbox 2605 5153 2661 5202; x_wconf 92' lang='lat' dir='ltr'><strong>et</strong></span> <span class='ocrx_word' id='word_1_772' title='bbox 2709 5145 2902 5219; x_wconf 75' lang='lat' dir='ltr'><strong>annus</strong></span> <span class='ocrx_word' id='word_1_773' title='bbox 2949 5145 3106 5219; x_wconf 88' lang='lat' dir='ltr'><strong>apud</strong></span> <span class='ocrx_word' id='word_1_774' title='bbox 3138 5145 3465 5205; x_wconf 86' lang='lat' dir='ltr'><strong>Orientales</strong></span> <span class='ocrx_word' id='word_1_775' title='bbox 3496 5145 3804 5219; x_wconf 74' lang='lat' dir='ltr'><strong>idehOaba-</strong></span> 
     </span>
    </p>
   </div>
   <div class='ocr_carea' id='block_1_113' title="bbox 2176 5217 3801 5289">
    <p class='ocr_par' dir='ltr' id='par_1_113' title="bbox 2176 5217 3801 5289">
     <span class='ocr_line' id='line_1_115' title="bbox 2176 5217 3801 5289; baseline -0.001 -15"><span class='ocrx_word' id='word_1_776' title='bbox 2176 5229 2289 5275; x_wconf 88' lang='lat' dir='ltr'><strong>tur.</strong></span> <span class='ocrx_word' id='word_1_777' title='bbox 2326 5217 2474 5276; x_wconf 83' lang='lat' dir='ltr'><strong>Hinc</strong></span> <span class='ocrx_word' id='word_1_778' title='bbox 2514 5232 2640 5289; x_wconf 65' lang='lat' dir='ltr'><strong>qua:</strong></span> <span class='ocrx_word' id='word_1_779' title='bbox 2684 5226 2812 5289; x_wconf 86' lang='lat' dir='ltr'><strong>post</strong></span> <span class='ocrx_word' id='word_1_780' title='bbox 2857 5217 3256 5289; x_wconf 80' lang='lat' dir='ltr'><strong>Septembrem</strong></span> <span class='ocrx_word' id='word_1_781' title='bbox 3289 5219 3621 5276; x_wconf 86' lang='lat' dir='ltr'><strong>inchoatam</strong></span> <span class='ocrx_word' id='word_1_782' title='bbox 3644 5218 3801 5285; x_wconf 83' lang='lat' dir='ltr'><strong>facta,</strong></span> 
     </span>
    </p>
   </div>
   <div class='ocr_carea' id='block_1_114' title="bbox 2173 5289 3658 5370">
    <p class='ocr_par' dir='ltr' id='par_1_114' title="bbox 2173 5289 3658 5370">
     <span class='ocr_line' id='line_1_116' title="bbox 2173 5289 3658 5370; baseline -0.002 -22"><span class='ocrx_word' id='word_1_783' title='bbox 2173 5289 2621 5370; x_wconf 34' lang='lat' dir='ltr'><strong>ad‘sequentem</strong></span> <span class='ocrx_word' id='word_1_784' title='bbox 2649 5302 2871 5370; x_wconf 38' lang='lat' dir='ltr'><strong>{unum</strong></span> <span class='ocrx_word' id='word_1_785' title='bbox 2902 5289 3200 5370; x_wconf 67' lang='lat' dir='ltr'><strong>Euthymii</strong></span> <span class='ocrx_word' id='word_1_786' title='bbox 3231 5291 3592 5370; x_wconf 79' lang='lat' dir='ltr'><strong>referuntur.</strong></span> <span class='ocrx_word' id='word_1_787' title='bbox 3625 5359 3658 5370; x_wconf 49' lang='grc' dir='ltr'>η</span> 
     </span>
    </p>
   </div>
   <div class='ocr_carea' id='block_1_115' title="bbox 2240 5358 3804 5433">
    <p class='ocr_par' dir='ltr' id='par_1_115' title="bbox 2240 5358 3804 5433">
     <span class='ocr_line' id='line_1_117' title="bbox 2240 5358 3804 5433; baseline -0.001 -18"><span class='ocrx_word' id='word_1_788' title='bbox 2240 5361 2324 5429; x_wconf 85' lang='grc'><strong>(7)</strong></span> <span class='ocrx_word' id='word_1_789' title='bbox 2364 5358 2631 5419; x_wconf 86' lang='lat' dir='ltr'><strong>Interfuit</strong></span> <span class='ocrx_word' id='word_1_790' title='bbox 2657 5358 3143 5433; x_wconf 72' lang='lat' dir='ltr'><strong>Otrejussyno&#39;do</strong></span> <span class='ocrx_word' id='word_1_791' title='bbox 3165 5359 3804 5433; x_wconf 63' lang='lat' dir='ltr'><strong>Constantinopolitanaa</strong></span> 
     </span>
    </p>
   </div>
   <div class='ocr_carea' id='block_1_116' title="bbox 2167 5431 3802 5492">
    <p class='ocr_par' dir='ltr' id='par_1_116' title="bbox 2167 5431 3802 5492">
     <span class='ocr_line' id='line_1_118' title="bbox 2167 5431 3802 5492; baseline -0.006 0"><span class='ocrx_word' id='word_1_792' title='bbox 2167 5433 2546 5492; x_wconf 72' lang='lat' dir='ltr'><strong>mcumenicaa</strong></span> <span class='ocrx_word' id='word_1_793' title='bbox 2583 5444 2623 5489; x_wconf 84' lang='lat' dir='ltr'><strong>tt</strong></span> <span class='ocrx_word' id='word_1_794' title='bbox 2649 5443 2704 5490; x_wconf 92' lang='lat' dir='ltr'><strong>et</strong></span> <span class='ocrx_word' id='word_1_795' title='bbox 2731 5431 3202 5490; x_wconf 68' lang='lat' dir='ltr'><strong>Mdceddnianam</strong></span> <span class='ocrx_word' id='word_1_796' title='bbox 3247 5435 3508 5490; x_wconf 61' lang='lat' dir='ltr'><strong>haeresim</strong></span> <span class='ocrx_word' id='word_1_797' title='bbox 3531 5431 3662 5489; x_wconf 72' lang='lat' dir='ltr'><strong>cum</strong></span> <span class='ocrx_word' id='word_1_798' title='bbox 3678 5431 3802 5488; x_wconf 90' lang='lat' dir='ltr'><strong>aliis</strong></span> 
     </span>
    </p>
   </div>
   <div class='ocr_carea' id='block_1_117' title="bbox 2167 5502 3421 5576">
    <p class='ocr_par' dir='ltr' id='par_1_117' title="bbox 2167 5502 3421 5576">
     <span class='ocr_line' id='line_1_119' title="bbox 2167 5502 3421 5576; baseline -0.002 -14"><span class='ocrx_word' id='word_1_799' title='bbox 2167 5505 2460 5576; x_wconf 84' lang='lat' dir='ltr'><strong>episcopis</strong></span> <span class='ocrx_word' id='word_1_800' title='bbox 2488 5502 2901 5576; x_wconf 72' lang='lat' dir='ltr'><strong>condemnavit</strong></span> <span class='ocrx_word' id='word_1_801' title='bbox 2929 5519 3070 5562; x_wconf 90' lang='lat' dir='ltr'><strong>ann.</strong></span> <span class='ocrx_word' id='word_1_802' title='bbox 3113 5503 3254 5562; x_wconf 88' lang='lat' dir='ltr'><strong>Chr.</strong></span> <span class='ocrx_word' id='word_1_803' title='bbox 3290 5504 3421 5562; x_wconf 81' lang='grc'><strong>381.</strong></span> 
     </span>
    </p>
   </div>
   <div class='ocr_carea' id='block_1_118' title="bbox 2241 5574 3797 5647">
    <p class='ocr_par' dir='ltr' id='par_1_118' title="bbox 2241 5574 3797 5647">
     <span class='ocr_line' id='line_1_120' title="bbox 2241 5574 3797 5647; baseline -0.002 -16"><span class='ocrx_word' id='word_1_804' title='bbox 2241 5576 2318 5646; x_wconf 86' lang='lat'><strong>(8)</strong></span> <span class='ocrx_word' id='word_1_805' title='bbox 2350 5575 2665 5647; x_wconf 87' lang='lat' dir='ltr'><strong>Perperam</strong></span> <span class='ocrx_word' id='word_1_806' title='bbox 2726 5577 2784 5647; x_wconf 88' lang='lat' dir='ltr'><strong>in</strong></span> <span class='ocrx_word' id='word_1_807' title='bbox 2821 5574 3006 5647; x_wconf 18' lang='lat' dir='ltr'><strong>,Surio</strong></span> <span class='ocrx_word' id='word_1_808' title='bbox 3048 5590 3328 5634; x_wconf 82' lang='lat' dir='ltr'><strong>excusum</strong></span> <span class='ocrx_word' id='word_1_809' title='bbox 3379 5574 3797 5636; x_wconf 83' lang='lat' dir='ltr'><strong>confessorem.</strong></span> 
     </span>
    </p>
   </div>
   <div class='ocr_carea' id='block_1_119' title="bbox 2171 5646 3350 5717">
    <p class='ocr_par' dir='ltr' id='par_1_119' title="bbox 2171 5646 3350 5717">
     <span class='ocr_line' id='line_1_121' title="bbox 2171 5646 3350 5717; baseline -0.001 -12"><span class='ocrx_word' id='word_1_810' title='bbox 2171 5646 2587 5706; x_wconf 75' lang='lat' dir='ltr'><strong>Concessotem</strong></span> <span class='ocrx_word' id='word_1_811' title='bbox 2619 5646 2788 5704; x_wconf 89' lang='lat' dir='ltr'><strong>vertit</strong></span> <span class='ocrx_word' id='word_1_812' title='bbox 2817 5646 3138 5717; x_wconf 83' lang='lat' dir='ltr'><strong>Hervetus;</strong></span> <span class='ocrx_word' id='word_1_813' title='bbox 3173 5657 3350 5707; x_wconf 89' lang='lat' dir='ltr'><strong>recte.</strong></span> 
     </span>
    </p>
   </div>
  </div>
