4072 6206
325 203 438 270 605

1651 199 1837 265 VITA
1882 199 1941 262 S.
1989 200 2377 264 EUTHYMII

3588 197 3703 263 606

323 335 510 398 ἑαυτὸν
569 333 868 413 ἐπιτρέπει,
929 333 1016 392 καὶ
1084 331 1248 413 λάθρα
1320 337 1420 402 τῆς
1462 330 1672 398 πόλεως
1717 331 1963 413 ἐξελθὼν,

2055 343 2202 409 erat,
2237 354 2302 398 se
2327 335 2590 412 mandat,
2626 343 2684 400 et
2741 337 2894 400 clam
2927 355 2996 399 ex
3028 336 3177 399 urbe
3208 353 3509 416 egressus,
3542 353 3698 398 anno

321 427 492 501 ἐνάτῲ
572 424 662 482 καὶ
737 425 964 497 εἰκοστῷ
1031 427 1132 491 τῆς
1217 421 1432 491 ἡλικίας
1500 421 1746 497 ἐνιαυτῷ,
1827 424 1963 480 κατὰ

323 516 683 597 προσκύνησιν
752 519 859 570 τῶν
906 516 1062 592 ἱερῶν
1119 513 1299 570 τόπων
1369 514 1457 570 καὶ
1512 510 1842 588 σεϐασμίων,
1888 515 1960 576 εἰς

321 604 669 684 Ἰεροσόλυμα
710 603 993 682 προθύμως
1045 608 1202 684 φοιτᾷ
1236 620 1250 635 ·
1288 600 1609 680 παραϐαλὼν
1640 601 1695 660 δὲ
1725 604 1814 659 καὶ
1842 617 1962 666 τοῖς

316 697 406 756 ἐπὶ
445 695 545 764 τῆς
589 693 792 773 ἐρήμου
844 692 1106 768 Πατράσι,
1137 693 1226 748 καὶ
1273 692 1372 759 τὴν
1421 691 1647 748 ἑκάστου
1690 691 1962 749 πολιτείαν

314 785 645 862 καταμαθὼν
678 830 694 863 ,
775 780 1089 861 θερμότερος
1179 782 1279 849 τὴν
1350 781 1522 860 ὁρμὴν
1599 782 1822 860 γίνεται,
1879 783 1968 840 καὶ

315 888 548 955 πτεροῖς
591 872 756 932 οἱονεί
801 872 1106 950 κουφίζεται
1136 886 1150 902 ⁶
1200 869 1294 928 καί
1324 868 1552 949 ὀξυτέρῳ
1581 873 1714 950 πρὸς
1744 873 1837 928 τὸν
1868 877 1966 940 τῆς

314 964 448 1034 ἴσης
504 963 780 1043 διαγωγῆς
835 962 1001 1034 ζῆλον
1057 967 1136 1036 τῷ
1201 961 1402 1036 κέντρῳ
1464 959 1713 1041 πληγεὶς,
1788 963 1969 1038 Φαρὰν

312 1058 525 1114 ἐκεῖθεν
581 1055 682 1120 τὴν
745 1051 946 1131 λαύραν
1016 1049 1442 1123 καταλαμϐάνει,
1501 1049 1696 1126 μιλίοις
1759 1051 1811 1116 ἓξ
1869 1051 1968 1120 τῆς

315 1144 532 1208 πόλεως
583 1132 968 1222 Ἰεροσολύμων
1017 1138 1303 1220 διέχουσαν
1340 1158 1353 1174 ο
1400 1139 1488 1197 καί
1525 1163 1576 1196 τι
1629 1139 1837 1198 κελλίον
1873 1139 1970 1206 ἔξω

316 1234 416 1304 τῆς
470 1233 665 1313 λαύρας
715 1233 850 1311 πρὸς
895 1231 1124 1311 ἡσυχίαν
1170 1231 1426 1287 πάντοθεν
1493 1228 1548 1286 εὖ
1591 1229 1718 1310 ἔχον
1778 1231 1964 1306 εὑρὼν,

318 1325 438 1382 ἐκεῖ
493 1324 590 1387 τὰς
620 1319 898 1402 διατριϐὰς
951 1320 1072 1387 ἐξῆς
1119 1319 1384 1395 ἐποιεῖτο,
1417 1319 1670 1400 φοινίκων
1702 1321 1799 1390 μὲν
1830 1319 1969 1377 κλά-

317 1411 442 1476 δους
486 1413 544 1470 ἐν
596 1416 741 1487 αὒτῷ
784 1410 1112 1485 διαπλέκων,
1147 1412 1236 1468 καὶ
1277 1409 1489 1472 κοινοὺς
1528 1409 1702 1478 ἑαυτῷ
1731 1411 1820 1467 καὶ
1851 1422 1969 1474 τοῖς

321 1502 594 1580 δεομένοις
639 1502 762 1564 τοὺς
819 1507 926 1558 τῶν
972 1506 1178 1581 χειρῶν
1233 1500 1428 1564 πόνους
1481 1501 1820 1576 ποιούμενος’
1876 1498 1970 1555 ’ίνα

2001 485 2004 488 .
2046 424 2394 488 aetatissuze
2415 427 2700 490 vicesimo
2734 427 3003 507 nono,ad
3034 445 3205 490 sacra
3231 426 3692 506 venerandaque

2045 513 2178 576 loca
2209 516 2516 586 adoranda
2542 516 3018 597 Hierosolymam
3065 517 3248 579 alacri
3277 517 3482 580 animo
3513 515 3698 598 proﬁ-

2046 603 2599 684 ciscitur.Cumque
2619 605 2904 670 Patresin
2920 606 3246 670 solitudine
3259 608 3547 685 degentes
3559 624 3698 668 con-

2048 695 2333 768 venisset,
2369 705 2552 777 atque
2582 696 2899 759 didicisset
2948 695 3420 779 uniuscujusque
3462 695 3697 758 vivendi

2049 785 2368 855 rationem,
2397 787 2597 848 acrior
2627 784 2857 867 impetu
2889 785 3106 860 evadit,
3141 805 3208 848 ac
3239 788 3399 849 velut
3427 787 3538 848 alis
3567 786 3696 848 ele-

2049 881 2260 948 vatur;
2296 883 2476 956 atque
2537 875 2792 937 acutiori
2843 877 2915 937 ad
2965 876 3127 956 paris
3162 875 3414 939 instituti
3448 875 3696 938 aemula-

2055 962 2278 1026 tionem
2335 964 2576 1027 stimulo
2635 973 2911 1045 punctus,
2948 965 3119 1028 illinc
3153 965 3426 1046 pervenit
3454 965 3528 1026 ad
3561 964 3694 1026 lau-

2053 1071 2178 1116 ram
2209 1053 2446 1117 Pharan
2482 1055 2637 1136 (15),
2690 1074 2823 1135 qua;
2875 1074 2976 1118 sex
3023 1055 3384 1119 milliaribus
3413 1055 3593 1117 distat
3621 1053 3715 1116 ab

2053 1141 2206 1205 urbe
2235 1143 2656 1222 Hierosolyma
2680 1145 2812 1224 (16)
2840 1167 2856 1220 ;
2897 1144 2999 1208 ubi
3029 1145 3268 1209 inventa
3298 1143 3551 1226 quadam
3588 1162 3696 1208 ex-

2053 1240 2144 1296 tra
2175 1233 2400 1295 lauram
2434 1234 2610 1309 cella,
2646 1235 2714 1297 ad
2749 1240 3011 1316 quietem
3058 1234 3323 1317 undique
3352 1252 3698 1296 accommo-

2054 1322 2212 1398 data,
2248 1322 2374 1384 illic
2423 1322 2500 1384 de
2557 1331 2772 1386 catero
2805 1324 3336 1402 commorabatur;
3367 1323 3696 1406 palmarum

2055 1411 2303 1493 quidem
2337 1429 2541 1474 ramos
2565 1412 2626 1475 in
2660 1431 2729 1475 ea
2759 1421 2992 1488 texens,
3025 1415 3264 1496 sibique
3285 1433 3353 1476 ac
3385 1413 3698 1492 egen‘ibus

2053 1501 2294 1564 labores
2323 1520 2608 1564 manuum
2641 1522 2992 1566 communes
3024 1504 3294 1567 efﬁciens
3321 1523 3337 1581 ;
3365 1513 3426 1566 ut
3457 1521 3578 1565 non
3609 1522 3701 1565 so-

323 1595 406 1669 μὴ
438 1595 603 1670 μόνον
634 1591 832 1670 ἀϐαρὺς
863 1592 893 1635 κ
934 1593 993 1668 ᾖ,
1039 1593 1119 1665 μὴ
1149 1591 1281 1664 πρὸς
1323 1587 1520 1666 ἐτέρων
1567 1601 1764 1670 χεῖρας
1808 1591 1965 1666 ὁρῶν,

2055 1590 2180 1653 lum
2212 1609 2332 1652 non
2359 1591 2553 1672 gravis
2584 1592 2845 1668 esset,ad
2877 1593 3136 1656 aliorum
3171 1613 3382 1657 manus
3411 1612 3528 1655 non
3559 1611 3694 1654 res-

320 1682 463 1743 ἄλλά
513 1683 604 1740 καὶ
656 1680 937 1760 θεραπεύοι
993 1681 1151 1756 Θεὸν,
1185 1680 1308 1760 χεὶρ
1339 1680 1496 1743 αότὸς
1527 1678 1732 1754 μᾶλλον
1766 1678 1966 1757 ἑτέροις

319 1773 628 1854 γινόμενος,
676 1771 864 1838 Πᾶσης
911 1767 966 1826 δὲ
1009 1771 1118 1827 τῶν
1177 1769 1387 1849 γηΐνων
1429 1767 1699 1850 φροντίδος
1728 1771 1826 1835 τὴν
1858 1775 1966 1844 ψυ-

321 1864 437 1945 χὴν
506 1860 802 1936 ἀπολύσας,
869 1858 1010 1925 ὅλως
1067 1864 1165 1928 τῆς
1228 1859 1334 1916 τῶν
1385 1858 1694 1935 μελλόντων
1753 1857 1965 1937 ἀγαθῶν

319 1951 532 2016 ἐλπίδος
567 1951 754 2009 ἑαυτὸν
785 1948 998 2029 ἐξαρτᾷ.

401 2041 511 2106 ΙΔ’,
557 2035 658 2100 Ἦν
700 2037 755 2097 δέ
813 2061 896 2105 τις
947 2039 1001 2097 ἐν
1045 2037 1060 2073 ¹
1104 2037 1359 2118 γειτόνων
1419 2039 1584 2114 αὐτῷ,
1644 2041 1965 2103 Θεόκτιστος

319 2135 513 2212 ὄνομα,
572 2137 668 2188 τὸν
726 2129 882 2187 αὐτὸν
924 2129 1114 2202 ἐκείνῳ
1154 2129 1282 2212 ,βίον
1341 2127 1543 2203 ἀσκῶν,
1575 2130 1663 2186 καὶ
1707 2135 1806 2197 τῆς
1837 2129 1966 2197 ἴσης

319 2210 600 2284 πολιτείαις
632 2220 1114 2296 μεταποιούμενος.
1150 2210 1209 2276 ’0
1246 2225 1370 2296 γοΰν
1429 2225 1536 2275 τῶν
1581 2219 1778 2293 ὁμοίων
1811 2219 1965 2300 ἔρως,

320 2313 412 2370 καὶ
467 2314 502 2380 ἡ
548 2317 654 2368 τῶν
711 2309 892 2368 πόνων
951 2308 1222 2382 κοινωνία,
1262 2308 1426 2370 οὕτως
1458 2309 1646 2372 αὐτοὺς
1677 2315 1754 2384 τῷ
1783 2308 1968 2365 συνδὲ-

322 2425 446 2479 σμῳ
499 2406 600 2469 τῆς
653 2400 873 2479 ἀγάπης
933 2397 1212 2472 συνέδησε,
1262 2399 1349 2454 καὶ
1409 2413 1659 2456 τοσοῦτον
1715 2398 1972 2466 ἀλλήλοις

322 2499 396 2570 τῇ
427 2498 521 2549 τοῦ
560 2491 864 2566 πνεύματος
923 2494 1128 2568 στοργῇ
1182 2488 1605 2565 σδνεκράθησαν,
1659 2489 1732 2553 ὡς
1777 2490 1971 2546 ἑκάτε-

328 2605 423 2662 ρον
463 2582 637 2639 αὗτῶν
674 2583 729 2638 ἐν
784 2580 854 2648 τῆ
904 2586 998 2637 τοῦ
1038 2578 1219 2658 ἐτέρου
1267 2580 1478 2634 κεῖσθαι
1509 2584 1686 2658 ψυχῇ,
1723 2579 1808 2635 καὶ
1835 2578 1971 2658 ἅπερ

326 2671 393 2728 ἂν
447 2670 631 2749 ἅτερος
676 2673 850 2730 αὐτῶν
905 2669 1150 2749 φρονοίη,
1209 2674 1375 2726 ταῦτα
1430 2667 1519 2723 καὶ
1577 2667 1780 2745 θατέρῳ
1835 2668 1972 2725 κατά

327 2759 552 2840 γνώμην
608 2763 776 2818 εἶναι.
812 2758 992 2823 Οὕτως
1039 2756 1128 2815 οὖν
1187 2755 1445 2826 ἀλλήλοις
1476 2753 1678 2836 ἀδελφὰ
1709 2758 1970 2836 φρονοῦν-

324 2871 438 2930 τες,
491 2848 577 2906 ἐπὶ
649 2848 750 2917 τὴν
806 2849 1010 2926 ἔρημον
1090 2853 1184 2906 τοῦ
1243 2844 1474 2905 Κουτιλᾶ
1528 2846 1647 2904 κατ’
1707 2846 1966 2920 ἐνιαυτὸν,

323 2938 526 3020 ὀγδόην
567 2938 706 3014 μετὰ
734 2938 801 2997 τὰ
843 2944 1006 2994 Φωτα
1038 2934 1314 3017 διεφοίτων
1342 2935 1544 3014 ἡμέραν
1578 2950 1593 2965 ⁶
1653 2935 1831 3003 πάσης
1874 2935 1971 3011 μὲν

321 3029 658 3108 ἀνθρωπίνης
741 3028 1099 3109 χωριζόμενοι
1157 3023 1461 3104 συναυλίας,
1530 3028 1646 3099 Θεῷ
1706 3024 1762 3081 δὲ
1822 3028 1971 3100 μόνῳ

322 3120 410 3178 διὰ
466 3119 776 3200 προσευχῆς
836 3116 1232 3196 συγγινόμενοι.
1289 3116 1386 3174 Καὶ
1434 3115 1608 3172 πάντα
1652 3117 1744 3173 τὸν
1775 3115 1970 3190 μεταξὺ

322 3209 523 3292 χρόνον
581 3208 672 3266 ἐπὶ
727 3213 826 3275 τῆς
886 3206 1110 3286 ἐρημίας
1162 3205 1640 3285 ἀναστρεφόμενοι,
1695 3203 1797 3270 ἕως
1829 3204 1891 3262 ἂν
1934 3207 1969 3276 ἢ

321 3305 432 3358 τῶν
489 3298 670 3355 Barium
729 3297 888 3374 ἐορτή
955 3295 1230 3361 ἐπισταίη.
1293 3301 1598 3362 Τηνικαῦτα
1637 3294 1737 3372 γὰρ
1780 3296 1855 3360 εἷς
1907 3298 1969 3352 τὸ

321 3387 540 3448 κιλλίον
596 3389 846 3466 ἑκάτερος
906 3385 1234 3463 ἐπανῄεσαν,
1267 3385 1470 3464 συχνὸν
1501 3384 1826 3462 ἐπαγόμενοι
1878 3387 1969 3443 τὸν

321 3479 555 3538 πλοῦτον
610 3482 709 3545 τῆς
788 3477 1007 3555 ἀρετῆς,
1070 3476 1129 3532 ὃν
1183 3475 1470 3532 ἀναστάντι
1528 3481 1740 3551 Χριστῷ
1795 3499 1968 3554 προσ-

324 3571 494 3627 οίσειν
535 3565 787 3644 ἔμελλον,
819 3565 1006 3641 πολλῷ
1057 3572 1152 3623 τοῦ
1194 3573 1394 3645 χρυσοῦ
1436 3563 1778 3643 τιμιώτερον,
1839 3563 1970 3647 ὅπερ

325 3663 474 3732 αὖτῷ
553 3661 797 3738 τεχθέντι
888 3657 1052 3735 μάγοι
1119 3653 1522 3736 προσήνεγκαν.
1598 3653 1968 3715 Ἐπλεοδέκτει

327 3751 514 3827 μέντοι
571 3755 639 3825 τῇ
694 3755 801 3804 τῶν
858 3748 1001 3816 ἠθῶν
1058 3747 1420 3827 χρηστότητι,
1481 3748 1569 3803 καὶ
1609 3752 1677 3823 τῇ
1706 3750 1811 3804 τῶν
1840 3751 1969 3829 τρό-

331 3864 448 3899 πων
489 3837 782 3911 ἁπλότητι,
842 3837 930 3894 καὶ⁵
982 3841 1052 3912 τῇ
1109 3841 1208 3904 τῆς
1267 3837 1755 3916 ταπεινοφροσύνης
1803 3839 1970 3917 ὑπερ-

330 3929 494 4007 ϐολῇ,
556 3927 812 4003 Εὒθύμιος
869 3929 897 3982 ὁ
951 3929 1144 4006 μέγας,
1210 3927 1293 3983 καὶ
1336 3923 1422 3982 διὰ
1478 3933 1635 3984 τοῦτο
1681 3925 1872 3992 ηὔξανέ
1913 3949 1971 3984 τε

327 4020 449 4079 καθ’
510 4017 742 4084 ἑκάστην
785 4018 929 4092 αὐτῷ
979 4019 1015 4085 ἡ
1072 4018 1204 4095 πρὸς
1261 4017 1393 4074 Θεὸν
1436 4015 1724 4095 παῤῥησία,
1771 4019 1856 4074 καὶ
1885 4016 1972 4074 δα-

322 4111 643 4188 ψιλεστὲραν
674 4105 981 4173 ἐξεκαλεῖτο
1003 4106 1100 4173 τὴν
1133 4107 1295 4185 χάριν
1325 4113 1419 4164 τοῦ
1452 4107 1782 4180 Πνεύματος,

2052 1680 2330 1760 piciens;
2393 1681 2499 1743 sed
2555 1682 2734 1745 etiam
2786 1684 2977 1746 Deum
3031 1685 3280 1760 coleret,
3315 1685 3446 1766 ipse
3501 1681 3696 1763 potius

2049 1771 2185 1834 aliis
2217 1789 2431 1836 manus
2459 1771 2676 1837 factus.
2711 1771 2800 1837 Ab
2851 1773 3016 1836 omni
3065 1782 3266 1837 autem
3317 1792 3460 1837 cura
3492 1791 3695 1835 rerum

2052 1862 2427 1924 terrestrium
2462 1880 2596 1924 cum
2657 1862 2925 1926 animum
2987 1863 3327 1944 liberasset,
3362 1869 3598 1947 penitus
3629 1881 3695 1926 se

2051 1951 2389 2014 futurorum
2420 1949 2720 2017 bonorum
2752 1954 2884 2034 spei
2915 1953 3236 2018 submittit.

2129 2041 2228 2106 XI.
2258 2041 2397 2104 Erat
2419 2050 2621 2105 autem
2653 2043 2896 2124 quidam
2930 2047 3086 2106 inter
3129 2045 3264 2126 ejus
3295 2043 3546 2124 vicinos,
3586 2061 3700 2105 no-

2051 2133 2216 2195 mine
2244 2131 2626 2195 Theoctistus
2681 2135 2837 2215 (17),
2897 2134 2999 2216 qui
3051 2135 3326 2198 eamdem
3384 2151 3561 2215 quam
3597 2131 3701 2196 ille

2052 2222 2238 2285 vitam
2267 2222 2614 2297 exercebat,
2647 2223 2940 2305 idemque
2961 2224 3317 2306 capessebat
3338 2225 3696 2287 institutum.

2052 2312 2239 2375 Amor
2268 2311 2470 2394 itaque
2501 2331 2704 2375 rerum
2739 2314 3050 2391 similium,
3086 2322 3146 2378 et
3193 2314 3466 2377 laborum
3500 2313 3699 2374 socie-

2059 2412 2168 2477 tas,
2199 2402 2278 2464 ita
2311 2421 2416 2465 eos
2445 2404 2683 2466 vinculo
2729 2403 3044 2466 churitatis
3075 2403 3397 2483 colligavit,
3433 2401 3702 2482 adeoque

2052 2499 2191 2555 sunt
2220 2492 2381 2555 inter
2411 2511 2475 2555 se
2529 2493 3006 2573 contemperanti
3057 2492 3383 2554 dilectione
3430 2490 3699 2572 spiritus,

2054 2589 2118 2644 ut
2149 2593 2410 2664 uterque
2441 2601 2648 2646 eorum
2696 2583 2757 2644 in
2800 2583 3051 2645 alterius
3079 2582 3283 2644 anima
3311 2586 3696 2656 consisteret,

2056 2679 2114 2734 et
2144 2691 2277 2754 quin
2305 2672 2464 2736 alter
2493 2690 2704 2736 eorum
2739 2673 3014 2749 sentiret,
3053 2689 3124 2735 ea
3154 2670 3333 2735 etiam
3364 2670 3536 2734 alteri
3567 2671 3698 2750 pla-

2055 2771 2285 2826 cerent.
2323 2761 2468 2826 Cum
2528 2780 2670 2841 ergo
2713 2771 2875 2826 esset
2932 2769 3052 2824 tam
3083 2762 3384 2824 fraternus
3408 2760 3566 2822 inter
3597 2778 3700 2822 eos

2055 2868 2410 2925 consensus,
2446 2852 2507 2913 in
2561 2851 2772 2914 Cutilae
2806 2853 2930 2930 (18)
2961 2851 3345 2914 solitudinem
3379 2849 3701 2930 quotannis

2059 2941 2616 3022 proﬁciscebantur,
2673 2949 2881 3004 octavo
2933 2940 3032 3002 die
3081 2948 3217 3022 post
3244 2939 3458 3002 festum
3493 2937 3699 3001 Lumi-

2058 3032 2490 3112 num,separati
2521 3031 2765 3113 quidem
2796 3030 2870 3094 ab
2903 3031 3070 3096 omni
3091 3031 3355 3092 humano
3386 3027 3701 3091 contuber-

2057 3121 2184 3193 nio,
2220 3139 2354 3182 cum
2387 3120 2510 3183 Deo
2543 3129 2742 3183 autem
2779 3121 2908 3182 solo
2931 3128 3236 3182 versantes
3262 3137 3371 3200 per
3401 3117 3702 3198 precatio-

2055 3228 2236 3290 nem;
2269 3218 2330 3272 et
2359 3219 2548 3274 totum
2587 3219 2848 3292 tempus,
2883 3210 3044 3289 quod
3067 3208 3702 3281 intercedebat,trans-

2055 3300 2288 3379 igentes
2316 3301 2376 3361 in
2430 3300 2783 3378 solitudine,
2820 3300 3015 3362 donec
3045 3299 3388 3362 advenisset
3415 3297 3547 3359 dies
3579 3299 3701 3358 t'es-

2053 3397 2148 3450 tus
2179 3389 2538 3454 Palmarum.
2574 3393 2741 3454 Tunc
2798 3391 2959 3452 enim
3010 3399 3263 3471 uterque
3292 3387 3704 3450 revertebatur

2053 3479 2111 3540 in
2161 3480 2398 3557 cellam,
2460 3481 2851 3560 importantes
2909 3499 3162 3542 censum
3225 3479 3460 3541 virtutis
3488 3479 3700 3557 copio-

2052 3587 2211 3644 sum,
2249 3588 2427 3651 quem
2460 3569 2716 3634 oblaturi
2750 3579 2920 3631 erant
2946 3571 3180 3634 Christo
3213 3567 3699 3648 resurgenti,au-

2053 3677 2120 3721 ro
2151 3677 2222 3721 eo
2250 3659 2424 3738 longe
2481 3659 2925 3738 pretiosiorem,
2991 3657 3154 3737 quod
3207 3658 3260 3721 ei
3296 3665 3433 3718 nato
3458 3656 3698 3720 obtule-

2053 3757 2194 3810 runt
2243 3747 2421 3826 Magi.
2456 3747 2640 3809 Porro
2689 3765 2922 3810 morum
2958 3759 3018 3810 et
3048 3747 3422 3825 benignitate
3453 3756 3514 3808 et
3545 3745 3698 3807 sim-

2056 3838 2324 3919 plicitatc
2378 3855 2629 3916 magnus
2685 3835 3009 3898 excellebat
3048 3836 3426 3914 Euthymius,
3463 3852 3701 3896 necnon

2056 3926 2414 3990 humilitatis
2443 3925 2676 4004 fastigio
2705 3975 2719 4006 ,
2753 3934 2928 4006 atque
2956 3925 3092 3988 ideo
3120 3925 3180 3986 in
3216 3925 3345 3985 dies
3377 3923 3430 3986 ei
3463 3939 3696 3985 accres-

2056 4016 2228 4078 cebat
2279 4016 2502 4076 ﬁducia
2553 4033 2694 4094 erga
2739 4014 2952 4090 Deum,
3015 4023 3076 4078 et
3131 4013 3387 4094 gratiam
3441 4011 3699 4094 Spiritus

2053 4104 2556 4168 abundantiorem
2582 4104 2892 4168 evocabat.

403 4199 489 4259 IB’
502 4245 519 4261 .
550 4179 806 4270 Πέμπτον
833 4195 889 4252 δὲ
920 4179 1226 4277 χρόνον
1252 4196 1434 4273 Φαρὰν
1493 4179 1794 4274 διατρίψας,
1854 4199 1964 4255 ἀπ-

2128 4195 2410 4260 XI[.Post
2429 4214 2618 4259 annos
2641 4203 2839 4258 autem
2862 4194 3129 4276 quinque
3151 4195 3212 4256 in
3236 4179 3698 4256 Pharan'trans-

320 4290 456 4369 αίρει
511 4287 762 4346 κάκεῖθεν
835 4285 948 4359 ἄμα
1010 4286 1336 4361 Θεοκτίστῳ,
1396 4284 1519 4343 κατ’
1577 4287 1734 4344 αὐτὸν
1805 4283 1978 4356 δήπου

2062 4285 2426 4363 actos,illinc
2456 4284 2686 4350 recedit
2721 4284 2840 4366 (19)
2873 4303 3006 4346 cum
3038 4283 3701 4359 Theoctisto,consueto

1639 4451 1890 4517 VARUE
1942 4452 2264 4519 LEGTION
2273 4455 2382 4519 ES.

407 4631 434 4671 ι
456 4625 534 4690 al.
569 4624 795 4704 ἀϐαρὴς.
885 4624 897 4660 ¹
928 4643 1003 4687 an
1037 4624 1094 4682 ἐκ
1123 4622 1156 4685 ?

1543 4728 1764 4794 JOAN.
1805 4729 2180 4796 BOLLANDI
2223 4729 2475 4796 NOTIE.

390 4900 511 4973 (t5)
543 4899 798 4960 Meminit
830 4899 1005 4972 hujus
1034 4899 1208 4973 taurae
1253 4899 1462 4973 iterum
1499 4899 1750 4971 Cyrillus
1780 4913 1843 4973 n.
1889 4898 1976 4966 t2,

319 4972 414 5040 41,
445 4973 551 5030 119
583 4980 638 5032 et
667 4973 794 5029 154.
825 4973 1081 5030 Joannes
1114 4972 1382 5043 Moschus
1411 4973 1469 5029 in
1504 4973 1686 5030 Prata
1700 4972 1981 5043 spirituali

318 5059 448 5117 cap.
482 5044 574 5109 40,
607 5045 700 5110 tt,
741 5043 819 5117 42
863 5054 916 5100 et
951 5043 1093 5117 l39,_
1113 5041 1534 5117 nonnullorum
1588 5041 1763 5117 hujus
1794 5041 1994 5117 leum.

316 5113 740 5245 moqachorium
773 5116 1014 5173 virtutes
1063 5114 1359 5171 describit.
1413 5114 1478 5172 In
1522 5129 1584 5171 ea
1616 5113 1740 5186 ipse
1779 5113 1977 5173 decem

318 5203 432 5245 ann
462 5202 491 5244 s
531 5202 625 5245 vix
682 5230 695 5245 .

318 5191 491 5248 annis
531 5191 695 5245 vixit.

389 5258 499 5330 (16)
531 5258 744 5316 Versus
775 5259 1079 5323 orientem,
1109 5258 1200 5315 via
1233 5257 1701 5330 Hiericbiuntina.
1844 5327 1897 5330 ,Α
1927 5270 1929 5272 ·

390 5327 504 5401 (17)
534 5331 617 5388 De
646 5329 706 5388 S.
750 5330 1080 5401 Theoctisto
1112 5344 1358 5400 agemus
1385 5328 1424 5401 3
1449 5329 1806 5400 Septembris
1833 5327 1977 5386 Obi-

319 5399 412 5462 tus
444 5399 572 5472 ejus
612 5401 963 5460 describitur
996 5399 1308 5472 intra’cap.
1346 5399 1431 5472 η.
1509 5399 1539 5472 ς
1676 5471 1681 5472 γ
1744 5441 1772 5472 _.

387 5469 502 5547 (18)
568 5473 942 5547 Lipomanus
1001 5481 1058 5529 et
1113 5469 1326 5547 _Sur_ius
1379 5469 1602 5533 Catile.
1669 5469 1815 5547 intra
1879 5478 1970 5529 ta-

302 5542 673 5624 men’num}
731 5545 806 5608 94
868 5544 1044 5604 etiam
1104 5543 1385 5628 Cutilaur
1432 5549 1664 5613 vocant,
1712 5542 1970 5614 Joannes

2061 4900 2337 4963 Moschus
2394 4899 2454 4962 in
2509 4903 2697 4963 Prata
2754 4900 3074 4981 spirituali
3131 4918 3264 4981 cap.
3301 4900 3400 4976 53,
3440 4899 3695 4974 Κοθυλὰν,

2060 4982 2161 5040 ubi
2199 4981 2439 5039 vertitur
2473 4981 2799 5045 Tuthelam.
2853 4996 2970 5045 quo
3019 4983 3172 5038 circa
3220 4994 3380 5038 mare
3412 4981 3699 5036 Mortuum

2059 5065 2238 5110 senex
2271 5067 2302 5110 e
2357 5055 2710 5109 monasterio
2763 5052 2818 5107 S.
2871 5051 3034 5109 Saba:
3066 5051 3438 5108 descendisse
3465 5051 3698 5106 dicitur.

2059 5123 2125 5180 In
2164 5124 2286 5180 Vita
2344 5125 2402 5181 S.
2471 5124 2776 5180 Theodosii
2848 5123 3268 5181 cmuobiarchze
3334 5124 3396 5177 11
3437 5121 3699 5178 Januarii

2058 5213 2230 5258 num.
2255 5195 2357 5266 26,
2411 5195 2644 5275 κουτιλᾶ
2673 5193 2894 5264 Gutilla
2923 5195 3208 5275 vertitur;
3245 5194 3404 5275 unde
3435 5192 3507 5258 ad
3540 5191 3701 5275 ripas

2058 5275 2223 5333 lacus
2281 5274 2660 5343 Asphaltidis,
2721 5290 2822 5333 seu
2883 5275 3060 5331 maris
3128 5273 3372 5340 mortui,
3421 5274 3694 5343 pervasit.

2059 5347 2206 5404 Infra
2270 5342 2434 5424 num.
2478 5346 2551 5403 94
2587 5345 2888 5403 solitudini
2936 5347 3133 5404 Buban
3195 5344 3595 5424 coniungitur,
3631 5342 3701 5399 de

2055 5433 2166 5491 qua
2191 5433 2330 5491 cap,
2369 5419 2421 5474 5.

2127 5488 2239 5560 (19)
2276 5487 2396 5548 Ἀη.
2430 5487 2531 5546 Cb.
2569 5489 2694 5555 Mi.
