4090 6198
432 324 548 394 607

1713 327 1994 390 MENSIS
2045 324 2498 390 JANUARIUS.

3677 321 3786 388 608

432 465 525 528 eis
582 483 863 530 secessus
922 474 1242 548 tempore:
1306 471 1365 524 et
1413 480 1523 544 per
1552 461 1940 525 solitudinem
1993 458 2066 521 ad

2171 460 2248 516 τὸν
2303 462 2599 540 εἰθισμένον
2654 467 2753 532 τῆς
2800 462 3207 544 ἀναχωρήσεως
3263 463 3445 528 αὐτοῖς
3471 461 3674 538 καιρόνο
3704 483 3768 518 κα

435 561 767 620 torrentem
827 533 1144 638 quemdam
1206 533 1574 636 praecipitem
1605 571 1674 614 ac
1706 549 2069 632 profundum

2171 573 2272 610 ιινα
2327 552 2411 610 διὰ
2440 533 2568 622 ’τῆς
2625 553 2827 632 ἐρήμου
2885 533 3176 633 ’χέείμαῤῥον
3234 549 3525 631 κρημνώδη
3564 533 3649 609 καὶ
3671 533 3788 628 βαοί

435 646 1096 726 accedentes,magnam
1127 643 1477 724 speluncam
1513 642 1828 705 offendunt
1860 641 1932 703 ad
1959 640 2074 702 bo-

2171 647 2244 700 l‘ov
2276 651 2316 679 ¹¹³
2345 645 2650 719 παριόντες,
2712 641 3184 719 καταλαμϐάνουσί
3224 665 3275 700 τι
3329 641 3596 713 σπήλαιον
3655 642 3785 720 μέγα

435 736 602 798 reale
663 734 946 797 torrentis
1007 733 1428 813 prmcipitium,
1463 733 1625 796 velut
1659 731 1832 794 tracti
1861 750 1895 793 a
1923 748 2076 813 qua-

436 825 571 886 dam
633 842 814 885 manu
871 823 1241 885 deducente.
1317 822 1445 896 Qua
1523 822 1600 884 de
1659 839 1838 886 causa
1896 819 2076 882 laetati

434 913 678 984 animis,
713 920 770 973 et
795 912 906 974 rati
942 931 1059 974 non
1093 913 1207 974 hoc
1241 913 1327 973 eis
1357 921 1666 974 ostensum
1711 911 1942 992 absque
1972 908 2080 972 Dei

435 1000 709 1082 numine,
735 1001 859 1063 illic
891 1021 1058 1063 suam
1094 1002 1322 1063 faciunt
1354 1001 1928 1074 habitationem.Qui
1949 999 2075 1082 qui-

435 1091 573 1153 dem
605 1091 774 1154 locus
803 1110 940 1154 cum
981 1101 1140 1154 esset
1165 1093 1330 1174 prius
1363 1092 1625 1154 ferarum
1659 1091 2080 1171 refugium,sa-

435 1199 603 1244 crum
640 1181 930 1264 templum
967 1192 1176 1262 poatea
1207 1181 1394 1244 evasit
1427 1191 1484 1244 et
1514 1181 1865 1262 angulorum
1899 1180 2078 1244 habi-

434 1270 914 1352 taculumJgitur
936 1272 1036 1334 diu
1062 1273 1370 1335 latuerunt
1390 1274 1448 1333 in
1471 1272 1904 1354 spelunca,nec
1927 1271 2082 1334 ullus

434 1360 506 1423 ad
538 1380 642 1423 eos
671 1362 1022 1436 accedebat,
1057 1364 1148 1426 vel
1179 1362 1403 1444 aliquid
1439 1382 1471 1425 e
1501 1362 1688 1425 rebus
1720 1360 2082 1424 necessariis

438 1450 922 1531 impertiebatur,
953 1453 1060 1514 sed
1094 1453 1404 1532 solis,quze
1425 1453 1548 1515 illic
1575 1452 1806 1514 adnatze
1823 1453 2078 1526 fuerant,

440 1540 666 1615 herbis.
698 1551 764 1604 ut
797 1541 1035 1615 licebat,
1070 1541 1406 1604 alebantur.
1443 1543 1733 1605 Caeterum
1768 1541 1914 1617 Deo,
1953 1559 2086 1602 mea

441 1629 685 1710 quidem
722 1632 1048 1706 sententia,
1080 1650 1198 1692 non
1230 1630 1488 1713 amplius
1538 1631 1877 1692 sustinente
1901 1629 2088 1692 celari

2161 735 2293 811 πρὸς
2350 735 2427 809 τῷ
2485 735 2709 812 βορεινῷ
2767 741 2858 792 τοῦ
2915 731 3212 813 χειμάρρου
3261 731 3785 813 κρημνῷ,νκαθᾶπερ

2159 824 2261 880 ὒπό
2317 845 2462 886 τινος
2522 823 2821 901 ὁδηγούσης
2880 812 3066 903 χειρὸς
3140 820 3446 886 ὶλκόμενοι.
3528 812 3789 882 Ἠσθέντες

2161 913 2249 970 οὖν
2300 913 2387 970 ἐπ’
2443 915 2586 988 αὖτῷ
2631 914 2728 978 τὰς
2785 914 2990 992 ψυχὰς,
3038 913 3125 968 καὶ
3169 913 3266 969 οὒκ
3311 911 3452 968 ἀθεεὶ
3483 917 3634 968 τοῦτο
3662 912 3788 967 ὃπου

2162 1001 2442 1082 δειχθῆναι
2497 1003 2684 1066 αὒτοϊς
2743 1003 3081 1078 νομίσαντες,
3133 1001 3341 1059 ὲκετσαι
3400 1001 3789 1066 ποιοῦνταιτὴν

2163 1098 2460 1156 κατοικίαν,
2497 1091 2682 1171 ’Ὀπερ
2727 1091 2827 1161 ἄρα
2879 1094 3077 1168 Θηρίων
3125 1090 3408 1170 καταφδγὴ
3441 1091 3689 1168 πρότερον
3715 1091 3791 1164 ὃν,

2163 1183 2288 1247 ναὸς
2315 1184 2454 1258 ἱερὸς
2485 1181 2703 1260 γέγονεν
2752 1182 2974 1261 ὕστερον
3023 1181 3112 1236 καὶ
3173 1179 3421 1256 ἀγγέλων
3467 1193 3494 1223 υ
3547 1201 3795 1246 κατοικη-

2163 1272 2370 1349 τήριον.
2417 1269 2738 1329 Ἐλάνθανον
2797 1271 2896 1346 μὲν
2951 1270 3042 1328 οὖν
3099 1269 3155 1325 ἒν
3192 1273 3270 1344 τῷ
3327 1268 3580 1343 σπηλαίῳ
3647 1267 3796 1348 μέχρι

2165 1359 2393 1434 πολλοῦ,
2455 1363 2542 1417 καὶ
2589 1360 2753 1427 οὗδέὶς
2817 1364 2843 1418 ὁ
2897 1357 3256 1438 παραϐάλλων
3313 1360 3498 1424 αὒτοϊς
3556 1363 3645 1438 ἦν,
3687 1357 3795 1414 οὔτε

2167 1451 2310 1515 τινὸς
2367 1456 2474 1507 τῶν
2523 1453 2656 1528 πρὸς
2714 1452 2903 1530 χρείαν
2953 1449 3093 1514 ὅλως
3127 1449 3425 1520 κοινωνῶν,
3458 1446 3596 1503 ἀλλὰ
3622 1467 3795 1523 μοναις

2167 1555 2291 1603 ταῖς
2338 1541 2796 1621 παραπειρυκυίαις
2857 1541 2998 1614 αὒτῷ
3056 1539 3329 1616 βοτάναις,
3401 1539 3475 1601 ὡς
3534 1537 3794 1617 ἐγχωροῦν

2166 1631 2258 1708 ἦν,
2320 1629 2622 1710 ἐτρέφοντο.
2687 1631 3012 1705 Κρύπτεσθαι
3085 1629 3143 1684 δὲ
3197 1629 3297 1696 τὴν
3349 1626 3564 1684 ἐκείνων
3618 1626 3797 1705 ἀρετὴν

436 1738 644 1780 eorum
673 1719 951 1783 virtutem
989 1721 1316 1803 (quomodo
1350 1722 1510 1782 enim
1539 1719 1565 1784 ?
1595 1720 2083 1802 quandoquidem

2171 1717 2448 1790 ἐπιπλεον,
2486 1719 2670 1796 οἶμαι,
2705 1725 2797 1775 τοῦ
2831 1725 2961 1775 Θεοῦ
2991 1717 3069 1792 μὴ
3101 1716 3484 1795 ἀνασχομένου
3520 1714 3654 1794 (πῶς
3681 1716 3797 1793 γᾶρ;

439 1827 551 1870 nec
569 1810 729 1870 horti
754 1811 965 1882 clausi,
991 1829 1105 1872 nec
1127 1809 1308 1872 fontis
1329 1810 1649 1888 signati,ad
1686 1811 1904 1871 multos
1931 1809 2083 1870 redit

2171 1808 2252 1865 ὅτι
2313 1807 2450 1883 μηδὲ
2505 1807 2884 1882 κεκλεισμένον
2938 1809 3139 1880 κήπου,
3175 1805 3312 1880 μηδὲ
3338 1805 3522 1882 πηγῆς
3555 1805 3798 1884 ἐσρραγι-

438 1899 715 1977 utilitas),
749 1901 852 1961 sed
890 1901 1126 1963 volente
1155 1901 1352 1980 potius
1383 1919 1488 1962 eos
1511 1900 1646 1961 aliis
1677 1917 1920 1981 quoque
1948 1917 2082 1960 esse

2171 1897 2398 1975 σμένης,
2447 1895 2530 1953 ἐπὶ
2585 1895 2818 1959 πολλοὺς
2868 1899 2900 1964 ἡ
2962 1893 3247 1975 ὠφέλεια),
3312 1894 3451 1951 ἆλλᾶ
3493 1893 3800 1971 βουλομένω

438 2007 685 2051 causam
717 1989 930 2051 salutis
989 1989 1428 2071 copiosumque
1481 1997 1538 2051 et
1571 1995 1912 2050 communis
1943 2005 2084 2050 usus

447 2077 696 2155 bonum,
735 2079 1081 2160 bujusmodi
1110 2097 1209 2143 res
1250 2084 1413 2142 circa
1451 2097 1556 2142 eos
1583 2095 1654 2141 ex
1685 2077 2085 2141 Providentiae

440 2167 895 2244 dispensatione
924 2169 1165 2231 accidit.

523 2257 938 2331 Xlll.Quidam
963 2278 1031 2322 ex
1056 2258 1282 2321 Lazarii
1300 2258 1516 2338 (20-?!)
1543 2259 1883 2340 pastoribus
1902 2259 2085 2320 addu-

441 2351 906 2424 cuntaliquando
921 2366 1056 2410 oves
1069 2352 1471 2410 adtorrentem
1487 2351 1844 2412 .etobtutuin
1862 2352 2086 2422 spelun-

438 2455 568 2498 cam
595 2436 1099 2514 immisso,vident
1119 2455 1222 2499 eos
1246 2437 1635 2500 imminentes
1658 2436 2088 2518 capiti;repen«

440 2525 565 2588 tino
589 2534 786 2589 autem
813 2536 871 2588 et
889 2526 1132 2589 insolito
1159 2526 1376 2588 turbati
1399 2527 1819 2607 spectaculo.ii
1841 2526 2082 2608 quidem

440 2618 711 2696 protinus
741 2617 802 2678 in
833 2617 1027 2697 fugam
1062 2626 1288 2698 quanta
1323 2624 1598 2697 poterant
1622 2617 1842 2697 pedum
1865 2616 2086 2678 celeri-

442 2717 556 2765 tate
581 2724 642 2765 se
665 2708 974 2770 dederunt;
1001 2710 1083 2766 illi
1110 2725 1243 2767 vero
1266 2711 1533 2767 timorem
1558 2710 1642 2766 eis
1663 2708 2088 2780 appositissime

441 2792 780 2875 dementes,
813 2813 957 2856 voce
1005 2813 1182 2875 quam
1219 2801 1537 2875 potuerunt
1567 2793 2000 2871 benignissima
2030 2801 2088 2854 et

441 2881 754 2944 leuissima
789 2900 804 2944 ε
871 2883 956 2945 Ne
991 2883 1277 2959 timeatis,
1311 2903 1346 2944 o
1393 2883 1636 2960 fratres,
1672 2882 1974 2957 dixerunt,
2011 2901 2087 2944 ne

444 2970 888 3034 timeatis.Nam
915 2973 1026 3054 ipsi
1053 2991 1294 3054 quoque
1318 2973 1592 3034 homines
1610 2972 2086 3043 sumus,etia:nsi

439 3069 685 3140 propter
707 3071 951 3140 peccata
973 3072 1179 3124 nostra
1205 3072 1560 3143 praesentem
1589 3063 1786 3124 locum
1816 3061 2087 3124 habitare

2167 1985 2372 2063 μᾶλλον
2425 1988 2512 2043 καὶ
2573 1985 2761 2048 ἄλλοις
2816 1986 3082 2061 σωτηρίας
3145 1985 3333 2048 αὐτοὺς
3381 1984 3626 2062 γενέσθαι
3681 1983 3800 2059 πρό-

2166 2098 2349 2158 φασιν,
2394 2078 2483 2134 καὶ
2530 2076 2754 2157 ἄφθονόν
2797 2097 2847 2131 τι
2883 2077 2968 2132 καὶ
2999 2073 3323 2154 κοινωφελές
3380 2075 3600 2152 ἀγαθὸν,
3660 2075 3796 2130 οἱκο-

2168 2181 2418 2243 νομεῒται
2446 2187 2497 2223 τι
2529 2165 2771 2224 τοιοῦτον
2801 2165 2920 2244 περὶ
2951 2165 3141 2226 αὒτούς
3176 2179 3192 2194 ⁸

2251 2256 2360 2317 ll".
2410 2256 2742 2335 Προσάγουσί
2783 2276 2925 2318 τινες
2971 2259 3077 2310 τῶν
3120 2261 3212 2311 τοῦ
3257 2255 3517 2330 Λαςαρίου
3546 2252 3802 2329 ποιμένων

2169 2350 2234 2404 τὰ
2277 2344 2517 2425 πρόϐατά
2559 2367 2691 2403 ποτε
2735 2351 2812 2418 τῷ
2870 2344 3170 2424 χειμάρρῳ,
3219 2345 3307 2400 καὶ
3367 2344 3502 2423 πρὸς
3547 2344 3607 2399 τὸ
3660 2343 3800 2411 σπή-

2169 2437 2320 2494 λαιον
2365 2433 2712 2500 ἐπιϐαλόντες
2775 2436 2836 2490 τὸ
2890 2433 3132 2512 βλέμμα,
3198 2435 3394 2511 ὁρῶσιν
3453 2432 3639 2494 αὐτοὺς
3681 2430 3802 2509 ὓπερ

2168 2524 2434 2607 κεφαλῆς,
2495 2525 2582 2580 καὶ
2647 2529 2724 2596 τῷ
2782 2523 2954 2602 ἀθρόῳ
3010 2525 3097 2579 καὶ
3168 2523 3418 2592 ἀσυνήθει
3477 2522 3575 2590 τῆς
3631 2521 3801 2597 ὄψεως

2169 2614 2642 2694 διαταραχθέντες,
2676 2616 2723 2669 οί
2755 2612 2853 2688 μὶν
2887 2613 2922 2680 ἦ
2965 2612 3144 2670 ποδῶν
3189 2613 3356 2691 εἶχον
3387 2614 3534 2674 εὐθὺς
3565 2611 3798 2692 ἔφευγον,

2169 2704 2369 2760 ἐκεῖνοι
2412 2702 2467 2758 δὲ
2520 2703 2618 2770 τὴν
2682 2701 2878 2759 δειλίαν
2909 2701 3083 2761 αὑτῶν
3114 2701 3493 2776 ἐμμελέστατα
3522 2704 3800 2780 ἀφαιροῦν-

2167 2815 2280 2873 τες,
2326 2805 2592 2869 προσηνεῖ
2622 2795 2696 2856 ὡς
2729 2791 2894 2871 εἶχον
2939 2798 3007 2866 τῇ
3052 2796 3206 2869 φωνῇ
3234 2793 3324 2848 καὶ
3353 2791 3565 2868 ἡμέρῳ,
3603 2791 3687 2858 Μὴ
3715 2811 3802 2870 φο·

2166 2882 2370 2956 ϐετσθε,
2405 2880 2645 2961 ἀδελφοὶ,
2679 2881 2893 2960 ἔλεγον,
2927 2883 3003 2956 μὴ
3053 2878 3329 2961 φοϐεῖσθε.
3362 2881 3682 2958 ’Ἄνθρωποι
3710 2882 3803 2957 γὰρ

2166 2975 2255 3029 καὶ
2298 2973 2446 3031 αὐτοὶ
2473 2988 2524 3051 ο,
2554 2974 2597 3028 εί
2632 2973 2717 3028 καὶ
2760 2970 2845 3027 διὰ
2875 2972 2968 3034 τὰς
3001 2971 3261 3045 ἁμαρτίας
3307 2969 3497 3050 ἡμῶν,
3525 2972 3618 3027 τὸν
3671 2991 3802 3044 παρ-

2168 3062 2295 3119 όντα
2322 3061 2490 3118 τόπον
2533 3063 2704 3118 οἰκεῖν
2749 3060 3131 3138 προειλόμεθα.
3179 3060 3312 3118 Τότε
3364 3067 3498 3138 γοῦν
3528 3063 3573 3116 οἱ
3616 3059 3802 3134 ποιμέ-

441 3152 1064 3215 constituimus.Tunc
1077 3171 1225 3233 ergo
1242 3162 1514 3233 pastores
1533 3151 1658 3213 ausi
1677 3151 1749 3212 ad
1764 3169 1868 3214 eos
1881 3170 2059 3213 ascen

2171 3173 2256 3216 νες
2294 3151 2392 3218 τὴν
2425 3153 2499 3213 ὡς
2545 3151 2733 3214 αὖτοὺς
2783 3149 3137 3228 θαῤῥήσαντες
3176 3149 3386 3224 ἄνοδον,
3448 3152 3510 3208 τὸ
3553 3148 3805 3220 σπήλαιόν

440 3238 676 3316 dere,et
707 3242 964 3320 ingressi
987 3242 1551 3322 speluncam,quam
1580 3241 1693 3321 ipsi
1716 3239 2083 3314 incolebant,

441 3347 576 3390 cum
613 3331 766 3393 nihil
830 3333 1077 3393 omnino
1109 3332 1480 3394 invenissent
1531 3349 1739 3392 eorum
1792 3350 1924 3412 quae
1951 3339 2086 3393 sunt

439 3420 608 3481 utilia
635 3422 1136 3502 corpori,reversi
1161 3428 1302 3483 sunt
1322 3420 1492 3482 valde
1515 3420 1906 3500 admirantes,
1929 3421 2086 3483 suis-

440 3527 556 3588 que
571 3509 807 3588 singula
826 3517 1281 3573 enarraverunt.
1295 3509 1524 3572 Deinde
1542 3529 1660 3572 non
1676 3518 1988 3574 cessarunt
2010 3509 2087 3572 de

438 3612 640 3660 caetero
667 3605 867 3661 incola:
908 3604 1124 3662 Lazarii
1172 3603 1255 3662 eis
1307 3619 1433 3661 esse
1462 3617 1660 3661 rerum
1685 3605 2084 3661 necessarium

441 3687 723 3765 ministri;
758 3693 846 3752 sic
875 3689 1000 3753 Deo
1032 3691 1145 3752 ista
1170 3690 1481 3771 sapienter
1513 3698 1572 3752 et
1602 3689 1937 3752 clementer
1959 3690 2085 3751 dis-

441 3789 833 3858 pensante,ut
856 3789 918 3843 et
938 3780 1054 3861 ipsi
1088 3799 1157 3842 ea
1181 3781 1472 3844 haberent
1495 3780 1716 3860 quibus
1740 3779 2089 3859 indigebant

441 3866 514 3928 ad
551 3875 726 3930 usum
766 3869 1127 3950 corporis,et
1159 3869 1232 3931 iis
1265 3869 1367 3951 qui
1399 3887 1468 3930 ea
1498 3868 1924 3947 largiebantur,
1957 3887 2084 3931 rem

440 3957 616 4036 longe
652 3961 1130 4038 praestantiorem
1167 3958 1527 4040 praeberent,
1563 3959 1814 4021 salutem
1847 3958 2083 4021 animae.

524 4047 828 4110 XIV.Cum
851 4057 1047 4110 autem
1073 4049 1150 4111 de
1176 4049 1252 4110 iis
1273 4065 1510 4130 quoque
1527 4049 1903 4129 quaesiissent
1928 4049 2087 4112 Pha-

441 4136 674 4215 ranitae,
709 4146 767 4197 et
821 4135 1178 4200 didicissent
1209 4137 1310 4200 ubi
1343 4137 1702 4210 habitarent,
1736 4137 1980 4200 assidue
2008 4137 2082 4199 ad

443 4242 548 4286 eos
570 4224 1058 4288 ventitabaut.Ac
1084 4226 1342 4303 primum
1377 4227 1622 4308 quidem
1646 4227 1764 4288 duo
1786 4243 1860 4289 ex
1881 4227 2085 4289 fratri-

442 4311 557 4374 bus
579 4312 652 4374 ad
678 4329 784 4376 eos
802 4313 1350 4395 profecti,Marinus
1374 4324 1432 4378 et
1462 4316 1804 4387 Lucas,non
1829 4317 2087 4398 amplius

445 4403 666 4466 reverti
697 4403 1057 4479 voluerunt;
1088 4404 1193 4467 sed
1238 4423 1274 4466 a
1303 4405 1500 4468 verbis
1533 4425 1741 4468 eorum
1777 4415 1836 4468 et
1867 4407 2084 4469 virtute

2171 3263 2228 3298 τε
2287 3239 2611 3305 εἰσελθόντες
2670 3240 2801 3316 ὅπερ
2858 3240 3030 3314 ᾢκουν
3087 3240 3257 3318 αὒτοὶ,
3320 3241 3407 3295 καὶ
3471 3237 3640 3313 μηδὲν
3667 3235 3803 3313 μηδ-

2171 3331 2313 3394 όλως
2346 3338 2451 3386 τῶν
2482 3331 2771 3410 χρησίμων
2813 3337 2892 3403 τῷ
2935 3333 3145 3406 σώματι
3185 3329 3504 3408 εὑρηκότες,
3552 3329 3802 3407 ὑπέστρε-

2170 3421 2267 3498 φόν
2325 3442 2383 3477 τε
2447 3419 2644 3500 σφόδρα
2695 3421 3075 3495 θαυμάζοντες,
3126 3420 3214 3475 καὶ
3255 3432 3373 3484 τοῖς
3430 3419 3590 3485 ⁴ίδίοις
3620 3419 3804 3476 ἕκαστα

2169 3509 2470 3590 διεσάφουν.
2522 3510 2658 3567 Εἶτα
2687 3510 2750 3565 τὸ
2794 3508 2939 3587 ἑξῆς,
2988 3507 3046 3564 οὗ
3105 3506 3344 3565 διέλιπον
3407 3509 3461 3565 οἱ
3511 3511 3606 3566 τοῦ
3633 3515 3798 3578 Λαζα-

2169 3601 2280 3680 ρίου
2343 3598 2578 3656 διάκονοι
2662 3603 2769 3654 τῶν
2848 3597 3155 3676 ἀναγκαίων
3212 3597 3397 3662 αότοϊς
3487 3599 3750 3674 γινόμενοι
3781 3609 3796 3626 ’

2169 3690 2308 3747 οὕτω
2361 3696 2454 3746 τοῦ
2499 3694 2633 3745 Θεου
2675 3687 2842 3744 ταῦτα
2885 3693 3060 3767 σοφῶς
3109 3687 3196 3742 καὶ
3246 3685 3634 3767 φιλανθρώπως
3665 3687 3800 3743 οίκο-

2171 3787 2484 3853 νομοῦντος,
2515 3777 2609 3835 ’ἕνα
2639 3779 2726 3833 καὶ
2762 3776 2910 3833 αὒτοὶ
2959 3780 3034 3832 ὦι
3091 3773 3299 3832 ἐδέοντο
3343 3777 3479 3852 πρὸς
3509 3777 3694 3856 χρείαν
3719 3780 3804 3831 τοῦ

2168 3870 2438 3943 σώματος,
2499 3866 2695 3949 ἔχωσι,
2755 3867 2844 3923 καὶ
2906 3878 3026 3930 τοῖς
3085 3874 3287 3921 τουτων
3343 3863 3702 3939 μεταδιδοῦσι,
3745 3864 3802 3920 τὸ

2167 3957 2355 4032 πολλῴ
2383 3971 2655 4034 κρεῖττον,
2691 3959 2959 4022 σωτηρίαν
2989 3955 3176 4034 ψυχῆς
3208 3953 3517 4033 παρέχωσι,

2249 4047 2365 4107 1Δ’.
2400 4045 2740 4115 Ζητῆσαντες
2795 4043 2852 4100 δὲ
2901 4045 3021 4122 περὶ
3066 4045 3242 4100 αὐτῶν
3269 4044 3356 4100 καὶ
3399 4046 3449 4100 οἱ
3477 4049 3580 4112 τῆς
3608 4043 3798 4122 Φαρὰν,

2169 4138 2253 4194 καὶ
2313 4137 2571 4211 μαθόντες
2631 4135 2765 4190 ὅπου
2821 4131 3086 4213 διάγοιεν,
3139 4134 3386 4212 συνεχῶς
3432 4133 3561 4213 παρ’
3623 4133 3800 4196 αὐτοὺς

2168 4226 2416 4304 ἐφοίτων,
2457 4227 2553 4282 Καὶ
2607 4225 2792 4299 πρῶτα
2843 4223 2942 4297 μὲν
2987 4220 3078 4278 δύο
3137 4228 3242 4278 τῶν
3301 4221 3546 4304 ἀδελφῶν
3603 4227 3800 4295 αὐτοῖς,

2171 4322 2402 4393 Μαρῖνός
2459 4335 2516 4369 τε
2571 4314 2659 4368 καὶ
2704 4318 2940 4390 Λουκᾶς,
2998 4310 3406 4390 προσελθόντες,
3469 4314 3801 4392 ὑποστροφῆς

2167 4403 2330 4463 πάλιν
2375 4400 2622 4477 οὐδεμιᾶς
2680 4400 3051 4477 ἐμνήσθησαν,
3110 4399 3264 4458 Ἀλλ’
3328 4401 3431 4458 ὑπὸ
3483 4402 3592 4458 τῶν
3635 4399 3804 4477 λόγων

445 4493 623 4574 capti,
654 4503 939 4571 tanquam
969 4513 1002 4556 a
1027 4493 1387 4576 quibusdam
1419 4514 1539 4557 non
1569 4495 1882 4558 fallacibus
1912 4495 2082 4559 Sire-

2171 4495 2342 4550 αὒτῶν
2395 4494 2483 4548 καὶ
2526 4496 2627 4558 τῆς
2685 4491 2904 4570 ἀρετῆς,
2964 4489 3145 4569 ὥσπερ
3186 4491 3288 4547 ὑπό
3343 4511 3504 4546 τινων
3569 4487 3801 4566 ἀψευδῶν

441 4581 646 4659 nibus,
679 4600 746 4644 se
778 4582 924 4663 ipsis
977 4583 1217 4646 tradunt
1269 4585 1431 4647 velut
1457 4584 1730 4666 patribus
1758 4593 1816 4646 et
1846 4591 2082 4647 anima-

2166 4583 2428 4661 σειρήνων
2483 4580 2730 4656 ἁλόντες,
2791 4582 2864 4645 ὡς
2927 4581 3187 4658 πατράσιν
3245 4579 3432 4645 ανδτοῖς
3488 4581 3574 4637 καὶ
3617 4583 3802 4659 ψυχῶν

441 4688 576 4734 rum
605 4676 1161 4743 curatoribus.Quos
1181 4678 1410 4750 supinis
1433 4678 1702 4736 manibus
1727 4691 1972 4749 magnus
1995 4694 2083 4736 ea-

2171 4670 2532 4748 έπιμεληταϊς
2594 4671 2810 4736 ἑαυτοὺς
2863 4670 3244 4752 ἐγχειρίζουσιν
3280 4688 3295 4704 ⁸
3343 4670 3432 4732 οὓς
3478 4670 3577 4727 καί
3625 4667 3800 4749 χερσίν

445 4755 679 4837 cipiens
708 4756 1080 4839 Euthymius,
1114 4759 1173 4820 in
1219 4758 1384 4820 omni
1413 4758 1617 4821 erudit
1644 4759 1922 4823 asceticte
1951 4759 2083 4821 vita;

2171 4764 2199 4818 ὁ
2242 4759 2408 4840 μέγας
2462 4760 2714 4835 Εὗθύμιος
2771 4761 2979 4828 ὑπτίαις
3022 4759 3431 4834 ὑποδεξάμενος,
3481 4766 3657 4816 πᾶσαν
3712 4761 3799 4814 kx-

447 4843 790 4928 disciplina;
813 4847 966 4910 adeo
984 4847 1365 4930 praclaremt
1385 4846 1569 4912 iidem
1591 4848 1935 4912 consecutis
1959 4859 2083 4932 post

2173 4852 2408 4910 παιδεύει
2472 4849 2744 4910 πολιτείαν
2801 4852 3102 4923 ἀσκητικήν
3131 4866 3147 4882 ⁸
3207 4850 3348 4908 οὕτω
3407 4854 3610 4928 καλῶς,
3669 4850 3798 4908 ὥστε

1767 5043 2024 5110 νΑιιΙλΕ
2066 5044 2386 5112 LECTION
2392 5045 2479 5110 ES

527 5227 565 5257 ³³³
595 5217 675 5285 Il.
707 5222 945 5300 κρημνὸν
973 5221 1061 5279 καὶ
1102 5221 1254 5298 βαθύ.
1341 5234 1369 5266 ιι
1397 5219 1665 5302 intellige
1695 5221 1882 5299 ἁγίων.
1969 5236 1996 5266 °
2024 5222 2106 5287 al.
2138 5225 2326 5300 ἡμεῖς.

1667 5398 1876 5470 JOAN.
1918 5402 2292 5469 BOLLANDI
2334 5400 2581 5468 NOT/E.

522 5581 778 5666 (QD-zu
794 5579 1282 5666 Meminithujus
1314 5580 1537 5647 Lazarii
1568 5581 1867 5648 Palladius
1893 5584 1956 5648 in
2004 5584 2266 5649 Historia
2297 5584 2582 5649 Lausiaca
2610 5601 2742 5666 cap.
2778 5583 2916 5649 l03.
2953 5581 3268 5649 Lazariotae
3295 5583 3508 5648 incola
3551 5581 3679 5663 ejus
3709 5577 3801 5640 di-

444 5667 658 5727 Cuntur
685 5661 840 5725 infra
866 5680 1035 5724 num.
1071 5661 1209 5728 139.
