4090 6198
303 329 425 402 609

1611 318 1797 405 vrri
1839 341 1900 403 s.
1949 334 2363 408 summu.

3559 346 3682 414 610

302 476 391 533 καὶ
436 477 657 557 χρόνοις
713 475 932 553 ὕστερον
996 477 1044 532 οἱ
1076 474 1231 535 αἰδτοῖ
1263 475 1361 532 κᾶν
1404 488 1522 538 τοῖς
1553 478 1669 555 περὶ
1699 477 1801 546 τὴν
1828 478 1942 534 κώ-

2034 476 2427 558 temporibus,
2464 478 2525 543 in
2559 476 2706 541 locis
2764 495 2897 558 qum
2947 484 3089 540 sunt
3130 477 3290 540 circa
3319 478 3515 543 vicum
3544 480 3677 546 He-

305 588 419 641 μην
478 566 714 623 Μετωπὰ
791 564 1092 640 διέλαμψαν
1178 565 1386 645 τόποις,
1459 570 1554 622 καὶ
1616 569 1951 645 μοναστήρια

304 657 728 734 συνεστήσαντο,
791 662 876 712 καὶ
923 654 1204 713 Θεοδόσιον
1260 657 1473 712 ἒκεῖνον
1515 658 1609 712 τὸν
1653 658 1847 734 μέγαν,
1892 658 1950 721 ’ὃς

307 752 415 802 τῶν
472 747 610 802 κατὰ
665 747 764 813 τὴν
823 745 1024 823 ἔρημον
1059 745 1365 823 ἐξηγήσατο
1404 743 1704 820 κοινοόἔων,
1738 748 1810 809 εἰς
1845 770 1949 822 μο-

306 836 548 915 ναχικῆν
601 838 917 914 προήγαγον
978 834 1322 902 τελειότητα.
1407 841 1691 915 Πανταχοῠ
1748 836 1804 893 δὲ
1854 840 1953 905 τῆς

305 926 565 992 τοιαύτης
636 926 891 999 Εὐθυμίου
949 926 1141 1006 φήμης
1219 925 1275 980 ἐν
1329 924 1496 1001 ὀλίγῳ
1554 923 1952 1001 διαϐαινούσης,

302 1012 501 1070 πολλοὶ
544 1020 677 1086 πρὸς
751 1017 910 1071 αὖτὸν
979 1014 1162 1092 ὥσπερ
1203 1014 1306 1071 ὑπό
1351 1035 1495 1077 τινος
1552 1014 1727 1090 όσμῆς
1788 1017 1954 1095 μύρου

300 1104 654 1180 κεκινημένοι
742 1105 860 1162 καθ’
945 1105 1182 1171 ἑκάστην
1240 1102 1536 1185 συνέῤῥεον,
1595 1106 1685 1161 καὶ
1753 1107 1952 1164 τούτων

300 1192 532 1257 ἕκαστος
579 1198 723 1270 αἰ.τῷ
764 1207 1035 1252 συνοικεῖν
1094 1192 1290 1271 ἐδεῖτο,
1336 1196 1425 1251 καὶ
1479 1194 1573 1251 ὑπ’
1616 1195 1760 1268 αὒτῷ
1816 1199 1949 1253 καθ-

300 1288 538 1359 ηγεμόνι
596 1290 717 1361 ζῇν,
784 1287 872 1341 καὶ
925 1286 1255 1362 ρυθμίζεσθαι
1313 1305 1411 1351 την
1470 1286 1682 1364 ψυχὴν,
1745 1287 1833 1342 καὶ
1884 1286 1952 1342 τὰ

298 1376 641 1446 πνευματικὰ
719 1372 1144 1437 ἐκπαιδεύεσθαι.
1219 1373 1371 1432 Ἀλλ’
1431 1376 1639 1442 ἐκεῖνος
1701 1373 1951 1453 ἂκὲραιόν

297 1483 361 1519 τε
420 1462 519 1520 καί
576 1463 805 1543 ἄκρατον
847 1467 910 1521 τὸ
953 1465 1053 1533 τῆς
1098 1466 1328 1543 ἡσυχίας
1373 1464 1524 1545 ἔχειν
1553 1464 1719 1523 καλὸν
1747 1465 1946 1541 βουλό·

299 1573 491 1630 μενος,
545 1559 719 1610 πᾶσαν
765 1559 847 1627 τῷ
875 1554 1146 1633 μακαρίτῃ
1177 1555 1479 1628 Θεοκτίσεῳ
1509 1556 1605 1623 τὴν
1636 1562 1744 1612 τῶν
1775 1577 1948 1634 προσ-

301 1642 498 1699 ιόντων
584 1642 896 1718 ἔπιμὲλειαν
975 1643 1201 1700 ἀνετίθει
1232 1659 1246 1674 ⁸
1328 1646 1416 1701 καὶ
1472 1645 1555 1711 ὃς,
1629 1647 1949 1723 παρακούειν

300 1728 507 1790 ἐκείνου
566 1732 839 1809 μηδέποτε
902 1734 1086 1812 γνοὺς,
1149 1733 1449 1808 ἀναιρεῖται
1505 1734 1603 1810 μὲν
1631 1736 1819 1792 αὐτίκα
1847 1738 1948 1804 τὴν

2037 572 2175 646 topa
2205 569 2326 645 (93)
2346 568 2696 643 claruerint,
2730 574 2790 629 et
2821 568 3186 629 monasteria
3211 572 3675 648 construxerint,
3753 609 3759 612 ~

2037 674 2436 738 magnumque
2498 657 2668 720 illum
2725 655 3134 720 Theodosium
3195 658 3342 738 (ἓὸ),
3409 660 3510 742 qui
3566 660 3682 724 fuit

2038 746 2322 828 princeps
2369 756 2425 810 et
2474 755 2686 809 auctor
2741 745 3155 809 cmnobiorum
3187 749 3403 828 eremi,
3438 750 3509 811 ad
3545 768 3677 814 mo-

2039 835 2323 897 nasticam
2358 835 2745 917 perduxerint
2805 833 3264 914 perfectionem.
3297 835 3443 899 Cum
3475 846 3675 902 autem

2039 923 2166 986 haec
2191 924 2346 986 fama
2376 924 2678 1006 Enthymii
2711 922 2876 986 brevi
2908 933 3180 1004 tempore
3206 925 3430 1007 ubique
3461 945 3678 1008 perva-

2036 1013 2230 1090 deret,
2265 1016 2438 1077 multi
2469 1018 2541 1078 ad
2596 1016 2817 1096 ipsum,
2852 1021 3133 1096 tanquam
3164 1015 3241 1077 ab
3271 1016 3471 1098 aliquo
3503 1037 3675 1082 com-

2039 1104 2182 1164 moti
2218 1108 2503 1184 unguenti
2565 1105 2775 1178 odore,
2837 1104 3111 1185 quotidie
3141 1106 3569 1184 conﬂuebant;
3616 1118 3678 1171 et

2032 1193 2278 1271 rogabat
2306 1194 2719 1275 unusquisque
2751 1194 3018 1271 illorum,
3047 1204 3271 1257 utcum
3318 1196 3448 1276 ipso
3495 1198 3675 1261 habi-

2032 1290 2157 1345 tare
2187 1283 2307 1346 sibi
2338 1285 2569 1359 liceret,
2605 1285 2715 1346 sub
2742 1303 2813 1345 eo
2841 1284 2997 1347 duce
3030 1285 3257 1361 vivere,
3286 1287 3486 1348 anima
3508 1288 3675 1351 eflin-

2031 1371 2113 1450 gi,
2174 1373 2506 1454 spiritualia
2563 1373 2828 1436 edoceri.
2889 1373 3004 1437 Sed
3063 1375 3189 1451 ille,
3241 1375 3516 1439 obtinere
3562 1396 3674 1440 cu-

2034 1462 2206 1543 piens
2234 1464 2532 1544 integrum
2560 1482 2894 1544 purumque
2915 1463 3135 1545 quietis
3158 1464 3404 1535 bonum,
3434 1484 3675 1529 omnem

2031 1552 2479 1616 advenientium
2540 1571 2745 1616 curam
2798 1554 2970 1615 heato
3017 1554 3323 1616 commisit
3352 1552 3674 1617 Theoctis-

2031 1651 2131 1705 to:
2166 1642 2267 1705 hic
2297 1662 2463 1720 vero,
2501 1644 2601 1721 qui
2631 1643 2689 1706 ei
2745 1661 3050 1723 nunquam
3090 1643 3408 1707 recusabat
3440 1662 3672 1727 parere,

2031 1733 2306 1814 protinus
2327 1733 2568 1814 quidem
2597 1733 2942 1796 mandatum
2967 1733 3251 1814 suscipit;
3277 1751 3485 1798 verum
3516 1753 3673 1797 cuu-

298 1821 550 1898 ὶντολὴν,
580 1824 755 1880 πάντα
798 1821 852 1879 δὲ
909 1824 1048 1881 κατὰ
1096 1823 1320 1902 γνώμην
1387 1825 1640 1900 Εὑθυμίου
1699 1824 1944 1891 διατιθεὶς

2032 1831 2125 1885 cta
2152 1822 2607 1887 administrabat
2637 1841 2708 1886 ex
2739 1823 3042 1885 sententia
3071 1822 3392 1904 Euthymii.

295 1910 392 1978 ἦν.

385 1991 491 2062 ἰδ’.
538 1999 780 2062 ’Ἔπειτα
813 2003 995 2078 μέντοι
1053 2005 1141 2060 καὶ
1198 2004 1317 2083 περὶ
1347 2005 1441 2061 τὸν
1484 2011 1578 2061 τοῦ
1618 2006 1788 2064 τόπου
1818 2027 1947 2063 συν-

299 2093 550 2166 οικισμὸν
614 2093 973 2174 ἠσχολοῦντο,
1064 2094 1150 2148 καὶ
1221 2094 1582 2162 συστήσασθαι
1669 2096 1813 2173 παρὰ
1872 2096 1950 2171 τῷ

301 2179 558 2254 σπηλαίῳ
598 2181 799 2259 λαύραν
828 2184 964 2240 κατὰ
1012 2185 1104 2239 τὸν
1146 2184 1306 2239 τύπον
1331 2193 1357 2236 P
1384 2185 1566 2262 Φαρὰν
1596 2183 1945 2248 ἐσκέπτοντο.

299 2268 459 2327 Ἀλλ’
510 2273 547 2338 ἡ
602 2270 789 2329 ἰνοῦσα
848 2276 925 2347 τῷ
966 2272 1117 2349 τόπῳ
1175 2272 1476 2353 τραχύτης,
1526 2275 1618 2330 καί
1650 2275 1710 2330 τὸ
1759 2277 1952 2349 μικροῦ

297 2361 390 2416 καὶ
434 2356 629 2416 ἄϐατον
670 2361 832 2418 αὐτὸν
884 2366 1052 2442 εἶναι,
1103 2368 1365 2429 συστῆσαι
1397 2363 1496 2436 μέν
1524 2384 1641 2418 τινα
1674 2364 1790 2440 περῖ
1824 2365 1948 2421 αὐτὸ

298 2448 502 2528 λαύραν
558 2451 653 2506 οὑκ
711 2451 801 2507 εἴα
835 2467 850 2482 ’
941 2454 1073 2530 πρὸς
1136 2455 1270 2529 αὑτῇ
1330 2450 1384 2508 δί
1443 2456 1510 2528 τῇ
1553 2455 1647 2509 του
1704 2460 1948 2532 κρημνοῦ

298 2536 617 2619 προσϐάσει,
674 2538 941 2598 κοινόϐιον
982 2540 1322 2615 οἰκοδομοῦσι
1367 2555 1483 2603 τοῖς
1534 2540 1809 2621 ἀδελφοῖς,
1858 2546 1947 2599 καὶ

296 2630 364 2684 τὸ
408 2628 676 2697 σπήλαιον
733 2630 943 2691 ἑαυτοῖς
990 2632 1064 2694 εἷς
1122 2629 1448 2697 Ἐκκλησίαν
1511 2632 1944 2705 μετασκευάζου-

300 2741 388 2774 σιν
416 2727 445 2771 (Ι
477 2738 492 2753 ο
524 2722 571 2793 ᾧ
613 2721 699 2775 καὶ
753 2718 1114 2798 προσεδρεύων
1158 2719 1242 2799 ἐφ’
1288 2720 1521 2799 ἡσυχίας
1572 2722 1601 2776 ὁ
1632 2720 1804 2799 μέγας
1839 2720 1943 2778 Εὐ-

295 2809 507 2884 θύμιος,
565 2809 759 2889 ψυχῶν
801 2809 870 2877 ἦν
923 2809 1284 2882 ἐπιμελητὴς,
1333 2809 1421 2865 καὶ
1475 2811 1550 2864 ὧν
1589 2808 1799 2867 ἐκεῖναι
1850 2808 1944 2866 δέ·-

303 2919 499 2976 χονται
545 2897 773 2976 πληγῶν
801 2900 907 2956 ὑπὸ
935 2904 1032 2967 τῆς
1063 2900 1277 2976 κακίας,
1311 2900 1400 2955 καὶ
1444 2896 1533 2976 ὑφ’
1576 2900 1651 2954 ὧν
1681 2897 1946 2966 πολλάκις

297 2987 620 3065 τραυμάτων
670 2994 851 3053 κακῶς
928 2989 1257 3069 πάσχουσιν,
1308 2987 1486 3066 ἰατρὸς
1528 2989 1942 3067 ἓμπειρότατος.

296 3077 641 3150 Προσιόντων
695 3077 797 3155 γὰρ
850 3078 993 3153 αὖτῴ
1048 3075 1168 3135 καθ’
1227 3078 1460 3145 ἑκάστην
1518 3082 1628 3133 τῶν
1678 3076 1941 3155 ἀδελφῶν,

2112 2002 2240 2066 XV.
2276 2001 2510 2065 Deinde
2540 2008 2738 2065 autem
2771 2000 2831 2063 in
2865 2000 2996 2063 loco
3026 2020 3267 2081 quoque
3297 2000 3371 2063 ad
3402 1999 3673 2063 habitan-

2031 2090 2172 2153 dum
2214 2092 2619 2154 construendo
2648 2091 3122 2171 occupabantur,
3158 2089 3583 2171 habebantque
3613 2090 3674 2153 in

2031 2182 2234 2242 animo
2264 2181 2338 2242 ad
2370 2183 2720 2261 speluncam
2770 2182 3135 2243 constituere
3167 2180 3422 2253 lauram,
3458 2198 3675 2243 secun-

2030 2269 2174 2332 dum
2199 2270 2448 2349 ﬁguram
2482 2269 2719 2332 Pharan
2747 2287 2762 2333 :
2795 2269 2900 2331 sed
2930 2289 3065 2350 quae
3096 2273 3228 2332 loco
3261 2270 3457 2332 inerat
3486 2287 3670 2351 aspe-

2029 2359 2198 2431 ritas,
2249 2359 2534 2440 quodque
2589 2370 2749 2423 esset
2809 2359 3244 2440 propemodum
3293 2359 3512 2432 invius,
3548 2377 3669 2420 non

2028 2448 2265 2511 sinebat
2296 2449 2421 2510 illic
2454 2451 2678 2510 lauram
2711 2449 2975 2511 condere
3011 2470 3023 2507 :
3060 2458 3119 2509 at
3145 2453 3203 2509 in
3232 2448 3363 2528 ipso
3399 2448 3671 2528 praecipi-

2031 2538 2098 2599 tii
2148 2536 2307 2599 aditu
2366 2536 2706 2600 coenobium
2762 2536 3061 2598 aedificant
3117 2535 3427 2607 fratribus.
3463 2545 3523 2597 et
3549 2534 3668 2598 sibi

2029 2628 2377 2708 speluncam
2433 2628 2494 2687 in
2550 2625 2871 2689 ecclesiam
2932 2634 3382 2689 transmutant:
3443 2624 3546 2687 ubi
3603 2626 3668 2685 in

2027 2718 2229 2798 quiete
2282 2735 2351 2780 ac
2406 2716 2647 2780 silentio
2700 2733 2949 2794 magnus
2990 2715 3264 2778 assidens
3292 2713 3661 2795 Euthymius,

2029 2815 2157 2870 erat
2183 2815 2423 2869 curator
2469 2805 2831 2880 animarum,
2891 2823 3129 2868 necnon
3180 2805 3484 2883 plagarum
3519 2821 3669 2885 quas

2028 2897 2147 2958 illa;
2174 2916 2207 2957 a
2238 2896 2394 2959 vitiis
2424 2895 2751 2976 accipiunt,
2786 2915 2821 2956 a
2864 2895 3082 2976 quibus
3125 2893 3477 2956 vulneribus
3508 2911 3669 2974 saepe

2029 2987 2183 3048 male
2209 2985 2575 3061 afﬁciuntur,
2632 2984 2902 3047 medicus
2934 2983 3360 3064 peritissimus.
3392 2981 3670 3056 Quotidie

2027 3076 2189 3139 enim
2227 3075 2298 3138 ad
2334 3093 2473 3137 eum
2508 3073 2939 3137 accedentibus
2968 3071 3272 3148 fratribus,
3305 3091 3419 3136 nec
3447 3090 3669 3135 veren-

291 3168 387 3223 καὶ
439 3166 562 3229 τοὺς
644 3164 936 3245 ὶογισμους
1014 3167 1271 3242 οὒμενοῦν
1344 3164 1736 3224 ἀνακαλύπτειν
1804 3168 1944 3243 αὺτῷ

2031 3165 2185 3229 tibus
2239 3165 2296 3227 ei
2353 3163 2590 3246 aperire
2637 3164 3053 3242 cogitationes,
3109 3161 3434 3243 unicuique
3491 3161 3672 3225 dabat

293 3253 775 3333 διευλαὸουμένιον,
851 3257 916 3313 τὸ
1000 3254 1348 3324 κατάλληλον
1401 3255 1613 3328 ίκάστῳ
1665 3257 1798 3336 πρὸς
1846 3258 1944 3325 τὴν

292 3348 391 3404 τοῦ
446 3355 615 3407 κακοῦ
672 3345 957 3424 θεραπείαν
1011 3343 1178 3404 ὶδίδου
1221 3345 1528 3426 φάρμακον,
1561 3343 1597 3401 ἃ
1650 3345 1806 3424 πείρᾳ
1856 3347 1946 3404 καὶ

295 3436 507 3492 συνίσει
555 3436 644 3493 καὶ
673 3432 855 3505 πολλῆ
904 3432 1185 3512 διακρίσει,
1219 3434 1347 3512 παρ’
1380 3434 1552 3510 ἑαυτῷ
1581 3432 1893 3501 συνελέξατο
1927 3455 1942 3473 ο

290 3525 370 3587 ὥς
414 3530 608 3603 μικροῦ
660 3525 757 3581 καί
814 3522 903 3582 ἔπ’
954 3525 1097 3599 αδτῷ
1153 3522 1485 3602 πληροῦσθαι
1540 3525 1605 3580 τὸ
1663 3531 1752 3583 τοῦ
1806 3526 1946 3582 θείου

290 3613 574 3694 Ἰερεμίου,
633 3613 717 3671 ὅτι
802 3614 1150 3689 Δοκιμαστῆν
1247 3611 1452 3672 δέδωκά
1535 3634 1597 3670 σε
1650 3615 1745 3671 τοῦ
1810 3611 1944 3672 λαοῦ

291 3724 423 3782 μου,
494 3704 586 3761 καὶ
665 3702 851 3781 γνώσῃ
925 3701 981 3759 ἰν
1043 3709 1118 3778 τῷ
1177 3700 1493 3780 δοκιμάζειν
1550 3722 1611 3758 σε
1668 3703 1769 3770 τὴν
1820 3701 1940 3760 ὁδὸν

291 3795 490 3853 αὕτῶν.

374 3882 478 3958 ις’
554 3881 774 3959 Ἀμέλει
844 3882 932 3940 καὶ
1018 3881 1248 3961 παρῄνει
1306 3884 1583 3956 πατρικῶς
1651 3880 1935 3963 πολλάκις,

288 3974 380 4029 καὶ
425 3978 577 4050 κοινῇ
618 3974 751 4052 πρὸς
812 3972 1000 4035 αὐτοὺς
1059 3970 1359 4050 διελέγετο,
1422 3974 1496 4037 ὡς
1548 3971 1649 4052 ἄρα
1690 3970 1775 4029 δεῖ
1815 3974 1939 4037 τοὺς

288 4061 763 4138 ἆποτασσομένους
818 4062 918 4139 βίῳ
965 4062 1064 4120 καί
1110 4073 1229 4126 τοῖς
1261 4063 1378 4140 περὶ
1404 4063 1495 4118 τὸν
1523 4062 1662 4139 βίον,
1694 4062 1936 4131 ὑπακοῆς

292 4151 580 4232 πανταχσῖ
634 4155 923 4232 φροντίζειν
998 4152 1089 4209 καὶ
1143 4161 1663 4234 ταπεινοφροσύνης,
1718 4153 1803 4210 καὶ
1843 4159 1937 4210 τοῦ

290 4242 375 4316 μὴ
420 4243 501 4315 τῷ
528 4237 644 4315 ἰδίῳ
702 4252 955 4321 στοιχεῖν
1013 4241 1280 4315 θελήματι
1315 4255 1329 4270 ⁸
1389 4242 1719 4318 καταθύμιόν
1763 4261 1819 4299 τε
1855 4241 1937 4298 ἀεὶ

286 4331 383 4387 τὸν
428 4330 654 4387 θάνατον
711 4327 870 4409 ἔχειν
904 4345 919 4361 ⁸
975 4330 1073 4386 καί
1103 4332 1205 4397 τὴν
1237 4330 1338 4406 μὲν
1368 4328 1591 4389 κόλασιν
1620 4328 1931 4404 δεδοικέναι,

286 4423 391 4486 τῆς
448 4418 721 4496 βασιλείας
777 4417 834 4476 δὲ
886 4424 992 4476 τῶν
1038 4419 1275 4498 οὓρανών
1328 4419 1563 4500 εφίεσθαι
1597 4440 1615 4459 α
1675 4421 1850 4478 πάντα
1877 4442 1936 4477 τε

2025 3255 2393 3320 conveniens
2421 3254 2688 3318 sanando
2720 3254 2876 3316 malo
2927 3252 3432 3315 medicamentum
3469 3269 3485 3327 ;
3536 3269 3671 3333 qua

2025 3345 2269 3428 quidem
2304 3344 2696 3427 experientia,
2732 3342 3048 3425 prudentia
3106 3341 3414 3424 multoque
3435 3340 3670 3422 judicio

2024 3436 2184 3518 apud
2215 3454 2282 3499 se
2311 3435 2677 3517 collegerat;
2709 3433 2861 3497 adeo
2887 3440 2950 3496 ut
2977 3433 3038 3495 in
3071 3432 3200 3514 ipso
3231 3428 3670 3513 propemodum

2027 3527 2384 3608 impleretur
2437 3525 2589 3589 illud
2639 3524 2823 3587 divini
2874 3522 3204 3586 Jeremim:
3268 3520 3671 3584 Probatorem

2024 3616 2165 3680 dedi
2196 3626 2257 3681 te
2281 3615 2504 3698 populi
2532 3616 2670 3695 moi,
2707 3620 2763 3677 et
2789 3620 2946 3679 scies
2977 3614 3046 3677 in
3071 3612 3389 3695 probando
3419 3618 3476 3674 te
3502 3613 3668 3675 viam

2023 3722 2237 3769 eorum
2266 3705 2314 3769 ί.

2101 3882 2254 3949 XVI.
2291 3882 2460 3963 Saepe
2484 3882 2686 3961 itaque
2715 3880 2896 3944 etiam
2931 3879 3294 3942 admonebat
3328 3884 3671 3960 paterne,et

2019 3973 2423 4038 communiter
2451 3971 2525 4034 ad
2580 3972 2713 4035 illos
2743 3970 3077 4033 orationem
3112 3966 3394 4043 habebat,
3453 3966 3664 4029 dicens

2018 4072 2301 4145 Oportere
2332 4081 2435 4125 eos
2464 4063 2566 4143 qui
2597 4061 2734 4124 huic
2785 4060 2922 4123 vitae
2966 4057 3269 4140 rebusque
3300 4056 3505 4121 saeculi
3561 4074 3664 4120 re-

2019 4153 2319 4229 nuntiant,
2349 4150 2573 4233 ubique
2603 4167 2810 4213 curam
2839 4165 3055 4230 gerere
3086 4146 3534 4224 obedientiaa,et
3556 4145 3662 4208 hu-

2021 4243 2320 4320 militatis,
2356 4260 2425 4304 ac
2458 4259 2535 4305 ne
2566 4239 2866 4323 propriam
2899 4246 3230 4320 sequantur
3260 4235 3661 4314 voluntatem;

2018 4333 2223 4397 adhaec
2244 4331 2304 4395 in
2335 4331 2489 4394 votis
2511 4348 2755 4410 semper
2777 4329 2999 4392 habere
3032 4337 3312 4399 mortem;
3340 4336 3401 4389 et
3433 4325 3664 4408 suppli-

2018 4424 2178 4486 cium
2202 4423 2446 4505 quidem
2472 4421 3223 4501 perhorrescere,regnum
3247 4425 3444 4479 autem
3462 4415 3663 4505 coelo-

287 4511 382 4565 τὸν
438 4509 637 4589 χρόνον
695 4506 881 4574 πόνοις
922 4508 1108 4566 ἑαυτὸν
1167 4507 1453 4583 ἕκδιδόναι,
1490 4510 1576 4566 καὶ
1610 4513 1811 4591 χειρῶν
1842 4509 1934 4568 τέ-

2031 4532 2157 4578 rum
2188 4503 2538 4575 desiderare
2565 4531 2582 4587 ;
2609 4518 2789 4592 atque
2837 4508 3000 4571 omni
3044 4517 3317 4589 tempore
3346 4524 3412 4569 se
3441 4503 3665 4568 dedere

287 4621 403 4677 χνῃ
432 4597 527 4654 καὶ
587 4598 809 4678 ἐργασίᾳ
835 4614 851 4631 ⁸
900 4600 988 4657 καὶ
1045 4597 1278 4675 μάλιστά
1322 4620 1383 4678 γε
1414 4621 1460 4656 ει
1490 4600 1607 4667 νέος
1637 4600 1777 4658 ἆστὶν
1837 4601 1936 4658 οὗ·

286 4709 406 4762 τος,
456 4689 545 4745 καὶ
599 4688 699 4758 τὴν
755 4689 929 4765 ὁρμὴν
985 4689 1086 4746 ὑπὸ
1143 4689 1241 4758 τῆς
1291 4689 1505 4758 ἡλικίας
1556 4689 1931 4766 κεκινημένος.

287 4776 425 4836 Τότε
452 4778 555 4856 γὰρ
609 4778 722 4857 χρὴ
766 4779 902 4856 πρὸς
953 4784 1023 4855 τῇ
1054 4775 1197 4856 ἄλλη
1243 4780 1361 4855 περὶ
1391 4780 1546 4836 αὑτὸν
1577 4778 1816 4861 φυλακῇ,
1846 4783 1935 4837 καί

286 4864 470 4943 πολλῇ
498 4877 562 4923 τὸ
590 4868 749 4943 σῶμα
806 4865 1141 4946 ταλαιπωρίᾳ
1197 4881 1548 4944 καταπονεῖν,
1595 4871 1670 4935 ὥς
1725 4869 1789 4926 ἄν
1841 4870 1933 4926 εὗ-

370 5027 393 5069 ¹
424 5026 651 5092 Jereln.
685 5041 765 5103 vn,
798 5028 901 5089 27.

2020 4602 2351 4679 laboribus,
2386 4617 2791 4681 manuumque
2820 4597 3076 4661 artiﬁcio
3107 4606 3166 4659 et
3188 4596 3548 4678 operationi;
3581 4594 3669 4657 id-

2017 4713 2138 4774 que
2171 4691 2433 4757 maxime
2489 4689 2541 4751 si
2586 4689 2639 4751 is
2687 4698 2780 4752 est
2799 4688 3062 4769 juvenis,
3097 4686 3354 4768 ejusque
3381 4684 3667 4768 appetitio

2016 4804 2125 4851 seu
2156 4783 2417 4864 impetus
2438 4786 2751 4864 moveatur
2780 4776 2857 4840 ab
2885 4774 3258 4864 aetate.'l‘unc
3281 4775 3439 4839 enim
3490 4792 3667 4856 opor-

2019 4873 2124 4941 tet,
2160 4858 2379 4946 praeter
2405 4861 2584 4924 aliam
2615 4860 2746 4939 ejus
2773 4858 3125 4934 custodiam,
3164 4874 3387 4938 corpus
3419 4872 3663 4937 quoque

1598 5108 1861 5175 VARIE
1909 5101 2355 5179 LEGTIONES.

366 5275 397 5319 1
423 5265 500 5329 al.
532 5264 721 5330 τόπον.
806 5277 834 5321 tl
860 5265 940 5330 al.
974 5270 1480 5344 κατασκευάζουσιν.

1515 5447 1729 5517 JOAN.
1766 5446 2143 5519 BOLLANDI
2183 5444 2432 5518 NOTE.

358 5624 482 5698 (92)
503 5626 762 5704 Ortelius
777 5628 1197 5704 conjicitcirca
1231 5631 1509 5691 Arabiam
1542 5630 1687 5689 forte
1717 5631 1933 5692 alicubi

284 5711 438 5766 esse,
467 5714 587 5773 quo
625 5700 840 5761 irustra
891 5700 1161 5776 confugit
1191 5719 1328 5763 cum
1358 5705 1421 5763 in
1456 5718 1654 5765 eremo
1678 5705 1941 5766 civitatis

2019 5640 2232 5694 sanetae
2262 5625 2609 5698 manserint,
2646 5632 2703 5685 at
2728 5621 3038 5698 Jorgianam
3066 5630 3190 5679 non
3225 5618 3597 5686 transierint.

2092 5701 2209 5779 (23)
2235 5700 2482 5776 Egimus
2512 5692 2604 5757 de'
2622 5713 2692 5757 eo
2722 5696 2781 5752 tt
2822 5692 3054 5752 Januar.
