4072 6206
377 426 488 492 611

1669 423 1948 488 MENSIS
2001 417 2145 488 IAN
2152 421 2457 488 UARIUS.

3635 423 3756 492 61?

380 561 583 623 multis
611 559 894 623 terumnis
927 559 1212 638 afﬂigere,
1241 564 1302 618 ut
1328 563 1534 639 pareat
1561 555 2014 632 rationi,etfer-

2104 557 2278 622 πειθές
2323 579 2381 615 τε
2425 558 2518 626 εἴη
2563 567 2639 634 τῷ
2683 558 2851 639 λόγῳ,
2899 561 2987 618 καὶ
3031 562 3092 618 τὸ
3145 560 3383 640 πυρῶδες
3443 560 3756 640 ἀπομαραί-

379 669 484 714 vor
497 652 811 712 flaccescat
825 649 1374 728 juventutis;utque
1398 645 1569 709 Pauli
1595 647 1923 709 imitatores
1944 646 2024 707 si-

379 738 838 817 mus,simulque
852 737 1186 798 divinarum
1205 737 1337 816 ejus
1353 736 1550 815 legum
1565 735 2021 814 adimpletores,

377 847 495 889 non
516 826 869 888 otiicrimen
909 825 1289 888 solummodo
1313 825 1568 887 vitantes
1591 825 1908 907 (siquidem
1946 844 2024 887 ne

373 916 660 978 alimento
678 914 915 995 quidem
937 933 1069 976 eum
1100 914 1617 994 dignumjudicat,
1643 914 1850 995 quiest
1869 915 2021 978 adeo

371 1002 876 1083 hebes,segnis,et
891 1003 1475 1086 negligens;01iosus
1497 1003 2024 1082 enim,inquit,nec

372 1093 736 1169 manducet),
771 1093 878 1155 sed
907 1093 1085 1156 etiam
1139 1094 1433 1158 habentes
1474 1094 1718 1155 easdem
1753 1112 1887 1156 cum
1915 1094 2019 1156 illo

373 1202 608 1244 manus.
646 1185 864 1246 Manus
886 1184 1071 1265 enim,
1110 1184 1325 1265 inquit,
1351 1185 1484 1246 ista:
1508 1183 2022 1248 ministraveruut

369 1273 610 1349 mihi,et
637 1273 734 1335 his
754 1274 864 1354 qui
883 1291 1114 1337 mecum
1143 1281 1287 1336 sunt
1315 1273 1662 1346 9.Quoniam
1687 1273 2014 1336 absurdum

372 1371 556 1438 est,ut
575 1363 851 1425 homines
863 1363 1104 1443 quidem
1125 1363 2013 1439 saculares,uxorem,liberos,

371 1462 674 1533 totumque
696 1453 982 1514 familiam
1014 1452 1218 1515 labore
1251 1472 1536 1514 manuum
1561 1471 1802 1514 suarum
1827 1453 2012 1529 alant,

370 1552 430 1604 et
457 1561 679 1604 annum
729 1542 801 1603 ab
834 1542 925 1604 eis
970 1543 1240 1606 solvatur
1268 1543 1580 1620 tributum,
1618 1544 1944 1624 quinetiam
1979 1563 2012 1605 e

366 1631 673 1694 laboribus
697 1632 821 1694 Deo
847 1633 1098 1694 offerant
1123 1632 1628 1713 primitias,atque
1660 1651 1764 1712 pro
1792 1631 2011 1694 viribus

366 1720 786 1797 benefaciant;
821 1741 927 1783 nos
960 1739 1098 1783 vero
1131 1722 1263 1784 aliis
1292 1723 1550 1784 fructum
1586 1740 1868 1784 manuum
1894 1741 2005 1784 no-

2107 669 2262 714 νηται
2314 654 2412 717 τῆς
2458 651 2708 718 νεότητος
2747 671 2759 685 °
2808 653 2894 708 καὶ
2938 650 3032 707 ’ίνα
3077 653 3314 728 μιμηταὶ
3370 650 3607 732 Παύλὸυ,
3666 653 3756 710 καὶ

2106 735 2218 812 ἅμα
2285 738 2564 818 πληρωταὶ
2623 747 2728 796 τῶν
2800 745 2958 801 αὒτοῦ
3018 742 3173 798 θείων
3217 742 3397 818 νόμων
3455 742 3750 820 γινώμεθα,

2105 827 2184 901 μὴ
2228 829 2289 885 τὸ
2332 845 2356 873 ι’
2383 829 2480 897 τῆς
2536 829 2720 907 ἀργίας
2783 829 2966 896 ἀπλώς
3011 829 3265 911 ἔγκλημα
3316 840 3336 865 ⁸
3381 830 3751 911 διαφεύγοντες

2110 916 2168 996 (ᾗ
2213 939 2273 995 γε
2318 917 2436 975 οὒδὲ
2480 925 2680 1000 τροφῆς
2725 919 2869 986 ἄξιον
2914 921 3076 1000 κρίνει
3136 923 3230 977 τὸν
3273 920 3413 978 οὕτω
3471 923 3612 989 νωθῆ
3662 922 3752 979 καὶ

2104 1005 2472 1083 ἠμελημένον,
2536 1001 2593 1067 Ὀ
2651 1009 2816 1088 ἀργὸς
2881 1009 3006 1090 γὰρ,
3051 1009 3213 1090 φησί,
3281 1008 3417 1086 μηδὲ
3477 1009 3745 1091 ἐσθιέτω),

2103 1095 2241 1152 ἀλλὰ
2296 1098 2384 1154 καὶ
2440 1099 2534 1160 τὰς
2613 1099 2775 1162 αὐτὰς
2834 1098 3020 1172 ἐκείνῳ
3075 1100 3342 1175 κτώμενοι
3400 1113 3622 1180 χετρας.
3685 1101 3748 1158 Αἱ

2103 1200 2290 1265 χεῖρες
2359 1189 2483 1265 γάρ,
2571 1189 2754 1267 φησὶν,
2829 1189 3006 1263 αὗται,
3094 1191 3442 1268 ὑπηρέτησαν
3501 1190 3623 1266 ἐμοί
3687 1211 3746 1248 τε

2101 1278 2189 1332 καὶ
2245 1289 2361 1338 τοῖς
2418 1275 2538 1351 μετ’
2595 1278 2747 1352 ἐμοῦ.
2817 1277 2965 1336 Ἐπεὶ
3023 1280 3112 1336 καὶ
3181 1286 3288 1335 τῶν
3347 1280 3562 1337 ἀτόπων
3606 1281 3742 1358 ἐστὶ,

2098 1367 2218 1432 τοὺς
2275 1367 2376 1442 μὲν
2433 1369 2713 1444 βιωτιιοίις
2785 1374 2890 1424 τῶν
2973 1369 3290 1446 ἀνθρώπων,
3351 1383 3588 1446 γυναῖκα
3643 1370 3743 1426 καί

2097 1455 2296 1521 παῖδας
2341 1460 2427 1515 καὶ
2470 1459 2639 1515 οἰκίαν
2681 1456 2837 1532 ὅλην,
2891 1460 2952 1514 ὲκ
3005 1466 3097 1515 τοῦ
3156 1465 3262 1515 τῶν
3319 1464 3520 1538 χειρῶν
3582 1459 3741 1539 ἔργου

2096 1543 2424 1628 διατρέφειν,
2484 1549 2572 1605 καὶ
2621 1549 2715 1604 τὸν
2753 1547 2993 1603 ἐπέτειον
3037 1550 3226 1612 αὺτοῖς
3270 1547 3570 1606 διαλύεσθαι
3629 1549 3737 1627 φό-

2095 1657 2208 1714 ρον,
2244 1637 2382 1694 ἀλλά
2409 1639 2496 1695 καὶ
2554 1637 2891 1718 ἀπάρμσθαι
2929 1644 3007 1710 τῷ
3039 1645 3154 1710 Θεῳ
3186 1640 3292 1694 τῶν
3323 1639 3522 1718 πόνων,
3561 1639 3649 1695 καὶ
3679 1641 3741 1694 εὗ

2093 1740 2274 1786 ποιεῖν
2307 1729 2443 1784 κατὰ
2472 1726 2692 1802 δύναμιν
2726 1743 2740 1756 ⁸
2798 1728 2944 1801 ἡμᾶς
2974 1725 3028 1784 δὲ
3060 1728 3139 1802 μὴ
3173 1729 3260 1784 καὶ
3295 1725 3476 1792 ἄλλοις
3508 1737 3603 1788 τοῦ
3629 1734 3739 1785 τῶν

363 1819 620 1872 strarum
653 1829 1028 1891 nequaquam
1059 1811 1603 1874 communicemus.

2101 1817 2292 1898 χειρῶν
2322 1818 2478 1892 ἡμῶν
2505 1824 2708 1894 καρποῦ
2739 1829 3042 1879 κοιδωνετν,

445 1901 625 1964 XVII.
659 1899 766 1960 Illa
795 1918 1033 1981 quoque
1065 1918 1133 1962 ex
1164 1901 1292 1980 ejus
1325 1902 1641 1982 praeceptis
1666 1902 1842 1981 digna
1873 1909 2010 1963 sunt

2172 1904 2278 1968 IZ'.
2329 1907 2564 1965 Κάκεῐνα
2619 1905 2674 1962 δὲ
2719 1905 2835 1972 ἄξια
2893 1908 3084 1984 μνήμῃ
3138 1905 3314 1964 δοῦναι
3367 1909 3474 1965 τῶν
3531 1907 3736 1963 ἐκείνου

367 2009 500 2073 quas
525 1989 883 2052 mandentur
916 1991 1242 2052 memoriae.
1275 1990 1575 2053 Suadebat
1596 1991 1756 2052 enim
1790 1994 2008 2053 hones-

2101 1995 2578 2074 παραγγελμάτων,
2645 1994 2875 2072 Παρῄνέι
2933 1996 3032 2074 γὰρ
3087 1997 3190 2063 τὴν
3248 1995 3507 2072 εὔκοσμον
3550 1996 3734 2053 ἀσπά-

365 2092 488 2144 tum
541 2078 820 2159 amplecti
867 2078 1172 2140 silentium
1206 2080 1265 2141 in
1307 2081 1528 2161 templo
1559 2079 1822 2156 Domini,
1857 2099 2006 2142 neve

2101 2090 2265 2158 ςεσθαι
2323 2086 2536 2153 σιωπὴν
2592 2086 2646 2143 έν
2707 2089 2818 2160 ναῷ
2879 2086 3086 2164 Κυρίου,
3137 2091 3224 2144 καί
3255 2088 3334 2162 μὴ
3371 2095 3390 2130 ί
3419 2088 3734 2167 φθέγγεσθαι

349 2171 488 2253 quis
547 2170 892 2248 loqueretur
952 2169 1010 2230 in
1064 2170 1272 2250 synaxi
1323 2170 1601 2247 fratrum,
1653 2172 1799 2232 dum
1834 2189 2004 2233 sacra

2101 2173 2294 2243 ιηδένα
2350 2176 2493 2254 παρᾶ
2551 2181 2618 2253 τῇ
2675 2174 2881 2240 συνάξει
2932 2196 3040 2232 των
3093 2173 3360 2256 ἀδελφῶν,
3417 2179 3525 2233 τῶν
3581 2175 3736 2254 ἱερῶν

348 2267 713 2343 peraguntur
744 2259 1065 2339 mysteria;
1099 2259 1204 2321 sed
1242 2278 1353 2322 nec
1395 2261 1456 2321 in
1497 2262 1841 2335 refectorio,
1877 2260 2000 2322 fra-

2101 2265 2390 2342 ιυστηρίων
2440 2264 2775 2338 τελουμένων
2814 2280 2828 2294 ⁸
2883 2277 3022 2340 μήτε
3071 2265 3179 2340 μὴν
3211 2264 3265 2321 ἐν
3293 2265 3585 2344 ἀριστηρίῳ
3627 2269 3736 2321 τῶν

353 2349 542 2412 tribus
572 2348 644 2410 ad
678 2367 910 2410 orenam
944 2348 1220 2411 collectis
1245 2349 1506 2429 linguam
1537 2352 1762 2423 laxare;
1794 2367 1998 2412 verum

2101 2353 2321 2434 ὶδελφῶι
2381 2356 2453 2421 εἷς
2511 2352 2728 2412 δεῖπνον
2786 2353 3238 2433 συνειλεγμένων,
3320 2354 3532 2435 ἀφιέναι
3582 2364 3612 2397 ⁸
3667 2356 3737 2431 τῇ

350 2440 415 2502 in
439 2437 712 2519 utrisque
741 2455 985 2500 manere
1027 2437 1088 2499 in
1118 2439 1330 2500 eodem
1378 2440 1647 2503 silentio.
1704 2442 2001 2503 Praeterea

2101 2443 2300 2522 {Mirm
2330 2460 2346 2475 '
2411 2443 2548 2501 ἀλλά
2606 2443 2787 2519 μένειν
2841 2443 2928 2500 ἐπὶ
3001 2450 3098 2512 τῆς
3159 2447 3324 2512 αὑτῆς
3385 2447 3616 2526 ἡσυχίας
3679 2446 3735 2503 ἐν

351 2527 711 2609 displicebat
735 2527 814 2603 ei,
848 2527 1003 2609 quod
1037 2528 1286 2591 fratrum
1321 2531 1622 2605 nonnulli,
1661 2529 1995 2610 praesertim

2101 2535 2427 2614 ἱμφοτέροις,
2464 2533 2767 2613 Ἀπήρεσκε
2825 2533 2878 2590 δὲ
2929 2539 3096 2610 αὒτῳ,
3145 2537 3325 2592 καὶτὸ
3357 2542 3464 2592 τῶν
3493 2534 3734 2616 ἀδελφῶν

341 2619 619 2698 juvenes,
655 2619 845 2698 majus
876 2618 1182 2698 jejunium
1221 2637 1399 2700 quam
1432 2638 1466 2682 a
1494 2620 1750 2702 reliquis
1781 2619 1998 2682 obser-

2101 2622 2276 2696 :vlouc,
2309 2624 2396 2680 καὶ
2425 2622 2658 2700 μάλιστα
2690 2623 2838 2687 νέους
2873 2621 3056 2696 ὄντας,
3093 2623 3309 2681 πλείονα
3355 2630 3454 2693 τῆς
3484 2623 3678 2695 λοιπῆς
3709 2635 3733 2666 '

353 2707 681 2770 vareturiu
737 2706 1013 2770 coenobio
1073 2709 1263 2789 palam
1322 2717 1380 2771 et
1421 2709 1661 2789 publice
1705 2709 1997 2773 ostende-

2101 2737 2136 2768 ;ν
2187 2735 2263 2785 τῳ
2319 2710 2564 2785 κοινοϐίῳ
2619 2734 2868 2792 τρεινερσινΔ
2923 2716 3011 2770 καὶ
3067 2711 3560 2788 δεδημοσιευμένην
3613 2715 3730 2773 ἑπι-

351 2806 507 2873 rent,
548 2815 1051 2878 communemque
1085 2798 1386 2860 solverent
1415 2799 1665 2862 fratrum
1700 2799 1995 2879 regulam,

2101 2801 2374 2860 ῖείκνυσθαι
2408 2803 2678 2875 νηστείαν,
2711 2807 2799 2859 καὶ
2829 2804 2918 2859 τὸν
2949 2804 3126 2860 κοινὸν
3177 2803 3322 2860 λύειν
3371 2806 3570 2862 κανόνα
3619 2806 3727 2862 τῶν

351 2907 518 2949 suam
552 2887 859 2969 sequendo
890 2887 1252 2950 voluntatem
1286 2907 1354 2950 ac
1383 2887 1812 2968 legem.Neque
1837 2889 1995 2951 enim

2101 2889 2345 2970 ἱδελφῶν,
2405 2889 2516 2964 ἰδίῳ
2557 2892 2820 2969 θελήματι
2857 2895 2947 2950 καὶ
2992 2894 3140 2969 νόμῳ
3183 2904 3562 2974 στόιχοῦντας,
3596 2893 3726 2952 Οὒδὶ

349 2977 452 3040 ille
485 2976 707 3040 bonum
741 2983 884 3039 tuba
912 2978 1067 3052 cani,
1097 2996 1299 3056 neque
1330 2987 1606 3058 apertum
1641 2996 1775 3040 esse
1809 2987 1868 3040 et
1897 2978 1994 3040 di-

2101 2981 2180 3059 τὰρ
2212 2980 2552 3052 σαλπίζεσθαι
2603 2985 2664 3040 τὸ
2719 2984 2919 3060 ἀγαθὸν
2952 2986 3186 3066 ἒκεῐνος,
3221 2984 3338 3042 οὐδὲ
3369 2984 3478 3060 μὴν
3503 2982 3727 3050 ἔκδηλον

347 3069 672 3146 vulgatum,
730 3068 836 3129 sed
888 3085 1066 3148 quam
1126 3068 1381 3130 maxime
1413 3067 1548 3130 fieri
1581 3077 1778 3149 potest
1809 3068 1996 3130 latere

2101 3070 2222 3127 Ῑναι
2279 3072 2369 3128 καί
2422 3070 2934 3151 διακεκηρυγμένον,
2982 3073 3106 3132 ἀλλ’
3140 3077 3213 3137 ὡς
3269 3075 3392 3132 οἷόν
3439 3096 3496 3131 τε
3526 3073 3728 3131 λανθά-

345 3156 578 3248 volebat
609 3179 625 3219 :
656 3165 838 3248 atque
887 3157 1023 3220 ideo
1072 3175 1202 3218 eam
1248 3157 1540 3248 optimam
1591 3175 1726 3220 esse
1760 3157 2017 3248 dicebat,

2101 3181 2183 3216 ἐιν
2240 3158 2496 3228 ἠϐούλετο
2529 3177 2543 3191 ’
2606 3163 2693 3218 καί
2742 3163 2825 3218 διὰ
2874 3170 3033 3223 τοῦτο
3061 3165 3282 3244 ἀρίστην
3315 3165 3496 3244 ἔλεγεν
3524 3164 3728 3244 ἐγκρά-

345 3246 793 3322 abstinentiam,
829 3265 962 3328 quae
993 3246 1362 3328 prmveniret
1391 3249 1748 3325 satietatem,
1783 3256 1843 3310 et
1892 3247 1992 3310 in-

2101 3270 2221 3306 τειαν
2279 3250 2448 3330 εἶναι,
2491 3251 2591 3320 τὴν
2622 3253 2715 3309 τὸν
2756 3253 2918 3330 κόρον
2978 3255 3299 3334 φθάνουσαν,
3331 3256 3419 3312 καί
3451 3253 3726 3331 δεομένοις

346 3336 689 3417 digentibus
741 3336 936 3400 adhuc
989 3335 1164 3399 nobis
1192 3336 1559 3418 reprimeret
1585 3337 1936 3400 alimentum
1974 3357 1989 3402 :

2101 3352 2211 3415 ιμϊν
2267 3338 2368 3414 ἔτι,
2433 3340 2522 3397 καί
2573 3341 2673 3410 τὴν
2729 3363 2934 3424 τροφην
2989 3345 3222 3402 ἱστῶσαν
3254 3359 3269 3374 ⁶
3325 3342 3458 3424 ὅπερ
3500 3343 3612 3401 έστί
3664 3343 3727 3400 τὸ

346 3428 504 3510 quod
533 3428 780 3509 quidem
813 3436 905 3491 est
936 3427 1092 3490 infra
1111 3427 1532 3490 necessitatem
1565 3427 1766 3490 cibum
1793 3446 1992 3493 sume-

2101 3431 2413 3509 εαραμικρὸν
2452 3430 2547 3499 τῆς
2603 3432 2818 3512 χρείας,
2869 3433 3069 3513 τροφῆς
3123 3447 3435 3512 γοινωνεῐν,
3494 3434 3726 3514 κρυφίως

343 3535 410 3579 re
441 3537 455 3577 :
513 3517 666 3579 clam
727 3533 863 3580 vero
894 3515 1184 3580 resistere
1217 3515 1419 3578 carnis
1447 3515 1889 3590 affectionibus,
1921 3534 1990 3579 ac

2101 3518 2128 3574 ὲ
2187 3519 2320 3597 πρὸς
2376 3521 2444 3578 τὰ
2490 3519 2589 3588 τῆς
2633 3523 2830 3598 σαρκὸς
2859 3521 3113 3580 ἵστασθαι
3145 3523 3314 3598 πάθη,
3352 3524 3442 3580 καί
3471 3519 3724 3601 ἀσφαλῶς

341 3624 554 3669 secure
586 3606 752 3668 omni
804 3625 874 3669 ex
934 3613 1103 3688 parte
1149 3605 1586 3669 communitum
1638 3623 1776 3670 esse
1805 3605 1989 3668 armis

2101 3609 2335 3667 πάντοθεν
2378 3610 2791 3691 συμπεφράχθαι
2846 3625 2962 3678 τοϊς
3016 3609 3207 3677 ὅπλοις
3254 3619 3361 3669 τῶν
3416 3615 3678 3692 μοναχῶν
3704 3625 3719 3641 ⁶

345 3696 821 3771 monachorum;
856 3715 989 3778 quae
1045 3705 1207 3770 sunt,
1259 3695 1594 3784 humilitas,
1629 3694 1984 3771 moderatio,

2101 3721 2186 3756 στι
2241 3697 2507 3782 δὲταῦτα,
2573 3701 2918 3779 ταπείνωσις,
2970 3704 3308 3784 σωφροσύνη,
3341 3701 3569 3782 μελέτη,
3599 3698 3722 3757 διὰ-

343 3786 679 3863 meditatio,
734 3785 1043 3861 discretio,
1099 3783 1432 3846 secundum
1466 3785 1657 3849 Deum
1691 3785 1985 3848 obedien-

2101 3811 2268 3870 ρισις,
2301 3791 2390 3847 καὶ
2437 3792 2472 3860 ἡ
2533 3791 2670 3847 κατὰ
2722 3793 2852 3850 Θεὸν
2896 3793 3136 3868 ὑπακοὴ,
3176 3794 3262 3850 καὶ
3294 3814 3371 3866 τῳ
3401 3791 3513 3850 ὄντι
3542 3790 3721 3867 θεομί-

342 3877 448 3956 tia,
485 3886 543 3940 et
573 3895 782 3941 revera
832 3875 941 3938 Dei
973 3875 1255 3938 imitatrix
1294 3875 1502 3938 virtus.
1533 3874 1781 3938 Talibus
1813 3876 1990 3955 igitur

2101 3902 2245 3947 ιητος
2295 3878 2480 3955 ἀρετή.
2545 3881 2806 3948 Τοιαύτης
2863 3882 2962 3958 μὲν
3004 3889 3095 3939 οὖν
3151 3883 3296 3962 παρά
3341 3887 3441 3950 τῆς
3492 3879 3712 3950 ἡδίστης

340 3987 374 4028 a
404 3967 754 4030 suavissima
785 3965 888 4028 illa
921 3965 1124 4044 lingua
1155 3964 1537 4028 documentis
1586 3965 1801 4029 fratres
1831 3985 1986 4048 quo-

2101 3969 2317 4037 Mirm:
2379 3970 2586 4036 εκείνης
2638 3973 2686 4026 οἱ
2745 3969 2961 4052 ἀδελφοὶ
3017 3971 3133 4029 καθ’
3181 3971 3415 4041 ἑκάστην
3445 3971 3709 4029 ἀπέλαυον

339 4056 485 4118 ῑίειὶθ
511 4056 881 4118 fruebantur.

2102 4065 2166 4128 ἧς
2195 4057 2557 4125 διδασκαλίας,

416 4142 620 4207 XVIII.
655 4143 839 4206 Nobis
859 4153 1062 4208 autem
1082 4147 1205 4226 jam
1231 4145 1514 4228 deinceps
1545 4145 1762 4227 incipit
1795 4146 1986 4210 oratio

2151 4147 2261 4210 ΗΓ.
2320 4138 2488 4223 Ἡμῖν
2546 4146 2602 4204 δὲ
2633 4163 2841 4230 χωρεῖν
2883 4149 2988 4218 ἤδη
3019 4152 3210 4208 λοιπὸν
3240 4153 3268 4208 ὁ
3297 4149 3458 4230 λόγος
3491 4151 3620 4228 πρὸς
3643 4149 3711 4206 τὰ

340 4251 591 4315 pergere
606 4234 680 4298 ad
700 4252 797 4298 res
814 4235 1045 4317 antiqui
1067 4236 1420 4314 'l‘erebonis;
1449 4254 1596 4317 quas
1621 4236 1822 4299 cuncti
1846 4237 1978 4314 qui-

2101 4249 2154 4298 υῦ
2204 4237 2437 4296 παλαιοῦ
2496 4235 2798 4317 Τερὲϐωνος
2843 4239 3069 4320 ἄρχεται
3106 4259 3122 4277 ⁸
3156 4240 3190 4297 ἂ
3245 4243 3333 4299 καὶ
3367 4242 3558 4308 πάντες
3610 4241 3710 4317 μὲν

335 4329 466 4386 dem
490 4331 752 4388 seniores
766 4329 997 4388 Patrum
1019 4331 1165 4386 mihi
1192 4329 1467 4388 concordi
1491 4345 1628 4388 voce
1647 4341 1980 4401 narrarunt;

2101 4331 2114 4384 ἱ
2169 4325 2513 4406 πρεσϐύτεροι
2571 4333 2677 4385 τῶν
2734 4328 2984 4408 Πατέρων
3043 4329 3344 4410 συμφώνως
3391 4353 3485 4406 μοι
3516 4330 3710 4409 διηγηο

333 4417 666 4500 accuratius
691 4431 826 4475 veto
849 4417 1114 4500 Terebon
1137 4415 1249 4486 (24)
1273 4416 1607 4486 ille,veteris
1629 4417 1798 4475 istius
1815 4416 1982 4475 Tere-

2103 4440 2254 4499 αντο,
2312 4414 2682 4496 ἀκριϐέστερον
2737 4417 2792 4474 δὲ
2839 4417 3078 4496 Τερέϐων
3112 4420 3341 4500 ἐκεῖνος,
3377 4423 3406 4478 ὁ
3447 4428 3541 4479 τοῦ
3599 4443 3711 4477 πα-

333 4500 508 4563 bonis
529 4499 977 4583 (25)nepos,qni
992 4499 1174 4563 tribui
1195 4500 1353 4582 apud
1368 4502 1700 4564 Saracenos
1726 4501 1978 4583 przefuit,
2003 4557 2017 4590 ι

2103 4513 2220 4563 utet)
2262 4505 2448 4562 τούτου
2511 4506 2806 4586 Τερέϐωνος
2853 4505 3097 4590 ἔκγονος,
3129 4508 3296 4589 φυλῆς
3329 4499 3388 4568 τε
3422 4511 3565 4584 παρὰ
3595 4523 3711 4575 τοῖς

335 4603 396 4658 et
415 4595 476 4657 in
499 4595 587 4657 eis
611 4599 932 4659 maximum
973 4613 1199 4658 nomen
1225 4595 1472 4676 reliquit
1501 4595 1575 4657 ad
1620 4596 1978 4660 claritatem.
2004 4593 2017 4612 '

2101 4605 2406 4674 ὶαρακηνοῐς
2464 4593 2646 4677 ἄρξας,
2699 4598 2789 4653 καὶ
2842 4596 3098 4676 μέγιστον
3157 4599 3232 4664 είς
3289 4599 3600 4682 ἐπιφάνειαν
3655 4599 3712 4654 ἐν

332 4689 989 4761 Oportetautetnabalti
1017 4688 1201 4747 ordiri
1229 4688 1582 4760 principium
1607 4691 1980 4757 narrationis,

2103 4687 2252 4749 ὐτοῖς
2311 4682 2594 4741 ἀπολιπὼν
2650 4686 2819 4763 ὄνομα
2853 4705 2864 4719 ·
2930 4687 3042 4768 χρὴ
3074 4686 3256 4758 δὲτὴν
3285 4689 3463 4770 ἀρχὴν
3513 4685 3710 4746 ἄνωθεν

333 4775 502 4837 utsic
523 4774 926 4856 perspiciatur
947 4771 1179 4835 facilius
1199 4790 1400 4835 sermo
1425 4772 1803 4836 noster.Erat
1826 4774 1982 4857 apud

2101 4781 2261 4854 φᾶναι
2317 4780 2408 4832 τοῦ
2436 4771 2796 4855 διηγήματος,
2852 4775 2931 4832 ἵν’
2983 4775 3122 4835 οὕτω
3153 4776 3360 4854 μᾶλλον
3389 4778 3710 4842 εὖσύνοπτος

332 4865 550 4928 Persas
571 4863 809 4942 quidam
833 4861 1358 4937 Graacusmomine
1376 4861 1984 4950 Aspebetus(26),qui

2141 4863 2302 4945 λόγος
2351 4867 2490 4942 ἡμῖν
2533 4864 2779 4946 γένητᾶι.
2811 4860 2912 4926 Ἦν
2945 4889 3027 4934 τις
3060 4870 3204 4948 παρὰ
3235 4868 3457 4946 Πέρσαις
3489 4866 3710 4936 ’Ἕλλην

411 5000 444 5051 Ξ
469 4997 522 5062 Il
549 4996 765 5063 Thess.
799 5013 890 5072 tu,
923 4996 1001 5061 40
1037 5016 1054 5074 ;
1085 4996 1224 5060 Art.
1257 5013 1356 5069 xx,
1389 4998 1490 5060 34.

1647 5116 1900 5185 VARUE
1940 5115 2378 5187 LECTIONES.

409 5275 433 5305 τ
463 5261 542 5323 al.
575 5266 676 5332 τῷ.
761 5266 780 5293 ⁸
808 5257 888 5322 al.
918 5259 1242 5337 ὲγκλήματι.
1331 5262 1348 5294 ⁸
1377 5259 1454 5322 al.
1489 5261 1651 5336 μηδέ,
1737 5273 1764 5306 ιι
1793 5263 1874 5328 al.
1908 5265 2132 5347 ἐφιέναι,
2221 5274 2248 5306 ν
2277 5263 2355 5326 al.
2393 5263 2786 5330 τοῐςλοιποϊς.

1547 5398 1757 5466 JOAN.
1805 5399 2182 5470 BOLLANDI
2225 5396 2480 5468 ΝΟΤΕ.

403 5552 515 5619 (ει)
545 5555 738 5637 Hujus
766 5555 1037 5637 n_ati_vit_as
1068 5556 1969 5637 indicatur_intra_num.ti2,l?ult
2067 5632 2084 5637 Α
2126 5561 2235 5637 (26)
2269 5563 2374 5637 Hic
2399 5577 2528 5637 mox
2558 5563 2615 5620 tn
2669 5563 3010 5637 baptismate
3029 5563 3242 5637 Petrus
3269 5564 3616 5637 appellatus,
3647 5572 3702 5622 et

331 5623 692 5710 ῘιιεβξεᾳιςειύειΔ
728 5627 1018 5686 inferioris
1053 5632 1387 5710 monasterii
1423 5631 1482 5698 8,
1505 5631 1857 5710 _'Pheoctisti.
2052 5623 2262 5710 deinde
2290 5634 2628 5710 plenissime
2659 5623 2998 5693 Christiana
3018 5623 3155 5710 fidet
3178 5623 3700 5710 dogmatibusjru-

401 5696 524 5784 gis)
559 5698 766 5784 Praeter
798 5714 1025 5784 eqqnw
1057 5703 1126 5756 de
1157 5696 1575 5784 eoatiolzcapitg
1607 5707 1960 5771 referuntur,
2049 5696 2543 5784 ditus-epfscopus
2564 5704 2992 5784 Satacenorum
3025 5708 3210 5784 factus
3245 5696 3332 5767 (ἵει
3359 5721 3522 5765 num.
3544 5707 3700 5775 39,et

331 5764 540 5823 lterum
575 5769 643 5823 de
676 5785 743 5826 eo
773 5764 963 5840 egitdr
995 5786 1156 5829 num.
1189 5774 1278 5840 ea.
1313 5775 1382 5832 78
1415 5764 1475 5834 οἱ
1496 5777 1584 5834 97.
1948 5764 1959 5771 '
2047 5764 2606 5849 synodo‘sphésmm
2636 5764 2920 5845 interfuit,
2965 5764 3034 5837 n.
3056 5764 3146 5837 δε.
