4090 6198
457 314 576 380 615

1754 299 2035 372 MENSIS
2074 299 2527 372 IANUARIUS.

3713 301 3830 374 616

458 462 635 528 quam
669 450 1058 524 conspectum
1115 448 1402 504 venturus
1451 447 1564 514 est,
1597 447 1660 502 et
1687 457 2092 520 congressum.

2189 440 2281 498 τοῦ
2331 443 2648 500 Θεοκτίστου
2692 449 2789 512 τῆς
2835 444 3023 524 χειρὸς
3054 444 3082 500 ὃ
3129 440 3473 523 Ἀσπέϐετος,
3520 441 3831 500 ὑποδείκνυ-

457 535 625 599 Tunc
656 533 995 614 Aspebetus
1054 549 1295 594 manum
1331 529 1660 593 Theoctisti
1696 531 2107 611 prehendens,

459 623 725 688 ostendit
755 623 810 684 ei
842 622 1031 684 ﬁlium
1088 619 1506 696 semiaridum,
1565 629 1624 683 et
1656 621 1908 683 dextera
1940 628 2108 700 parte

456 714 641 778 veluti
667 721 993 787 mortuum;
1018 709 1246 772 deinde
1270 729 1454 791 puero
1482 709 1693 772 annuit
1713 710 2060 790 superciliis
2091 731 2107 783 ;

457 813 520 868 et
548 803 650 866 ille
680 802 1004 883 incipiens,
1039 818 1166 864 rem
1201 818 1444 861 omnem
1477 808 1677 862 narrat
1707 801 1941 863 ordine.

538 891 670 956 XX.
694 891 842 971 Ego,
872 891 1086 972 inquit,
1119 890 1179 952 in
1208 887 1457 951 Perside
1487 889 1742 952 aﬂlictus
1770 891 1882 952 hac
1913 892 2104 971 plaga,

461 981 785 1063 multisque
819 979 1070 1043 medicis
1121 989 1178 1040 et
1231 979 1477 1057 magicis
1528 980 1756 1040 artibus
1788 979 2104 1057 contritus,

456 1070 607 1134 nihil
637 1069 898 1152 amplius
930 1069 1071 1131 inde
1103 1068 1332 1130 fructus
1367 1068 1636 1148 percepi,
1677 1068 1788 1129 nisi
1818 1068 2012 1130 solum
2047 1076 2108 1130 ut

455 1162 832 1232 damnarem,
865 1167 925 1222 et
957 1179 1073 1221 non
1107 1159 1392 1220 haberem
1423 1156 1589 1219 valde
1622 1158 1742 1220 illis
1771 1158 2102 1221 confidere.

456 1250 688 1314 Deinde
721 1249 823 1313 ubi
856 1250 914 1310 in
948 1249 1100 1311 hanc
1152 1248 1417 1312 Arabum
1447 1247 1720 1311 venimus
1770 1249 2102 1326 regionem,

455 1341 550 1403 hic
572 1359 811 1422 quoque
834 1357 1042 1401 rursus
1067 1358 1198 1400 cum
1227 1338 1411 1419 priori
1437 1337 1711 1400 luctabar
1741 1338 2103 1414 calamitate,

455 1440 515 1492 et
541 1430 716 1491 malis
733 1429 989 1491 vexabar
1014 1427 1542 1490 similibus.Noctu
1559 1435 1757 1488 autem
1782 1428 2104 1509 aliquando

454 1519 774 1582 attendens
810 1519 954 1580 mihi
983 1519 1124 1598 ipsi,
1160 1527 1217 1580 et
1247 1517 1644 1580 considerans
1672 1536 1745 1579 an
1783 1536 2036 1599 usquam
2071 1537 2104 1579 a

455 1608 664 1671 morbo
687 1609 946 1690 aliquam
967 1607 1304 1669 invenirem
1329 1606 1778 1683 liberationem;
1809 1607 1951 1688 quia
1975 1607 2103 1669 nul-

2193 553 2274 586 σιν
2309 533 2451 605 αὒτῷ
2481 535 2573 589 τὸν
2603 535 2736 614 υἱὸν,
2768 532 3028 610 ἡμίξηρον
3065 530 3195 589 ὅντα
3223 541 3271 611 ο,
3303 535 3400 589 καὶ
3435 534 3496 588 τὸ
3527 532 3690 612 μέρος
3721 535 3836 589 οἷον

2193 619 2593 689 ἂποτεθνηκότα
2645 625 2706 680 τὸ
2771 623 2940 689 δεξιόν
2976 639 2989 653 ’
3039 626 3162 680 εἶτα
3218 623 3307 678 καὶ
3348 635 3470 684 ταῖς
3515 621 3699 701 ὀφρύσι
3757 627 3834 696 τῷ

2193 712 2338 767 παιδὶ
2420 712 2647 769 ἐπινεύει
2683 733 2697 750 ο
2774 713 3047 788 κάκεῖνος,
3141 710 3459 792 ἀρξάμενος,
3531 711 3832 776 ἀκολούθως

2193 799 2402 858 ἅπαντα
2433 801 2655 878 διεξῄει.

2276 881 2362 953 Κ’.
2398 890 2566 972 Ἐγὼ,
2599 894 2781 973 φησὶν,
2823 894 2875 950 ἐν
2922 890 3128 971 Περσίδι
3160 893 3361 960 ταύτην
3409 889 3690 967 δεξάμενος
3733 891 3835 959 τὴν

2190 981 2434 1060 πληγὴν,
2482 982 2574 1038 καί
2630 982 2865 1045 πολλαῖς
2894 985 3164 1063 ἰατρικαῖς
3200 1003 3258 1038 τε
3288 981 3385 1038 καί
3415 995 3677 1062 μαγικαῖς
3703 981 3833 1060 τέχ-

2191 1094 2304 1135 ναις
2348 1069 2720 1149 κατατριϐεὶς,
2757 1071 2904 1129 οὖδέν
2958 1072 3120 1129 πλέον
3165 1071 3371 1128 ἐκεῖθεν
3403 1070 3828 1145 ἐκαρπωσάμην,

2189 1160 2271 1218 ὅτι
2330 1163 2408 1237 μὴ
2444 1164 2505 1218 τὸ
2548 1169 2888 1242 καταγνῶναι
2937 1163 3122 1238 μόνον,
3169 1161 3264 1218 καί
3324 1163 3401 1236 μὴ
3449 1158 3648 1240 σφόδρα
3678 1160 3832 1240 ἔχειν

2191 1247 2277 1307 ἐπ’
2305 1249 2526 1314 ἐκείνοις
2559 1250 2793 1330 θαῤῥεῖν.
2828 1252 3059 1308 Ἔπειτα
3085 1253 3159 1315 ὡς
3193 1253 3265 1314 εἷς
3298 1251 3395 1317 τὴν
3441 1246 3682 1329 Ἀράϐων
3725 1247 3832 1315 ἧλ-

2187 1343 2347 1416 θομεν
2391 1342 2613 1418 ταύτην,
2662 1349 2729 1418 τῇ
2789 1341 3018 1419 προτέρα
3067 1341 3332 1396 κάνταῦθα
3379 1339 3543 1396 πάλιν
3575 1337 3833 1396 ἐπάλαιον

2189 1434 2453 1508 συμφορᾷ,
2488 1435 2577 1486 καὶ
2606 1445 2724 1494 τοῖς
2758 1431 2963 1503 ὁμοίοις
3021 1425 3328 1494 ἐϐαλλόμηδ
3380 1439 3598 1506 κακοῖς,
3643 1427 3834 1491 νυκτὸς

2186 1515 2242 1574 δέ
2297 1540 2428 1575 ποτε
2486 1521 2745 1600 προσχὼν
2775 1519 2990 1593 ἐμαυτῷ
3016 1519 3103 1574 καὶ
3133 1521 3349 1574 σκοπῶν
3381 1515 3434 1572 εἴ
3465 1539 3566 1573 που
3597 1520 3688 1571 τοῦ
3717 1514 3833 1572 πτί-

2183 1611 2304 1671 θους
2351 1611 2466 1664 τινα
2523 1608 2673 1666 λύσιν
2729 1608 2955 1687 ἐφεύρω,
3017 1609 3137 1664 ἐπεὶ
3180 1605 3445 1682 μηδεμίαν
3479 1606 3538 1662 ἐκ
3570 1611 3676 1662 τῶν
3706 1602 3835 1681 παρ’

455 1697 572 1761 lam
606 1717 676 1761 ex
707 1700 924 1760 nostris
943 1697 1265 1760 cernebam
1296 1696 1433 1758 mali
1454 1697 1990 1776 curationem,ipse
2014 1700 2092 1759 sic

2183 1698 2321 1770 ημῖν
2363 1698 2545 1775 ἑώρων
2589 1701 2683 1756 τοῦ
2721 1706 2889 1755 κακοῦ
2931 1699 3233 1772 θεραπείαν,
3290 1692 3354 1752 ’.ιὶ
3415 1693 3676 1774 ἰἐρέϐων,
3730 1695 3837 1752 αὖ·

457 1807 692 1851 merum
727 1787 1114 1868 colloquebar
1147 1806 1160 1845 :
1199 1785 1246 1848 Ο
1291 1784 1599 1860 Terehon,
1633 1786 1733 1846 ubi
1767 1805 1928 1850 nunc
1959 1798 2092 1850 sunt

2184 1789 2271 1852 τὸς
2305 1790 2434 1864 πρὸς
2479 1788 2708 1864 ἐμαυτὸν
2761 1785 3074 1863 διωμίλουν,
3136 1793 3236 1843 ποῦ
3295 1793 3381 1842 νῦν
3421 1786 3551 1840 εἰσιν
3612 1785 3662 1841 αἱ
3704 1782 3837 1862 παρ’

454 1897 586 1958 quae
613 1879 770 1958 apud
800 1879 1040 1941 Graecos
1068 1884 1124 1938 et
1145 1875 1360 1938 Persas
1393 1877 1672 1937 feruntur
1698 1875 2014 1939 medicina;
2041 1887 2102 1940 et

454 1967 662 2044 magiae
683 1975 943 2040 artes,ac
966 1984 1135 2045 nugae
1159 1965 1695 2046 earum,vulgoque
1711 1965 1936 2045 jactata
1957 1968 2100 2029 inde

452 2054 728 2116 utilitas?
760 2054 874 2118 Ubi
906 2074 1045 2118 vero
1070 2056 1512 2134 astrologorum
1550 2056 1962 2137 praestigiae,et
1994 2076 2096 2118 sa-

453 2162 695 2207 crorum
725 2154 1064 2206 nostrorum
1091 2144 1359 2209 confictae
1381 2143 1990 2223 fabulaz,inutilesque
2010 2145 2098 2208 in.

453 2233 796 2297 vocationes
818 2233 850 2294 ‘l
878 2233 1150 2297 Profecto
1183 2242 1398 2297 cuncta
1431 2235 1672 2298 fraudes
1695 2243 1834 2296 sunt
1855 2243 1915 2298 et
1937 2237 2096 2298 risus

455 2323 808 2386 manifestus
838 2347 854 2396 ;
889 2343 1023 2404 qua:
1053 2325 1228 2404 nihil,
1263 2324 1536 2405 inquam,
1571 2335 1822 2404 possunt
1853 2325 2098 2389 efficere

451 2415 680 2494 absque
711 2413 1132 2476 universorum
1164 2411 1393 2494 Opifice
1423 2421 1484 2476 et
1511 2413 1787 2478 Domino.
1816 2414 1922 2477 His
1953 2434 2095 2495 ergo

451 2503 607 2583 apud
642 2521 738 2566 me
771 2503 945 2565 dictis
997 2522 1066 2566 ac
1121 2503 1480 2577 dissertatis,
1515 2502 1704 2566 Deum
1737 2505 2094 2567 ardentissi-

451 2610 548 2654 me
574 2601 851 2672 precatus
867 2601 1092 2666 sum,et
1121 2592 1196 2656 ab
1228 2611 1298 2655 eo
1320 2593 1462 2672 petii
1489 2611 1520 2653 a
1551 2591 1762 2655 morbo
1792 2594 2098 2656 liberatio-

456 2699 619 2746 nem:
656 2689 836 2764 atque
869 2681 1129 2744 vicissim
1163 2682 1293 2764 ipse
1324 2682 1623 2762 pollicitus
1652 2702 1782 2746 sum
1800 2701 2097 2766 repensu-

448 2789 582 2833 rum
619 2789 713 2833 me
741 2772 876 2833 vitat
910 2772 1321 2842 mutationem,
1355 2781 1412 2833 et
1435 2771 1838 2834 Christianum
1865 2773 2016 2836 forti.

530 2858 684 2925 XXI.
749 2863 901 2924 Dum
961 2879 1102 2923 vero
1165 2861 1292 2923 haec
1351 2870 1598 2939 essent,
1662 2861 1965 2944 talemque
2020 2862 2093 2926 ad

447 2947 634 3011 Deum
712 2948 1012 3012 deferrem
1095 2951 1634 3031 supplicationem,
1691 2951 1975 3031 paulatim
2034 2953 2094 3014 in

2184 1875 2461 1944 ’Ἕλλησιν
2509 1879 2596 1934 καὶ
2650 1878 2871 1956 Πέρσοις
2921 1877 3152 1955 ίατρικαί
3182 1898 3240 1932 τε
3265 1877 3355 1932 καὶ
3385 1875 3611 1954 μαγιειαὶ
3639 1873 3707 1953 θ’,
3742 1875 3838 1931 καὶ

2182 1969 2208 2022 ὁ
2239 1966 2474 2026 ἐντεῦθεν
2502 1967 2680 2040 ὕθλος,
2713 1970 2803 2024 καὶ
2833 1969 2868 2036 ἡ
2897 1965 3266 2045 θρυλλουμένη
3297 1966 3496 2022 τούτων
3543 1962 3777 2045 ὠφέλεια
3815 1983 3832 2037 ς

2181 2064 2282 2113 ποῦ
2326 2056 2380 2112 δὲ
2412 2056 2756 2135 ἀστρολόγων
2786 2061 2837 2113 αὶ
2878 2069 3154 2136 γοητεῖαι,
3191 2056 3276 2112 καὶ
3321 2058 3373 2113 αἱ
3416 2059 3522 2111 τῶν
3550 2052 3832 2132 ἡμετέρων

2181 2145 2532 2217 σεϐασμσίτων
2603 2147 2930 2221 μυθοποιίαι,
2995 2148 3081 2203 καὶ
3149 2145 3398 2211 ἀνόνητοι
3458 2141 3824 2220 ἐπικλάσειςς

2179 2232 2400 2302 ’Ὄντως
2430 2235 2612 2303 ἀπάτη
2657 2236 2830 2292 πάντα
2867 2237 2956 2292 καὶ
2985 2234 3155 2314 γέλως
3185 2234 3446 2313 ἐπιφανής
3472 2249 3486 2263 ⁹
3520 2231 3668 2289 οὖδέν
3699 2233 3828 2288 ἄνευ

2177 2333 2270 2382 τοῦ
2298 2329 2405 2382 τῶν
2432 2324 2574 2382 ὅλων
2607 2331 2971 2402 Δημιοδργοῦ,
3007 2327 3169 2405 φημὶ,
3203 2327 3291 2381 καὶ
3333 2324 3604 2381 Δεσπότου
3647 2323 3830 2379 ἀνύειν

2179 2414 2465 2490 δυνάμενα.
2512 2423 2688 2473 Ταῦτα
2739 2416 2909 2472 τοίνυν
2958 2415 3089 2493 πρὸς
3121 2415 3351 2490 ἐμαυτὸν
3386 2414 3550 2470 εἰπὼν
3579 2414 3668 2469 καὶ
3696 2413 3827 2469 δια-

2179 2503 2414 2585 λεχθεὶς,
2462 2504 2692 2580 ἐδεόμην
2721 2505 3025 2580 θερμότατα
3069 2511 3164 2560 τοῦ
3211 2511 3344 2560 Θεοῦ
3393 2504 3480 2560 καὶ
3510 2502 3638 2580 παρ’
3667 2504 3836 2559 αὒτοῦ

2177 2595 2279 2662 τὴν
2322 2602 2416 2652 τοῦ
2457 2595 2656 2660 πάθους
2698 2593 2918 2665 ἐζήτουν
2989 2592 3314 2671 ἀπαλλαγήν
3349 2610 3364 2624 ⁸
3427 2591 3728 2649 ἀντιδοῦναί
3768 2613 3833 2648 τε

2179 2683 2341 2744 πάλιν
2396 2686 2553 2749 αὐτὸς
2615 2690 2712 2751 την
2755 2691 2847 2740 τού
2890 2684 3006 2759 βίου
3068 2681 3403 2759 μεταϐολὴν,
3451 2682 3544 2738 καί
3587 2683 3650 2738 τὸ
3689 2688 3832 2760 Χρι-

2178 2775 2398 2838 στιανὸς
2429 2773 2699 2853 γενέσθαι,
2744 2771 3168 2851 ἐπηγγελλόμην
3198 2771 3248 2836 ά,

2283 2875 2296 2886 ,
2354 2862 2371 2884 ι
2444 2867 2456 2886 .
2576 2862 2600 2881 η
2644 2887 2652 2896 .
2721 2861 2760 2880 ..ς
2873 2869 2893 2878 -
3002 2861 3030 2880 ν
3199 2864 3212 2882 ς
3379 2861 3393 2884 ,
3604 2861 3656 2898 ε,
3768 2863 3782 2878 .

2261 2875 2348 2922 ΚΑ
2378 2907 2392 2922 .
2463 2871 2531 2921 Εν
2574 2885 2684 2930 οσῳ
2714 2881 2769 2918 οε
2801 2885 2966 2920 ταυτα
3001 2886 3096 2939 ην,
3128 2885 3215 2920 και
3247 2882 3498 2928 τοιαυτην
3527 2883 3659 2941 προ,
3691 2869 3829 2919 Θεον

2177 2954 2474 3029 ἐποιούμην
2515 2953 2616 3020 τὴν
2657 2953 2859 3008 ἱκεσίαν
2902 2961 2926 2994 ⁸
2960 3000 2976 3032 ,
3035 2953 3110 3016 εἰς
3157 2951 3324 3008 ὕπνον
3373 2951 3551 3031 ἡρέμα
3610 2972 3832 3008 κατενε-

446 3056 724 3101 somnum
743 3038 1215 3115 deductus,mihi
1235 3039 1480 3102 videbar
1501 3042 1819 3121 quemdam
1845 3060 2092 3105 cernere

2183 3045 2346 3123 χθεὶς,
2381 3039 2592 3098 ἐδόκουν
2626 3042 2749 3097 τινὰ
2780 3043 3050 3121 μοναχὸν,
3085 3041 3244 3118 βαθὺν
3278 3042 3371 3097 τὸν
3405 3040 3642 3119 πώγωνα
3683 3043 3824 3097 καθ-

449 3128 808 3190 monachum
840 3127 1138 3212 promissa
1163 3129 1472 3209 densaque
1516 3129 1725 3207 barba,
1753 3132 1878 3212 jam
1909 3149 2092 3194 sene-

446 3228 714 3280 scentem
737 3228 798 3280 et
818 3217 1523 3300 canisconspersum,qui
1542 3219 1948 3300 interrogabat
1971 3240 2090 3302 me,

445 3308 720 3389 quisnam
745 3317 904 3372 esset
927 3307 1196 3383 morbus,
1232 3308 1516 3389 quidnam
1547 3308 1688 3371 mali
1708 3328 1817 3372 nos
1837 3311 2092 3374 invasis~

442 3398 837 3476 set.Cumque
860 3416 968 3478 ego
994 3398 1049 3460 ei
1070 3397 1348 3460 morbum
1374 3397 1937 3474 ostendissem,ille:
1965 3402 2086 3464 Im-

443 3486 742 3569 plebisne,
776 3487 996 3569 inquit,
1021 3496 1081 3549 tu
1104 3506 1480 3570 quaecunque
1500 3487 1623 3551 Deo
1650 3508 1716 3552 es
1735 3489 2041 3570 pollicitus
2058 3490 2089 3551 ‘I

446 3576 680 3639 Deinde
702 3595 836 3638 cum
860 3595 967 3658 ego
993 3577 1208 3640 iterum
1236 3577 1782 3660 promisissem,me
1807 3588 2083 3662 prompto

443 3674 502 3726 et
521 3665 704 3728 alacri
725 3665 926 3728 animo
960 3668 1164 3729 omnia
1207 3666 1594 3748 impleturum
1629 3686 1644 3731 :
1677 3667 1824 3748 Ego,
1858 3667 2080 3751 inquit,

440 3772 570 3816 sum
603 3753 975 3837 Euthymius,
1009 3758 1109 3836 qui
1168 3755 1244 3818 ad
1301 3755 1656 3820 orientalem
1690 3757 2082 3820 solitudinem

439 3841 645 3907 habito
699 3844 761 3906 in
794 3853 1062 3908 torrente
1091 3847 1166 3908 ad
1197 3845 1520 3908 australem
1554 3855 1786 3927 partem
1814 3847 1922 3910 vite
1951 3867 2085 3930 qua;

437 3930 898 3997 Hierichuntem
936 3934 1098 3998 ducit
1127 3935 1267 4010 sito,
1293 3935 1503 3998 decem
1538 3935 1808 4000 millibus
1837 3937 2085 4000 dissitus

435 4040 469 4083 a
491 4021 949 4104 Hierosolymis.
986 4023 1050 4088 Si
1095 4025 1183 4086 vis
1205 4044 1345 4104 ergo
1370 4025 1639 4089 invenire
1664 4027 1802 4089 mali
1833 4028 2083 4090 solutio-

445 4129 608 4188 nem,
643 4113 780 4174 veni
819 4113 891 4174 ad
937 4113 1236 4191 me,ait,et
1267 4133 1373 4195 per
1405 4135 1512 4177 nos
1541 4114 1778 4178 sanabit
1808 4126 1862 4180 te
1894 4119 2080 4182 Deus.

443 4199 580 4290 llaec
610 4202 673 4264 in
705 4206 932 4264 somnis
963 4216 1274 4285 postquam
1307 4204 1955 4290 vidissem,essemque
1977 4227 2085 4271 ex-

443 4289 842 4380 citatus,patri
871 4292 1071 4355 statim
1094 4293 1433 4356 narravLEt
1454 4313 1598 4359 ecce
1621 4289 1902 4360 omnibus
1931 4303 2091 4380 posté

2175 3133 2412 3213 ειμένον,
2471 3135 2720 3212 γηρῶντα
2791 3131 2922 3212 ἤδη,
2981 3133 3069 3192 καὶ
3139 3131 3360 3196 πολιαῖς
3413 3130 3822 3209 κατηρτυμένον

2173 3225 2324 3303 ὁρᾷν,
2369 3221 2488 3290 ἥτις
2516 3243 2575 3279 τε
2617 3223 2652 3290 ἡ
2686 3225 2840 3287 νόσος
2870 3219 3206 3301 διερωτῶντα
3237 3242 3329 3302 με,
3383 3222 3470 3278 καὶ
3515 3221 3567 3277 τί
3590 3221 3655 3278 τὸ
3707 3243 3822 3277 κα-

2171 3317 2460 3388 τασκῆψαν
2503 3313 2577 3372 είς
2633 3312 2778 3386 ἡμᾶς
2837 3310 2859 3353 ί
2919 3313 3107 3392 κακὸν,
3170 3311 3588 3387 πυνθανόμενον.
3650 3308 3824 3386 Ἐμοῦ

2169 3402 2226 3461 δὲ
2276 3405 2338 3460 τὸ
2374 3403 2540 3466 πάθος
2585 3401 2728 3476 αύτῷ
2764 3399 3161 3478 ὑποδείξαντος,
3195 3400 3432 3477 ἐκεῖνος,
3461 3397 3630 3460 Ἀλλὰ
3659 3399 3818 3468 πλη-

2169 3506 2312 3575 ροῖς,
2357 3493 2542 3573 εἶπεν,
2575 3493 2730 3557 αὐτὸς
2761 3490 2863 3549 ὅσα
2890 3493 2969 3567 τῷ
3000 3498 3116 3567 Θεῷ
3146 3490 3458 3571 ἐπηγγείλω
3489 3510 3507 3563 ;
3543 3489 3670 3548 εἶτα
3697 3489 3818 3548 πά-

2169 3589 2252 3641 λιν
2294 3583 2425 3658 ἐμοῦ
2468 3584 2555 3638 καὶ
2599 3581 2744 3658 μάλα
2775 3579 3058 3661 προθύμως
3090 3585 3263 3639 πάντα
3321 3580 3631 3660 πληρώσειν
3673 3581 3817 3638 ὓπο-

2167 3673 2467 3756 σχομένου,
2499 3670 2645 3750 Ἐγώ
2672 3673 2782 3748 εἰμι
2828 3672 3110 3749 Εὖθύμιος,
3164 3671 3292 3751 ἔφη,
3327 3673 3355 3727 δ
3386 3672 3518 3749 πρὸς
3546 3670 3617 3739 τῆ
3648 3670 3819 3728 ’Λναο

2167 3763 2359 3840 τολικῇ
2414 3761 2601 3842 ἐρήμῳ
2654 3759 2708 3819 ἐν
2752 3768 2830 3836 τῷ
2873 3763 3009 3819 κατὰ
3051 3761 3208 3820 νότον
3249 3771 3279 3814 σ
3306 3760 3406 3829 τῆς
3467 3761 3601 3839 πρὸς
3643 3758 3814 3841 ἰερι-

2168 3864 2372 3934 χοῧντα
2428 3850 2548 3909 0306
2590 3849 2872 3932 χειμάρρῳ
2914 3852 3102 3932 οίκῶν,
3147 3849 3274 3908 δέκα
3317 3849 3525 3926 μιλίοις
3577 3851 3819 3929 Ἰεροσο-

2169 3943 2353 4020 λύμων
2397 3940 2424 3984 δ
2493 3939 2718 4020 διέχων,
2767 3941 2936 4018 Ε’ίπερ
2975 3943 3064 3998 οὖν
3120 3938 3300 4018 βούλει
3355 3945 3450 3997 τοῦ
3499 3947 3666 3997 κακοῦ
3710 3940 3820 4009 τὴν

2171 4033 2322 4091 λύσιν
2379 4033 2576 4110 εὑρεῖν,
2613 4029 2729 4087 ἐλθὲ
2773 4034 2904 4108 πρός
2947 4052 3041 4110 με,
3081 4030 3234 4110 φησὶ,
3280 4031 3369 4086 καὶ
3427 4030 3570 4087 ίᾶταί
3626 4050 3685 4086 σε
3741 4027 3817 4086 δι’

2169 4124 2326 4198 ἡμῶν
2365 4119 2382 4163 ί
2423 4124 2451 4177 ὁ
2509 4120 2665 4182 Θεός.
2715 4127 2886 4178 Ταῦτα
2935 4120 3061 4199 ὄναρ
3103 4117 3250 4196 ἰδὼν,
3316 4120 3406 4176 καὶ
3463 4116 3814 4194 διυπνισθεὶς,

2170 4219 2248 4286 τῷ
2331 4211 2491 4288 πατρὶ
2565 4209 2751 4265 αὐτίκα
2806 4206 3180 4287 διηγησάμην,
3258 4211 3356 4265 Καὶ
3427 4205 3537 4264 ἰδοὺ
3593 4205 3816 4288 δεύτερα

2171 4301 2384 4378 θέμενοι
2441 4297 2638 4379 πάντα,
2697 4301 2770 4363 ὡς
2829 4299 2864 4367 ἡ
2909 4297 3032 4374 ὄψις
3075 4297 3380 4374 ἐπέσκηψε,
3437 4296 3815 4373 κατελάϐομεν

446 4378 678 4488 positis,
715 4380 854 4480 huc,
891 4388 951 4444 ut
965 4381 1147 4462 jussit
1177 4380 1348 4459 visio,
1384 4383 1662 4446 venimus
1692 4404 1872 4462 nunc,
1908 4378 2088 4468 teque

2183 4400 2282 4467 νῦν,
2328 4392 2417 4448 καὶ
2460 4378 2684 4464 δεόμεθα
2741 4385 2922 4456 δέησιν
2981 4387 3120 4445 πάνυ
3167 4386 3416 4467 σφόδρα)
3460 4389 3662 4464 θερμὴν
3719 4389 3814 4444 καὶ

442 4467 613 4531 valde
643 4478 702 4531 et
730 4469 910 4533 enixe
957 4489 1261 4551 rogamus,
1324 4481 1388 4535 ut
1420 4473 1593 4536 nobis
1624 4477 1910 4538 ostendas
1947 4467 2084 4540 vere

2183 4479 2482 4554 ιπουδαίαν,
2551 4476 2821 4543 ὑποδεῖξαι
2881 4478 2971 4534 τὸν
3041 4476 3126 4534 διὰ
3193 4483 3294 4545 τῆς
3356 4478 3614 4543 ὀπτασίας
3670 4477 3813 4550 ἡμῖν

445 4557 710 4648 divinum
744 4567 804 4621 et
829 4560 1250 4624 admirabilem
1283 4562 1451 4624 illum
1485 4563 1813 4642 medicum,
1846 4573 1944 4647 qut
1978 4585 2088 4648 per

445 4645 734 4710 visionem
769 4649 946 4713 nobis
976 4649 1274 4714 indicatus
1303 4651 1440 4716 fuit.

527 4733 704 4802 XXII.
738 4735 878 4801 Haec
907 4741 1162 4804 audiens
1194 4740 1405 4804 beatus
1434 4740 1842 4820 Theoctistus,
1878 4754 1942 4806 et
1970 4766 2086 4827 quo

448 4827 624 4888 modo
656 4827 808 4890 visio
861 4839 1136 4911 apertum
1196 4833 1301 4894 Dei
1352 4831 1557 4912 gratias
1608 4842 1771 4895 esset
1799 4833 2087 4899 indicium

445 4915 801 4995 admiratus,
833 4918 1155 5002 Euthymio
1189 4920 1574 5002 interrumpit
1598 4922 1881 5004 quietem,
1911 4925 2090 5007 eique

443 5007 647 5070 omnia
700 5009 937 5098 ordine,
1019 5011 1191 5092 pueri
1253 5010 1555 5087 morbum,
1618 5013 1924 5076 neminem
1985 5017 2089 5098 qui

441 5106 680 5159 curaret
703 5095 1032 5175 inventum,
1060 5102 1356 5180 promissa
1387 5101 1694 5162 communi
1728 5099 1985 5166 Domino
2006 5095 2089 5168 ab

440 5203 513 5248 eo
545 5185 722 5266 facta,
757 5207 1039 5251 somnum
1074 5189 1266 5261 illum,
1306 5189 1603 5254 visionem
1635 5200 2090 5270 ostensam,uno

443 5273 626 5338 verbo
649 5276 802 5340 nihil
858 5297 977 5341 non
1009 5296 1078 5341 ac
1105 5277 1448 5358 singulatim
1480 5288 1782 5344 recenset.
1819 5281 1932 5356 Qui
1963 5285 2093 5367 ipse

441 5383 682 5448 quoque
713 5385 1036 5448 persuasus
1057 5385 1185 5430 rem
1233 5367 1396 5430 illam
1430 5369 1632 5432 divino
1652 5377 1780 5449 geri
1807 5374 2088 5460 consilio,

2166 4569 2464 4648 μηνυθέντα
2491 4571 2641 4625 θεῖον
2671 4565 2836 4633 ὅντως
2865 4569 2954 4625 καὶ
2985 4566 3276 4647 παράδοξον
3304 4567 3508 4647 ἰατρόν,

2255 4738 2384 4812 ΚΒ’.
2421 4752 2617 4806 Τοῦτον
2649 4745 2677 4788 ι
2705 4749 2733 4803 ὁ
2755 4745 3056 4826 μακαρίτης
3089 4745 3320 4810 ἂκούσας
3343 4745 3685 4820 Θεόκτιστος,
3719 4751 3814 4804 καί

2171 4839 2316 4905 ὅπως
2357 4841 2392 4908 ἢ
2451 4837 2574 4914 ὄψις
2631 4835 2830 4916 δεῖγμα
2864 4837 3029 4918 σαφὲς
3073 4837 3140 4906 ἧν
3171 4843 3271 4906 τῆς
3298 4844 3392 4895 τοῦ
3422 4845 3555 4896 Θεοῦ
3583 4836 3813 4918 χάριτος

2173 4927 2494 5008 ἐκπλαγεῖς,
2553 4926 2829 4984 διακόπτει
2871 4929 2972 4992 τὴν
3025 4928 3254 5008 ἡσυχίαν
3294 4934 3372 5002 τῷ
3413 4928 3677 5008 Εὑθυμίῳ³
3721 4929 3816 4985 καὶ

2172 5019 2347 5077 πάντα
2407 5017 2529 5085 ἑξῆς
2589 5015 2758 5092 αὐτῷ,
2816 5015 2912 5072 τοῦ
2966 5013 3161 5082 παιδὸς
3217 5018 3279 5074 τὸ
3335 5019 3526 5097 πάθος,
3578 5017 3678 5085 τὴν
3720 5025 3818 5076 τοῦ

2171 5109 2590 5188 θεραπεύσοντος
2631 5106 2880 5182 ἀπορίαν,
2942 5107 3038 5170 τὰς
3096 5110 3257 5166 αὐτοῦ
3311 5109 3443 5184 πρὸς
3500 5110 3591 5164 τὸν
3633 5108 3818 5164 κοινὸν

2180 5199 2460 5265 Δεσπότην
2517 5195 2863 5275 ἐπαγγελίας,
2909 5195 3073 5254 ὕπνον
3117 5195 3352 5273 ἐκεῖνον,
3411 5198 3510 5265 τὴν
3557 5210 3820 5278 φανεῖσαν

2177 5291 2324 5368 ὄψιν,
2375 5289 2462 5345 καὶ
2508 5286 2694 5352 ἁπλῶς
2756 5287 2892 5345 κατὰ
2937 5286 3098 5362 μέρος
3157 5287 3356 5345 ἕκαστα
3387 5287 3695 5367 καταλέγει.
3752 5288 3820 5345 ⁸0

2177 5381 2232 5439 δὲ
2275 5380 2418 5439 θείαν
2462 5375 2580 5435 τινὰ
2621 5379 2684 5434 τὸ
2724 5383 2948 5458 πρᾶγμα
2977 5379 3282 5455 οἰκονομίαν
3331 5379 3416 5436 καὶ
3469 5379 3628 5442 αὐτὸς
3671 5377 3819 5434 εἶναι

1753 5532 2016 5605 VARUE
2065 5535 2505 5612 [ιΕΟΤιΟΝΕΞ.

517 5658 542 5688 ο
573 5643 650 5706 al.
685 5645 820 5740 ἦρε..
852 5647 1051 5740 οβτως,
1079 5646 1159 5740 al.
1194 5647 1370 5740 ὄντος.
1401 5729 1423 5740 η
1454 5649 1503 5694 θ’
1530 5649 1748 5740 sup_ple_
1789 5654 1998 5736 τέχναι,
2087 5674 2092 5698 ι

2183 5663 2221 5726 I.
2274 5659 2684 5740 ἐπηγγελόμην.
2772 5665 2794 5694 ⁸
2826 5657 2908 5722 al.
2937 5659 3187 5737 ἱκετείαν,
3274 5661 3296 5704 ί
3314 5657 3392 5720 al.
3425 5659 3586 5735 ὑμᾶς.
3669 5666 3699 5708 σ
3727 5653 3808 5719 al.

435 5727 624 5782 νῶτον.
711 5727 738 5768 h
767 5725 846 5788 al.
875 5725 996 5788 ius.
1027 5729 1157 5790 ἀπὸ.
1244 5728 1364 5794 ‘al.
1400 5729 1549 5807 ἔμοῦ.
1605 5725 1666 5786 ’1⁷
1693 5725 1966 5801 εδοείέῢ
1994 5740 2074 5807 al.

2161 5746 2190 5789 Ιι
2219 5742 2302 5807 ιι.
2332 5743 2554 5805 τούτων,
