4090 6198
301 335 424 399 617

1607 333 1793 402 VITA
1835 334 1898 400 S.
1950 336 2360 401 EUTHYMII.

3568 337 3687 404 618

294 471 613 545 πιστεύσας,
667 471 902 528 κάτεισιν
972 469 1163 536 εὐθέως
1235 473 1365 551 πρὸς
1427 473 1550 535 τοὺς
1609 470 1936 552 Βαρϐἆρους,

2057 473 2220 534 tatim
2277 471 2590 537 descendit
2620 471 2694 534 ad
2730 469 3053 546 Barbaros,
3088 476 3148 534 et
3191 471 3544 536 ardentibus
3576 491 3681 555 pro

297 564 391 618 καὶ
436 560 856 638 ὑπερευξάμενος
884 561 1092 638 θερμῶς
1135 569 1229 619 τοῦ
1269 559 1481 642 παιδὸς,
1515 563 1604 618 καὶ
1665 564 1805 638 αύτῷ
1860 566 1954 620 τὸν

291 659 394 709 τοῦ
423 653 646 730 σταυροῦ
673 652 839 708 τύπον
883 648 1179 724 επιϐαλὼν,
1214 653 1274 709 οὐ
1305 651 1507 731 χρόνου
1556 649 1750 722 ἐδεήθη
1781 654 1950 726 τινὸς,

294 745 360 801 οὐ
404 740 650 802 πλείονος
682 741 778 809 τῆς
825 742 957 820 πρὸς
1016 742 1115 810 τὴν
1175 745 1348 822 εὐχὴν
1409 739 1771 821 προσεδρείας,
1831 742 1952 800 ἀλλ’

294 830 598 910 ἕρῥωμένον
653 832 812 887 αὐτὸν
897 833 982 887 καὶ
1053 832 1177 910 ὑγιᾶ
1250 830 1532 897 καθάπαξ¹
1616 837 1956 914 παραχρῆμα

295 922 576 1002 ἐργάζεται
587 968 601 984 .

389 1010 522 1073 Kl".
586 1011 966 1082 Καταπλήττει
1022 1011 1145 1074 τοὺς
1212 1009 1517 1093 Βαρϐάρους
1587 1013 1649 1069 τὸ
1707 1013 1952 1091 γεγονὸς,

297 1104 395 1158 καὶ
451 1104 643 1159 θαττον
672 1101 710 1168 ἢ
767 1103 795 1157 ὁ
852 1101 1085 1182 πάσχων
1142 1103 1203 1157 τὸ
1253 1107 1434 1182 σῶμα,
1468 1104 1556 1159 καὶ
1597 1101 1743 1160 αὒτοὶ
1794 1106 1955 1182 θερα-

302 1192 553 1248 πεύονται
614 1191 706 1252 τὰς
767 1191 975 1272 ψυχάς·
1041 1189 1248 1267 μᾶλλον
1278 1189 1333 1247 δὲ
1392 1198 1584 1256 κοινῶς
1627 1193 1812 1250 ἰῶνται
1854 1194 1956 1260 τὴν

301 1289 406 1352 τῆς
463 1288 648 1364 ψυχῆς
707 1284 872 1357 ἴασιν,
934 1285 1025 1341 καὶ
1080 1287 1258 1342 πιστοὶ
1330 1287 1626 1365 παραυτίκα
1698 1286 1954 1363 γίνονται.

308 1379 408 1430 Διὸ
460 1397 548 1430 και
589 1387 816 1452 πρηνεῖς
851 1372 937 1430 ἔπ’
989 1372 1208 1453 ἐδάφους
1243 1376 1460 1437 ἑαυτοὺς
1497 1375 1769 1453 ῥίψαντες,
1805 1374 1957 1434 δέον-

304 1486 397 1522 ται
448 1463 543 1532 τῆς
575 1464 730 1541 ἆγιας
789 1465 997 1531 ἐκείνης
1056 1469 1266 1545 ψυχῆς,
1299 1465 1439 1524 ὥστε
1490 1472 1558 1542 τῇ
1587 1473 1678 1522 τοῦ
1736 1472 1962 1545 Χριστοῦ

306 1551 564 1634 σφραγῖδι
623 1554 1019 1629 σημειωθῆναι,
1055 1557 1150 1612 καί
1195 1563 1290 1613 τοῦ
1332 1561 1439 1611 τῶν
1471 1556 1801 1633 Χριστιανῶν
1858 1555 1963 1632 μέ-

306 1665 436 1722 ρους
466 1643 755 1710 ἀξιωθῆναι
779 1644 868 1700 καὶ
909 1644 1004 1702 τοῦ
1033 1645 1316 1720 ὀνόματος,

397 1733 534 1806 KA',
571 1733 790 1796 Πάντως
840 1731 898 1790 δὲ
941 1734 1040 1791 οὒκ
1092 1734 1157 1802 ἦν
1207 1733 1393 1811 ἀνδρὸς
1443 1733 1689 1814 φιλοθέου
1717 1738 1780 1792 τὸ
1823 1736 1958 1812 μέλ-

2038 581 2226 642 puero
2259 562 2410 626 fusis
2441 560 2748 644 precibus,
2783 560 3054 639 factaque
3083 579 3268 642 super
3295 561 3466 624 illum
3495 563 3692 626 crucis

2038 650 2244 730 ﬁgura,
2282 672 2400 715 non
2433 653 2632 734 aliquo
2666 669 2816 732 Opus
2847 648 3053 720 habuit
3083 657 3378 732 tempore,
3410 672 3529 716 non
3559 672 3691 716 ma-

2033 741 2166 821 jore
2199 742 2260 804 in
2293 744 2519 806 orando
2569 737 3035 822 perseverantia,
3069 740 3175 803 sed
3215 760 3348 804 cum
3396 743 3692 808 valentem

2040 839 2100 894 et
2128 833 2373 895 omnino
2397 850 2607 896 sanum
2636 831 2832 894 statim
2865 828 3063 893 eﬂicit.

2121 1009 2327 1074 XXIII.
2365 1009 2648 1075 Percellit
2681 1009 2975 1074 Barbaros
3009 1009 3066 1072 id
3098 1009 3257 1091 quod
3283 1012 3502 1076 factum
3555 1015 3689 1080 fue-

2037 1108 2153 1176 rat,
2182 1109 2242 1162 et
2272 1100 2447 1164 citius
2477 1117 2653 1181 quam
2687 1098 2890 1178 aegroti
2927 1117 3170 1180 corpus,
3209 1117 3420 1164 eorum
3453 1123 3694 1187 quoque

2040 1198 2328 1252 curantur
2381 1189 2620 1265 animm,
2684 1207 2790 1250 seu
2849 1188 3037 1268 magis
3093 1187 3311 1253 animae
3371 1195 3688 1257 sanitatem

2041 1280 2448 1341 communiter
2495 1278 2826 1358 accipiunt,
2885 1278 3153 1360 ﬁuntque
3202 1281 3402 1342 statim
3457 1283 3693 1357 ﬁdeles.

2042 1368 2334 1442 Quocirca
2390 1371 2558 1450 proni
2591 1368 2653 1430 in
2684 1368 2877 1430 solum
2919 1368 3307 1450 projicientes
3360 1389 3452 1454 se,
3482 1382 3694 1453 rogant

2047 1467 2311 1520 sanctam
2372 1459 2540 1522 illam
2591 1457 2877 1535 animam,
2909 1471 2977 1520 ut
3027 1457 3244 1521 Christi
3303 1459 3697 1542 obsignentur

2046 1549 2377 1629 signaculo,
2411 1556 2767 1630 partemque
2815 1567 2880 1611 ac
2940 1566 3160 1611 nomen
3219 1549 3694 1617 Christianorum

2045 1647 2513 1720 consequantur.

2125 1729 2338 1794 XIXV.
2359 1730 2514 1793 Num
2543 1739 2674 1791 erat
2694 1735 2890 1791 autem
2913 1733 3160 1791 omnino
3177 1729 3290 1792 viri
3317 1731 3398 1812 pii
3419 1741 3478 1795 et
3505 1735 3697 1797 Deum

306 1822 423 1880 λειν
481 1825 536 1880 ἐν
565 1834 683 1885 τοῖς
728 1823 1008 1889 τοιούτοις.
1058 1825 1259 1882 Οὖκοῡν
1312 1822 1428 1881 οὐδὲ
1481 1825 1720 1900 Βύθυμίῳ
1751 1827 1812 1882 τὸ
1854 1849 1957 1882 παο

2053 1817 2607 1894 amantis,cunctari
2629 1818 2691 1879 in
2721 1817 2902 1880 rebus
2923 1817 3286 1897 bujusmodi.
3318 1821 3524 1902 Neque
3556 1841 3698 1904 ergo

306 1905 484 1983 ρᾶπαν
532 1901 801 1980 μέλλησις
830 1903 922 1973 ἦν.
976 1901 1128 1961 Ἀλλ’
1157 1901 1283 1961 ἰδὼν
1324 1905 1511 1970 αὐτοὺς
1542 1903 1727 1983 καρδίᾳ
1755 1905 1961 1981 μᾶλλον

302 1994 346 2062 ἢ
404 1995 630 2071 στόματι
701 1994 764 2050 τὸ
821 1995 961 2072 ἱερὸν
1005 1994 1284 2071 βάπτισμα
1330 1993 1696 2075 αἰτουμένους,
1759 1993 1961 2053 κελεύει

305 2087 517 2165 μακρὰν
547 2099 590 2130 ω
632 2085 685 2142 ἐν
729 2108 832 2143 τινι
889 2093 985 2144 τοῦ
1037 2085 1305 2155 σπηλαίου
1359 2089 1526 2166 γωνίᾳ
1585 2085 1962 2168 κολυμϐήθραν

302 2173 696 2256 σχεδασθῆναιο
741 2175 862 2243 ἥτις
921 2178 1009 2234 καὶ
1067 2177 1140 2243 εἷς
1198 2175 1318 2234 τόδε
1379 2177 1580 2258 χρόνου
1635 2178 1782 2255 μένει
1833 2201 1958 2236 συν-

311 2266 608 2341 ισταμένη·
675 2266 887 2332 καὶτὰς
934 2268 1180 2337 συνήθεις
1213 2267 1380 2346 εὐχὰς
1427 2268 1688 2343 ἐπειπὼν,
1724 2270 1813 2324 καὶ
1867 2267 1963 2326 ὅσα

305 2355 476 2431 νόμος
511 2355 597 2412 ἐπ’
642 2357 827 2421 αὐτοῖς
877 2354 1124 2432 τελέσας,
1161 2361 1342 2435 πρῶτα
1375 2358 1473 2432 μὲν
1517 2359 1607 2414 τὸν
1641 2356 1964 2416 Ἀσπὲϐετον

306 2446 579 2522 βαπτίζει,
615 2445 811 2525 Πέτρον
846 2447 1246 2523 μετονομάσας,
1296 2447 1417 2513 ὲξῆς
1469 2445 1523 2502 δὲ
1574 2448 1766 2527 Μάριν,
1799 2446 1963 2506 ἀδελ-

307 2537 411 2616 φὸν
466 2541 566 2602 τῆς
638 2537 887 2614 γυναικὸς
949 2533 1296 2594 Ἀσπεϐέτοδο
1357 2536 1635 2601 ἐπικαιεϊς
1679 2536 1841 2618 ἄμφω
1901 2541 1962 2597 τὸ

307 2627 491 2704 γένος,
524 2623 738 2701 πλούτῳ
793 2646 851 2682 τε
894 2627 1052 2703 βαθεῖ⁹
1106 2631 1414 2705 κομῶντας,
1465 2627 1551 2683 καὶ
1606 2627 1818 2684 συνέσει
1873 2630 1962 2685 καὶ

306 2716 477 2793 ἀρετῇ
535 2713 740 2791 μᾶλλον
771 2717 863 2773 τὸν
918 2715 1150 2774 πλοῦτον
1179 2722 1536 2792 κοσμοῦντας,
1569 2715 1605 2785 ἢ
1656 2719 1745 2774 καί
1801 2719 1960 2777 αὑτὸν

307 2807 405 2861 τὸν
466 2804 692 2863 πλοῦτον
753 2806 1000 2863 ὑπόθεσιν
1059 2805 1253 2884 ἀρετῆς
1323 2805 1700 2880 ποιουμένουςσ
1775 2805 1959 2865 ἔπειτα

307 2894 367 2950 δὲ
425 2893 698 2972 Τερέὸωνα
727 2897 814 2952 καὶ
875 2895 993 2970 μετ’
1037 2897 1194 2955 αὐτὸν
1255 2896 1372 2960 τοὺς
1431 2893 1672 2959 λοιπούς·
1720 2897 1808 2959 οὒς
1854 2895 1952 2968 δή.

309 3006 416 3041 που
468 2983 564 3040 καί
630 2986 1018 3064 τεσσαράκοντα
1074 2985 1199 3064 παρ’
1260 2985 1430 3060 ἑαυτῷ
1481 2987 1775 3065 κατασχὼν
1815 2987 1958 3062 ἡμέ-

308 3097 432 3153 ρας,
492 3076 580 3131 καὶ
654 3073 976 3153 παραινέσας
1007 3083 1057 3149 1³,
1119 3075 1206 3131 καὶ
1284 3074 1382 3141 τὴν
1453 3073 1723 3132 εὐσέϐειαν
1775 3077 1957 3141 αὺτοῖς

306 3163 828 3244 ἒξακριϐωσᾶμενος,
860 3165 950 3220 καὶ
999 3164 1174 3220 πάντα
1224 3163 1420 3243 τρόπον
1472 3165 1540 3220 τὰ
1585 3167 1717 3242 πρὸς
1771 3187 1958 3235 σωτη-

307 3254 428 3332 ρίαν
485 3252 698 3334 ἆσφαλῆ
754 3254 998 3333 θέμενος,
1065 3253 1284 3332 ἀφίησιν
1353 3252 1409 3308 ἐν
1452 3252 1662 3332 εἰρήνῃ·
1709 3256 1961 3330 οὐμενοῦν

303 3344 671 3423 Ἀγαρηνοὺς,
730 3343 808 3400 ἔτι
865 3341 920 3398 δὲ
979 3341 1096 3402 οὐδὲ
1176 3340 1522 3418 ἰσμαηλίτας
1555 3349 1603 3417 ⁸,
1659 3342 1796 3400 ἀλλὰ
1864 3347 1960 3414 τῆς

302 3433 515 3513 Σάρῤας
570 3433 892 3513 ὁπογόνους,
961 3435 1049 3491 καὶ
1123 3431 1488 3512 κληρονόμους
1557 3432 1808 3510 ἀψευδεῖς
1865 3441 1964 3504 τῆς

302 3521 657 3604 ἐπαγγελίας,
689 3521 768 3579 διὰ
812 3529 904 3580 τοῦ
936 3524 1073 3579 θείου
1115 3522 1508 3599 βαπτὶσματος.

396 3604 526 3676 κε’.
584 3606 644 3672 Ὀ
695 3613 877 3690 μέντοι
940 3614 1132 3692 Μάρις,
1168 3615 1195 3668 ὃ
1233 3615 1322 3670 γαὶ
1377 3615 1524 3676 θεῖος
1569 3615 1701 3692 πρὸς
1759 3616 1962 3692 μητρὸς

309 3705 392 3776 τῷ
447 3700 728 3780 Τερὲϐωνι,
762 3700 934 3759 οὑκέτι
989 3699 1105 3760 οὒδὲ
1156 3699 1374 3777 βλέψειν
1420 3702 1491 3766 εἰς
1538 3701 1605 3757 τὰ
1648 3702 1820 3758 ὀπίσω
1871 3699 1962 3758 εἴ-

309 3791 463 3866 λετο,
522 3790 640 3848 οὐδὲ
681 3790 981 3859 ἂποστῆναι
1040 3795 1141 3859 τῆς
1213 3792 1386 3866 μονῆς
1460 3789 1600 3856 ὅλως
1671 3790 1959 3872 ἠνέσχετο⁶

310 3881 456 3940 ἀλλὰ
510 3888 685 3938 πᾶσαν
717 3884 1044 3960 καθιερώσας
1101 3884 1237 3958 αὐτῇ
1263 3882 1362 3949 τὴν
1420 3884 1622 3955 οὐσίαν,
1656 3882 1744 3938 καὶ
1801 3882 1964 3960 μικρὰ

309 3973 385 4030 τὰ
427 3971 483 4029 ἒν
516 3977 596 4046 τῷ
652 3971 841 4048 κόσμῳ
871 3969 1046 4029 πάντα
1106 3973 1350 4046 νομίσας,
1387 3972 1471 4028 καὶ
1527 3969 1644 4028 οὐδὲ
1675 3970 1816 4038 ἄξιον
1871 3973 1966 4029 τὸν

310 4063 450 4140 πρὸς
507 4061 641 4120 αύτᾶ
668 4060 833 4118 πόθον
888 4065 1074 4142 ψυχῆς
1103 4062 1347 4139 εύγενους
1390 4081 1450 4118 τε
1481 4062 1568 4118 καὶ
1621 4060 1964 4141 μεγαλόφρο-

307 4175 428 4226 νος,
477 4152 592 4228 Θεῷ
618 4149 1016 4232 προσκολλᾶται
1060 4150 1232 4230 μόνῳ,
1276 4151 1366 4208 καὶ
1418 4149 1509 4209 ὑπ’
1558 4151 1703 4226 αὖτῷ
1729 4158 1827 4230 ζῇν
1885 4149 1970 4209 διὰ

303 4242 493 4310 πάσης
547 4241 644 4310 τῆς
674 4244 816 4315 ζωῆς
858 4240 1080 4318 τίθεται,
1112 4247 1189 4316 τῷ
1217 4238 1440 4319 μεγάλῳ
1468 4245 1753 4322 καθηγητῇ
1807 4241 1966 4322 χρώ·-

303 4353 502 4410 μενος.

400 4411 549 4496 κζ’.
608 4423 711 4480 Τοῦ
737 4421 1002 4497 θαύματος
1053 4418 1107 4477 δὲ
1141 4419 1426 4503 πολλαχοό
1467 4428 1564 4500 τῇς
1595 4421 1799 4502 ἐρήμου
1842 4419 1962 4478 δια-

303 4511 582 4588 δοθέντος,
615 4509 810 4569 πολλοὶ
838 4510 972 4589 πρὸς
1029 4512 1120 4568 τὸν
1153 4511 1303 4568 θεῖον
1349 4513 1603 4588 Εὗθύμιον
1633 4513 1820 4568 πάθεσι
1878 4511 1967 4568 καὶ

2047 1909 2158 1971 fuit
2178 1910 2498 1991 Euthymio
2530 1908 2647 1972 ulla
2677 1907 3000 1970 cunctatio:
3027 1909 3132 1971 sed
3163 1909 3372 1972 videns
3391 1930 3496 1974 eos
3517 1913 3701 1977 corde

2048 1999 2239 2079 magis
2262 2012 2438 2080 quam
2460 2016 2566 2062 ore
2586 2016 2824 2061 sacrum
2851 1997 3149 2079 baptisma
3175 2000 3500 2081 postulare,
3526 2001 3703 2082 jubet

2047 2107 2286 2170 parvam
2321 2088 2611 2169 piscinam
2643 2089 2703 2151 in
2760 2088 3017 2171 quodam
3050 2089 3352 2169 spelunca).
3381 2091 3597 2171 angulo
3630 2109 3706 2154 ex

2047 2186 2318 2259 tempore
2366 2179 2493 2242 ﬁeri
2529 2200 2545 2256 ;
2577 2196 2712 2259 quas
2740 2177 2984 2259 quidem
3028 2197 3222 2260 usque
3252 2181 3314 2241 in
3344 2181 3504 2243 hunc
3537 2181 3700 2243 diem

2048 2268 2366 2349 consistit;
2428 2277 2489 2330 et
2547 2275 2866 2330 consuetas
2924 2269 3224 2332 orationes
3284 2271 3700 2352 pronuntians,

2047 2359 2397 2439 cunctisque
2427 2375 2562 2437 qua:
2593 2357 2685 2421 lex
2719 2358 2988 2439 praecipit
3015 2377 3202 2440 super
3248 2359 3384 2422 illos
3414 2361 3698 2442 peractis,

2047 2446 2242 2528 primo
2259 2445 2504 2524 quidem
2527 2446 2896 2528 Aspebetum
2929 2449 3209 2529 baptizat,
3230 2448 3475 2511 Petrum
3499 2458 3698 2512 trans-

2045 2539 2388 2598 nominans:
2417 2536 2700 2617 deincaps
2732 2545 2933 2600 autem
2955 2539 3188 2610 Marim,
3222 2538 3468 2601 fratrem
3499 2539 3700 2601 uxoris

2044 2625 2575 2708 Aspebetizambos
2596 2627 2791 2689 claros
2812 2636 3126 2706 genere,et
3146 2627 3536 2708 amplissimis
3551 2627 3698 2689 divi-

2045 2716 2144 2778 tiis
2177 2720 2524 2792 instructos,
2559 2733 2669 2778 seu
2703 2713 2902 2796 potius
2932 2716 3037 2794 qui
3064 2715 3379 2798 prudentia
3405 2727 3462 2779 et
3482 2716 3699 2779 virtute

2042 2814 2327 2868 ornarent
2344 2806 2602 2881 divitias,
2630 2813 2731 2869 aut
2751 2806 2925 2868 etiam
2951 2806 3055 2886 qui
3076 2806 3236 2886 ipsas
3255 2824 3401 2887 opes
3429 2806 3695 2869 facerent

2047 2897 2352 2958 materiam
2407 2896 2684 2977 virtutis;
2735 2896 2956 2959 deinde
3003 2914 3144 2959 vero
3193 2895 3592 2975 Terebonem,
3624 2913 3695 2958 ac

2047 2995 2178 3066 post
2208 2986 2404 3066 ipsum
2457 2985 2720 3066 reliquos
2750 3006 2766 3047 :
2799 3004 2950 3066 quos
2981 2985 3188 3067 utique
3217 2994 3276 3047 et
3306 2984 3696 3066 quadraginta

2039 3075 2176 3159 dies
2205 3076 2360 3156 apud
2395 3093 2462 3138 se
2493 3073 2766 3156 retinuit,
2804 3084 2862 3137 et
2908 3076 3093 3138 multa
3124 3075 3374 3150 monuit,
3409 3074 3695 3156 piumque

2044 3164 2358 3243 religionis
2381 3165 2605 3228 cultum
2629 3174 2907 3228 accurate
2925 3166 3156 3240 docuit,
3187 3173 3363 3247 atque
3384 3165 3548 3227 omni
3569 3183 3698 3227 mo-

2043 3256 2120 3318 do
2162 3255 2352 3317 ﬁrmis
2376 3256 2639 3336 tutisque
2673 3255 2929 3318 redditis
2950 3273 3082 3336 qum
3109 3254 3183 3318 ad
3204 3255 3457 3318 salutem
3501 3254 3695 3336 perti-

2047 3345 2448 3420 nent,dimisit
2472 3352 2530 3407 in
2548 3364 2845 3426 pacegnon
2871 3345 3352 3426 tamenamplius
3373 3349 3690 3425 Agarenos,

2048 3455 2156 3498 nec
2187 3435 2542 3510 lsmaelitas,
2576 3436 2683 3498 sed
2716 3435 2874 3498 Serm
2916 3434 3291 3516 progeniem,
3323 3442 3519 3498 certos
3550 3453 3687 3515 pro-

2047 3525 2354 3588 missionis
2387 3525 2684 3596 haaredes,
2717 3543 2824 3606 per
2846 3523 3114 3587 divinum
3146 3524 3460 3606 baptisma.

2123 3615 2310 3680 XXV.
2372 3617 2447 3678 At
2511 3615 2712 3691 Maris,
2765 3613 3097 3677 Terebonis
3168 3615 3517 3691 avunculus,
3574 3633 3693 3677 non

2043 3705 2301 3786 amplius
2360 3703 2544 3766 voluit
2602 3712 2767 3766 retro
2840 3703 3132 3784 aspicere,
3194 3723 3395 3782 neque
3448 3705 3693 3767 omnino

2044 3795 2330 3859 sustinuit
2357 3793 2672 3858 discedere
2716 3813 2750 3856 a
2780 3793 3142 3856 monasterio
3177 3813 3194 3874 ;
3229 3793 3332 3855 sed
3366 3793 3423 3856 ei
3471 3812 3692 3855 conse-

2048 3885 2226 3948 cratis
2283 3885 2565 3947 omnibus
2636 3883 3043 3960 facultatibus,
3103 3891 3438 3962 cunctaque
3515 3882 3692 3960 hujus

2049 3973 2258 4037 mundi
2302 3982 2464 4037 ratus
2496 3992 2627 4037 esse
2662 3992 2857 4056 parva,
2893 3990 3265 4054 quorumque
3322 3969 3691 4034 desiderium

2049 4063 2374 4147 dedeceret
2430 4063 2696 4126 animum
2755 4081 3112 4143 generosum
3172 4070 3232 4124 et
3285 4060 3688 4142 magniﬁcum,

2051 4155 2165 4216 soli
2223 4156 2348 4218 Deo
2375 4153 2640 4218 adhaeret
2697 4162 2755 4215 et
2816 4171 2925 4235 per
2973 4161 3152 4214 totam
3184 4158 3417 4214 aatatem
3447 4153 3565 4214 sub
3619 4169 3690 4214 eo

2051 4244 2250 4309 vivere
2284 4245 2514 4322 statuit,
2549 4262 2763 4324 magno
2793 4249 2966 4306 utens
2995 4242 3264 4306 ductore.

2130 4422 2339 4488 XXVI.
2366 4422 2480 4489 Ubi
2504 4431 2705 4486 autem
2731 4422 3085 4485 miraculum
3108 4421 3444 4503 dispersum
3469 4428 3563 4486 est
3595 4436 3702 4501 per

2052 4515 2266 4576 multas
2291 4524 2488 4596 partes
2514 4512 2880 4588 solitudinis,
2907 4511 3079 4573 multi
3110 4511 3339 4573 morbis
3369 4520 3427 4574 et
3451 4511 3697 4588 aegritu-

306 4603 495 4668 νόσοις
565 4599 1012 4678 κανειλημμένοι,
1087 4599 1429 4680 πολλαχόθεν
1500 4599 1790 4679 συνέῤῥεον·
1881 4602 1962 4659 καὶ

2055 4602 2300 4666 dinibus
2328 4603 2591 4684 correpti
2611 4603 2683 4664 ad
2706 4602 2968 4665 divinum
2995 4601 3377 4682 Euthyminm
3399 4600 3706 4680 undequa-

311 4690 488 4754 οὕτως
543 4689 768 4770 ἄμισθόν
814 4713 872 4749 τε
931 4692 1015 4747 καὶ
1074 4692 1276 4770 εὔχερῆ
1311 4691 1593 4769 θεραπείαν
1651 4693 1968 4770 τρυγῶντες,

308 4784 595 4863 χοίροντες
649 4782 975 4861 ἐπανῄεσαν⁸
1011 4779 1151 4838 ὥστε
1195 4778 1364 4843 οὕτως
1397 4780 1452 4838 ἰν
1509 4780 1712 4861 βραχεῖ
1741 4778 1810 4836 δι’
1839 4779 1971 4849 ὅλης

313 4873 588 4950 ἐξέλαμψε
647 4874 745 4940 τῆς
816 4872 1041 4950 ἐρήμου,
1104 4873 1178 4935 ὡς
1252 4868 1388 4947 μηδὲ
1453 4871 1602 4947 πάσῃ
1675 4872 1864 4929 τούτου
1911 4871 1972 4926 τὸ

311 4963 491 5040 ὄνομα
534 4963 602 5039 τῇ
658 4960 988 5038 Πα)αιστίνῃ
1044 4961 1304 5041 χωρητὸν
1359 4960 1528 5033 εἶναι,
1580 4959 1720 5017 ἀλλᾶ
1760 4958 1828 5028 δὴ
1885 4960 1974 5017 καὶ

311 5053 454 5133 πρὸς
527 5053 623 5116 τὰς
695 5049 875 5126 κύκλῳ
944 5048 1232 5108 διαϐαίνειν
1306 5050 1571 5131 ἕπαρχίας
1601 5097 1618 5125 ,
1682 5051 1771 5107 καὶ
1838 5047 1974 5107 πολὺ

306 5151 474 5202 τοῦτο
531 5145 620 5200 καὶ
663 5145 720 5199 iw
751 5143 942 5206 αὑταῖς
995 5138 1227 5197 ἅδεσθαιο
1289 5139 1421 5219 ὅπερ
1479 5139 1630 5214 ἄλλῳ
1681 5139 1804 5216 μὲν,
1836 5137 1972 5204 ἴσως

308 5235 406 5293 καὶ
460 5234 596 5309 πρὸς
627 5230 824 5302 ἡδονῆς
855 5230 945 5300 ἧνο
995 5230 1234 5308 Εὖθυμίῳ
1262 5228 1340 5306 δὲ,
1378 5230 1702 5308 ἀγανακτεῖν
1752 5229 1918 5287 ἐποίει
1947 5239 1975 5283 Ρ

319 5321 526 5405 σφόδρα
580 5324 669 5381 καὶ
725 5321 1110 5403 δυσχεραίνειν
1172 5319 1231 5377 οὗ
1287 5319 1453 5396 μόνον
1517 5326 1594 5395 τῷ
1658 5320 1760 5387 τὴν
1820 5317 1973 5387 δόξαν

312 5411 684 5492 ἀπεστράφθαι
744 5410 844 5479 τὴν
873 5410 1230 5489 ἀνθρωπίνην,
1265 5408 1402 5468 ἀλλᾶ
1447 5409 1648 5483 καὶτῷ
1687 5413 1790 5477 τῆς
1833 5412 1968 5481 ﬁcu-

309 5502 445 5588 χίας
501 5501 1000 5580 ἀναμιμνήσκεσθαι
1029 5503 1130 5568 τῆς
1181 5497 1466 5580 προτέρας,
1497 5499 1588 5557 καὶ
1636 5497 1788 5562 ὅπως
1829 5498 1970 5557 ἀπε·-

2055 4711 2174 4774 que
2201 4693 2817 4773 conﬂuebant:sicque
2849 4692 3223 4753 curationem
3255 4691 3388 4754 sine
3419 4689 3701 4752 mercede

2055 4801 2124 4846 ac
2172 4781 2408 4846 facilem
2441 4783 2821 4862 colligentes,
2855 4779 3314 4845 revertebantur
3341 4780 3506 4859 laeti;
3550 4778 3703 4842 adeo

2055 4882 2119 4934 ut
2148 4871 2313 4935 brevi
2335 4872 2422 4934 sic
2445 4890 2552 4954 per
2581 4879 2758 4935 totam
2786 4871 2984 4935 clarus
3011 4872 3262 4935 evaserit
3291 4871 3700 4946 solitudinem,

2056 4971 2122 5025 ut
2150 4980 2263 5024 nec
2292 4963 2421 5043 ejus
2463 4979 2683 5024 nomen
2707 4969 2827 5025 tota
2849 4974 3097 5044 caperet
3135 4962 3464 5040 Palaestina,
3496 4959 3602 5022 sed
3627 4959 3704 5020 ad

2057 5051 2402 5133 provincias
2447 5052 2627 5114 etiam
2679 5053 2962 5115 transiret
3016 5053 3407 5116 circumcirca
3456 5049 3701 5130 positas,

2058 5146 2253 5218 ibique
2274 5145 2440 5203 valde
2461 5146 2874 5204 celebraretur.
2909 5147 3074 5215 Quod
3095 5146 3193 5203 alii
3213 5144 3441 5218 quidem
3457 5143 3707 5200 fortasse

2054 5231 2264 5294 fuisset
2286 5231 2593 5313 voluptati;
2615 5230 2930 5314 Euthymio
2962 5240 3160 5294 autem
3192 5247 3466 5311 magnam
3501 5226 3701 5309 parie-

2054 5320 2154 5384 bat
2175 5320 2648 5402 indignationem
2674 5329 2733 5384 et
2757 5320 3134 5394 molestiam;
3169 5338 3289 5382 non
3317 5319 3508 5381 solum
3539 5316 3700 5398 quod

2052 5412 2376 5475 humanam
2423 5419 2798 5476 aversaretur
2841 5409 3118 5490 gloriam,
3151 5409 3257 5473 sed
3313 5408 3491 5472 etiam
3539 5404 3703 5488 quod

2053 5500 2274 5584 prioris
2305 5500 2682 5565 meminisset
2725 5498 2968 5582 quietis,
3002 5497 3505 5581 quemadmodum
3536 5495 3601 5560 in
3630 5512 3708 5560 ea

1645 5596 1904 5662 νΑΒΙΑι
1943 5598 2387 5667 LECTlONES.

401 5696 416 5732 ¹
445 5693 616 5760 abest
641 5692 715 5757 ab
744 5691 824 5757 al.
910 5703 955 5737 ³³
981 5687 1060 5752 al.
1091 5689 1312 5769 μικράν.
1399 5702 1426 5732 ¹²
1455 5686 1536 5754 al.
1571 5685 1694 5750 ins.
1729 5688 1930 5754 πολλά.

643 5804 909 5869 Damon.
938 5800 1052 5864 Gn.
1089 5798 1297 5867 CXIV.

2015 5699 2039 5726 °
2069 5691 2241 5756 abest
2271 5692 2346 5756 ab
2375 5693 2455 5756 al.
2541 5703 2567 5746 Ρ
2597 5691 2678 5754 al.
2711 5691 2888 5771 ἐπῄει.

3329 5799 3409 5867 20
