4072 6206
248 350 363 414 6‘21

1562 349 1750 414 VITA
1798 351 1857 411 S.
1908 350 2318 412 EUTHYMII.

3513 353 3629 421 622

250 487 494 566 Πάσχων
554 482 609 540 δὲ
667 481 826 557 οὕτω,
879 487 966 540 καὶ
1024 485 1123 540 ὑπὸ
1183 483 1431 563 χαλεποῦ
1473 483 1716 560 δαίμονος
1777 508 1890 542 συν-

1991 481 2138 545 Cum
2170 493 2369 544 autem
2401 483 2489 543 sic
2520 490 2915 564 pateretur,et
2934 484 3009 548 ab
3033 487 3284 550 immani
3319 499 3634 554 vexaretur

245 595 270 628 ε
284 576 548 653 χῡὸμενος,
594 575 655 628 τὸ
694 581 788 630 τοῦ
850 572 1105 648 Εὔθυμίου
1148 573 1316 648 ὄνομα
1361 573 1581 647 λαμπρᾷ
1638 579 1706 649 τῇ
1749 574 1901 652 φωνῆ

247 661 384 718 ἐϐόα
418 679 431 692 ·
482 661 612 720 ἐϐόα
666 660 720 718 δὲ
778 660 845 718 δι’
905 663 1066 719 αὒτοῦ
1109 661 1315 738 μᾶλλον
1361 665 1464 744 οὔχ
1508 663 1668 736 ἑκὼν,
1709 662 1829 718 ἀλλ’
1873 667 1900 716 ὸ

244 759 522 826 τυραννῶν
606 751 848 828 ἄντικρυς
932 754 1374 830 τυραννούμενος,
1479 744 1735 832 Ὀρῶντες
1812 752 1902 808 οὖν

246 842 412 897 αὒτὸν
459 841 513 898 οῗ
563 864 615 898 τε
646 841 876 918 πατέρες
904 843 993 897 καὶ
1045 845 1090 898 οἱ
1143 845 1532 920 προσήκοντες,
1591 841 1756 905 οὕτως
1817 841 1903 898 ἐπὶ

242 931 501 1008 γλώττης
535 932 617 987 ἀεὶ
662 933 723 987 τὸ
784 933 878 986 to")
936 932 1192 1007 Εὗθυμίου
1241 933 1534 1010 στρέφοντα
1565 929 1760 1006 ὄνομα,
1807 931 1902 988 καὶ

245 1019 491 1093 μάλιστᾶ
523 1041 584 1096 γε
615 1022 770 1088 ἡνίκα
805 1018 1157 1100 σφοδρότερον
1198 1024 1225 1078 ὁ
1269 1024 1460 1098 μιαρὸς
1515 1025 1656 1096 αὐτῷ
1697 1019 1900 1096 δαίμων

247 1111 465 1174 ἐκεῖνος
525 1109 782 1180 ἐπίθοιτο,
830 1111 909 1175 τίς
969 1109 1029 1166 ἂν
1091 1113 1119 1167 ὸ
1173 1111 1429 1185 saeuum,-
1487 1111 1639 1176 οὖτος
1669 1110 1762 1178 εἴη
1798 1132 1898 1167 πε-

246 1202 479 1276 ριιόντες
525 1200 968 1274 ἆνεπυνοάνοντο,
1017 1202 1102 1256 καὶ
1160 1198 1306 1262 ὅπως
1366 1199 1429 1256 ἄν
1467 1223 1518 1256 τι
1577 1203 1694 1278 περὶ
1741 1204 1901 1258 αὐτοῦ

245 1292 500 1370 μάθοιεν,
562 1293 770 1368 φροντὶς
821 1290 888 1357 ἦν
959 1290 1147 1353 αὖτοῖς
1207 1293 1242 1358 ἡ
1308 1290 1562 1368 μεγίστη,
1619 1291 1789 1367 Μικρὰ
1843 1289 1899 1346 δὲ

247 1383 371 1457 περί
430 1382 527 1446 τὴν
584 1379 784 1436 ἐκείνου
838 1381 1064 1450 ζήτησιν
1098 1382 1381 1451 καμόντες·
1420 1382 1593 1453 μεστὴ
1622 1383 1720 1457 γὰρ
1752 1383 1782 1448 ἡ
1814 1382 1896 1436 οἶ-

247 1469 490 1543 κουμένη
523 1477 664 1524 πᾶσα
716 1474 814 1536 τῆς
860 1469 1060 1525 ἐκείνου
1119 1471 1308 1548 φήμης
1340 1471 1428 1525 καὶ
1459 1471 1552 1526 τοὺ
1581 1470 1843 1544 ὀνόματος
1881 1488 1896 1504 ⁸

246 1559 561 1628 ἀκούουσιν,
623 1563 696 1624 ὡς
757 1558 851 1625 εἴη
897 1557 1093 1634 μεταξὺ
1147 1556 1276 1638 παρ’
1329 1556 1640 1638 Ἀϐαριχῶν
1672 1563 1689 1600 ι
1726 1581 1784 1616 τι
1813 1561 1902 1615 καὶ

241 1646 772 1725 ⁹Αριστοόουλιάδος.
871 1651 966 1707 Καὶ
1051 1647 1448 1728 παραλαϐόντες
1529 1649 1719 1712 εὐθέως
1809 1650 1902 1706 τὸν

239 1735 449 1812 παῖδα,
513 1741 645 1818 πρὸς
705 1741 866 1797 αὐτὸν
923 1737 1114 1814 ᾔεσαν.
1173 1737 1318 1797 Ἐπεὶ
1375 1737 1430 1794 δὲ
1485 1737 1752 1817 πόῤῥωθεν
1824 1739 1900 1794 ἔτι

1984 572 2282 644 daemone,
2315 569 2615 652 Enthymii
2647 591 2868 636 nomen
2898 573 3196 637 clamabat
3244 577 3408 640 clara
3439 597 3626 656 voce;

1983 679 2090 721 seu
2115 667 2310 740 potius
2352 679 2458 740 per
2483 679 2620 722 eum
2653 661 2949 725 clamabat
2979 684 3098 725 non
3125 666 3334 728 volens
3359 667 3629 747 quidem,

1984 751 2088 811 sed
2117 749 2491 830 tyrannidem
2515 768 2585 812 ex
2609 751 2864 813 adverso
2897 772 3106 833 passus
3128 755 3233 835 qui
3254 757 3629 835 tyrannidem

1986 839 2626 902 exercebat.Videntes
2647 859 2789 920 ergo
2810 841 2981 904 illum
3008 853 3286 923 parentes
3304 854 3365 907 et
3388 847 3636 927 propin-

1984 931 2087 1009 qui
2119 930 2207 990 sic
2235 947 2455 992 nomen
2490 929 2792 1010 Euthymii
2839 950 3082 1013 semper
3127 933 3334 1014 lingua
3362 935 3628 1012 volvere,

1984 1027 2426 1093 praesertimque
2453 1024 2684 1094 quando
2707 1027 3109 1085 exsecrandue
3131 1027 3232 1083 ille
3249 1027 3474 1086 daemon
3496 1044 3631 1087 eum

1983 1108 2296 1171 invaderet
2324 1109 2766 1184 vehementius,
2801 1117 3078 1190 quisnam
3104 1121 3264 1175 esset
3284 1114 3383 1175 hic
3401 1112 3630 1195 Euthy-

1986 1198 2522 1264 mius,oberrantes
2534 1198 3096 1282 sciscitabantur,et
3117 1203 3628 1282 quemadmodum

1983 1285 2058 1349 de
2089 1307 2158 1348 eo
2193 1289 2422 1365 aliquid
2483 1289 2807 1365 discerent,
2870 1291 3129 1353 maxime
3161 1301 3330 1354 erant
3360 1294 3627 1359 solliciti.

1982 1373 2252 1457 Cumque
2277 1377 2438 1438 circa
2457 1378 2618 1440 illius
2642 1379 3096 1458 inquisitionem
3126 1399 3448 1463 parumper
3470 1385 3630 1447 labo-

1983 1476 2218 1527 rassent
2264 1473 2445 1546 (totus
2495 1467 2656 1529 enim
2704 1469 2869 1529 orbis
2934 1479 3226 1533 terrarum
3261 1472 3474 1553 plenus
3505 1487 3630 1540 erat

1981 1556 2139 1616 tama
2161 1555 2323 1617 illius
2343 1574 2414 1618 ac
2429 1557 3137 1636 nomine),audiuntesse
3150 1561 3306 1623 inter
3324 1561 3632 1628 Parabari-

1981 1645 2132 1706 chos
2162 1655 2223 1706 et
2253 1645 2786 1709 Aristobuliadem.
2819 1647 3016 1728 Atque
3036 1650 3401 1730 accipientes
3427 1655 3626 1717 statim

1987 1734 2338 1817 puernm,ad
2366 1753 2500 1797 eum
2533 1737 2796 1798 iverunt.
2815 1734 2929 1800 Ubi
2955 1747 3158 1801 autem
3192 1743 3403 1820 procul
3433 1745 3629 1810 adhuc

239 1835 556 1907 προϊοῦσιν,
617 1826 839 1894 εὔδηλος
896 1826 1106 1892 ἐκεῖνος
1183 1837 1260 1901 τῷ
1337 1827 1599 1902 νεανίσκῳ
1670 1829 1890 1906 γίνεται,

1984 1825 2587 1906 procedentibus,il|e
2616 1826 2990 1888 adolescenti
3022 1829 3219 1891 evadit
3253 1833 3626 1910 manifestus,

243 1915 674 1992 προαισθόμενον
730 1918 913 1980 ὥσπερ
961 1921 1023 1974 τὸ
1073 1919 1307 1975 ἐνοικοῦν
1363 1918 1506 1991 αὒτῷ
1535 1924 1767 1996 πνεῦμα,
1797 1922 1894 1983 τῆς

240 2017 349 2065 τοῦ
431 2007 755 2072 ἐνοικοῦντος
841 2013 919 2081 τῷ
1002 2008 1244 2083 Εὔθυμίῳ
1306 2008 1504 2086 ἀγαθοῦ
1593 2008 1896 2082 Πνεύματος

242 2097 538 2177 ἐνεργείας,
587 2099 658 2159 είς
704 2099 876 2176 φυγὴν
936 2095 1154 2173 ἔϐλεψε,
1201 2099 1338 2154 κατὰ
1382 2099 1503 2159 τοὺς
1542 2096 1746 2159 δειλοὺς
1791 2102 1898 2153 τῶν

244 2187 557 2245 ἀντιπάλων
606 2189 692 2243 καὶ
748 2188 1012 2265 ἀγεννεῖς,
1075 2190 1130 2243 οἳ
1161 2185 1297 2262 μηδὲ
1330 2186 1648 2262 προσιόντας
1681 2187 1754 2243 ἔτι
1791 2188 1895 2260 μέ-

243 2298 404 2333 νουσι
451 2279 569 2343 τοὺς
639 2275 883 2347 ὁπλίτας,
947 2277 1084 2334 ἀλλὰ
1133 2279 1222 2334 καί
1279 2280 1380 2356 πρὸ
1436 2283 1533 2344 τῆς
1580 2275 1896 2351 συμπλοκῆς

245 2364 570 2430 ἒξίστανται.
658 2367 938 2444 Σπαράξαν
1012 2367 1098 2423 οὗν
1173 2367 1374 2444 ἀθρόως
1449 2370 1540 2424 τὸν
1597 2368 1892 2447 νεανίσκον,

246 2456 448 2534 ἀφανὲς
480 2454 686 2536 ᾤχετο.
734 2455 882 2513 Ἔδει
915 2457 1015 2535 γάρ
1057 2459 1120 2512 τὸ
1151 2459 1406 2534 πύνηρὸν,
1445 2457 1653 2533 πονηρὰ
1683 2454 1891 2534 δρᾶσαι,

241 2547 335 2601 καὶ
394 2547 627 2620 μανικὴν
712 2548 871 2603 αὒτου
949 2547 1044 2601 καὶ
1105 2544 1507 2624 τεταραγμένην
1565 2543 1734 2610 δεῖξαι
1793 2547 1892 2612 τὴν

254 2635 266 2653 ι
416 2635 429 2655 ι
678 2625 708 2658 '.
807 2633 847 2652 ν
983 2639 1005 2658 τι
1243 2635 1292 2655 'H
1387 2637 1414 2658 τ
1557 2635 1571 2656 r
1737 2637 1747 2648 -
1800 2633 1823 2650 ν

239 2656 628 2714 αναχωρησιν,
697 2645 770 2700 δὶς
802 2657 856 2690 οε
886 2639 1066 2692 ἓκεινο
1100 2635 1342 2692 ἒκποοων
1385 2659 1474 2715 ην,
1509 2657 1689 2714 νηφων
1734 2658 1760 2690 ο
1793 2657 1892 2688 αν-

238 2729 454 2804 Θρωπος
498 2726 582 2783 καὶ
643 2726 929 2803 σοφρωνῶν
990 2725 1173 2782 ἐθεᾶτο
1209 2743 1224 2756 ⁹
1289 2726 1468 2804 ἑτερου
1518 2723 1748 2801 μᾶλλον,
1799 2724 1894 2781 οὒκ

240 2814 450 2870 ἐκείνω
479 2813 657 2881 δηλῶν
690 2815 832 2870 εἶναι
891 2816 984 2883 τὴν
1039 2813 1409 2894 προλαϐοῦσα-ι
1459 2814 1627 2886 ζάλην
1684 2817 1770 2871 καὶ
1827 2816 1893 2871 τὰ

238 2904 389 2961 δεινᾶ
429 2905 663 2978 κύματα,

324 2992 465 3056 AA'.
504 2993 592 3050 Ἐν
623 2995 824 3073 βραχεῖ
855 2993 909 3050 δὲ
961 2998 1052 3052 τοῦ
1093 2996 1359 3070 Θαύματος
1415 2996 1508 3064 τὴν
1553 2994 1749 3069 ἔρημον
1783 2995 1889 3051 1:5-

237 3107 340 3140 σαν
400 3081 802 3160 περιλαϐόντος,
841 3088 1030 3165 συχνοὶ
1059 3087 1193 3162 πρὸς
1242 3085 1400 3141 αὗτὸν
1430 3084 1482 3150 ἐξ
1513 3087 1675 3151 αὖτῆς
1739 3085 1889 3162 Ἀρι-

236 3171 619 3234 στοϐουλιὰδος
690 3179 776 3229 καί⁵
833 3177 938 3230 τῶν
998 3173 1146 3253 πέριξ
1204 3177 1402 3248 κωμῶν
1463 3173 1756 3246 συνὸέουσι,
1803 3177 1890 3230 καὶ

237 3264 608 3340 μοναστήριον
667 3261 1032 3339 οἰκοδομουσιν
1076 3265 1236 3338 οὖτῷ³
1272 3265 1327 3319 ἐν
1376 3269 1422 3336 ᾦ
1448 3265 1534 3320 καὶ
1566 3263 1754 3321 πολλοὶ
1787 3269 1890 3319 τῶν

234 3349 480 3409 εὖλαόὡν
539 3351 752 3409 εἵλοντο
809 3354 1156 3431 παραμένειν,
1218 3361 1310 3410 τοῦ
1341 3360 1474 3409 Θεοῦ
1503 3351 1702 3408 ἄνωθεν
1762 3353 1887 3409 ἑπι-

235 3449 611 3522 χορηγοῦντος
646 3442 710 3498 τὰ
740 3445 867 3520 πρὸς
905 3443 1002 3510 τὴν
1031 3443 1218 3522 χρείαν
1249 3443 1340 3499 τοῦ
1372 3442 1648 3517 σώματος,

321 3521 453 3594 ΑΠ’,
488 3531 560 3589 05
603 3534 741 3605 μόνα
773 3531 826 3587 δὲ
860 3534 920 3588 τὰ
963 3521 1131 3599 νοητὰ
1177 3533 1354 3610 θηρία,
1389 3533 1455 3587 τὰ
1487 3532 1758 3605 πνεύματα
1790 3532 1888 3599 τῆς

237 3626 526 3699 πονηριας,
573 3623 733 3700 φημὶ,
781 3621 949 3686 οὕτως
1008 3623 1150 3694 αὖτῷ
1204 3623 1536 3678 ύποτέτακτο
1570 3637 1586 3653 '
1620 3619 1756 3677 ἄλλα
1799 3623 1887 3678 καὶ

234 3724 358 3772 τοῖς
418 3712 696 3777 αἰσθητοῖς
753 3711 984 3784 τούτοις,
1034 3709 1132 3766 ὅσα
1183 3732 1241 3766 τε
1295 3707 1619 3789 σαρκοϐόρα,
1664 3712 1751 3766 καὶ
1787 3709 1886 3767 ὅσα

235 3801 350 3857 τῶν
406 3797 632 3856 ἰοϐόλων
697 3802 816 3880 εἶσὶ,
878 3800 1436 3880 συναναστρεφόμενος
1509 3802 1694 3861 αὺτοῖς
1749 3801 1884 3856 κατὰ

236 3891 334 3953 τὰς
377 3890 611 3967 ἒρήμους
660 3892 747 3947 καὶ
797 3888 1054 3956 διηνεκῶς
1091 3890 1317 3963 ὁμιλῶν,
1353 3888 1602 3964 οοόδεμιαν
1632 3889 1758 3967 παρ’
1791 3892 1881 3946 οὖα

237 3976 389 4041 δενὸς
435 3977 724 4040 ἐπιϐουλὴν
778 3979 814 4047 ἢ
856 3977 1064 4056 βλάϐην
1096 3980 1327 4046 ὑπέστη.
1371 3980 1467 4036 Καὶ
1495 3979 1704 4041 τούτοις
1746 3979 1883 4035 ἀπι-

233 4069 427 4124 στείτω
455 4069 641 4144 μηδείς
677 4084 691 4098 ”
741 4066 891 4130 εἰδὼς
935 4067 1082 4134 ὅπως
1134 4067 1354 4147 ἄμαχόν
1379 4089 1430 4124 τι
1459 4073 1678 4147 χρῆμα,
1721 4069 1884 4123 Ilvati-

233 4179 407 4232 ματος
452 4165 544 4214 τοῦ
601 4160 801 4234 ὰγαΘου
858 4155 1102 4235 δυναμις,
1162 4159 1246 4212 καὶ
1301 4157 1471 4213 πάντα
1501 4155 1690 4234 ῥᾳδίως
1747 4161 1876 4214 Θαυ-

233 4268 439 4325 ματουρ
458 4260 562 4325 (εῖν
645 4245 936 4322 δυναμένη.
1022 4253 1290 4325 Μαρτυρεῖ
1347 4253 1423 4320 τῷ
1494 4245 1640 4324 λόγῳ
1706 4245 1880 4324 ῥάϐδῳ

228 4334 473 4393 θάλασσα
531 4335 860 4412 τεμνομένη,
907 4340 994 4392 καὶ
1041 4335 1367 4409 κελεύσματι
1419 4334 1570 4411 μόνῳ
1596 4337 1877 4412 ἱστάμενος

1984 1917 2160 1977 veluti
2193 1917 2586 1996 praesentiens
2615 1917 2719 1994 qui
2745 1917 3119 1981 inhabitabat
3144 1921 3397 2000 spiritus
3427 1924 3540 1985 vim
3573 1937 3632 1988 et

1981 2011 2384 2081 operationem
2407 2009 2544 2066 boni
2558 2009 2806 2080 Spiritus
2821 2012 2880 2068 in
2899 2011 3210 2084 Euthymio
3230 2015 3627 2086 inhabitantis,

1980 2093 2054 2155 ad
2087 2095 2285 2171 fugam
2317 2095 2580 2176 reSpexit
2606 2114 2623 2171 ;
2658 2113 2777 2158 non
2803 2115 2982 2159 secus
3013 2114 3083 2161 ac
3117 2099 3311 2162 timidi
3342 2111 3403 2163 et
3431 2102 3627 2182 ignavi

1981 2184 2208 2259 hostes,
2220 2185 2324 2266 qui
2344 2203 2541 2267 neque
2555 2185 2916 2249 accedentes
2932 2187 3129 2250 adhuc
3149 2199 3505 2270 exspectant
3524 2211 3627 2255 ar-

1983 2283 2172 2336 matos
2192 2273 2548 2349 inilites,sed
2580 2284 2719 2337 ante
2747 2277 3134 2338 commissam
3169 2298 3427 2358 pugnam
3458 2300 3630 2345 rece-

1981 2364 2108 2443 ptui
2129 2363 2498 2427 canunt.Ubi
2530 2381 2671 2443 ergo
2705 2364 3161 2428 adolescentem
3193 2379 3442 2448 repente
3472 2390 3622 2433 con-

1981 2453 2886 2534 torsisset,evanuit.Oportebat
2907 2457 3069 2516 enim
3092 2455 3312 2518 malum
3346 2460 3502 2524 mala
3529 2461 3622 2524 fa-

1976 2542 2604 2622 cere,discessumque
2615 2560 2792 2606 suum
2810 2543 3104 2605 furiosum
3129 2555 3185 2607 et
3204 2548 3622 2612 conturbatum

1976 2630 2653 2711 ostendere.l-’ostquam
2675 2641 2874 2694 autem
2900 2633 3000 2694 ille
3029 2634 3625 2714 recessisset,cerne-

1976 2719 2152 2782 batur
2183 2722 2364 2783 homo
2393 2722 2764 2802 compositus
2797 2731 2860 2786 et
2886 2741 3030 2786 sana
3081 2735 3323 2804 mente;
3374 2729 3625 2792 alterius

1978 2828 2220 2890 nempe,
2259 2831 2375 2872 non
2407 2810 2599 2892 ipsius
2629 2811 2978 2889 signiﬁcans
2996 2832 3128 2876 esse
3151 2833 3284 2878 eam
3307 2836 3440 2898 quae
3464 2838 3624 2899 prae-

1976 2911 2243 2962 cesserat
2275 2911 2694 2981 tempestatem
2726 2921 3090 2983 gravemque
3143 2903 3620 2974 ﬂuctuationem.

2057 2989 2570 3053 XXXI.Ceeterum
2589 2992 2752 3053 brevi
2778 2991 3130 3055 miraculum
3159 3003 3339 3056 totam
3365 3003 3626 3076 pervasit

1975 3080 2347 3138 solitudinem
2357 3093 2553 3153 ;atque
2569 3083 2639 3138 ad
2660 3099 2792 3140 eum
2816 3084 3146 3154 frequentes
3169 3101 3241 3142 ex
3264 3086 3387 3157 ipsa
3407 3091 3624 3148 Aristo-

1909 3224 1952 3273 υ
1976 3164 2513 3245 buliade,vicisque
2537 3167 3074 3230 circumstantibus
3094 3183 3554 3238 concurrunt.ac
3566 3177 3622 3238 ei

1976 3263 2392 3318 monasterium
2412 3259 2612 3331 (3&39)
2635 3261 3009 3328 aediﬁcantﬁn
3031 3278 3146 3334 quo
3170 3267 3343 3324 etiam
3359 3269 3439 3338 pii
3455 3269 3620 3328 multi

1972 3353 2316 3408 statuerunt
2347 3362 2726 3424 permanere,
2764 3348 2887 3409 Deo
2920 3346 3187 3430 desuper
3228 3369 3298 3413 ea
3325 3354 3618 3433 suppedi-

1975 3442 2135 3498 tante
2161 3453 2293 3514 quae
2315 3445 2484 3495 erant
2506 3435 2579 3496 ad
2605 3435 2878 3516 corporis
2911 3457 3083 3499 usum
3119 3443 3493 3505 necessaria.

2051 3522 2495 3603 XXXII.Neque
2511 3525 2704 3585 solum
2725 3524 2836 3586 sub
2853 3526 3310 3607 intelligentiam
3331 3533 3617 3596 cadentes

1970 3612 2407 3691 ferw,spiritus,
2439 3613 2708 3694 inquam,
2735 3616 3002 3692 maligni,
3027 3622 3108 3678 ita
3129 3618 3184 3678 ei
3202 3619 3614 3699 subjicieban-

1971 3710 2088 3774 tur;
2103 3705 2207 3764 sed
2231 3704 2409 3765 etiam
2429 3703 2490 3763 in
2515 3703 2942 3766 solitudinibus
2963 3725 3329 3772 conversans
3346 3711 3615 3773 assiduo~

1968 3792 2505 3872 queizongrediens
2546 3812 2682 3854 cum
2713 3793 3105 3855 sensibilibus
3136 3797 3303 3871 feris,
3330 3807 3446 3860 tam
3481 3821 3614 3880 quae

1968 3892 2108 3945 sunt
2129 3882 2458 3943 carnivorae
2477 3900 2661 3958 quam
2686 3901 2818 3962 quae
2850 3886 3382 3958 venenata2,nullas
3401 3887 3477 3949 ab
3503 3907 3611 3951 ea-

1965 3989 2098 4033 rum
2125 3971 2242 4033 ulla
2262 3989 2472 4052 passus
2494 3985 2589 4032 est
2614 3972 3128 4054 insidias,nullum
3151 3974 3462 4040 damnum.
3486 3977 3612 4040 Ne-

1965 4080 2081 4142 que
2105 4062 2199 4123 his
2217 4065 2533 4142 quisquam
2558 4062 2738 4123 ﬁdem
2789 4062 3072 4142 deneget,
3106 4063 3307 4127 sciens
3331 4086 3506 4147 quam
3537 4077 3614 4131 sit

1965 4170 2064 4213 res
2096 4149 2609 4232 inexpugnabilis,
2641 4150 2786 4213 boni
2807 4153 3066 4232 Spiritus
3089 4156 3298 4230 virtus,
3334 4175 3466 4237 quae
3498 4177 3608 4239 po-

1965 4249 2081 4304 test
2105 4241 2309 4303 omnia
2330 4241 2502 4303 facile
2525 4243 2709 4304 edere
2734 4241 3040 4304 miracula.
3068 4245 3178 4307 Cui
3206 4247 3476 4309 sermoni
3496 4247 3613 4312 fert

1965 4329 2377 4393 testimonium
2404 4349 2567 4393 mare
2590 4331 2756 4409 virga
2778 4331 3059 4410 scissum,
3094 4344 3153 4396 et
3178 4336 3269 4396 sol
3282 4337 3458 4415 jussu
3481 4338 3609 4401 solo

227 4425 388 4498 ἥλιος
446 4428 532 4482 καὶ
584 4431 682 4493 τῆς
744 4427 928 4504 πρόσω
985 4431 1148 4505 φορᾶς
1229 4426 1565 4503 εἰργόμενοεν
1629 4432 1732 4504 πῦρ
1805 4427 1878 4489 εἷς

1980 4419 2205 4494 sistens,
2239 4420 2702 4501 prohibitusque
2733 4421 2990 4484 ulterius
3013 4425 3319 4504 progredi,
3357 4427 3516 4506 ignis
3546 4429 3608 4489 in

222 4514 419 4595 δρόσον
475 4503 970 4595 μεταϐαλλόμενον,
1000 4503 1116 4570 καὶ
1166 4513 1304 4575 ἄλλα
1347 4517 1446 4572 ὃσα
1504 4523 1724 4573 τοιαῦτα
1769 4537 1876 4572 παι

1980 4527 2162 4571 .‘orem
2194 4522 2610 4585 conversus,et
2641 4511 2981 4574 consimilia
3010 4503 3126 4575 alia
3158 4503 3446 4579 miracula
3477 4536 3608 4597 qua:

227 4601 467 4686 ραδόξως
498 4605 1046 4684 τεθαυματούργηται.

320 4693 454 4753 AI".
517 4695 722 4752 Γίνεται
781 4693 835 4750 δὲ
879 4696 968 4753 καὶ
1019 4693 1152 4752 ἄλλο
1217 4693 1336 4750 κατ’
1384 4693 1548 4762 αύτὴν
1580 4691 1751 4764 δήπου
1780 4698 1880 4763 τὴν

224 4791 340 4843 τῶν
373 4789 564 4864 Ζηφῶν
625 4784 849 4863 ἔρημον,
897 4782 1041 4850 ἄξιον
1093 4789 1191 4851 τῆς
1242 4795 1335 4843 τοὺ
1362 4782 1649 4863 δράσαντος
1713 4785 1879 4841 Εὐθυ-

229 4876 361 4951 μίου
393 4875 480 4930 καὶ
536 4875 780 4952 γνώμης,
827 4875 914 4930 καὶ
970 4877 1068 4942 τῆς
1101 4875 1220 4953 περὶ
1260 4873 1362 4941 τὴν
1391 4871 1662 4932 εὐσέϐειαν
1721 4873 1879 4954 ἀκρι-

227 4962 404 5026 ϐείας.
457 4964 633 5042 εὑρὼν
687 4965 790 5042 γάρ
833 4985 981 5027 τινας
1039 4962 1094 5018 ἂν
1149 4967 1283 5038 αὐτῇ
1322 4963 1422 5032 τὴν
1470 4964 1564 5020 τοῦ
1610 4961 1879 5029 Μάνεντος

229 5063 521 5116 νοσοῦντας
565 5055 779 5129 μανίαν,
827 5061 916 5109 καί
957 5050 1165 5120 πολλὴν
1220 5051 1309 5108 ἀεὶ
1354 5055 1431 5126 τῷ
1480 5053 1747 5128 νοσήματι
1779 5054 1878 5121 τὴν

222 5142 465 5201 ἐπίδοσιν
544 5143 921 5220 ποιουμένους,
1007 5148 1085 5217 τῷ
1141 5139 1345 5218 μηδένα
1409 5141 1712 5221 προσίεσθαι
1785 5144 1878 5200 τὸν

1964 4607 2181 4680 praeter
2207 4599 2556 4680 opinionem
2590 4601 2741 4662 facta
2765 4611 2930 4664 sunt.
3599 4666 3603 4670 .

2044 4688 2404 4753 XXXlIl.Fit
2433 4701 2630 4752 autem
2654 4690 2817 4752 aliud
2837 4710 3076 4774 quoque
3099 4695 3158 4756 in
3181 4713 3251 4758 ea
3281 4695 3605 4777 Zipborum

1965 4779 2577 4861 solitudine,dignum
2601 4779 2905 4862 Euthymii
2933 4786 3194 4848 auctoris
3224 4795 3285 4848 et
3313 4796 3608 4869 mente,et

1964 4878 2174 4932 exacta
2195 4869 2588 4950 pietate.Nam
2606 4890 2742 4934 cum
2758 4873 3088 4937 invenisset
3109 4875 3170 4937 in
3194 4895 3264 4937 ea
3284 4879 3602 4958 quosdam,

1965 4959 2067 5041 qui
2096 4960 2347 5021 Manetis
2376 4958 3329 5046 laborabantinsania,morbique
3354 4969 3602 5031 multam

1961 5067 2205 5131 semper
2235 5049 2536 5112 faciebant
2560 5050 3078 5135 accessionem,eo
3108 5057 3266 5136 quod
3297 5056 3500 5119 nullus
3527 5058 3600 5118 ad

1962 5151 2229 5209 morbum
2247 5151 2572 5210 curandum
2598 5151 2844 5210 idoneus
2859 5155 3285 5220 accederet,ille
3297 5170 3362 5212 se
3383 5157 3601 5216 dedens

1479 5318 1482 5322 '
1542 5303 1800 5367 VARle
1843 5301 2279 5370 LECTIONES.

308 5401 324 5432 ⁸
347 5396 428 5462 ιι.
464 5405 740 5480 Βαριχῶν.
771 5395 885 5461 Int.
923 5395 1339 5478 Παραϐαριχῶν,

1451 5500 1661 5568 ιοΑΝ.
1709 5501 2088 5570 BOLLANDI
2129 5502 2376 5568 NOTAE.

306 5685 535 5769 (38-39)
557 5684 946 5760 Quaresmius
969 5693 1243 5765 testatur,
1267 5702 1452 5780 prope
1483 5682 1799 5766 speluncas
1828 5681 2058 5773 aedilicii
2093 5683 2476 5746 fundamenta
2505 5681 2699 5780 adhuc
2730 5694 2959 5750 exstare
2991 5695 3050 5750 et
3079 5688 3419 5754 cisternam.
