4072 6206
476 331 590 397 631

1778 329 2060 394 MENSIS
2101 327 2554 394 JANUABJUS.

3720 325 3822 392 632

479 487 671 547 mero,
695 467 768 532 ad
798 469 1127 532 Jordanem
1159 488 1193 532 a
1220 477 1428 532 sancta
1448 466 1684 530 civitate
1714 465 2114 537 descendens,

2222 463 2365 533 ῖάνην
2395 465 2502 522 ἀπὸ
2548 464 2647 533 τῆς
2699 466 2854 543 ἁγίας
2901 463 3112 528 πόλεως
3157 470 3468 543 κατιοῦσαν,
3500 460 3730 520 ἆκκλῐναί
3774 484 3826 518 τε

480 561 723 624 dextera
743 559 818 622 de
840 560 1058 622 itinere
1079 557 1697 638 declinaret,perinde
1726 575 1796 618 ac
1812 557 2012 637 aliquo
2040 555 2129 616 eis

479 652 634 713 viam
658 656 988 730 praeeunte,
1013 655 1069 710 et
1089 646 1162 709 ad
1188 647 1415 710 lauram
1440 647 1599 710 illam
1625 645 1982 727 accederet;
2017 645 2129 707 hoc

484 741 763 812 etiam,ut
782 736 1065 812 arbitror,
1097 735 1402 818 sapienter
1422 736 1784 814 disponente
1801 736 2121 798 Providen-

481 836 710 909 tla,quo
729 845 941 908 magna
964 827 1150 908 patris
1165 827 1355 889 virtus
1372 827 1570 890 adhuc
1589 827 1810 890 clarior
1825 826 2126 889 evaderet.

482 917 644 992 Quos
665 917 876 980 videns
908 916 1280 997 magnusille
1311 936 1383 980 eo
1414 917 1531 981 luci
1565 917 1900 992 divertisse,
1921 924 1984 977 ut
2011 934 2076 977 se
2097 935 2131 977 a

479 1006 685 1070 labore
707 1005 940 1070 itineris
961 1007 1395 1089 aliquantisper
1417 1016 1790 1081 recrearent,
1817 1019 1987 1069 vocat
2008 1006 2128 1069 Do-

479 1097 817 1173 mitianum,
839 1097 936 1159 cui
973 1098 1362 1160 commiserat
1393 1098 1576 1160 laurze
1597 1116 1799 1160 rerum
1821 1097 2130 1180 dispensa-

479 1188 731 1261 tionem,
765 1195 948 1269 atque
963 1188 1140 1269 jubet
1160 1195 1223 1250 ut
1252 1189 1340 1251 eis
1371 1208 1635 1251 mensam
1665 1196 1944 1270 apponat.
1979 1187 2124 1251 Cum

478 1278 530 1340 is
551 1283 753 1340 autem
779 1276 1072 1358 objiceret
1093 1287 1512 1358 egestatem,et
1535 1278 1946 1359 respondisset
1961 1295 2027 1339 se
2052 1296 2128 1338 ne

478 1367 658 1429 unius
684 1366 925 1448 quidem
951 1366 1070 1429 diei
1089 1367 1337 1429 fratrum
1369 1367 1595 1430 habere
1624 1367 1998 1434 alimentum,
2025 1365 2128 1427 ille

483 1476 554 1520 eo
576 1457 765 1519 fretus
789 1456 890 1537 qui
912 1455 1105 1518 vidua:
1125 1457 1432 1538 copiosum
1457 1457 1668 1520 effudit
1694 1457 2127 1519 nutrimentum

482 1553 731 1628 prepter
758 1544 1183 1608 abundantiam
1229 1546 1403 1609 bona:
1429 1549 1556 1628 ejus
1579 1546 1896 1610 voluntatis
1925 1548 1956 1596 δ
1987 1565 2132 1628 pra“:-

481 1635 624 1716 cipit
656 1635 996 1698 Domitiano
1020 1636 1110 1698 ire
1140 1637 1214 1699 ad
1247 1638 1582 1717 panarium.
1615 1636 1920 1715 Intelliges
1942 1636 2126 1710 enim,

2210 560 2310 623 τῆς
2359 554 2481 614 ὁδοῦ
2537 553 2704 630 δοξιᾷ,
2763 556 3000 635 καθάπερ
3055 556 3196 620 τινὸς
3252 557 3444 618 αὺτοῖς
3487 558 3584 620 τῆς
3635 553 3825 632 πορείας

2211 645 2638 724 προηγουμένου,
2682 647 2772 703 καὶ
2813 647 2885 712 εἰς
2940 646 3041 713 τὴν
3091 644 3292 723 λαύραν
3351 641 3558 710 ἐκείνην
3611 663 3826 720 παραγε-

2212 736 2411 794 νέσθαι·
2467 741 2568 803 τῆς
2599 738 2852 816 Προνοίας
2903 736 3183 812 οἶμαικαὶ
3232 741 3392 791 τοῦτο
3422 739 3599 812 σοφῶς
3640 734 3828 791 οἰκονο-

2215 826 2442 901 μούσης,
2503 826 2642 884 ὥστε
2721 826 2818 895 τήν
2889 824 3136 903 μεγάλην
3205 832 3302 882 τοῦ
3377 825 3582 902 Πατρὸς
3635 822 3828 901 ἀρετὴν,

2213 914 2586 996 λαμπροτέραν
2645 915 2723 973 ἔτι
2755 920 3110 984 καταστῆναι,
3166 924 3268 980 Οὓς
3299 911 3426 971 ἰδὼν
3471 916 3499 970 ὁ
3527 911 3690 987 μέγας
3733 912 3833 968 ἐκεῖ

2214 1004 2639 1080 καταλύσαντας,
2685 1005 2824 1063 ὥστε
2854 1005 2947 1062 τὸν
2976 1004 3039 1062 ἆκ
3094 1004 3188 1072 τῆς
3217 1001 3342 1061 ὁδοῦ
3389 1003 3559 1062 κόπον
3588 1001 3753 1080 βραχύ
3790 1022 3832 1056 τι

2213 1092 2588 1176 διαναπαῦσαι,
2647 1095 2808 1152 καλεῖ
2869 1096 3216 1170 Δομετιανὸν,
3269 1095 3581 1169 οἰκονομεῖν
3635 1091 3700 1148 τὰ
3745 1094 3830 1156 τῆς

2210 1184 2406 1264 λαύρας
2461 1185 2552 1242 ὑπ’
2611 1185 2771 1243 αύτοῦ
2827 1183 3365 1265 προκεχειρισμένον,
3399 1184 3489 1240 καὶ
3540 1184 3830 1260 παραθεῖναι

2208 1275 2416 1338 τούτοις
2447 1275 2709 1352 τράπεζαν
2758 1275 3102 1354 ἐπαγγέλγει,
3170 1283 3272 1334 Τοῦ
3303 1272 3361 1330 δὲ
3418 1269 3833 1351 προϐαλλομένου

2209 1365 2308 1433 τήν
2356 1363 2580 1445 ἔνδειαν,
2627 1365 2714 1422 καὶ
2771 1367 2846 1430 ὡς
2902 1362 3019 1424 οὐδὲ
3076 1365 3177 1432 τὴν
3244 1363 3519 1444 ἐφήμερον
3575 1361 3692 1440 ἔχοι
3742 1358 3835 1416 τῶν

2211 1453 2452 1534 ἀδελφῶν
2507 1457 2705 1533 τρογὴν
2775 1452 3216 1534 ἀποκριναγένου,
3261 1451 3470 1533 θαῤῥῶν
3526 1451 3722 1512 ἰκεῖνος
3770 1453 3837 1521 τῷ

2211 1545 2299 1603 καὶ
2355 1546 2505 1625 χήρᾳ
2557 1545 2761 1624 τροφὴν
2816 1543 3073 1604 πλουσίαν
3129 1542 3196 1600 δι’
3248 1541 3503 1624 ἀφθονίαν
3557 1539 3836 1617 πηγάσαντι

2213 1635 2602 1715 προαιρέσεως,
2648 1638 2968 1712 πορευθῆναι
3027 1633 3171 1712 παρᾶ
3227 1633 3288 1690 τὸ
3361 1632 3773 1712 ἄρτοφυλακεῖον
3797 1641 3837 1670 ω

480 1725 698 1806 inquit,
735 1724 879 1805 quid
929 1725 1045 1787 sibi
1075 1725 1322 1807 quidem
1356 1727 1542 1790 velint
1595 1727 1873 1790 humanae
1901 1726 2130 1804 cogita-

2222 1723 2520 1782 ἐντέλλεται
2568 1725 2900 1801 Δομετιανῷ.
2938 1721 3078 1800 Εἴσῃ
3123 1723 3224 1802 γὰρ
3255 1721 3382 1800 ἕγη,
3415 1721 3469 1778 τί
3523 1721 3620 1796 μὲν
3649 1718 3834 1795 ἀνθρώο

482 1815 704 1895 tiones,
735 1814 877 1897 quid
923 1833 1064 1878 vero
1098 1816 1296 1879 divina
1327 1817 1510 1898 possit
1563 1819 1754 1897 gratia
1785 1817 2130 1898 opinionem

483 1905 836 1986 dispensare
866 1924 936 1967 ac
967 1905 1308 1984 providere.

561 1997 975 2061 XLIV.Etille
998 1999 1220 2059 cedens
1243 1999 1469 2074 statim,
1496 2007 1555 2060 et
1573 1997 1895 2072 accedens,
1923 1999 1982 2078 (ο
2007 1999 2136 2060 ine-

484 2086 806 2152 narrabilia
831 2094 951 2162 tua,
985 2087 1244 2163 Christe,
1281 2086 1640 2169 miracula!)
1675 2091 1906 2150 invenit
1933 2089 2132 2150 divina

485 2177 739 2261 quadam
772 2186 834 2240 et
879 2177 1149 2258 sapiente
1203 2178 1602 2256 providentia,
1639 2177 1826 2240 aedem
1878 2180 2132 2259 panibus

2214 1838 2365 1873 πινοι
2416 1814 2699 1892 βούλοκται
2757 1812 3034 1892 λογισμοὶ,
3084 1813 3136 1870 τί
3179 1811 3234 1869 δὲ
3284 1813 3400 1870 θεία
3444 1809 3656 1868 δύναται
3695 1807 3836 1887 χάρις

2215 1903 2524 1973 παραδόξως
2555 1907 2890 1979 οἰκονομεῖν.

2299 1994 2436 2053 MA'.
2489 1997 2586 2052 Καὶ
2625 1995 2687 2058 ὃς
2719 1992 2868 2060 εἴξας
2925 1995 3071 2057 εὐθὺς
3105 1994 3195 2050 καί
3244 1993 3700 2072 παραγενόμενος
3745 1989 3836 2044 τῶν

2216 2082 2618 2162 ἀνεκδιηγήτων
2679 2106 2795 2163 σου,
2840 2084 3055 2164 Χριστὲ,
3105 2083 3440 2157 Θαυμασίων,
3476 2081 3693 2158 εὑρίσκει
3741 2078 3839 2149 θείᾳ

2216 2177 2316 2233 τινὶ
2359 2177 2448 2232 καὶ
2498 2181 2638 2254 σοφῇ
2698 2174 2916 2253 προνοίᾳ
2951 2174 3052 2241 τὴν
3091 2174 3260 2230 οἰκίαν
3302 2171 3477 2234 οὕτως
3532 2167 3698 2245 ἄρτων
3747 2187 3838 2242 με·

485 2257 636 2331 adeo
657 2257 992 2348 plenam,ut
1014 2286 1090 2330 ne
1113 2267 1290 2330 facile
1307 2268 1549 2349 quidem
1575 2277 1732 2330 esset
1752 2257 1960 2349 parum
1983 2287 2130 2350 ape-

2222 2266 2374 2339 στην,
2411 2267 2483 2330 ὡς
2541 2261 2680 2340 μηδὲ
2713 2265 2813 2331 τὴν
2853 2266 3015 2340 θύραν
3063 2263 3254 2340 μικρόν
3312 2283 3365 2320 τι
3397 2258 3707 2340 παρανοῖξαι

486 2359 608 2420 rire
638 2345 878 2432 ostium,
906 2345 1274 2438 prohibitum
1309 2345 1528 2438 nempe
1561 2345 1942 2420 multitudine
1976 2345 2133 2421 intus

2222 2354 2328 2412 διον
2388 2354 2471 2428 ὅν,
2505 2361 2582 2428 τῷ
2625 2353 2819 2424 πλήθει
2849 2358 2957 2409 τῶν
3013 2350 3156 2410 ἔνδον
3213 2352 3621 2431 ἀνειργομὲνην.
3681 2345 3837 2405 Καλέ-

489 2450 846 2532 positorum.
875 2448 1117 2510 Vocatis
1146 2466 1289 2527 ergo
1319 2448 1452 2509 aliis
1489 2447 1791 2528 fratribus,
1825 2457 1884 2510 et
1928 2467 2133 2510 eorum

2222 2468 2315 2510 σας
2359 2445 2531 2502 τοίνυν
2562 2445 2650 2500 καὶ
2701 2442 2900 2506 ἅλλους
2957 2448 3065 2499 τῶν
3123 2439 3393 2520 ἀδελφῶν,
3451 2441 3540 2496 καὶ
3569 2439 3664 2505 τὴν
3702 2439 3838 2512 θυραν

489 2527 674 2619 opera
702 2554 907 2598 everso
931 2537 1109 2612 ostio,
1129 2537 1288 2600 videt
1311 2556 1378 2600 ea
1409 2556 1542 2619 quae
1560 2545 1732 2600 erant
1752 2537 1931 2611 intus,
1955 2541 2133 2600 innu-

2222 2536 2312 2591 σὺν
2370 2537 2552 2597 αὺτοῖς
2606 2532 2926 2611 ἀνατρέψας,
2981 2531 3078 2611 ὁρᾷ
3131 2531 3199 2588 τὰ
3255 2528 3428 2604 ἔνδον,
3479 2527 3764 2619 ἀμύθητόν-
3792 2545 3834 2619 τι

488 2611 837 2690 merebilem
869 2611 1556 2707 panummultitudinem
1594 2647 1609 2705 ;
1641 2627 1714 2690 ad
1743 2628 1871 2690 haec
1895 2629 2133 2704 vini,in-

2222 2623 2419 2694 πλῆθος
2476 2622 2670 2701 ἄρτων·
2732 2621 2884 2680 οἴνου
2941 2645 3024 2694 τε,
3075 2626 3236 2702 φημὶ,
3282 2623 3376 2678 καὶ
3428 2619 3596 2677 ἐλαίοι
3651 2611 3835 2679 πολλτὶν

488 2724 761 2798 quam,et
780 2706 896 2777 olei
921 2715 1227 2796 ingentem
1254 2719 1510 2799 cupiam,
1535 2725 1712 2799 atque
1734 2719 1977 2781 omnino
1997 2738 2133 2781 con-

2222 2715 2488 2794 ἂφθονίαν,
2523 2715 2612 2770 καὶ
2668 2711 2935 2791 ἀνάλογον
2974 2718 3044 2790 τῇ
3100 2713 3222 2789 περὶ
3273 2713 3340 2768 τὸ
3397 2707 3592 2768 διδόναι
3647 2706 3832 2765 πάντως

489 2807 828 2869 venientem
853 2805 1152 2887 Euthymii
1177 2809 1234 2869 in
1263 2807 1460 2868 dando
1493 2808 1969 2888 magniﬁcentiae.

547 2895 859 2959 XLVHaec
881 2905 943 2958 ut
961 2896 1105 2958 vidit
1125 2895 1521 2974 Domitianus,
1543 2898 1759 2961 divinze
1779 2899 1983 2978 gratias
2002 2918 2140 2978 ope-

490 2986 782 3048 rationem
811 2985 1176 3065 intelligens,
1207 2986 1474 3066 procedit
1497 2988 1568 3050 ad
1596 2987 1776 3068 pedes
1807 2990 2135 3068 magni,ve-

499 3163 872 3246 poenitentia.
906 3165 1012 3227 Ille
1034 3183 1172 3226 vero
1194 3184 1326 3227 cum
1363 3165 1700 3229 Domitiano
1730 3166 2048 3247 benignam
2083 3178 2144 3230 et

499 3262 763 3317 mentem
783 3263 839 3316 et
858 3273 1098 3316 manum
1116 3257 1814 3337 porrexissetjpsumque
1827 3259 2138 3335 elevasset,

499 3363 531 3406 ο
551 3344 996 3424 ﬁli,inquit,qui
1018 3344 1283 3406 seminat
1305 3345 1366 3406 in
1390 3344 1932 3424 benedictionibus,
1959 3349 2023 3410 in
2049 3348 2142 3411 bc-

498 3434 942 3498 nedictionibus
990 3435 1323 3497 etmech.
1385 3434 1495 3506 Qui
1527 3453 1665 3516 ergo
1717 3437 2145 3500 accedentibus

496 3541 816 3585 commune
847 3532 1068 3586 tectum
1119 3523 1387 3605 praebent
1422 3533 1480 3586 et
1509 3525 1617 3600 sal,
1657 3526 1999 3589 nescientes
2027 3527 2142 3590 sibi

498 3615 700 3693 potius
729 3622 1077 3694 comparant
1107 3614 1412 3696 copiosam
1437 3616 2002 3696 suppeditationem,
2032 3637 2144 3680 nec

497 3711 725 3764 tantum
757 3702 900 3766 dant
927 3711 1213 3785 quantum
1257 3703 1581 3784 accipiunt.
1615 3706 1784 3778 Quod
1835 3707 2076 3788 quidem
2109 3727 2144 3768 a

496 3793 664 3855 vobis
693 3812 932 3876 quoque
964 3793 1322 3857 servandum
1350 3802 1462 3870 est,
1496 3794 1737 3869 fratres,
1759 3796 1810 3857 si
1844 3795 1966 3858 Deo
1999 3796 2143 3860 estis

2221 2804 2478 2879 Εὖθυμίου
2505 2802 2782 2884 φιλοτιμίᾳ
2796 2847 2812 2863 .

2301 2893 2444 2956 ME'.
2490 2903 2665 2953 Ταῦτα
2699 2894 3022 2968 Δομενιανὸς
3073 2892 3228 2965 ἰδὼν,
3265 2895 3355 2950 καὶ
3395 2895 3499 2961 τῆς
3526 2889 3662 2952 θείας
3689 2885 3834 2966 χάρι-

2219 3007 2310 3048 τος
2357 2982 2640 3048 συμϐαλὼν
2669 2984 2767 3048 τὴν
2824 2983 3114 3048 ἐνέργειαν.
3147 2985 3332 3041 πίπτει
3392 2984 3524 3048 πρὸς
3578 2991 3690 3040 τοῖς
3731 2975 3834 3032 πουὶ

493 3005 782 3048 rationem
811 3005 1176 3065 intelligens,
1207 3005 1474 3066 procedit
1497 3005 1568 3050 au
1596 3005 1776 3068 peaes
1807 3007 2135 3068 magm,ve-
2180 3049 2195 3067 ,
2219 3007 2310 3050 τος
2357 3005 2640 3060 copone»:
2669 3005 2767 3052 την
2824 3005 3114 3063 ενεργειαν,
3147 3005 3332 3041 πιπτει
3392 3005 3465 3062 πρ

493 3075 652 3138 niam
674 3074 1254 3156 petiit,etparcitatis
1269 3076 1481 3138 sordes
1497 3077 1839 3140 vehementi
1862 3051 2196 3159 rependit“
2221 3083 2314 3133 τοῦ
2383 3073 2645 3152 μεγάλου,
2707 3079 3031 3151 συγγνὸμην
3099 3075 3283 3148 αἰτῶν,
3363 3074 3453 3132 καὶ

2221 3083 2314 3133 τοῦ
2383 3073 2645 3152 μεγάλου,
2707 3079 3031 3151 ωγγνὸμην
3099 3075 3283 3148 αἰτῶν,
3363 3074 3453 3132 καὶ
3522 3065 3834 3148 μικρολογίας

2223 3162 2514 3228 ἀντιδιδοὺς
2587 3165 2873 3238 μετανοίας
2930 3166 3258 3243 θερμότητα.
3335 3163 3598 3227 Κάκεῖνος
3662 3157 3834 3243 εὔμενῆ

2222 3277 2280 3311 τε
2350 3255 2661 3330 Δομετιᾶνῷ
2702 3254 2791 3310 καὶ
2825 3241 3074 3334 Αγφνώμην
3131 3256 3225 3312 καί
3289 3267 3458 3333 χεῖρα
3515 3249 3709 3330 ὀρέξας,
3761 3241 3834 3334 κί’

2226 3347 2379 3403 αὐτὸν
2436 3344 2763 3418 ἀναστήσας,
2823 3331 2886 3398 Ὦ
2943 3343 3150 3416 τέκνον,
3209 3331 3335 3425 ἔφή,
3400 3344 3429 3400 δ
3500 3341 3718 3416 σπείρων
3766 3333 3837 3425 ἰπὶ

2226 3435 2514 3514 εὖλογίαις,
2548 3432 2636 3489 ἐπ’
2700 3433 2964 3512 εὐλογίαις
2995 3434 3081 3490 καὶ
3122 3423 3337 3514 θερίσει.
3395 3435 3456 3493 Οἱ
3501 3440 3622 3510 γοῦν
3677 3423 3834 3488 κοινὴν

2225 3538 2346 3589 τοῖς
2404 3530 2650 3602 παριοῦσι
2679 3523 2778 3589 τήν
2820 3524 3019 3602 στέγην
3057 3524 3146 3580 καὶ
3193 3523 3315 3587 τοὺς
3344 3523 3483 3586 ἅλας
3537 3519 3833 3602 ποιούμενοι,

2226 3615 2537 3672 λανθάνουσι
2582 3611 2782 3689 δαψιλῆ
2827 3611 3034 3687 μᾶλλον
3081 3613 3293 3677 ἑαυτοῖς
3337 3616 3726 3692 περιποιοῦντες
3754 3601 3835 3666 τὴν

2226 3705 2518 3784 χορηγίαν,
2550 3703 2638 3759 καὶ
2693 3703 2773 3777 μὴ
2816 3711 3066 3762 τοσοῦτον
3114 3699 3343 3768 διδόντες
3375 3702 3502 3760 ὅσον
3556 3695 3832 3772 λαμϐάνων

2225 3817 2331 3857 σιν,
2393 3793 2564 3870 ’Ὅπερ
2595 3790 2808 3870 ἀδελφοὶ
2864 3791 2952 3848 καὶ
2979 3792 3109 3868 ὑμῖν
3162 3791 3481 3865 φυλακτέον,
3529 3792 3572 3847 εἷ
3615 3785 3834 3863 μέλλοιτε

499 3884 916 3966 gratiﬁcaturi,
974 3897 1032 3947 et
1090 3883 1348 3966 plurima
1406 3902 1608 3947 rerum
1661 3887 2133 3949 necessariarum

2226 3886 2315 3942 καὶ
2365 3889 2480 3957 Θεῷ
2509 3884 2841 3962 χαρίζεσθαι,
2873 3882 2960 3938 καὶ
3017 3879 3196 3959 πολλῇ
3225 3882 3456 3940 πάντοτε
3478 3896 3506 3927 ιι
3559 3878 3722 3954 κομᾷν
3745 3876 3835 3966 τῶν

500 3963 978 4056 suppeditatione
1001 3963 1634 4054 semperabundaturi.
1665 3973 1819 4038 Hinc
1849 3977 2133 4041 bonorum

2227 3977 2526 4052 ἀναγκαίων
2597 3974 2664 4048 τῇ
2735 3973 2991 4052 χορηρίᾳ,
3062 3970 3331 4030 Ἐντεὺθεν
3404 3973 3609 4051 ἀγαθῶν
3665 3963 3831 4040 σωρὸς,

500 4080 774 4138 acervus,
794 4074 860 4126 ut
890 4063 1075 4136 aiunt,
1098 4063 1609 4146 constitit,resque
1632 4064 1814 4127 laurae
1834 4077 2133 4149 coeperunt

2227 4065 2288 4122 τὸ
2319 4064 2411 4122 τοῖ’)
2464 4062 2646 4140 λόγου,
2681 4061 2931 4135 συνέστη,
2965 4063 3053 4118 καὶ
3106 4063 3172 4119 τὰ
3228 4067 3327 4129 τῆς
3379 4061 3571 4140 λαύρας
3623 4057 3834 4149 εύθηνεῑδ

503 4153 702 4232 vigere
749 4171 819 4214 ac
861 4152 1238 4214 exuberare:
1297 4142 1534 4232 quando
1591 4153 1834 4234 quidem
1896 4142 2133 4218 fratrum

2226 4153 2430 4233 ἤρχετο
2486 4173 2574 4208 και
2607 4152 2680 4214 εἷς
2737 4149 2939 4218 πλῆθος
2971 4148 3284 4208 ἐπιδιδόναιο
3343 4151 3434 4209 ὅτε
3485 4151 3590 4208 τῶν
3624 4142 3834 4234 ἁδελφῷν

506 4229 793 4304 numerus
820 4241 893 4304 ad
928 4229 1356 4322 quinquaginta
1401 4229 1697 4322 pervenit,
1729 4253 1789 4305 et
1821 4247 2133 4326 unicuique

2229 4241 2472 4320 ἀριθμὸς,
2535 4242 2608 4303 εἰς
2669 4240 3003 4308 πεντήκοντα
3053 4239 3333 4322 περιέστη,
3402 4242 3607 4312 ἑκάστῳ
3656 4255 3708 4291 τε
3753 4229 3835 4286 αὖε

507 4349 711 4393 eorum
745 4329 896 4394 cella
925 4319 1033 4392 fuit
1064 4319 1356 4393 aedificata
1391 4319 1416 4408 ;“
1439 4340 1619 4412 atque
1653 4349 1822 4394 sacra
1871 4319 2133 4414 mysteria

2231 4337 2336 4390 τῶν
2382 4319 2592 4386 κελλίον
2648 4327 2993 4405 ᾠκοδομήθη·
3055 4332 3144 4386 καὶ
3201 4331 3268 4388 τὰ
3453 4335 3594 4411 ἱερᾶς
3634 4319 3832 4383 iudexi-

506 4420 775 4505 quotidie
805 4419 1268 4502 peragebantur.

2233 4443 2365 4488 στην
2409 4418 2650 4477 ἐτελεῖτο
2679 4419 3083 4498 μυσταγωγίας.

585 4499 1020 4574 ΧΙΝΙ.Ῥοι·ιό
1052 4509 1101 4569 is
1130 4515 1224 4571 cui
1258 4509 1487 4572 credita
1515 4511 1706 4574 fuerat
1758 4509 2133 4591 dispensatio

2313 4509 2466 4586 mg".
2525 4508 2752 4568 Ἐννοῶν
2805 4506 2861 4564 δὲ
2919 4511 2948 4566 ὁ
2991 4512 3093 4577 τὴν
3143 4512 3453 4588 οἰκονομίαν
3495 4499 3832 4591 ἐγχειρισρξῖξν

509 4602 649 4664 dum
671 4598 992 4681 cogitat,ad
1012 4605 1236 4660 tantum
1264 4599 1511 4661 fratrum
1534 4587 1974 4664 multitudinem
2003 4603 2133 4664 mul'

2233 4602 2315 4658 ὅτι
2373 4601 2503 4679 πρὸς
2560 4597 2698 4656 οὕτω
2755 4597 2893 4656 πολὺ
2933 4601 3040 4655 τῶν
3095 4587 3335 4682 ἀδελφῶν
3392 4587 3610 4672 πλῆθος,
3656 4587 3834 4682 πολλῆμς

514 4702 572 4755 ιο
603 4678 783 4755 etiam
809 4689 924 4752 sibi
957 4708 1106 4769 opus
1136 4688 1264 4752 fore
1296 4688 1651 4771 ministerio,
1687 4689 1882 4753 mulos
1909 4710 2133 4772 quoque

2234 4695 2377 4764 αὐτῷ
2419 4678 2519 4745 καὶ
2561 4689 2849 4764 ὑπηρεσίας
2905 4685 3106 4765 δεήσει,
3138 4678 3541 4769 προσεκτήσατο
3581 4692 3644 4760 τῇ
3671 4678 3831 4772 λαῷ,

515 4783 736 4866 paravit
764 4781 1105 4844 lauraa.Erat
1129 4787 1325 4842 autem
1349 4779 1590 4862 quidam
1611 4769 1671 4842 in
1694 4799 1764 4843 ea
1782 4769 2036 4844 Asianus
2054 4769 2133 4862 ge

2233 4781 2322 4838 καὶ
2365 4780 2645 4855 ἡμιόνους.
2676 4773 2774 4835 Ἦν
2831 4776 2885 4835 δέ
2913 4799 2995 4842 τις
3026 4778 3080 4834 ἓν
3114 4779 3250 4856 αύτῇ
3305 4782 3369 4838 τὸ
3395 4781 3545 4860 γένος
3594 4769 3831 4868 Ἀσιανὸς,

512 4865 934 4947 nere,nomine
956 4869 1407 4946 Auxentius.qui
1423 4877 1550 4934 erat
1567 4880 1738 4953 aptus
1759 4873 1830 4933 ad
1857 4872 2133 4934 mulorun

2234 4871 2334 4938 τὴν
2385 4867 2580 4936 κλῆσιν
2638 4866 2930 4939 Αὐξέντιος,
2991 4865 3304 4936 ἐπιτηδείως
3377 4871 3522 4951 ἔχων
3569 4865 3692 4945 πρὸς
3750 4865 3834 4957 τῆξ

515 4961 942 5026 ministerium.
968 4959 1024 5022 Is
1054 4978 1194 5039 ergo
1217 4959 1291 5022 ab
1322 4958 1436 5022 hoc
1467 4951 1775 5022 (economo
1805 4972 2068 5040 rogatus,
2093 4982 2127 5023 u

2235 4966 2343 5017 τῶν
2383 4959 2627 5034 ἡμιόνων
2685 4955 2975 5020 διακονίαν.
3039 4957 3205 5020 Οὗτος
3237 4959 3388 5020 οὗτος
3447 4959 3545 5018 ὑπὸ
3572 4951 3706 5012 τοῦδε
3756 4951 3832 5000 τοῦ

511 5053 674 5117 illam
709 5050 913 5114 subire
952 5035 1532 5113 administrationem
1578 5035 1915 5132 differebat,
1950 5059 2009 5113 et
2036 5035 2133 5112 nor

2237 5048 2519 5124 οἰκονόμου
2587 5046 3085 5124 παρακαλούμενος,
3155 5047 3294 5107 ὥστε
3364 5049 3462 5118 τὴν
3539 5035 3832 5116 λειτουργίαν

513 5141 850 5206 obediebat.
886 5139 1001 5204 Sed
1025 5158 1160 5202 cum
1181 5158 1280 5202 res
1307 5149 1468 5203 esset
1489 5139 1560 5202 ad
1585 5158 1753 5202 usum
1789 5142 2129 5204 necessaria

2236 5139 2485 5198 ὑπελθεῖν
2573 5137 2769 5204 ταύτην
2797 5183 2815 5213 ,
2874 5134 3197 5197 ἀνεϐάλλετο
3272 5141 3356 5197 καὶ
3426 5141 3528 5220 οὐχ
3581 5132 3831 5200 δπήκδυίνο

513 5238 790 5295 Joannem
815 5241 867 5291 et
891 5233 1190 5306 Cyrionem
1241 5233 1606 5306 presbyteros
1638 5247 1834 5290 secum
1865 5233 2133 5305 accipien:

2238 5227 2558 5306 Ἀναγκαίου
2615 5223 2667 5282 δὲ
2701 5228 2793 5282 καί
2853 5227 3125 5306 χρησίμου
3176 5235 3269 5286 τοῦ
3324 5230 3628 5308 πράγματος
3680 5219 3827 5308 δνξοξν

513 5339 886 5396 oeconomus,
921 5305 1140 5383 iterum
1194 5337 1326 5380 cum
1374 5305 1447 5381 iis
1477 5317 1721 5398 rogabat
1771 5319 2127 5381 Auxentium

2241 5315 2570 5420 παραλαϐὼν
2621 5317 2710 5373 καὶ
2764 5305 3019 5385 Ἰωάννην
3079 5318 3192 5395 μεθ’
3260 5305 3457 5378 ἑαυτου
3495 5317 3576 5375 καὶ
3631 5305 3832 5386 Κυρίωνα

595 5449 629 5500 5
669 5444 744 5510 Ill
777 5443 923 5525 Reg.
954 5459 1103 5519 xvn,
1137 5442 1196 5505 3.
1281 5441 1312 5492 4
1338 5439 1392 5504 ΙΙ
1422 5441 1559 5506 Cor.
1584 5457 1665 5518 rx,
1702 5441 1763 5505 6.

901 5545 920 5563 '
1834 5545 2090 5611 VARI/li
2136 5544 2568 5613 LECTIONES.

597 5690 635 5716 "'
666 5682 741 5746 al.
776 5684 1178 5763 ἀρτοφυλάκιον,
1267 5697 1293 5727 η
1323 5681 1402 5747 al.
1435 5682 1718 5742 πάντοθεν.
