4072 6206
309 310 451 378 633

1635 312 1824 375 VITA
1872 310 1930 372 S.
1975 311 2393 374 EUTHYMII.

3579 315 3656 379 63
3670 317 3696 380 ἰ

305 447 450 513 τοὺς
492 444 874 525 πρεσϐυτέρους
917 449 946 504 δ
991 446 1298 522 οἰκονόμος,
1349 442 1498 514 ἠξίου
1540 444 1635 502 καί
1680 446 1827 510 αὖθις
1885 448 1969 505 σὺν

2062 445 2204 528 quia
2221 463 2361 508 vero
2384 445 2474 508 sic
2503 463 2743 527 quoque
2764 444 3175 529 inobsequens
3198 453 3345 522 erat,
3371 448 3570 528 etjam
3601 453 3674 514 ad
3690 488 3714 500 -

305 540 412 595 καὶ
458 541 643 604 αὐτοῖς
673 539 764 595 τὸν
807 537 1110 603 Λῦξέντιον.
1143 536 1305 595 Ἐπεὶ
1333 533 1389 592 δὲ
1419 537 1506 593 καὶ
1537 535 1702 601 οὕτως
1748 535 1976 608 ἀνήκοος

305 629 416 702 ἧν,
463 635 559 686 τοῦ
603 625 878 686 Σαϐϐἀτου
908 625 1012 694 ἤδη
1043 625 1437 706 διαγεγονότος,
1468 626 1626 694 ἡνίκα
1656 627 1732 701 τῷ
1757 627 1980 706 μεγάλῳ

305 717 448 787 ἐξῆν
480 719 758 798 ἐντυχεῖν,
818 716 1066 796 ἀναφέρει
1109 717 1176 773 τὰ
1223 716 1363 772 κατά
1390 717 1484 772 τὸν
1526 714 1801 781 Αύξέντιον
1837 721 1979 791 αὖτῷ

306 811 500 867 πάντα
529 810 558 866 ὁ
586 808 898 883 οἰκονόμος.
948 807 1208 869 Κάκεῖνος
1267 804 1688 882 μεταστέλλεται
1743 806 1842 879 μὲν
1884 810 1978 865 εὖ-

303 900 455 964 θέως
499 900 594 957 τὸν
635 896 860 977 ἀδελφὸν
903 904 952 978 ⁸,
997 897 1282 954 ὑπακούειν
1330 893 1385 952 δὲ
1437 908 1710 974 παραινεῖ,
1757 899 1844 954 καὶ
1898 899 1978 972 μη

306 988 495 1053 οὕτως
551 985 830 1045 ἀνένδοτον
887 989 1027 1043 εἶναι
1086 986 1176 1042 καὶ
1230 984 1451 1058 ἀπειθῆ,
1511 988 1590 1058 τῷ
1660 982 1774 1057 ίδίῳ
1831 987 1980 1060 μόνῳ

307 1080 648 1158 στοιχοῠντα
689 1075 979 1152 θελήματι,
1028 1076 1114 1132 καὶ
1156 1075 1257 1142 τὴν
1309 1073 1494 1141 κοινὴν
1552 1087 1669 1138 τοῖς
1721 1073 1978 1152 ἀδελφοῖς

303 1169 757 1248 χρησιμεύουσαν
809 1163 1076 1222 διακονίαν
1104 1164 1554 1238 ἀποποιούμενον.
1603 1172 1708 1224 Τοῦ
1751 1162 1808 1221 δὲ
1855 1188 1970 1239 μη-

304 1255 370 1313 δὲ
408 1255 779 1335 παράκλησιν,
811 1254 950 1330 μηδὲ
995 1255 1168 1329 μόνην
1225 1254 1351 1330 ὄψιν
1409 1251 1738 1320 αἰδεσθέντος
1786 1255 1973 1313 τοιαύ-

305 1369 445 1422 την,
481 1344 621 1402 ἀλλά
663 1345 760 1402 καί
811 1343 978 1408 οὕτως
1035 1342 1393 1420 ἀναδυομενου
1440 1346 1648 1422 σαφῶς,
1693 1346 1782 1401 καί
1821 1347 1972 1402 ποίαν

305 1438 447 1516 οὗχὶ
501 1435 774 1497 κινοῦντος
834 1435 1118 1514 πρόγασιν,
1167 1433 1260 1490 ἵνα
1305 1433 1468 1508 μόνον
1511 1432 1724 1509 θέλημα
1756 1433 1818 1490 τό
1845 1435 1975 1490 ἐαυ-

304 1536 414 1587 τοῦ
441 1526 621 1602 κύριον
651 1523 794 1602 δείξῃ
830 1540 843 1554 ⁸
897 1526 983 1580 καὶ
1012 1532 1101 1580 νῦν
1145 1523 1244 1598 μὲν
1274 1524 1337 1578 τὸ
1369 1520 1672 1579 ἀλλοδαπὸν
1704 1524 1848 1580 εἶναι
1877 1522 1972 1580 καῖ

303 1622 417 1684 τῆς
491 1615 788 1696 ἐπιχωρίου
856 1619 1040 1694 γωνῆς
1087 1612 1416 1688 ἀνομίλητον
1475 1613 1822 1689 αἰτιωμένου,
1887 1620 1975 1669 νῦν

2061 545 2308 600 venerat
2337 533 2686 609 Sabbatum,
2720 554 2838 616 quo
2883 543 3153 614 tempore
3184 536 3406 600 licebat
3436 558 3712 618 magnum

2061 625 2622 699 c0nvenire,omnia
2643 625 2716 686 de
2732 627 3027 688 Auxentio
3051 626 3104 688 ci
3126 628 3311 690 refert
3332 645 3711 694 meonomus.

2063 715 2134 780 Et
2159 715 2262 778 ille
2284 716 2529 797 quidem
2562 716 2805 777 fratrem
2845 721 3042 778 statim
3076 719 3347 789 arcessit;
3383 719 3716 784 suadetau-

2063 815 2183 867 tem
2216 815 2280 867 ut
2308 805 2733 883 obediat,neve
2766 805 2842 866 sit
2873 805 3027 868 adeo
3058 815 3374 868 contumax
3410 817 3467 870 et
3497 810 3714 873 inobo-

2062 894 2258 971 diens,
2295 894 2597 976 propriam
2631 895 2920 956 duntaxat
2978 895 3286 977 sequendo
3319 897 3710 973 voluntatem,

2060 991 2121 1046 et
2151 983 2552 1045 ministerium
2586 983 2874 1046 fratribus
2918 986 3320 1048 communiter
3353 987 3500 1049 utile
3529 1005 3709 1050 recu-

2059 1074 2272 1138 sando.
2299 1076 2355 1137 Is
2385 1090 2528 1135 vero
2575 1093 2686 1136 nec
2717 1074 3224 1151 adhortationem,
3260 1095 3372 1138 nec
3413 1077 3501 1140 vel
3532 1078 3710 1141 talem

2058 1166 2252 1228 solum
2276 1163 2626 1244 adspeetum
2677 1163 2998 1240 reveritus,
3032 1166 3138 1228 sed
3174 1165 3353 1228 etiam
3386 1167 3474 1229 sic
3505 1180 3713 1250 aperte

2057 1251 2451 1333 detrectabat,
2485 1261 2546 1314 et
2569 1271 2748 1334 quem
2775 1272 2891 1314 non
2933 1263 3279 1334 praetextum
3305 1257 3613 1334 afferebat,
3649 1266 3714 1320 ut

2057 1341 2246 1404 solam
2272 1341 2633 1403 voluntatem
2668 1361 2836 1404 suam
2872 1343 3175 1406 dominam
3228 1347 3619 1424 ostenderet;
3656 1356 3712 1410 et

2057 1450 2216 1494 nunc
2247 1431 2490 1512 quidem
2527 1433 2889 1494 causabatur
2918 1451 2984 1494 se
3007 1452 3143 1496 esse
3167 1435 3714 1518 alienigenam,nec

2058 1521 2316 1602 peritum
2341 1521 2641 1584 sermonis
2659 1521 2926 1600 regionis
2954 1522 3141 1600 illius;
3167 1544 3328 1587 nunc
3349 1545 3491 1589 vero
3515 1528 3710 1590 carnis

2055 1611 2307 1673 insidias
2329 1612 2642 1692 variasque
2667 1611 2910 1691 maligni
2935 1623 3094 1674 artes
3122 1634 3135 1676 :
3162 1613 3247 1676 Ne
3278 1615 3454 1690 forte,
3491 1617 3706 1698 inquit,

307 1704 370 1763 δὲ
417 1706 516 1768 τὰς
558 1707 658 1773 τῆς
703 1706 899 1782 σαρκὸς
956 1701 1242 1766 ἐπιϐουλὰς
1289 1705 1375 1759 καὶ
1424 1702 1518 1767 τάς
1576 1702 1825 1767 ποικίλας
1884 1706 1969 1760 τοῦ

2059 1720 2150 1762 me
2173 1709 2332 1762 extra
2358 1705 2562 1763 oculos
2585 1715 2800 1762 Vestros
2820 1704 3116 1764 invvntum
3138 1709 3564 1781 supplantat,ac
3590 1727 3709 1769 sua)

307 1803 560 1875 πονηροῦ
586 1806 613 1849 Ρ
640 1794 840 1875 τέχνας
874 1811 889 1827 ⁶
931 1793 1155 1864 Μήποτέ
1185 1815 1276 1868 με,
1306 1793 1492 1872 φησὶν,
1526 1791 1626 1859 ἔξω
1653 1793 1760 1850 τῶν
1788 1793 1969 1870 ὑμετέ-

2058 1790 2300 1852 ῐηειιίιὶω
2321 1808 2474 1870 opus
2498 1789 2801 1865 exhibeat;
2823 1789 2896 1851 ad
2921 1791 3047 1854 haec
3069 1811 3142 1854 ne
3161 1795 3532 1856 assuefactus
3548 1797 3707 1858 curis

309 1907 428 1963 ρων
458 1883 743 1965 ὀφθαλμῶν
797 1885 1034 1964 ὶφευρὼν
1083 1883 1438 1964 δποσκελίση,
1487 1884 1575 1940 καὶ
1625 1883 1812 1947 κακίας
1870 1884 1968 1952 τῆς

2054 1890 2114 1943 et
2133 1880 2595 1954 tumultibus,de
2619 1887 2836 1942 cazlero
2863 1899 3246 1960 permaneam
3275 1885 3627 1966 discrepans
3650 1897 3709 1949 et

309 1976 509 2035 ἑαυτοῦ
536 1975 690 2054 ἔργον
746 1972 888 2051 δείξῃ
918 1989 933 2005 ⁶
982 1974 1114 2052 πρὸς
1159 1970 1239 2046 δὲ,
1276 1973 1363 2030 καὶ
1420 1971 1570 2038 ὅπως
1614 1975 1694 2048 μὴ
1725 1973 1965 2055 φροντίσι

2054 1971 2331 2034 dissonus
2360 1970 2436 2032 ad
2467 1970 2655 2032 animi
2686 1969 2954 2052 quietem
2989 1982 3051 2036 et
3084 1973 3609 2052 tranquillitatem.

307 2067 405 2124 καὶ
456 2063 693 2143 θορύϐοις
775 2065 1114 2135 συνεθισθεὶς,
1189 2060 1404 2136 ἀπᾴδων
1463 2069 1556 2121 τοῦ
1635 2062 1829 2122 λοιποῦ
1885 2065 1974 2124 καὶ
2033 2063 2352 2143 ἀσύμφωνος
2425 2063 2555 2138 πρὸς
2612 2062 2844 2142 ἡσυχίαν
2905 2065 2994 2121 καὶ
3050 2065 3292 2142 γαλήνην
3354 2070 3540 2150 ψυχῆς
3599 2065 3710 2124 δια-

309 2158 512 2234 μείνω.

401 2245 543 2306 ιη’.
576 2253 806 2306 Τοιαῦτα
836 2243 1116 2323 λέγοντος,
1148 2243 1238 2300 καὶ
1280 2242 1379 2310 τὴν
1412 2247 1510 2310 τῆς
1543 2247 1732 2324 ψυχῆς
1760 2243 1966 2322 βλάϐην

2133 2239 2512 2305 XLVII.Cum
2545 2240 2673 2304 haec
2699 2240 2956 2319 diceret,
2979 2249 3036 2302 et
3057 2241 3273 2304 animae
3299 2263 3517 2306 noxam
3542 2251 3605 2306 ut
3634 2246 3706 2308 ad

310 2339 392 2400 ὣς
424 2335 739 2404 δυσωπῆσαι
767 2335 960 2401 ἱκανὴν
991 2337 1154 2392 οὖσαν
1200 2331 1664 2411 προϐαλλομένου,
1709 2335 1738 2390 ὃ
1798 2335 1966 2414 μέγας

309 2426 484 2489 πάλιν
528 2426 811 2506 Εὐθύμιος,
873 2422 1044 2482 Ἀλλά
1085 2421 1414 2500 δεησόμεθα,
1443 2426 1490 2478 ὦ
1538 2421 1751 2502 τέκνον,
1811 2425 1964 2503 φησὶ,

311 2517 416 2574 τοῦ
471 2516 629 2594 Θεοῦ[
699 2516 840 2573 ὥστε
899 2513 1089 2591 μηδενὶ
1143 2519 1251 2570 τῶν
1308 2511 1683 2589 βλαπτόντων,
1727 2511 1812 2572 διὰ
1870 2515 1969 2581 τὴν

308 2606 563 2674 ὑπακοὴν
624 2603 902 2680 ἁλώσιμον
967 2603 1190 2684 ὀφθῆναί
1261 2623 1345 2664 σε.
1420 2601 1588 2660 Αὐτοῦ
1657 2603 1759 2681 γάρ
1824 2603 1968 2660 ἐστιν

315 2697 349 2765 ἡ
395 2697 550 2775 φωνή
585 2714 600 2730 ⁶
669 2698 778 2754 Οὔκ
828 2692 992 2762 ἦλθον
1042 2692 1452 2770 διακονηθῆναι,
1506 2690 1647 2748 ἀλλά
1711 2691 1970 2752 διακονῆη

312 2808 433 2847 σαι.
483 2785 584 2844 Καί
615 2803 632 2820 ⁸
692 2786 767 2844 Οὗ
807 2784 950 2840 ποιῶ
1005 2783 1067 2839 τὸ
1123 2781 1336 2857 θέλημα
1393 2786 1452 2838 τὸ
1510 2780 1664 2861 ἐμὸν,
1725 2782 1864 2840 ἀλλά
1909 2785 1970 2841 τὸ

309 2875 529 2951 θέλημα
611 2881 705 2932 τοῦ
786 2873 1102 2949 πέμψαντός
1164 2893 1232 2947 με
1315 2877 1544 2950 Πατρός.
1613 2873 1747 2949 Πρὸς
1803 2881 1972 2931 ταῦτα

309 2966 391 3022 ἔτι
437 2962 646 3041 μᾶλλον
674 2962 1075 3044 τραχυνομένου
1105 2971 1199 3022 τοῦ
1247 2960 1528 3027 Αὖξεντίου
1571 2964 1661 3019 καὶ
1704 2961 1968 3038 μηδαμῶς

312 3055 592 3126 ε’ίκοντος,
663 3054 947 3132 βαρύτερον
1006 3051 1152 3124 αξιτῷ
1198 3051 1577 3132 προσενεχθεὶς
1624 3053 1651 3109 ὁ
1680 3055 1828 3117 θεῖος
1864 3056 1967 3112 F.6-

309 3147 526 3225 θύμιος,
563 3135 758 3220 Ἡμεῖς
790 3144 912 3218 μὲν,
936 3145 982 3198 ῶ
1010 3141 1219 3216 τέκνον,
1254 3142 1436 3217 εἶπεν,
1468 3140 1600 3220 ὅπερ
1626 3139 1681 3198 δὲ
1713 3143 1796 3200 καὶ
1825 3144 1969 3219 αὖτῷ

314 3257 400 3294 σοι
432 3232 735 3291 λυσιτελεῖν
783 3231 980 3309 ἐδόκει,
1025 3229 1511 3307 συνεϐουλεύσαμεν
1545 3247 1558 3262 ⁸
1612 3233 1674 3288 σὺ
1705 3231 1759 3289 δὲ
1790 3232 1964 3308 μένων

2053 2331 2411 2395 movendum
2433 2331 2738 2412 idoneam,
2749 2331 3337 2413 proferret,magnus
3355 2334 3572 2396 iterum
3599 2339 3710 2399 Eu-

2053 2421 2314 2502 thymius
2350 2439 2364 2484 :
2400 2418 2516 2483 Sed
2545 2419 2758 2500 Deum,
2797 2421 3018 2499 inquit,
3063 2420 3396 2499 orabimus,
3433 2442 3468 2484 ο
3499 2425 3606 2498 fili,
3646 2433 3710 2485 ut

2053 2520 2300 2593 propter
2329 2509 2765 2585 obedientiam,
2794 2530 2828 2572 a
2859 2509 3023 2571 nullo
3058 2529 3130 2571 ex
3189 2511 3262 2573 iis
3291 2532 3424 2594 qum
3451 2513 3704 2589 lazdunt,

2052 2608 2267 2678 captus
2328 2597 2607 2660 videaris.
2669 2597 2818 2677 Ejus
2868 2597 3029 2660 enim
3085 2617 3192 2660 vox
3225 2609 3316 2660 est
3353 2617 3365 2658 :
3400 2600 3537 2664 Non
3570 2604 3709 2664 veni

2050 2690 2422 2763 ministrari,
2456 2687 2561 2750 sed
2597 2689 2955 2751 ministrare
2983 2690 3036 2750 5.
3074 2687 3144 2749 Et
3177 2709 3191 2749 :
3227 2689 3363 2752 Non
3391 2692 3562 2769 facio
3606 2710 3708 2755 vo-

2051 2778 2350 2842 luntatem
2399 2795 2626 2858 meam,
2680 2779 2788 2840 sed
2818 2776 3196 2840 voluntatem
3231 2782 3371 2857 ejus
3402 2783 3512 2860 qui
3539 2783 3703 2845 misit

2052 2887 2142 2929 me
2174 2869 2386 2931 Patris
2415 2867 2468 2927 6.
2504 2866 2593 2930 Ad
2627 2866 2738 2929 ista
2768 2866 2963 2930 adhuc
2995 2868 3180 2946 magis
3204 2883 3559 2948 exasperato
3591 2875 3704 2933 Au-

2051 2958 2281 3032 xentio,
2318 2965 2375 3018 et
2428 2975 2802 3036 nequaquam
2867 2956 3146 3036 cedente,
3205 2958 3441 3035 gravius
3471 2959 3532 3020 in
3567 2980 3703 3022 eum

2049 3047 2344 3109 invehens
2371 3047 2611 3108 divinus
2643 3047 3036 3128 Euthymius:
3071 3045 3192 3109 Nos
3223 3048 3492 3128 quidem,
3526 3070 3559 3111 ο
3595 3052 3704 3125 fili,

2049 3137 2264 3219 inquit,
2303 3137 2465 3217 quod
2494 3136 2601 3199 tibi
2635 3137 2752 3218 ipsi
2777 3156 3021 3218 quoque
3053 3157 3188 3200 esse
3218 3138 3604 3204 conducibile
3625 3143 3704 3205 vi-

2047 3227 2326 3302 debatur,
2377 3227 2796 3290 consuluimus
2834 3249 2848 3287 :
2903 3237 2963 3290 tu
2996 3235 3195 3290 autem
3229 3229 3290 3290 in
3323 3231 3532 3292 eadem
3568 3252 3698 3295 ma-

309 3325 410 3384 ὶπί
473 3327 572 3393 τῆς
630 3325 795 3391 αὐτῆς
831 3322 1125 3402 ἀπειθείας,
1158 3320 1283 3378 ὅσον
1311 3319 1462 3377 οὔπω
1504 3321 1582 3385 τίς
1611 3323 1640 3378 ὁ
1670 3324 1769 3389 τῆς
1799 3322 1960 3380 ἀπειο

2054 3337 2199 3380 nens
2225 3317 2658 3398 iuobedientia,
2689 3337 2823 3379 mox
2853 3318 3032 3392 scius,
3067 3319 3344 3396 quisnam
3378 3319 3456 3381 sit
3485 3321 3698 3386 inobe-

309 3415 460 3478 θείας
502 3415 708 3492 καρπὸς
747 3410 903 3490 εἴσῃ.
963 3411 1129 3471 Οὔπω
1167 3410 1322 3475 τέλος
1354 3411 1485 3490 εἶχε
1515 3413 1594 3486 τῷ
1637 3411 1860 3490 μεγάλῳ
1903 3413 1968 3469 τὰ

310 3503 596 3584 εἰρημένα,
658 3503 748 3560 καὶ
804 3501 994 3560 κλόνον
1043 3501 1140 3558 οὒκ
1175 3499 1286 3559 οἷδ’
1319 3498 1437 3557 ὅθεν
1480 3502 1509 3558 ὁ
1560 3501 1834 3568 Αὒξέντιος
1877 3509 1967 3560 τοῦ

310 3596 570 3671 σώματος
627 3594 890 3674 ὑποστὰς,
935 3591 1117 3656 ἄθλιος
1161 3591 1248 3649 ἐπὶ
1302 3590 1403 3660 τήν
1456 3595 1562 3668 γῆν
1616 3592 1963 3667 καταπίπτει,

310 3684 555 3762 δακρύων
598 3681 684 3740 διὰ
726 3684 828 3751 τὴν
884 3682 1157 3761 συμφορὰν
1215 3683 1378 3756 μόνον
1431 3691 1460 3737 ⁴1
1519 3679 1686 3747 ἄξιος,
1742 3682 1801 3740 Οἱ
1839 3688 1966 3759 γοῦν

312 3773 580 3850 παρόντες
661 3778 767 3830 τῶν
847 3769 1118 3852 ἀδελφῶν,
1195 3770 1604 3836 ἐπικλασθέντες
1659 3773 1803 3845 αὖτῷ
1871 3771 1967 3828 τὰς

313 3864 507 3944 ψυχᾶς
538 3861 708 3926 οὕτως
741 3860 988 3926 ἐλεεινῶς
1033 3860 1243 3941 ἔχοντι,
1302 3859 1510 3920 ἐδέοντο
1541 3861 1818 3935 Εὖθυμίου,
1849 3859 1968 3916 ἱκὲ-

313 3975 492 4028 τευον,
539 3949 899 4030 ἧντηϐόλουν,
933 3953 1202 4029 βοηθῆσαι
1262 3951 1516 4027 κειμένῳ,
1566 3953 1655 4008 καὶ
1683 3951 1966 4028 παρακοῆς

312 4045 608 4102 ὑποστάντι
639 4042 878 4118 πονηρὰν
908 4040 1132 4102 ἔκτισιν.
1166 4038 1228 4098 Ὀ
1259 4038 1337 4114 δὲ,
1374 4042 1504 4120 πρὸς
1564 4039 1729 4105 οὕτως
1771 4039 1966 4108 ἀπειθῆ

310 4135 404 4191 καὶ
446 4133 703 4204 ἀνήκοον,
764 4130 984 4204 ἕτοιμος
1041 4134 1110 4199 ἢν
1151 4131 1464 4192 ὑπακούειν.
1521 4132 1620 4189 Καὶ
1667 4128 1966 4204 λαϐόμενος

313 4225 478 4281 αὖτοῦ
517 4228 626 4280 τῶν
671 4226 898 4301 χειρῶν,
954 4219 1200 4286 ἀνίστησι
1242 4221 1334 4277 τὸν
1378 4220 1676 4294 Αὒξέντιον,
1732 4219 1964 4298 ὑπότρο-

313 4335 420 4389 μον
480 4311 582 4385 ἔτι,
641 4313 732 4368 καὶ
792 4307 878 4366 διά
936 4309 1152 4366 πάντων
1211 4312 1406 4390 μικροῦ
1472 4317 1580 4367 τῶν
1638 4308 1817 4385 μελῶν
1865 4309 1966 4377 τὴν

313 4400 579 4482 τιμωρίαν
639 4402 935 4481 δπέχοντα.
987 4399 1125 4457 Εἶτα
1169 4399 1266 4456 καὶ
1308 4400 1546 4478 καθάπερ
1587 4423 1639 4458 τι
1687 4401 1966 4479 φάρμακον

316 4496 463 4564 αὒτῳ
514 4493 577 4548 τὸ
633 4496 728 4548 τοῦ
784 4496 1010 4569 σταυροῦ
1068 4501 1300 4565 σημεῖον
1357 4487 1656 4570 ἐπιϐαλὼν,
1711 4488 1823 4546 λόει
1892 4488 1968 4563 τῷ

316 4580 582 4660 ἀνθρώπῳ
650 4581 712 4637 τὸ
783 4579 976 4656 πάθος,
1036 4579 1125 4635 καὶ
1180 4579 1304 4657 ὑγιᾶ
1365 4583 1704 4660 παραχρῆμα
1762 4577 1967 4637 δείκνυ·-

320 4693 430 4734 σιν,

398 4757 544 4824 ΜΗ’.
578 4760 910 4839 Ἀνενεγκὼν
941 4768 1030 4818 οὖν
1061 4760 1089 4816 ὁ
1122 4757 1423 4832 Αὖξέντιος,
1450 4758 1546 4818 καῖ
1576 4765 1677 4828 τῆς
1708 4759 1808 4836 μὲν
1837 4779 1972 4830 παρα

318 4855 491 4919 ἀκοῆς
521 4852 595 4914 εἰς
651 4851 876 4927 μνήμην
935 4847 1123 4924 ἆλθὼν,
1185 4850 1356 4911 συνεὶς
1387 4845 1558 4906 δὲκαὶ
1587 4851 1649 4907 τὸ
1683 4847 1969 4915 κατασκῆ-

320 4945 432 5017 ψαν
489 4941 564 5005 εἰς
608 4941 767 4998 αὺτὸν
826 4939 1019 5019 πάθος,
1083 4938 1169 4994 καὶ
1237 4937 1317 4995 ὅτι
1375 4939 1546 5014 μόνης
1586 4939 1652 5008 ἦν
1702 4939 1969 5005 ἀπειθείας

319 5031 478 5109 ἔργον
535 5030 616 5107 μὴ
695 5029 990 5108 ἀγνοήσας,
1078 5025 1154 5083 ἔτι
1226 5029 1444 5103 μείζονα
1498 5027 1650 5096 δίκην
1699 5030 1800 5086 ὑπὸ
1876 5036 1969 5087 τοῦ

319 5117 622 5184 συνειδότος
706 5118 1021 5196 ἒπράττετο,
1107 5117 1196 5174 καὶ
1277 5117 1603 5195 μεταμέλειά
1670 5141 1750 5182 τις
1809 5120 1967 5177 αὒτὸν

323 5209 498 5287 εἰσῄει
540 5206 710 5279 δεινή,
770 5206 990 5278 Ἀμέλει
1050 5207 1138 5264 καὶ
1197 5208 1514 5281 προσπίπτει
1557 5212 1633 5283 τῷ
1677 5209 1916 5285 Εὖθυμίῳ
1946 5224 1962 5240 ⁸

2048 3407 2292 3471 όίθιιιὶω
2348 3408 2600 3471 fructus.
2652 3409 2936 3472 Nondum
2969 3409 3180 3470 horum
3216 3409 3514 3474 dictorum
3568 3432 3698 3475 ma-

2046 3517 2200 3577 gnus
2231 3499 2413 3560 ﬁnem
2440 3498 2758 3573 fecerat,ct
2786 3517 3148 3560 concussum
3184 3502 3460 3578 corporis
3503 3503 3704 3566 nescio

2047 3587 2210 3649 unde
2241 3606 2452 3667 passus
2482 3588 2848 3663 Auxentius,
2885 3588 3071 3650 miser
3100 3588 3162 3649 in
3208 3597 3427 3652 terram
3453 3592 3702 3670 decidit,

2049 3677 2244 3738 solum
2287 3676 2506 3757 dignus
2542 3677 2824 3757 lacrymis
2859 3687 3102 3758 propter
3132 3678 3556 3746 calamitatem.
3593 3684 3706 3756 Qui

2050 3784 2194 3846 ergo
2222 3766 2470 3828 aderant
2500 3785 2575 3829 ex
2606 3765 2914 3842 fratribus,
2947 3767 3118 3828 fracti
3170 3769 3390 3830 animis
3421 3789 3604 3850 super
3635 3793 3706 3835 eo

2053 3865 2169 3918 tam
2207 3856 2427 3919 misere
2458 3856 2692 3930 affecto,
2716 3856 3006 3936 rogabant
3029 3857 3436 3936 Euthymium,
3471 3861 3704 3939 suppli-

2051 3945 2289 4022 cabant,
2325 3944 2747 4018 obsecrabant,
2784 3953 2846 4006 ut
2876 3964 3051 4026 opem
3079 3945 3264 4007 ferret
3285 3947 3538 4025 jacenti,
3563 3967 3705 4027 gra-

2049 4054 2306 4116 vemque
2366 4053 2657 4116 perpesso
2717 4034 3147 4098 inobedientia:
3179 4054 3446 4116 poenam.
3478 4035 3535 4099 Is
3566 4057 3704 4102 vero

2048 4143 2191 4202 erga
2219 4125 2368 4187 adeo
2405 4133 2822 4188 contumacem
2855 4134 2914 4186 et
2956 4125 3430 4200 inobedientem,
3470 4138 3706 4207 paratus

2048 4224 2176 4277 erat
2205 4213 2498 4290 obedire;
2558 4233 2627 4277 ac
2681 4215 2812 4295 ejus
2845 4215 3121 4278 manibus
3155 4215 3494 4296 prehensis,
3530 4217 3708 4298 erigit

2047 4303 2440 4382 Auxentium,
2493 4303 2958 4368 tremebundum
3021 4306 3240 4386 adhuc,
3277 4317 3335 4368 et
3367 4325 3475 4386 per
3505 4307 3706 4370 omnia

2047 4395 2174 4457 fere
2207 4394 2480 4458 membra
2511 4414 2718 4478 pmnas
2750 4395 3140 4478 pendentem.
3191 4395 3418 4458 Deinde
3450 4417 3582 4459 cum
3617 4403 3704 4460 si-

2047 4503 2229 4565 gnum
2290 4487 2512 4568 crucis,
2571 4487 2766 4548 instar
2817 4486 3130 4567 cujusdam
3166 4486 3613 4562 medicamenti,
3649 4489 3704 4551 ei

2048 4575 2423 4649 immisisset,
2456 4576 2632 4638 solvit
2657 4575 2964 4640 hominem
2997 4575 3070 4638 ab
3101 4594 3171 4639 ea
3213 4576 3554 4652 affectione,
3578 4589 3703 4642 sla-

1990 4696 2033 4752 ο
2053 4664 2282 4743 timque
2309 4684 2518 4728 sanum
2551 4665 2772 4729 reddit.

2132 4753 2388 4819 XLVIII.
2419 4757 2752 4820 Recreatus
2773 4762 2974 4834 itaque
3007 4756 3368 4834 Auxentius,
3399 4767 3457 4820 et
3487 4757 3696 4821 inobeo

2051 4843 2300 4908 dientize
2311 4845 2552 4926 quidem
2569 4851 2946 4925 recordatus,
2959 4847 3299 4928 intelligens
3313 4866 3450 4910 vero
3467 4848 3707 4911 calami-

2049 4943 2234 4998 tatem
2269 4954 2400 5016 quze
2429 4937 2480 4997 ei
2515 4937 2898 5014 incubuerat,
2933 4955 3046 5001 nec
3069 4938 3295 5000 inscius
3325 4957 3475 5019 opus
3520 4937 3704 5000 fuisse

2050 5024 2237 5088 solius
2255 5027 2674 5102 contumaciae,
2702 5030 2962 5109 majores
2984 5028 3183 5090 adhuc
3208 5027 3410 5089 luebat
3436 5043 3641 5106 pinnas
3670 5045 3704 5088 a

2050 5116 2767 5198 c0nscientia,gravisque
2780 5137 2917 5182 eum
2931 5118 3112 5180 subiit
3134 5114 3702 5198 pwnitentiaﬂuare

2048 5206 2122 5270 ad
2147 5206 2334 5288 pedes
2358 5207 2954 5290 prociditEuthymii;
2988 5208 3206 5290 partim
3234 5215 3445 5288 petens
3465 5205 3698 5267 veniam

321 5306 481 5357 τουτο
533 5297 632 5375 μὲν
687 5297 1013 5377 συγγνώμην
1056 5301 1166 5354 τῶν
1209 5295 1313 5366 ἤδη
1356 5297 1734 5377 γεγενημένων
1778 5302 1964 5378 αίτῶν,

2054 5297 2170 5378 iam
2199 5305 2492 5371 actorum,
2526 5300 2738 5380 partim
2761 5299 2821 5361 in
2842 5300 3109 5362 futurum
3132 5295 3694 5362 securitatem.Cum

403 5459 438 5512 Β
464 5456 671 5522 Matth.
707 5474 808 5536 xx,
843 5455 945 5520 28.
1030 5455 1066 5508 ϐ
1090 5452 1265 5522 Joan.
1296 5471 1356 5534 v,
1390 5455 1489 5524 30.

1643 5551 1905 5617 VARLE
1950 5548 2379 5617 LECTIONES.

405 5671 429 5700 °
462 5657 540 5726 al.
571 5657 708 5724 add.
795 5671 821 5716 Ρ
854 5659 934 5726 al.
967 5663 1183 5738 ὶχθροῦ.
1271 5672 1296 5716 (ι
1325 5659 1402 5723 al.
1437 5660 1642 5738 μόνων.

795 5671 821 5716 Ρ
854 5659 934 5726 al.
967 5663 1183 5742 ὶχθροῦ.
