4090 6198
331 365 442 430 637

1645 370 1824 433 VITA
1873 370 1930 432 S.
1982 372 2392 437 EUTHYMII.

3582 374 3696 439 638

328 506 419 562 τὸν
466 507 712 586 μοναχὸν
755 501 1124 578 ἀπαράδεκτον
1168 503 1312 560 εἶναι
1357 505 1463 560 τῶν
1504 526 1567 561 εκ
1610 512 1700 563 τοῦ
1738 516 1956 584 πονηροί

2060 525 2235 587 quam
2257 507 2577 574 admittere
2595 509 2988 591 cogitationes
3011 530 3044 572 a
3076 511 3336 591 maligno
3365 518 3700 590 suggestus,

325 593 628 674 λογισμῶν,
675 593 774 651 κᾶν
817 593 993 662 λύπην
1037 592 1268 666 ἐκεῖνος,
1331 593 1427 648 κᾶν
1461 607 1650 670 μῖσος,
1681 595 1779 652 κᾶν
1824 596 1968 664 ἀκη-

324 683 440 740 δίαν
477 687 520 758 ι,
553 686 652 741 κᾶν
683 685 899 763 ἑτέρωθι
931 681 1228 759 μετάϐασιν
1257 680 1543 762 ὒποϐάλοι,
1578 682 1716 760 μηδὲ
1743 685 1838 753 τὴν
1870 687 1968 761 ἆρ-

324 775 438 855 χὴν
482 779 626 848 αὐτῷ
670 773 923 847 μηδόλως
968 773 1068 839 τὴν
1111 770 1350 829 διάνοιαν
1395 772 1595 829 ἀνιέναι
1631 789 1645 804 ⁸
1692 773 1831 830 ἀλλά
1859 773 1968 831 δια·

322 865 601 943 κροόεσθαι
633 863 796 920 ταῦτα
827 865 915 919 καὶ
957 863 1292 919 ἀπωθεῖσθαι
1323 861 1470 937 πάσῃ
1526 862 1673 942 χειρί
1705 879 1719 894 '
1757 865 1970 938 μήποτε

320 955 460 1032 λάθῃ
517 953 601 1010 διὰ
657 951 933 1028 μεθοδείας
992 951 1343 1014 ὅποσκελίσας
1398 953 1568 1028 ἡμᾶς,
1640 957 1728 1010 καὶ
1770 961 1968 1030 πτῶμα

319 1046 477 1123 ῥίψας
533 1042 774 1120 δακρύων
818 1042 986 1108 ἀξιον,
1025 1043 1082 1100 Ei
1109 1039 1164 1098 δέ
1207 1065 1292 1106 τις
1338 1041 1560 1099 ἐνταῦθα
1617 1045 1786 1124 τυχὸν
1836 1044 1965 1116 ἀρε-

319 1136 421 1203 τὴν
495 1134 731 1201 ἀσκῆσαι
803 1133 883 1209 μὴ
966 1131 1198 1205 δὶναιτο,
1261 1133 1339 1207 μὴ
1401 1131 1665 1204 νομιζέτω
1722 1132 1968 1214 ἀλλαχοῦ

321 1222 584 1303 μεταϐὰς,
656 1223 783 1301 ῥᾷον
852 1225 1187 1300 κατορθῶσαι
1244 1223 1306 1278 τὸ
1371 1220 1819 1298 σπουδαζόμενον,
1896 1223 1968 1281 Οὔ

321 1317 424 1396 γὰρ
468 1316 615 1395 παρά
684 1315 785 1380 τὴν
836 1317 930 1369 τοῦ
1000 1312 1167 1370 τόπου
1238 1312 1414 1391 φύσιν,
1473 1311 1610 1367 ἀλλὰ
1667 1314 1812 1384 παρά
1868 1316 1967 1380 τὴν

320 1405 521 1463 οἰκείαν
577 1406 735 1478 ἡμῶν
794 1403 1096 1481 προαίρεσιν
1171 1404 1206 1472 ἦ
1279 1409 1370 1457 τοῦ
1441 1401 1640 1480 ἀγαθοῦ
1711 1401 1964 1480 ἐργασία.

321 1496 638 1556 Τοῦναντίον
696 1494 797 1568 μὲν
866 1491 956 1548 οὖν
1010 1491 1104 1548 καῖ
1156 1489 1420 1568 σφαλερὸν
1487 1498 1640 1548 τοῦτο
1684 1505 1802 1555 τοῖς
1857 1515 1965 1566 μο-

324 1599 544 1668 ναχοτς,
613 1586 703 1642 καὶ
773 1582 995 1645 ἀτόνους
1058 1581 1246 1646 αὐτοὺς
1290 1580 1384 1636 καί
1445 1582 1645 1659 ἀρετῶν
1699 1581 1968 1654 ἀκάρπους

321 1691 502 1736 ποιεῖν
546 1673 860 1750 δυνάμενον.
908 1669 1064 1728 Ἐπεὶ
1110 1668 1250 1746 μηδὲ
1283 1671 1447 1752 φυτὸν
1488 1671 1609 1729 οἶόν
1653 1693 1710 1728 τε
1753 1693 1962 1749 καρπο-

321 1780 533 1848 φορεῖν,
570 1770 815 1843 συνεχῶς
846 1760 1365 1841 μεταφυτευόμενον.

402 1855 533 1915 NA’.
568 1854 705 1930 Πρὸς
737 1849 957 1908 πλείονα
1015 1848 1071 1905 δὲ
1127 1854 1232 1906 τῶν
1291 1849 1587 1926 εἰρημένων
1630 1851 1832 1924 πίστιν,
1877 1851 1966 1907 καί

318 1970 474 2004 τινων
558 1943 826 2020 γερόντων
893 1940 1081 2004 αὒτόῐς
1161 1939 1463 2017 Αίγυπτίων
1522 1941 1732 2016 άπεξῇει
1793 1951 1821 1984 ι
1875 1940 1958 1996 δι-

316 2039 534 2112 ήγημα.
567 2031 795 2111 ’Ἔλεγεν
841 2033 955 2101 οὖν,
988 2031 1063 2095 ὡς
1115 2029 1176 2098 ἧν
1208 2052 1290 2094 τις
1322 2027 1550 2094 ἀδελφὸς
1583 2029 1637 2085 ἐν
1683 2031 1956 2110 Αἰγύπτῳ,

314 2127 369 2184 ἂν
411 2120 664 2197 κοινοῦίῳ
705 2122 808 2178 τινὶ
850 2121 1181 2194 καθήμενος,
1239 2120 1298 2184 ’6;
1356 2124 1603 2198 συνεχῶς
1667 2121 1740 2186 εἷς
1795 2122 1959 2196 θυμὸν

310 2215 694 2296 ἐκφερόμενος,
753 2211 1007 2288 ἡγριοὸτο
1064 2210 1152 2266 καὶ
1207 2207 1550 2287 ἐταράττετο,
1598 2211 1687 2266 καὶ
1743 2210 1956 2288 πογρίας

312 2310 373 2364 τὸ
430 2303 607 2378 στόμα
662 2301 751 2358 καὶ
837 2300 1003 2378 ὀργῆς
1086 2297 1416 2373 ἐπίμπλατο,
1476 2296 1721 2356 Λαϐοὗσα
1765 2298 1821 2355 δέ
1877 2323 1956 2363 τις

312 2395 470 2455 αὐτὸν
515 2389 869 2469 μεταμέλεια,
925 2391 998 2452 ὡς
1045 2388 1137 2456 εἴη
1195 2386 1280 2444 διὰ
1334 2396 1428 2446 τοῦ
1457 2391 1625 2463 θυμοῦ
1665 2387 1817 2445 τοῦδε
1872 2390 1959 2446 καὶ

312 2485 410 2553 τῆς
441 2488 574 2564 πρὸς
610 2482 708 2550 τὴν
740 2479 988 2560 ταραχὴν
1040 2477 1283 2543 εὖκολίας
1335 2479 1509 2551 ἑαυτῷ
1547 2485 1825 2553 πολεμῶν,
1871 2482 1959 2536 καὶ

313 2577 367 2632 εἴ
402 2595 506 2632 που
535 2596 584 2630 τι
613 2572 704 2628 καὶ
745 2568 911 2627 καλὸν
959 2567 1063 2636 ἤδη
1107 2568 1307 2648 φθάσας
1360 2567 1649 2642 ἐκτήσατο,
1685 2571 1774 2625 καὶ
1801 2576 1957 2626 τοῦτο

316 2660 690 2743 προσαπολλὺς
724 2707 740 2732 ,
828 2659 996 2715 πείθει
1079 2666 1174 2716 τοῦ
1254 2657 1518 2716 κοινοϐίου
1603 2658 1956 2738 ἀναχωρῆσαι

315 2758 408 2810 καί
468 2752 636 2827 μόνον
697 2747 764 2817 δὴ
821 2751 908 2805 καὶ
963 2747 1084 2804 καθ’
1141 2748 1331 2806 ἑαυτὸν
1372 2749 1595 2829 ἡσύχως
1654 2747 1951 2804 διαϐιῶναι·

313 2844 406 2900 εἴτε
476 2839 653 2898 πολλά
707 2840 803 2907 τῆς
889 2839 1113 2912 ἐρημίας
1173 2839 1304 2912 πρὸς
1363 2837 1612 2915 γαλήνην
1665 2841 1812 2912 αὖτῷ
1867 2838 1955 2895 καί

312 2930 597 3010 ἀταραξίαν
652 2929 970 3006 συνάρασθαι
1042 2926 1365 3004 δυναμένης,
1426 2927 1595 3011 τ’ῼετο
1679 2931 1803 3006 γὰρ,
1879 2930 1952 2992 ὡς

311 3022 412 3100 ἄρα
456 3018 690 3097 μηδενὸς
736 3020 960 3083 ὑπόντος
1005 3019 1137 3095 πρὸς
1183 3019 1240 3073 ὃν
1293 3017 1353 3074 ἂν
1410 3021 1497 3075 καὶ
1544 3020 1836 3098 θυμωθείη,
1868 3020 1958 3076 καὶ

2053 595 2177 657 sive
2208 597 2311 660 ille
2346 601 2673 674 tristitiam,
2711 602 2839 662 sive
2869 600 3095 674 odium,
3121 600 3249 662 sive
3281 599 3545 680 taedium,
3579 599 3702 662 sive

2053 683 2115 745 in
2145 685 2325 748 alium
2362 689 2554 750 locum
2591 689 3010 768 migrationem
3062 689 3369 768 subjiciat,
3403 699 3460 750 et
3490 707 3602 750 nec
3626 687 3700 749 ab

2053 774 2227 836 initio
2255 778 2310 838 ei
2335 779 2580 840 omnino
2607 788 2872 842 mentem
2899 778 3389 860 permittere,sed
3415 779 3528 839 ista
3550 778 3697 858 reji-

2053 882 2215 939 cere,
2249 872 2428 948 atque
2459 877 2580 930 tota
2605 889 2782 930 manu
2813 869 3136 948 repellere,
3175 888 3248 928 ne
3280 868 3432 928 forte
3464 886 3573 928 nos
3605 868 3696 928 la-

2053 960 2256 1016 tenter
2287 975 2393 1037 per
2418 957 2690 1020 fraudem
2721 959 3152 1040 supplantat,et
3174 959 3232 1019 in
3254 975 3453 1018 casum
3481 958 3696 1036 ρι’ωοὶ-

2055 1053 2203 1123 pttet
2225 1043 2698 1126 lacrymabilem.
2735 1047 2795 1110 Si
2827 1049 2960 1128 quis
2991 1060 3186 1110 autem
3214 1047 3312 1109 hic
3345 1047 3544 1107 forsan
3575 1066 3695 1107 non

2055 1135 2238 1212 possit
2267 1135 2540 1197 virtutem
2575 1155 2881 1211 exercere,
2919 1156 2994 1200 ne
3026 1137 3350 1211 existimet,
3386 1136 3547 1214 quod
3580 1136 3696 1197 alio

2053 1225 2619 1299 transiens,facilius
2644 1229 2859 1308 poterit
2879 1236 3076 1306 optata
3109 1227 3262 1288 bono
3286 1224 3534 1306 exsequi
3565 1223 3695 1286 Non

2051 1313 2210 1374 enim
2243 1333 2311 1376 ex
2345 1316 2460 1378 loci
2486 1317 2830 1388 natura,sed
2865 1336 2936 1378 ex
2965 1317 3157 1378 libero
3189 1316 3376 1377 nostri
3396 1313 3582 1376 animi
3609 1315 3698 1374 in-

2051 1403 2252 1465 stituto
2273 1405 2413 1466 boni
2435 1407 2704 1487 procedit
2726 1407 3245 1487 operatio.Contra
3267 1423 3405 1466 vero
3425 1405 3538 1468 hoc
3563 1423 3693 1466 mo-

2053 1493 2262 1554 nachis
2299 1495 2730 1574 periculosum,
2767 1495 3048 1576 quodque
3082 1503 3274 1577 potest
3304 1512 3406 1555 eos
3434 1492 3693 1554 reddere

2051 1581 2388 1646 imbecillos
2416 1584 2822 1666 virtutumque
2854 1587 3282 1648 infructuosos.
3307 1581 3694 1662 Quandoqui-

2051 1670 2187 1732 dem
2219 1691 2329 1734 nec
2353 1672 2548 1752 planta
2581 1682 2773 1754 potest
2805 1675 2962 1736 ferre
2995 1675 3246 1747 fructus,
3283 1692 3416 1754 quae
3445 1671 3686 1733 assidue

2049 1761 2534 1840 transplantatur.

2128 1848 2219 1911 LI.
2246 1849 2332 1912 Ad
2365 1853 2651 1931 majorem
2675 1871 2816 1913 vero
2839 1852 3134 1914 dictorum
3159 1853 3363 1927 fidem,
3389 1857 3562 1913 etiam
3599 1850 3688 1911 eis

2044 1938 2384 2018 proferebat
2405 1941 2797 2021 quorumdam
2827 1961 3037 2004 senum
3061 1941 3472 2023 [Egyptiorum
3492 1940 3685 2000 histo-

2041 2026 2196 2087 riam
2217 2028 2498 2091 9.Aiebat
2519 2049 2683 2110 ergo:
2703 2030 2838 2093 Fuit
2862 2034 3188 2093 nonnullus
3210 2033 3396 2094 frater
3415 2031 3478 2091 in
3503 2027 3683 2106 Egy-

2043 2127 2140 2196 pto
2169 2118 2388 2198 (69),in
2410 2120 2663 2200 quodam
2693 2122 2965 2184 ccenobio
2990 2121 3292 2196 residens;
3320 2121 3422 2200 qui
3441 2120 3513 2181 ad
3534 2119 3682 2179 iram

2041 2207 2326 2269 continue
2355 2220 2586 2290 raptus,
2621 2211 3086 2291 exasperabatur
3133 2220 3191 2273 et
3221 2209 3595 2288 turbabatur,
3627 2213 3685 2270 et

2041 2296 2368 2360 acerbitate
2383 2317 2452 2360 ac
2467 2298 2878 2378 indignatione
2901 2320 2966 2361 os
2989 2302 3120 2380 ejus
3143 2297 3682 2380 implebatur.Cum

2042 2403 2177 2447 eum
2209 2395 2408 2448 autem
2465 2390 2738 2470 qumdam
2799 2389 3082 2452 subiisset
3115 2389 3490 2470 poenitentia,
3523 2385 3682 2468 quod

2045 2485 2288 2556 propter
2317 2477 2473 2540 hanc
2529 2479 2681 2539 iram
2728 2488 2788 2541 et
2839 2479 3308 2559 perturbationis
3336 2478 3681 2539 facilitatem

2041 2582 2246 2626 secum
2312 2567 2536 2628 bellum
2569 2579 2828 2644 gereret,
2867 2577 2924 2630 et
2970 2569 3022 2629 si
3052 2568 3190 2648 quid
3223 2566 3364 2629 boni
3388 2566 3512 2645 jam
3545 2570 3683 2626 ante

2041 2655 2442 2734 acquisiisset,
2476 2656 2532 2717 id
2565 2675 2806 2738 quoque
2839 2662 3140 2738 perderet;
3175 2655 3498 2738 persuadet
3529 2654 3682 2730 ei,ut

2042 2744 2352 2807 recederet
2374 2765 2405 2806 ει
2435 2745 3029 2828 cuenobio,solusque
3047 2767 3155 2828 per
3174 2766 3240 2809 se
3268 2746 3492 2807 viveret
3512 2742 3684 2825 quie-

2043 2841 2134 2894 tus
2160 2854 2175 2907 ;
2210 2842 2416 2914 utpote
2447 2837 2602 2916 quod
2633 2836 2894 2898 solitudo
2939 2837 3191 2898 multum
3222 2843 3425 2917 posset
3448 2835 3502 2896 ei
3525 2853 3679 2895 con-

2040 2924 2261 2986 ducere
2284 2925 2357 2985 ad
2385 2925 2872 3005 tranquillitatem
2899 2936 2957 2988 et
2988 2925 3459 3007 perturbationis
3472 2923 3679 2986 vacui-

2043 3022 2242 3076 tatem.
2271 3011 2658 3077 Existimabat
2691 3015 2850 3076 enim
2897 3016 3140 3096 quod,si
3173 3016 3375 3078 nullus
3407 3014 3681 3075 subesset

311 3111 426 3168 καθ’
473 3111 536 3168 οὗ
592 3108 654 3166 ἂν
697 3115 767 3186 τῇ
811 3109 943 3187 ὀργῆ
992 3109 1288 3188 χρήσαιτο,
1329 3105 1682 3177 σϐεσθήσεται
1739 3109 1952 3172 πάντως

2044 3102 2136 3163 cui
2166 3103 2622 3183 irasceretur,et
2653 3104 2712 3164 in
2740 3122 2918 3185 quem
2953 3103 3676 3184 utereturindignatione,

313 3200 484 3281 ἡρέμα
540 3203 601 3258 τὸ
659 3198 828 3256 δεινόν
901 3199 1080 3256 ἐκεῖνο
1161 3199 1252 3254 καὶ
1305 3197 1529 3262 ὀξύτατα
1581 3197 1954 3274 ἀναπτόμενον

307 3299 401 3351 τοῦ
457 3295 624 3368 θυμοῦ
663 3297 790 3367 πῦρ,
844 3290 932 3345 καὶ
972 3290 1034 3345 τὸ
1085 3287 1275 3344 λοιπὸν
1327 3287 1524 3364 ἥμερος
1587 3290 1743 3352 αὐτὸς
1803 3288 1952 3345 ἔσται

305 3383 394 3440 καὶ
448 3379 694 3460 γαλήνης
769 3379 951 3446 πάσης
1022 3379 1113 3436 καὶ
1156 3379 1388 3458 ἡσυχίας
1432 3387 1456 3418 '
1489 3380 1710 3452 μεστός.
1777 3385 1951 3435 Ταῦτα

305 3471 666 3550 λογισάμενον
709 3468 946 3544 ἐκεῖνον,
987 3469 1049 3525 τὸ
1087 3467 1210 3535 ἑξῆς
1267 3469 1574 3526 ἀποστάντα
1633 3476 1722 3525 τοὺ
1765 3471 1944 3525 κοινο-

306 3559 442 3636 ϐίου,
504 3559 671 3637 μόνον
728 3557 811 3639 ἐφ’
873 3557 1111 3639 ἡσυχίας
1181 3557 1430 3634 διάγεινο
1489 3557 1578 3614 καί
1626 3579 1755 3614 ποτε
1813 3557 1949 3614 κατά

307 3651 496 3730 χρείαν
539 3650 680 3721 τινὰ,
713 3650 776 3705 τὸ
823 3649 1078 3726 ποτήριον
1137 3645 1526 3716 ὑποπλήσαιτα
1587 3645 1800 3718 ὕδατος,
1859 3648 1950 3702 καί

307 3762 356 3797 τι
408 3740 602 3820 μικρὸν
655 3739 786 3796 αὒτὸ
857 3739 986 3817 πρὸς
1045 3739 1120 3812 τῷ
1184 3735 1363 3818 ὲδάφει
1415 3735 1714 3804 θελήσαντα
1781 3758 1946 3793 catta-

308 3830 509 3902 θεῖναι,
567 3828 741 3910 τέχνῃ
786 3829 888 3886 τινὶ
948 3834 1038 3885 τοῦ
1083 3836 1318 3906 πονηροῦ
1371 3833 1530 3884 τοῦτο
1587 3828 1948 3906 περιστραφῆ·

309 3942 392 3975 ναι
427 3933 442 3949 ⁹
507 3918 639 3996 ὅπερ
684 3920 789 3998 οὔχ
833 3917 997 3991 ἅπαξ,
1059 3916 1196 3974 ἀλλά
1251 3919 1339 3974 καὶ
1398 3915 1474 3981 ἃς
1505 3915 1693 3996 ἑφεξῆς
1721 3918 1807 3972 καὶ
1838 3917 1948 3994 τρὶς

309 4009 556 4086 γεγονὸς,
615 4009 920 4083 θυμωθῆναί
961 4029 1019 4064 τε
1076 4010 1168 4064 τὸν
1211 4005 1466 4088 ἀδελφὸν,
1511 4007 1598 4063 καὶ
1658 4005 1807 4074 ἥττω
1848 4011 1946 4074 τῆς

309 4107 402 4157 τοῦ
458 4103 625 4175 θυμοῦ
665 4100 838 4176 ῥύμης
879 4098 1190 4176 γενόμενον,
1234 4099 1306 4164 ὠς
1354 4102 1514 4177 εἶχεν
1546 4098 1691 4159 sibi);
1725 4097 1797 4159 εἷς
1843 4096 1945 4174 γῆν

304 4203 652 4266 κατενεγκεῖν
704 4191 764 4245 τὸ
807 4187 1085 4266 ποτήριον,
1138 4187 1229 4245 καὶ
1280 4189 1435 4246 τοῦτο
1479 4187 1756 4266 συντρίψαι
1796 4205 1809 4220 ⁶
1858 4189 1946 4243 καὶ

301 4279 440 4336 οὕτω
469 4277 659 4354 πολλῴ
691 4279 905 4353 μείζονα
936 4285 1014 4353 τῷ
1045 4278 1222 4359 ἐχθρῷ
1263 4278 1476 4342 πάντως
1506 4279 1596 4336 καὶ
1624 4277 1944 4356 θερμότερον

299 4367 531 4448 ὀφλῆσαι
561 4371 652 4426 τὸν
681 4367 913 4446 γέλωτα.

2037 3192 2286 3253 omnino
2307 3192 2531 3254 sensim
2559 3192 3036 3273 exstingueretur
3049 3195 3372 3257 vehemens
3398 3195 3500 3256 ille
3521 3203 3578 3254 et
3601 3193 3684 3253 ci-

2035 3282 2262 3343 tissime
2293 3283 2548 3360 ﬂagrans
2580 3283 2740 3363 ignis
2773 3283 3125 3362 iracundiae;
3149 3285 3500 3364 futurusque
3523 3289 3684 3344 esset

2031 3371 2321 3452 deinceps
2340 3373 2469 3452 ipse
2483 3373 2962 3454 mitis,omnique
2983 3375 3415 3456 tranquillitate
3437 3385 3493 3436 et
3511 3373 3679 3455 quie-

2037 3469 2091 3523 te
2119 3461 2357 3542 plenus.
2393 3464 2526 3523 time
2549 3463 2648 3523 ille
2676 3471 2984 3543 reputans,
3009 3464 3296 3526 discessit
3325 3463 3616 3544 deinceps
3644 3480 3678 3523 a

2032 3549 2399 3626 caanobio,ct
2422 3551 2746 3613 solitariam
2776 3552 2952 3614 vitam
2987 3563 3076 3615 est
3097 3555 3428 3634 amplexus:
3458 3561 3517 3615 et
3537 3571 3672 3614 cum

2029 3641 2628 3722 aliquando,propter
2645 3660 2816 3702 usum
2850 3644 3166 3720 quemdam
3191 3661 3346 3723 aqua
3366 3642 3678 3724 implesset

2033 3729 2311 3811 poculum
2343 3729 2492 3810 (63),
2526 3731 2709 3811 idque
2730 3731 3015 3793 voluisset
3037 3733 3202 3793 humi
3237 3732 3676 3813 aliquantisper

2033 3819 2362 3900 deponere,
2400 3821 2686 3881 nonnulla
2719 3819 2959 3896 maligni
2997 3829 3122 3881 arte
3152 3821 3210 3882 id
3243 3839 3524 3882 eversum
3559 3828 3672 3882 est.

2031 3907 2197 3980 Quod
2224 3908 2466 3990 quidem
2489 3907 2591 3969 ubi
2619 3928 2736 3970 non
2763 3910 2950 3970 semel
2977 3911 3339 3983 tantum,sed
3373 3908 3548 3970 etiam
3584 3910 3674 3970 bis

2033 4008 2090 4060 et
2121 4007 2214 4060 ter
2243 3999 2530 4079 deinceps
2559 3999 2900 4070 accidisset,
2939 4007 3064 4062 tum
3109 3998 3297 4060 iratus
3339 4006 3429 4061 est
3461 3998 3667 4072 frater,

2034 4099 2154 4150 tum
2186 4088 2260 4149 ab
2292 4088 2396 4150 irae
2427 4089 2649 4169 impetu
2674 4087 3169 4163 devictus,statim
3191 4087 3271 4149 ita
3295 4095 3358 4149 ut
3389 4087 3667 4163 habebat,

2032 4177 2196 4240 humi
2223 4179 2476 4258 projecit
2505 4178 2807 4257 poculum,
2844 4178 3107 4259 illudque
3137 4179 3453 4258 confregit:
3489 4191 3671 4255 atque

2029 4269 2117 4329 sic
2148 4267 2394 4330 omnino
2424 4267 2749 4329 ludibrium
2786 4267 2974 4330 multo
3004 4267 3195 4348 majus
3222 4269 3541 4349 acriusque
3574 4270 3674 4330 de-

2029 4357 2158 4420 buit
2183 4356 2451 4421 inimico.

379 4447 508 4522 NB'.
555 4461 691 4534 Πρὸς
752 4466 916 4515 ταῦτα
963 4456 1095 4536 γελᾷ
1131 4459 1230 4532 μὲν
1273 4460 1300 4515 ὁ
1343 4457 1679 4533 Κλήματνος,
1731 4456 1938 4538 διαθερ-

2109 4446 2229 4510 LII.
2263 4447 2352 4509 Ad
2388 4447 2523 4538 haec!
2545 4446 2966 4538 ridetquidem
3000 4447 3457 4538 Clematius,per
3482 4448 3670 4538 urba-

298 4549 510 4621 μανθεὶς
570 4548 671 4614 τὴν
725 4549 910 4625 ψυχὴν
971 4552 1048 4618 τῷ
1116 4547 1308 4621 ἀστείῳ
1340 4555 1478 4647 Ἰ,τοῦ
1547 4545 1886 4626 διηγήματος
1921 4566 1934 4579 ⁸

2025 4540 2269 4599 nitatem
2305 4536 2666 4598 narrationis
2701 4535 3086 4598 incalefactus
3143 4537 3366 4599 animo.
3425 4537 3671 4600 Divinus

618 4635 660 4656 κς
731 4639 741 4652 ο
1049 4636 1063 4656 9
1118 4637 1129 4655 ο
1340 4625 1369 4647 τ
1658 4625 1663 4626 ⁷
1841 4637 1854 4652 ο
1934 4637 1944 4657 θ

298 4638 554 4716 προσχὼν
613 4655 668 4694 οε
728 4661 757 4693 ο
813 4641 955 4700 θεῖος
1005 4639 1284 4716 Ευθυμιος,
1362 4644 1533 4714 Ηπου,
1597 4639 1781 4718 φησὶν,
1837 4660 1938 4693 υπο

2044 4647 2164 4691 νει-ο
2187 4625 2539 4718 Eutbymins
2575 4644 2640 4688 re
2669 4626 3091 4718 animadversa
3121 4647 3135 4686 :
3176 4627 3668 4718 Nunqu‘id,ait,tu

297 4714 712 4806 τίνοςξάδελφὲ,
760 4728 994 4803 πονηροῦ
1045 4726 1132 4782 καὶ
1191 4726 1252 4783 σὺ
1309 4727 1611 4806 κεκίνησκι,
1660 4724 1935 4802 δαίμονος,

2044 4736 2288 4798 μιοῳιθ,
2322 4716 2530 4786 frater,
2583 4722 2779 4775 motus
2806 4732 2872 4776 es
2893 4732 2927 4775 a
2954 4714 3108 4776 malo
3140 4715 3338 4796 aliquo
3369 4716 3668 4792 daemone,

297 4814 374 4871 ὅτι
437 4815 533 4872 καῖ
616 4814 776 4894 γελᾷς
856 4814 1024 4880 οῧτως
1097 4815 1473 4896 ἀναισχύντως
1532 4815 1627 4872 καί
1682 4817 1935 4891 ίταμῶς;

2044 4807 2180 4888 ιυοά
2209 4806 2360 4868 adeo
2389 4803 2797 4867 inverecunde
2821 4813 2879 4864 et
2900 4801 3284 4883 impudenter
3317 4805 3513 4867 rides?
3533 4826 3667 4867 cum

295 4901 408 4962 δέον
463 4893 732 4983 ὀδύρεσθαι
789 4906 880 4961 καὶ
939 4909 1177 4982 θρηνεῖν,
1238 4893 1339 4972 την
1393 4905 1595 4963 ἐκεῖθεν
1645 4906 1935 4982 παράκλη-

2044 4904 2300 4979 ιροτιθτε
2334 4895 2482 4957 flere
2513 4903 2572 4956 et
2601 4893 3302 4968 lamentari,suasionem
3333 4894 3476 4957 inde
3507 4914 3667 4956 sum-

297 5017 400 5069 σιν,
427 4992 813 5074 ἐκδεχόμενον,
847 4993 1004 5075 εἴπερ
1034 4994 1240 5065 ἀληθής
1289 4994 1433 5051 ἐστιν
1480 4998 1508 5050 ὂ
1551 4996 1669 5053 τότε
1703 4993 1932 5052 δικάσων

2044 4998 2175 5049 itam
2199 4983 2653 5059 admittendo,si
2682 5001 2855 5044 verax
2889 4992 2999 5055 est,
3035 4983 3136 5065 qui
3163 4993 3304 5046 tunc
3329 4993 3531 5044 noster
3553 4984 3668 5052 erit

297 5083 452 5159 ἡμῖν,
513 5084 804 5163 μακαρίους
865 5085 961 5160 μὲν
1022 5085 1140 5150 τοὺς
1198 5093 1286 5142 νῦν
1335 5085 1648 5150 πειιθοῦντας
1720 5085 1934 5142 ἀποκα-

2047 5078 2230 5155 udex,
2261 5073 2400 5135 dum
2435 5071 2912 5163 beatosquidem
2941 5072 3202 5163 appellat
3233 5089 3334 5134 eos
3353 5074 3465 5163 qui
3503 5090 3660 5163 nunc

295 5171 401 5228 λῶν
465 5173 615 5252 (Ὅτι
655 5160 731 5248 ί,
777 5175 931 5254 φησὶ,
1007 5173 1557 5252 παρακληθήσονται),
1618 5175 1824 5238 ἀθλίους
1883 5173 1936 5231 δὲ

2045 5175 2274 5248 ugent;
2308 5163 2467 5244 quia,
2501 5161 2713 5244 inquit,
2750 5161 3220 5224 consolationem
3244 5160 3539 5240 accipient
3576 5161 3656 5236 '0;

367 5278 400 5328 9
432 5279 583 5342 Vita:
613 5278 776 5343 Patr.
811 5296 898 5356 Ill,
927 5279 1007 5342 98
1040 5298 1055 5355 ;
1100 5299 1158 5355 ν,
1192 5296 1298 5355 vn,
1333 5280 1436 5342 33.
1522 5281 1574 5326 ίο
1603 5281 1805 5362 Matth.
1841 5300 1897 5344 v.
1930 5280 1956 5340 ti

2057 5279 2198 5336 Luc.
2230 5287 2314 5343 γι,
2346 5267 2446 5330 25.

1614 5361 1869 5439 ιτΑῐιιιΕ
1900 5361 2334 5440 LECTIONES.

450 5472 464 5502 ‘
494 5469 574 5531 al.
609 5468 832 5531 ἀδικίαν,
893 5481 919 5514 ³
949 5469 1026 5532 al.
1061 5471 1226 5547 βίους.
1314 5481 1338 5509 '
1367 5469 1448 5544 al,
1487 5471 1728 5547 ἠρεμίας,
1797 5484 1820 5514 ι
1850 5471 1932 5532 al.
1965 5467 2153 5528 inser.
2188 5458 2354 5529 αὗταί,

1507 5561 1724 5627 1οΑΝ;
1768 5556 2134 5628 BOLLANDI
2179 5549 2436 5613 NOTAE.

355 5649 465 5718 (62,
503 5651 747 5708 Narrant
805 5652 860 5709 id
916 5653 973 5710 in
1028 5653 1160 5710 Vitis
1217 5654 1456 5710 Patrum
1512 5651 1769 5713 Rumnus
1825 5665 1926 5714 aut

288 5722 548 5796 quisquis
579 5722 700 5796 ejus
728 5724 862 5783 libri
893 5733 1090 5785 auctor
1120 5735 1224 5794 est,
1262 5725 1362 5784 lib.
1395 5723 1449 5791 3,
1487 5736 1548 5780 ιι.
1578 5726 1650 5784 98
1678 5739 1734 5788 et
1755 5728 1922 5786 Pela-

2006 5639 2284 5722 giusmli'b.
2310 5640 2374 5722 _5,
2407 5639 2561 5722 libel.
2597 5640 2682 5721 tt},
2725 5653 2783 5722 n_.
2822 5637 2950 5722 12g.

2078 5715 2191 5790 (63)
2222 5709 2493 5784 Pelagius
2524 5710 2872 5778 suriscutam,
2907 5710 3167 5770 Bullinus
3196 5725 3313 5769 vas.
