4072 6206
373 340 497 411 641
1705 341 1890 408 VITA
1937 343 1996 405 S.
2047 339 2459 405 EUTHYMII.
3647 348 3765 414 642

368 484 520 556 αύτῷ
609 483 699 537 καὶ
768 481 883 559 περὶ
959 478 1212 560 Rupilio»
1285 486 1379 536 τοῦ
1453 469 1866 556 Ἀλεξανδρείας,
1937 478 2016 534 κᾶἶ

2111 475 2246 535 nica
2293 473 2553 554 synodus
2579 482 2736 537 esset
2781 493 2917 537 mox
2947 476 3166 556 Ephesi
3208 480 3625 558 congreganda
3645 481 3755 543 ad-

371 579 470 628 τοῦ
530 570 837 636 Μελιτηνῆς
896 569 1173 645 Ἀκακίου,
1219 569 1355 628 ὃτως
1398 589 1456 624 τε
1499 569 1690 645 θερμὸν
1739 570 1868 646 ὑπὲρ
1928 571 2016 634 τῆς

2107 581 2314 624 versus
2340 565 2506 624 illum
2536 563 2926 646 impium.His
2953 583 3097 646 ergo
3120 569 3204 629 sic
3227 568 3402 630 dictis
3423 588 3456 631 a
3475 569 3760 652 Synodio,

369 658 674 737 ἁρθοδοξὶας
711 669 738 712 1
841 659 1128 738 εἶσρέροιεν
1212 657 1414 730 ζῆλον·
1505 659 1590 714 καὶ
1673 657 1754 714 ὅτι
1840 657 2016 730 μέλλοι

2108 657 2310 717 animo
2334 659 2560 718 laetatus
2585 665 2674 718 est
2695 656 3063 738 Euthymius,
3101 659 3238 721 talia
3267 660 3475 724 dicens
3498 663 3572 723 de
3603 665 3760 726 Aca-

371 749 508 806 ὅσον
565 747 773 808 οὖδέπω
842 749 930 804 καὶ
1002 747 1342 822 οἰκουμενικὴ
1414 745 1624 810 σύνοδος
1695 747 1748 802 ἐν
1819 743 2016 824 Ἐφέσᾳ

2108 745 2308 821 cio,ad
2336 765 2512 826 quem
2541 765 2691 826 puer
2720 747 3066 828 ventitabat,
3100 757 3157 809 et
3188 768 3218 808 a
3242 769 3358 829 quo
3381 751 3572 814 fuerat
3591 752 3761 816 insti-

365 840 511 896 κατὰ
567 847 659 896 τοῦ
711 836 989 901 δυσσεϐῶς
1051 837 1249 893 ἐκείνου
1300 838 1750 913 συγκροτιῶἦναι.
1817 836 2016 894 Τούτων

2111 844 2266 898 tutus
2299 835 2357 896 in
2387 837 2675 898 exercitio
2709 837 3066 900 litterarum.
3101 837 3334 900 Deinde
3367 858 3504 902 vero
3533 860 3668 904 cum
3705 845 3763 906 ei

367 932 466 986 οὖν
520 929 660 986 οὕτω
719 929 862 1004 παρᾶ
920 928 1013 984 τοῦ
1069 924 1313 986 Συνοδίου
1371 926 1695 1006 λεχθέντων,
1728 924 1870 993 ἥσθη
1932 927 2031 993 τὴν

365 1021 561 1099 ψυχὴν
624 1020 652 1074 ὁ
725 1018 1007 1091 Εὖθύμιος,
1065 1018 1283 1074 τοιαῦτα
1343 1019 1462 1096 περὶ
1519 1015 1770 1073 Ἀκακίου
1820 1015 2026 1091 μαθὼν,

364 1108 524 1182 ᾧτινι
588 1119 718 1172 παῖς
777 1105 852 1162 ὤν
914 1105 1124 1185 ἐφοίτα,
1155 1107 1243 1162 καὶ
1301 1103 1387 1186 ὑφ’
1445 1110 1491 1180 ᾦ
1541 1105 1638 1174 τὴν
1696 1110 1803 1161 τῶν
1847 1126 2026 1184 γραμ-

365 1197 560 1270 μάτων
616 1195 849 1262 ἄσκησιν
913 1191 1243 1256 ἕπαιδεύετο.
1305 1193 1540 1252 ’Ἔπειτα
1600 1195 1782 1270 μέντοι
1829 1215 2025 1249 συντα-

366 1285 591 1351 ξάκενος
663 1284 808 1358 αὐτῷ
876 1283 970 1340 καί
1045 1281 1319 1361 Συνιὶδιος,
1378 1282 1589 1360 ἀπαίρει
1663 1289 1761 1350 τῆς
1831 1281 2025 1362 λαύρας

366 1375 641 1455 Στέφανον
697 1370 1022 1453 παραλαϐὼν
1070 1375 1162 1430 τὸν
1220 1371 1462 1449 ἄνεψιὸν,
1497 1375 1570 1436 εἰς
1614 1373 1713 1440 τήν
1772 1373 1926 1451 ἁγίαν
1969 1395 2027 1429 τε

2117 925 2503 986 valedixisset
2533 925 2849 1006 Synodius,
2886 926 3198 990 discedite
3221 928 3411 1009 laura,
3446 949 3766 995 assumens

2115 1013 2482 1094 Stephanum
2512 1015 3028 1090 consobrinum,et
3051 1017 3173 1078 abit
3199 1018 3258 1078 in
3281 1028 3544 1081 sanctam
3569 1022 3764 1084 civita-

2114 1113 2452 1181 tem,atque
2477 1105 2798 1185 persuadet
2815 1107 2870 1167 ei
2888 1108 3025 1184 (68)
3043 1108 3139 1169 cui
3163 1110 3489 1170 commissa
3511 1120 3637 1172 erat
3656 1109 3767 1174 Ec-

2112 1194 2310 1256 clesiae
2342 1193 2504 1255 illius
2533 1194 2911 1273 gubernatio,
2947 1204 3011 1256 ut
3052 1197 3422 1278 Stephanum
3457 1211 3766 1281 cooptaret

2109 1283 2169 1344 in
2200 1301 2518 1345 numerum
2545 1302 2791 1345 suorum
2826 1285 3237 1350 diaconorum.
3273 1286 3380 1349 Ille
3408 1304 3605 1350 autem
3639 1308 3758 1354 una

2112 1391 2248 1435 cum
2283 1391 2354 1436 eo
2383 1373 2621 1436 ordinat
2651 1392 2893 1455 quoque
2923 1374 3194 1438 Cosmam
3229 1374 3668 1458 Cappadocem,
3703 1389 3762 1442 et

365 1464 542 1522 ἄνεισι
604 1461 784 1537 πόλιν,
841 1465 928 1520 καὶ
983 1466 1150 1520 πείθει
1210 1464 1301 1519 τὸν
1363 1461 1458 1530 την
1516 1462 1694 1542 ἀρχὴν
1753 1467 1854 1530 τῆς
1910 1460 2016 1518 κατ¹

411 1555 426 1568 .
479 1555 491 1568 .
595 1556 608 1568 .
693 1552 713 1568 ς
811 1553 822 1568 .
1246 1552 1256 1568 .
1621 1556 1645 1568 λ
1696 1558 1723 1568 ..
1949 1553 1963 1568 .

2114 1476 2440 1544 utrumque
2471 1462 2662 1524 refert
2693 1464 2750 1523 in
2785 1464 3172 1526 niaconorum
3209 1466 3482 1568 chorum.

367 1555 538 1623 αὖτήν
595 1552 886 1621 ἱκκλησίας
930 1552 1372 1628 πεπιστευμένον,
1438 1556 1822 1628 συναριθμῆσαι
1883 1553 1968 1608 καὶ
2025 1552 2296 1632 Στέφανον
2353 1567 2470 1614 τοῖς
2524 1552 2614 1610 ὑπ’
2675 1553 2818 1628 αὒτῷ
2876 1553 3167 1619 διακόνοις.

3253 1566 3292 1614 Ο
3352 1557 3404 1613 δὲ
3465 1560 3557 1615 σὺν
3619 1564 3760 1636 αύτῷ

365 1647 463 1702 καί
501 1649 716 1719 Κοσμᾶν
749 1645 839 1698 τὸν
873 1640 1238 1710 Καππαδόκην
1267 1655 1598 1723 χειροτονεῖ,
1629 1643 1717 1699 καὶ
1752 1649 1828 1716 τῷ
1858 1648 2009 1722 χορῷ
2035 1641 2365 1722 ἀμφοτέρους
2398 1643 2504 1698 τῶν
2527 1643 2789 1699 διακόνων
2821 1643 3186 1724 ἐγκαταλεγει.

452 1721 582 1796 ΝΕ’.
657 1731 1076 1809 Ἀθροιζομένων
1152 1730 1207 1788 δὲ
1263 1721 1395 1812 πρὸς
1466 1731 1566 1800 τὴν
1632 1731 1847 1789 σύνοδον
1892 1721 2019 1799 ἤδη

367 1824 474 1880 τῶν
561 1829 842 1902 πανταχοῦ
926 1821 1236 1879 ἐπισκόπων
1269 1868 1286 1896 ,
1362 1823 1447 1880 καὶ
1518 1819 1828 1898 μελλόντων
1897 1819 2019 1878 ὅσον

366 1912 520 1971 οὔπω
597 1915 690 1969 καὶ
757 1918 864 1970 τῶν
934 1917 1034 1978 τῆς
1107 1910 1467 1978 Παλαιστίνης
1539 1912 1655 1968 ἐκεῖ
1725 1910 2019 1990 συνελθεῖν,

365 2001 672 2060 ἐντέλλεται
730 2003 758 2058 ὂ
791 2001 960 2080 μέγας
1025 2001 1281 2077 Εὗθύμιος
1333 2002 1513 2081 Πέτρῳ
1568 2005 1646 2071 τῷ
1674 2009 1781 2059 τῶν
1839 2009 2078 2106 Σειιρα-τι

362 2092 547 2159 κηνῶν
633 2091 941 2170 ἐπισκόπει),
1006 2089 1244 2168 Κυρίλλνμ
1312 2099 1389 2164 τῷ
1462 2089 1859 2170 Ἀλεξανδρείας
1933 2091 2056 2146 καὶ⁸

363 2181 603 2254 Ἀκακίῳ
657 2187 732 2255 τῷ
792 2180 1095 2248 Μελιτηνῆς
1164 2181 1553 2258 προστίθεσθαι,
1615 2182 1700 2236 καὶ
1759 2179 1893 2256 ἅπερ
1955 2179 2017 2234 ἃν

360 2273 584 2334 ἐκείνοις
643 2269 820 2349 δοκεῖ,
852 2277 1016 2327 ταῦτα
1064 2271 1152 2326 καὶ
1211 2272 1352 2341 αὐτῷ
1384 2267 1683 2332 συνδοκεῖν.
1751 2270 2016 2330 Κάκεῖνος

359 2367 460 2427 τῆς
530 2359 747 2417 συνόδου
819 2358 1146 2431 τελεθείσης,
1205 2360 1348 2424 αὖθις
1409 2361 1538 2437 πρὸς
1595 2367 1685 2415 τόν
1762 2360 2016 2434 Εὒθύμιον

357 2451 720 2528 ἀναστρέψας,
787 2450 960 2507 πάντα
1016 2449 1312 2528 καταμέρος
1393 2453 1534 2522 αὐτῷ
1591 2446 1860 2527 διηγεῖται
1919 2448 2016 2503 ὅσα

355 2563 420 2599 τι
477 2539 812 2617 συμϐέϐηκεν
867 2539 953 2595 ἐπ’
1031 2541 1221 2618 αὐτῆς,
1281 2540 1368 2595 καὶ
1435 2538 1554 2594 ὅποι
1589 2549 1610 2577 ³
1673 2539 2012 2617 κεχώρηκεν.

357 2634 425 2689 Ὀ
483 2629 536 2688 δὲ
608 2633 673 2686 τά
734 2652 791 2686 τε
850 2629 988 2686 ἄλλα
1046 2637 1151 2685 τῶν
1211 2630 1509 2707 γεγονότων
1579 2629 1680 2684 ὑπὸ
1739 2634 1846 2684 τῶν
1917 2627 2014 2695 τῆς

358 2719 660 2788 Ἀνατολῆς
727 2719 1035 2776 ἔπισκὸπων
1084 2719 1288 2794 μαθὼν,
1323 2719 1409 2774 καὶ
1441 2717 1520 2772 ὅτι
1573 2720 1600 2773 ὁ
1653 2716 1750 2784 τῆς
1801 2717 2012 2774 Ἀντιόο

2160 1729 2469 1794 XL.Porro
2491 1750 2626 1793 eum
2645 1731 2770 1811 jam
2799 1745 3307 1812 congregarentur
3329 1737 3594 1818 undique
3616 1739 3750 1819 epi-

2104 1821 2268 1901 scopi
2287 1820 2359 1881 ad
2392 1821 2705 1902 synodum,
2745 1839 3004 1902 moxque
3033 1823 3172 1886 illuc
3195 1826 3547 1888 conventuri
3577 1827 3755 1890 etiam

2105 1918 2304 1970 essent
2363 1910 2631 1990 episcopi
2665 1909 2980 1974 Palestina;
3031 1913 3182 1993 (69),
3222 1916 3466 1976 mandat
3499 1933 3752 1994 magnus

2103 1996 2458 2078 Euthymius
2491 1998 2664 2061 Petro
2709 2007 2994 2082 episcopo
3031 2002 3159 2081 ('70)
3201 2000 3662 2079 Saracenorum,
3696 2015 3757 2066 ut

2099 2088 2452 2168 adjungeret
2481 2107 2545 2152 se
2564 2090 2638 2152 ad
2661 2091 2949 2170 Cyrillum
2976 2093 3067 2160 (7i
3086 2096 3108 2169 )
3129 2093 3508 2156 Alexandria
3533 2105 3591 2156 et
3613 2099 3758 2158 Aca-

2100 2179 2256 2240 cium
2301 2179 2640 2254 Melitenes,
2675 2189 2734 2241 et
2779 2199 2910 2260 quae
2939 2182 2994 2243 ei
3039 2184 3364 2256 videretur,
3398 2204 3466 2246 ea
3515 2204 3757 2266 quoque

2100 2268 2542 2348 comprobaret.
2579 2274 2773 2350 Atque
2805 2271 2906 2332 ille
2948 2282 3186 2352 peracta
3217 2276 3439 2354 synodo
3472 2293 3754 2338 reversus

2100 2356 2171 2417 ad
2205 2356 2606 2437 Euthymium,
2635 2361 2690 2419 ei
2715 2359 2916 2420 omnia
2943 2361 3280 2438 singulatim
3304 2363 3584 2424 edisserit
3613 2383 3750 2444 qua:

2102 2445 2161 2506 in
2189 2463 2257 2507 ea
2275 2455 2620 2522 evenerant,
2646 2457 2704 2508 et
2728 2467 2985 2527 quonam
3010 2456 3436 2529 processerint.
3464 2450 3518 2512 Is
3548 2462 3746 2514 autem

2103 2545 2412 2617 postquam
2467 2537 2580 2601 alia
2610 2556 2854 2618 quoque
2910 2537 3141 2615 didicit,
3176 2559 3308 2620 quae
3341 2541 3624 2603 nimirum
3672 2541 3748 2604 ab

2100 2626 2402 2705 episcopis
2453 2627 2717 2689 Orientis
2765 2628 2918 2690 facta
2950 2627 3204 2709 fuerant,
3238 2630 3512 2710 quodque
3560 2630 3746 2695 Joan-

2099 2734 2229 2789 nes,
2267 2716 2380 2792 (72)
2412 2717 2512 2798 qui
2540 2725 2791 2798 praeerat
2820 2719 3175 2796 Antiochiae,
3211 2720 3320 2782 etsi
3353 2722 3744 2795 orthodoxus,

350 2834 463 2892 χου
493 2822 523 2856 ³
593 2811 865 2888 προεστὼς
937 2808 1194 2874 Ἰωάννης
1265 2806 1535 2887 ὀρθόδοξος
1603 2806 1696 2883 ὢν,
1755 2821 1873 2871 τοῖς
1945 2810 2010 2864 τὰ

2106 2802 2373 2867 inductus
2422 2814 2619 2868 tamen
2674 2805 2908 2881 fuisset,
2943 2815 3004 2868 ut
3052 2808 3262 2869 eadem
3295 2813 3548 2870 sentiret
3608 2827 3746 2871 cum

348 2900 644 2978 Νεστορίου
727 2906 944 2979 φρονοῦ,
1017 2899 1083 2955 τὰ
1153 2896 1316 2972 ὅμοια
1369 2910 1601 2978 φρονεῖν.
1657 2899 2004 2980 συναπήχθη,

347 2989 500 3066 λῦπῃ
528 2989 629 3058 τὴν
672 2987 887 3068 καρδίαν
916 2986 1132 3066 ιπὴίγη
1162 2985 1333 3063 δεινῇο

439 3077 589 3154 κζ’.
628 3085 716 3153 Τῷ
762 3078 868 3153 ἴσῳ
897 3076 954 3134 δὲ
985 3079 1139 3135 πάθει
1191 3077 1280 3134 καὶ
1313 3076 1516 3152 Δόμνος
1562 3075 1816 3134 ὁέκείνου
1868 3099 2004 3134 κατ-

357 3169 561 3248 εσχέθη
618 3168 864 3244 ἀνεψιός.
922 3167 1204 3246 Τοιγάρτοι
1274 3167 1363 3224 καὶ
1433 3164 1645 3236 δοθτὶναι
1712 3171 1856 3243 αὖτῷ
1914 3169 2009 3236 τὴν

358 3261 414 3318 ἐν
475 3261 784 3340 Ἀντιοχείᾳ
843 3258 1064 3318 κάθοδον
1120 3258 1295 3316 ἐδεῖτο
1355 3259 1633 3335 Εὖθυμίου,
1681 3258 1818 3316 ὥστε
1875 3261 2013 3317 ὑπο-

357 3349 706 3408 σκελισθέντα
777 3352 869 3408 τὸν
937 3354 1084 3407 θεῖον
1154 3347 1483 3421 ἆναλαϐειν,

357 3442 604 3516 κείμενον
637 3441 960 3520 ἀνορθῶσαι.
1024 3439 1121 3497 Καὶ
1170 3439 1230 3502 ’ὃς
1288 3438 1384 3495 οὒκ
1433 3437 1650 3518 ἀσφαλῆ
1681 3440 1780 3506 τὴν
1837 3441 2020 3496 huic:

358 3530 538 3597 ἄφιξιν
581 3529 864 3610 προειδὼς,
922 3528 1060 3586 ἀλλὰ
1117 3529 1204 3586 καὶ
1275 3527 1560 3596 ἀλυσιτελῆ
1616 3527 1823 3604 μᾶλλον
1879 3529 2022 3604 αύτῷ

353 3621 448 3679 καὶ
506 3620 838 3700 ἀσύμφορον,
895 3618 1117 3694 Οὔκουν,
1168 3621 1213 3674 ὦ
1275 3618 1483 3699 τέκνον,
1545 3621 1730 3698 φησὶν,
1792 3621 1852 3676 οὗ
1906 3622 2017 3700 χρή

353 3732 413 3768 σε
492 3714 592 3778 τῆς
675 3709 871 3786 λαύρας
954 3710 1337 3789 ὑποχωρῆσαι.
1411 3706 1542 3765 Οὔτε
1625 3707 1727 3786 γὰρ
1809 3708 2019 3770 ἐκεῖνος

351 3798 530 3857 δεῖται
569 3799 664 3867 τῆς
727 3804 827 3866 σῆς
883 3800 1196 3877 παρουσίας⁶
1259 3793 1380 3854 ἀλλ’
1441 3798 1486 3854 εἰ
1540 3799 1627 3853 καὶ
1683 3798 1861 3879 βραχὺ
1920 3805 2018 3868 τῆς

348 3890 531 3967 ὑγιοῦς
577 3887 810 3955 ἰξέκλινε
855 3889 1109 3960 πίστεως,
1159 3884 1280 3944 ἀλλ’
1334 3886 1362 3942 ὅ
1393 3907 1454 3965 γε
1499 3885 1632 3950 Θεὸς
1677 3888 1773 3956 τὴν
1815 3889 2016 3946 ἓκείνου

347 3977 568 4054 καρδίαν
653 3977 803 4044 εἰδὼς
885 3979 1050 4055 ὀρθῶς
1131 3975 1392 4058 ἔχουσαν,
1467 3974 1624 4040 αῧτός
1707 3979 2014 4058 ἓπιστρὲψει

349 4069 536 4141 αὐτὸν,
593 4069 684 4124 καὶ
739 4069 870 4145 πρὸς
931 4068 993 4124 τὸ
1053 4065 1110 4122 εὖ
1166 4065 1298 4145 ἕχον
1343 4065 1546 4130 ἀνάξει,
1584 4067 1682 4123 Καὶ
1741 4067 1802 4121 σὺ
1860 4065 1939 4142 δὲ,
1971 4070 2016 4123 ὦ

351 4157 569 4232 τέκνον,
614 4159 659 4214 εἶ
720 4158 820 4232 μὲν
879 4164 926 4232 ᾦ
968 4154 1202 4225 ἐκλήθης
1253 4155 1403 4230 τόπῳ
1457 4155 1511 4211 ἐν
1569 4156 1742 4228 τούτῳ
1801 4159 1887 4214 καὶ
1941 4159 2014 4224 εἷς

347 4243 503 4310 τέλος
580 4246 897 4321 ὑπομενεῖς,
962 4243 1282 4323 προκόπτων
1352 4242 1470 4320 ἔσῃ,
1534 4245 1622 4298 καὶ
1690 4240 2012 4324 δοξασθῆση,

349 4333 505 4400 δόξαν
557 4331 622 4402 δη
676 4334 776 4402 τὴν
823 4333 1002 4402 ἄληθῆ
1061 4335 1148 4389 καὶ
1206 4331 1344 4388 κατὰ
1399 4333 1531 4388 Θεὸν
1587 4333 1672 4388 καὶ
1743 4331 2012 4409 μηδέποτε

349 4422 760 4486 διαπίπτουσαν.
843 4424 904 4480 Ei
967 4421 1020 4478 δὲ
1093 4422 1298 4478 τούτων
1367 4421 1672 4495 ἀμελήσας,
1733 4425 1822 4480 καὶ
1888 4426 2011 4490 τοὺς

350 4515 452 4580 τῆς
518 4517 794 4590 ὑπομονῆς
879 4511 1179 4592 λογισμοὺς
1262 4510 1551 4590 ἀτιμάσας,
1622 4515 1720 4579 τῆς
1803 4510 2008 4592 λαύρας

2096 2892 2348 2956 Nestorii
2399 2895 2514 2970 (73)
2547 2895 2968 2974 sectatoribus,
3001 2899 3165 2977 gravi
3211 2898 3320 2960 fuit
3351 2898 3595 2961 tristitia
3639 2918 3744 2962 cor

2091 2985 2222 3064 ejus
2253 2987 2610 3050 sauciatum.

2175 3075 2314 3137 LVI.
2351 3077 2576 3140 Eodem
2613 3077 2790 3140 modo
2820 3080 3070 3142 aﬂ‘ectus
3101 3079 3209 3140 fuit
3239 3081 3420 3141 etiam
3474 3079 3744 3143 Domnus

2095 3168 2336 3226 Joannis
2361 3171 2582 3227 sororis
2603 3169 3072 3238 ﬁlius.Quocirca
3105 3175 3324 3244 rogavit
3347 3172 3746 3244 Euthymium,

2097 3262 2161 3316 ut
2179 3255 2233 3316 ei
2259 3255 2709 3336 permitteretur
2729 3257 2817 3320 ire
2841 3257 3372 3339 Antiochiam,quo
3396 3258 3747 3340 supplanta-

1561 3350 1649 3405 καὶ
1720 3350 1845 3407 οἷον
1913 3347 2078 3417 ἤδηο
2104 3359 2224 3406 tum
2255 3351 2614 3409 avunculum
2647 3352 2998 3417 restitueret,
3022 3353 3253 3424 jamque
3288 3353 3437 3410 velut
3463 3354 3749 3424 jacentem

2105 3434 2381 3513 erigeret.
2418 3433 2525 3498 Ille
2548 3444 2774 3510 autem,
2809 3437 3141 3518 praevidens
3167 3455 3285 3499 non
3315 3437 3576 3499 futurum
3610 3438 3748 3501 illuc

2105 3532 2289 3585 tutum
2310 3524 2652 3600 adventum,
2680 3525 2784 3587 sed
2808 3527 2863 3588 ei
2888 3527 3084 3608 potius
3115 3527 3386 3588 inutilem
3420 3539 3479 3591 et
3510 3528 3748 3592 incom-

2103 3613 2368 3676 modum:
2404 3613 2816 3696 Nequaquam,
2842 3615 3058 3696 inquit,
3085 3636 3118 3678 ο
3142 3617 3248 3691 ﬁli,
3281 3637 3398 3679 non
3423 3629 3662 3700 oportet
3693 3629 3748 3683 te

2103 3721 2137 3764 a
2176 3703 2342 3764 laura
2369 3704 2684 3767 recedere.
2715 3703 2922 3785 Neque
2943 3706 3103 3766 enim
3138 3706 3236 3767 ille
3264 3716 3363 3768 tua
3393 3725 3544 3788 Opus
3569 3709 3749 3773 habet

2103 3791 2440 3873 praesentia;
2466 3791 2574 3854 sed
2607 3801 2664 3854 et
2687 3796 2734 3852 si
2769 3793 3071 3874 paululum
3096 3812 3130 3854 a
3158 3813 3300 3856 sana
3323 3795 3442 3858 fide
3469 3797 3746 3861 declina-

2099 3880 2366 3960 vit,Deus
2388 3881 2720 3962 tanien,qui
2743 3881 2904 3942 novit
2919 3900 3023 3943 cor
3043 3881 3204 3942 illius
3225 3891 3390 3944 recte
3412 3900 3478 3945 se
3496 3885 3742 3962 habere,

2103 3971 2230 4052 ipse
2253 3979 2560 4034 convertet
2587 3971 2808 4051 ipsum,
2832 3970 3196 4051 reducetque
3217 3973 3290 4033 ad
3320 3971 3647 4037 bonum.F.t
3678 3985 3740 4038 tu

2099 4080 2400 4142 quoque,o
2420 4061 2579 4135 lili,si
2604 4060 2844 4142 quidem
2871 4061 2931 4122 in
2949 4080 3064 4141 quo
3091 4071 3327 4123 vocatus
3343 4079 3408 4122 es
3425 4062 3648 4139 loco,in
3669 4084 3740 4126 eo

2096 4169 2290 4229 usque
2311 4150 2384 4212 ad
2407 4151 2587 4212 tinem
2614 4152 3041 4228 permanseris,
3068 4151 3369 4232 proﬁcies,
3403 4160 3460 4213 et
3488 4153 3736 4231 gloriam

2096 4259 2313 4322 nempe
2357 4258 2554 4302 veram
2588 4249 2646 4303 et
2694 4241 3025 4302 secundum
3060 4243 3276 4319 Deum,
3312 4261 3562 4323 quaeque
3592 4262 3741 4306 nun-

2096 4348 2270 4414 quam
2293 4329 2533 4393 excidit.
2568 4329 2733 4402 Quod
2757 4330 2807 4391 si
2840 4331 2964 4392 haec
2995 4331 3354 4410 neglexeris,
3383 4343 3440 4394 et
3468 4343 3741 4398 contem-

2097 4424 2210 4502 ptis
2242 4419 2696 4501 perseverantize
2719 4419 3180 4498 cogitationibus
3202 4440 3236 4482 e
3266 4421 3433 4484 laura
3458 4423 3741 4488 discede-

2093 4531 2160 4574 re
2207 4514 2570 4583 tentaveris,
2623 4507 2923 4571 obtinebis
2980 4510 3220 4591 quidem
3282 4512 3625 4590 dignitatem
3683 4527 3743 4578 et

1668 4615 1929 4684 VARUE
1965 4615 2399 4684 LECTIONES.

433 4709 460 4753 !
496 4698 782 4766 εὐσεϐείας,
869 4709 892 4741 ⁸
932 4697 1014 4762 δι.
1049 4698 1210 4763 ὅπου.
1296 4709 1320 4737 ⁸
1349 4697 1430 4763 al.
1465 4699 1822 4763 Ἀντιοχέων.

1571 4777 1793 4844 JOAN.
1840 4778 2217 4844 BOLLANDI
2265 4776 2506 4841 NOTIE.

425 4875 541 4945 (68)
575 4874 859 4933 iuvenali.

429 4944 546 5018 (69)
584 4947 949 5021 Nicepltorus
990 4944 1226 5021 lib.__u,
1285 4960 1413 5021 cap.
1450 4945 1545 5021 34.
1581 4947 1817 5021 Quinta
1880 4959 2009 5021 post

354 5017 739 5091 Pentecosten
767 5018 853 5074 die
874 5018 1174 5076 Iuvenalis
1205 5029 1339 5091 cum
1363 5017 1692 5076 Palaestinis
1721 5017 2011 5091 episcopis

356 5089 767 5164 veniLQuibus
790 5091 860 5147 ita
885 5089 1653 5164 convenientibusxelcbris
1670 5101 1743 5164 et
1760 5089 2012 5164 magnus

352 5162 456 5220 ille
495 5161 845 5234 Euthymius
903 5160 1559 5234 P_etro__Saracenoijumi
1588 5160 1889 5234 episcopo'
1909 5165 2012 5221 ab-

359 5236 525 5292 eunti
548 5229 912 5306 praiceptt,ut
939 5229 1139 5304 Cyrilli
1180 5232 1563 5290 Alexandrini
1586 5229 1641 5290 et
1671 5229 1859 5291 Acacii
1894 5234 2014 5293 Me.-

361 5305 659 5375 l.tenensi,
689 5306 932 5363 omnino
979 5305 1331 5375 sententiam
1392 5315 1757 5374 sequeretur,
1795 5306 2016 5364 colum-

355 5393 466 5448 nas
502 5386 558 5435 et
589 5374 812 5448 tastigia
852 5374 1182 5448 rectagrﬂdei
1224 5387 1322 5448 eos
1354 5389 1480 5448 esse
1508 5383 1771 5434 testatus.

365 5445 373 5458 '
433 5448 550 5521 (70)
591 5445 695 5521 Βία
727 5444 898 5521 ’(ειιῐιι⁸
949 5445 1135 5521 tribus
1178 5444 1320 5521 aliis
1376 5447 1668 5519 episcopis
1715 5463 1744 5505 a
1786 5448 2017 5521 S_ynodo

359 5518 574 5580 missus
613 5520 804 5592 luerat
832 5518 904 5576 ad
959 5518 1317 5592 Nestorium,
1348 5527 1414 5575 ut
1444 5518 1588 5575 eum
1627 5531 1700 5592 ne
1730 5535 1759 5592 a
1795 5518 2014 5592 synodi

359 5599 659 5651 consensu
701 5590 908 5650 abesse
949 5588 1162 5658 vellet,
1203 5597 1490 5656 moneret.
1522 5598 1585 5649 nt
1625 5587 1850 5662 legitur
1893 5604 2016 5663 par.

363 5665 418 5732 1,
453 5672 569 5723 act.
602 5663 656 5720 1.

438 5735 551 5808 (71)
611 5733 798 5804 Quam
825 5741 1000 5794 tenax
1051 5733 1180 5808 ejus
1209 5731 1413 5794 moniti
1465 5731 1662 5802 tuerit,
1688 5733 1812 5794 huic
1845 5733 2019 5794 verba

2029 4875 2214 4948 pejus
2251 4876 2308 4930 in
2331 4874 2562 4950 synodo
2583 4872 2804 4950 prolata
2835 4873 3113 4950 indicant:
3159 4895 3182 4927 ι
3208 4875 3576 4950 Ego.inquit,
3603 4878 3739 4937 huic

2092 4945 2397 5005 sententiae
2425 4946 2561 5020 (qua
2586 4945 2845 5020 synodus
2863 4945 3091 5004 Nicaeus
3129 4945 3306 5020 probis
3319 4945 3511 5020 batu'r)
3535 4945 3625 5007 me
3645 4964 3742 5007 so-

2091 5021 2249 5075 cium
2294 5017 2571 5090 ascribo,
2623 5016 3058 5088 ‘epistolamque
3132 5016 3326 5090 Cyrilli
3395 5016 3742 5078 sanctissimi

2094 5089 2611 5162 sacratissimique.
2635 5101 2696 5145 ut
2727 5103 2859 5162 quas
2879 5099 3090 5147 rectam
3125 5089 3393 5162 piamque
3417 5093 3741 5150 doctrinam

2093 5160 2621 5232 contineatLIaudo
2651 5169 2705 5216 et
2737 5161 2946 5232 probo,
2977 5180 3000 5211 ι
3041 5177 3160 5232 par.
3192 5166 3248 5228 2,
3281 5160 3366 5219 ac.
3405 5167 3452 5217 t.

2167 5232 2283 5302 (72)
2340 5230 2599 5289 Schisma
2637 5230 2926 5304 conﬂavit.
2963 5230 3354 5290 conciliabqu
3411 5232 3478 5290 43
3516 5235 3742 5304 episco-

2098 5318 2306 5377 porum
2361 5311 2560 5360 contra
2598 5303 2886 5377 synodum
2915 5312 3318 5377 congregato.
3372 5307 3510 5362 Acta
3553 5303 3739 5377 hujus

2097 5372 2275 5431 simul
2303 5372 2690 5446 cuimrsynodo
2725 5372 3004 5442 Ephesina
3037 5372 3282 5432 sistant.

2172 5446 2286 5516 (73)
2348 5445 2566 5503 Eodem
2636 5458 2792 5501 anno
2851 5456 3200 5516 congregata
3261 5447 3471 5504 iterum
3513 5450 3738 5575 εἴηοᾱο

2181 5522 2398 5575 mnavit
2471 5517 2741 5574 bauesim
2799 5515 3222 5575 Nestorianam.
3286 5518 3476 5574 missis
3564 5523 3738 5575 itteris

2101 5515 2398 5576 damnavit
2471 5517 2741 5574 bauesim
2799 5515 3222 5580 Nestorianam,
3286 5518 3476 5574 missis
3539 5515 3742 5579 litteris

2101 5589 2405 5668 synodicis
2461 5589 2534 5646 ad
2567 5586 2738 5668 βοτη.
2771 5587 3103 5658 pontiﬁcem
3133 5587 3358 5647 Sixtum
3392 5588 3469 5648 ΠΙ
3503 5601 3558 5652 et
3627 5592 3737 5668 Cy-

2158 5662 2302 5720 llum
2333 5657 2813 5721 Alexandrinum.
