4090 6198
442 289 559 355 647

1738 290 1792 354 Μ
1802 289 2020 355 ENSIS
2058 288 2516 356 IANUARIUS.

3681 291 3786 356 648

441 428 866 512 audientibus;
900 435 1079 508 atque
1120 433 1482 490 consecutus
1511 425 1624 488 fuit
1663 441 1867 488 rerum
1898 441 2077 488 even-

2173 423 2344 496 δήπου
2387 424 2494 481 τῶν
2550 425 2855 482 ἀκουόντων
2917 422 3084 498 ἔφησε
3116 437 3131 454 ⁶
3184 422 3276 480 καὶ
3319 424 3354 491 ἡ
3398 422 3484 480 ἐπὶ
3521 423 3620 481 τῶν
3660 446 3786 503 apa-

447 529 975 675 tuiXILTemho"
1009 606 1132 682 me,
1170 605 1270 686 qui
1301 612 1437 668 erat
1469 624 1692 687 genere
1721 610 2079 682 Saracenus,

440 721 573 765 cum
608 719 787 763 uxore
823 697 1100 760 habitans
1135 696 1350 768 sterili,
1373 715 1491 758 non
1516 697 1795 778 gignebat
1818 697 2081 772 liberos;

439 791 596 872 quod
629 791 684 850 ei
709 789 884 850 vitam
913 785 1211 849 efﬁciebat
1243 785 1493 849 minime
1537 789 1802 864 vitalem,
1835 795 2084 868 eratque

441 898 616 942 causa
647 878 875 940 doloris
901 876 1251 938 nullatenus
1285 876 1642 942 tolerabilis.
1677 879 1762 941 Ac
1792 877 1954 941 cedit
1978 876 2086 936 ita-

437 987 554 1052 que
586 967 908 1050 aliquando
962 985 1096 1028 cum
1151 985 1343 1028 uxore
1401 968 1474 1028 ad
1506 967 1926 1030 admirabilem
1957 965 2081 1028 Eu-

433 1058 748 1140 thymium,
811 1074 1055 1136 rogans,
1119 1056 1490 1138 supplicans,
1527 1057 1670 1138 quid
1705 1077 1825 1119 non
1857 1057 2084 1119 faciens

433 1165 502 1211 ex
535 1148 609 1210 iis
642 1166 775 1229 qua;
807 1155 1054 1228 possunt
1101 1147 1342 1208 trahere
1373 1147 1444 1208 ad
1481 1147 1985 1229 misericordiam,
2023 1155 2087 1208 ut

431 1237 483 1299 is
515 1246 740 1300 natura;
769 1237 1038 1299 defectus
1099 1237 1451 1312 solveretur,
1486 1244 1544 1298 et
1571 1236 1915 1318 aperiretur
1947 1245 2084 1298 ute-

431 1346 536 1390 rus
567 1328 640 1390 ad
670 1327 1047 1408 pariendum.
1075 1325 1183 1390 Ille
1206 1336 1407 1388 autem
1441 1346 1574 1389 cum
1610 1338 1700 1388 ter
1729 1328 1815 1389 eis
1846 1326 2086 1407 injecis-

430 1428 519 1480 set
577 1417 812 1497 signum
875 1417 1100 1492 crucis,
1163 1416 1504 1498 deindeque
1555 1417 1858 1499 lapideum
1909 1417 2079 1479 illum

430 1516 695 1569 ventrem
745 1507 1040 1586 tetigisset
1074 1526 1089 1568 :
1145 1507 1345 1580 Abite,
1381 1507 1598 1588 inquit,
1629 1508 1745 1569 laeti
1780 1511 1838 1570 in
1870 1507 2078 1571 Domi-

433 1617 531 1658 no.
568 1599 623 1660 Is
653 1598 880 1678 quippe
912 1595 1082 1659 vobis
1114 1597 1397 1660 concedit
1447 1607 1508 1658 ut
1537 1597 1872 1660 ceruamini
1901 1597 2077 1660 trium

429 1687 761 1750 liberorum
813 1695 1119 1768 parentes.
1178 1685 1386 1768 Itaque
1420 1687 1504 1750 illi
1538 1686 1600 1749 in
1629 1706 1912 1750 sermone
1945 1696 2075 1749 tan-

2167 537 2389 594 γματων
2421 511 2634 580 ἔκϐασις
2669 511 3031 583 ἠκολούθησε.

2247 606 2386 668 EB’.
2433 602 2675 682 Τερὲϐων
2716 605 2948 680 ἐκεῖνος,
3010 606 3069 668 ὃς
3099 602 3167 671 ἧν
3195 605 3257 661 τὸ
3283 602 3438 682 γένος
3473 604 3785 683 Σαρτιηνὸς,

2168 697 2346 776 στείρᾳ
2409 697 2612 775 γυναικὶ
2653 701 2941 775 συνοικῶν,
2985 692 3192 751 παίδων
3263 693 3458 772 ἄγονος
3517 693 3581 761 ἧν
3615 712 3626 725 ·
3672 691 3789 770 ὅπερ

2165 783 2394 844 ἀϐίωτον
2453 790 2597 860 αὖτῴ
2648 787 2738 842 τὸν
2815 786 2929 862 βίον
2988 784 3184 856 ἐποίει,
3245 788 3344 840 καὶ
3407 783 3576 850 λύπης
3628 783 3788 840 αἴτιον

2165 877 2234 945 ἦν
2285 879 2485 947 ἥκιστα
2541 881 2808 956 φορητῆς.
2859 874 3109 954 Πρόσεισι
3154 875 3330 932 τοίνυν
3372 874 3509 950 μετά
3559 872 3652 940 τῆς
3695 894 3786 949 γυ·-

2165 967 2350 1032 ναικός
2406 988 2536 1024 ποτε
2619 971 2697 1039 τῷ
2780 969 3072 1042 θαυμαστῷ
3166 965 3431 1039 Εὖθυμίῳ,
3488 959 3786 1035 ἀντιϐολῶν,

2164 1058 2439 1131 ἱκετεύων,
2496 1056 2546 1112 τί
2593 1057 2672 1132 μὴ
2728 1063 2897 1112 ποιῶν
2965 1055 3074 1113 τῶν
3148 1051 3452 1130 δυναμένων
3503 1051 3670 1108 ἕλκειν
3722 1053 3788 1116 είς

2168 1146 2344 1228 ἔλεον,
2391 1147 2529 1204 ὥστε
2573 1145 2794 1214 λυθῆναι
2839 1146 2936 1214 τὴν
2984 1144 3040 1200 ἐν
3082 1153 3179 1217 τῆς
3223 1145 3432 1218 φύσεως
3486 1142 3717 1221 πήρωσιν
3741 1149 3785 1215 ³,

2165 1237 2426 1316 καὶπρὸς
2489 1233 2688 1299 ὠδῖνας
2757 1236 2893 1311 αύτῇ
2952 1241 2991 1268 ¹¹¹
3050 1237 3139 1291 καὶ
3197 1235 3387 1298 τόκους
3446 1236 3543 1302 τὴν
3598 1232 3790 1310 μήτραν

2166 1325 2522 1405 διανοιγῆναι.
2584 1329 2645 1384 Ὀ
2708 1324 2762 1382 δὲ
2847 1326 3023 1402 τρίτον
3081 1325 3266 1388 αύτοϊς
3323 1324 3386 1380 τὸ
3438 1319 3532 1380 τού
3587 1326 3792 1400 σταυροῦ

2166 1429 2402 1493 σημεῖον
2460 1413 2755 1494 ἐπιϐαλὼν,
2825 1415 2952 1472 ε’ίτα
3015 1416 3105 1471 καὶ
3149 1414 3246 1482 τῆς
3303 1411 3556 1476 λιθώδους
3599 1409 3791 1477 ἐκείνης

2163 1509 2391 1587 γαστρὸς
2414 1506 2718 1582 ἁψάμενος,
2757 1505 2987 1580 "Anne,
3021 1525 3179 1584 φησι,
3213 1504 3497 1584 χαίροντες
3524 1501 3578 1559 ὲν
3612 1499 3788 1577 Κυρίῳ.

2167 1594 2360 1652 Δίδωσι
2406 1597 2508 1675 γὰρ
2550 1616 2701 1653 ουτος
2758 1595 2890 1669 ὑμῖν
2948 1595 3110 1672 τριῶν
3164 1589 3366 1649 παίδων
3423 1591 3646 1670 ὀφθῆναι
3688 1609 3790 1645 πα-

2161 1685 2337 1764 τέρας.
2371 1685 2611 1742 Ἐκεῖνοι
2663 1685 2763 1759 μὲν
2808 1686 2896 1741 οὖν
2952 1683 3136 1759 ὥσπερ
3196 1681 3356 1761 ἔργῳ,
3391 1687 3470 1755 τῷ
3501 1679 3644 1758 λόγῳ
3668 1675 3789 1754 θαρο

431 1797 604 1859 quam
640 1778 698 1839 in
724 1795 790 1839 re
816 1767 960 1858 ipsa
990 1767 1356 1838 collocanles
1390 1777 1665 1839 fiduciam
1701 1778 1944 1840 domum
1977 1798 2077 1842 re-

2165 1777 2446 1855 βήσαντες,
2508 1773 2692 1832 οἴκαδε
2769 1773 3105 1854 ἀνεχώρουν,
3185 1771 3407 1847 ἔμπλεῳ
3465 1771 3561 1838 τὴν
3617 1767 3790 1848 ψυχὴν

430 1867 698 1942 dierunt,
731 1866 932 1928 animo
965 1867 1168 1929 laetitia
1219 1868 1422 1948 pleno.
1454 1867 1582 1931 Jam
1619 1875 1816 1931 autem
1850 1879 1908 1932 et
1940 1888 2082 1952 par-

431 1967 527 2021 tus
560 1967 799 2039 tempus
819 1955 1241 2018 advenerat.Et
1273 1957 1464 2037 primo
1501 1957 1746 2034 quidem
1783 1959 1936 2039 parit
1965 1958 2079 2022 Pe-

431 2057 586 2109 trum
613 2047 958 2128 quemdam,
988 2055 1215 2127 patrem
1251 2047 1611 2121 Terebonis,
1641 2048 1739 2129 qui
1773 2049 2080 2131 Euthymii

429 2136 742 2219 discipulis
774 2137 902 2199 haec
933 2155 1072 2200 vere
1103 2146 1160 2200 et
1184 2152 1390 2218 aperte
1423 2139 1705 2200 narravit.
1739 2140 1949 2200 Postea
1979 2159 2081 2201 au-

431 2235 550 2288 tem
608 2227 794 2290 multo
857 2237 1128 2305 tempore
1183 2228 1525 2308 interjeclo.
1571 2247 1748 2290 verax
1782 2229 2081 2310 Euthymii

426 2316 971 2398 promissum,alios
993 2337 1230 2400 quoquo
1265 2318 1417 2381 duos
1448 2319 1660 2381 fratres
1691 2317 1941 2398 praebuit
1970 2320 2083 2382 Te-

429 2407 670 2470 rebonL

509 2495 654 2559 LIII.
708 2495 920 2560 Frater
970 2504 1100 2560 erat
1157 2498 1218 2560 in
1272 2499 1461 2575 laura,
1496 2497 1799 2583 Romanus
1827 2517 2074 2580 genere,

428 2586 673 2648 nomine
706 2585 1090 2662 lEmilianus,
1124 2589 1226 2668 qui
1250 2589 1467 2650 bonam
1503 2589 1678 2651 vitam
1712 2589 2072 2666 sectabatur,

427 2683 486 2737 et
517 2676 863 2757 praeclaram
899 2679 1358 2759 temperantiam
1394 2679 1486 2741 vel
1547 2682 1804 2742 maxime
1835 2698 1905 2742 ex
1947 2680 2080 2760 ipsa

424 2766 738 2846 amplexus
769 2767 961 2828 fuerat
983 2767 1573 2833 adolescentia.Huic
1605 2778 1784 2831 noctu
1805 2769 2077 2852 aliquan-

425 2855 524 2931 do,
562 2875 693 2922 cum
730 2868 891 2918 esset
920 2858 1269 2921 Dominicus
1292 2859 1445 2933 dies,
1471 2856 1762 2921 Inimicus
1793 2878 1866 2922 ex
1895 2878 2076 2922 carne

423 2942 648 3007 bellum
682 2965 859 3025 grave
891 2949 1238 3012 commovit.
1272 2951 1374 3012 Cui
1414 2967 1480 3012 se
1515 2959 1804 3030 perpetuo
1836 2949 2076 3012 restitu-

423 3052 557 3096 rum
589 3035 941 3118 desperans,
977 3037 1160 3100 cessit
1182 3038 1307 3118 jam
1340 3047 1398 3100 et
1444 3038 1906 3116 cogitationibus
1929 3058 2073 3102 suc-

421 3123 803 3225 c.ubuit._Gui_n
838 3127 916 3187 ita
946 3145 1010 3189 se
1037 3127 1307 3225 haberet,
1342 3137 1520 3225 atque
1549 3129 1623 3192 ab
1653 3147 1724 3190 ea
1756 3129 2071 3210 perturba-
2089 3174 2132 3225 ο

420 3216 586 3277 tione
609 3215 1009 3290 obsideretur,
1047 3235 1223 3280 mane
1248 3217 1538 3280 fitobvius
1570 3224 2074 3294 sancto,venientt

417 3301 492 3364 ad
515 3305 776 3385 synaxim
810 3323 825 3368 :
849 3312 1030 3387 atque
1053 3324 1122 3368 ex
1145 3325 1216 3369 eo
1246 3315 1402 3370 teter
1424 3309 1674 3389 quidam
1701 3312 1854 3372 odor
1879 3309 2076 3373 exibat

417 3393 518 3474 qui
538 3412 776 3474 gravem
802 3393 965 3456 illam
987 3395 1174 3458 animi
1199 3397 1709 3478 perturbationem
1736 3418 1950 3480 magno
1971 3399 2076 3462 de-

418 3483 706 3547 clarabat.
743 3485 946 3566 ltaque
981 3486 1269 3549 odoratus
1301 3486 1542 3550 divinus
1575 3488 1946 3571 Euthymius,
1972 3490 2071 3553 in-

420 3573 708 3656 sidiisque
726 3575 1289 3657 cognitis,increpat
1309 3577 1530 3640 malum
1543 3578 1880 3642 daamonem
1903 3598 2073 3643 vexa-

417 3670 633 3724 torem.
667 3662 736 3725 Et
777 3664 976 3727 statim
1010 3665 1195 3728 frater
1225 3665 1468 3748 quidem
1501 3668 1664 3732 humi
1691 3669 1935 3750 jacebat
1965 3688 2070 3733 su-

417 3753 616 3834 pinus,
651 3755 921 3836 seipsum
952 3756 1298 3820 convellens
1328 3765 1386 3820 et
1417 3757 2076 3844 agitans,spumamque

413 3863 520 3907 ore
555 3861 886 3925 exspuens.

496 3933 789 3996 LXIV.Ad
809 3953 944 3997 eum
970 3948 1170 3999 autem
1200 3935 1370 4000 multi
1400 3956 1640 4019 quoque
1657 3949 2077 4004 convenerunt

413 4025 891 4083 monachlJussit
918 4029 1111 4099 itaque
1133 4044 1378 4102 magnus
1403 4029 1752 4103 Euthymius
1776 4031 1972 4092 afferri
1994 4033 2077 4092 lu.

426 4127 656 4175 men,eo
681 4109 839 4190 quod
856 4109 1026 4172 locus
1040 4121 1201 4174 esset
1214 4113 1508 4176 obscurus
1524 4122 1704 4196 atque
1719 4117 2076 4182 tenebrosus

421 4204 480 4258 et
502 4197 740 4259 aitillis:
766 4197 979 4261 Videto
1005 4200 1250 4264 fratrem
1281 4205 1424 4282 (81),
1453 4224 1486 4267 ο
1517 4203 1747 4282 Patres,
1773 4208 2074 4288 quomodo

423 4291 522 4362 qui
538 4306 565 4348 a
591 4305 772 4362 puero
799 4293 858 4349 in
873 4294 1080 4352 virtute
1103 4297 1330 4360 vixit,et
1345 4301 1739 4369 temperantiae
1760 4304 2075 4362 curamba-

426 4375 577 4469 buit,
611 4395 772 4469 nunc
802 4378 959 4459 quod
996 4398 1249 4461 paucum
1275 4385 1524 4446 cesserit
1555 4385 1896 4450 carnalibus
1917 4389 2077 4469 cogi-

2165 1863 2386 1934 ἡδονῆς,
2419 1863 2565 1932 ’Ἤδη
2597 1862 2652 1920 δὲ
2685 1866 2770 1921 καὶ
2801 1867 2829 1921 ὸ
2861 1869 2967 1921 τῶν
3010 1861 3211 1920 ὠδίνων
3255 1863 3440 1939 καιρὸς
3474 1859 3789 1941 ἐφειστήκει.

2169 1956 2266 2014 Καὶ
2322 1961 2506 2032 πρῶτα
2589 1954 2688 2028 μὲν
2745 1955 2910 2010 τίγτει
2990 1952 3188 2029 Πέτρον
3254 1953 3400 2032 τινα,
3451 1952 3545 2007 τὸν
3599 1947 3792 2025 πατέρα

2164 2043 2491 2123 Τερὲὄωνος,
2553 2045 2608 2110 ὃς
2665 2041 2764 2122 ἄρα
2822 2055 2943 2107 τοῖς
2992 2041 3290 2118 ὁμιληταῖς
3353 2041 3631 2116 Εὗθυμίου,
3671 2036 3786 2118 φιλ-

2163 2134 2380 2204 αλήθως
2423 2145 2588 2194 ταῦτα
2641 2135 2730 2190 καὶ
2758 2134 2941 2214 σαφῶς
2972 2132 3304 2212 διηγήσατο.
3337 2131 3541 2210 Χρόνου
3582 2128 3637 2186 δὲ
3667 2126 3793 2204 μετὰ

2162 2235 2328 2284 ταῦτα
2381 2231 2583 2306 συχνοῦ
2651 2222 3031 2301 διαγενομένου
3057 2271 3074 2296 ,
3132 2224 3168 2287 ἡ
3243 2219 3478 2298 ἀψευδὴς
3555 2216 3796 2292 Εὖθυμίου

2163 2315 2488 2396 ὑπόσχεσις,
2533 2315 2622 2371 καὶ
2651 2315 2773 2380 τοὺς
2809 2312 3002 2380 ἄλλους
3030 2311 3121 2370 δύο
3153 2319 3227 2387 τῷ
3257 2307 3520 2391 Τερέὸωνι
3552 2306 3794 2388 ἀδελφοὺς

2163 2419 2456 2485 παρεῖχεν.

2243 2480 2386 2556 EF":
2419 2493 2674 2576 Ἀδελφός
2708 2496 2777 2562 ἦν
2805 2494 2860 2550 ἐν
2888 2499 2958 2570 τῇ
2999 2491 3189 2571 λαύρᾴ,
3237 2480 3511 2564 Ῥωμαῖος
3541 2493 3602 2547 τὸ
3625 2487 3790 2568 γένος,

2161 2585 2472 2661 Αἰμιλιανὸς
2523 2586 2624 2653 τὴν
2676 2584 2898 2664 κλῆσιν,
2953 2583 3067 2661 βίον
3123 2604 3182 2639 τε
3256 2583 3505 2662 χρηστὸν
3578 2579 3792 2658 μετιὼν,

2159 2677 2248 2733 καὶ
2307 2676 2656 2756 σωφροσύνην
2713 2677 2786 2738 ὼς
2845 2673 3078 2750 μάλιστα
3144 2673 3242 2740 τὴν
3297 2670 3472 2739 καλὴν
3533 2669 3587 2737 ἐξ
3641 2671 3796 2734 αὒτῆς

2160 2766 2414 2833 νεότητος
2445 2765 2853 2841 ἀσπασάμενος.
2906 2764 3084 2836 ιὀύτῳ
3135 2761 3324 2823 νυκτὸς
3379 2783 3509 2819 ποτε
3559 2759 3797 2837 διαγενοο

2159 2855 2327 2930 μένης
2387 2859 2683 2936 Κυριακῆς,
2721 2854 2970 2935 χαλεπὸν
3028 2855 3089 2910 ἐκ
3147 2855 3249 2921 τῆς
3287 2854 3484 2932 σαρκὸς
3546 2854 3574 2908 ὁ
3618 2848 3798 2930 ἔχθρὸς

2157 2948 2408 3012 κεκίνηιιε
2437 2943 2698 3022 πόλεμον.
2736 2947 2872 3021 Πρὸς
2931 2945 2989 3001 ὃν
3047 2943 3306 3024 ἀντέχειν
3363 2944 3439 3006 εἰς
3489 2941 3646 3006 τέλος
3693 2937 3797 2994 ἀπ-

2157 3036 2476 3114 αγορεύσας,
2508 3033 2735 3092 ἐνεδίδου
2765 3033 2868 3102 ἤδη
2925 3035 3012 3091 καὶ
3067 3047 3190 3098 τοῖς
3246 3031 3544 3112 λογισμοῖς
3577 3033 3800 3088 δποκατ-

2157 3126 2416 3185 ειιλίνετο.
2479 3123 2659 3190 Οὕτως
2704 3124 2876 3206 ἔχων,
2927 3125 3016 3182 καὶ
3062 3124 3164 3182 ὑπὸ
3211 3129 3306 3180 τοῦ
3347 3123 3548 3186 πάθους
3578 3119 3798 3198 πολιορ-

2155 3217 2447 3296 κούμενος,
2531 3215 2848 3296 ἐντυγχάνει
2923 3216 3042 3294 περὶ
3119 3215 3211 3271 τὸν
3282 3212 3468 3293 ὄρθρον
3520 3208 3802 3292 ἔρχομένῳ

2157 3307 2292 3385 πρὸς
2343 3306 2445 3373 τὴν
2487 3303 2698 3371 σύναξιν
2741 3305 2820 3380 τῷ
2867 3303 3003 3384 ἁγίῳ
3036 3321 3052 3337 ’
3109 3305 3198 3361 καί
3227 3325 3310 3369 τις
3353 3301 3408 3369 ἒξ
3438 3303 3606 3360 αὐτοῦ
3633 3320 3800 3380 προσ·

2157 3393 2349 3452 ἐϐαλλε
2399 3393 2648 3473 δδσωδία,
2696 3396 2758 3452 τὸ
2786 3393 3036 3475 χαλεπὸν
3066 3394 3248 3451 ἐκεῖνο
3276 3393 3445 3458 πάθος
3475 3399 3556 3467 τῷ
3585 3387 3804 3468 μεγάλῳ

2154 3484 2415 3553 δηλοῦσα,
2479 3485 2824 3565 Ὀσφρανθεὶς
2872 3493 2963 3542 ουν
3023 3485 3191 3552 αὐτῆς
3248 3486 3276 3540 ὁ
3320 3486 3468 3548 θεῖος
3513 3482 3798 3557 Εὖθύμιος,

2156 3577 2243 3632 καὶ
2299 3578 2455 3655 γνοὺς
2511 3575 2611 3644 τὴν
2669 3571 2986 3650 ἐπιϐουλήν,
3035 3573 3260 3650 ἐπιτιμᾷ
3314 3581 3392 3649 τῷ
3439 3571 3802 3652 διενοχλοῦντι

2155 3673 2378 3744 πονηρῷ
2421 3664 2658 3742 δαίμονι,
2738 3667 2836 3724 Καὶ
2919 3665 3261 3745 παραχρῆμα
3313 3663 3498 3726 ’ύπτιός
3561 3663 3663 3740 μὲν
3720 3657 3802 3716 ἐπὶ

2155 3762 2249 3814 τοῦ
2297 3753 2522 3836 ἐδάφους
2583 3757 2610 3812 ὁ
2664 3752 2893 3837 ἀδελφὸς
2965 3752 3164 3830 ἔκειτο,
3223 3753 3547 3834 σπαράττων
3617 3750 3804 3812 ἑαυτὸν

2156 3847 2246 3904 καὶ
2274 3844 2508 3926 κλονῶν,
2539 3849 2628 3903 καὶ
2653 3845 2821 3926 ἀφρὸν
2854 3845 3099 3903 ἑκπτύων
3129 3853 3224 3904 τοῦ
3249 3845 3540 3920 στόματος.

2239 3934 2388 3996 ΞΔ’.
2452 3925 2739 4013 Συνῄεσαν
2767 3933 2824 3992 δὲ
2875 3935 2966 3992 καὶ
3019 3932 3210 3992 πολλοὶ
3251 3939 3358 3990 τῶν
3407 3935 3674 4014 μοναχῶν
3717 3925 3796 3988 ἔπ’

2160 4028 2324 4104 αὺτῷ.
2357 4033 2482 4092 Φῶς
2534 4029 2708 4086 τοίνυν
2753 4029 2781 4083 ὁ
2826 4025 2995 4104 μέγας
3055 4024 3316 4101 Εύθύμιος
3370 4022 3664 4104 ἐνεχθῆναι
3708 4040 3804 4078 κε-

2157 4117 2370 4189 λεύσας,
2458 4115 2543 4173 διὰ
2613 4118 2674 4174 τὸ
2733 4119 2822 4172 καὶ
2885 4116 2981 4171 τὸν
3022 4113 3189 4172 τόπον
3233 4117 3375 4170 εἶναι
3431 4110 3650 4193 ζοφώδη
3710 4113 3804 4168 καί

2158 4208 2370 4289 ἀφεγγῆ
2405 4225 2422 4243 ⁶
2465 4205 2657 4286 Ὀρατε
2687 4206 2779 4262 τὸν
2807 4203 3057 4281 ἀδελφὸν,
3095 4207 3141 4260 ὦ
3201 4202 3464 4283 Πατὲρες,
3507 4204 3645 4284 φησὶ
3675 4201 3804 4282 πρὸς

2159 4299 2372 4371 αὖτοὺς,
2431 4293 2576 4362 ὅπως
2631 4297 2686 4352 ἓν
2718 4294 2885 4374 ἀρετῇ
2915 4301 3022 4366 ζῶν
3053 4294 3114 4352 ἐκ
3145 4291 3362 4365 παιδὸς,
3395 4294 3486 4350 καὶ
3516 4312 3804 4374 σωφροσύ-

2159 4411 2256 4456 νης
2315 4385 2757 4462 ἐπιμελούμενος,
2806 4391 2898 4441 νὺν
2940 4382 3024 4442 διὰ
3067 4385 3129 4441 τὸ
3159 4385 3350 4464 μικρὸν
3399 4381 3640 4443 ἐνδοῦναι
3689 4393 3806 4445 τοῖς

421 4465 738 4556 tationibus
753 4467 908 4556 Iacet
931 4471 1203 4556 omnibus
1219 4473 1386 4530 nobis
1404 4473 1674 4546 laorymis
1691 4477 1932 4550 dignum
1951 4465 2074 4550 spe-

2165 4479 2254 4547 τῆς
2313 4477 2508 4556 σαρκὸς
2567 4473 2852 4554 λογισμοῖς
2908 4487 2956 4551 ο,
3001 4486 3180 4531 κεῖται
3239 4479 3402 4532 πᾶσιν
3451 4474 3592 4549 ἡμῖν
3634 4470 3807 4547 θέαμα

424 4551 942 4626 ctaculuni.Quare
957 4573 1050 4617 om
1063 4555 1402 4620 nicustodia
1419 4558 1743 4642 unicuique
1757 4564 2074 4642 servanda,

426 4653 514 4739 est
538 4666 720 4739 mens
743 4666 988 4739 sua,‘ne
1033 4669 1141 4713 nos
1167 4651 1256 4713 vel
1284 4669 1391 4732 per
1413 4651 1787 4734 phantasiam
1811 4657 2071 4739 aliquam

425 4735 679 4798 latenter
699 4737 863 4800 fallat
883 4736 1258 4815 inimicus,et
1276 4741 1335 4802 in
1350 4741 1702 4823 perditionis
1725 4735 2070 4810 baratbrum

423 4826 931 4909 praecipitet.Nam
959 4829 1012 4891 si
1043 4829 1306 4893 absurda
1335 4833 1628 4915 quzepiam
1661 4834 1938 4916 cogitatio
1971 4837 2071 4899 in-

423 4917 646 4980 vaserit
675 4917 893 4994 nos,ad
927 4927 1163 5000 turpem
1196 4921 1588 5002 cupiditatem
1614 4925 1924 5004 instigans,
1959 4944 2072 4988 nos

421 5021 566 5069 vero
592 5008 789 5069 statim
813 5005 887 5068 ab
907 5005 1079 5070 initio
1106 5027 1237 5072 eam
1270 5008 1575 5074 debellare
1607 5031 1725 5074 non
1748 5015 2074 5077 contenda-

419 5114 576 5175 mus,
611 5097 718 5159 sed
782 5097 942 5160 velut
989 5097 1228 5180 placide
1261 5099 1322 5161 in
1359 5102 1624 5164 animum
1658 5102 2064 5182 admittamus,

2159 4569 2366 4648 θρήνων
2409 4564 2554 4631 ἄξιον
2586 4581 2602 4598 ⁶
2637 4563 2718 4622 διὸ
2751 4565 2897 4641 πάσῃ
2927 4563 3139 4644 φυλακῇ
3186 4563 3287 4621 τιὸ-ν
3329 4559 3566 4620 διάνοιαν
3595 4561 3810 4648 ἑκάστῳ

2159 4647 2259 4726 τήν
2316 4656 2507 4714 ἑαυτοῦ
2531 4653 2822 4734 τηρητέον,
2855 4653 2934 4730 μὴ
2964 4651 3101 4729 λάθῃ
3155 4653 3244 4710 καὶ
3271 4649 3360 4710 διὰ
3401 4651 3697 4732 φαντασίας
3739 4647 3805 4719 δή

2154 4769 2298 4811 τινος
2328 4743 2532 4822 κλέψας
2565 4746 2708 4821 ἡμᾶς
2737 4745 2766 4802 ὁ
2797 4743 3016 4826 ἐχθρὸς,
3061 4744 3149 4800 καὶ
3180 4743 3254 4804 εἷς
3297 4743 3360 4800 τὸ
3403 4741 3500 4811 τῆς
3532 4738 3809 4804 ἀπωλείας

2166 4837 2488 4916 καταγαγὼν
2538 4835 2821 4916 βάραθρον.
2894 4834 3009 4897 Κᾶν
3083 4834 3184 4913 γὰρ
3252 4831 3452 4896 ἄτοπός
3508 4854 3590 4898 τις
3664 4830 3808 4908 ἡμῖν

2153 4925 2441 5006 ἐγγένηται
2492 4923 2751 5004 λογισμὸς
2827 4925 2900 4990 εἷς
2976 4921 3254 4999 ἐπιθυμίαν
3324 4921 3627 4979 ἀκόλαστον
3683 4918 3810 4998 ὲρε-

2153 5018 2334 5092 θίζων,
2367 5016 2534 5092 ἡμεῖς
2582 5011 2638 5070 δὲ
2679 5013 2759 5090 μὴ
2811 5014 2912 5082 τὴν
2943 5012 3165 5092 πρώτην
3208 5011 3356 5078 εὐθὺς
3402 5009 3809 5086 ἐκπολεμωθῇ.-

2155 5130 2240 5166 ναι
2285 5106 2458 5179 τούτῳ
2513 5100 2926 5182 σπουδάσωμεν,
2962 5098 3082 5160 ἀλλ’
3139 5100 3262 5159 οἷον
3317 5101 3558 5179 εὐμενῶς
3585 5107 3614 5152 Ρ
3645 5097 3812 5157 αὗτὸν

1737 5265 1997 5331 VABUE
2039 5266 2480 5336 LECTIONES.

498 5375 538 5404 "'
567 5367 648 5434 al.
679 5367 978 5448 στείρωσιν,
1063 5383 1091 5413 υ
1121 5368 1199 5436 al.
1233 5373 1420 5440 αὐτὴν.
1506 5385 1530 5414 ⁰
1561 5373 1641 5439 al.
1675 5379 1916 5438 πᾶθεσιν.
1999 5389 2027 5433 ι)
2053 5378 2139 5448 al.
2175 5378 2392 5456 εύμενὶς
2423 5384 2482 5442 et
2509 5377 2773 5454 εὸμαρῶς.

1646 5531 1852 5600 ιοΑΝ.
1902 5537 2278 5606 BOLLANDI
2321 5534 2569 5605 ΝΟἸῈ.

500 5634 626 5716 (8t)
655 5638 981 5717 Sequentia
1015 5639 1238 5703 desunt
1264 5638 1338 5702 in.
1357 5639 1686 5722 Lipomano
1717 5652 1778 5708 et
1805 5642 2008 5714 Surio.
2042 5645 2129 5714 Ex
2158 5646 2366 5713 Graeco
2391 5653 2512 5710 ms.
2537 5657 2573 5707 ε
2600 5641 2776 5706 nobis
2803 5638 3050 5706 inserta.
