4072 6206
231 369 354 434 649

1551 377 1736 441 VITA
1780 377 1841 438 S.
1889 376 2300 440 EUTHYMII.

3495 375 3614 440 650

229 513 303 582 τῇ
365 503 569 580 διανοίᾳ
641 507 1077 589 παραδεξώμεθα,
1140 510 1395 586 οὖμενοῦν
1463 509 1724 590 ἐλεύθεροι
1784 537 1874 571 κα-

1975 531 2346 595 nequaquam
2411 511 2636 573 erimus
2683 528 2716 571 a
2747 519 2992 590 peccato
3025 509 3326 571 immunes
3357 527 3372 585 ;
3407 529 3610 572 verum

228 610 354 659 κῐας
415 596 666 671 έσομεθα,
701 597 837 653 ἀλλά
881 601 968 654 καὶ
1001 598 1210 674 σώματι
1244 599 1322 674 μὴ
1356 600 1774 678 πλησιάζοντες,
1810 606 1874 668 ὡς

1971 605 2111 666 licet
2142 622 2393 684 corpore
2426 621 2541 662 non
2594 602 3052 680 conjungamur,
3089 609 3287 662 tamen
3321 607 3382 661 ut
3413 601 3614 662 animo

234 687 657 762 πεπορνευκότες
690 690 823 743 κατά
855 686 1090 744 διάνοιαν
1127 691 1508 766 κριθησόμεθα.

315 775 456 838 ΞΕ’,
505 775 755 853 Ἐπεξῄει
813 775 868 832 δέ
926 800 974 833 τι
1037 781 1120 834 καὶ
1180 787 1419 837 τοιοῦτον
1467 780 1674 846 α·ἶ›τοῖς’
1709 781 1884 862 ’Ὅπερ

1969 695 2246 756 fornicati
2275 691 2708 772 judicabimur.

2050 783 2226 847 LXV.
2265 781 2475 844 Narrat
2513 781 2732 843 deinde
2764 779 2838 840 iis
2870 780 2988 842 tale
3022 780 3192 856 quid,
3231 781 3392 860 quod
3437 782 3608 862 mihi,

226 865 378 944 ἐμοὶ,
414 868 567 944 φησὶ,
627 870 731 922 τῶν
784 869 1082 945 Αἰγυπτίων
1125 870 1266 933 τινὲς
1317 871 1580 948 γερόντων
1614 872 1742 928 ποτὲ
1797 870 1874 927 δι-

1969 873 2187 955 inquit,
2221 873 2559 934 retulerunt
2589 869 2910 952 aliquando
2953 869 3191 950 quidam
3231 871 3484 950 Egyptii
3515 891 3611 934 se-

225 957 536 1030 ηγῆσαντο,
599 945 695 1012 Ἠν
751 979 829 1018 τις
892 957 945 1012 ἐν
1003 957 1182 1036 πόλει,
1255 959 1370 1034 βίου
1415 959 1514 1032 μὲν
1558 962 1701 1037 παρά
1749 967 1879 1017 πᾶσι

223 1047 539 1118 θαυμαστοῦ
597 1047 971 1122 νομιζόμενος,
1009 1049 1093 1103 καὶ
1137 1048 1348 1115 πολλὴν
1400 1047 1552 1117 δῆθεν
1583 1052 1713 1127 πρὸς
1747 1054 1877 1106 Θεὸν

225 1132 542 1202 πλουτήσας
598 1136 695 1202 τὴν
741 1137 1048 1204 οἰκειότητα
1083 1152 1098 1167 °
1155 1138 1328 1194 πυκνά
1361 1135 1412 1193 δὲ
1447 1153 1567 1203 ταῖς
1601 1139 1875 1206 ἀληθείαις

225 1226 566 1302 παροργίζων
618 1229 777 1283 αὖτὸν
833 1227 885 1283 ἐν
944 1235 1020 1301 τῷ
1050 1236 1265 1303 κρυπτῴ
1297 1229 1556 1304 κινήματι
1608 1235 1706 1296 τῆς
1739 1252 1875 1308 καρ-

223 1311 373 1384 δίας,
431 1311 516 1370 διά
574 1316 672 1382 τῆς
728 1318 856 1390 πρὸς
918 1319 1038 1380 τοὺς
1093 1316 1324 1396 φαύλους
1381 1318 1675 1396 λογισμοὺς
1731 1320 1876 1399 τάχα

222 1404 670 1477 συγκαταθέσεως
705 1426 719 1441 ⁸
769 1407 906 1462 ὥστε
961 1408 1057 1461 κᾶν
1087 1408 1164 1482 μῆ
1208 1416 1283 1480 τῷ
1313 1407 1476 1486 ἔργῳ,
1512 1407 1632 1462 ἀλλ’
1677 1416 1764 1464 οὖν
1811 1411 1878 1484 τῇ

223 1491 432 1567 διανοίᾳ
475 1495 666 1572 ῥαδίως
713 1498 1084 1572 πλημμελεῖν,
1147 1499 1338 1577 Βαρεία
1397 1507 1522 1576 γοῦν
1581 1500 1876 1562 ὁτοιοῦτός

224 1604 357 1638 ποτε
407 1584 547 1658 νόσῳ
590 1589 920 1663 περιπεσὼν,
968 1591 1096 1666 περὶ
1143 1588 1236 1651 τάς
1311 1588 1551 1666 ἐσχάτας
1608 1587 1877 1651 ἀναπνοὰς

221 1671 310 1743 ἦν,
380 1676 465 1729 καὶ
527 1673 631 1742 ἤδη
710 1679 843 1754 πρὸς
915 1677 1138 1732 θάνατον
1199 1674 1445 1736 ἔϐλεπεν,
1507 1673 1768 1750 Ὀδυρμὸς
1825 1675 1877 1728 δὲ

221 1777 458 1844 κατεῖχε
491 1765 590 1832 ’.ἡν
641 1765 821 1840 πόλιν,
884 1769 971 1822 καὶ
1013 1766 1193 1833 ἡλικία
1236 1773 1378 1820 πᾶσα
1436 1763 1694 1819 ἐκόπτετο
1729 1780 1740 1793 ⁸
1790 1765 1879 1819 καὶ

1964 963 2228 1040 nes(8°2).
2269 961 2405 1024 Erat
2429 960 2648 1040 aliquis
2668 965 2728 1019 in
2747 959 3008 1033 civitate,
3043 959 3177 1022 vita;
3199 960 3440 1040 quidem
3455 971 3608 1040 apud

1963 1072 2172 1115 omnes
2195 1051 2565 1114 admirandae
2588 1048 3038 1130 babitus,quasi
3064 1048 3318 1130 plurima
3340 1069 3473 1112 cum
3487 1051 3610 1114 Deo

1963 1141 2365 1205 familiaritate
2381 1142 2622 1220 ditatus;
2647 1157 2859 1201 revera
2881 1149 3076 1202 autem
3102 1138 3450 1219 frequenter
3473 1161 3607 1204 eum

1961 1232 2033 1294 ad
2067 1232 2218 1292 iram
2245 1247 2578 1311 provocans
2601 1231 2662 1290 in
2684 1228 2923 1291 occulto
2949 1227 3153 1290 cordis
3175 1239 3612 1311 motu,propter

1963 1321 2144 1382 citum
2209 1321 2404 1401 pravis
2462 1317 2926 1399 cogitationibus
2979 1321 3518 1396 assensum;adeo
3549 1331 3611 1383 ut

1961 1429 2297 1492 quanquam
2322 1429 2439 1470 non
2464 1408 3104 1490 opere,atcogitatione
3120 1408 3606 1488 facilepeccaret.

1962 1502 2014 1562 ls
2036 1501 2234 1581 itaque
2260 1499 2426 1578 gravi
2453 1498 2693 1556 tandem
2717 1496 2927 1556 morbo
2952 1497 3362 1576 correptus,in
3388 1497 3613 1560 ultimis

1962 1596 2094 1651 vitae
2127 1586 2414 1649 halitibus
2442 1583 2844 1664 versabatur,j
2858 1603 3076 1665 amque
3096 1584 3166 1645 ad
3194 1595 3445 1648 mortem
3468 1607 3609 1668 spe-

1961 1674 2408 1740 ctabat.Urbem
2441 1693 2576 1736 vero
2602 1673 2844 1736 tenebat
2869 1674 3612 1758 comploratio,omnisque

1960 1773 2102 1827 astas
2131 1764 2453 1846 plangebat
2477 1786 2491 1842 ;
2517 1763 2717 1825 cuncti
2737 1773 2876 1827 ante
2893 1763 3114 1839 virum,
3146 1766 3193 1826 si
3219 1765 3351 1827 ﬁeri
3383 1779 3607 1846 posset,

224 1859 314 1908 τοῦ
376 1851 584 1930 ἀνδρὸς,
633 1853 788 1933 εἴπερ
835 1853 955 1910 οἷόν
999 1875 1081 1927 τε,
1116 1853 1624 1930 προαναρπασθῆναι
1681 1854 1874 1918 πάντες

1965 1863 2155 1916 morte
2185 1854 2378 1934 abripi
2414 1853 2798 1935 exoptabant,
2853 1853 3038 1915 satius
3095 1855 3204 1918 rati
3237 1855 3352 1916 hoc
3379 1855 3606 1930 subire,

222 1943 562 2021 ἐπηύχοντο,
591 1944 802 2017 βέλτιον
854 1943 1138 2020 ἡγούμενοι
1184 1964 1338 1998 τουτο
1374 1945 1590 2021 παθεῖν,
1629 1943 1659 2011 ἢ
1693 1941 1876 2021 ἀνδρὸς

224 2031 369 2088 οὕτω
425 2031 510 2083 διὰ
578 2029 755 2096 πάσης
828 2028 1086 2104 ᾀδομένου
1143 2031 1397 2108 γλώττης
1456 2033 1558 2098 την
1616 2031 1877 2109 ἐκδημίαν

220 2115 384 2178 ἰδεῖν.
436 2125 552 2175 Τῶν
595 2117 910 2198 διορατικῶν
957 2119 1010 2176 δέ
1053 2143 1132 2183 τις
1194 2121 1249 2176 ἐν
1293 2122 1536 2193 τοσούτῳ
1593 2128 1661 2198 τῇ
1719 2122 1874 2179 πόλει

219 2207 575 2283 παρακαλὼν,
621 2208 716 2266 καί
762 2213 822 2266 τὸ
877 2210 1007 2288 βαρὺ
1065 2220 1221 2270 τοῦτο
1251 2213 1340 2268 καὶ
1371 2210 1650 2286 πάνδημον
1683 2213 1872 2276 πένθος

218 2299 355 2372 ὸρῦν
397 2317 412 2333 ο
477 2295 661 2354 ἔπειτα
720 2302 808 2355 καὶ
853 2302 913 2355 τὸ
950 2300 1154 2368 πλῆθος
1208 2300 1414 2380 ἀκούων
1456 2300 1576 2375 μετ’
1628 2302 1870 2380 οἰμωγῆς

218 2385 430 2442 ἐκεῖνον
490 2387 657 2453 οὕτως
719 2389 1142 2464 ἀνακλαιόμενον
1177 2406 1190 2420 ⁸
1250 2379 1311 2445 Ὠ
1345 2390 1497 2468 ἅγιος
1527 2397 1539 2451 ι
1575 2392 1602 2446 ὁ
1635 2379 1817 2468 Πατήρ
1853 2391 1866 2449 ί

218 2479 244 2530 ὸ
290 2479 479 2554 σωτὴρ
524 2480 550 2533 ὁ
593 2478 856 2555 ἡμέτερος
888 2485 899 2539 !
961 2487 1019 2536 οὖ
1053 2486 1118 2557 τῇ
1148 2479 1398 2558 πρεσϐείᾳ
1428 2490 1453 2532 q
1484 2480 1676 2543 ποίντες
1713 2480 1874 2556 ἐσμὲν

217 2565 516 2640 σωζόμενοι
549 2585 565 2601 ⁸
597 2569 722 2624 ποία
755 2567 941 2625 λοιπὸν
987 2571 1122 2640 ἡμῖν
1177 2569 1324 2625 ἔσται
1377 2571 1642 2648 σωτηρίας
1671 2569 1821 2634 ελπίς
1855 2589 1870 2646 ;

214 2659 342 2712 ποία
403 2659 540 2730 μετά
626 2658 813 2716 τοῦτον
889 2659 1202 2742 ἀσφάλειας
1252 2666 1429 2716 Ταῦτα
1486 2663 1513 2715 ὁ
1572 2658 1872 2737 διορατικὸς

213 2747 426 2808 ἐκεῖνος
461 2749 594 2826 ἀνὴρ
624 2746 748 2804 ἰδών
777 2771 833 2804 τε
868 2748 966 2806 καί
997 2749 1252 2822 ἀκούσας,
1301 2750 1462 2824 ἀπῄει
1509 2751 1645 2825 μετὰ
1699 2773 1870 2806 σπου-

217 2835 272 2851 ἢ-

1961 1964 2138 2026 quam
2168 1945 2432 2006 hominis
2485 1945 2570 2006 sic
2618 1962 2726 2024 per
2755 1962 2996 2005 omnem
3028 1943 3293 2022 linguam
3327 1945 3610 2007 celebrati

1961 2052 2215 2097 cernere
2249 2051 2587 2096 excessum.
2624 2035 2861 2096 Interea
2895 2031 3130 2113 quidam
3163 2034 3439 2114 egregius
3462 2052 3610 2096 con-

1958 2124 2280 2204 temptator
2293 2123 2504 2186 urbem
2529 2122 3154 2202 ingressus,etvidens
3178 2143 3415 2203 gravem
3439 2125 3606 2186 illum

1960 2213 2390 2294 publicumque
2422 2213 2669 2287 luctum;
2701 2211 2952 2274 audiens
2975 2211 3195 2273 deinde
3227 2225 3290 2274 et
3322 2215 3607 2296 populum

1959 2321 2092 2364 cum
2115 2303 2338 2383 ejulatu
2362 2309 2440 2362 ita
2461 2303 2536 2363 de
2559 2321 2630 2364 eo
2655 2304 3086 2364 lamentantem
3119 2325 3132 2365 :
3168 2299 3215 2365 Ο
3239 2301 3537 2366 Sanctus!
3575 2324 3607 2364 ο

1961 2389 2152 2452 Pater!
2180 2412 2212 2452 ο
2239 2399 2511 2453 servator
2533 2401 2737 2453 noster
2772 2392 2784 2452 !
2812 2391 2986 2470 cujus
3007 2391 3080 2452 ad
3104 2389 3291 2452 Deum
3313 2394 3605 2472 depreca-

1961 2481 2124 2543 tione
2153 2481 2418 2543 salvandi
2451 2499 2656 2542 sumus
2688 2481 2887 2543 cuncti
2919 2501 2930 2543 :
2966 2498 3099 2560 quae
3132 2480 3304 2541 nobis
3358 2483 3606 2560 posthac

1958 2571 2075 2632 erit
2094 2570 2301 2632 salutis
2325 2571 2777 2652 spes?quaanam
2797 2583 2927 2650 post
2950 2570 3110 2631 hunc
3133 2570 3455 2631 securitas?
3468 2570 3603 2631 Hmc

1960 2661 2046 2720 vir
2069 2660 2169 2722 ille
2201 2662 2696 2741 contemplativus
2726 2661 2934 2722 videns
2965 2668 3021 2721 et
3053 2658 3325 2736 audiens,
3361 2659 3434 2720 ad
3469 2678 3601 2721 eum

1956 2751 2162 2812 sedulo
2191 2749 2780 2832 pergit,precationis
2811 2759 2913 2812 aut
2942 2747 3386 2810 benedictionis
3417 2748 3603 2810 alicu-

213 2836 308 2902 Ξῆς
370 2836 496 2915 παρ’
533 2840 712 2911 αὖτὸν,
777 2839 942 2918 εὒχῆς
986 2839 1272 2906 ἀξιωθῆναι
1310 2861 1451 2902 τινος
1504 2841 1589 2896 καὶ
1624 2839 1866 2918 εὖλογίας

1965 2841 2047 2916 ius
2075 2841 2517 2921 consequendae
2551 2858 2728 2901 causa
2761 2857 3114 2920 properans.
3171 2840 3248 2899 Ut
3309 2856 3448 2899 vero
3475 2841 3600 2917 jam

209 2929 700 3004 κατεπειγόμενος.
761 2928 911 2984 Ἐπεὶ
955 2927 1009 2984 δὲ
1057 2927 1159 2996 ἤδη
1219 2931 1307 2984 καὶ
1364 2927 1594 2996 πλησίον
1628 2931 1715 3008 ἦν,
1766 2933 1862 3006 ὁρᾷ

1965 2948 2137 3010 irope
2168 2931 2504 3003 fuit,cernit
2531 2929 2781 3010 quidem
2818 2929 3039 2989 civium
3066 2928 3598 3000 clarissimos,cer—

213 3015 311 3086 μὲν
344 3017 471 3077 τοὺς
506 3017 916 3096 λαμπροτάτους
962 3024 1066 3073 τῶν
1125 3017 1384 3091 πολιτῶν,
1421 3021 1514 3098 ὁρᾷ
1546 3018 1599 3074 δὲ
1632 3021 1720 3074 τὸν
1754 3025 1859 3074 τῶν

1965 3020 2034 3080 iit
2066 3020 2244 3081 etiam
2278 3020 2659 3081 sacerdotum
2693 3019 3377 3097 clerum,praetereaque
3400 3017 3594 3097 ipsum

211 3105 397 3180 ἱερέων
458 3103 680 3184 κλῆρον,
743 3109 872 3186 πρὸς
933 3107 986 3163 δὲ
1059 3111 1144 3165 καὶ
1197 3111 1354 3166 αὒτὸν
1406 3111 1498 3164 τὸν
1543 3109 1858 3181 ἐπίσκοπον,

1965 3109 2320 3190 episcopum,
2356 3115 2454 3188 qui
2493 3109 2652 3170 faces
2687 3107 2962 3168 manibus
2992 3110 3327 3187 gestabant,
3367 3115 3425 3167 et
3459 3126 3599 3168 cor-

215 3191 505 3268 λαμπάδας
552 3193 636 3251 8ιά
695 3199 876 3276 ,(ειρὸς
936 3196 1188 3277 ἔχοντας,
1233 3197 1326 3254 καί
1358 3199 1459 3264 τὴν
1489 3206 1582 3255 τοῦ
1612 3198 1862 3273 σώματος

1965 3199 2112 3260 Joris
2136 3198 2564 3259 deductionem
2601 3197 3034 3278 exsequiasque
3081 3197 3597 3276 praestolabantur.

214 3284 553 3359 προπομπὴν
642 3284 1021 3358 ἀναμέ-οοντας.
1112 3287 1250 3342 Εἶτα
1343 3288 1730 3364 παρωσάμενος
1806 3289 1862 3342 τὸ

1965 3286 2178 3348 Deinde
2211 3286 2488 3348 submota
2516 3285 2711 3357 turba,
2750 3294 2806 3348 et
2836 3285 2909 3346 ad
2933 3287 3236 3364 jacentem
3269 3285 3596 3364 ingressus,

214 3373 448 3448 πλῆθος,
507 3376 594 3430 καὶ
650 3377 781 3454 πρὸς
838 3377 926 3432 τὸν
983 3377 1224 3450 κείμενον
1284 3375 1561 3456 εἰσελθὼν,
1638 3379 1862 3454 εὑρίσκει

1965 3376 2179 3438 ,ιινθιιὶι
2203 3395 2338 3437 eum
2379 3375 2623 3456 paulum
2674 3376 2873 3437 adhuc
2901 3375 3277 3456 apirantem;
3313 3376 3471 3436 videt
3500 3394 3599 3435 au-

215 3463 316 3536 μὲν
349 3464 510 3520 αὒτὸν
554 3463 734 3542 ὀλίγον
790 3465 866 3520 ἔτι
919 3464 1221 3539 ἐμπνέοντα
1257 3482 1270 3497 ⁶
1305 3465 1493 3542 βλέπει
1530 3464 1585 3522 δέ
1615 3489 1663 3522 τι
1694 3466 1864 3541 θέαμα

1965 3478 2074 3528 tem
2105 3466 2362 3527 internis
2388 3465 2761 3545 occultisque
2778 3466 2966 3527 oculis
2984 3466 3387 3545 spectaculum
3412 3465 3595 3545 quod-

215 3564 477 3628 κρυπτοῖς
550 3554 871 3632 ὀφθαλμοῖς,
904 3556 990 3611 καὶ
1035 3553 1167 3610 ἰδεῖν
1211 3553 1456 3634 φοϐερὸν,
1510 3556 1596 3612 καὶ
1643 3556 1864 3612 ἀκοῦσαι

1965 3555 2109 3629 lam,
2147 3565 2204 3617 et
2237 3555 2362 3616 visu
2389 3555 2792 3631 horridum,et
2822 3554 3025 3615 auditu
3059 3553 3596 3634 lacrymabile.Vi-

219 3639 241 3658 κ
362 3642 375 3662 1
516 3641 565 3679 νς
720 3641 734 3663 ν
761 3642 810 3666 ,κ
829 3647 839 3664 1
1035 3646 1044 3663 Ι
1296 3647 1309 3666 ν
1361 3652 1386 3661 ~
1480 3645 1493 3669 Ι
1711 3649 1733 3668 ‘P

214 3659 459 3719 οακρυων
510 3665 670 3708 αςιον.
745 3653 924 3701 Ιιὸοκει
974 3667 1074 3722 γαρ
1127 3667 1209 3708 τις
1256 3668 1397 3719 αυτῳ
1427 3667 1644 3723 πυρινον
1678 3666 1798 3702 οιον
1840 3659 1864 3687 ι’

1965 3644 2198 3706 lebatur
2230 3649 2388 3704 enim
2421 3644 2499 3710 ei.
2535 3643 2696 3721 quod
2730 3643 2973 3721 quidam
3007 3649 3247 3721 igneum
3281 3643 3438 3706 velut
3469 3645 3582 3708 tri-

214 3730 517 3808 τριόδοντα,
605 3735 676 3796 εἰς
761 3735 856 3802 τὴν
918 3733 1118 3790 ἐκείνου
1190 3734 1426 3791 καθιέναι
1479 3732 1718 3813 καρδίαν,
1774 3736 1863 3790 καὶ

1965 3734 2186 3796 lentem
2239 3732 2299 3794 in
2361 3731 2622 3794 hominis
2685 3732 2845 3793 illius
2879 3749 2981 3794 cor
3012 3732 3374 3804 demitteret,
3409 3743 3584 3813 atque

213 3823 317 3887 τὴν
349 3821 563 3901 ψυχὴν,
598 3830 696 3901 φεῦ
728 3823 743 3884 !
791 3824 976 3899 βιαίως
1009 3821 1212 3880 ἐκεῖθεν
1244 3825 1330 3879 καὶ
1362 3828 1563 3901 πικρῶς
1596 3823 1859 3894 ἀνασπᾷν’

1970 3821 2088 3886 nde
2117 3822 2376 3884 animam
2413 3822 2605 3901 (heu!)
2634 3821 2927 3882 violenter
2957 3819 3407 3897 crudeliterque
3437 3823 3596 3883 evel-

214 3908 406 3968 ἔπειτα
455 3913 548 3969 καὶ
604 3918 788 3992 φωνῆς
841 3912 1042 3969 ἄνωθεν
1100 3913 1334 3970 ἀκούειν.
1399 3912 1500 3970 ’Ὃν
1544 3913 1740 3989 τρόπον
1770 3914 1864 3968 οὐκ

1975 3921 2098 3974 eret
2127 3933 2142 3988 ;
2175 3910 2455 3994 quodque
2490 3919 2695 3991 postea
2727 3910 2960 3972 audiret
2993 3909 3226 3970 caelitus
3258 3908 3593 3983 vocem,di-

211 3999 484 4056 ἀνέπαυσε
540 4023 630 4077 με,
673 4003 958 4083 λεγούσης,
1021 4005 1055 4072 ἡ
1113 4005 1267 4083 ψυχὴ
1328 4000 1461 4070 αὕτη
1493 4005 1664 4077 μόνην
1710 3999 1862 4061 οὐδε-

1965 4009 2184 4064 :entem
2236 4019 2247 4060 :
2315 3999 2834 4072 Quemadmodum
2888 3998 3086 4060 anima
3145 3998 3270 4058 hinc
3307 4016 3382 4058 ne
3437 3997 3595 4060 diem

215 4091 343 4166 μίαν
404 4091 632 4172 ἡμέραν,
707 4096 796 4150 τὸν
885 4093 1043 4150 αὐτὸν
1115 4091 1288 4162 δήπου
1346 4091 1540 4169 τρόπον
1605 4090 1742 4167 μηδὲ
1803 4093 1864 4148 σὺ

1965 4093 2190 4172 quidem
2223 4108 2410 4152 unum
2439 4108 2534 4151 me
2578 4089 2714 4151 sivit
2743 4089 3076 4170 quiescere,
3116 4087 3193 4148 ita
3223 4105 3336 4149 nec
3368 4096 3427 4148 tu
3459 4106 3596 4148 ces—

212 4181 399 4256 παύσῃ
450 4183 766 4260 σπαράττων
797 4183 965 4250 αὐτὴν
995 4185 1078 4240 καὶ
1110 4181 1347 4264 σφοδρῶς
1380 4181 1552 4239 ἕλκων
1584 4184 1667 4238 καὶ
1697 4204 1865 4257 τιμω-

1965 4199 2049 4244 ses
2106 4180 2265 4242 illam
2327 4179 2642 4254 dilaniare,
2705 4177 3032 4240 crudeliter
3063 4176 3434 4258 discerpere,
3471 4185 3595 4238 tor-

215 4270 478 4347 ρούμενος
490 4314 504 4329 .

1965 4270 2169 4334 mentis
2194 4269 2457 4332 afﬁcere.

297 4360 460 4433 Ξς·’,
494 4371 668 4422 Ταῦτα
719 4365 851 4441 πρὸς
883 4365 1005 4428 τοὺς
1048 4363 1313 4442 παρόντας
1349 4369 1453 4418 τῶν
1483 4361 1723 4440 ἀδελφῶν
1758 4365 1862 4421 Εὖ·

2030 4359 2230 4426 LXVI.
2267 4356 2406 4422 Haec
2453 4356 2850 4440 praesentibus
2901 4355 3186 4419 fratribus
3247 4355 3601 4438 Euthymius

213 4450 407 4524 θύμιος
439 4448 707 4519 διεξῆλθεν
741 4471 754 4486 ·
791 4456 912 4509 εἶτα
944 4451 1037 4509 καί
1077 4451 1441 4530 παραινέσεως
1475 4451 1597 4518 ἑξῆς
1637 4449 1860 4530 ἥπτετο,

1965 4449 2247 4515 enarravit
2272 4467 2284 4508 :
2313 4448 2532 4511 deinde
2559 4466 2696 4510 vero
2723 4464 2972 4508 monere
2997 4464 3100 4507 eos
3123 4446 3600 4526 coepit,suadens

214 4546 601 4617 προσεκτικοὺς
657 4543 843 4608 αὐτοὺς
891 4543 1034 4600 εἶναι
1092 4545 1178 4598 καὶ
1209 4544 1281 4604 εἷς
1314 4541 1398 4598 ἀεὶ
1434 4543 1711 4619 εὐτρεπεῖς
1745 4542 1864 4620 περὶ

1965 4555 2011 4604 ιι
2031 4544 2240 4603 attenti
2263 4554 2455 4602 essent
2481 4556 2825 4613 semperque
2847 4541 2917 4598 ad
2942 4541 3144 4598 animae
3171 4555 3474 4597 excessum
3499 4557 3599 4610 pa-

214 4611 314 4696 τῆν
361 4631 460 4695 τῆς
520 4635 704 4710 ψυχῆς
762 4630 938 4698 ἔξοδον
995 4634 1435 4709 προμηθούμενος
1473 4650 1486 4663 ·
1524 4611 1862 4710 Ᾰίμιλιανὸς,

1965 4632 2086 4706 rati,
2121 4631 2331 4693 dicens
2370 4650 2382 4690 :
2419 4611 2775 4692 Emilianus
2807 4627 2920 4688 iste
2950 4625 3117 4688 vobis
3168 4627 3449 4706 exemplo
3480 4626 3595 4699 sit;

216 4716 420 4796 λέγων,
451 4726 600 4783 οὗτος
633 4722 762 4796 ὑμῖν
806 4720 1100 4798 ὃπόδειγμα
1151 4719 1288 4778 ἔστω
1327 4738 1339 4751 ⁸
1373 4721 1431 4776 ὃν
1462 4721 1550 4776 καὶ
1580 4717 1664 4776 διὰ
1705 4719 1863 4777 τοῦτο

1965 4739 2130 4800 luem
2159 4719 2292 4780 ideo
2325 4718 2504 4799 plane
2539 4717 2810 4797 permisit
2851 4717 3009 4778 Deus
3035 4718 3111 4776 ita
3140 4715 3294 4776 {cede
3330 4724 3386 4776 et
3419 4715 3603 4776 mise-

217 4810 438 4871 πάντως
483 4812 510 4865 ὸ
555 4812 684 4874 Θεὸς
743 4809 1007 4888 περιεῖδεν
1049 4812 1286 4891 αἰσχρῶς
1317 4809 1517 4867 οὕτωσί
1543 4809 1637 4866 καῖ
1670 4809 1862 4874 ἀθλίως

1965 4807 2220 4871 rabiliter
2241 4806 2302 4868 in
2335 4806 2605 4867 omnium
2633 4813 2891 4866 vestrum
2926 4805 3115 4866 oculis
3143 4823 3178 4865 a
3208 4823 3363 4866 saevo
3394 4805 3598 4885 impu-

217 4897 282 4972 iv.
318 4911 439 4962 τοῖς
483 4900 735 4960 ἀπάντων
779 4902 928 4976 ὑμῶν
983 4899 1277 4982 ὀφθαλμοῖς
1307 4901 1410 4957 ὑπὸ
1461 4909 1554 4958 τοῦ
1594 4899 1691 4967 τῆς
1735 4899 1860 4978 φιλ-

1965 4896 2173 4960 ιὶοἱῑίω
2194 4895 2464 4958 ᾱωωοῐιθ
2483 4893 2828 4975 opprimi,ut
2843 4911 2944 4955 vos
2963 4893 3307 4955 efﬁciamini
3321 4895 3601 4955 meliores

219 4987 433 5055 ηδονίας
492 4994 918 5070 κατεργασθῆναι
973 4992 1166 5070 πικροῦ
1239 4989 1508 5067 δαίμονος,
1560 4988 1640 5044 ’ἶν’
1714 4989 1867 5047 αὖτοὶ

1965 4995 2129 5068 atque
2154 5003 2226 5047 ex
2248 4985 2381 5065 ejus
2401 4982 2696 5064 supplicio
2719 4982 2951 5045 lucrum
2966 4983 3391 5063 reportetis.At
3411 4983 3594 5051 enim,

219 5079 447 5156 γένησθε
490 5079 755 5157 βελτίους,
804 5083 888 5138 καὶ
933 5081 1040 5138 ἀπο
1097 5085 1196 5150 τῆς
1257 5083 1329 5145 εἷς
1393 5081 1550 5137 αὐτὸν
1609 5080 1867 5157 τιμωρίας

1965 5075 2172 5155 inquit,
2205 5074 2393 5136 Deum
2429 5091 2695 5147 oremus,
2729 5081 2792 5134 ut
2833 5071 2884 5133 is
2906 5078 2994 5134 vir
3016 5091 3049 5132 a
3073 5071 3290 5133 talibus
3312 5073 3600 5132 liberetur

219 5169 379 5243 ὑμεῖς
436 5167 749 5248 κερδάνητε,
812 5169 983 5230 Ἀλλά
1040 5171 1139 5249 γὰρ
1199 5168 1496 5245 δεηθῶμιν,
1562 5170 1716 5248 φησὶ,
1777 5175 1871 5224 τοῦ

1965 5163 2299 5226 insidiis.Et
2321 5162 2421 5224 ille
2451 5161 2698 5242 quidem
2726 5161 2925 5224 statim
2950 5180 3056 5244 pro
3075 5163 3254 5224 fratre
3276 5171 3365 5223 est
3383 5178 3597 5241 preca-

223 5264 379 5335 Θεοῦ,
443 5260 540 5328 τῆς
596 5261 847 5328 τοιαύτης
905 5257 1193 5328 ἰπιϐουλῆς
1251 5259 1506 5326 ἀνεθῆναι
1546 5260 1636 5314 τὸν
1681 5255 1864 5336 ἄνδρα,

1965 5253 2265 5316 tus.Totus
2291 5269 2429 5314 vero
2455 5250 2770 5314 confestim
2798 5249 2966 5313 locus
2991 5259 3142 5314 tetro
3175 5251 3359 5313 odore
3388 5251 3596 5331 plenus

1525 5361 1795 5428 VARIIE
1841 5359 2279 5429 LECTIONES.

1046 5465 1064 5492 τ
1095 5454 1175 5520 al.
1209 5457 1281 5522 ὡς
1309 5456 1431 5513 οἶόν
1473 5475 1557 5516 τε.

1443 5541 1660 5607 JOAN.
1705 5541 2085 5608 BOLLANDI
2125 5539 2374 5604 NOTAE.

310 5653 436 5798 ('82)
480 5652 624 5796 Ηωὲ
652 5653 867 5797 ιιριῧιι
900 5652 1170 5734 Egypto,
1205 5651 1309 5715 sed
1341 5649 1498 5732 apud
1530 5652 1593 5714 S.
1631 5649 2018 5730 Eothymium
2081 5655 2328 5730 peracta
2355 5653 2629 5708 asserunt
2655 5643 2879 5708 Menas
2908 5652 2967 5707 et
3013 5645 3392 5728 Nicephorns
3420 5667 3601 5731 supra

310 5753 336 5798 υ
363 5753 456 5798 θα.
491 5753 552 5796 ιι.
654 5753 687 5797 e
832 5783 845 5798 .

227 5753 456 5820 prcleg.
491 5753 552 5796 ιι.
587 5753 624 5796 ο
654 5753 715 5797 et
747 5753 845 5799 14.

459 5834 722 5902 ΡΑτιιοι..
759 5835 876 5904 GR.
918 5833 1127 5900 CXIV.
3197 5825 3266 5893 2t

302 5467 329 5508 ει
358 5455 437 5518 ιι.
471 5455 588 5519 ins.
622 5459 754 5538 πρὸς
803 5457 955 5520 Θὶόν.
