4090 6198
262 356 386 422 653

1581 363 1768 427 VITA
1815 362 1874 425 S.
1922 363 2336 428 EUTHYMII.

3527 367 3644 432 654

260 490 514 568 δεόμενος
560 492 754 568 μόνης,
799 495 889 552 καὶ
939 484 1112 552 πάντα
1157 497 1248 552 τὸν
1298 495 1446 553 ἔλεον
1479 497 1624 559 εὐθὺς
1669 497 1905 574 δαψιλῶς

2000 496 2657 576 occasione,statimque
2676 513 2916 559 omnem
2941 497 3178 560 abunde
3195 497 3510 561 effundens
3532 501 3646 562 mi-

259 583 612 662 προϊέμενος,
662 583 1050 662 προσπέσωμεν
1093 585 1258 666 αὒτῷ,
1293 589 1380 643 καί
1436 590 1644 665 θερμῶς
1699 586 1908 654 δεηθῶ·

256 693 360 746 μεν
393 688 408 703 ⁶
456 675 546 730 καὶ
576 671 685 730 οἶδ’
731 673 812 729 ὅτι
856 677 1247 752 συγγνώσεται,
1279 677 1368 732 καὶ
1411 678 1476 733 τὰ
1519 678 1709 735 ἑαυτοῦ
1739 679 1907 745 ποιή-

257 783 368 834 σει,
427 763 515 818 καὶ
572 763 783 843 βροχὴν
833 764 1070 844 ἀφοριεῖ,
1132 766 1221 822 καὶ
1277 770 1550 845 πατρικῶς
1592 768 1750 841 ἡμῶν
1781 790 1910 845 προ-

255 854 536 921 νοήσεται.
593 852 786 932 Ἐγγὺς
846 856 946 932 γὰρ
995 856 1181 933 Κύριος
1241 861 1370 912 πᾶσι
1431 869 1550 920 τοῖς
1609 855 1906 913 ἐπικαλου-

256 942 445 1009 μένοις
492 945 670 1012 αΰτὸν,
704 947 732 1000 6
761 947 906 1006 θεῖος
968 943 1070 1022 ἔφη
1135 941 1318 1019 Δαϐίδ,
1376 945 1432 1002 ἐν
1488 945 1733 1019 ἀληθείᾳ.
1790 947 1910 1004 "Et:

258 1029 318 1087 δὲ
387 1031 549 1089 αὖτοῦ
609 1031 890 1110 λέγοντος,
963 1031 1326 1096 ὑπολαϐόντες
1387 1035 1613 1107 ικεῖνοι,
1674 1038 1910 1112 καθάπερ

257 1122 366 1178 ὑπὸ
396 1129 495 1194 μιᾷ
521 1129 588 1197 τῇ
620 1121 840 1200 γλώττῃ
900 1123 996 1181 καΐ
1055 1129 1125 1199 τῇ
1155 1131 1331 1204 φωνῇ,
1367 1124 1534 1186 Αὐτὸς
1563 1125 1696 1204 ὑπὲρ
1731 1126 1904 1205 ἡμῶν,

259 1212 407 1286 τίμιε
465 1213 660 1291 Πάτερ,
723 1213 908 1292 εἷπον,
967 1211 1213 1283 δεήθητι.
1260 1217 1332 1271 Τὸ
1385 1215 1486 1292 γὰρ
1542 1214 1754 1290 θέλημα
1806 1218 1911 1271 τῶν

259 1299 608 1380 φοϐουμένων
636 1305 794 1364 αὐτὸν
823 1317 1002 1361 ποιεῖν
1034 1301 1152 1361 οἶδε
1185 1304 1398 1366 πάντως
1428 1307 1457 1360 6
1491 1307 1703 1382 Κύριος.

345 1479 491 1540 ΞΘ¹.
553 1489 727 1539 Ταῦτα
758 1485 845 1539 καὶ
891 1483 952 1539 τὰ
994 1485 1212 1541 τοιαῦτα
1243 1480 1486 1560 παριδεῖν
1514 1487 1608 1542 οὐκ
1655 1483 1800 1564 ἔχων
1833 1487 1849 1526 ⁸
1884 1486 1912 1539 6

259 1571 409 1628 θεῖος
471 1569 753 1650 Εὑθύμιος,
801 1572 888 1628 καὶ
944 1587 1024 1629 τω
1078 1570 1270 1642 πλήθει
1323 1573 1422 1647 μὲν
1451 1574 1724 1650 ἱκετηρίαν
1755 1574 1909 1632 ἒκτε-

261 1663 331 1724 τῆ
391 1659 782 1737 παραγγείλας,
848 1661 1006 1724 αιότὸς
1049 1659 1104 1719 δὲ
1148 1665 1254 1720 τῶν
1311 1664 1570 1743 μοναχῶν
1617 1665 1740 1728 τοὺς
1769 1687 1907 1743 παρ-

263 1747 422 1810 ὄντας
490 1748 840 1827 παραλαϐὼν,
874 1749 1074 1808 εἴσεισι
1122 1753 1184 1808 τὸ
1235 1753 1512 1832 εὖκτήριον
1543 1755 1635 1810 σὺν
1667 1755 1854 1819 αὐτοῖς
1889 1775 1902 1790 ο

1991 585 2725 665 sericordiam,supplices
2748 587 2802 646 ei
2835 586 3510 668 procidamus,eumque
3529 587 3644 650 fer-

1993 675 2132 737 vide
2165 693 2446 755 oremus;
2505 685 2562 736 et
2619 674 2743 736 scio
2775 674 2903 736 fore
2934 683 2998 736 ut
3024 676 3320 755 ignoscat,
3357 685 3477 737 tum
3512 696 3646 759 quae

1991 783 2097 825 sua
2129 773 2267 826 sunt
2291 763 2876 843 faciat,imbremque
2906 763 3214 843 decernat,
3243 774 3424 847 atque
3455 767 3646 828 nostri

1995 862 2298 933 paternam
2323 863 2489 934 gerat
2523 872 2751 916 curam.
2783 852 2882 914 Est
2913 854 3072 914 enim
3108 854 3314 934 PrOpe
3349 856 3644 918 Dominus

1991 944 2273 1006 omnibus
2292 945 2731 1007 invocantibus
2751 961 2910 1016 eum,
2934 943 3173 1006 divinus
3203 945 3402 1025 inquit
3425 944 3638 1022 David,

1992 1032 2057 1093 in
2085 1039 2349 1096 veritate
2375 1031 2548 1095 23.Εο
2578 1041 2778 1094 autem
2811 1033 3006 1095 adhuc
3041 1032 3441 1114 loquente,illi
3472 1033 3638 1095 exci-

1995 1122 2249 1202 pientes,
2300 1124 2480 1186 veluti
2530 1141 2647 1184 una
2705 1123 2906 1202 lingua
2957 1131 3015 1184 et
3044 1141 3189 1185 voce
3223 1141 3237 1182 :
3274 1122 3434 1202 Ipse,
3468 1123 3642 1186 dixe-

1994 1222 2154 1287 runt,
2193 1231 2299 1294 pro
2333 1213 2509 1275 nobis
2537 1231 2664 1287 ora,
2715 1213 3062 1274 venerande
3112 1212 3314 1276 Pater.
3344 1209 3641 1275 Volunta-

1996 1309 2114 1362 tem
2145 1303 2366 1384 quippe
2396 1321 2607 1365 eorum
2637 1305 2736 1383 qui
2769 1301 2982 1364 timent
3010 1302 3207 1382 ipsum
3261 1303 3459 1365 facere
3503 1320 3640 1365 om-

1998 1391 2141 1452 nino
2172 1393 2338 1454 novit
2366 1391 2675 1456 Dominus.

2076 1481 2280 1544 LXIX.
2315 1480 2454 1544 Haec
2477 1491 2536 1544 et
2551 1482 2773 1545 similia
2797 1501 2914 1546 non
2947 1483 3152 1545 valens
3174 1482 3416 1546 divinus
3437 1485 3642 1565 despi-

1995 1589 2136 1634 cere
2186 1569 2561 1652 Euthymius,
2623 1571 2994 1635 multitudini
3043 1572 3292 1650 quidem
3341 1574 3642 1636 intensam

1993 1659 2492 1740 supplicationem
2522 1661 2967 1744 praecepitjpse
2996 1680 3135 1726 vero
3158 1663 3483 1745 assumptis
3505 1683 3641 1726 mo-

1993 1750 2197 1813 nachis
2228 1751 2328 1832 qui
2359 1751 2632 1828 aderant,
2665 1753 3000 1830 ingreditur
3051 1772 3186 1815 cum
3241 1753 3386 1834 ipsis
3439 1763 3643 1818 orato-

261 1839 349 1894 καὶ
392 1839 550 1915 ῥίψας
612 1841 800 1916 ἑαυτον
858 1841 946 1898 ἐπὶ
1003 1845 1132 1920 γῆς,
1176 1839 1354 1899 ἔδεῖτο
1397 1843 1490 1898 σὺν
1547 1841 1764 1920 δάκρυσι
1816 1868 1908 1902 του

2000 1841 2146 1902 rium
2178 1861 2192 1916 ;
2227 1859 2412 1923 seque
2436 1842 2604 1904 humi
2632 1843 2984 1924 projiciens,
3022 1845 3211 1906 Deum
3267 1843 3477 1906 orabat
3505 1863 3643 1906 cum

264 1934 420 1986 Θεοῦ.
473 1930 569 1986 Καὶ
611 1934 680 2005 τῇ
722 1929 902 2000 δεήσει
954 1933 1086 1996 Θεὸς
1117 1931 1354 1988 ἐπείθετο
1387 1948 1404 1965 ⁶
1435 1935 1524 1989 καὶ
1556 1933 1741 1991 αὐτίκα
1771 1934 1913 2012 ἦχός

265 2038 346 2079 τις
401 2019 576 2091 βιαίου
636 2021 940 2095 πνεύματος
1001 2020 1304 2098 ἐξηκούετο,
1366 2023 1452 2078 καὶ
1501 2029 1668 2103 νεφῶν
1724 2025 1751 2078 6
1811 2023 1912 2092 ἀὴρ

266 2104 586 2184 ἐπληροῦτο,
646 2113 734 2165 καὶ
790 2119 818 2150 ιι
874 2107 1065 2188 λάϐρος
1123 2120 1146 2149 '
1211 2111 1363 2175 ὑετὸς
1419 2113 1761 2192 κατεφέρετο,
1825 2115 1911 2170 καὶ

264 2194 442 2253 ὕδασιν
475 2199 730 2278 ἀφθόνοις
761 2201 794 2267 ἦ
826 2205 901 2278 γῆ
932 2198 1273 2275 ἐμεθύσκετο.

346 2374 431 2438 θ’.
489 2375 752 2442 Ἀναστὰς
797 2379 969 2434 τοίνυν
1021 2386 1116 2436 τοῦ
1155 2377 1380 2460 ἐδάφους
1410 2379 1642 2455 ἐκεῖνος,
1673 2385 1760 2438 καὶ
1792 2396 1911 2446 τοῖς

267 2464 454 2545 ὄχλοις
514 2466 790 2545 ἐπιφανείς
823 2482 837 2498 ⁸
901 2464 1060 2542 Ἰδοὺ,
1121 2471 1276 2548 φησὶ,
1327 2469 1520 2547 Κύριος
1583 2476 1687 2526 τῶν
1737 2473 1914 2550 εὐχῶν

264 2557 410 2630 ὑμῶν
467 2558 772 2622 ἐπακούσας
802 2567 849 2632 ι,
925 2557 1196 2634 ἐπισκοπῇ
1282 2559 1437 2614 αὐτου
1497 2559 1597 2625 τὴν
1649 2564 1752 2634 γῆν
1812 2561 1908 2616 ἐπ-

265 2644 552 2721 εσκέψατο,
583 2647 677 2701 καὶ
706 2645 926 2720 ἐμέθυσε
957 2648 1084 2710 τοὺς
1141 2647 1371 2714 αὔλακας
1423 2651 1612 2721 αὐτῆς,
1671 2650 1759 2705 καὶ
1819 2659 1910 2708 τοῦ

265 2733 542 2791 πλουτίσαι
605 2736 770 2803 αὖτὴν
825 2736 1115 2806 ἐπλήθυνεν
1151 2756 1166 2771 ·
1231 2736 1514 2815 εὖλογήσει
1576 2736 1631 2792 δὲ
1691 2741 1776 2794 καὶ
1817 2742 1910 2794 τὸν

265 2824 522 2900 στέφανον
577 2833 669 2881 τοῦ
725 2825 967 2882 ἐνιαυτοῦ
1013 2826 1224 2905 τούτου,
1287 2827 1419 2902 ὑπὲρ
1483 2827 1604 2886 τοὺς
1664 2824 1853 2894 ἄλλους
1888 2845 1902 2859 ⁸

262 2915 348 2968 καὶ
397 2911 803 2982 πλησθήσονται
862 2915 961 2988 μὲν
1019 2917 1084 2971 τὰ
1126 2914 1278 2971 πεδία
1328 2918 1608 2995 πιότητος,
1673 2920 1906 2987 πιανθή-

263 3022 446 3058 σονται
515 3002 582 3058 τὰ
635 3004 814 3081 ὡραῖα
866 3013 892 3056 1
949 3009 1050 3072 τῆς
1111 3004 1336 3081 ἐρήμου,
1397 3006 1483 3061 καὶ
1554 3004 1908 3073 πληθυνοῦσιν

1999 1929 2464 2012 lacrymis.Deus
2488 1949 2627 1994 vero
2659 1933 2930 1994 oratione
2959 1935 3148 1995 ﬂexus
3179 1943 3290 2009 est,
3321 1934 3646 2017 statimque

1996 2020 2350 2084 audiebatur
2369 2021 2612 2103 quidam
2645 2041 2830 2085 sonus
2859 2023 3239 2088 vehementis
3261 2025 3646 2106 spiritus,aer

1995 2109 2361 2191 implebatur
2391 2111 2677 2190 nubibus,
2705 2112 3108 2193 erumpebant
3137 2114 3416 2188 tonitrua,
3458 2115 3648 2196 pluri-

1999 2217 2132 2261 mus
2161 2218 2374 2280 magno
2404 2202 2632 2281 impetu
2663 2201 2914 2263 cadebat
2937 2201 3154 2281 imber,
3183 2213 3240 2264 et
3262 2202 3648 2267 afﬂuentibus

1996 2289 2168 2370 aquis
2200 2298 2356 2353 terra
2385 2289 2822 2355 inebriabatur.

2078 2377 2466 2461 LXXJtaque
2486 2379 2589 2443 ille
2623 2381 2806 2443 humo
2839 2398 3092 2460 surgens
3118 2399 3184 2444 se
3217 2383 3407 2444 turbis
3437 2391 3646 2446 osten-

1997 2469 2121 2550 dit;
2183 2469 2384 2551 aitque
2439 2491 2452 2528 :
2515 2468 2670 2532 Ecce
2728 2470 3020 2533 Dominus
3079 2471 3373 2533 exauditis
3429 2473 3646 2534 vestris

1997 2558 2295 2639 precibus,
2331 2558 2594 2621 visitavit
2646 2569 2867 2622 terram
2928 2559 3272 2622 visitatione
3301 2579 3430 2638 sua,
3463 2571 3524 2623 et
3553 2561 3645 2622 ri-

1993 2665 2098 2711 vos
2118 2649 2260 2728 ,ejus
2289 2647 2627 2723 inebriavit,
2680 2658 2856 2728 atque
2921 2647 3337 2728 multiplicavit
3369 2649 3647 2730 locuple-

1996 2746 2122 2802 tare
2151 2757 2323 2814 eam;
2379 2737 2698 2801 benedicet
2730 2745 2930 2799 autem
2963 2755 3251 2799 coronam
3283 2741 3423 2801 anni
3459 2741 3638 2820 hujus

1991 2846 2172 2907 supra
2199 2827 2387 2906 alios;
2421 2838 2478 2890 et
2505 2827 2901 2908 replebuntur
2926 2829 3170 2909 quidem
3228 2830 3424 2910 campi
3457 2829 3639 2892 uber-

1995 2926 2134 2991 tate,
2171 2919 2563 3000 pinguescent
2593 2935 2734 2980 vero
2787 2919 3060 2998 speciosa
3093 2918 3340 2998 deserti,
3373 2927 3432 2980 et
3453 2919 3634 2982 valles

1989 3007 2378 3070 abundabunt
2408 3007 2737 3078 frumento,
2796 3017 2854 3068 et
2903 3007 3087 3069 colles
3117 3009 3514 3071 exsultatione
3541 3027 3635 3071 ac-

265 3093 312 3147 οἱ
371 3089 618 3156 κοιλάδες
673 3105 848 3171 σῖτον,
889 3092 982 3149 καί
1034 3092 1351 3171 ἂγαλλίασιν
1395 3095 1442 3151 oi
1475 3095 1651 3169 βουνοὶ
1682 3097 1908 3174 περιζώ-

2000 3099 2310 3178 cingeutur
2329 3098 2412 3161 ³4.
2447 3098 2644 3178 Atque
2675 3097 2768 3159 his
2791 3096 2994 3169 dictis,
3027 3097 3269 3158 dimittit
3314 3096 3637 3161 multitudi-

267 3202 471 3243 σονται.
537 3173 594 3239 Ὀ
639 3182 737 3256 μὲν
781 3185 872 3239 οὗν
902 3185 1120 3239 τοιαῦτα
1153 3183 1338 3257 εἰπὼν,
1398 3181 1596 3240 διαλύει
1652 3186 1714 3241 τὸ
1759 3185 1907 3253 πλῆ-

263 3273 350 3334 θος
385 3289 402 3307 °
466 3270 779 3347 παραπόδας
837 3269 893 3328 δὲ
952 3273 1038 3328 καὶ
1092 3274 1127 3340 ἡ
1186 3277 1283 3339 τῆς
1319 3271 1661 3351 προρρήσεως
1697 3273 1906 3341 ἔκϐασις

266 3360 456 3416 εἵπετο
492 3379 507 3394 ⁸
541 3363 629 3417 καὶ
656 3363 690 3429 ἡ
721 3367 794 3438 γῆ
824 3361 879 3417 ἐν
913 3374 1035 3421 ταῖς
1094 3362 1348 3439 σταγόσιν
1399 3362 1562 3430 αὐτῆς
1592 3365 1909 3443 ηὔφραίνετο

265 3450 647 3511 ἀνατέλλουσα.
715 3443 772 3508 Ὀ
833 3451 1016 3526 μέντοι
1074 3450 1329 3528 ῥαγδαῖος
1384 3453 1532 3516 ὑετος
1564 3452 1775 3518 ἐκεῖνος
1824 3453 1906 3534 ἐφ’

264 3542 444 3597 ἱκανὸν
498 3539 640 3597 οὕτω
693 3541 1026 3621 κατηνέχθη,
1089 3543 1164 3604 ὡς
1222 3540 1477 3622 ἐπισχεῖν
1520 3540 1649 3622 ἄχρι
1709 3543 1908 3600 πολλοῦ

269 3631 354 3686 καὶ
409 3631 510 3697 τὴν
565 3630 651 3686 ἐπὶ
706 3635 804 3697 τῆς
859 3629 1062 3708 ἐρήμου
1114 3636 1207 3687 τοῦ
1273 3629 1460 3709 ἀνδρὸς
1531 3631 1903 3712 ἀναχώρησιν,

267 3728 324 3776 Τί
377 3719 469 3776 οὗν
504 3735 522 3793 ;
565 3720 789 3798 ἀπόχρη
828 3721 918 3777 καὶ
966 3727 1131 3778 ταῦτα
1170 3727 1276 3777 τῶν
1323 3719 1580 3796 Εὐθυμίω
1610 3721 1790 3778 καλῶν
1821 3740 1836 3797 ;
1872 3724 1907 3792 ἢ

266 3809 460 3883 ζημίαν
486 3822 610 3874 ταῖς
641 3809 905 3883 φιλοθέοις
965 3814 1176 3890 ψυχαῖς
1236 3809 1462 3886 οἴσομεν
1495 3819 1541 3890 ⁸,
1574 3812 1618 3867 εί
1648 3812 1713 3867 τὰ
1742 3813 1906 3869 λοιπὰ

267 3901 370 3956 τῶν
424 3899 626 3955 ἐκείνου
681 3900 1108 3979 κατορθωμάτων
1189 3897 1553 3978 παρήσομεν;
1613 3909 1906 3980 Τοιγαρουν

265 3990 490 4046 κάκεῖνα
546 3987 855 4068 διηγητέον,
916 3989 952 4044 ἅ
1006 4010 1099 4064 μοι
1153 3986 1429 4063 Ἰωάννης,
1475 3991 1504 4046 6
1559 3991 1900 4069 ἡσυχαστὴς,

267 4080 425 4156 τημὶ,
487 4079 576 4136 καὶ
630 4079 943 4152 ἐπίσκοπος,
977 4080 1065 4135 καὶ
1123 4077 1416 4142 Θαλέλαιος
1474 4081 1502 4135 6
1555 4076 1905 4158 πρεσϐύτερος

267 4173 333 4243 τῇ
361 4166 526 4245 λαύρα
557 4166 611 4224 δὲ
653 4171 795 4225 οὗτοι
854 4175 946 4225 τοῦ
998 4167 1292 4245 μακαρίτου
1350 4165 1496 4225 Σάϐα
1553 4177 1578 4210 ι
1635 4168 1710 4225 ἔτι
1769 4171 1910 4249 πάρ-

271 4278 402 4314 εισιν
435 4256 839 4340 ἐνασκούμενοι)
872 4256 1189 4338 παρέδοσαν,

364 4347 496 4412 ΟΑ’.
543 4347 772 4427 Ἔλεγον
801 4349 922 4427 γὰρ,
956 4350 1032 4413 ὡς
1080 4345 1306 4411 πολλοῖς
1337 4367 1392 4404 τε
1423 4348 1626 4430 ἄλλοις,
1659 4352 1748 4408 καὶ
1776 4350 1919 4427 αὗτῷ

286 4435 456 4507 δήπου
485 4445 564 4514 τῷ
593 4417 716 4513 θείω
747 4417 918 4519 napi
960 4435 1128 4510 Σάϐᾳ,
1182 4435 1268 4493 διὰ
1323 4417 1700 4514 θαύματοίῆν
1752 4442 1832 4497 ἀεὶ
1890 4417 1983 4500 6D

1992 3206 2130 3249 nem
2166 3205 2180 3250 :
2219 3206 2351 3250 mox
2385 3205 2523 3250 vero
2547 3197 2792 3249 secutus
2823 3205 3063 3268 quoque
3095 3194 3184 3248 est
3213 3197 3459 3250 eventus
3487 3206 3636 3268 prai-

1992 3277 2308 3358 dictionis;
2371 3286 2428 3338 et
2459 3277 2653 3340 laetata
2700 3285 2789 3338 est
2818 3283 3002 3351 terra,
3036 3277 3096 3337 in
3129 3276 3254 3338 suis
3288 3277 3464 3340 stillis
3493 3295 3634 3357 ger-

1995 3367 2255 3430 minans.
2288 3365 2476 3428 Porro
2512 3367 2834 3430 vehemens
2861 3366 2966 3428 illa
3011 3366 3229 3442 pluvia,
3265 3386 3454 3448 usque
3481 3368 3634 3431 adeo

1992 3455 2237 3538 delapsa
2269 3467 2382 3530 est,
2415 3465 2480 3517 ut
2536 3456 2636 3517 diu
2696 3455 3022 3518 detinuerit
3070 3455 3180 3518 viri
3239 3475 3544 3520 secessum
3571 3458 3634 3519 in

1989 3546 2398 3609 solitudinem.
2435 3544 2586 3619 Quid
2623 3543 2811 3624 ergo?
2836 3544 3054 3607 Haacne
3087 3545 3392 3609 sufﬁciunt
3422 3566 3493 3610 ex
3519 3547 3632 3610 bo-

1991 3636 2084 3697 nis
2114 3634 2405 3716 Euthymii
2430 3633 2455 3696 ?
2485 3652 2559 3695 an
2591 3634 2706 3716 piis
2736 3635 3018 3696 damnum
3043 3635 3264 3697 animis
3286 3638 3632 3718 aﬂ‘eremus,

1989 3725 2041 3785 si
2073 3721 2495 3803 praeclarorum
2527 3721 2688 3784 illius
2740 3722 3031 3784 factorum
3082 3724 3318 3804 reliqua
3347 3726 3632 3787 omiseri-

1993 3831 2123 3874 mus
2145 3818 2174 3876 ?
2207 3811 2315 3874 llla
2367 3829 2509 3890 ergo
2541 3811 2718 3873 etiam
2754 3828 2997 3872 narrare
3027 3821 3290 3892 oportet,
3321 3832 3454 3893 quae
3485 3815 3635 3876 mihi

1986 3901 2271 3977 Joannes,
2305 3901 2610 3962 solitarius
2659 3900 2818 3980 (84),
2874 3899 3140 3980 inquam,
3198 3911 3256 3962 et
3288 3900 3630 3984 episcopus,

1991 3999 2050 4054 et
2076 3990 2414 4054 Thalelasus
2449 3991 2579 4070 (85)
2611 3989 2919 4070 presbyter
2968 3990 3036 4067 (ii
3080 3999 3284 4054 autem
3339 3991 3537 4054 adhuc
3568 3993 3633 4054 in

1991 4081 2159 4143 laura
2188 4079 2380 4143 sancti
2406 4080 2576 4143 Sabaa
2634 4077 2810 4141 vitam
2871 4078 3101 4142 ducunt
3129 4081 3478 4160 asceticam)
3509 4089 3634 4144 tra-

1996 4170 2277 4232 diderunt
2307 4169 2461 4251 (86).

2084 4348 2267 4416 LXXI.
2303 4349 2594 4417 Dicebant
2645 4352 2829 4426 enim,
2874 4351 3033 4433 quod
3079 4371 3214 4415 cum
3244 4350 3378 4414 aliis
3411 4353 3636 4430 multis,

2006 4455 2128 4510 tum
2158 4444 2266 4524 ipsi
2290 4441 2490 4504 divino
2512 4441 2667 4504 Patri
2683 4439 2851 4504 Saba;
2871 4440 3250 4505 admirationi
3269 4461 3510 4524 semper
3532 4443 3642 4510 fuit

347 4601 406 4654 ’5
437 4600 596 4668 Psal.
631 4617 829 4678 cniv,
863 4601 964 4681 48,
999 4600 1092 4664 19.
1177 4595 1236 4651 ³4
1266 4599 1426 4665 Psal.
1457 4615 1618 4682 inv,
1654 4601 1753 4683 10,
1788 4605 1889 4688 ll,

2005 4656 2020 4687 ,
2061 4608 2155 4688 ιε,
2194 4605 2291 4668 14.

1582 4693 1835 4760 VARUE
1889 4697 2207 4764 LECTION
2217 4699 2326 4762 ES.

349 4797 378 4875 ‘A
423 4793 505 4858 al,
565 4792 756 4875 inser.
819 4792 986 4875 εἶξεν.
1045 4788 1181 4875 “al.
1239 4787 1380 4852 add.
1413 4791 1500 4846 καὶ
1543 4790 1755 4869 βρονταὶ
1799 4793 2244 4873 κατερρήγνυντο.
2320 4801 2344 4832 '
2372 4790 2450 4852 al.
2485 4790 2697 4869 λαῦρος.
2760 4801 2784 4833 κ
2810 4788 2889 4852 al.
2925 4792 3266 4855 εἶσακουσας.
3323 4803 3347 4846 Υ
3377 4793 3454 4855 al.
3496 4795 3642 4875 δρέα,

271 4886 292 4917 ⁸
331 4873 409 4940 al,
444 4871 767 4949 εἰσοίσομεν.
849 4883 872 4912 ⁸
903 4871 982 4944 al,
1017 4868 1197 4929 Σάϐϐα
1230 4877 1289 4931 et
1314 4886 1578 4950 semper.

1482 4947 1702 5014 JOAN.
1742 4949 2118 5017 BOLLANDI
2162 4949 2416 5016 NOTIE.

346 5046 463 5117 (8t)
512 5043 728 5117 V_itam__
756 5043 814 5101 S.
875 5036 1473 5117 Joaqnis__Silentiarii
1518 5037 1810 5117 dabimus;
1846 5041 1914 5099 13

277 5111 512 5185 Deinde
534 5113 731 5186 Cyrilll
749 5127 880 5172 cum
905 5127 974 5171 eo
988 5111 1372 5186 lamiharitate
1393 5116 1582 5168 actum
1608 5115 1664 5167 in
1691 5115 1909 5186 proleg.

273 5183 1294 5266 num;._9_.dqau_tsa-.”et.§ssq-
1369 5252 1379 5264 .
1589 5254 1601 5266 .

339 5253 456 5334 (85)
487 5259 592 5318 Est
619 5261 716 5334 hic
744 5256 1072 5334 Thalelzeus
1108 5253 1382 5324 Cilix,qui
1407 5254 1914 5334 sexagintaannos

273 5323 553 5404 transegit
575 5333 633 5388 in
667 5331 777 5404 vita
795 5323 1437 5404 monasticamupquam
1451 5323 1912 5404 ﬂeredesistens,

275 5393 828 5478 dicensquejugiter
857 5420 870 5454 :
901 5397 1180 5478 «Tempus
1211 5393 1319 5453 hoc
1341 5396 1508 5478 nobis
1529 5397 1599 5453 ad
1625 5393 1914 5478 pmpitenf

275 5479 407 5536 tiam
446 5467 739 5533 indultum
773 5481 880 5536 est,
914 5477 970 5528 et
1003 5467 1171 5526 valde
1197 5467 1531 5537 requiratur
1567 5483 1599 5526 a
1626 5467 1836 5536 ‘nobis,
1867 5471 1913 5527 si

278 5548 416 5607 illud
437 5540 1055 5619 neglexerimuslha
1074 5539 1340 5619 Moschus
1364 5551 1489 5608 cap.
1519 5537 1608 5594 59.
1645 5539 1810 5619 alius
1844 5542 1915 5619 ab

278 5622 383 5680 hoc
415 5609 1059 5689 est‘TbaleleusCilix,
1091 5613 1192 5689 qui
1238 5614 1480 5689 integro
1511 5609 1722 5668 saeculo
1765 5613 1918 5689 anti-

315 5695 442 5750 uior
474 5704 655 5762 prope
705 5688 978 5746 Gabalam
1013 5685 1070 5741 in
1111 5681 1288 5762 'Syria
1329 5684 1502 5762 vitam
1539 5687 1917 5762 monasticam

315 5708 442 5750 11101⁵
474 5708 655 5762 prope
705 5708 978 5746 uaoalam
1015 5708 1070 5741 lu
1123 5708 1288 5754 ομνια
1335 5708 1502 5738 vuum
1541 5708 1917 5740 uluuaaucalu

277 5708 562 5823 decennio
599 5763 812 5831 exegit,
871 5771 1045 5830 quem
1101 5754 1402 5812 celebrant
1451 5751 1659 5813 Menam
1708 5754 1770 5811 ‘27
1805 5753 1920 5814 Fe-

1995 5043 2257 5108 bruar,et
2277 5041 2798 5113 Theodor_etus,qui
2831 5056 2964 5100 eum
2995 5041 3209 5107 invisit,
3243 5043 3300 5099 in
3331 5041 3642 5113 ⁸Ριιίιοιιιοο

1996 5128 2120 5185 cap.
2155 5112 2324 5185 28,ad
2345 5127 2516 5185 quem
2539 5111 2736 5171 locum
2753 5112 3104 5185 Rosweydus
3127 5127 3294 5169 cum.
3319 5111 3382 5185 8i
3421 5119 3644 5171 utrum-

1996 5183 2433 5257 qu'eiconludit.
2463 5183 2618 5257 Alius
2669 5185 2920 5256 denique
2956 5183 3289 5241 Thalelaeus
3321 5183 3530 5257 Martyr
3558 5193 3648 5243 est

1999 5254 2055 5328 ιιι
2090 5256 2313 5328 Menaeis
2367 5254 2440 5328 20
2489 5254 2849 5328 Maii.cuju§_
2897 5257 3183 5328 martyrio
3225 5259 3405 5311 relato
3463 5254 3566 5314 lib.
3603 5269 3643 5312 ι.

1999 5327 2274 5384 Viridarii
2297 5327 2445 5384 sacri
2478 5340 2550 5382 ex
2581 5324 2766 5385 tribus
2798 5326 2960 5384 blsce
2985 5324 3288 5384 Thalelaais
3313 5339 3493 5383 unum
3517 5329 3649 5385 facit

1999 5399 2278 5457 Raderus.
2311 5396 2525 5456 Verum
2566 5398 2668 5469 hic
2702 5405 2918 5469 martyr
2951 5400 3095 5456 vixit
3130 5397 3239 5455 sub
3274 5395 3644 5466 Numeriano,

1997 5471 2069 5530 ab
2102 5472 2232 5528 aliis
2269 5471 2509 5527 omnino
2543 5468 2852 5527 distinctus

2071 5541 2186 5613 (86)
2218 5539 2376 5600 Circa
2433 5555 2531 5598 an.
2583 5539 2682 5598 Ch.
2739 5540 2868 5606 εει,
2928 5538 3418 5613 ἰᾳωοίειιῐοειιηὶε
3459 5540 3648 5602 Vitam

1997 5610 2465 5742 ἱιξιιὲροὲνθηιὶε
2523 5613 2754 5684 sclipsit
2795 5626 2890 5669 an.
2925 5610 3028 5670 Cb.
3063 5611 3190 5668 557.
3223 5610 3359 5670 Vnde
3416 5615 3648 5690 proleg.

2003 5699 2158 5742 num.
2197 5699 2283 5744 1ο.
