4090 6198
461 322 579 392 655

1766 328 2048 392 MENSIS
2089 327 2542 393 JANUARIUS.

3647 328 3801 395 ’656

460 464 561 526 hic
589 465 680 525 vir
708 461 1099 536 admirabilis,
1157 479 1277 541 quo
1339 468 1509 540 pacto
1567 459 1628 521 in
1656 479 1893 524 summa
1921 463 2080 524 anim

2190 465 2494 539 θαυμαστὸς
2526 462 2678 524 οὗτος
2711 460 2737 502 ⁸³
2786 461 2919 540 ἀνήρ
2956 479 2970 493 ·
3024 461 3171 525 ὅπως
3216 462 3268 519 ἐν
3314 465 3508 540 μετρίῳ
3549 465 3678 521 πάνυ
3726 468 3807 524 καὶ

463 553 877 616 moderatione
907 560 964 613 et
997 548 1480 621 mansuetudine,
1519 559 1741 611 tantum
1794 570 1900 632 pro
1925 552 2090 615 recti:

2193 553 2425 610 ἐπιεικεῖ
2492 559 2569 625 τῷ
2628 553 2955 630 φρονήματι,
3002 553 3256 609 τοσοῦτον
3315 553 3442 631 ὑπὲρ
3503 560 3604 609 τῶν
3656 555 3805 632 ὀρθῶν

464 643 756 706 Ecclesiae
786 639 1164 719 dogmatibus
1193 636 1384 698 zelum
1416 638 1714 715 intulerit;
1745 648 1809 702 ut
1837 641 1996 704 idem
2019 661 2110 704 re-

462 752 603 796 vera
637 739 798 794 esset
826 729 988 789 mitis
1020 733 1079 789 et
1110 737 1402 807 pugnator
1429 745 1442 792 :
1479 735 1536 789 et
1558 729 1832 792 absolute
1861 732 2104 812 quidem

459 823 749 884 adversus
799 835 1012 878 omnes
1063 824 1230 878 recta
1300 835 1420 877 non
1480 818 1833 893 sentientes,
1892 841 2102 900 magno

459 909 742 991 praeditus
774 915 903 969 erat
932 914 1110 985 atque
1143 905 1378 968 ardenti
1408 905 1536 968 zelo
1563 930 1577 980 ;
1613 911 1870 972 maxime
1903 920 2100 973 autem

456 1006 666 1061 contra
727 997 1114 1071 manichaeos,
1178 1013 1403 1075 eosque
1457 996 1562 1076 qui
1620 1016 1804 1077 nugas
1861 1008 2106 1062 tuentur

454 1088 729 1168 Origenis
757 1110 770 1146 :
805 1085 910 1168 qui
940 1085 1111 1147 multi
1140 1104 1276 1147 cum
1311 1097 1514 1146 essent
1547 1094 1688 1148 tunc
1718 1087 1780 1147 in
1809 1088 1958 1150 locis
1982 1089 2103 1152 Car

455 1195 689 1240 saream
721 1173 1152 1250 ambientibus,
1189 1185 1311 1235 tum
1345 1174 1417 1235 ad
1454 1193 1588 1236 eum
1636 1178 1909 1240 venirent
1942 1197 2100 1260 pras-

454 1275 619 1331 textu
652 1266 914 1348 pietatis,
951 1273 1078 1326 erat
1109 1264 1203 1326 leo
1233 1263 1520 1326 adversus
1563 1265 1788 1346 vulpes,
1820 1287 2102 1330 sermone

450 1355 937 1436 inexpugnabilis
965 1372 1075 1416 nec
1105 1353 1389 1415 sustineri
1441 1353 1664 1427 valens,
1717 1356 2098 1420 demonstra-

457 1447 724 1510 tionibus
781 1467 814 1506 e
867 1462 1038 1507 sacra
1093 1441 1403 1524 Scriptura
1466 1444 1666 1522 petitis
1725 1447 1916 1510 valide
1962 1448 2102 1511 illos

454 1537 863 1618 comprimens
894 1541 954 1595 et
979 1533 1278 1596 suﬂ‘ocans
1305 1550 1320 1607 ;
1373 1539 1431 1593 et
1460 1534 1792 1597 secundum
1822 1539 2101 1600 Jeremiaa

452 1626 638 1688 verba
663 1625 748 1699 95,
783 1623 1058 1686 efﬁciens
1116 1630 1182 1683 ut
1212 1621 1329 1702 ipsi
1361 1622 1879 1687 confunderentur
1906 1646 1938 1688 a
1965 1626 2098 1706 glo-

2191 642 2290 710 τῆς
2351 640 2675 707 Ἐκκλησίας
2719 639 3003 716 δογμάτων
3067 643 3349 718 εἰσήνεγκε
3393 640 3578 722 ζῆλον,
3620 645 3689 706 ὡς
3723 646 3806 700 τὸν

2194 733 2350 788 αὐτὸν
2408 734 2461 787 εν
2521 730 2744 803 ἀληθείᾳ
2787 737 2950 803 πρᾶον
3024 731 3170 786 εἶναι
3226 733 3312 787 καὶ
3369 734 3648 811 μαχητήν.
3719 735 3808 790 Καὶ

2192 820 2376 883 ἁπλῶς
2437 821 2535 894 μὲν
2591 821 2728 877 κατὰ
2785 820 2961 878 πάντα
3003 822 3129 896 ὀρθὰ
3185 823 3261 893 μὴ
3311 822 3658 899 φρονούντων,
3713 844 3807 878 πο-

2186 910 2280 975 λὺς
2309 912 2374 978 ἧν
2417 912 2507 967 τὸν
2551 908 2716 980 ζὴλον
2756 912 2844 966 καὶ
2900 908 3207 988 διαπύρσιος
3251 925 3276 954 ο
3331 911 3468 966 κατὰ
3513 913 3807 989 Μανιχαίων

2186 998 2242 1057 δέ
2299 1001 2557 1074 μάλιστα,
2603 999 2701 1055 καί
2751 1003 2923 1058 αὐτῶν
2968 1007 3075 1056 τῶν
3105 1001 3170 1056 τὰ
3198 999 3500 1078 Ὠριγένοος
3535 998 3806 1076 ληρήματα

2188 1088 2587 1168 πρεσϐευόντων
2621 1105 2634 1120 ·
2684 1090 2773 1151 οὓς
2832 1087 3060 1152 πολλοὺς
3109 1089 3231 1146 τότε
3279 1089 3434 1152 ὄντας
3478 1088 3531 1144 ἐν
3563 1102 3674 1154 τοῖς
3702 1093 3808 1167 περὶ

2187 1183 2506 1254 Καισάρειαν
2567 1178 2780 1251 τόποις,
2836 1177 2961 1234 εἶτα
3018 1180 3104 1234 καὶ
3169 1175 3443 1242 εὐλαϐείας
3473 1179 3807 1256 προσχήματι

2183 1270 2316 1346 πρὸς
2374 1269 2533 1326 αὐτὸν
2589 1272 2911 1345 φοιτῶντας,
2973 1266 3111 1322 λέων
3186 1269 3318 1344 πρὸς
3378 1266 3660 1330 ἆλώπεκας
3725 1270 3806 1345 ἧν,

2185 1355 2403 1436 ἄμαχός
2449 1379 2505 1412 τε
2564 1359 2655 1412 τὸν
2716 1357 2874 1433 λόγον
2920 1358 3006 1429 καὶ
3055 1357 3440 1422 ἀνυπόστατος,
3480 1368 3600 1418 ταῖς
3629 1354 3809 1411 ἐκτῶν

2183 1447 2337 1502 θείων
2397 1449 2617 1524 Γραφῶν
2670 1444 3001 1510 ἀποδείξεσιν
3043 1448 3279 1526 ἰσχυρῶς
3339 1445 3526 1510 αὐτοὺς
3583 1444 3810 1523 συνέχων

2185 1537 2272 1591 καὶ
2327 1535 2640 1612 ἂποπνίγων
2677 1554 2690 1568 ·
2742 1537 2824 1590 κσὶ
2880 1535 2940 1590 τὸ
2995 1543 3086 1591 τοῦ
3134 1528 3414 1614 Ἰερεμίου,
3474 1534 3808 1613 αἰσχυνθῆναι

2181 1626 2398 1688 τούτους
2455 1624 2562 1679 ἀπὸ
2622 1625 2943 1703 καυχήσεως
3007 1624 3180 1680 αὐτῶν
3243 1626 3672 1702 παρασκευάζων·
3718 1623 3808 1689 τὴν

451 1717 709 1780 riatlone
734 1732 882 1787 sua;
915 1731 1154 1776 necnon
1183 1711 1454 1773 fabulose
1484 1711 1639 1792 apud
1672 1731 1775 1775 eos
1817 1713 2090 1777 traditam

2181 1710 2306 1792 παρ’
2390 1714 2574 1774 αὐτοῖς
2654 1734 2711 1768 τε
2799 1711 3272 1790 μυθολογουμένην
3342 1711 3662 1791 προΰπαρξιν
3729 1714 3809 1767 καὶ

453 1804 991 1887 prazexsistentiam
1026 1811 1084 1864 et
1114 1802 1558 1864 restitutionem
1590 1813 1862 1865 evertens
1893 1805 2090 1865 omni-

2180 1803 2612 1862 ἀποκατάστασιν
2679 1801 2989 1878 ἀνατρέπων
3049 1805 3200 1860 παντὶ
3277 1802 3447 1859 σθένει
3511 1802 3600 1858 καὶ
3651 1823 3807 1860 κατα-

452 1896 568 1958 bus
599 1894 821 1957 viribus
843 1901 1023 1974 atque
1053 1891 1370 1972 dejiciens.
1407 1891 1740 1963 Quinetiam
1773 1893 1836 1954 in
1862 1913 1966 1956 eos
1992 1894 2090 1974 qui

2176 1890 2413 1954 ϐάλλων.
2477 1897 2548 1951 Οὐ
2608 1893 2740 1972 μὴν,
2800 1890 2940 1948 ἀλλὰ
3017 1894 3103 1948 καὶ
3163 1891 3281 1948 κατ’
3339 1893 3513 1948 αὐτῶν
3568 1890 3676 1947 ὅσοι
3717 1890 3807 1956 τὴν

454 1986 583 2048 Arii
634 1995 693 2048 et
751 1983 995 2046 Sabellii
1056 1982 1330 2044 laborant
1362 1982 1616 2056 insania,
1654 1984 1872 2045 acriter
1898 1984 2090 2062 spira-

2177 1981 2384 2061 Ἀρείου
2441 2005 2497 2038 τε
2556 1983 2640 2038 καθ
2708 1979 3002 2039 Σαϐελλίου
3079 1984 3272 2054 μανίαν
3329 1981 3571 2056 ἐνόσουν,
3627 1981 3809 2058 θερμὸν

449 2076 572 2152 bat,
607 2093 854 2156 eosque,
885 2075 1057 2154 juxta
1084 2071 1465 2153 Prophetam,
1493 2072 1756 2152 perfecto
1788 2073 1928 2136 odio
1955 2074 2090 2136 ode-

2178 2071 2345 2146 ἔπνει,
2378 2073 2466 2129 καὶ
2497 2071 2700 2129 τέλειον
2736 2071 2948 2149 αὖτοὺς,
2981 2073 3118 2128 κατὰ
3171 2073 3262 2128 τὸν
3307 2073 3616 2150 προφήτην,
3651 2083 3805 2145 μῖσος

447 2176 538 2229 rat
564 2167 646 2230 96.

2179 2163 2374 2238 ἐμίσει.

528 2256 753 2320 LXXII.
787 2254 1080 2317 Craterum
1133 2253 1576 2332 septuagesimo
1609 2260 1668 2314 et
1698 2259 1902 2332 quinto
1935 2272 2090 2317 anno

2255 2251 2380 2313 OB'.
2435 2242 2852 2326 εΕϐδομηκοστῷ
2894 2249 2949 2306 δὲ
2980 2256 3077 2318 τῆς
3130 2251 3389 2325 Εὔθυμίου
3449 2251 3542 2306 τοῦ
3587 2248 3808 2326 μεγάλου

452 2342 1812 2425 aatatis(87)magniEuthymii,congregatafuit
1835 2346 2090 2424 synodus

2174 2340 2386 2410 ἡλικίας
2418 2344 2506 2397 καὶ
2537 2363 2770 2417 πέμπτῳ
2800 2341 3048 2414 ἐνιαυτῷ,
3100 2339 3195 2396 καὶ
3253 2343 3286 2408 ἡ
3344 2339 3400 2396 ἐν
3461 2338 3753 2405 Χαλκηδόνι
3786 2338 3810 2380 ἀ

447 2434 958 2501 Chalcedonensis
986 2453 1002 2512 ;
1053 2432 1115 2493 in
1137 2449 1315 2508 quam
1343 2449 1554 2493 omnes
1572 2431 1697 2494 fere
1720 2439 1901 2495 totius
1927 2433 2090 2496 orbis

2177 2433 2533 2508 ωνεκροτήθη
2579 2429 2794 2495 σύνοδος
2835 2449 2846 2463 ’
2899 2430 3017 2487 καθ’
3049 2431 3115 2497 ἢν
3171 2430 3420 2487 ἁπάντων
3467 2427 3662 2508 σχεδὸν
3711 2433 3808 2484 τῶν

449 2527 714 2606 undique
735 2529 1148 2587 convenerunt
1172 2520 1486 2600 pontifices
1502 2521 1658 2600 (88):
1694 2539 1798 2583 eos
1823 2523 1984 2584 enim
2017 2523 2090 2586 ad

2175 2530 2456 2600 πανταχοῦ
2511 2525 2610 2587 τῆς
2670 2519 2990 2595 οἰκουμένης
3048 2518 3410 2576 συνελθόντων
3470 2517 3756 2597 ἀρχιερέων
3792 2533 3804 2546 ⁸

449 2624 806 2679 conventum
827 2612 1142 2684 vocabant,
1171 2627 1305 2690 qum
1322 2609 1544 2689 Ephesi
1561 2609 1794 2674 scilicet
1811 2611 2090 2677 innovata

2174 2608 2354 2665 ἐκάλει
2415 2611 2515 2688 γὰρ
2573 2612 2762 2674 αὖτοὺς
2823 2611 2896 2672 εἰς
2983 2609 3286 2667 συνέλευσιν
3357 2609 3426 2664 τα
3498 2608 3551 2662 ἐν
3613 2606 3811 2685 Ἐφέσῳ

445 2707 705 2780 fuerant,
740 2724 775 2766 a
803 2701 1392 2782 Dioscoro,inquam,
1426 2699 1835 2763 Alexandrino
1863 2723 1877 2782 ;
1913 2721 2088 2782 quem

2175 2699 2380 2766 δηλαδὴ
2438 2701 2847 2778 νεωτερισθέντα
2943 2701 3045 2756 ὑπὸ
3119 2698 3449 2778 Διοσκόρου,
3512 2699 3672 2776 φημὶ,
3730 2703 3814 2753 τοῦ

445 2814 581 2859 cum
617 2795 825 2856 eadem
859 2810 928 2853 ac
949 2791 1050 2853 ille
1075 2787 1547 2864 asserentibus,e
1571 2790 1762 2852 sacris
1784 2791 2090 2870 ejeceruut

2175 2785 2562 2864 Ἀλεξανδρέως
2596 2804 2609 2818 ⁴
2660 2791 2719 2844 ὃν
2762 2788 2876 2863 ἅμα
2919 2789 3040 2853 τοῖς
3095 2790 3162 2844 τὰ
3213 2787 3424 2843 ἐκείνου
3471 2783 3809 2864 πρεσϐεύουσι

445 2884 762 2962 Catalogis;
797 2886 1260 2959 accuratumque
1286 2878 1428 2941 ﬁdei
1457 2879 1768 2942 decretum
1799 2899 2085 2961 exposue-

2174 2877 2277 2933 τῶν
2328 2877 2484 2954 ἱερῖὸν
2537 2876 2871 2934 ἐκϐαλόντων
2917 2876 3275 2955 καταλόγων,
3328 2874 3454 2953 ὅρον
3511 2897 3568 2932 τε
3625 2871 3807 2952 ἀκριϐῆ

447 2981 610 3035 runt.
639 2970 788 3032 Huic
810 2967 1034 3049 synodo
1055 2968 1232 3030 etiam
1257 2969 1595 3031 intererant
1615 2969 1892 3048 discipuli
1930 2989 2085 3050 prm—

2174 2972 2267 3033 τῆς
2313 2967 2541 3028 πίστεως
2601 2965 2898 3041 ἐκθεμένων
2932 2984 2946 2998 ⁸
2996 2966 3085 3024 καὶ
3146 2967 3196 3022 οῖ
3255 2966 3516 3040 Εὖθυμίου
3577 2962 3805 3038 μαθηταῖ

443 3060 716 3125 cellentis
738 3058 1058 3139 Euthymii,
1077 3058 1418 3138 Stephanus
1435 3058 1685 3120 Jamniaa
1712 3057 1856 3138 (89),
1889 3069 1947 3121 et
1971 3059 2084 3123 Sa-

2174 3063 2259 3112 τοῦ
2314 3056 2448 3112 πάνυ
2504 3061 2570 3132 τῇ
2629 3054 2830 3129 συνόδῳ
2879 3054 3135 3134 παρόντες
3185 3054 3514 3133 ἐτύγχανον,
3548 3052 3805 3132 Στέφανός

442 3168 796 3214 racenorum
816 3150 1131 3229 episcopus
1150 3146 1587 3223 Joannes;cum
1608 3149 1820 3210 Petrus
1842 3148 2084 3228 quidem

2174 3167 2224 3201 τε
2268 3147 2295 3202 ὁ
2352 3144 2615 3218 Ἰαμνείας
2673 3153 2714 3223 θ,
2762 3147 2850 3202 καὶ
2894 3148 2922 3202 ὁ
2968 3149 3072 3202 τῶν
3131 3150 3468 3223 Σαραιιηκῶν
3531 3144 3806 3205 ἐπίσκοπος

436 3242 561 3321 jam
588 3259 619 3302 e
640 3239 756 3302 vita
771 3238 1149 3312 excessisset,
1184 3239 1284 3317 qui
1306 3253 1451 3299 vero
1475 3237 1532 3298 ei
1559 3238 1855 3299 successit
1877 3240 2082 3301 Auxe-

441 3331 572 3392 laus
596 3327 1100 3410 (90),adhaasisset
1120 3325 1501 3401 Dioscoro,et
1519 3326 1654 3388 ideo
1681 3344 1892 3405 magno
1913 3329 2085 3408 (proh

441 3420 614 3484 dolor
639 3421 684 3496 t)
707 3435 850 3480 sane
893 3413 1210 3495 Euthymio
1261 3414 1490 3475 invisus
1508 3414 1691 3477 vitam
1725 3415 2005 3479 ﬁniisset.
2039 3417 2084 3478 li

440 3508 961 3587 ergo,Stephanus
990 3503 1268 3566 videlicet
1298 3512 1356 3566 et
1382 3502 1901 3586 Joannes,synodo
1927 3525 2075 3585 pra-

438 3609 662 3671 sentes,
697 3603 1006 3676 postquam
1041 3593 1184 3656 ﬁdei
1206 3593 1516 3656 decretum
1541 3595 1666 3674 jam
1694 3605 1824 3657 erat
1845 3596 2085 3658 manda-

437 3698 560 3750 tum
595 3687 907 3761 litteris,eo
929 3685 1126 3747 statim
1149 3695 1415 3766 arrepto,
1437 3703 1614 3765 quam
1641 3694 1961 3766 potuerunt
1977 3705 2083 3749 ce-

436 3776 681 3838 lerrime
737 3776 809 3838 ad
841 3773 1225 3854 Euthymium
1275 3775 1594 3838 accedunt.
1625 3774 2083 3849 Quonammodo

433 3866 665 3930 affecti?
688 3865 972 3928 Volentes
991 3867 1260 3938 scire,an
1285 3865 1414 3945 ipse
1435 3881 1674 3945 quoque
1693 3866 2084 3928 assentiretur

433 3958 507 4020 iis
535 3976 664 4038 quae
686 3956 906 4035 scripta
931 3951 1329 4016 fuerant.Non
1355 3953 1745 4017 mediocriter
1766 3957 1928 4016 enim
1955 3963 2080 4018 ter-

433 4047 603 4109 rebat
624 4063 727 4107 eos
749 4043 908 4124 quod
959 4043 1223 4105 Auxolao
1270 4044 1871 4125 contigerat;neque
1890 4043 2080 4108 habe-

436 4134 580 4196 bant
609 4153 724 4214 quo
751 4131 930 4194 modo
954 4139 1054 4193 aut
1071 4139 1617 4208 consentirent,aut
1637 4133 2081 4208 ditferrent,an-

433 4231 678 4299 thuam
713 4230 1149 4300 cognoscerent
1189 4240 1304 4302 quo
1348 4231 1624 4300 vergeret
1645 4222 1806 4284 illius
1829 4231 2079 4285 senten-

436 4312 536 4374 tia.
572 4313 888 4390 Postquam
925 4327 1065 4371 vero
1123 4308 1226 4373 ille
1278 4311 1544 4391 legisset,
1582 4321 1640 4375 et
1687 4331 1821 4390 quae
1852 4312 2078 4393 scripta

435 4410 606 4464 erant
635 4399 966 4462 invenisset
1007 4409 1176 4462 recte
1207 4418 1274 4463 se
1304 4401 1530 4464 habere
1560 4410 1616 4464 et
1648 4412 1826 4464 rectm
1855 4401 2079 4481 regulae

433 4491 696 4552 veritatis
728 4490 1079 4565 concinero,
1114 4490 1373 4571 pervasit
1407 4499 1653 4573 repente
1686 4491 1843 4554 fama
1893 4499 2075 4553 totam

430 4579 844 4660 solitudinem,
877 4579 1036 4660 quod
1061 4557 1148 4641 ἐἰ
1197 4599 1445 4658 magnus
1475 4557 1824 4662 Euthymius
1849 4598 2071 4660 seque-
2096 4557 2142 4608 θ

431 4676 600 4733 retur
630 4669 920 4750 synodum
954 4669 1533 4734 Chalcedonensem.

512 4830 571 4883 95
597 4828 822 4894 Jerem.
855 4847 966 4912 xu,
1001 4833 1100 4895 13.
1186 4829 1246 4880 εδ
1275 4830 1430 4897 Psal.
1465 4833 1872 4915 cxxxvm,22:

2172 3235 2424 3300 Ἰωάννης
2463 3253 2477 3269 ·
2515 3234 2713 3313 Πέτρου
2746 3235 2842 3309 μὲν
2875 3233 2978 3302 ἤδη
3010 3236 3100 3291 τὸν
3133 3236 3248 3310 βίον
3291 3233 3678 3308 ἀπολιπόντος,
3723 3239 3808 3288 τοῦ

2167 3321 2220 3378 δὲ
2282 3323 2399 3398 μετ’
2459 3326 2616 3381 αὐτὸν
2675 3323 2942 3390 Αὐξολάου
2998 3331 3074 3398 τῷ
3107 3323 3378 3402 Δὶοσκόρῳ
3410 3323 3803 3401 προστεθέντος,

2167 3414 2256 3470 καὶ
2286 3411 2370 3468 διὰ
2400 3419 2554 3470 τοῦτο
2584 3413 2639 3469 ἐν
2667 3413 2932 3492 ἀπεχθείᾳ
2960 3415 3050 3470 τὸν
3091 3413 3229 3488 βίον,
3278 3413 3431 3487 οἴμοι
3469 3416 3482 3472 l
3519 3414 3648 3490 τάγε
3679 3413 3803 3489 πρὸς

2164 3505 2257 3558 τὸν
2316 3502 2485 3581 μέγαν
2544 3503 2801 3578 Εὐθύμιον
2881 3505 3370 3580 καταστρέψαντος.
3447 3503 3604 3562 Οὗτοι
3661 3508 3800 3578 γοῦν,

2171 3591 2436 3670 Στέφανος
2482 3589 2729 3658 δηλονότι
2762 3593 2850 3648 καὶ
2878 3589 3156 3671 Ἰωάννης,
3196 3596 3265 3667 τῇ
3295 3589 3498 3664 συνόδῳ
3531 3591 3803 3668 παρόντες,

2169 3680 2384 3757 ἐπείπερ
2439 3678 2543 3748 ἤδη
2603 3684 2631 3738 ὁ
2687 3685 2787 3748 τῆς
2831 3680 3062 3744 πίστεως
3125 3679 3243 3759 ὅρος
3275 3680 3330 3736 ἐν
3359 3680 3675 3760 γράμμασιν
3717 3683 3800 3758 ἦν,

2167 3771 2499 3848 αρπάσαντες
2531 3771 2722 3833 εόθέως
2768 3771 2946 3844 αὒτὸν,
2981 3772 3017 3846 ᾗ
3048 3771 3254 3850 τάχους
3305 3774 3469 3849 εἶχον
3509 3772 3641 3848 πρὸς
3702 3773 3800 3829 Εὖ-

2164 3860 2351 3935 θόμιον
2407 3861 2810 3938 παραγίνονται.
2879 3861 2935 3918 Τί
3016 3860 3327 3931 παθόντες;
3388 3861 3447 3916 Εἰ
3507 3861 3598 3916 καὶ
3652 3859 3801 3921 αὐτὸς

2165 3950 2420 4028 στοιχοίη
2449 3962 2569 4014 τοῖς
2598 3948 2989 4029 γεγραμμένοις
3017 3952 3211 4023 μᾶθεϊν
3249 3946 3549 4014 ἐθέλοντες,
3599 3943 3804 4028 Ἐφόϐει

2165 4039 2264 4118 γὰρ
2311 4039 2500 4102 αὐτοὺς
2559 4039 2621 4096 οὔ
2674 4040 2900 4116 μετρίως
2952 4041 3013 4094 τὸ
3057 4041 3196 4094 κατᾶ
3238 4039 3328 4094 τὸν
3361 4036 3632 4104 Αὗξόλαον
3666 4058 3678 4072 ·
3717 4036 3803 4093 καί

2166 4129 2259 4185 οὒκ
2315 4128 2476 4207 εἶχον
2532 4127 2679 4192 ὅπως
2733 4129 2767 4195 ἢ
2817 4131 3129 4204 συνθῶνται,
3191 4128 3227 4195 ἢ
3259 4124 3660 4202 ἆναϐάλωνται,
3693 4127 3806 4204 πρὶν

2164 4216 2227 4272 ἂν
2283 4218 2371 4272 καὶ
2414 4218 2512 4284 τὴν
2558 4217 2757 4273 ἐκείνου
2801 4230 2978 4294 γνοῖεν
3010 4221 3108 4286 τῆς
3143 4217 3366 4295 γνώμης
3411 4218 3612 4294 ῥοπήν.
3649 4215 3798 4274 Ἐπεί

2161 4306 2216 4362 δὲ
2273 4305 2512 4384 ἐντυχὼν
2558 4302 2790 4387 ἐκεῖνος,
2825 4305 3002 4370 καλῶς
3035 4305 3236 4385 ἔχοντα
3285 4309 3397 4384 εὗρε
3443 4307 3513 4362 τὰ
3561 4326 3804 4384 γεγραμ-

2161 4397 2318 4473 μένα,
2364 4395 2452 4452 καὶ
2494 4399 2573 4467 τῷ
2615 4395 2752 4472 ὀρθῷ
2806 4397 2987 4452 κανόνι
3031 4401 3132 4462 τῆς
3181 4394 3435 4463 ἀληθείας
3488 4393 3798 4467 συνᾴδοντα,

2159 4486 2346 4564 ἀθρόον
2399 4486 2434 4551 ἡ
2494 4485 2652 4562 φήμη
2706 4491 2992 4564 πανταχοῦ
3021 4489 3118 4551 τῆς
3163 4484 3366 4563 ἐρήμου
3395 4482 3687 4564 διέϐαινεν,
3717 4482 3799 4539 ὅτι

2157 4576 2244 4632 καὶ
2299 4576 2326 4629 ὁ
2369 4572 2538 4650 μέγας
2612 4573 2867 4650 Εὖθύμιος
2923 4580 2992 4651 τῇ
3052 4573 3105 4630 ἐν
3188 4572 3490 4641 Χαλκηδόνι
3549 4573 3798 4652 στοιχοίη

2158 4661 2382 4735 συνόδῳ.

1748 4911 2001 4978 νΑΡιΙὶΕ
2041 4904 2479 4976 LECTIONES.

510 5019 536 5061 δ
565 5020 644 5082 al.
680 5018 797 5083 ins.
825 5018 1011 5085 ὅντως,

1099 5037 1125 5066 ε
1156 5019 1234 5081 al.
1269 5019 1597 5100 διαπρύσιος.
1682 5022 1712 5066 ἀ
1738 5019 1817 5083 al.
1855 5018 2164 5100 Καλχηδόνι
2195 5025 2259 5078 et
2289 5013 2461 5076 infra.
2547 5029 2573 5058 ο
2600 5013 2679 5076 al.
2713 5013 2971 5095 Ἰαμνίας,
3008 5021 3066 5076 et
3095 5013 3271 5078 infra.

1649 5123 1858 5188 JOAN.
1907 5119 2283 5187 BOLLANDI
2326 5118 2582 5185 NOTIE.

497 5231 613 5301 (87)
647 5232 756 5290 An.
788 5230 906 5303 Cb.
950 5229 1080 5302 451,
1113 5239 1296 5303 empta
1327 5239 1412 5290 est
1440 5233 1473 5288 8
1505 5233 1728 5290 octobr.
1761 5241 1815 5289 et
1846 5239 1992 5303 post_
2013 5228 2076 5284 t3

428 5300 721 5360 sessiones
751 5301 1016 5360 absoluta
1061 5300 1090 5357 ’1
1147 5300 1424 5360 Nevemb.
1480 5303 1703 5361 Dicitur
1730 5300 1921 5360 annus
1950 5300 2079 5358 Eu-

431 5373 779 5446 thymiii75.
836 5387 970 5430 cum
1017 5386 1214 5446 revera
1255 5381 1474 5432 tantum
1517 5383 1678 5446 esset
1716 5373 1806 5439 74,
1841 5373 1992 5446 quod
2045 5389 2073 5430 a

427 5443 749 5514 Septembri
819 5457 1041 5501 annum
1103 5445 1446 5503 inchoarent
1503 5443 1870 5510 Orientales,
1911 5445 2076 5515 isque

429 5518 786 5586 principium
817 5525 1141 5572 contineret
1172 5519 1306 5572 anni
1343 5516 1500 5574 illius
1531 5515 1618 5573 75.

501 5586 616 5659 (βξ)
651 5587 930 5659 §excenti
968 5587 1315 5659 ettriginta.

2161 5235 2220 5291 et
2249 5229 2302 5327 6~
2317 5227 2419 5290 ubi
2445 5227 2706 5291 Joannes
2761 5228 2981 5290 dicitur
3023 5227 3338 5309 episcopus
3371 5229 3552 5291 ἔθνους
3585 5226 3793 5306 Σαῤῥα-

2157 5332 2673 5458 κηῖὄθΐᾼυιοιειιε
2711 5387 2806 5444 hic
2837 5387 3095 5460 interguit
3145 5388 3367 5460 synodo
3397 5386 3720 5460 Ephesinga
3742 5383 3791 5439 II

2158 5456 2474 5532 reprobate
2505 5469 2561 5518 et
2588 5461 2869 5532 adversus
2897 5460 2952 5517 S.
2986 5456 3632 5532 Flavia'num,una_cum
3657 5456 3792 5532 Dio-

2157 5528 2347 5599 scoro,
2407 5531 2762 5602 subscripsit.
2826 5531 2956 5587 Haec
3023 5531 3432 5600 produntacta
3469 5528 3786 5602 Ephesina,

2155 5617 2278 5672 quae
2307 5598 2525 5674 intexta
2557 5598 2694 5659 sunt
2725 5603 2952 5674 synodo
2981 5598 3432 5660 Chalcedonensi
3471 5598 3579 5655 sub
3612 5598 3790 5655 ﬁnem

501 5655 617 5725 (89)
649 5655 902 5728 Uterque
949 5655 1373 5730 subscripsisse
1424 5659 1636 5732 legitur
1684 5662 1913 5726 Actioni
1956 5677 2004 5739 1,
2038 5670 2071 5724 2
2152 5655 2658 5746 Ᾰοὶῖοῆἱέᾗεῖὦιέξ
