4090 6198
379 331 498 402 659
1663 327 1946 392 MENSlS
2004 331 2033 390 J
2043 330 2142 390 AN
2154 325 2463 390 UARIUS.
3637 322 3751 388 660

383 469 529 545 Quia
558 467 632 532 ab
668 487 738 532 ea
767 469 1008 550 quidem
1053 466 1280 550 synodo
1308 473 1450 527 sunt
1489 472 1733 537 statuta,
1769 461 2036 525 nondum

2134 471 2220 529 τῆς
2277 464 2529 532 τοιαύτης
2587 461 2804 522 συνόδου
2865 463 3311 544 δόγματισθέντα,
3377 463 3543 534 οὔπω,
3603 463 3765 543 φησί’

385 559 728 640 singulatim
766 557 1138 620 consideravi
1175 555 1378 617 omnia
1399 554 1504 617 sed
1537 552 1699 632 quod
1729 553 1940 616 attinet
1967 552 2042 614 ad

2134 554 2426 640 καταμέρος
2489 554 2825 630 ἐπέσκεμμαι
2869 555 3067 616 πάνταο
3147 553 3284 622 πλὴν
3346 554 3472 612 ὅσον
3541 553 3626 611 ἐπὶ
3692 560 3770 627 τῷ

389 634 696 714 decretum
721 647 794 708 ab
818 647 906 710 eis
953 647 1311 728 expositum,
1338 663 1457 706 non
1489 662 1732 726 possum
1752 661 1881 725 quae.
1899 642 2044 706 deﬁ-

2134 634 2254 721 παρ’
2313 646 2486 701 αὗτῶν
2517 643 2778 701 ὶκτεθέντι
2837 642 2965 722 ὅρῳ,
2997 647 3088 704 οὖν
3144 642 3260 724 ἔχω
3293 649 3396 700 τῶν
3437 641 3767 721 δεδογμένων

388 743 513 804 nita
536 746 677 800 sunt
703 735 1180 817 reprehendere.
1207 735 1424 798 Statuit
1454 733 1612 796 enim
1632 734 1760 816 ipsa
1779 751 2040 814 quoque,

2134 731 2495 794 ἐπιλαϐέσθαι.
2559 732 2636 790 Τά
2697 751 2754 787 τε
2807 731 2908 810 γὰρ
2963 737 3070 788 τῶν
3129 734 3445 809 τριακοσίων
3499 729 3625 787 δέκα
3680 732 3772 786 καὶ

388 835 553 905 sequi
575 833 920 889 sententiam
950 839 1339 888 trecentorum
1365 828 1563 887 decem
1587 839 1640 886 et
1663 836 1794 887 octo
1815 839 2045 886 sancto-

2134 824 2269 879 ὀκτὼ
2337 819 2503 899 ἄγίων
2560 822 2809 898 Ηατέρων
2862 827 2968 877 τῶν
3025 821 3161 878 κατὰ
3209 825 3428 879 Νίκαιαν
3483 820 3770 878 συνελθόν-

385 936 520 983 rum
540 916 777 977 Patrum
801 917 906 996 qui
929 914 1141 978 Nicaeae
1159 923 1656 991 convenerant;et
1678 913 1888 976 suadet
1907 931 2034 976 am-

2134 934 2253 986 των,
2313 913 2402 969 καὶ
2460 911 2591 978 αὖτὴ
2649 909 2880 982 δοξάζειν
2933 913 3232 986 νομοθετεῖ·
3304 913 3398 981 τήν
3453 932 3510 968 τε
3563 910 3670 968 τῶν
3714 909 3769 965 ἄν

386 1012 558 1085 plecti
583 1010 866 1082 synodum
891 1017 1125 1067 centum
1147 1019 1202 1066 et
1223 1010 1638 1080 quinquaginta
1656 1007 1888 1065 Patrum
1906 1007 2047 1065 Con-

2134 1000 2684 1060 Κωνσταντινουπόλει
2754 1001 3086 1071 πεντήκοντα
3159 1002 3288 1080 πρὸς
3371 1014 3491 1066 τοῖς
3576 999 3772 1056 ἑκατὸν

386 1095 782 1176 stantinopoli
805 1103 1392 1175 congregatorum;et
1408 1093 1583 1175 jubet
1613 1111 1716 1156 eos
1745 1095 1916 1170 sequi
1941 1101 2040 1174 qui

2134 1088 2341 1148 σύνοδον
2398 1091 2722 1161 ἀσπάζεσθαι
2791 1103 3065 1171 παραινεῖ,
3121 1092 3210 1148 καὶ
3265 1104 3383 1156 τοῖς
3449 1091 3505 1148 ἰν
3561 1088 3772 1170 Ἐφέσῳ

385 1188 606 1267 Ephesi
635 1194 1046 1247 convenerunt
1077 1184 1632 1262 adversusimpium
1665 1183 2038 1263 Nestorium;

2134 1182 2260 1239 una
2312 1182 2598 1258 Νεστορίου
2656 1179 2958 1241 συνελθοῦσι
3029 1189 3120 1239 τοῦ
3188 1179 3470 1245 δυσσεϐοῦς
3533 1179 3768 1237 ἀκολου-

386 1275 670 1359 Cyrillum
696 1283 894 1337 autem
919 1274 1494 1346 Alexandrinum,ut
1513 1273 1782 1352 ejusdem
1799 1282 2039 1334 senten-

2134 1273 2237 1326 )er
2285 1269 2580 1349 ἐπιτρέπει*
2643 1269 2902 1348 Κύριλὶον
2953 1269 3008 1326 δὲ
3062 1273 3156 1327 τὸν
3209 1268 3627 1349 Ἀλεξανδρείας,
3693 1271 3769 1332 ὡς

388 1370 508 1441 tias,
533 1365 812 1434 associat,
847 1373 906 1426 et
934 1373 1114 1426 rectae
1141 1363 1283 1426 ﬁdei
1316 1363 1659 1442 magistrum
1698 1362 2034 1441 proﬁtetur;

385 1458 732 1538 Deiparam,
757 1463 1022 1516 sanctam
1056 1455 1367 1533 Virginem
1398 1451 1586 1513 libera
1603 1451 1805 1531 lingua
1839 1453 2038 1513 nomi-

388 1560 572 1617 nat,et
593 1549 957 1620 unigenitum
979 1548 1080 1604 Dei
1111 1546 1318 1604 Filium
1343 1559 1416 1602 ex
1437 1560 1500 1602 ea
1527 1554 1724 1602 natum
1749 1559 1876 1602 esse
1894 1560 2042 1602 asse-

389 1635 618 1704 rit;sine
638 1642 896 1706 tempore
919 1631 1149 1704 quidem
1170 1641 1225 1689 et
1257 1630 1382 1686 sine
1401 1643 1645 1702 corpore
1675 1645 1745 1686 ex
1769 1631 1956 1697 l'atre,
1979 1630 2039 1687 in

388 1729 652 1792 tempore
675 1727 865 1778 autem
881 1725 936 1775 et
955 1714 1274 1774 secundum
1294 1728 1529 1772 carnem
1559 1731 1626 1770 ex
1650 1722 2039 1784 matre;unum

395 1809 718 1881 Christum,
752 1823 783 1867 a
814 1804 989 1868 nobis
1017 1802 1352 1876 inconfuse,
1388 1800 1860 1876 immutabiliter,
1895 1801 2040 1862 citra

391 1898 849 1974 divisionem,in
875 1897 1104 1960 duabus
1129 1895 1356 1959 naturis
1378 1899 1772 1975 cognitum;et
1795 1903 2039 1974 propter

392 2013 498 2057 eos
527 1994 630 2073 qui
656 1991 1209 2068 audentquamdam
1241 1990 1557 2052 admittere
1587 1987 1940 2050 divisionem
1975 1986 2035 2048 in

390 2081 803 2164 inexplicabili
819 2099 1152 2160 arcanaque
1170 2079 1558 2156 unione,quaa
1577 2075 1909 2140 secundum
1934 2077 2035 2157 hy-

393 2173 678 2255 postasim
704 2190 810 2234 seu
833 2188 1155 2250 personam
1175 2169 1329 2231 facta
1349 2169 1510 2230 estin
1535 2175 1914 2242 utero,eteos
1937 2173 2036 2248 qui

388 2280 495 2338 per
515 2266 955 2323 conversionem
987 2263 1185 2319 dicunt
1205 2275 1442 2320 carnem
1475 2261 1684 2320 factum
1710 2276 1834 2319 esse
1856 2261 2040 2318 Deum

395 2351 688 2426 Verbum,
714 2364 1075 2428 carnemque
1107 2345 1409 2426 Unigeniti
1431 2354 1708 2407 asserunt
1735 2364 1869 2408 esse
1891 2365 2039 2408 con-

394 2442 835 2503 substantialem
850 2437 1156 2507 divinitati;
1172 2447 1231 2496 et
1250 2437 1464 2510 alioqui
1497 2449 1734 2509 propter
1754 2454 1854 2498 eos
1871 2439 2042 2498 etiam

399 2529 503 2612 qui
529 2547 649 2592 non
694 2528 1058 2590 conﬁtentur
1089 2524 1370 2588 unionem
1403 2524 1826 2606 hypostaticam
1860 2525 2044 2588 Verbi

395 2639 530 2684 cum
550 2633 806 2688 carne,at
827 2620 1296 2680 comnilstionem
1321 2629 1377 2676 et
1397 2617 1816 2684 confusionem;
1837 2620 2043 2677 deinde

396 2717 457 2773 et
485 2706 1158 2771 consubstantiationem
1195 2702 1378 2784 impie
1400 2720 1469 2764 ac
1505 2702 1844 2783 prodigiose
1875 2703 2042 2766 afﬁr-

397 2797 693 2877 mant,qui
726 2795 971 2872 quidem
999 2792 1338 2855 divinitatis
1361 2801 1422 2856 et
1450 2793 1649 2854 carnis
1671 2794 1836 2855 aiunt
1863 2812 2040 2855 unam

395 2888 583 2950 fuisse
615 2893 912 2959 naturam;
939 2881 1088 2945 adeo
1111 2892 1172 2944 ut
1203 2885 1251 2944 si
1285 2891 1634 2962 spectentur
1663 2901 1799 2958 quae
1828 2883 1901 2946 ab
1926 2883 2043 2947 illis

397 2982 620 3058 praeter
639 2973 928 3036 rationem
949 2971 1107 3034 dicta
1121 2979 1406 3043 sunt,non
1434 2971 1622 3051 possit
1641 2972 1896 3053 amplius
1917 2991 2044 3036 ser—

401 3063 673 3144 vari,nec
699 3061 756 3124 id
775 3061 934 3143 quod
959 3070 1048 3124 est
1069 3059 1286 3124 Christi
1314 3059 1838 3141 patibile,propter
1859 3062 2047 3142 impao

403 3152 745 3217 tibilitatem
797 3151 1144 3225 divinitatis,
1179 3167 1378 3231 neque
1434 3149 1492 3210 id
1527 3150 1685 3232 quod
1733 3161 1822 3212 est
1849 3150 2044 3232 impa-

405 3243 854 3323 iibile,propter
868 3230 1290 3322 patibilitatem
1309 3237 1498 3319 ipsius
1519 3230 1754 3301 rursum
1779 3230 2047 3303 humani-
2067 3230 2107 3282 (ἶ

404 3335 742 3399 tatisJuxla
765 3332 924 3394 hunc
946 3330 1146 3410 itaque
1169 3335 1349 3392 recte
1367 3327 1683 3391 sententia;
1706 3331 2024 3410 scopum,il

406 3423 536 3502 lud,
562 3421 636 3485 In
660 3421 896 3485 duabus
920 3420 1194 3500 naturis,
1221 3417 1464 3480 decreto
1493 3417 1756 3480 additum
1781 3429 1870 3482 est
1891 3437 1923 3482 a
1951 3440 2050 3501 sy-

410 3514 613 3587 nodo;
665 3531 783 3574 non
839 3521 1117 3590 tanquam
1169 3525 1438 3572 seorsum
1492 3518 1672 3588 atque
1705 3527 1812 3589 per
1857 3521 2052 3590 partes

409 3601 712 3666 Christum
764 3599 1112 3672 exhibente,
1145 3597 1253 3661 sed
1309 3598 1632 3661 conﬁtente
1663 3598 1943 3661 eumdem
1992 3601 2049 3662 in

412 3699 696 3772 utroque,
728 3697 788 3753 et
817 3693 1142 3771 utrumque
1173 3689 1234 3750 in
1264 3687 1506 3752 eodem.

483 3783 709 3844 LXXVI.
743 3783 875 3841 Haec
894 3787 1278 3855 persequente
1299 3780 1902 3853 EuthymieJaudabat
1924 3783 2052 3856 qui-

415 3871 551 3936 dem
575 3869 868 3952 Elpidius,
895 3877 955 3930 et
982 3867 1274 3930 fatebatur
1305 3874 1467 3929 recte
1492 3864 1718 3930 habere
1735 3886 1866 3949 quae
1899 3868 2056 3931 dicta

409 3964 891 4029 fuerant,etiamsi
915 3976 1035 4020 non
1070 3963 1370 4020 recesserit
1389 3977 1419 4018 a
1442 3963 1851 4020 communione
1872 3962 2061 4022 Theo-

410 4049 914 4129 dosii,statimque
937 4046 1202 4109 ostendit
1217 4043 1946 4110 mutationemGerontius
1968 4067 2063 4110 au-

412 4149 537 4204 tem
559 4136 838 4200 manebat
859 4136 920 4198 in
940 4136 1152 4199 eadem
1175 4133 1576 4200 sententia.Et
1604 4136 1690 4198 sic
1711 4139 1938 4200 reversi
1962 4141 2060 4199 in-

411 4241 501 4292 ter
521 4245 584 4288 se
604 4230 1030 4295 dissentientes,
1055 4227 1373 4285 Theodosio
1395 4242 1670 4300 responsa
1693 4233 2056 4289 annuntiant.

417 4314 640 4385 Quibus
664 4313 761 4372 ille
785 4314 1298 4385 auditis,quoniam
1323 4315 1384 4371 in
1407 4313 1707 4372 Palaestina
1725 4315 1840 4387 iam
1868 4319 2058 4375 omnia

415 4400 732 4463 obtinebat.
759 4398 944 4471 majus
969 4397 1276 4457 adhibebat
1295 4399 1568 4466 studium,
1592 4409 1655 4458 ut
1673 4415 1805 4458 eum
1833 4417 2062 4474 quoque

415 4487 476 4545 in
499 4498 660 4543 suam
687 4497 915 4541 nassam
933 4483 1536 4556 traheret;magnoque
1550 4484 2061 4543 assiduetendcbat

2123 1357 2377 1434 ὁμόδοξον
2435 1360 2770 1438 ἑταιρίζεται,
2827 1361 2910 1417 καῖ
2966 1359 3064 1428 τῆς
3117 1361 3276 1437 ὀρθῆς
3336 1361 3562 1426 πίστεως
3620 1357 3772 1416 διδά-

2126 1450 2324 1507 σκαλον
2381 1449 2734 1528 ἀνομολογεῐ’
2812 1451 3072 1508 Θεοτόκον
3121 1451 3217 1519 τὴν
3276 1452 3422 1508 ἆθίαν
3481 1449 3768 1530 Παρθένον,

2124 1539 2369 1617 ἐλευθέρᾳ
2452 1537 2670 1616 γλὼττῃ
2742 1541 3120 1621 κατονομάζει,
3188 1542 3278 1598 καὶ
3342 1542 3432 1598 τὸν
3505 1540 3772 1618 μονογενῆ

2123 1631 2217 1687 τοῦ
2283 1633 2416 1689 Θεοῦ
2487 1630 2631 1705 ι’ἱὸν,
2700 1627 2750 1696 ἐξ
2820 1631 2986 1698 αὐτῆς
3038 1629 3400 1709 γεννηθένταί
3467 1629 3766 1710 πρεσϐεύει⁶

2123 1720 2374 1800 ἁχρόνως
2439 1720 2540 1796 μὲν
2609 1721 2698 1780 καὶ
2753 1720 3056 1795 ἀσωμάνως
3127 1719 3189 1778 ἐκ
3242 1720 3338 1778 τοῦ
3393 1721 3620 1800 Πατρὸς,
3667 1721 3774 1775 ὑπὸ

2123 1811 2322 1890 χρόνον
2353 1808 2407 1866 δὲ
2448 1810 2702 1867 καὶκατὰ
2757 1811 2928 1887 σάργα
2960 1812 3023 1867 ὶκ
3067 1811 3166 1879 τῆς
3218 1810 3456 1887 Μητρός’
3489 1810 3580 1866 ἕνα
3634 1817 3772 1888 Χρι-

2121 1901 2246 1955 στὸν
2305 1900 2468 1979 ἡμῖν,
2530 1899 2874 1980 ἀσυγχύτως,
2946 1899 3246 1979 ἀτρέπτως,
3319 1897 3651 1976 ἀδιαιρέτως,
3715 1897 3770 1953 ὲν

2119 1986 2233 2044 δυσὶ
2291 2003 2417 2054 ταῖς
2461 1989 2647 2068 φύσεσι
2707 1990 3122 2068 γνωριζόμενον“
3181 1987 3268 2045 διά
3338 2010 3396 2046 τε
3444 1990 3566 2053 τοὺς
3627 1987 3769 2044 διαί-

2120 2080 2259 2148 ρεσίν
2300 2102 2414 2136 τινα
2483 2077 2796 2153 τολμῶντας
2873 2080 2958 2136 ἐπὶ
3017 2084 3118 2146 τῆς
3172 2077 3288 2136 καθ’
3360 2079 3650 2136 ὑπόστασιν
3710 2077 3766 2132 ἐν

2119 2177 2187 2245 τῇ
2269 2171 2447 2248 μήτρᾳ
2516 2167 2886 2247 γεγενημένης
2959 2168 3229 2246 ἀφράστου
3313 2171 3400 2225 καὶ
3470 2167 3772 2247 ἀπορρήτου

2126 2259 2392 2337 ἑιώσεως,
2454 2259 2544 2315 καὶ
2611 2258 2732 2322 τοὺς
2804 2258 2941 2314 κατᾶ
2996 2259 3200 2336 τροπὴν
3272 2256 3527 2336 λέγοντας
3600 2257 3774 2336 σάρκα

2125 2351 2445 2427 γεγενῆσθαι
2501 2349 2594 2404 τὸν
2620 2354 2714 2404 τοῦ
2767 2354 2900 2404 Θεοῦ
2947 2347 3146 2426 Λόγον,
3181 2348 3263 2404 καὶ
3315 2348 3416 2413 τὴν
3443 2354 3535 2404 τοῦ
3592 2353 3776 2404 Μονο-

2127 2444 2310 2515 γενοῦς
2371 2437 2540 2516 σάρκα
2595 2438 2876 2512 δμοούσιον
2941 2440 3038 2506 τῆς
3094 2437 3346 2505 θεότητος
3403 2437 3774 2516 ἀποφαινομέ-

2132 2545 2272 2591 νουςο
2333 2524 2511 2590 ἄλλως
2542 2547 2598 2582 τε
2625 2524 2703 2601 δὲ,
2737 2526 2832 2582 καὶ
2865 2523 2949 2582 διὰ
2983 2527 3106 2589 τοὺς
3137 2527 3215 2602 μὴ
3265 2525 3456 2583 ἕνωσιν
3486 2532 3578 2582 τοῦ
3603 2525 3778 2602 Λόγου

2126 2615 2246 2672 καθ’
2289 2615 2582 2672 ὑπόστασιν
2634 2616 2765 2692 πρὸς
2813 2615 2913 2682 τὴν
2963 2615 3132 2694 σάρκα
3189 2615 3605 2692 ὁμολογοῦντας,
3638 2612 3778 2669 ἀλλὰ

2127 2704 2420 2783 σύμφυρσίν
2475 2725 2529 2760 νε
2584 2704 2682 2761 καί
2737 2703 3024 2783 σύγχυσιν⁶
3079 2703 3204 2760 εἶτα
3282 2705 3378 2761 καῖ
3435 2702 3780 2763 συνουσίωσιο

2125 2792 2333 2858 ἀσεϐῶς
2397 2792 2863 2870 τερατευομένους⁹
2898 2792 3100 2855 οἵτινες
3146 2792 3246 2861 τήν
3277 2814 3334 2850 τε
3381 2798 3479 2861 τῆς
3521 2793 3778 2860 θεότητος

2127 2885 2214 2940 καὶ
2269 2883 2368 2950 τῆν
2404 2887 2502 2950 τῆς
2562 2883 2758 2960 σαρκὸς
2807 2883 2986 2962 φύσιν,
3032 2883 3158 2958 μίαν
3215 2882 3535 2960 γεγενῆσθαί
3590 2896 3773 2962 φασινο

2127 2976 2199 3038 ὡς
2255 2971 2448 3048 μηκέτι
2507 2970 2749 3029 δύνασθαι
2811 2973 2947 3029 κατὰ
3002 2971 3067 3030 τὰ
3119 2969 3210 3030 ὑπ’
3289 2973 3501 3028 ἱκείνων
3571 2970 3783 3049 ἀλόγως

2128 3058 2400 3137 είρημένα,
2478 3061 2616 3130 μήτε
2663 3063 2725 3116 τὸ
2795 3062 3036 3128 παθητὸν
3105 3067 3196 3118 τοῦ
3267 3067 3495 3139 Χριστοῦ
3562 3057 3647 3116 διὰ
3718 3061 3782 3116 τὸ

2132 3149 2329 3212 ἀπαθές
2384 3154 2482 3215 τῆς
2513 3149 2788 3221 θεότητος,
2823 3151 2963 3224 μήτε
3022 3152 3084 3206 τὸ
3139 3150 3337 3215 ἀπαθὲς
3383 3150 3637 3221 σώζεσθαι
3695 3147 3782 3204 διὰ

2134 3240 2193 3294 τὸ
2251 3240 2488 3306 παθητὸν
2533 3238 2694 3296 αὐτοῦ
2750 3237 2912 3296 πάλιν
2970 3245 3070 3307 τῆς
3128 3238 3560 3318 ἀνθρωπότητος.
3639 3239 3786 3296 Κατὰ

2136 3334 2315 3384 τοῦτον
2377 3348 2552 3386 τοινυν
2609 3329 2701 3384 τὸν
2760 3333 2858 3396 τῆς
2916 3329 3075 3406 ὀρθῆς
3134 3325 3365 3392 διανοὶας
3424 3329 3648 3401 σκοπὸν,
3696 3328 3783 3408 τὸ,

2139 3421 2228 3476 Ἐν
2285 3416 2396 3474 δυσὶ
2453 3430 2690 3494 φύσεσιν,
2747 3419 2848 3475 ὑπὸ
2907 3418 3004 3487 τῆς
3067 3417 3284 3475 συνόδοῦ
3331 3425 3410 3494 τῷ
3465 3418 3571 3496 ὅρῳ
3613 3439 3788 3496 προσ-

2135 3507 2388 3564 τέθειται⁶
2447 3507 2550 3588 οὐχ
2615 3509 2689 3572 ὣς
2748 3506 2850 3581 ἰδίᾳ
2913 3510 3000 3565 καὶ
3066 3507 3328 3585 ἀναμέρος
3399 3509 3489 3565 τὸν
3563 3508 3787 3584 Χριστὸν

2134 3598 2516 3678 γνωριζούσης,
2560 3597 2699 3654 ἄλλὰ
2754 3599 2844 3655 τὸν
2900 3600 3054 3656 οὖτὸν
3107 3598 3164 3654 ἐν
3239 3598 3474 3678 ἐκατέρῳ
3527 3595 3785 3673 διομολο-

2135 3687 2334 3766 γούσης
2364 3689 2454 3744 καὶ
2483 3687 2538 3744 ὲν
2566 3689 2741 3764 ταυτῷ
2782 3691 2842 3746 τὸ
2872 3688 3144 3765 ἑκάτερον.

2215 3773 2362 3850 Ος”.
2423 3786 2594 3837 Ταῦτα
2625 3778 2719 3834 τοῦ
2776 3777 3032 3853 Εὗθυμίου
3081 3773 3400 3856 διεξιόντος,
3435 3779 3462 3833 ὁ
3493 3775 3592 3852 μὲν
3650 3774 3786 3834 Ἐλ-

2138 3863 2309 3930 πίδιος
2367 3865 2580 3948 ἐπῄνει,
2629 3869 2717 3925 καὶ
2772 3868 2936 3943 ὀρθῶς
2994 3866 3146 3946 ἔχειν
3201 3864 3473 3944 ὡμολόγει
3516 3867 3583 3922 τὰ
3634 3867 3786 3943 εἰρη-

2142 3955 2296 4031 μένα,
2357 3958 2401 4012 εί
2457 3959 2547 4014 καὶ
2603 3957 2679 4032 μὴ
2721 3956 2818 4024 τῆς
2879 3953 3158 4014 Θεοδοσίου
3220 3963 3497 4018 κοινωνίας
3550 3954 3784 4031 ἀπέστη,

2141 4046 2230 4101 καὶ
2272 4045 2370 4113 τῆν
2429 4042 2735 4122 μεταϐολὴν
2795 4047 2940 4110 εὐθὺς
2985 4044 3304 4111 ἐπεδείξατο.
3367 4035 3425 4103 ’0
3484 4043 3539 4101 δὲ
3598 4045 3791 4124 Γερόν-

2141 4155 2254 4200 τιος
2298 4133 2383 4190 ἐπὶ
2413 4139 2510 4202 τῆς
2558 4134 2724 4202 αὐτῆς
2756 4134 2910 4210 ἔμενε
2960 4137 3209 4214 γνώμης.
3270 4134 3365 4192 Καὶ
3396 4134 3562 4198 οὕτως
3612 4134 3790 4210 ἀσύμ-

2144 4245 2308 4302 φωνοι
2380 4221 2639 4292 ἀλλήλοις
2712 4222 3118 4304 ἐπανελθόντες,
3183 4221 3580 4302 ἆπαγγέλλουσι
3652 4231 3789 4280 Θεο-

2145 4310 2302 4386 δοσίῳ
2356 4331 2450 4374 τας
2481 4310 2813 4390 ἀποκρίσεις.
2873 4311 3134 4376 Ἀκούσας
3191 4310 3246 4368 δὲ
3298 4313 3499 4370 τούτων
3556 4312 3789 4385 ἐκεῖνος,

2144 4401 2258 4457 ἐπεὶ
2315 4401 2530 4457 πάντων
2589 4403 2851 4481 ὶγκρατὴς
2916 4400 3020 4470 ἤδη
3071 4408 3179 4460 τῶν
3236 4401 3374 4458 κατὰ
3433 4399 3794 4470 Παλαιστίνην

2145 4489 2379 4566 ἐγένετο,
2413 4487 2612 4548 πλείονι
2671 4496 2739 4568 τῇ
2784 4489 2989 4568 σπουδῇ
3038 4490 3265 4571 ἐχρῆτο,
3296 4493 3390 4547 καί
3442 4491 3600 4548 αὑτὸν
3654 4490 3792 4548 εἵσω

417 4567 902 4660 ιερυροεωὺὶιιυε
921 4566 1229 4660 illecebras
1251 4567 1941 4660 occul_tabat.Et_quotidie
1957 4569 2047 4660 ali-

2148 4585 2246 4646 τῆς
2305 4580 2498 4644 οἰκείας
2557 4566 2798 4659 σαγήνης
2857 4566 3253 4645 λαϐετςοψκαὶν
3289 4577 3513 4660 παγίδας
3569 4579 3795 4659 ἔκρυπτε

424 4671 576 4736 quos
598 4651 671 4714 ad
694 4670 822 4714 eam
849 4650 1258 4727 submittebat,
1283 4652 1381 4734 qui
1407 4649 1563 4714 bona
1592 4652 1825 4715 scilicet
1845 4653 2062 4716 suade-

418 4753 556 4810 rent
572 4754 628 4808 et
646 4745 906 4808 utilia:ut
924 4743 1263 4808 discederet
1283 4744 1525 4824 quidem
1550 4743 1623 4807 ab
1639 4744 1714 4807 iis
1734 4763 1865 4828 quae
1880 4755 2064 4824 recte,

425 4846 575 4914 et,ut
600 4839 725 4902 Deo
753 4837 970 4921 placet,
1005 4836 1117 4900 sibi
1143 4837 1265 4900 visa
1287 4836 1550 4912 fuerant;
1577 4833 1919 4899 Theodosio
1955 4856 2067 4899 au-

424 4939 547 4994 tem
567 4930 1270 5012 assentiretur,illiusque
1299 4929 1766 5010 amplecteretur
1793 4947 2068 4992 commu-

2152 4669 2228 4743 τῷ
2270 4666 2491 4747 μεγάλῳ
2538 4677 2818 4752 πανταχοῦ
2869 4672 2959 4728 καὶ
2996 4668 3241 4733 δελέατα.
3299 4672 3396 4729 Καὶ
3453 4691 3594 4736 τινας
3652 4669 3797 4745 αὐτῷ

2153 4758 2318 4814 καθίει
2379 4757 2500 4815 καθ’
2563 4759 2796 4828 ικάστην
2840 4759 3067 4840 ἡμέραν,
3126 4761 3181 4818 οἳ
3239 4760 3306 4817 τὰ
3356 4760 3572 4839 χρηστᾶ
3640 4757 3800 4827 δῆθεν
3909 4801 3918 4808 -

2155 4846 2296 4923 αὒτῷ
2351 4850 2438 4904 καὶ
2469 4847 2721 4916 λυσιτελῆ
2781 4847 3174 4922 σννεϐούλευον,
3209 4849 3507 4916 ἀποστῆναι
3551 4849 3648 4925 μὲν
3692 4856 3798 4907 τῶν

2153 4935 2322 5002 κελῶς
2381 4939 2468 4994 καὶ
2500 4940 2572 5002 ὡς
2621 4943 2736 5012 Θεῷ
2779 4937 2928 5018 φίλον
2960 4943 3102 5015 αὒτῷ
3151 4935 3506 5019 δεδογμένων,
3540 4937 3802 5011 Θεοδοσίῳ

423 5025 693 5090 nionem.
748 5024 856 5090 Ille
901 5043 1044 5087 vero
1096 5024 1477 5105 quotidianos
1524 5043 1730 5087 eorum
1781 5023 2047 5086 adventu:

2157 5024 2211 5082 δὲ
2269 5030 2566 5107 συνθεσθαι,
2597 5027 2692 5084 καῖ
2741 5029 2840 5096 τὴν
2883 5030 3084 5086 ἑκείνετ
3112 5030 3387 5085 κοινωνίαν
3433 5027 3798 5087 ἀσπάσασθαι.

425 5133 584 5195 aegre
609 5123 665 5177 et
687 5114 849 5195 gravi
878 5114 1083 5177 animo
1106 5113 1480 5189 ferens,quid
1501 5114 1653 5194 agit?
1685 5113 1829 5178 Cum
1865 5132 2044 5176 omne

2159 5115 2218 5174 Ὀ
2250 5114 2305 5173 δε
2363 5117 2458 5180 τὰς
2500 5119 2858 5198 καθημερινὰς
2896 5118 3109 5176 ἐκείνων
3170 5117 3541 5196 προσελεύσεις
3593 5115 3800 5198 δυσχε-

427 5203 644 5286 quibus
696 5211 946 5284 praeerat
991 5203 1204 5265 fratres
1251 5210 1668 5279 convocasset,
1704 5203 2047 5265 cautionem

2161 5206 2352 5283 pati-mw
2395 5208 2482 5263 καὶ
2541 5208 2924 5287 βαρυνόμενος,
2970 5208 3019 5264 τί
3059 5220 3256 5287 eratet;
3319 5208 3436 5272 τοὺς
3492 5207 3581 5264 ὑπ’
3641 5209 3802 5264 αὐτὸν

433 5311 551 5374 que
585 5293 835 5354 multam
870 5293 955 5354 ris
974 5293 1377 5375 praecepisset,
1405 5301 1467 5354 ut
1501 5291 1666 5354 nullo
1697 5291 1874 5354 modo
1893 5291 2040 5354 cede

2161 5292 2414 5374 ἀδελφοὺς
2485 5296 2723 5360 ἅπαντας
2786 5295 3142 5374 συγκαλέσας,
3201 5297 3287 5352 καὶ
3349 5295 3557 5363 πολλὴν
3613 5298 3802 5361 αἰετοῖς

433 5389 593 5458 rent,
635 5399 744 5443 nec
788 5383 1224 5444 assentirentur
1255 5398 1451 5462 pravae
1481 5380 1803 5443 Theodosii
1833 5390 2047 5443 senten

2163 5384 2451 5464 ἀσφάλειαν
2521 5383 2882 5464 παραγγείλας
2920 5431 2936 5464 ,
3019 5392 3113 5441 τοῦ
3182 5383 3445 5462 μηδαμῶς
3528 5382 3799 5446 ἐνδοῦναι.

433 5471 572 5553 tiae;
607 5469 709 5533 sed
746 5471 942 5552 potius
990 5471 1071 5534 ita
1109 5470 1488 5534 sentientium
1525 5489 1629 5534 ora
1677 5472 2047 5534 obatruerent

2166 5471 2302 5547 μηδὲ
2359 5475 2626 5530 συνθέσθαι
2685 5479 2754 5550 τῇ
2827 5481 2916 5532 τοῦ
2977 5472 3250 5532 Θεοδοσίου
3304 5472 3604 5551 κακοδοξίᾳ’
3677 5472 3804 5534 ἀλλ’

1748 5577 2004 5645 VABLE
2050 5577 2366 5654 LECTION
2375 5579 2459 5652 ES

509 5658 525 5698 ⁸
552 5657 628 5722 al.
663 5667 1007 5740 γεννηθῆναι,
