4090 6198
294 352 407 419 661

1606 363 1793 428 νΙΤΑ
1837 364 1896 426 S.
1945 363 2360 428 EUTHYMII.

3550 365 3668 431 662

291 491 652 570 ἑπιστομίζειν
698 492 902 570 μᾶλλον
960 495 1084 559 τοὺς
1127 496 1268 554 οὕτω
1307 504 1652 577 φρονοῦντας,
1698 498 1798 556 καί
1839 497 1929 554 ὅστ

2028 503 2088 558 et
2145 517 2250 578 pro
2309 498 2540 561 viribus
2600 517 2704 560 eos
2761 498 3134 562 deducerent
3194 496 3268 562 ad
3301 496 3669 577 veritatem;

291 581 517 659 δύναμις
553 598 918 664 χειραγωγεῖν
961 604 1036 648 εις
1095 583 1350 656 ἀλήθειαν
1384 603 1398 617 ”
1459 587 1671 668 ἀπαίρει
1716 592 1804 646 καὶ
1852 595 1940 645 νῦν

292 670 382 729 ἐπὶ
438 673 539 742 τὴν
609 674 947 756 πανέρημον,
1005 674 1236 742 πολλοὺς
1295 678 1378 735 καὶ
1445 675 1638 743 ἄλλους
1695 679 1938 757 γενέσθαι

291 763 700 848 παρασκευάσας
727 763 973 836 ζηλωτὰς
1007 767 1166 823 αὐτοῦ
1196 771 1297 835 τῆς
1331 766 1756 848 ἂναχωρήσεως.

374 851 505 915 ΟΖ¹,
536 847 634 910 Ἦν
679 852 734 910 δέ
762 877 842 920 τις
873 855 1237 936 ἂναχωρητὴς
1290 857 1406 913 ἐκεῖ
1440 847 1618 936 μέγας
1679 859 1781 938 πρὸ
1840 882 1937 936 μι-

290 951 446 1022 κροῦ,
506 942 740 1023 ἔναγχος
822 945 921 1020 μὲν
996 942 1320 1024 παραϐαλὼν
1380 946 1487 1004 ἀπὸ
1544 950 1644 1016 τῆς
1714 949 1934 1024 Λυκίας,

291 1032 586 1110 Γεράσιμος
649 1031 705 1090 δὲ
765 1033 1120 1112 καλούμενος,
1181 1035 1240 1100 ὅς
1296 1042 1470 1094 πᾶσαν
1516 1040 1574 1095 εν
1616 1044 1685 1116 τῇ
1727 1037 1935 1118 πατρίδι

287 1125 392 1188 τὴν
461 1137 739 1204 μοναχοτς
798 1125 1101 1200 πρέπουσαν
1185 1125 1580 1204 ἐπιδειξάμενος
1636 1127 1934 1207 πολιτείαν,

290 1211 525 1276 πολλοὺς
567 1215 656 1270 καὶ
699 1213 836 1272 κατᾶ
880 1222 985 1272 τῶν
1030 1221 1128 1284 τῆς
1165 1219 1423 1296 πονηρίας
1455 1219 1772 1294 πνευμάτων
1815 1222 1930 1279 εἶσ-

289 1304 488 1381 ήνεγκε
534 1305 653 1367 τοὺς
722 1303 969 1383 ἱδρῶτας.
1030 1306 1194 1369 Οὗτος
1270 1306 1359 1364 οὖν
1400 1310 1455 1363 ὲν
1514 1314 1580 1384 τῇ
1640 1311 1784 1386 παρὰ
1842 1313 1933 1367 τὸν

288 1391 563 1467 Ἰορδάνην
607 1393 793 1473 ἐρήμῳ
834 1395 1014 1460 καλῶς
1063 1396 1418 1473 ἀσκούμενος,
1473 1399 1559 1455 καὶ
1610 1397 1785 1456 πολλὰ
1813 1401 1933 1463 τοὺς

291 1481 546 1559 δαίμονας
591 1483 872 1562 πλήττων,
931 1484 1186 1560 βάλλεται
1233 1488 1322 1544 καὶ
1352 1490 1536 1567 αὐτὸς,
1578 1487 1934 1560 ἢσκελίζεται

290 1571 521 1650 μᾶλλον,
567 1575 668 1631 ὑπὸ
713 1573 808 1642 τῆς
869 1574 1040 1632 αύτῶν
1087 1580 1431 1655 κακουργίας,
1486 1577 1580 1634 καί
1633 1593 1752 1643 τοῖς
1785 1582 1932 1658 αἱρε-

285 1675 461 1727 τικοῖς
519 1664 912 1743 συναπάγεται.
970 1665 1212 1724 Ἀκούων
1267 1665 1323 1723 δὲ
1379 1668 1523 1744 παρὰ
1580 1668 1794 1728 πάντων
1827 1693 1932 1746 μι-

286 1760 414 1824 κροῦ
442 1757 548 1809 τῶν
591 1753 960 1834 ἆναχωρητῶν
990 1756 1057 1812 τά
1087 1776 1146 1835 γε
1197 1765 1289 1816 τοῦ
1339 1757 1618 1832 Εύθυμίου,
1669 1759 1754 1814 καὶ
1812 1772 1930 1824 τοῖς

2026 605 2187 650 nunc
2233 606 2472 670 quoque
2518 588 2749 650 recedit
2807 588 2868 648 in
2919 588 3329 651 omnimodam
3387 589 3672 651 solitudi-

2025 694 2210 753 nem;
2243 688 2422 759 alque
2474 678 2696 740 multos
2747 676 2900 739 alios
2954 677 3223 740 reddidit
3278 697 3554 742 secessus
3577 680 3674 742 sui

2022 765 2374 831 imitatores.

2103 856 2699 922 LXXVILCaaterum
2718 856 2845 918 illic
2870 874 3119 935 magnus
3141 855 3384 937 quidam
3411 861 3670 921 anacho-

2017 954 2146 1009 reta
2168 966 2200 1008 a
2231 966 2421 1028 pauco
2454 956 2725 1027 tempore
2756 944 3032 1025 degebat,
3069 947 3169 1027 qui
3197 945 3440 1027 quidem
3474 967 3670 1024 nuper

2019 1045 2263 1098 venerat
2283 1055 2353 1098 ex
2377 1034 2902 1117 Lycia,vocabatur
2931 1042 3132 1097 autem
3157 1034 3504 1098 Gerasimus
3533 1037 3617 1117 (3)
3649 1056 3665 1113 ;

2021 1143 2386 1207 omnemque
2405 1127 2464 1188 in
2489 1126 2677 1207 patria
2699 1126 3027 1187 monachos
3052 1124 3368 1186 decentem
3388 1125 3673 1188 ostende-

2015 1224 2106 1278 rat
2125 1218 2677 1287 virtutem,necnon
2701 1216 2922 1278 multos
2942 1215 3228 1276 intulerat
3249 1214 3500 1276 sudores
3515 1235 3669 1277 con-

2017 1311 2109 1368 tra
2131 1305 2378 1386 spiritus
2405 1304 2768 1386 nequitiaels
2792 1305 3028 1384 ergo,in
3053 1323 3255 1366 eremo
3274 1304 3523 1367 Jordani
3556 1307 3668 1367 ad-

2016 1393 2242 1474 iunctas
2271 1413 2334 1457 se
2367 1395 2655 1476 praeclare
2687 1401 3068 1469 exercens,et
3098 1411 3257 1474 saepe
3290 1393 3669 1474 multumque

2019 1484 2324 1545 daemones
2359 1485 2728 1565 percutiens,
2783 1484 3056 1563 pulsatur
3099 1483 3230 1564 ipse
3261 1501 3527 1564 quoque,
3561 1502 3668 1546 seu

2019 1573 2218 1654 potius
2238 1574 2683 1654 supplantatur,
2705 1573 2778 1636 ab
2813 1593 3022 1636 eorum
3050 1573 3526 1654 improbitate,et
3557 1573 3668 1634 ab-

2015 1662 2256 1726 ducitur
2283 1665 2356 1725 ab
2383 1662 2864 1727 haereticisﬂum
2893 1671 3090 1725 autem
3115 1662 3353 1725 audiret
3373 1663 3446 1724 ab
3475 1663 3666 1724 omni.

2016 1751 2128 1815 bus
2146 1753 2274 1816 fere
2293 1753 2678 1815 anachoretis
2701 1753 2774 1814 de
2795 1752 3447 1834 Euthymio,auresque
3477 1752 3665 1814 habe-

286 1843 403 1923 περὶ
463 1842 622 1899 αὐτοῦ
693 1841 973 1920 ᾀδομένοις
1052 1847 1118 1903 τὰ
1179 1849 1291 1904 ὦτα
1358 1845 1752 1926 πληρούμενος,
1811 1847 1929 1916 ἥκει

2017 1851 2106 1905 ret
2133 1843 2404 1924 oppletas
2428 1843 2502 1905 iis
2525 1862 2660 1923 quae
2681 1843 2755 1905 de
2779 1861 2850 1905 eo
2875 1842 3528 1919 celebrabantur,venit
3549 1842 3665 1904 ali-

287 1931 415 1989 ποτέ
446 1933 580 2012 πρὸς
625 1935 782 1991 αὐτὸν
826 1934 910 1992 ἐπὶ
940 1937 1033 1992 τὸν
1081 1934 1300 1994 Ῥοῦϐἇν
1336 1953 1349 1968 ⁶
1413 1939 1502 1995 καὶ
1545 1940 1744 2017 χρόνον
1801 1961 1930 1996 συν-

287 2020 564 2099 διατρίψας
624 2025 847 2105 συχνὸν,
899 2025 1133 2101 νάματός
1179 2048 1236 2083 τε
1280 2031 1379 2096 τῆς
1439 2027 1638 2084 ἑκείνου
1681 2026 1930 2107 γλώττης

283 2113 378 2172 τοῦ
432 2115 804 2194 καθαρωτάτου
861 2116 1024 2192 πιὼν,
1071 2116 1168 2174 οἶά
1211 2139 1327 2175 τινα
1378 2117 1532 2175 νόσον
1563 2118 1662 2186 τὴν
1717 2118 1932 2198 αἵρεσιν

284 2203 486 2280 ὶξεμεῐ,
536 2206 623 2262 καὶ
664 2207 795 2284 πρὸς
827 2222 926 2274 την
967 2207 1092 2284 ὑγιᾶ
1149 2207 1326 2265 πίστιν
1367 2207 1607 2264 επάνεισι
1642 2223 1656 2240 ⁸
1720 2207 1932 2277 πολλὴν

285 2295 384 2364 τῆς
436 2294 648 2362 ἀπάτης
707 2295 995 2370 μετάνοιαν
1050 2295 1220 2378 ἔχων,
1285 2299 1372 2355 καὶ
1412 2299 1508 2366 τὴν
1552 2296 1932 2378 διαφθαρεῖσαν

283 2386 385 2442 ὑπὸ
443 2390 611 2441 κενῶν
669 2384 848 2463 λόγων
889 2383 1129 2466 καρδίαν,
1199 2388 1401 2466 κέντρῳ
1461 2388 1632 2455 λύπης
1691 2387 1931 2459 κολάζων

285 2497 376 2532 και
432 2475 851 2551 τιμωρούμενος.
910 2486 1090 2549 Τούτῳ
1137 2475 1192 2533 δὲ
1242 2479 1385 2551 αὒτῷ
1440 2478 1528 2534 καὶ
1573 2476 1927 2558 ἀναχωρηταί

287 2563 480 2643 ἕτεροι,
529 2566 725 2644 Πέτρος
800 2569 828 2624 6
886 2566 1140 2646 Γυρνίτης
1186 2569 1204 2622 1
1249 2565 1497 2644 ἐπίκλην,
1559 2568 1655 2624 καί
1717 2570 1929 2647 Μάρκος

285 2656 371 2712 καὶ
425 2652 640 2714 Ἰούλων
697 2659 783 2714 καὶ
856 2656 1147 2722 Σιλουανὸς
1213 2655 1602 2734 ἠκολούθησαν,
1684 2658 1774 2714 καὶ
1829 2658 1929 2726 τῆς

285 2742 562 2826 Θεοδοσίου
586 2746 674 2804 καὶ
699 2748 846 2806 αὐτοὶ
874 2745 1136 2826 βλαϐερᾶς
1160 2746 1467 2814 ἀπέστησαν
1498 2745 1803 2811 κοινωνίας,

363 2824 498 2898 ΟΗ’.
534 2837 791 2914 Δευτίρου
848 2835 904 2893 δὲ
965 2824 1102 2912 μετὰ
1143 2838 1309 2894 ταῦτα
1337 2835 1714 2914 διὰγεγονότος
1745 2835 1925 2892 ἐνιαυ-

2015 1933 2258 2015 quando
2285 1933 2355 1995 ad
2382 1952 2517 1995 eum
2545 1935 2605 1995 in
2629 1933 2867 2011 Ruben;
2892 1933 3122 2012 diuque
3150 1951 3288 1994 cum
3310 1932 3439 2013 ipso
3459 1950 3666 1994 versa-

2019 2031 2135 2096 tus,
2172 2031 2489 2104 postquam
2541 2023 2928 2105 purissimum
2971 2023 3134 2084 illius
3173 2022 3391 2101 linguae
3415 2020 3672 2082 bibisset

2015 2113 2328 2189 ﬂuentum,
2353 2112 2535 2175 veluti
2559 2111 2880 2193 quemdam
2908 2111 3188 2174 morbum
3213 2109 3437 2173 evomit
3466 2111 3664 2173 haere-

2015 2203 2223 2274 sim,et
2239 2203 2311 2265 ad
2332 2220 2537 2264 sanam
2566 2202 2743 2264 tidem
2765 2202 3114 2278 revertitur;
3144 2200 3333 2262 multa
3357 2200 3432 2263 ob
3454 2199 3670 2264 seduc-

2017 2293 2243 2355 tionem
2265 2291 2482 2354 ductus
2507 2291 2881 2372 pcenitentia,
2911 2299 2969 2352 et
2991 2309 3095 2352 cor
3116 2292 3282 2352 vanis
3312 2299 3665 2370 corruptum

2015 2381 2663 2454 sermonibus,doloris
2697 2381 2942 2442 stimulo
2975 2380 3271 2461 castigans
3302 2388 3360 2441 et
3382 2381 3662 2460 puniens.

2015 2471 2186 2533 Hunc
2209 2488 2348 2532 vero
2379 2471 2572 2552 ipsum
2600 2471 2785 2532 etiam
2813 2469 2918 2531 alii
2941 2469 3135 2530 secuti
3166 2476 3304 2530 sunt
3324 2469 3665 2530 anachore-

2015 2560 2329 2635 tat,Petrus
2351 2562 2448 2639 (3)
2475 2559 2750 2642 Gyrnites
2773 2559 3158 2639 cognomine,
3192 2558 3456 2634 Marcus,
3485 2559 3664 2618 Julon

2012 2656 2072 2712 et
2101 2649 2420 2722 Silvanus;
2487 2650 2719 2730 ipsique
2783 2647 3430 2730 pariteraTheodosii
3487 2645 3664 2709 noxia

2014 2741 2441 2802 communione
2473 2748 2883 2802 recesserunt.

2090 2827 2397 2894 LXXVIII.
2461 2828 2606 2892 Cum
2662 2839 2862 2892 autem
2914 2827 3217 2891 secundus
3246 2829 3328 2899 (4)
3365 2835 3499 2908 post
3533 2829 3662 2890 haec

281 2930 402 3004 τοῦ,
429 2923 650 3003 οἴχεται
683 2926 781 3001 μὲν
833 2926 885 2992 ἐξ
930 2925 1221 3003 ἀνθρώπων
1271 2929 1299 2983 6
1358 2924 1662 3002 Θεοδόσιος,
1724 2926 1929 2985 κάτεισι

2017 2936 2214 2982 annus
2244 2920 2713 2995 intercessisset,
2749 2918 2872 2982 abit
2931 2918 3179 3000 quidem
3209 2918 3362 2981 clam
3397 2917 3662 2980 homini-

285 3013 340 3070 δὲ
396 3013 502 3071 ἀπὸ
562 3022 654 3072 τοῦ
708 3013 896 3074 Ῥουϐἆ
954 3019 1084 3095 προς
1128 3017 1228 3084 τὴν
1272 3015 1468 3096 λαύραν
1515 3018 1543 3073 6
1603 3015 1796 3093 μέγας.
1834 3015 1929 3074 Καὶ

2017 3006 2128 3070 bus
2158 3008 2557 3090 Theodosius,
2588 3029 2620 3071 e
2651 3008 2862 3072 Ruben
2918 3027 3056 3070 vero
3111 3009 3173 3068 in
3203 3009 3431 3070 lauram
3465 3025 3664 3070 rever-

281 3103 346 3174 δή
375 3125 508 3161 ποτε
551 3111 679 3179 μιᾶς
720 3107 826 3164 τῶν
859 3105 1173 3183 Σαϐϐάτων,
1207 3109 1235 3163 6
1266 3106 1364 3182 μὲν
1408 3105 1728 3185 ἐλειτούργει
1785 3111 1926 3180 Θεῷ,

2017 3099 2156 3161 titur
2185 3117 2436 3179 magnus
2465 3099 2842 3179 Euthymius.
2905 3097 2977 3159 Et
3005 3098 3328 3179 aliquando
3361 3115 3483 3159 una
3506 3096 3663 3159 Sab-

281 3195 368 3251 καὶ
423 3194 524 3262 τὴν
572 3195 896 3270 ἀναίμακτον
956 3198 1100 3270 αὓτῷ
1174 3197 1413 3274 προσῆγε
1476 3198 1680 3276 θυσίαν,
1747 3204 1924 3272 Δομε-

2017 3187 2314 3265 batorum,
2352 3188 2455 3292 ille
2488 3188 2733 3292 qqidem
2765 3186 2887 3292 De?
2922 3188 3325 3290 ministrabat,
3359 3187 3542 3289 eique
3573 3188 3660 3248 in-

280 3284 462 3350 τιανὸς
513 3282 569 3339 δὲ
626 3286 758 3362 πρὸς
800 3285 864 3342 τὰ
908 3284 1049 3352 δεξιὰ
1093 3285 1230 3363 μέρη
1273 3286 1300 3328 κ
1340 3288 1476 3362 μετὰ
1519 3290 1620 3354 τῆς
1663 3290 1927 3359 μυστικῆς

2017 3287 2331 3341 cruentum
2363 3277 2656 3341 offerebat
2687 3278 3048 3341 sacriﬁcium
3079 3300 3094 3352 ;
3152 3277 3529 3341 Domitianus
3555 3296 3662 3339 au-

280 3372 487 3440 tusimc
544 3372 745 3450 ῥιπίδος
812 3373 1128 3448 παρίστάτο,
1175 3374 1455 3433 Τελεϊσθαι
1512 3373 1567 3431 δὲ
1624 3373 1729 3442 ἤδη
1787 3373 1928 3448 μελ-

2017 3375 2132 3430 tem
2163 3367 2400 3432 astabat
2453 3366 2526 3430 ad
2587 3370 2897 3432 dexteram
2953 3375 3181 3448 partem
3240 3385 3375 3430 cum
3413 3366 3662 3448 mystico

280 3462 482 3530 λούσης
516 3468 612 3530 τῆς
657 3471 753 3523 τοῦ
809 3466 1080 3544 τρισαγίου
1137 3464 1468 3544 δοξολογίας,
1523 3463 1763 3540 Τερέϐων
1812 3485 1868 3520 τε
1899 3467 1927 3522 6

282 3554 593 3633 Σαρακηνὸς
651 3555 740 3610 καὶ
790 3556 818 3612 6
878 3557 1186 3634 Χρυσίππου
1224 3553 1450 3635 ἀδελφὸς
1502 3552 1844 3632 Γαϐριήλιος,
1900 3555 1928 3610 6

281 3641 378 3718 μὲν
437 3641 690 3712 πλησίον,
751 3645 779 3700 6
838 3642 894 3700 δὲ
943 3647 1037 3700 τοῦ
1118 3645 1494 3722 θυσιαστηρίου
1552 3642 1694 3702 ἔνδον
1755 3645 1924 3708 ἑστὼς

285 3736 407 3810 (τῆς
442 3731 652 3800 πολλῆς
683 3755 778 3791 σου
812 3735 926 3813 περὶ
957 3736 1049 3790 τὸν
1079 3734 1360 3813 Εὐθύμιον,
1397 3733 1613 3814 Χριστὲ,
1645 3731 1921 3813 χάριτοςί)

281 3823 442 3898 ὁρῶσι
503 3828 604 3898 πυρ
660 3821 721 3878 ἐκ
773 3832 866 3882 τοῦ
907 3821 1191 3903 αἰφνιδίου,
1243 3823 1478 3899 καθάπερ
1509 3820 1596 3878 ἐπί
1627 3843 1769 3885 τινος
1803 3820 1923 3878 δια-

277 3909 582 3989 κεχυμένον
641 3910 856 3992 ὁθόνης,
900 3911 1096 3968 ἄνωθεν
1139 3914 1348 3991 κατιὸν,
1395 3914 1483 3967 καὶ
1515 3911 1670 3967 αὐτόν
1726 3931 1782 3966 τε
1832 3912 1923 3967 τὸν

277 4001 448 4080 μέγαν
508 4000 786 4076 Εὗθύμιον,
848 4002 940 4059 σὺν
996 4003 1138 4078 αὑτῷ
1186 4001 1242 4058 δὲ
1294 4000 1381 4058 xuii
1416 4001 1745 4076 Δομετιανὸν
1777 3997 1924 4056 ἔνδον

276 4087 588 4169 περιλαϐὸν,
643 4093 738 4146 καὶ
797 4089 934 4147 οὕτω
996 4096 1112 4169 περὶ
1170 4093 1358 4156 αὖτοὺς
1418 4089 1700 4167 διαμεῖναν
1742 4089 1922 4169 ἀπαρ-

279 4180 388 4260 χῆς
443 4182 538 4237 τοῦ
571 4181 853 4258 Τρισαγίου
885 4179 1014 4260 ἄχρι
1045 4182 1141 4239 καί
1183 4181 1621 4260 συμπληρώσεως
1654 4180 1749 4249 τῆς
1779 4183 1924 4258 ἱερᾶς

277 4269 638 4349 λειτουργίας,
705 4269 826 4326 Δέει
868 4267 922 4326 δὲ
984 4269 1253 4350 ληφθέντα
1301 4273 1432 4353 φησὶ
1487 4274 1581 4329 τὸν
1624 4269 1924 4350 Τερέὅωνα,

279 4357 496 4436 περιδεῆ
557 4361 647 4416 καὶ
700 4357 1004 4439 κατάφοϐον
1061 4361 1418 4442 ὑποχωρῆσαι
1476 4369 1569 4418 τοῦ
1626 4364 1926 4427 θυσιαστη-

283 4448 415 4526 ρίου,
476 4447 570 4505 καί
631 4455 725 4506 τοῦ
784 4448 977 4506 λοιποῦ
1031 4451 1226 4522 μηκέτι
1271 4449 1490 4519 ἆναίδην
1534 4453 1607 4514 ὡς
1667 4450 1797 4531 εἶχε
1836 4453 1926 4507 καὶ

282 4536 514 4615 θρασέως
599 4537 697 4606 τῆς
769 4541 875 4596 τῶν
947 4538 1149 4597 ἇδύττον
1208 4538 1412 4598 εἰσόδου
1481 4539 1921 4612 κατατολμῆσαε,

285 4624 408 4682 ἀλλ’
454 4624 508 4682 ἰν
552 4639 671 4691 τοῖς
714 4635 808 4684 τοῦ
841 4635 964 4685 ναοῦ
1008 4628 1356 4707 προπυλαίοις
1388 4630 1525 4704 μετὰ
1553 4628 1759 4697 πολλῆς
1790 4629 1926 4686 κατὰ

285 4715 382 4781 τὴν
414 4715 624 4782 σύναξιν
683 4717 899 4774 ἑστάναι
948 4723 1046 4786 τῆς
1092 4716 1364 4782 εὐλαϐείας
1403 4736 1417 4750 ⁸
1469 4721 1542 4782 ὡς
1574 4722 1602 4775 6
1632 4719 1930 4798 ἀναχωρη-

283 4804 380 4872 τῆς
437 4807 560 4880 ἒμοὶ
607 4807 866 4881 Κυριακὸς
925 4807 1139 4885 ὕστερον
1187 4809 1509 4888 διηγήσατο,
1565 4809 1709 4886 παρὰ
1765 4806 1928 4885 Τερέ-

285 4889 455 4957 6ωνος
514 4895 646 4951 αὐτὰ
704 4895 800 4951 καί
858 4894 1170 4976 Γαϐριηλίου
1251 4901 1356 4955 τῶν
1413 4898 1726 4976 ἑωρακότων
1783 4896 1924 4963 ἀκη-

284 4983 448 5050 κοώς.

2010 3457 2114 3520 illo
2177 3458 2528 3521 ventilabro.
2601 3457 2870 3539 Cumque
2919 3458 3046 3538 jam
3101 3457 3444 3539 peragenda
3498 3465 3659 3519 esset

2009 3545 2265 3627 Trisagii
2299 3547 2636 3624 doxologia,
2670 3546 2949 3609 Terebon
3000 3547 3337 3610 Saracenus
3383 3556 3441 3610 et
3469 3546 3660 3628 Chry-

2007 3637 2168 3718 sippi
2225 3639 2413 3699 frater
2461 3635 2822 3713 Gabrielius,
2881 3636 2978 3699 hic
3029 3636 3275 3714 quidem
3311 3655 3522 3718 prope,
3558 3638 3662 3700 ille

2007 3745 2148 3788 vero
2175 3735 2339 3787 stans
2378 3728 2534 3787 intra
2563 3725 2749 3787 altare
2779 3727 2835 3804 (ο
2871 3743 3169 3805 magnam,
3208 3726 3467 3803 Christe,
3497 3735 3657 3788 tuam

2008 3832 2152 3896 erga
2186 3816 2569 3895 Euthymium
2603 3813 2925 3893 gratiam!)
2984 3813 3191 3875 vident
3239 3815 3440 3891 ignem
3475 3815 3658 3878 dere-

2008 3914 2208 3989 pente,
2247 3905 2429 3967 veluti
2464 3904 2526 3964 in
2575 3901 2834 3984 quodam
2894 3902 3174 3964 diﬂ‘usum
3228 3903 3441 3977 linteo,
3473 3903 3656 3964 desu-

2008 4013 2116 4077 per
2145 3991 2639 4064 descendentem,
2673 3992 2896 4074 quique
2948 3990 3108 4053 intus
3153 3993 3657 4072 complecteretur

2006 4087 2201 4168 ipsum
2229 4101 2509 4163 magnum
2541 4081 2923 4163 Euthymium
2971 4101 3208 4164 unaque
3260 4100 3393 4143 cum
3427 4101 3497 4144 eo
3529 4081 3653 4144 Do-

2010 4175 2347 4254 mitianum,
2373 4173 2584 4254 sicque
2616 4171 2778 4234 circa
2809 4171 2974 4253 ipsos
3010 4172 3412 4254 permansisse
3435 4172 3510 4235 ab
3544 4174 3658 4236 ini-

2009 4265 2093 4327 tio
2121 4261 2375 4343 Trisagii
2428 4270 2623 4344 usque
2680 4260 2756 4324 ad
2817 4261 3327 4344 complementum
3360 4280 3548 4324 sacrae
3579 4262 3658 4323 li-

2009 4356 2241 4434 turgiae.
2291 4351 2672 4415 Terebonem
2729 4359 2926 4415 autem
2978 4351 3064 4416 ait
3110 4360 3270 4416 metu
3304 4361 3657 4435 terroreque

2005 4451 2376 4526 correptum,
2434 4441 2510 4504 ab
2568 4441 2740 4504 altari
2799 4441 3150 4516 recessisse,
3229 4459 3345 4505 nec
3395 4443 3658 4524 amplius

2011 4541 2215 4616 postea
2242 4532 2435 4595 libere
2487 4529 2569 4610 (5)
2625 4530 2709 4593 uti
2739 4541 2869 4594 erat
2900 4538 2959 4593 et
2987 4531 3249 4593 ﬁdenter
3277 4549 3488 4594 ausum
3521 4549 3658 4595 esse

2010 4622 2242 4703 ingredi
2273 4621 2334 4682 in
2365 4620 2559 4702 adyta,
2593 4619 2699 4682 sed
2732 4620 2793 4682 in
2825 4620 3033 4703 templi
3091 4620 3438 4683 constitisse
3472 4622 3658 4682 vesti-

2015 4712 2174 4775 bulis
2201 4729 2337 4774 cum
2397 4727 2612 4789 magna
2669 4727 2776 4790 per
2828 4711 3102 4790 synaxim
3163 4711 3522 4775 reverentia.
3585 4713 3662 4772 Ut

2015 4801 2161 4864 mihi
2210 4799 2586 4883 postmodum
2642 4798 2900 4862 narravit
2959 4800 3239 4882 Cyriacus
3271 4801 3651 4876 anachoreta,

2013 4893 2114 4975 qui
2146 4892 2274 4954 haec
2303 4889 2579 4954 audierat
2607 4908 2640 4952 a
2662 4887 2980 4956 Terebone
3011 4901 3073 4956 et
3103 4890 3431 4973 Gabrielio,
3470 4891 3652 4954 mira-

2012 4984 2130 5046 culi
2158 4977 2616 5062 spectatoribus.

1591 5147 1855 5214 VARIE
1904 5141 2344 5212 LECTIONES.

1514 5309 1723 5376 JOAN.
1765 5305 2139 5374 BOLLANDI
2180 5303 2426 5369 NOTAE.

359 5223 376 5276 1
424 5221 504 5285 al.
541 5227 841 5302 Γουρνίτης.
933 5228 959 5268 ⁸
983 5225 1154 5289 abest
1180 5227 1254 5291 ab
1285 5229 1365 5292 al.

364 5406 442 5476 (2)
479 5373 554 5492 lle
585 5410 643 5492 S_.
680 5413 975 5492 Gerasimo
1005 5431 1239 5492 agemus
1266 5373 1670 5492 allsrtttﬁjus
1693 5373 1931 5478 virtutes

293 5477 705 5562 describuntur
737 5487 884 5562 intra
915 5477 1322 5562 cap."15,apud
1354 5477 1648 5548 Moschu'ni
1680 5493 1736 5549 in
1758 5477 1935 5550 Prata

610 5567 736 5635 cap.
777 5557 874 5615 107
932 5552 1113 5618 θιῚιι
1139 5552 1161 5625 ,’
1203 5552 1258 5620 ét
1314 5563 1373 5619 in
1426 5562 1540 5621 Vita
1575 5563 1631 5620 S.
1666 5564 1823 5623 Sabae
1880 5572 1935 5621 et

341 5663 352 5676 .
555 5639 662 5681 act.

362 5693 806 5778 φλιᾳροοξιθῐὶἰ
827 5703 1068 5778 Abbatis
1102 5706 1256 5765 Petri
1277 5707 1442 5778 juxta
1473 5705 1776 5778 Iordanem
1809 5723 1936 5767 me-

299 5765 471 5829 minit
496 5765 762 5832 Moschus
793 5787 917 5848 cap.
959 5777 1046 5847 16,
1074 5778 1137 5835 t7
1169 5787 1224 5839 et
1257 5765 1346 5845 f8.
1366 5765 1472 5839 "sed
1499 5792 1573 5838 an
1590 5765 1788 5858 hujus,
1815 5765 1936 5846 non

2013 5415 2426 5561 de?3'_'ii:i_{ses
2451 5479 2531 5561 τι)
2558 5480 2862 5561 seditiosus
2890 5481 3247 5561 Theodosius
3290 5483 3654 5561 tyrannidem

2018 5549 2236 5618 in'séde
2260 5549 2773 5631 Hierosolymitana
2798 5553 3139 5616 exercuit.et
3163 5556 3234 5613 ad
3267 5549 3520 5615 montem
3543 5557 3649 5631 Sy-

2019 5624 2904 5708 ηωυ-ιηΑριςοῐυβιι,Νἱεοριιοτιιετ

2092 5703 2168 5776 (5)
2200 5696 2340 5768 Quia
2379 5696 2466 5754 vir
2501 5696 2624 5767 ipse
2645 5696 2988 5768 coniugatus
3018 5705 3159 5758 erat.
