4090 6198
289 339 407 405 665
1598 341 1782 404 νΙΤΑ
1828 343 1888 403 S.

2015 340 2350 404 JTHYMII.
3550 341 3666 408 666

286 478 483 535 καὶτὸ
525 475 715 534 λοιπὸν
759 474 963 555 σπουδῇ
1020 475 1168 554 πάσῃ
1199 476 1333 533 κατὰ
1363 482 1469 534 τῶν
1501 476 1786 556 ὀρθοδόξων
1845 476 1928 533 δι·-

2017 475 2301 540 adversus
2329 475 2696 541 orthodoxos
2719 483 2840 539 toto
2858 475 3056 539 studio
3088 475 3450 542 decertabat:
3478 478 3582 541 sed
3607 487 3665 541 et

289 571 586 648 ηγωνίζετο
619 583 634 598 ·
694 567 1007 647 ἱπηγάγετο
1037 565 1091 623 δὲ
1122 567 1208 622 καὶ
1247 567 1449 633 πάντας
1480 569 1598 632 τοὺς
1632 567 1928 646 μοναχοὺς,

2017 565 2255 630 induxit
2287 586 2494 629 omnes
2529 568 2879 641 monachos,
2915 576 3200 649 quotquot
3235 567 3323 632 vel
3352 571 3410 631 in
3443 569 3664 631 solitu-

289 659 406 715 ὅσοι
465 673 522 714 τε
564 659 662 726 τὴν
708 657 938 738 ἔρημον,
996 657 1082 714 καὶ
1143 656 1260 712 ὅσοι
1303 658 1404 724 τὴν
1437 658 1590 735 ἁγίαν
1623 655 1778 713 πόλιν
1808 679 1928 712 κατ-

2017 655 2159 718 diue
2183 657 2270 718 vel
2296 656 2355 718 iu
2380 665 2586 718 sancta
2608 656 2959 719 habitabant
2978 656 3665 739 civitate,persuasitque

286 750 482 822 ᾡκουν,
518 748 606 804 καὶ
648 748 715 804 τὰ
772 747 906 804 αὒτὰ
937 747 1114 824 ἐκείνῃ
1147 745 1456 823 πρεσϐεύειν
1486 745 1721 803 ἔπεισεν.
1770 744 1931 802 Ἐπεὶ

287 837 341 894 δὲ
386 839 421 905 η
466 835 586 905 δίκη
630 837 862 913 μετῆλθε
893 839 986 893 τὸν
1037 835 1343 915 Θεοδόσιον,
1378 835 1473 893 καί
1505 839 1530 892 ὁ
1564 837 1660 910 μὲν
1693 836 1932 892 ἐκποδὼν

285 927 388 996 ἤδη
434 930 658 1005 γίνεται.
690 926 1046 993 Ἰουϐενάλιος
1105 926 1158 983 δὲ
1191 929 1312 984 κτὸν
1345 929 1534 984 ἑαυτοῦ
1562 928 1746 1006 Θρόνον
1789 927 1932 983 ἆπο-

288 1017 579 1099 λαμϐάνει,
635 1020 722 1074 καὶ
769 1032 892 1083 ταῖς
940 1016 1295 1084 Ἐκκλησίαις
1336 1019 1403 1078 τὰ
1442 1017 1652 1093 λυπηρὰ
1685 1015 1932 1074 διαλύον-

285 1131 398 1181 ται,
462 1109 754 1186 γράμματα
799 1106 1064 1171 πολλάκις
1115 1107 1182 1176 τῆ
1229 1105 1457 1183 βασιλίδι
1504 1105 1790 1184 Οὐαλερίου
1839 1115 1934 1165 τοῦ

283 1197 533 1278 ἀδελφοῦ,
614 1201 707 1254 καί
799 1195 1073 1276 Ὀλυϐρίου
1156 1196 1248 1253 τοῦ
1326 1194 1567 1274 γαμϐροῦ
1625 1195 1932 1271 πέμπονται

283 1287 410 1367 παρ’
443 1287 636 1362 αἰτίαν,
669 1288 808 1344 ὥστε
863 1293 962 1354 τῆς
1006 1293 1112 1343 τῶν
1177 1288 1608 1366 Εὖτυχιανιστῶν
1659 1286 1931 1366 ἀφεμένην

285 1379 591 1450 κοινωνίας,
652 1389 773 1440 τοῖς
837 1382 904 1452 τῇ
945 1375 1212 1451 καθολικῇ
1268 1375 1565 1448 Ἐκκλησία
1598 1373 1931 1455 δεδογμένοις

285 1466 674 1535 ἀκολουθῆσαι,
722 1467 784 1524 Ἦ
818 1464 871 1522 δὲ
917 1472 1101 1545 πρῶτα
1147 1466 1245 1542 μὲν
1282 1467 1382 1533 τὴν
1433 1463 1740 1541 μεταϐολὴν
1770 1464 1929 1521 ὤκνει

284 1556 380 1612 καῖ
411 1555 764 1634 ἀνεϐάλλετο,
799 1556 888 1612 καὶ
919 1557 1014 1613 οὐκ
1057 1555 1218 1634 εἶχεν
1251 1553 1396 1620 ὅπως
1429 1554 1489 1610 ἂν
1517 1555 1582 1610 τὰ
1607 1553 1710 1620 ἤδη
1739 1551 1930 1619 δόξαν-

282 1668 348 1702 τα
380 1646 754 1722 καταπρόηται
767 1695 778 1708 ,

364 1734 496 1798 ΠΓ’.
542 1734 766 1802 Ἐπειδὴ
811 1734 865 1790 δὲ
920 1736 1079 1810 μάθοι
1124 1735 1216 1790 τόν
1259 1755 1317 1790 τε
1360 1733 1596 1810 γαμϐρὸν
1650 1733 1814 1799 αὐτῆς
1877 1732 1929 1788 ἐν

2019 755 2080 806 ut
2111 747 2319 808 eadem
2352 766 2486 808 cum
2521 747 2622 808 illa
2678 756 3040 810 assererent.
3097 750 3412 829 Postquam
3461 757 3660 811 autem

2007 835 2242 913 justitia
2263 837 2518 916 sumpsit
2536 837 2854 898 vindictam
2880 836 2954 897 de
2975 835 3661 918 Theodosio,isquejam

2015 933 2248 986 amotus
2278 925 2410 999 fuit,
2442 925 2749 989 Juvenalis
2795 944 2932 987 vero
2965 926 3173 988 sedem
3208 946 3372 988 suam
3408 927 3660 1008 recepit,

2016 1015 2304 1076 dissoluta
2362 1023 2500 1075 sunt
2559 1035 2692 1096 qum
2745 1015 3027 1078 Ecclesiis
3080 1017 3407 1079 aﬂ‘erebant
3441 1017 3664 1078 moles-

2018 1102 2184 1179 tiam,
2219 1103 2431 1167 littera:
2463 1103 2684 1167 Valerii
2722 1105 2804 1182 (ὃ)
2860 1104 3056 1166 fratris
3088 1114 3147 1167 et
3170 1105 3395 1185 Olybrii
3432 1105 3519 1183 (7)
3553 1123 3660 1183 ge-

2017 1200 2148 1255 neri
2205 1212 2366 1274 saepe
2426 1194 2743 1256 mittuntur
2799 1193 2872 1254 ad
2928 1193 3372 1276 imperatricem
3425 1196 3534 1256 hac
3585 1193 3658 1257 de

2015 1301 2215 1358 causa,
2248 1290 2310 1344 ut
2335 1281 2919 1363 Eutychianislarum
2971 1283 3180 1346 relicta
3211 1284 3657 1361 communione,

2013 1379 2295 1454 sequatur
2355 1391 2425 1435 ea
2472 1391 2606 1452 quae
2662 1371 2734 1434 ab
2797 1373 3067 1435 Ecclesia
3097 1373 3391 1435 catholica
3421 1374 3661 1436 decreta

2016 1464 2277 1527 fuerunt.
2338 1462 2445 1524 Illa
2504 1480 2644 1525 vero
2699 1463 2958 1543 primum
2993 1462 3234 1544 quidem
3270 1463 3658 1526 mutationem

2013 1551 2380 1614 detrectabat
2414 1559 2472 1613 et
2503 1551 2838 1632 diti‘erebat,
2873 1571 3067 1634 neque
3116 1559 3363 1615 noverat
3393 1571 3509 1633 quo
3543 1571 3665 1614 mo-

2014 1640 2089 1702 do
2125 1640 2287 1720 prius
2321 1640 2539 1716 placita
2563 1640 2874 1720 abjiceret.

2094 1727 2392 1793 LXXXIII.
2430 1733 2652 1792 Verum
2691 1739 3002 1813 postquam
3029 1731 3341 1794 didicisset
3369 1750 3656 1809 generum

285 1825 467 1903 Θρᾴκῃ
493 1825 857 1904 ἀναιρεθῆναι,
893 1825 994 1891 τὴν
1051 1823 1311 1902 Θδγατέρα
1343 1845 1401 1880 τε
1431 1825 1521 1880 καὶ
1563 1825 1685 1884 τοὺς
1733 1821 1928 1885 παῖδας

2017 1838 2189 1882 suum
2215 1821 2276 1881 in
2298 1819 2550 1883 Thracia
2583 1820 2665 1902 (8)
2692 1821 2878 1882 fuisse
2900 1820 3329 1903 interemptum
3358 1821 3548 1901 98(9),
3584 1822 3659 1882 ﬁ-

283 1919 385 1974 ὑπὸ
439 1931 559 1980 τοῖς
597 1917 882 1994 πολεμίοις
940 1915 1045 1984 ἤδη
1091 1915 1358 1994 γενέσθαι,
1419 1917 1508 1972 καὶ
1550 1914 1933 1995 αἰχμαλώτους

283 2007 359 2071 εἰς
435 2005 760 2086 Καρχηδόνα
827 2007 1170 2086 ἀπάγεσθαι,
1235 2003 1434 2084 σφόδρα
1493 2003 1774 2084 πληγεῖσα
1834 2004 1933 2072 τὴν

283 2093 522 2176 καρδίαν,
567 2100 665 2152 καὶ
713 2094 1071 2153 ἀνταπόδοσιν
1113 2099 1256 2152 εἶναι
1301 2095 1504 2151 τούτων
1531 2093 1632 2162 τήν
1666 2096 1770 2150 τῶν
1801 2092 1928 2172 φιλ-

281 2185 456 2241 τάτων
529 2183 801 2254 ἀποϐολὴν
881 2187 1128 2262 κρίνασα,
1174 2181 1489 2240 διδάσκαλον
1541 2183 1769 2258 εὓρίσκει
1827 2183 1926 2250 τὴν

282 2275 552 2353 συμφορὰν
605 2283 696 2333 τοῦ
757 2274 933 2340 καλῶς
994 2274 1220 2353 ἔχοντος
1253 2291 1265 2304 ⁸
1335 2274 1432 2332 Καὶ
1480 2275 1514 2340 ἡ
1560 2271 1772 2329 παιδεία
1828 2273 1927 2351 γὰρ

281 2385 398 2438 σου,
449 2366 635 2444 φησὶν,
697 2366 832 2435 αὕτη
891 2386 959 2440 με
1003 2362 1195 2429 διδάξει
1232 2379 1246 2394 ⁸
1305 2365 1394 2419 καὶ
1441 2364 1574 2438 πρὸς
1626 2363 1722 2428 τὴν
1767 2362 1924 2439 ὀρθό-

280 2475 448 2529 τομον
495 2462 518 2488 ⁰
557 2456 644 2511 καὶ
704 2455 879 2530 ἀληθῇ
937 2456 1116 2510 πίστιν
1175 2452 1243 2508 δι’
1295 2453 1505 2518 ἐκείνης
1569 2449 1923 2532 ὁδηγηθεῖσα,

280 2542 553 2624 σχολάσαι
612 2546 672 2600 τὸ
715 2545 904 2600 λοιπὸν
936 2543 1074 2622 ἔγνω
1115 2543 1271 2606 θείοις
1319 2539 1536 2620 ἀνδράσι
1595 2540 1925 2616 τυπουμένη,

282 2635 368 2690 καὶ
412 2647 787 2713 χειραγωγοῖς
835 2633 1097 2713 χρωμένη
1142 2634 1274 2710 πρὸς
1319 2634 1609 2709 σωτηρίαν.
1650 2631 1824 2708 Ταύτῃ
1845 2651 1927 2687 τοι

2022 1909 2283 1991 liamque
2319 1911 2443 1991 (10)
2477 1919 2532 1972 et
2562 1913 2691 1991 ejus
2725 1911 2876 1974 tilias
2915 1930 3047 1973 esse
3088 1911 3150 1972 in
3194 1920 3488 1992 potestate
3516 1913 3659 1974 hos-

2018 1998 2183 2075 tiam,
2219 2009 2396 2081 atque
2437 2001 2698 2081 captivas
2735 1999 2950 2062 abduci
2975 1999 3393 2080 Carthaginem
3428 2021 3441 2062 :
3479 2001 3660 2065 corde

2016 2088 2187 2152 valde
2208 2091 2552 2166 sauciata,et
2573 2090 2860 2153 arbitrata
2879 2090 3367 2152 charissimorum
3391 2090 3659 2154 amissio-

2014 2197 2149 2240 nem
2174 2179 2427 2243 retribui
2448 2179 2632 2258 gestis
2675 2179 2824 2256 suis,
2858 2179 3501 2243 invenitcalamitatem
3529 2201 3660 2244 ma-

2009 2267 2251 2346 gistram
2286 2271 2418 2348 ejus
2445 2269 2604 2350 quod
2637 2277 2801 2330 recte
2822 2267 3034 2330 habet:
3063 2288 3198 2330 nam
3229 2269 3302 2331 Et
3324 2269 3660 2351 disciplina

2013 2357 2507 2440 tua,inquit,ipsa
2523 2377 2617 2420 me
2639 2357 2872 2421 docebit
2893 2357 2974 2433 99;
2997 2365 3055 2419 et
3074 2358 3147 2419 ad
3171 2365 3393 2419 rectam
3417 2377 3656 2421 veram-

2013 2466 2128 2528 que
2151 2447 2328 2510 ﬁdem
2361 2467 2470 2530 per
2493 2447 2651 2509 illam
2683 2447 2968 2522 deducta,
3004 2447 3206 2509 statuit
3235 2448 3521 2529 deinceps
3553 2468 3655 2510 va-

2012 2555 2174 2613 care,
2208 2557 2241 2599 a
2265 2538 2409 2600 viris
2439 2538 2655 2600 divinis
2689 2538 2982 2613 instituta,
3017 2537 3215 2618 iisque
3242 2545 3418 2600 utens
3451 2539 3656 2600 ducto-

2010 2626 2176 2689 ribus
2205 2627 2276 2690 ad
2310 2628 2587 2692 salutem.
2621 2629 2815 2709 Atque
2845 2627 2982 2689 ideo
3015 2627 3400 2690 Anastasium
3435 2627 3657 2690 chore-

281 2724 371 2780 καὶ
454 2725 544 2779 τὸν
627 2724 1044 2803 χωρεπίσκοπον
1113 2721 1486 2801 Ἀναστάσιον,
1575 2721 1711 2795 μετὰ
1770 2743 1928 2778 τινων

2015 2718 2317 2798 piscopum
2357 2718 2484 2801 (il)
2513 2737 2646 2780 cum
2682 2717 3035 2800 quibusdam
3069 2719 3200 2780 aliis
3223 2717 3511 2780 ministris
3533 2719 3658 2781 suis

278 2811 728 2890 ὑπηρετουμένων
809 2813 945 2889 αὒτῇ
1032 2813 1120 2872 καὶ
1177 2810 1382 2885 ἄλλων,
1455 2812 1526 2875 εἷς
1586 2808 1927 2890 Ἀντιόχειαν

2015 2806 2195 2867 mittit
2216 2807 2596 2870 Antiochiam
2623 2808 2696 2870 ad
2712 2809 3070 2890 Symeonem
3094 2806 3217 2888 (l2)
3245 2807 3653 2872 columnarem

278 2903 424 2978 παρὰ
461 2904 552 2958 τὸν
611 2903 851 2969 κιονίτην
897 2902 1144 2980 Συμεὼν,
1197 2901 1290 2956 τὸν
1346 2900 1622 2975 ὑψωθέντα
1655 2900 1722 2967 τῇ
1759 2899 1924 2977 ἀρετῇ

2015 2896 2317 2975 illum,qui
2349 2897 2536 2959 multo
2569 2898 2755 2960 altius
2787 2907 2917 2959 erat
2946 2897 3217 2960 sublatus
3239 2897 3452 2960 virtute
3478 2917 3650 2979 quam

274 2991 467 3067 πολλῷ
496 2991 704 3067 μᾶλλον
751 2993 786 3058 ἢ
839 2997 914 3064 τῷ
957 2993 1116 3067 κίονι,
1148 2991 1210 3047 τὸ
1240 2989 1414 3066 Θαῦμα
1446 2995 1546 3056 τῆς
1579 2989 1920 3065 οἰκουμένης,

2015 2987 2496 3061 columna,totius
2525 2987 2690 3049 orbis
2724 2987 3104 3064 miraculum;
3135 2987 3311 3068 eique
3351 3007 3458 3068 per
3488 2989 3654 3050 litte-

275 3080 568 3155 ἐκπέμπει,
616 3080 903 3156 σημάνασα
945 3079 1031 3137 διὰ
1097 3080 1431 3158 γραμμάτων
1487 3079 1631 3153 αὖτῷ
1689 3079 1782 3134 τὸν
1823 3100 1923 3146 της

2015 3097 2106 3140 ras
2135 3078 2430 3158 signiﬁcat
2457 3078 2658 3141 cordis
2685 3078 3415 3160 propositum,rursusque
3447 3086 3654 3158 postu-

275 3170 494 3250 καρδίας
527 3173 748 3245 σκοπὸν,
788 3170 1003 3238 ἁξιοῦσά
1031 3193 1089 3228 τε
1136 3172 1263 3250 παρ’
1314 3170 1514 3226 ἐκείνου
1559 3167 1719 3226 πάλιν
1776 3170 1924 3249 γνώ-

435 3261 453 3274 \
510 3259 539 3274 Δ
699 3253 760 3274 ί.-
841 3263 853 3274 ι
954 3261 980 3274 θ
1071 3263 1082 3274 ο
1255 3260 1269 3274 ο
1317 3259 1330 3274 9
1403 3261 1416 3274 ι
1649 3261 1659 3274 ο
1909 3261 1921 3274 ι

2015 3167 2091 3229 lat
2119 3166 2193 3229 ab
2225 3187 2295 3229 eo
2347 3167 2666 3230 consilium
2698 3169 2993 3249 accipere.
3031 3167 3218 3240 Quale
3249 3167 3432 3246 igitur
3462 3167 3655 3249 ipsius

278 3284 388 3336 μην
433 3259 648 3324 λαϐεῖν,
699 3253 893 3319 Ἠποία
924 3261 1012 3318 οὖν
1063 3263 1097 3330 ἡ
1143 3260 1269 3339 παρ’
1313 3259 1516 3317 έκεῖνου
1559 3261 1776 3338 γνώμη,
1839 3261 1926 3316 καὶ

275 3353 356 3414 τὶς
417 3353 451 3420 ἡ
481 3350 760 3428 ἀπόκρισις
797 3373 812 3427 ς
867 3352 1124 3430 Γίνωσκε,
1157 3351 1343 3427 φησὶν,
1377 3351 1450 3413 ὡς
1484 3351 1510 3404 ὁ
1543 3351 1802 3428 πονηρὸς,
1836 3350 1926 3406 τὸν

278 3439 510 3500 πλοῦτον
539 3442 647 3497 τῶν
682 3447 792 3498 σῶν
824 3445 960 3519 ὀρῶν
1003 3441 1230 3519 ἀρετῶν,
1267 3439 1564 3516 ἐξῃτήσατο
1603 3440 1836 3496 σινιάσαι
1869 3461 1926 3496 σε

279 3532 352 3593 ὡς
385 3532 478 3587 τὸν
512 3544 665 3588 σῖτον
701 3548 713 3562 '
743 3533 830 3588 καὶ
872 3530 1048 3588 πολλά
1080 3553 1141 3608 γε
1173 3529 1257 3586 διὰ
1287 3531 1380 3586 τοῦ
1422 3527 1694 3604 λυμεῶνος
1727 3529 1928 3586 ἐκείνου

279 3618 561 3676 Θεοδοσίου
604 3621 703 3687 τὴν
748 3621 979 3698 θεοφιλη
1034 3642 1128 3678 σου
1179 3620 1366 3700 ψυχὴν
1398 3619 1724 3694 ἒλυμήνατο,
1757 3618 1928 3675 Ἀλλὰ

279 3709 480 3788 Θάρσει.
516 3711 589 3767 Οὑ
636 3711 737 3788 γὰρ
793 3709 1001 3775 ἐξέλιπέ
1045 3731 1141 3769 σου
1187 3711 1220 3777 ἡ
1271 3711 1470 3774 πίστις,
1519 3706 1674 3783 Ἐμοὶ
1733 3707 1786 3763 δὲ
1841 3709 1928 3764 καὶ

279 3807 437 3856 τοῦτο
492 3798 610 3856 λίαν
679 3799 854 3857 ἔπεισι
911 3801 1221 3876 θαυμάζειν,
1283 3797 1470 3876 ὅτιπερ
1531 3795 1926 3874 ὲνργειτόνων

278 3911 360 3945 σοι
391 3911 495 3957 της
533 3911 719 3968 πηγης
753 3889 943 3970 οῧσης,
977 3892 1145 3957 αὐτὴν
1191 3889 1290 3964 μὲν
1346 3893 1605 3966 παρορᾷς,
1658 3886 1923 3964 πόρρωθεν

279 3977 333 4034 δὲ
378 3985 565 4048 ζητεῖς
611 3986 702 4035 τοῦ
745 3980 903 4036 αὑτοῦ
945 3979 1193 4058 ἀρύεσθαι
1248 3975 1464 4040 ὕδατος.
1510 3975 1707 4055 ’Ἔχεις
1752 3977 1924 4032 τοίνυν

277 4069 368 4124 τὸν
423 4067 677 4147 θεοφόρον
732 4069 988 4144 Εὒθύμιον
1022 4085 1035 4098 ⁸
1109 4070 1170 4124 οὒ
1213 4080 1334 4129 ταῖς
1381 4063 1741 4129 διδασκαλίαις
1788 4065 1922 4121 ἑπο-

275 4156 438 4230 μὲιιη,
487 4158 590 4237 οὐχ
635 4159 964 4237 ἁμαρτήσεις
1009 4164 1102 4213 τοῦ
1131 4156 1417 4228 σώζεσθαι.

2011 3256 3057 3340 consilium,quodqueresponsura?
3071 3256 3654 3340 Scias,inquit,quod

2013 3347 2546 3425 malignus,videns
2566 3366 2710 3428 opes
2730 3356 2961 3409 tuarum
2983 3347 3574 3429 virtutum,expetivit
3592 3355 3657 3410 ut

2011 3436 2311 3497 cribraret
2343 3445 2398 3497 te
2431 3439 2588 3498 sicut
2621 3436 2890 3497 triticum
2919 3436 2982 3486 30
3009 3453 3024 3511 ;
3059 3436 3350 3516 valdeque
3382 3455 3490 3517 per
3517 3456 3655 3517 pes-

2011 3525 2249 3586 tiferum
2283 3525 2448 3586 illum
2482 3524 2911 3600 Theodosium,
2943 3524 3280 3605 religiosam
3320 3535 3476 3587 tuam
3511 3546 3651 3588 cor-

2010 3615 2169 3694 rupit
2201 3614 2487 3677 animam.
2523 3614 2636 3676 Sed
2665 3615 2926 3677 confide.
2961 3617 3092 3675 Non
3125 3620 3284 3676 enim
3315 3614 3536 3677 defecit
3577 3618 3652 3678 ﬁ-

2010 3705 2116 3765 des
2141 3703 2405 3765 tua.Mihi
2438 3710 2631 3765 autem
2653 3703 2952 3766 succurrit
2983 3705 3094 3765 hoc
3126 3705 3514 3767 vehementer
3543 3708 3654 3768 ad-

2011 3792 2240 3869 mirari,
2266 3793 2424 3874 quod
2449 3812 2582 3854 cum
2613 3793 2720 3854 tibi
2752 3793 2828 3854 sit
2859 3792 2990 3854 fons
3026 3793 3424 3873 propinquus,
3455 3795 3650 3874 ipsum

2009 3882 2254 3961 quidem
2317 3883 2606 3964 deSpicis,
2666 3882 2876 3963 procul
2938 3901 3074 3944 vero
3127 3883 3344 3962 quaeris
3377 3883 3652 3946 eamdem

2006 3990 2220 4053 aquam
2253 3972 2518 4034 haurire.
2551 3971 2748 4035 Habes
2782 3971 2960 4049 igitur
2993 3973 3113 4034 Deo
3145 3971 3388 4051 plenum
3423 3970 3651 4052 Euthy-

2009 4062 2217 4136 mium,
2254 4062 2428 4141 cujus
2457 4080 2716 4142 sequens
2740 4060 3100 4138 doctrinam,
3139 4079 3257 4123 non
3294 4060 3658 4124 aberrabisa

2005 4151 2219 4212 salute.

351 4260 415 4312 98
443 4258 518 4326 V.
552 4260 615 4322 in
644 4261 798 4325 Boll.
884 4261 943 4313 99
974 4260 1132 4326 Psal.
1165 4277 1319 4335 xvu,
1351 4263 1452 4322 36.
1537 4259 1602 4311 50
1631 4258 1753 4321 Luc
1779 4275 1924 4334 nit,
1957 4262 2058 4339 31,
2092 4256 2190 4320 32.

1589 4353 1851 4417 VARle
1894 4351 2329 4418 LEGTIONES.

1505 4511 1711 4579 .IOAN.
1758 4512 2128 4578 BOLLANDI
2167 4513 2418 4578 NOTE.

356 4445 380 4473 ⁶
410 4438 490 4503 al.
524 4437 822 4518 ὀρθοδοξον,
910 4449 936 4492 Ρ
965 4437 1045 4500 al.
1082 4437 1164 4498 ἐκ.

346 4619 418 4690 (6)
447 4617 592 4691 Ejus
616 4618 884 4691 meminit
915 4615 1276 4691 Nicephor_us
1307 4614 1408 4691 lib.
1436 4613 1526 4682 15,
1527 4627 1677 4691 33p.
1713 4612 1778 4691 1-2
1811 4627 1911 4684 per
1935 4621 1978 4675 D
2069 4613 2607 4691 (92_Vat_entinianus
2637 4613 3115 4691 Imperatorﬁolo
3142 4614 3365 4691 Maximi
3401 4614 3648 4691 inCam-

273 4683 446 4763 quem
478 4683 532 4749 et
564 4689 887 4762 Olybrium,
937 4683 1138 4746 ambos
1187 4687 1490 4754 Patricios,
1526 4683 1782 4741 Eudocta
1818 4683 1913 4741 re-

274 4761 770 4888 sppil‘igtgeeg‘tos.
806 4761 1120 4817 Pulcheriae
1141 4757 1519 4827 Imperatrici,
1544 4756 1612 4812 de
1643 4770 1752 4826 qua
1779 4771 1915 4828 age-

275 4848 406 4890 mus
453 4843 519 4887 ιυ
549 4843 702 4890 sent.

347 4848 430 4973 ἓξ)
453 4847 974 4980 1(i’lgbtfr’llispopuli
1019 4901 1272 4980 Ερωτιορ
1308 4901 1602 4980 princeps,
1646 4911 1732 4980 px
1770 4899 1913 4980 urbe

277 4968 452 5053 Itonia
476 4990 515 5053 a
531 4968 841 5053 Genserici)
859 4968 1000 5044 rege
1019 4968 1430 5053 Wandalorum
1448 4968 1612 5053 capta
1641 4968 1910 5050 constan-

275 5045 579 5128 tinopolitp
614 5047 920 5128 profugus,
938 5043 1076 5128 erat
1098 5063 1132 5128 Aa
1144 5043 1256 5114 pud
1292 5043 1651 5128 Mercianuin
1673 5043 1910 5128 imperia

277 5112 484 5173 torrin.
517 5112 662 5174 Huic
701 5112 1042 5186 desponsata
1095 5112 1212 5172 tum
1257 5123 1376 5171 erat
1419 5112 1688 5170 Placidia.
1725 5113 1911 5182 neptis

279 5187 564 5250 Eudociae.
597 5187 714 5245 ﬁlio
741 5188 1117 5244 Valentiniani
1165 5184 1514 5254 imperatoris
1550 5196 1620 5254 ea
1652 5181 1907 5239 Eudoxia

278 5258 548 5316 Eudocia
577 5258 714 5316 ﬁlia.
753 5260 1036 5325 Evagrius
1064 5256 1164 5313 lib.
1218 5252 1277 5320 2‘,
1313 5269 1436 5325 cap.
1471 5253 1524 5308 7.
1557 5252 1912 5325 Nicepborus

279 5329 378 5387 lib.
412 5332 498 5404 15g.
532 5345 658 5404 cap.
713 5324 1131 5404 ti.“0lybri_us
1177 5327 1322 5404 dein
1343 5324 1630 5404 Marciano
1661 5335 1713 5404 et
1747 5324 1910 5404 Festo

275 5395 776 5477 coss._lndi§tione
809 5400 874 5477 Χ,
907 5395 1004 5457 a'n.
1036 5397 1497 5477 £72._Anthemio
1550 5396 1606 5477 in
1659 5395 1908 5477 Imperio

275 5471 624 5530 Occidenteli
655 5473 1019 5536 substitutus,
1051 5471 1290 5539 septimo
1323 5481 1522 5539 mense
1551 5466 1777 5536 imperii
1822 5469 1910 5524 sui

275 5545 392 5603 vita
421 5544 726 5602 defunctus
758 5551 861 5601 est.
891 5538 1256 5600 Marcellinus
1284 5539 1344 5596 in
1377 5538 1588 5597 Chron.

359 5615 445 5696 t8)
477 5616 707 5696 Graece,
732 5614 786 5670 ἐν
844 5616 1076 5696 βράκῃ,
1099 5611 1379 5696 mendum
1412 5631 1426 5685 ;
1461 5607 1821 5696 _reponimus
1853 5609 1912 5666 ἐκ

281 5663 1451 5780 99341;;E’ihﬁciai'séi’uéimilia}
1459 5663 1626 5756 ἶεὲἓῐ.

1998 4699 2102 4812 [ἐρ’.
2129 4685 2328 4811 Ργίὲἓιίο
2381 4683 2683 4742 confossus
2720 4683 2803 4742 est
2861 4684 2977 4742 XVI
3017 4685 3252 4743 Kalend.
3287 4685 3505 4758 Aprilis
3546 4703 3642 4748 an.

2066 4827 2182 4895 (10)
2213 4825 2473 4883 Eudoxia
2525 4828 2580 4883 in
2644 4841 2842 4883 necem
2901 4828 3128 4884 Maximi
3178 4829 3549 4888 Gensericum
3585 4832 3642 4888 in

1994 4897 2217 4971 Italiam
2250 4909 2532 4971 evocarat,
2587 4915 2614 4971 a
2660 4911 2781 4971 quo
2813 4899 2965 4957 Urbe
2994 4911 3155 4970 capta
3190 4916 3310 4971 ipsa
3346 4904 3516 4958 etiam
3546 4917 3645 4959 ca-

1999 4971 2145 5038 ptiva
2193 4970 2250 5025 in
2281 4969 2536 5026 Africani
2567 4970 2818 5026 abducta
2856 4981 2941 5026 est
2966 4969 3095 5028 cum
3124 4969 3349 5030 duabus
3383 4973 3638 5037 ﬁliabus,

1994 5055 2236 5112 quorum
2267 5041 2444 5096 altera
2479 5043 2816 5110 desponsata
2848 5039 3098 5112 Olybrio,
3134 5058 3263 5099 cum
3292 5053 3472 5100 matre
3488 5045 3642 5098 Con-

1993 5113 2426 5181 stantinopolim
2486 5115 2720 5168 remissa
2757 5123 2840 5168 cst
2870 5129 2964 5168 an.
3004 5113 3102 5169 Ch.
3140 5115 3261 5170 A62.
3296 5115 3484 5170 Altera
3521 5113 3638 5168 Eu-

1994 5183 2151 5240 docia
2185 5198 2358 5247 nupta
2394 5183 2680 5240 Hunerico
2708 5183 2998 5241 Genserici
3032 5185 3182 5247 tilio.
3213 5188 3264 5242 ei
3291 5185 3636 5241 Hildericum

1995 5257 2234 5325 peperit.
2269 5254 2520 5310 Tandem
2547 5255 2695 5311 clam
2747 5254 2991 5324 dilapsa.
3025 5257 3084 5312 in
3111 5256 3236 5313 loco
3269 5266 3467 5312 sancta
3502 5269 3638 5325 pro~

1994 5327 2138 5395 fugit
2163 5339 2256 5398 an.
2290 5325 2394 5381 47?.
2416 5335 2468 5382 et
2496 5325 2828 5398 sepulcrum
2852 5327 2993 5384 aviae
3022 5325 3293 5383 Eudocite
3318 5327 3487 5398 longe
3513 5333 3640 5396 post

1998 5397 2326 5453 exosculata
2369 5404 2471 5454 est.

2069 5469 2180 5537 (it)
2216 5467 2503 5540 Absoluta,
2535 5467 2837 5540 episcopus
2867 5465 3082 5523 dicitur
3107 5482 3139 5520 a
3174 5466 3498 5540 Nicephoro
3533 5466 3634 5524 lib.

1995 5550 2094 5601 xv,
2128 5553 2251 5608 cap.
2290 5537 2374 5602 i3,
2407 5537 2508 5596 ubi
2541 5537 2739 5595 eadem
2771 5538 2904 5593 hinc
2935 5544 3150 5595 narrat.

2066 5609 2178 5680 (12)
2203 5607 2286 5666 De
2319 5608 2372 5664 S.
2405 5609 2686 5681 Symeone
2715 5607 2916 5684 Stylita
2945 5617 3135 5667 actum
3169 5609 3205 5666 5
3241 5608 3525 5668 Januarii.
