  <div class='ocr_page' id='page_1' title='image "/cluster/home/n/w/nwhite01/storage/ocr_20150623/114/hvd.32044073502254/339.png"; bbox 0 0 4072 6206; ppageno 0'>
   <div class='ocr_carea' id='block_1_1' title="bbox 486 329 604 400">
    <p class='ocr_par' dir='ltr' id='par_1_1' title="bbox 486 329 604 400">
     <span class='ocr_line' id='line_1_1' title="bbox 486 329 604 400; baseline 0 -1"><span class='ocrx_word' id='word_1_1' title='bbox 486 329 604 400; x_wconf 85' lang='lat'><strong>667</strong></span> 
     </span>
    </p>
   </div>
   <div class='ocr_carea' id='block_1_2' title="bbox 1779 340 2564 409">
    <p class='ocr_par' dir='ltr' id='par_1_2' title="bbox 1779 340 2564 409">
     <span class='ocr_line' id='line_1_2' title="bbox 1779 340 2564 409; baseline 0.003 -2"><span class='ocrx_word' id='word_1_2' title='bbox 1779 340 2063 407; x_wconf 86' lang='lat' dir='ltr'><strong>MENSIS</strong></span> <span class='ocrx_word' id='word_1_3' title='bbox 2105 344 2564 409; x_wconf 76' lang='lat' dir='ltr'><strong>JANUABIUS.</strong></span> 
     </span>
    </p>
   </div>
   <div class='ocr_carea' id='block_1_3' title="bbox 3747 347 3853 414">
    <p class='ocr_par' dir='ltr' id='par_1_3' title="bbox 3747 347 3853 414">
     <span class='ocr_line' id='line_1_3' title="bbox 3747 347 3853 414; baseline 0 0"><span class='ocrx_word' id='word_1_4' title='bbox 3747 347 3853 414; x_wconf 87' lang='lat'><strong>668</strong></span> 
     </span>
    </p>
   </div>
   <div class='ocr_carea' id='block_1_4' title="bbox 570 472 2131 560">
    <p class='ocr_par' dir='ltr' id='par_1_4' title="bbox 570 472 2130 557">
     <span class='ocr_line' id='line_1_4' title="bbox 570 472 2130 557; baseline 0.004 -22"><span class='ocrx_word' id='word_1_5' title='bbox 570 472 872 540; x_wconf 77' lang='lat' dir='ltr'><strong>LXXXIV.</strong></span> <span class='ocrx_word' id='word_1_6' title='bbox 909 475 996 540; x_wconf 85' lang='lat' dir='ltr'><strong>Ad</strong></span> <span class='ocrx_word' id='word_1_7' title='bbox 1030 478 1140 540; x_wconf 87' lang='lat' dir='ltr'><strong>ista</strong></span> <span class='ocrx_word' id='word_1_8' title='bbox 1174 475 1482 557; x_wconf 76' lang='lat' dir='ltr'><strong>negligens</strong></span> <span class='ocrx_word' id='word_1_9' title='bbox 1525 496 1643 541; x_wconf 91' lang='lat' dir='ltr'><strong>non</strong></span> <span class='ocrx_word' id='word_1_10' title='bbox 1704 478 1813 541; x_wconf 83' lang='lat' dir='ltr'><strong>fuit</strong></span> <span class='ocrx_word' id='word_1_11' title='bbox 1843 478 2130 555; x_wconf 89' lang='lat' dir='ltr'><strong>Eudocia,</strong></span> 
     </span>
    </p>
   </div>
   <div class='ocr_carea' id='block_1_5' title="bbox 2220 472 3855 560">
    <p class='ocr_par' dir='ltr' id='par_1_5' title="bbox 2302 480 3855 560">
     <span class='ocr_line' id='line_1_5' title="bbox 2302 480 3855 560; baseline 0.005 -23"><span class='ocrx_word' id='word_1_12' title='bbox 2302 480 2436 545; x_wconf 54' lang='grc' dir='ltr'><strong>ΠΜ.</strong></span> <span class='ocrx_word' id='word_1_13' title='bbox 2475 484 2611 559; x_wconf 79' lang='grc' dir='ltr'>Πρὸς</span> <span class='ocrx_word' id='word_1_14' title='bbox 2670 488 2836 541; x_wconf 86' lang='grc' dir='ltr'>ταῦτα</span> <span class='ocrx_word' id='word_1_15' title='bbox 2875 484 2968 541; x_wconf 75' lang='grc' dir='ltr'>οὒκ</span> <span class='ocrx_word' id='word_1_16' title='bbox 3011 480 3227 560; x_wconf 78' lang='grc' dir='ltr'>ἀμελὴς</span> <span class='ocrx_word' id='word_1_17' title='bbox 3280 484 3355 551; x_wconf 79' lang='grc' dir='ltr'><strong>ἧν</strong></span> <span class='ocrx_word' id='word_1_18' title='bbox 3411 481 3715 558; x_wconf 74' lang='grc' dir='ltr'>ἣΕὒδοκία,</span> <span class='ocrx_word' id='word_1_19' title='bbox 3758 484 3855 544; x_wconf 67' lang='grc' dir='ltr'>οὔδ’</span> 
     </span>
    </p>
   </div>
   <div class='ocr_carea' id='block_1_6' title="bbox 484 565 2126 648">
    <p class='ocr_par' dir='ltr' id='par_1_6' title="bbox 484 565 2126 648">
     <span class='ocr_line' id='line_1_6' title="bbox 484 565 2126 648; baseline 0.001 -21"><span class='ocrx_word' id='word_1_20' title='bbox 484 581 685 647; x_wconf 79' lang='lat' dir='ltr'><strong>neque</strong></span> <span class='ocrx_word' id='word_1_21' title='bbox 706 565 920 647; x_wconf 84' lang='lat' dir='ltr'><strong>supina</strong></span> <span class='ocrx_word' id='word_1_22' title='bbox 936 566 1099 629; x_wconf 88' lang='lat' dir='ltr'><strong>circa</strong></span> <span class='ocrx_word' id='word_1_23' title='bbox 1127 567 1269 629; x_wconf 90' lang='lat' dir='ltr'><strong>boni</strong></span> <span class='ocrx_word' id='word_1_24' title='bbox 1293 568 1774 648; x_wconf 84' lang='lat' dir='ltr'><strong>inquisitionem;</strong></span> <span class='ocrx_word' id='word_1_25' title='bbox 1800 568 1905 631; x_wconf 91' lang='lat' dir='ltr'><strong>sed</strong></span> <span class='ocrx_word' id='word_1_26' title='bbox 1932 568 2126 633; x_wconf 90' lang='lat' dir='ltr'><strong>statim</strong></span> 
     </span>
    </p>
   </div>
   <div class='ocr_carea' id='block_1_7' title="bbox 490 654 2131 738">
    <p class='ocr_par' dir='ltr' id='par_1_7' title="bbox 490 654 2131 738">
     <span class='ocr_line' id='line_1_7' title="bbox 490 654 2131 738; baseline 0.002 -21"><span class='ocrx_word' id='word_1_27' title='bbox 490 654 741 718; x_wconf 91' lang='lat' dir='ltr'><strong>multum</strong></span> <span class='ocrx_word' id='word_1_28' title='bbox 775 657 850 717; x_wconf 88' lang='lat' dir='ltr'><strong>de</strong></span> <span class='ocrx_word' id='word_1_29' title='bbox 884 657 1009 717; x_wconf 87' lang='lat' dir='ltr'><strong>viro</strong></span> <span class='ocrx_word' id='word_1_30' title='bbox 1043 666 1432 738; x_wconf 88' lang='lat' dir='ltr'><strong>perscrutata,</strong></span> <span class='ocrx_word' id='word_1_31' title='bbox 1468 678 1604 720; x_wconf 92' lang='lat' dir='ltr'><strong>cum</strong></span> <span class='ocrx_word' id='word_1_32' title='bbox 1650 659 1964 722; x_wconf 82' lang='lat' dir='ltr'><strong>didicisset</strong></span> <span class='ocrx_word' id='word_1_33' title='bbox 1995 679 2131 722; x_wconf 89' lang='lat' dir='ltr'><strong>eum</strong></span> 
     </span>
    </p>
   </div>
   <div class='ocr_carea' id='block_1_8' title="bbox 487 744 2135 826">
    <p class='ocr_par' dir='ltr' id='par_1_8' title="bbox 487 744 2135 826">
     <span class='ocr_line' id='line_1_8' title="bbox 487 744 2135 826; baseline 0.002 -19"><span class='ocrx_word' id='word_1_34' title='bbox 487 744 601 808; x_wconf 87' lang='lat' dir='ltr'><strong>sibi</strong></span> <span class='ocrx_word' id='word_1_35' title='bbox 635 745 1022 806; x_wconf 86' lang='lat' dir='ltr'><strong>interdixisse</strong></span> <span class='ocrx_word' id='word_1_36' title='bbox 1044 764 1354 809; x_wconf 90' lang='lat' dir='ltr'><strong>accessum</strong></span> <span class='ocrx_word' id='word_1_37' title='bbox 1382 749 1453 811; x_wconf 89' lang='lat' dir='ltr'><strong>ad</strong></span> <span class='ocrx_word' id='word_1_38' title='bbox 1476 749 1656 811; x_wconf 84' lang='lat' dir='ltr'><strong>ullam</strong></span> <span class='ocrx_word' id='word_1_39' title='bbox 1686 751 2135 826; x_wconf 82' lang='lat' dir='ltr'><strong>civitatem,iur-</strong></span> 
     </span>
    </p>
   </div>
   <div class='ocr_carea' id='block_1_9' title="bbox 485 834 2132 920">
    <p class='ocr_par' dir='ltr' id='par_1_9' title="bbox 485 834 2132 920">
     <span class='ocr_line' id='line_1_9' title="bbox 485 834 2132 920; baseline 0.004 -23"><span class='ocrx_word' id='word_1_40' title='bbox 485 852 615 897; x_wconf 89' lang='lat' dir='ltr'><strong>rem</strong></span> <span class='ocrx_word' id='word_1_41' title='bbox 643 834 893 896; x_wconf 61' lang='lat' dir='ltr'><strong>aediﬁcat</strong></span> <span class='ocrx_word' id='word_1_42' title='bbox 926 835 984 896; x_wconf 92' lang='lat' dir='ltr'><strong>in</strong></span> <span class='ocrx_word' id='word_1_43' title='bbox 1012 836 1339 900; x_wconf 90' lang='lat' dir='ltr'><strong>solitudine</strong></span> <span class='ocrx_word' id='word_1_44' title='bbox 1364 858 1497 917; x_wconf 75' lang='lat' dir='ltr'><strong>quae</strong></span> <span class='ocrx_word' id='word_1_45' title='bbox 1537 840 1729 920; x_wconf 81' lang='lat' dir='ltr'><strong>vergit</strong></span> <span class='ocrx_word' id='word_1_46' title='bbox 1751 841 1823 903; x_wconf 89' lang='lat' dir='ltr'><strong>ad</strong></span> <span class='ocrx_word' id='word_1_47' title='bbox 1850 841 2132 903; x_wconf 80' lang='lat' dir='ltr'><strong>exorien-</strong></span> 
     </span>
    </p>
   </div>
   <div class='ocr_carea' id='block_1_10' title="bbox 483 924 2133 1011">
    <p class='ocr_par' dir='ltr' id='par_1_10' title="bbox 483 924 2133 1011">
     <span class='ocr_line' id='line_1_10' title="bbox 483 924 2133 1011; baseline 0.005 -27"><span class='ocrx_word' id='word_1_48' title='bbox 483 936 605 987; x_wconf 85' lang='lat' dir='ltr'><strong>tem</strong></span> <span class='ocrx_word' id='word_1_49' title='bbox 628 924 1034 1005; x_wconf 86' lang='lat' dir='ltr'><strong>solem,super</strong></span> <span class='ocrx_word' id='word_1_50' title='bbox 1052 926 1408 991; x_wconf 89' lang='lat' dir='ltr'><strong>altissimum</strong></span> <span class='ocrx_word' id='word_1_51' title='bbox 1433 930 2133 1011; x_wconf 89' lang='lat' dir='ltr'><strong>promontorium,inter—</strong></span> 
     </span>
    </p>
   </div>
   <div class='ocr_carea' id='block_1_11' title="bbox 482 1013 2135 1100">
    <p class='ocr_par' dir='ltr' id='par_1_11' title="bbox 482 1013 2135 1100">
     <span class='ocr_line' id='line_1_11' title="bbox 482 1013 2135 1100; baseline 0.005 -26"><span class='ocrx_word' id='word_1_52' title='bbox 482 1013 635 1076; x_wconf 78' lang='lat' dir='ltr'><strong>vallo</strong></span> <span class='ocrx_word' id='word_1_53' title='bbox 667 1033 700 1075; x_wconf 90' lang='lat' dir='ltr'><strong>a</strong></span> <span class='ocrx_word' id='word_1_54' title='bbox 734 1014 899 1077; x_wconf 85' lang='lat' dir='ltr'><strong>iaura</strong></span> <span class='ocrx_word' id='word_1_55' title='bbox 931 1035 1050 1078; x_wconf 86' lang='lat' dir='ltr'><strong>non</strong></span> <span class='ocrx_word' id='word_1_56' title='bbox 1076 1017 1210 1097; x_wconf 90' lang='lat' dir='ltr'><strong>plus</strong></span> <span class='ocrx_word' id='word_1_57' title='bbox 1235 1038 1410 1100; x_wconf 89' lang='lat' dir='ltr'><strong>quam</strong></span> <span class='ocrx_word' id='word_1_58' title='bbox 1440 1020 1679 1099; x_wconf 81' lang='lat' dir='ltr'><strong>triginta</strong></span> <span class='ocrx_word' id='word_1_59' title='bbox 1700 1020 2135 1084; x_wconf 84' lang='lat' dir='ltr'><strong>stadiorum.Et</strong></span> 
     </span>
    </p>
   </div>
   <div class='ocr_carea' id='block_1_12' title="bbox 482 1103 2129 1193">
    <p class='ocr_par' dir='ltr' id='par_1_12' title="bbox 482 1103 2129 1193">
     <span class='ocr_line' id='line_1_12' title="bbox 482 1103 2129 1193; baseline 0.005 -28"><span class='ocrx_word' id='word_1_60' title='bbox 482 1103 586 1166; x_wconf 89' lang='lat' dir='ltr'><strong>illa</strong></span> <span class='ocrx_word' id='word_1_61' title='bbox 608 1104 847 1185; x_wconf 88' lang='lat' dir='ltr'><strong>quidem</strong></span> <span class='ocrx_word' id='word_1_62' title='bbox 877 1108 935 1167; x_wconf 89' lang='lat' dir='ltr'><strong>in</strong></span> <span class='ocrx_word' id='word_1_63' title='bbox 961 1125 1091 1169; x_wconf 91' lang='lat' dir='ltr'><strong>eam</strong></span> <span class='ocrx_word' id='word_1_64' title='bbox 1126 1108 1420 1179; x_wconf 83' lang='lat' dir='ltr'><strong>ascendit,</strong></span> <span class='ocrx_word' id='word_1_65' title='bbox 1456 1118 1516 1171; x_wconf 92' lang='lat' dir='ltr'><strong>ut</strong></span> <span class='ocrx_word' id='word_1_66' title='bbox 1550 1110 1715 1172; x_wconf 90' lang='lat' dir='ltr'><strong>nullo</strong></span> <span class='ocrx_word' id='word_1_67' title='bbox 1748 1109 2129 1193; x_wconf 86' lang='lat' dir='ltr'><strong>prohibente,</strong></span> 
     </span>
    </p>
   </div>
   <div class='ocr_carea' id='block_1_13' title="bbox 481 1194 2135 1282">
    <p class='ocr_par' dir='ltr' id='par_1_13' title="bbox 481 1194 2135 1282">
     <span class='ocr_line' id='line_1_13' title="bbox 481 1194 2135 1282; baseline 0.004 -26"><span class='ocrx_word' id='word_1_68' title='bbox 481 1194 845 1275; x_wconf 83' lang='lat' dir='ltr'><strong>frueretur(l</strong></span> <span class='ocrx_word' id='word_1_69' title='bbox 863 1195 1003 1273; x_wconf 91' lang='lat' dir='ltr'><strong>3)ad</strong></span> <span class='ocrx_word' id='word_1_70' title='bbox 1029 1198 1360 1260; x_wconf 84' lang='lat' dir='ltr'><strong>satietatem</strong></span> <span class='ocrx_word' id='word_1_71' title='bbox 1385 1198 1659 1262; x_wconf 90' lang='lat' dir='ltr'><strong>doctrina</strong></span> <span class='ocrx_word' id='word_1_72' title='bbox 1674 1200 1977 1282; x_wconf 77' lang='lat' dir='ltr'><strong>Euthymii</strong></span> <span class='ocrx_word' id='word_1_73' title='bbox 2010 1198 2135 1265; x_wconf 85' lang='lat' dir='ltr'><strong>Sla-</strong></span> 
     </span>
    </p>
   </div>
   <div class='ocr_carea' id='block_1_14' title="bbox 481 1289 2137 1363">
    <p class='ocr_par' dir='ltr' id='par_1_14' title="bbox 481 1289 2137 1363">
     <span class='ocr_line' id='line_1_14' title="bbox 481 1289 2137 1363; baseline 0.002 -16"><span class='ocrx_word' id='word_1_74' title='bbox 481 1289 585 1347; x_wconf 93' lang='lat' dir='ltr'><strong>tlm</strong></span> <span class='ocrx_word' id='word_1_75' title='bbox 609 1302 746 1345; x_wconf 89' lang='lat' dir='ltr'><strong>vero</strong></span> <span class='ocrx_word' id='word_1_76' title='bbox 771 1289 1023 1347; x_wconf 87' lang='lat' dir='ltr'><strong>mittitad</strong></span> <span class='ocrx_word' id='word_1_77' title='bbox 1045 1291 1475 1363; x_wconf 84' lang='lat' dir='ltr'><strong>inquisitionem</strong></span> <span class='ocrx_word' id='word_1_78' title='bbox 1493 1292 1931 1360; x_wconf 84' lang='lat' dir='ltr'><strong>illius,Cosmam</strong></span> <span class='ocrx_word' id='word_1_79' title='bbox 1948 1294 2137 1351; x_wconf 85' lang='lat' dir='ltr'><strong>crucis</strong></span> 
     </span>
    </p>
   </div>
   <div class='ocr_carea' id='block_1_15' title="bbox 487 1371 2134 1455">
    <p class='ocr_par' dir='ltr' id='par_1_15' title="bbox 487 1371 2134 1455">
     <span class='ocr_line' id='line_1_15' title="bbox 487 1371 2134 1455; baseline 0.002 -20"><span class='ocrx_word' id='word_1_80' title='bbox 487 1371 795 1435; x_wconf 88' lang='lat' dir='ltr'><strong>custodem</strong></span> <span class='ocrx_word' id='word_1_81' title='bbox 815 1382 873 1436; x_wconf 91' lang='lat' dir='ltr'><strong>et</strong></span> <span class='ocrx_word' id='word_1_82' title='bbox 888 1376 1171 1455; x_wconf 83' lang='lat' dir='ltr'><strong>superius</strong></span> <span class='ocrx_word' id='word_1_83' title='bbox 1186 1394 1219 1437; x_wconf 87' lang='lat' dir='ltr'><strong>a</strong></span> <span class='ocrx_word' id='word_1_84' title='bbox 1235 1394 1330 1438; x_wconf 89' lang='lat' dir='ltr'><strong>me</strong></span> <span class='ocrx_word' id='word_1_85' title='bbox 1347 1387 1740 1439; x_wconf 90' lang='lat' dir='ltr'><strong>memoratum</strong></span> <span class='ocrx_word' id='word_1_86' title='bbox 1757 1376 2134 1440; x_wconf 83' lang='lat' dir='ltr'><strong>Anastasium</strong></span> 
     </span>
    </p>
   </div>
   <div class='ocr_carea' id='block_1_16' title="bbox 482 1462 2135 1545">
    <p class='ocr_par' dir='ltr' id='par_1_16' title="bbox 482 1462 2135 1545">
     <span class='ocr_line' id='line_1_16' title="bbox 482 1462 2135 1545; baseline 0.003 -20"><span class='ocrx_word' id='word_1_87' title='bbox 482 1462 1007 1545; x_wconf 86' lang='lat' dir='ltr'><strong>chorepiscopum.</strong></span> <span class='ocrx_word' id='word_1_88' title='bbox 1044 1463 1137 1527; x_wconf 92' lang='lat' dir='ltr'><strong>Illi</strong></span> <span class='ocrx_word' id='word_1_89' title='bbox 1170 1474 1369 1528; x_wconf 91' lang='lat' dir='ltr'><strong>autem</strong></span> <span class='ocrx_word' id='word_1_90' title='bbox 1400 1467 1549 1530; x_wconf 90' lang='lat' dir='ltr'><strong>adeo</strong></span> <span class='ocrx_word' id='word_1_91' title='bbox 1583 1468 1822 1530; x_wconf 83' lang='lat' dir='ltr'><strong>ardenti</strong></span> <span class='ocrx_word' id='word_1_92' title='bbox 1858 1467 2135 1530; x_wconf 90' lang='lat' dir='ltr'><strong>mandato</strong></span> 
     </span>
    </p>
   </div>
   <div class='ocr_carea' id='block_1_17' title="bbox 485 1552 2134 1639">
    <p class='ocr_par' dir='ltr' id='par_1_17' title="bbox 485 1552 2134 1639">
     <span class='ocr_line' id='line_1_17' title="bbox 485 1552 2134 1639; baseline 0.001 -24"><span class='ocrx_word' id='word_1_93' title='bbox 485 1553 713 1633; x_wconf 66' lang='lat' dir='ltr'><strong>aequale</strong></span> <span class='ocrx_word' id='word_1_94' title='bbox 745 1552 1101 1636; x_wconf 85' lang='lat' dir='ltr'><strong>obsequium</strong></span> <span class='ocrx_word' id='word_1_95' title='bbox 1139 1557 1485 1628; x_wconf 75' lang='lat' dir='ltr'><strong>afferentes,</strong></span> <span class='ocrx_word' id='word_1_96' title='bbox 1521 1556 1580 1617; x_wconf 92' lang='lat' dir='ltr'><strong>in</strong></span> <span class='ocrx_word' id='word_1_97' title='bbox 1628 1557 1857 1619; x_wconf 86' lang='lat' dir='ltr'><strong>lauram</strong></span> <span class='ocrx_word' id='word_1_98' title='bbox 1892 1556 2134 1639; x_wconf 89' lang='lat' dir='ltr'><strong>quidem</strong></span> 
     </span>
    </p>
   </div>
   <div class='ocr_carea' id='block_1_18' title="bbox 484 1641 2138 1728">
    <p class='ocr_par' dir='ltr' id='par_1_18' title="bbox 484 1641 2138 1728">
     <span class='ocr_line' id='line_1_18' title="bbox 484 1641 2138 1728; baseline 0.002 -24"><span class='ocrx_word' id='word_1_99' title='bbox 484 1641 757 1721; x_wconf 82' lang='lat' dir='ltr'><strong>protinus</strong></span> <span class='ocrx_word' id='word_1_100' title='bbox 782 1647 1180 1723; x_wconf 75' lang='lat' dir='ltr'><strong>perveniunt:</strong></span> <span class='ocrx_word' id='word_1_101' title='bbox 1207 1654 1524 1727; x_wconf 85' lang='lat' dir='ltr'><strong>comperto</strong></span> <span class='ocrx_word' id='word_1_102' title='bbox 1550 1654 1747 1708; x_wconf 89' lang='lat' dir='ltr'><strong>autem</strong></span> <span class='ocrx_word' id='word_1_103' title='bbox 1775 1646 1932 1728; x_wconf 91' lang='lat' dir='ltr'><strong>quod</strong></span> <span class='ocrx_word' id='word_1_104' title='bbox 1956 1646 2100 1708; x_wconf 88' lang='lat' dir='ltr'><strong>abes</strong></span> <span class='ocrx_word' id='word_1_105' title='bbox 2118 1681 2138 1693; x_wconf 86' lang='lat'><strong>-</strong></span> 
     </span>
    </p>
   </div>
   <div class='ocr_carea' id='block_1_19' title="bbox 2214 572 3857 652">
    <p class='ocr_par' dir='ltr' id='par_1_19' title="bbox 2214 572 3857 652">
     <span class='ocr_line' id='line_1_19' title="bbox 2214 572 3857 652; baseline 0.004 -26"><span class='ocrx_word' id='word_1_106' title='bbox 2214 572 2372 628; x_wconf 83' lang='grc' dir='ltr'>ὑπτία</span> <span class='ocrx_word' id='word_1_107' title='bbox 2405 574 2523 652; x_wconf 82' lang='grc' dir='ltr'>περὶ</span> <span class='ocrx_word' id='word_1_108' title='bbox 2565 575 2667 639; x_wconf 74' lang='grc' dir='ltr'>τὴν</span> <span class='ocrx_word' id='word_1_109' title='bbox 2708 581 2802 632; x_wconf 90' lang='grc' dir='ltr'><strong>τοῦ</strong></span> <span class='ocrx_word' id='word_1_110' title='bbox 2830 574 2995 632; x_wconf 88' lang='grc' dir='ltr'>καλοῦ</span> <span class='ocrx_word' id='word_1_111' title='bbox 3025 573 3251 647; x_wconf 72' lang='grc' dir='ltr'>ζήτησιν</span> <span class='ocrx_word' id='word_1_112' title='bbox 3289 588 3303 604; x_wconf 84' lang='grc'><strong><em>⁸</em></strong></span> <span class='ocrx_word' id='word_1_113' title='bbox 3357 572 3481 629; x_wconf 80' lang='grc' dir='ltr'>ἀλλ’</span> <span class='ocrx_word' id='word_1_114' title='bbox 3514 575 3696 633; x_wconf 77' lang='grc' dir='ltr'>αὐτίκα</span> <span class='ocrx_word' id='word_1_115' title='bbox 3725 574 3857 649; x_wconf 80' lang='grc' dir='ltr'>μάλα</span> 
     </span>
    </p>
   </div>
   <div class='ocr_carea' id='block_1_20' title="bbox 2215 659 3861 745">
    <p class='ocr_par' dir='ltr' id='par_1_20' title="bbox 2215 659 3861 745">
     <span class='ocr_line' id='line_1_20' title="bbox 2215 659 3861 745; baseline 0.003 -29"><span class='ocrx_word' id='word_1_116' title='bbox 2215 659 2674 739; x_wconf 77' lang='grc' dir='ltr'>διερευνησαμένη</span> <span class='ocrx_word' id='word_1_117' title='bbox 2746 667 2863 743; x_wconf 87' lang='grc' dir='ltr'>περὶ</span> <span class='ocrx_word' id='word_1_118' title='bbox 2920 672 3014 722; x_wconf 82' lang='grc' dir='ltr'><strong>τοῦ</strong></span> <span class='ocrx_word' id='word_1_119' title='bbox 3072 663 3287 745; x_wconf 80' lang='grc' dir='ltr'>ἀνδρὸς,</span> <span class='ocrx_word' id='word_1_120' title='bbox 3352 667 3443 721; x_wconf 84' lang='grc' dir='ltr'><strong>καὶ</strong></span> <span class='ocrx_word' id='word_1_121' title='bbox 3502 668 3743 740; x_wconf 88' lang='grc' dir='ltr'>μαθοῦσα</span> <span class='ocrx_word' id='word_1_122' title='bbox 3796 668 3861 729; x_wconf 82' lang='grc' dir='ltr'>ὡς</span> 
     </span>
    </p>
   </div>
   <div class='ocr_carea' id='block_1_21' title="bbox 2217 750 3856 835">
    <p class='ocr_par' dir='ltr' id='par_1_21' title="bbox 2217 750 3856 835">
     <span class='ocr_line' id='line_1_21' title="bbox 2217 750 3856 835; baseline 0 -24"><span class='ocrx_word' id='word_1_123' title='bbox 2217 751 2581 830; x_wconf 81' lang='grc' dir='ltr'><strong>ἀπηγόρευται</strong></span> <span class='ocrx_word' id='word_1_124' title='bbox 2616 750 2682 821; x_wconf 76' lang='grc' dir='ltr'><strong>δὴ</strong></span> <span class='ocrx_word' id='word_1_125' title='bbox 2741 754 2906 829; x_wconf 68' lang='grc' dir='ltr'>αὐτῷ,</span> <span class='ocrx_word' id='word_1_126' title='bbox 2942 753 3096 811; x_wconf 85' lang='grc' dir='ltr'>πόλει</span> <span class='ocrx_word' id='word_1_127' title='bbox 3140 757 3243 812; x_wconf 80' lang='grc' dir='ltr'>τινὶ</span> <span class='ocrx_word' id='word_1_128' title='bbox 3289 752 3685 835; x_wconf 61' lang='grc' dir='ltr'>παραϐάλλειν,</span> <span class='ocrx_word' id='word_1_129' title='bbox 3731 756 3856 833; x_wconf 82' lang='grc' dir='ltr'>πόρ-</span> 
     </span>
    </p>
   </div>
   <div class='ocr_carea' id='block_1_22' title="bbox 2218 842 3855 925">
    <p class='ocr_par' dir='ltr' id='par_1_22' title="bbox 2218 842 3855 925">
     <span class='ocr_line' id='line_1_22' title="bbox 2218 842 3855 925; baseline 0.002 -27"><span class='ocrx_word' id='word_1_130' title='bbox 2218 866 2312 920; x_wconf 85' lang='grc' dir='ltr'><strong>γον</strong></span> <span class='ocrx_word' id='word_1_131' title='bbox 2345 842 2400 900; x_wconf 80' lang='grc' dir='ltr'>ἐν</span> <span class='ocrx_word' id='word_1_132' title='bbox 2430 849 2499 919; x_wconf 74' lang='grc' dir='ltr'>τῇ</span> <span class='ocrx_word' id='word_1_133' title='bbox 2547 844 2679 921; x_wconf 78' lang='grc' dir='ltr'>πρὸς</span> <span class='ocrx_word' id='word_1_134' title='bbox 2737 843 3031 925; x_wconf 71' lang='grc' dir='ltr'><strong>ἀνίσχοντα</strong></span> <span class='ocrx_word' id='word_1_135' title='bbox 3071 842 3222 912; x_wconf 67' lang='grc' dir='ltr'>ἣλιον</span> <span class='ocrx_word' id='word_1_136' title='bbox 3251 844 3447 923; x_wconf 73' lang='grc' dir='ltr'>ἐρήμῳ</span> <span class='ocrx_word' id='word_1_137' title='bbox 3480 844 3563 924; x_wconf 69' lang='grc' dir='ltr'><strong>ἐφ’</strong></span> <span class='ocrx_word' id='word_1_138' title='bbox 3596 844 3855 920; x_wconf 65' lang='grc' dir='ltr'>ὑψηλοτέ-</span> 
     </span>
    </p>
   </div>
   <div class='ocr_carea' id='block_1_23' title="bbox 2217 932 3853 1014">
    <p class='ocr_par' dir='ltr' id='par_1_23' title="bbox 2217 932 3853 1014">
     <span class='ocr_line' id='line_1_23' title="bbox 2217 932 3853 1014; baseline 0.001 -24"><span class='ocrx_word' id='word_1_139' title='bbox 2217 955 2317 1000; x_wconf 89' lang='grc' dir='ltr'><strong>της</strong></span> <span class='ocrx_word' id='word_1_140' title='bbox 2348 933 2639 1013; x_wconf 74' lang='grc' dir='ltr'>ἀκρωρείας</span> <span class='ocrx_word' id='word_1_141' title='bbox 2687 932 2988 1008; x_wconf 75' lang='grc' dir='ltr'>οἰκοδομεῖ,</span> <span class='ocrx_word' id='word_1_142' title='bbox 3021 938 3082 994; x_wconf 72' lang='grc' dir='ltr'>οὗ</span> <span class='ocrx_word' id='word_1_143' title='bbox 3111 932 3274 993; x_wconf 81' lang='grc' dir='ltr'>πλέον</span> <span class='ocrx_word' id='word_1_144' title='bbox 3326 934 3363 1003; x_wconf 79' lang='grc' dir='ltr'>ἢ</span> <span class='ocrx_word' id='word_1_145' title='bbox 3419 935 3705 1014; x_wconf 79' lang='grc' dir='ltr'>τριάκοντα</span> <span class='ocrx_word' id='word_1_146' title='bbox 3734 957 3853 991; x_wconf 85' lang='grc' dir='ltr'>στα-</span> 
     </span>
    </p>
   </div>
   <div class='ocr_carea' id='block_1_24' title="bbox 2217 1020 3853 1105">
    <p class='ocr_par' dir='ltr' id='par_1_24' title="bbox 2217 1020 3853 1105">
     <span class='ocr_line' id='line_1_24' title="bbox 2217 1020 3853 1105; baseline 0.002 -27"><span class='ocrx_word' id='word_1_147' title='bbox 2217 1020 2354 1089; x_wconf 82' lang='grc' dir='ltr'>δίους</span> <span class='ocrx_word' id='word_1_148' title='bbox 2410 1028 2507 1089; x_wconf 72' lang='grc' dir='ltr'><strong>τῆς</strong></span> <span class='ocrx_word' id='word_1_149' title='bbox 2550 1022 2745 1103; x_wconf 70' lang='grc' dir='ltr'>λαύρας</span> <span class='ocrx_word' id='word_1_150' title='bbox 2788 1022 3093 1105; x_wconf 83' lang='grc' dir='ltr'>ἀπέχοντα,</span> <span class='ocrx_word' id='word_1_151' title='bbox 3158 1026 3254 1083; x_wconf 80' lang='grc' dir='ltr'><strong>Καὶ</strong></span> <span class='ocrx_word' id='word_1_152' title='bbox 3306 1026 3342 1093; x_wconf 77' lang='grc' dir='ltr'><strong>ἡ</strong></span> <span class='ocrx_word' id='word_1_153' title='bbox 3398 1025 3502 1099; x_wconf 77' lang='grc' dir='ltr'>μὲν</span> <span class='ocrx_word' id='word_1_154' title='bbox 3531 1023 3726 1081; x_wconf 69' lang='grc' dir='ltr'>ἔνεισιν</span> <span class='ocrx_word' id='word_1_155' title='bbox 3777 1024 3853 1081; x_wconf 69' lang='grc' dir='ltr'><strong>ἐπ’</strong></span> 
     </span>
    </p>
   </div>
   <div class='ocr_carea' id='block_1_25' title="bbox 2218 1112 3855 1193">
    <p class='ocr_par' dir='ltr' id='par_1_25' title="bbox 2218 1112 3855 1193">
     <span class='ocr_line' id='line_1_25' title="bbox 2218 1112 3855 1193; baseline -0.001 -24"><span class='ocrx_word' id='word_1_156' title='bbox 2218 1115 2397 1187; x_wconf 70' lang='grc' dir='ltr'>αὒτὸν,</span> <span class='ocrx_word' id='word_1_157' title='bbox 2432 1114 2570 1171; x_wconf 81' lang='grc' dir='ltr'>ὥστε</span> <span class='ocrx_word' id='word_1_158' title='bbox 2630 1112 2860 1188; x_wconf 81' lang='grc' dir='ltr'>μηδενὸς</span> <span class='ocrx_word' id='word_1_159' title='bbox 2918 1114 3196 1192; x_wconf 73' lang='grc' dir='ltr'>εἴργοντος</span> <span class='ocrx_word' id='word_1_160' title='bbox 3230 1113 3532 1171; x_wconf 73' lang='grc' dir='ltr'><strong>ἀπολαύειν</strong></span> <span class='ocrx_word' id='word_1_161' title='bbox 3592 1116 3665 1177; x_wconf 81' lang='grc' dir='ltr'><strong>είς</strong></span> <span class='ocrx_word' id='word_1_162' title='bbox 3713 1116 3855 1193; x_wconf 89' lang='grc' dir='ltr'>κόρον</span> 
     </span>
    </p>
   </div>
   <div class='ocr_carea' id='block_1_26' title="bbox 2219 1201 3855 1281">
    <p class='ocr_par' dir='ltr' id='par_1_26' title="bbox 2219 1201 3855 1281">
     <span class='ocr_line' id='line_1_26' title="bbox 2219 1201 3855 1281; baseline 0 -23"><span class='ocrx_word' id='word_1_163' title='bbox 2219 1202 2314 1271; x_wconf 73' lang='grc' dir='ltr'><strong>τῆς</strong></span> <span class='ocrx_word' id='word_1_164' title='bbox 2384 1203 2639 1275; x_wconf 72' lang='grc' dir='ltr'>Εὗθυμίου</span> <span class='ocrx_word' id='word_1_165' title='bbox 2698 1201 3061 1266; x_wconf 82' lang='grc' dir='ltr'>διδασκαλίας.</span> <span class='ocrx_word' id='word_1_166' title='bbox 3125 1204 3338 1281; x_wconf 80' lang='grc' dir='ltr'><strong>Πέμπει</strong></span> <span class='ocrx_word' id='word_1_167' title='bbox 3393 1202 3449 1260; x_wconf 70' lang='grc' dir='ltr'><strong>δὲ</strong></span> <span class='ocrx_word' id='word_1_168' title='bbox 3480 1204 3617 1260; x_wconf 87' lang='grc' dir='ltr'>κατᾶ</span> <span class='ocrx_word' id='word_1_169' title='bbox 3649 1205 3855 1275; x_wconf 74' lang='grc' dir='ltr'>ζήτησιν</span> 
     </span>
    </p>
   </div>
   <div class='ocr_carea' id='block_1_27' title="bbox 2219 1291 3856 1373">
    <p class='ocr_par' dir='ltr' id='par_1_27' title="bbox 2219 1291 3856 1373">
     <span class='ocr_line' id='line_1_27' title="bbox 2219 1291 3856 1373; baseline 0 -26"><span class='ocrx_word' id='word_1_170' title='bbox 2219 1292 2411 1357; x_wconf 73' lang='grc' dir='ltr'>εὒθέως</span> <span class='ocrx_word' id='word_1_171' title='bbox 2442 1293 2624 1367; x_wconf 73' lang='grc' dir='ltr'>αὒτοῦ,</span> <span class='ocrx_word' id='word_1_172' title='bbox 2664 1299 2882 1369; x_wconf 82' lang='grc' dir='ltr'>Κοσμᾶν</span> <span class='ocrx_word' id='word_1_173' title='bbox 2914 1315 2969 1349; x_wconf 90' lang='grc' dir='ltr'><strong>τε</strong></span> <span class='ocrx_word' id='word_1_174' title='bbox 3000 1295 3092 1351; x_wconf 74' lang='grc' dir='ltr'><strong>τὸν</strong></span> <span class='ocrx_word' id='word_1_175' title='bbox 3140 1291 3587 1373; x_wconf 71' lang='grc' dir='ltr'>σταυροφῦλακα,</span> <span class='ocrx_word' id='word_1_176' title='bbox 3650 1295 3733 1349; x_wconf 79' lang='grc' dir='ltr'><strong>καὶ</strong></span> <span class='ocrx_word' id='word_1_177' title='bbox 3776 1293 3856 1348; x_wconf 83' lang='grc' dir='ltr'><strong>τὸν</strong></span> 
     </span>
    </p>
   </div>
   <div class='ocr_carea' id='block_1_28' title="bbox 2220 1380 3851 1464">
    <p class='ocr_par' dir='ltr' id='par_1_28' title="bbox 2220 1380 3851 1464">
     <span class='ocr_line' id='line_1_28' title="bbox 2220 1380 3851 1464; baseline 0 -27"><span class='ocrx_word' id='word_1_178' title='bbox 2220 1380 2467 1458; x_wconf 82' lang='grc' dir='ltr'>ἀνωτέρῳ</span> <span class='ocrx_word' id='word_1_179' title='bbox 2524 1406 2615 1458; x_wconf 86' lang='grc' dir='ltr'><strong>μοι</strong></span> <span class='ocrx_word' id='word_1_180' title='bbox 2672 1383 2954 1459; x_wconf 79' lang='grc' dir='ltr'>εἰρημένον</span> <span class='ocrx_word' id='word_1_181' title='bbox 3013 1384 3440 1464; x_wconf 70' lang='grc' dir='ltr'>χωρεπίσιοπον</span> <span class='ocrx_word' id='word_1_182' title='bbox 3501 1380 3851 1443; x_wconf 74' lang='grc' dir='ltr'>Ἀναστάσιον.</span> 
     </span>
    </p>
   </div>
   <div class='ocr_carea' id='block_1_29' title="bbox 2221 1470 3855 1551">
    <p class='ocr_par' dir='ltr' id='par_1_29' title="bbox 2221 1470 3855 1551">
     <span class='ocr_line' id='line_1_29' title="bbox 2221 1470 3855 1551; baseline -0.001 -22"><span class='ocrx_word' id='word_1_183' title='bbox 2221 1473 2281 1529; x_wconf 81' lang='lat' dir='ltr'><strong>0i</strong></span> <span class='ocrx_word' id='word_1_184' title='bbox 2339 1470 2393 1527; x_wconf 82' lang='grc' dir='ltr'>δὲ</span> <span class='ocrx_word' id='word_1_185' title='bbox 2447 1479 2514 1549; x_wconf 77' lang='grc' dir='ltr'>τῇ</span> <span class='ocrx_word' id='word_1_186' title='bbox 2557 1472 2734 1550; x_wconf 76' lang='grc' dir='ltr'>πολλῇ</span> <span class='ocrx_word' id='word_1_187' title='bbox 2776 1472 3067 1549; x_wconf 80' lang='grc' dir='ltr'><strong>θερμότητι</strong></span> <span class='ocrx_word' id='word_1_188' title='bbox 3123 1478 3221 1540; x_wconf 78' lang='grc' dir='ltr'>τῆς</span> <span class='ocrx_word' id='word_1_189' title='bbox 3269 1472 3572 1551; x_wconf 76' lang='grc' dir='ltr'>ὶπιταγῆς,</span> <span class='ocrx_word' id='word_1_190' title='bbox 3602 1472 3730 1538; x_wconf 74' lang='grc' dir='ltr'>’ἴσην</span> <span class='ocrx_word' id='word_1_191' title='bbox 3768 1471 3855 1551; x_wconf 78' lang='grc' dir='ltr'>ἄρα</span> 
     </span>
    </p>
   </div>
   <div class='ocr_carea' id='block_1_30' title="bbox 2220 1558 3857 1642">
    <p class='ocr_par' dir='ltr' id='par_1_30' title="bbox 2220 1558 3857 1642">
     <span class='ocr_line' id='line_1_30' title="bbox 2220 1558 3857 1642; baseline 0 -25"><span class='ocrx_word' id='word_1_192' title='bbox 2220 1562 2307 1617; x_wconf 86' lang='grc' dir='ltr'><strong>καὶ</strong></span> <span class='ocrx_word' id='word_1_193' title='bbox 2396 1566 2491 1629; x_wconf 68' lang='grc' dir='ltr'>τὴν</span> <span class='ocrx_word' id='word_1_194' title='bbox 2552 1564 2837 1641; x_wconf 71' lang='grc' dir='ltr'>δπουργίαν</span> <span class='ocrx_word' id='word_1_195' title='bbox 2904 1564 3325 1642; x_wconf 81' lang='grc' dir='ltr'>εἷσενεγκόντες,</span> <span class='ocrx_word' id='word_1_196' title='bbox 3406 1558 3857 1632; x_wconf 75' lang='grc' dir='ltr'>καταλαμϐάνουσι</span> 
     </span>
    </p>
   </div>
   <div class='ocr_carea' id='block_1_31' title="bbox 2221 1649 3859 1726">
    <p class='ocr_par' dir='ltr' id='par_1_31' title="bbox 2221 1649 3859 1726">
     <span class='ocr_line' id='line_1_31' title="bbox 2221 1649 3859 1726; baseline -0.001 -21"><span class='ocrx_word' id='word_1_197' title='bbox 2221 1649 2321 1724; x_wconf 75' lang='grc' dir='ltr'>μὲν</span> <span class='ocrx_word' id='word_1_198' title='bbox 2380 1649 2569 1715; x_wconf 63' lang='grc' dir='ltr'>εὐθέως</span> <span class='ocrx_word' id='word_1_199' title='bbox 2613 1651 2711 1717; x_wconf 72' lang='grc' dir='ltr'>τὴν</span> <span class='ocrx_word' id='word_1_200' title='bbox 2755 1649 2951 1718; x_wconf 81' lang='grc' dir='ltr'>λαύραν</span> <span class='ocrx_word' id='word_1_201' title='bbox 2988 1669 3002 1685; x_wconf 74' lang='grc' dir='ltr'><strong>ο</strong></span> <span class='ocrx_word' id='word_1_202' title='bbox 3051 1650 3313 1726; x_wconf 76' lang='grc' dir='ltr'>μαθόντες</span> <span class='ocrx_word' id='word_1_203' title='bbox 3362 1650 3417 1706; x_wconf 71' lang='grc' dir='ltr'><strong>δὲ</strong></span> <span class='ocrx_word' id='word_1_204' title='bbox 3466 1652 3542 1711; x_wconf 81' lang='grc' dir='ltr'>ὡς</span> <span class='ocrx_word' id='word_1_205' title='bbox 3604 1649 3664 1705; x_wconf 75' lang='grc' dir='ltr'>οὒ</span> <span class='ocrx_word' id='word_1_206' title='bbox 3692 1650 3859 1725; x_wconf 84' lang='grc' dir='ltr'>παρὼν</span> 
     </span>
    </p>
   </div>
   <div class='ocr_carea' id='block_1_32' title="bbox 485 1728 2131 1819">
    <p class='ocr_par' dir='ltr' id='par_1_32' title="bbox 485 1732 2131 1815">
     <span class='ocr_line' id='line_1_32' title="bbox 485 1732 2131 1815; baseline 0.004 -22"><span class='ocrx_word' id='word_1_207' title='bbox 485 1732 710 1807; x_wconf 87' lang='lat' dir='ltr'><strong>set,sed</strong></span> <span class='ocrx_word' id='word_1_208' title='bbox 740 1734 864 1814; x_wconf 90' lang='lat' dir='ltr'><strong>jam</strong></span> <span class='ocrx_word' id='word_1_209' title='bbox 899 1734 1000 1796; x_wconf 91' lang='lat' dir='ltr'><strong>diu</strong></span> <span class='ocrx_word' id='word_1_210' title='bbox 1028 1744 1166 1797; x_wconf 86' lang='lat' dir='ltr'><strong>ante</strong></span> <span class='ocrx_word' id='word_1_211' title='bbox 1201 1737 1541 1798; x_wconf 85' lang='lat' dir='ltr'><strong>transiisset</strong></span> <span class='ocrx_word' id='word_1_212' title='bbox 1571 1736 1643 1798; x_wconf 88' lang='lat' dir='ltr'><strong>ad</strong></span> <span class='ocrx_word' id='word_1_213' title='bbox 1670 1736 1908 1813; x_wconf 81' lang='lat' dir='ltr'><strong>Ruban,</strong></span> <span class='ocrx_word' id='word_1_214' title='bbox 1940 1756 2131 1815; x_wconf 86' lang='lat' dir='ltr'><strong>neque</strong></span> 
     </span>
    </p>
   </div>
   <div class='ocr_carea' id='block_1_33' title="bbox 2220 1728 3856 1819">
    <p class='ocr_par' dir='ltr' id='par_1_33' title="bbox 2223 1728 3856 1819">
     <span class='ocr_line' id='line_1_33' title="bbox 2223 1728 3856 1819; baseline -0.001 -25"><span class='ocrx_word' id='word_1_215' title='bbox 2223 1737 2339 1818; x_wconf 68' lang='grc' dir='ltr'>εἴη,</span> <span class='ocrx_word' id='word_1_216' title='bbox 2388 1738 2507 1795; x_wconf 77' lang='grc' dir='ltr'>ἀλλ’</span> <span class='ocrx_word' id='word_1_217' title='bbox 2552 1739 2614 1796; x_wconf 74' lang='grc' dir='ltr'>ἐκ</span> <span class='ocrx_word' id='word_1_218' title='bbox 2642 1738 2847 1797; x_wconf 91' lang='grc' dir='ltr'>πολλοῦ</span> <span class='ocrx_word' id='word_1_219' title='bbox 2875 1738 2978 1808; x_wconf 72' lang='grc' dir='ltr'>ἤδη</span> <span class='ocrx_word' id='word_1_220' title='bbox 3010 1738 3279 1816; x_wconf 80' lang='grc' dir='ltr'>μεταϐαίη</span> <span class='ocrx_word' id='word_1_221' title='bbox 3329 1741 3463 1819; x_wconf 79' lang='grc' dir='ltr'>πρὸς</span> <span class='ocrx_word' id='word_1_222' title='bbox 3509 1740 3601 1794; x_wconf 85' lang='grc' dir='ltr'>τὸν</span> <span class='ocrx_word' id='word_1_223' title='bbox 3635 1728 3856 1810; x_wconf 77' lang='grc' dir='ltr'>Ῥουϐἇν,</span> 
     </span>
    </p>
   </div>
   <div class='ocr_carea' id='block_1_34' title="bbox 482 1821 2133 1904">
    <p class='ocr_par' dir='ltr' id='par_1_34' title="bbox 482 1821 2133 1904">
     <span class='ocr_line' id='line_1_34' title="bbox 482 1821 2133 1904; baseline 0.004 -21"><span class='ocrx_word' id='word_1_224' title='bbox 482 1821 573 1883; x_wconf 90' lang='lat' dir='ltr'><strong>sic</strong></span> <span class='ocrx_word' id='word_1_225' title='bbox 605 1839 640 1884; x_wconf 87' lang='lat' dir='ltr'><strong>a</strong></span> <span class='ocrx_word' id='word_1_226' title='bbox 672 1831 867 1904; x_wconf 72' lang='lat' dir='ltr'><strong>empto</strong></span> <span class='ocrx_word' id='word_1_227' title='bbox 899 1823 1285 1901; x_wconf 88' lang='lat' dir='ltr'><strong>destiterunt;</strong></span> <span class='ocrx_word' id='word_1_228' title='bbox 1318 1832 1376 1887; x_wconf 93' lang='lat' dir='ltr'><strong>at</strong></span> <span class='ocrx_word' id='word_1_229' title='bbox 1417 1844 1621 1887; x_wconf 89' lang='lat' dir='ltr'><strong>secum</strong></span> <span class='ocrx_word' id='word_1_230' title='bbox 1657 1834 1964 1888; x_wconf 90' lang='lat' dir='ltr'><strong>sumentes</strong></span> <span class='ocrx_word' id='word_1_231' title='bbox 1996 1826 2133 1889; x_wconf 60' lang='lat' dir='ltr'><strong>beao</strong></span> 
     </span>
    </p>
   </div>
   <div class='ocr_carea' id='block_1_35' title="bbox 484 1910 2135 1990">
    <p class='ocr_par' dir='ltr' id='par_1_35' title="bbox 484 1910 2135 1990">
     <span class='ocr_line' id='line_1_35' title="bbox 484 1910 2135 1990; baseline 0.002 -17"><span class='ocrx_word' id='word_1_232' title='bbox 484 1918 609 1973; x_wconf 91' lang='lat' dir='ltr'><strong>tum</strong></span> <span class='ocrx_word' id='word_1_233' title='bbox 642 1910 1082 1990; x_wconf 84' lang='lat' dir='ltr'><strong>Theoctistum,</strong></span> <span class='ocrx_word' id='word_1_234' title='bbox 1119 1914 1193 1978; x_wconf 89' lang='lat' dir='ltr'><strong>ad</strong></span> <span class='ocrx_word' id='word_1_235' title='bbox 1226 1914 1394 1977; x_wconf 89' lang='lat' dir='ltr'><strong>illum</strong></span> <span class='ocrx_word' id='word_1_236' title='bbox 1429 1915 1673 1988; x_wconf 88' lang='lat' dir='ltr'><strong>abeunt,</strong></span> <span class='ocrx_word' id='word_1_237' title='bbox 1700 1919 2135 1978; x_wconf 81' lang='lat' dir='ltr'><strong>communiter-</strong></span> 
     </span>
    </p>
   </div>
   <div class='ocr_carea' id='block_1_36' title="bbox 485 2003 2139 2087">
    <p class='ocr_par' dir='ltr' id='par_1_36' title="bbox 485 2003 2139 2087">
     <span class='ocr_line' id='line_1_36' title="bbox 485 2003 2139 2087; baseline 0.004 -24"><span class='ocrx_word' id='word_1_238' title='bbox 485 2020 603 2083; x_wconf 90' lang='lat' dir='ltr'><strong>que</strong></span> <span class='ocrx_word' id='word_1_239' title='bbox 628 2011 799 2064; x_wconf 90' lang='lat' dir='ltr'><strong>orant</strong></span> <span class='ocrx_word' id='word_1_240' title='bbox 825 2003 1108 2086; x_wconf 87' lang='lat' dir='ltr'><strong>precibus</strong></span> <span class='ocrx_word' id='word_1_241' title='bbox 1131 2004 1388 2069; x_wconf 87' lang='lat' dir='ltr'><strong>intensis</strong></span> <span class='ocrx_word' id='word_1_242' title='bbox 1421 2015 1483 2068; x_wconf 88' lang='lat' dir='ltr'><strong>et</strong></span> <span class='ocrx_word' id='word_1_243' title='bbox 1510 2004 2139 2087; x_wconf 87' lang='lat' dir='ltr'><strong>vehementibus,sup-</strong></span> 
     </span>
    </p>
   </div>
   <div class='ocr_carea' id='block_1_37' title="bbox 479 2090 2133 2177">
    <p class='ocr_par' dir='ltr' id='par_1_37' title="bbox 479 2090 2133 2177">
     <span class='ocr_line' id='line_1_37' title="bbox 479 2090 2133 2177; baseline 0.004 -25"><span class='ocrx_word' id='word_1_244' title='bbox 479 2090 716 2173; x_wconf 73' lang='lat' dir='ltr'><strong>pliciter</strong></span> <span class='ocrx_word' id='word_1_245' title='bbox 749 2092 1159 2171; x_wconf 82' lang='lat' dir='ltr'><strong>obtestantur,</strong></span> <span class='ocrx_word' id='word_1_246' title='bbox 1193 2103 1251 2157; x_wconf 93' lang='lat' dir='ltr'><strong>et</strong></span> <span class='ocrx_word' id='word_1_247' title='bbox 1287 2094 1527 2158; x_wconf 90' lang='lat' dir='ltr'><strong>tandem</strong></span> <span class='ocrx_word' id='word_1_248' title='bbox 1563 2096 2035 2177; x_wconf 86' lang='lat' dir='ltr'><strong>persuadent,ut</strong></span> <span class='ocrx_word' id='word_1_249' title='bbox 2062 2096 2133 2158; x_wconf 88' lang='lat' dir='ltr'><strong>ad</strong></span> 
     </span>
    </p>
   </div>
   <div class='ocr_carea' id='block_1_38' title="bbox 486 2179 2139 2265">
    <p class='ocr_par' dir='ltr' id='par_1_38' title="bbox 486 2179 2139 2265">
     <span class='ocr_line' id='line_1_38' title="bbox 486 2179 2139 2265; baseline 0.004 -24"><span class='ocrx_word' id='word_1_250' title='bbox 486 2179 700 2243; x_wconf 89' lang='lat' dir='ltr'><strong>turrim</strong></span> <span class='ocrx_word' id='word_1_251' title='bbox 734 2181 974 2265; x_wconf 85' lang='lat' dir='ltr'><strong>veniat;</strong></span> <span class='ocrx_word' id='word_1_252' title='bbox 1031 2185 1129 2247; x_wconf 90' lang='lat' dir='ltr'><strong>ubi</strong></span> <span class='ocrx_word' id='word_1_253' title='bbox 1185 2203 1344 2247; x_wconf 90' lang='lat' dir='ltr'><strong>nunc</strong></span> <span class='ocrx_word' id='word_1_254' title='bbox 1376 2184 1682 2247; x_wconf 92' lang='lat' dir='ltr'><strong>conditum</strong></span> <span class='ocrx_word' id='word_1_255' title='bbox 1717 2192 1807 2248; x_wconf 88' lang='lat' dir='ltr'><strong>est</strong></span> <span class='ocrx_word' id='word_1_256' title='bbox 1835 2184 2139 2249; x_wconf 88' lang='lat' dir='ltr'><strong>Scholarii</strong></span> 
     </span>
    </p>
   </div>
   <div class='ocr_carea' id='block_1_39' title="bbox 484 2271 1111 2352">
    <p class='ocr_par' dir='ltr' id='par_1_39' title="bbox 484 2271 1111 2352">
     <span class='ocr_line' id='line_1_39' title="bbox 484 2271 1111 2352; baseline 0.01 -20"><span class='ocrx_word' id='word_1_257' title='bbox 484 2271 541 2351; x_wconf 85' lang='lat' dir='ltr'><strong>(i</strong></span> <span class='ocrx_word' id='word_1_258' title='bbox 558 2271 617 2352; x_wconf 86' lang='grc'>4)</span> <span class='ocrx_word' id='word_1_259' title='bbox 657 2272 1111 2338; x_wconf 85' lang='lat' dir='ltr'><strong>monasterium.</strong></span> 
     </span>
    </p>
   </div>
   <div class='ocr_carea' id='block_1_40' title="bbox 566 2359 2131 2448">
    <p class='ocr_par' dir='ltr' id='par_1_40' title="bbox 566 2359 2131 2448">
     <span class='ocr_line' id='line_1_40' title="bbox 566 2359 2131 2448; baseline 0.006 -27"><span class='ocrx_word' id='word_1_260' title='bbox 566 2359 1037 2427; x_wconf 85' lang='lat' dir='ltr'><strong>LXXXV.Porro</strong></span> <span class='ocrx_word' id='word_1_261' title='bbox 1060 2364 1271 2426; x_wconf 88' lang='lat' dir='ltr'><strong>videns</strong></span> <span class='ocrx_word' id='word_1_262' title='bbox 1295 2383 1431 2428; x_wconf 91' lang='lat' dir='ltr'><strong>eum</strong></span> <span class='ocrx_word' id='word_1_263' title='bbox 1466 2365 1813 2448; x_wconf 79' lang='lat' dir='ltr'><strong>imperatrix</strong></span> <span class='ocrx_word' id='word_1_264' title='bbox 1846 2368 2131 2445; x_wconf 87' lang='lat' dir='ltr'><strong>Eudocia,</strong></span> 
     </span>
    </p>
   </div>
   <div class='ocr_carea' id='block_1_41' title="bbox 483 2451 2128 2540">
    <p class='ocr_par' dir='ltr' id='par_1_41' title="bbox 483 2451 2128 2540">
     <span class='ocr_line' id='line_1_41' title="bbox 483 2451 2128 2540; baseline 0.005 -26"><span class='ocrx_word' id='word_1_265' title='bbox 483 2467 607 2514; x_wconf 88' lang='lat' dir='ltr'><strong>non</strong></span> <span class='ocrx_word' id='word_1_266' title='bbox 636 2451 852 2540; x_wconf 85' lang='lat' dir='ltr'><strong>leviter</strong></span> <span class='ocrx_word' id='word_1_267' title='bbox 880 2454 1248 2533; x_wconf 85' lang='lat' dir='ltr'><strong>aspexit,sed</strong></span> <span class='ocrx_word' id='word_1_268' title='bbox 1277 2462 1338 2517; x_wconf 92' lang='lat' dir='ltr'><strong>ut</strong></span> <span class='ocrx_word' id='word_1_269' title='bbox 1361 2463 1564 2518; x_wconf 68' lang='lat' dir='ltr'><strong>aestate</strong></span> <span class='ocrx_word' id='word_1_270' title='bbox 1586 2456 1687 2536; x_wconf 88' lang='lat' dir='ltr'><strong>qui</strong></span> <span class='ocrx_word' id='word_1_271' title='bbox 1712 2456 1837 2519; x_wconf 86' lang='lat' dir='ltr'><strong>sitit</strong></span> <span class='ocrx_word' id='word_1_272' title='bbox 1860 2476 2071 2540; x_wconf 87' lang='lat' dir='ltr'><strong>aquam</strong></span> <span class='ocrx_word' id='word_1_273' title='bbox 2114 2476 2128 2522; x_wconf 91' lang='lat'><strong>:</strong></span> 
     </span>
    </p>
   </div>
   <div class='ocr_carea' id='block_1_42' title="bbox 485 2539 2128 2627">
    <p class='ocr_par' dir='ltr' id='par_1_42' title="bbox 485 2539 2128 2627">
     <span class='ocr_line' id='line_1_42' title="bbox 485 2539 2128 2627; baseline 0.004 -25"><span class='ocrx_word' id='word_1_274' title='bbox 485 2549 547 2603; x_wconf 93' lang='lat' dir='ltr'><strong>et</strong></span> <span class='ocrx_word' id='word_1_275' title='bbox 574 2539 649 2603; x_wconf 86' lang='lat' dir='ltr'><strong>ad</strong></span> <span class='ocrx_word' id='word_1_276' title='bbox 676 2541 859 2623; x_wconf 89' lang='lat' dir='ltr'><strong>pedes</strong></span> <span class='ocrx_word' id='word_1_277' title='bbox 889 2542 1052 2605; x_wconf 92' lang='lat' dir='ltr'><strong>illius</strong></span> <span class='ocrx_word' id='word_1_278' title='bbox 1083 2562 1217 2605; x_wconf 88' lang='lat' dir='ltr'><strong>cum</strong></span> <span class='ocrx_word' id='word_1_279' title='bbox 1254 2562 1491 2607; x_wconf 91' lang='lat' dir='ltr'><strong>summo</strong></span> <span class='ocrx_word' id='word_1_280' title='bbox 1523 2545 1740 2624; x_wconf 88' lang='lat' dir='ltr'><strong>gaudio</strong></span> <span class='ocrx_word' id='word_1_281' title='bbox 1783 2539 2128 2627; x_wconf 87' lang='lat' dir='ltr'><strong>procidens,</strong></span> 
     </span>
    </p>
   </div>
   <div class='ocr_carea' id='block_1_43' title="bbox 480 2629 2130 2715">
    <p class='ocr_par' dir='ltr' id='par_1_43' title="bbox 480 2629 2130 2715">
     <span class='ocr_line' id='line_1_43' title="bbox 480 2629 2130 2715; baseline 0.003 -22"><span class='ocrx_word' id='word_1_282' title='bbox 480 2629 653 2695; x_wconf 89' lang='lat' dir='ltr'><strong>Nunc</strong></span> <span class='ocrx_word' id='word_1_283' title='bbox 682 2632 956 2711; x_wconf 81' lang='lat' dir='ltr'><strong>cognovi,</strong></span> <span class='ocrx_word' id='word_1_284' title='bbox 993 2633 1211 2715; x_wconf 82' lang='lat' dir='ltr'><strong>inquit,</strong></span> <span class='ocrx_word' id='word_1_285' title='bbox 1245 2634 1400 2715; x_wconf 91' lang='lat' dir='ltr'><strong>quod</strong></span> <span class='ocrx_word' id='word_1_286' title='bbox 1435 2633 1726 2696; x_wconf 88' lang='lat' dir='ltr'><strong>Dominus</strong></span> <span class='ocrx_word' id='word_1_287' title='bbox 1779 2653 1875 2697; x_wconf 90' lang='lat' dir='ltr'><strong>me</strong></span> <span class='ocrx_word' id='word_1_288' title='bbox 1916 2635 2130 2698; x_wconf 88' lang='lat' dir='ltr'><strong>visita-</strong></span> 
     </span>
    </p>
   </div>
   <div class='ocr_carea' id='block_1_44' title="bbox 484 2721 2130 2801">
    <p class='ocr_par' dir='ltr' id='par_1_44' title="bbox 484 2721 2130 2801">
     <span class='ocr_line' id='line_1_44' title="bbox 484 2721 2130 2801; baseline 0.002 -17"><span class='ocrx_word' id='word_1_289' title='bbox 484 2722 647 2785; x_wconf 90' lang='lat' dir='ltr'><strong>tione</strong></span> <span class='ocrx_word' id='word_1_290' title='bbox 680 2721 1014 2786; x_wconf 89' lang='lat' dir='ltr'><strong>donaverit.</strong></span> <span class='ocrx_word' id='word_1_291' title='bbox 1054 2723 1163 2785; x_wconf 87' lang='lat' dir='ltr'><strong>Ille</strong></span> <span class='ocrx_word' id='word_1_292' title='bbox 1220 2743 1386 2801; x_wconf 88' lang='lat' dir='ltr'><strong>vero,</strong></span> <span class='ocrx_word' id='word_1_293' title='bbox 1417 2725 1590 2788; x_wconf 91' lang='lat' dir='ltr'><strong>solita</strong></span> <span class='ocrx_word' id='word_1_294' title='bbox 1621 2723 2047 2789; x_wconf 89' lang='lat' dir='ltr'><strong>benedictione</strong></span> <span class='ocrx_word' id='word_1_295' title='bbox 2078 2727 2130 2789; x_wconf 91' lang='lat' dir='ltr'><strong>ei</strong></span> 
     </span>
    </p>
   </div>
   <div class='ocr_carea' id='block_1_45' title="bbox 479 2810 2131 2895">
    <p class='ocr_par' dir='ltr' id='par_1_45' title="bbox 479 2810 2131 2895">
     <span class='ocr_line' id='line_1_45' title="bbox 479 2810 2131 2895; baseline 0.002 -20"><span class='ocrx_word' id='word_1_296' title='bbox 479 2810 834 2893; x_wconf 88' lang='lat' dir='ltr'><strong>impertita:</strong></span> <span class='ocrx_word' id='word_1_297' title='bbox 894 2811 1011 2873; x_wconf 90' lang='lat' dir='ltr'><strong>Sed</strong></span> <span class='ocrx_word' id='word_1_298' title='bbox 1066 2820 1325 2893; x_wconf 88' lang='lat' dir='ltr'><strong>oportet,</strong></span> <span class='ocrx_word' id='word_1_299' title='bbox 1383 2814 1598 2895; x_wconf 85' lang='lat' dir='ltr'><strong>inquit,</strong></span> <span class='ocrx_word' id='word_1_300' title='bbox 1657 2822 1737 2891; x_wconf 79' lang='lat' dir='ltr'><strong>te,</strong></span> <span class='ocrx_word' id='word_1_301' title='bbox 1773 2834 1805 2876; x_wconf 93' lang='grc' dir='ltr'><strong>ο</strong></span> <span class='ocrx_word' id='word_1_302' title='bbox 1838 2815 1982 2892; x_wconf 77' lang='lat' dir='ltr'><strong>lilia,</strong></span> <span class='ocrx_word' id='word_1_303' title='bbox 2024 2815 2131 2878; x_wconf 88' lang='lat' dir='ltr'><strong>tibi</strong></span> 
     </span>
    </p>
   </div>
   <div class='ocr_carea' id='block_1_46' title="bbox 480 2901 2131 2981">
    <p class='ocr_par' dir='ltr' id='par_1_46' title="bbox 480 2901 2131 2981">
     <span class='ocr_line' id='line_1_46' title="bbox 480 2901 2131 2981; baseline 0.002 -18"><span class='ocrx_word' id='word_1_304' title='bbox 480 2901 769 2981; x_wconf 85' lang='lat' dir='ltr'><strong>deinceps</strong></span> <span class='ocrx_word' id='word_1_305' title='bbox 793 2902 1132 2980; x_wconf 90' lang='lat' dir='ltr'><strong>attendere,</strong></span> <span class='ocrx_word' id='word_1_306' title='bbox 1164 2913 1219 2964; x_wconf 91' lang='lat' dir='ltr'><strong>et</strong></span> <span class='ocrx_word' id='word_1_307' title='bbox 1242 2903 1299 2964; x_wconf 89' lang='lat' dir='ltr'><strong>in</strong></span> <span class='ocrx_word' id='word_1_308' title='bbox 1329 2903 1597 2965; x_wconf 78' lang='lat' dir='ltr'><strong>futurum</strong></span> <span class='ocrx_word' id='word_1_309' title='bbox 1621 2903 1944 2980; x_wconf 84' lang='lat' dir='ltr'><strong>diligenter</strong></span> <span class='ocrx_word' id='word_1_310' title='bbox 1966 2923 2131 2967; x_wconf 87' lang='lat' dir='ltr'><strong>cave-</strong></span> 
     </span>
    </p>
   </div>
   <div class='ocr_carea' id='block_1_47' title="bbox 483 2990 2131 3073">
    <p class='ocr_par' dir='ltr' id='par_1_47' title="bbox 483 2990 2131 3073">
     <span class='ocr_line' id='line_1_47' title="bbox 483 2990 2131 3073; baseline 0.004 -21"><span class='ocrx_word' id='word_1_311' title='bbox 483 3007 573 3052; x_wconf 88' lang='lat' dir='ltr'><strong>re.</strong></span> <span class='ocrx_word' id='word_1_312' title='bbox 602 2990 755 3062; x_wconf 89' lang='lat' dir='ltr'><strong>Quia</strong></span> <span class='ocrx_word' id='word_1_313' title='bbox 784 2992 945 3053; x_wconf 91' lang='lat' dir='ltr'><strong>enim</strong></span> <span class='ocrx_word' id='word_1_314' title='bbox 970 2992 1059 3053; x_wconf 90' lang='lat' dir='ltr'><strong>vel</strong></span> <span class='ocrx_word' id='word_1_315' title='bbox 1080 3011 1288 3073; x_wconf 88' lang='lat' dir='ltr'><strong>parum</strong></span> <span class='ocrx_word' id='word_1_316' title='bbox 1313 2993 1570 3056; x_wconf 88' lang='lat' dir='ltr'><strong>abducta</strong></span> <span class='ocrx_word' id='word_1_317' title='bbox 1594 2993 1754 3055; x_wconf 87' lang='lat' dir='ltr'><strong>fuisti</strong></span> <span class='ocrx_word' id='word_1_318' title='bbox 1779 3013 1911 3056; x_wconf 82' lang='lat' dir='ltr'><strong>cum</strong></span> <span class='ocrx_word' id='word_1_319' title='bbox 1939 2993 2131 3058; x_wconf 53' lang='lat' dir='ltr'><strong>Theo.</strong></span> 
     </span>
    </p>
   </div>
   <div class='ocr_carea' id='block_1_48' title="bbox 479 3078 2132 3153">
    <p class='ocr_par' dir='ltr' id='par_1_48' title="bbox 479 3078 2132 3153">
     <span class='ocr_line' id='line_1_48' title="bbox 479 3078 2132 3153; baseline 0.005 -12"><span class='ocrx_word' id='word_1_320' title='bbox 479 3078 676 3153; x_wconf 89' lang='lat' dir='ltr'><strong>dosio,</strong></span> <span class='ocrx_word' id='word_1_321' title='bbox 715 3081 965 3144; x_wconf 89' lang='lat' dir='ltr'><strong>molesta</strong></span> <span class='ocrx_word' id='word_1_322' title='bbox 989 3082 1125 3145; x_wconf 89' lang='lat' dir='ltr'><strong>ideo</strong></span> <span class='ocrx_word' id='word_1_323' title='bbox 1149 3082 1256 3145; x_wconf 88' lang='lat' dir='ltr'><strong>tibi</strong></span> <span class='ocrx_word' id='word_1_324' title='bbox 1310 3093 1639 3146; x_wconf 91' lang='lat' dir='ltr'><strong>evenerunt</strong></span> <span class='ocrx_word' id='word_1_325' title='bbox 1668 3083 1730 3145; x_wconf 93' lang='lat' dir='ltr'><strong>in</strong></span> <span class='ocrx_word' id='word_1_326' title='bbox 1764 3084 2132 3150; x_wconf 83' lang='lat' dir='ltr'><strong>charissitnis</strong></span> 
     </span>
    </p>
   </div>
   <div class='ocr_carea' id='block_1_49' title="bbox 2224 1825 3861 1909">
    <p class='ocr_par' dir='ltr' id='par_1_49' title="bbox 2224 1825 3861 1909">
     <span class='ocr_line' id='line_1_49' title="bbox 2224 1825 3861 1909; baseline -0.002 -24"><span class='ocrx_word' id='word_1_327' title='bbox 2224 1825 2337 1888; x_wconf 70' lang='grc' dir='ltr'>οῦδὲ</span> <span class='ocrx_word' id='word_1_328' title='bbox 2399 1829 2538 1886; x_wconf 69' lang='grc' dir='ltr'>οὕτω</span> <span class='ocrx_word' id='word_1_329' title='bbox 2580 1828 2674 1898; x_wconf 80' lang='grc' dir='ltr'>τῆς</span> <span class='ocrx_word' id='word_1_330' title='bbox 2718 1831 2891 1909; x_wconf 74' lang='grc' dir='ltr'>ὁρμῆς</span> <span class='ocrx_word' id='word_1_331' title='bbox 2940 1829 3175 1895; x_wconf 79' lang='grc' dir='ltr'>ἔστησαν</span> <span class='ocrx_word' id='word_1_332' title='bbox 3210 1849 3224 1866; x_wconf 87' lang='grc'><strong>·</strong></span> <span class='ocrx_word' id='word_1_333' title='bbox 3258 1828 3403 1887; x_wconf 84' lang='grc' dir='ltr'><strong>ἀλλά</strong></span> <span class='ocrx_word' id='word_1_334' title='bbox 3453 1830 3547 1885; x_wconf 81' lang='grc' dir='ltr'><strong>τὸν</strong></span> <span class='ocrx_word' id='word_1_335' title='bbox 3580 1828 3861 1903; x_wconf 77' lang='grc' dir='ltr'>μακαρίτην</span> 
     </span>
    </p>
   </div>
   <div class='ocr_carea' id='block_1_50' title="bbox 2222 1915 3854 1998">
    <p class='ocr_par' dir='ltr' id='par_1_50' title="bbox 2222 1915 3854 1998">
     <span class='ocr_line' id='line_1_50' title="bbox 2222 1915 3854 1998; baseline -0.002 -24"><span class='ocrx_word' id='word_1_336' title='bbox 2222 1917 2724 1996; x_wconf 81' lang='grc' dir='ltr'>συμπαραλαϐόντες</span> <span class='ocrx_word' id='word_1_337' title='bbox 2782 1920 3125 1995; x_wconf 85' lang='grc' dir='ltr'>Θεόκτιστον,</span> <span class='ocrx_word' id='word_1_338' title='bbox 3188 1920 3380 1977; x_wconf 83' lang='grc' dir='ltr'>ἀπίασι</span> <span class='ocrx_word' id='word_1_339' title='bbox 3474 1919 3607 1998; x_wconf 81' lang='grc' dir='ltr'>πρὸς</span> <span class='ocrx_word' id='word_1_340' title='bbox 3689 1915 3854 1988; x_wconf 62' lang='grc' dir='ltr'>αὐτὸν,</span> 
     </span>
    </p>
   </div>
   <div class='ocr_carea' id='block_1_51' title="bbox 2220 2005 3861 2086">
    <p class='ocr_par' dir='ltr' id='par_1_51' title="bbox 2220 2005 3861 2086">
     <span class='ocr_line' id='line_1_51' title="bbox 2220 2005 3861 2086; baseline -0.003 -20"><span class='ocrx_word' id='word_1_341' title='bbox 2220 2010 2307 2066; x_wconf 86' lang='grc' dir='ltr'><strong>καὶ</strong></span> <span class='ocrx_word' id='word_1_342' title='bbox 2365 2006 2571 2065; x_wconf 72' lang='grc' dir='ltr'>δέονται</span> <span class='ocrx_word' id='word_1_343' title='bbox 2615 2015 2773 2086; x_wconf 76' lang='grc' dir='ltr'>κοινῇ</span> <span class='ocrx_word' id='word_1_344' title='bbox 2832 2007 3015 2077; x_wconf 80' lang='grc' dir='ltr'>δέησιν</span> <span class='ocrx_word' id='word_1_345' title='bbox 3044 2012 3236 2077; x_wconf 75' lang='grc' dir='ltr'>ἱκτενῆ</span> <span class='ocrx_word' id='word_1_346' title='bbox 3270 2009 3370 2066; x_wconf 72' lang='grc' dir='ltr'><strong>καῖ</strong></span> <span class='ocrx_word' id='word_1_347' title='bbox 3405 2005 3722 2085; x_wconf 81' lang='grc' dir='ltr'>σπουδαίαν,</span> <span class='ocrx_word' id='word_1_348' title='bbox 3784 2006 3861 2061; x_wconf 86' lang='grc' dir='ltr'><strong>καὶ</strong></span> 
     </span>
    </p>
   </div>
   <div class='ocr_carea' id='block_1_52' title="bbox 2220 2093 3851 2179">
    <p class='ocr_par' dir='ltr' id='par_1_52' title="bbox 2220 2093 3851 2179">
     <span class='ocr_line' id='line_1_52' title="bbox 2220 2093 3851 2179; baseline -0.002 -25"><span class='ocrx_word' id='word_1_349' title='bbox 2220 2097 2524 2179; x_wconf 73' lang='grc' dir='ltr'>λιπαροῦσι,</span> <span class='ocrx_word' id='word_1_350' title='bbox 2584 2099 2672 2156; x_wconf 79' lang='grc' dir='ltr'><strong>καὶ</strong></span> <span class='ocrx_word' id='word_1_351' title='bbox 2712 2098 2893 2173; x_wconf 81' lang='grc' dir='ltr'>τέλος,</span> <span class='ocrx_word' id='word_1_352' title='bbox 2946 2099 3180 2158; x_wconf 88' lang='grc' dir='ltr'>πείθουσι</span> <span class='ocrx_word' id='word_1_353' title='bbox 3230 2100 3377 2177; x_wconf 86' lang='grc' dir='ltr'><strong>παρά</strong></span> <span class='ocrx_word' id='word_1_354' title='bbox 3409 2100 3503 2155; x_wconf 80' lang='grc' dir='ltr'>τὸν</span> <span class='ocrx_word' id='word_1_355' title='bbox 3534 2097 3730 2176; x_wconf 77' lang='grc' dir='ltr'>πύργον</span> <span class='ocrx_word' id='word_1_356' title='bbox 3765 2093 3851 2151; x_wconf 76' lang='grc' dir='ltr'><strong>ἐλ-</strong></span> 
     </span>
    </p>
   </div>
   <div class='ocr_carea' id='block_1_53' title="bbox 2217 2187 3609 2269">
    <p class='ocr_par' dir='ltr' id='par_1_53' title="bbox 2217 2187 3609 2269">
     <span class='ocr_line' id='line_1_53' title="bbox 2217 2187 3609 2269; baseline -0.001 -24"><span class='ocrx_word' id='word_1_357' title='bbox 2217 2191 2355 2266; x_wconf 88' lang='grc' dir='ltr'>θεῖν,</span> <span class='ocrx_word' id='word_1_358' title='bbox 2390 2187 2511 2245; x_wconf 72' lang='grc' dir='ltr'>ἔνθα</span> <span class='ocrx_word' id='word_1_359' title='bbox 2540 2194 2628 2245; x_wconf 91' lang='grc' dir='ltr'><strong>νῦν</strong></span> <span class='ocrx_word' id='word_1_360' title='bbox 2657 2190 2690 2257; x_wconf 81' lang='grc' dir='ltr'>ἡ</span> <span class='ocrx_word' id='word_1_361' title='bbox 2725 2188 3029 2269; x_wconf 84' lang='grc' dir='ltr'>Σχολαρίου</span> <span class='ocrx_word' id='word_1_362' title='bbox 3059 2191 3198 2265; x_wconf 82' lang='grc' dir='ltr'>μονὴ</span> <span class='ocrx_word' id='word_1_363' title='bbox 3228 2187 3609 2265; x_wconf 79' lang='grc' dir='ltr'>ᾠκοδόμηται,</span> 
     </span>
    </p>
   </div>
   <div class='ocr_carea' id='block_1_54' title="bbox 2301 2363 3849 2446">
    <p class='ocr_par' dir='ltr' id='par_1_54' title="bbox 2301 2363 3849 2446">
     <span class='ocr_line' id='line_1_54' title="bbox 2301 2363 3849 2446; baseline -0.003 -22"><span class='ocrx_word' id='word_1_364' title='bbox 2301 2365 2430 2428; x_wconf 73' lang='lat' dir='ltr'><strong>HE’.</strong></span> <span class='ocrx_word' id='word_1_365' title='bbox 2493 2366 2695 2425; x_wconf 76' lang='grc' dir='ltr'>’ἰδοῦσα</span> <span class='ocrx_word' id='word_1_366' title='bbox 2757 2367 2811 2425; x_wconf 80' lang='grc' dir='ltr'><strong>δὲ</strong></span> <span class='ocrx_word' id='word_1_367' title='bbox 2874 2370 3029 2427; x_wconf 74' lang='grc' dir='ltr'>αὖτέιν</span> <span class='ocrx_word' id='word_1_368' title='bbox 3086 2371 3120 2437; x_wconf 79' lang='grc' dir='ltr'>ἡ</span> <span class='ocrx_word' id='word_1_369' title='bbox 3178 2368 3392 2446; x_wconf 81' lang='grc' dir='ltr'>βασιλὶς</span> <span class='ocrx_word' id='word_1_370' title='bbox 3455 2366 3701 2445; x_wconf 77' lang='grc' dir='ltr'>Εὖδοκία,</span> <span class='ocrx_word' id='word_1_371' title='bbox 3758 2363 3849 2441; x_wconf 68' lang='grc' dir='ltr'><strong>οὔχ</strong></span> 
     </span>
    </p>
   </div>
   <div class='ocr_carea' id='block_1_55' title="bbox 2216 2452 3846 2538">
    <p class='ocr_par' dir='ltr' id='par_1_55' title="bbox 2216 2452 3846 2538">
     <span class='ocr_line' id='line_1_55' title="bbox 2216 2452 3846 2538; baseline -0.001 -25"><span class='ocrx_word' id='word_1_372' title='bbox 2216 2456 2400 2521; x_wconf 80' lang='grc' dir='ltr'>ἀπλὼς</span> <span class='ocrx_word' id='word_1_373' title='bbox 2453 2456 2622 2535; x_wconf 70' lang='grc' dir='ltr'>εῖδεν,</span> <span class='ocrx_word' id='word_1_374' title='bbox 2668 2456 2789 2514; x_wconf 85' lang='grc' dir='ltr'>ἀλλ’</span> <span class='ocrx_word' id='word_1_375' title='bbox 2833 2460 2904 2525; x_wconf 79' lang='grc' dir='ltr'>ὡς</span> <span class='ocrx_word' id='word_1_376' title='bbox 2962 2461 3017 2515; x_wconf 69' lang='grc' dir='ltr'>ἒν</span> <span class='ocrx_word' id='word_1_377' title='bbox 3073 2459 3209 2538; x_wconf 79' lang='grc' dir='ltr'>θέρει</span> <span class='ocrx_word' id='word_1_378' title='bbox 3268 2461 3297 2515; x_wconf 76' lang='grc' dir='ltr'><strong>ὃ</strong></span> <span class='ocrx_word' id='word_1_379' title='bbox 3327 2457 3505 2535; x_wconf 80' lang='grc' dir='ltr'>διψῶν</span> <span class='ocrx_word' id='word_1_380' title='bbox 3547 2456 3682 2535; x_wconf 75' lang='grc' dir='ltr'>ὕδωρ</span> <span class='ocrx_word' id='word_1_381' title='bbox 3712 2473 3727 2489; x_wconf 82' lang='lat'>&#39;</span> <span class='ocrx_word' id='word_1_382' title='bbox 3770 2452 3846 2508; x_wconf 73' lang='grc' dir='ltr'><strong>καὶ</strong></span> 
     </span>
    </p>
   </div>
   <div class='ocr_carea' id='block_1_56' title="bbox 2216 2542 3846 2625">
    <p class='ocr_par' dir='ltr' id='par_1_56' title="bbox 2216 2542 3846 2625">
     <span class='ocr_line' id='line_1_56' title="bbox 2216 2542 3846 2625; baseline -0.004 -21"><span class='ocrx_word' id='word_1_383' title='bbox 2216 2560 2332 2614; x_wconf 82' lang='grc' dir='ltr'>τοῖς</span> <span class='ocrx_word' id='word_1_384' title='bbox 2395 2546 2595 2605; x_wconf 77' lang='grc' dir='ltr'>ἐκείνου</span> <span class='ocrx_word' id='word_1_385' title='bbox 2653 2548 2809 2604; x_wconf 82' lang='grc' dir='ltr'>ποσὶν</span> <span class='ocrx_word' id='word_1_386' title='bbox 2857 2547 3055 2617; x_wconf 72' lang='grc' dir='ltr'>ἡδονῆς</span> <span class='ocrx_word' id='word_1_387' title='bbox 3104 2547 3206 2617; x_wconf 75' lang='grc' dir='ltr'>ὅλη</span> <span class='ocrx_word' id='word_1_388' title='bbox 3265 2555 3531 2625; x_wconf 76' lang='grc' dir='ltr'>πεσοῦσα,</span> <span class='ocrx_word' id='word_1_389' title='bbox 3567 2554 3669 2607; x_wconf 82' lang='grc' dir='ltr'>Νῦν</span> <span class='ocrx_word' id='word_1_390' title='bbox 3696 2542 3846 2621; x_wconf 75' lang='grc' dir='ltr'>ἔγνων</span> 
     </span>
    </p>
   </div>
   <div class='ocr_carea' id='block_1_57' title="bbox 2215 2634 3846 2719">
    <p class='ocr_par' dir='ltr' id='par_1_57' title="bbox 2215 2634 3846 2719">
     <span class='ocr_line' id='line_1_57' title="bbox 2215 2634 3846 2719; baseline -0.001 -26"><span class='ocrx_word' id='word_1_391' title='bbox 2215 2636 2297 2694; x_wconf 80' lang='grc' dir='ltr'><strong>ὅτι</strong></span> <span class='ocrx_word' id='word_1_392' title='bbox 2355 2637 2655 2708; x_wconf 63' lang='grc' dir='ltr'>ἐπισκοπὴν</span> <span class='ocrx_word' id='word_1_393' title='bbox 2689 2659 2794 2712; x_wconf 84' lang='grc' dir='ltr'><strong>μου</strong></span> <span class='ocrx_word' id='word_1_394' title='bbox 2820 2648 2869 2717; x_wconf 73' lang='grc' dir='ltr'><strong>⁴Ι,</strong></span> <span class='ocrx_word' id='word_1_395' title='bbox 2917 2640 3101 2719; x_wconf 74' lang='grc' dir='ltr'>φησὶν,</span> <span class='ocrx_word' id='word_1_396' title='bbox 3148 2636 3298 2695; x_wconf 79' lang='grc' dir='ltr'>ἔθετο</span> <span class='ocrx_word' id='word_1_397' title='bbox 3336 2638 3555 2717; x_wconf 80' lang='grc' dir='ltr'>Κύριος.</span> <span class='ocrx_word' id='word_1_398' title='bbox 3605 2634 3846 2694; x_wconf 81' lang='grc' dir='ltr'>Κάκεῖνος</span> 
     </span>
    </p>
   </div>
   <div class='ocr_carea' id='block_1_58' title="bbox 2214 2724 3848 2808">
    <p class='ocr_par' dir='ltr' id='par_1_58' title="bbox 2214 2724 3848 2808">
     <span class='ocr_line' id='line_1_58' title="bbox 2214 2724 3848 2808; baseline -0.006 -24"><span class='ocrx_word' id='word_1_399' title='bbox 2214 2732 2311 2796; x_wconf 79' lang='grc' dir='ltr'><strong>τῆς</strong></span> <span class='ocrx_word' id='word_1_400' title='bbox 2345 2728 2600 2798; x_wconf 64' lang='grc' dir='ltr'>συνήθους</span> <span class='ocrx_word' id='word_1_401' title='bbox 2664 2728 2796 2803; x_wconf 76' lang='grc' dir='ltr'>αὐτῇ</span> <span class='ocrx_word' id='word_1_402' title='bbox 2854 2726 3115 2804; x_wconf 73' lang='grc' dir='ltr'>μεταδοὺς</span> <span class='ocrx_word' id='word_1_403' title='bbox 3174 2726 3447 2808; x_wconf 71' lang='grc' dir='ltr'>εὐλογίας,</span> <span class='ocrx_word' id='word_1_404' title='bbox 3486 2724 3652 2784; x_wconf 82' lang='grc' dir='ltr'>Ἀλλά</span> <span class='ocrx_word' id='word_1_405' title='bbox 3691 2741 3848 2788; x_wconf 81' lang='grc' dir='ltr'>προσ-</span> 
     </span>
    </p>
   </div>
   <div class='ocr_carea' id='block_1_59' title="bbox 2215 2809 3849 2897">
    <p class='ocr_par' dir='ltr' id='par_1_59' title="bbox 2215 2809 3849 2897">
     <span class='ocr_line' id='line_1_59' title="bbox 2215 2809 3849 2897; baseline -0.007 -22"><span class='ocrx_word' id='word_1_406' title='bbox 2215 2819 2364 2897; x_wconf 74' lang='grc' dir='ltr'>έχειν</span> <span class='ocrx_word' id='word_1_407' title='bbox 2409 2839 2468 2874; x_wconf 84' lang='grc' dir='ltr'><strong>σε</strong></span> <span class='ocrx_word' id='word_1_408' title='bbox 2516 2815 2599 2874; x_wconf 72' lang='grc' dir='ltr'><strong>δεῖ</strong></span> <span class='ocrx_word' id='word_1_409' title='bbox 2631 2824 2725 2875; x_wconf 91' lang='grc' dir='ltr'><strong>τοῦ</strong></span> <span class='ocrx_word' id='word_1_410' title='bbox 2754 2816 2945 2876; x_wconf 85' lang='grc' dir='ltr'>λοιποῦ</span> <span class='ocrx_word' id='word_1_411' title='bbox 2988 2824 3210 2896; x_wconf 77' lang='grc' dir='ltr'>σεαυτῇ,</span> <span class='ocrx_word' id='word_1_412' title='bbox 3248 2817 3465 2894; x_wconf 80' lang='grc' dir='ltr'>τέκνον,</span> <span class='ocrx_word' id='word_1_413' title='bbox 3496 2816 3624 2896; x_wconf 73' lang='grc' dir='ltr'>ἔφη,</span> <span class='ocrx_word' id='word_1_414' title='bbox 3678 2812 3760 2868; x_wconf 81' lang='grc' dir='ltr'><strong>καὶ</strong></span> <span class='ocrx_word' id='word_1_415' title='bbox 3797 2809 3849 2865; x_wconf 82' lang='grc' dir='ltr'>τὸ</span> 
     </span>
    </p>
   </div>
   <div class='ocr_carea' id='block_1_60' title="bbox 2215 2900 3847 2988">
    <p class='ocr_par' dir='ltr' id='par_1_60' title="bbox 2215 2900 3847 2988">
     <span class='ocr_line' id='line_1_60' title="bbox 2215 2900 3847 2988; baseline -0.004 -23"><span class='ocrx_word' id='word_1_416' title='bbox 2215 2906 2411 2983; x_wconf 82' lang='grc' dir='ltr'>μέλλον</span> <span class='ocrx_word' id='word_1_417' title='bbox 2472 2905 2703 2984; x_wconf 81' lang='grc' dir='ltr'>ἀκριϐῶς</span> <span class='ocrx_word' id='word_1_418' title='bbox 2766 2906 3178 2988; x_wconf 74' lang='grc' dir='ltr'>ἀσφαλίσασθαι.</span> <span class='ocrx_word' id='word_1_419' title='bbox 3224 2907 3350 2967; x_wconf 74' lang='grc' dir='ltr'><strong>Ὀτι</strong></span> <span class='ocrx_word' id='word_1_420' title='bbox 3398 2907 3501 2988; x_wconf 79' lang='grc' dir='ltr'><strong>γὰρ</strong></span> <span class='ocrx_word' id='word_1_421' title='bbox 3545 2905 3631 2961; x_wconf 75' lang='grc' dir='ltr'>καὶ</span> <span class='ocrx_word' id='word_1_422' title='bbox 3677 2900 3847 2978; x_wconf 67' lang='grc' dir='ltr'>μικρὸν</span> 
     </span>
    </p>
   </div>
   <div class='ocr_carea' id='block_1_61' title="bbox 2214 2987 3849 3077">
    <p class='ocr_par' dir='ltr' id='par_1_61' title="bbox 2214 2987 3849 3077">
     <span class='ocr_line' id='line_1_61' title="bbox 2214 2987 3849 3077; baseline -0.006 -22"><span class='ocrx_word' id='word_1_423' title='bbox 2214 2995 2566 3077; x_wconf 72' lang='grc' dir='ltr'>συναπήχθης</span> <span class='ocrx_word' id='word_1_424' title='bbox 2626 2987 2913 3076; x_wconf 78' lang='grc' dir='ltr'>Θεοδοσίῳ,</span> <span class='ocrx_word' id='word_1_425' title='bbox 2966 2994 3051 3053; x_wconf 80' lang='grc' dir='ltr'><strong>διὰ</strong></span> <span class='ocrx_word' id='word_1_426' title='bbox 3105 3002 3260 3056; x_wconf 88' lang='grc' dir='ltr'>τοῦτό</span> <span class='ocrx_word' id='word_1_427' title='bbox 3299 3020 3387 3055; x_wconf 81' lang='grc' dir='ltr'><strong>σοι</strong></span> <span class='ocrx_word' id='word_1_428' title='bbox 3432 2997 3524 3054; x_wconf 79' lang='grc' dir='ltr'><strong>καὶ</strong></span> <span class='ocrx_word' id='word_1_429' title='bbox 3553 2995 3618 3053; x_wconf 77' lang='grc' dir='ltr'><strong>τὰ</strong></span> <span class='ocrx_word' id='word_1_430' title='bbox 3659 2987 3849 3067; x_wconf 73' lang='grc' dir='ltr'>λυπηρὰ</span> 
     </span>
    </p>
   </div>
   <div class='ocr_carea' id='block_1_62' title="bbox 2216 3080 3848 3167">
    <p class='ocr_par' dir='ltr' id='par_1_62' title="bbox 2216 3080 3848 3167">
     <span class='ocr_line' id='line_1_62' title="bbox 2216 3080 3848 3167; baseline -0.006 -24"><span class='ocrx_word' id='word_1_431' title='bbox 2216 3084 2410 3154; x_wconf 79' lang='grc' dir='ltr'>συνέϐη</span> <span class='ocrx_word' id='word_1_432' title='bbox 2466 3089 2584 3164; x_wconf 82' lang='grc' dir='ltr'>περὶ</span> <span class='ocrx_word' id='word_1_433' title='bbox 2629 3084 2953 3167; x_wconf 51' lang='lat' dir='ltr'><strong>vitellum</strong></span> <span class='ocrx_word' id='word_1_434' title='bbox 2986 3106 3003 3121; x_wconf 69' lang='grc' dir='ltr'><strong>ο</strong></span> <span class='ocrx_word' id='word_1_435' title='bbox 3037 3085 3159 3144; x_wconf 77' lang='grc' dir='ltr'>ἀλλ’</span> <span class='ocrx_word' id='word_1_436' title='bbox 3190 3086 3338 3151; x_wconf 76' lang='grc' dir='ltr'>ὅπως</span> <span class='ocrx_word' id='word_1_437' title='bbox 3372 3086 3601 3165; x_wconf 72' lang='grc' dir='ltr'>ἀπόσχῃ</span> <span class='ocrx_word' id='word_1_438' title='bbox 3631 3081 3712 3139; x_wconf 78' lang='grc' dir='ltr'><strong>διὰ</strong></span> <span class='ocrx_word' id='word_1_439' title='bbox 3748 3080 3848 3157; x_wconf 81' lang='grc' dir='ltr'>βίου</span> 
     </span>
    </p>
   </div>
   <div class='ocr_carea' id='block_1_63' title="bbox 480 3171 2131 3257">
    <p class='ocr_par' dir='ltr' id='par_1_63' title="bbox 480 3171 2129 3253">
     <span class='ocr_line' id='line_1_63' title="bbox 480 3171 2129 3253; baseline 0.002 -17"><span class='ocrx_word' id='word_1_440' title='bbox 480 3172 689 3236; x_wconf 81' lang='lat' dir='ltr'><strong>rebus.</strong></span> <span class='ocrx_word' id='word_1_441' title='bbox 721 3171 841 3234; x_wconf 91' lang='lat' dir='ltr'><strong>Sed</strong></span> <span class='ocrx_word' id='word_1_442' title='bbox 874 3182 936 3233; x_wconf 93' lang='lat' dir='ltr'><strong>ut</strong></span> <span class='ocrx_word' id='word_1_443' title='bbox 990 3190 1097 3253; x_wconf 92' lang='lat' dir='ltr'><strong>per</strong></span> <span class='ocrx_word' id='word_1_444' title='bbox 1151 3180 1333 3233; x_wconf 93' lang='lat' dir='ltr'><strong>totam</strong></span> <span class='ocrx_word' id='word_1_445' title='bbox 1382 3174 1558 3235; x_wconf 83' lang='lat' dir='ltr'><strong>vitam</strong></span> <span class='ocrx_word' id='word_1_446' title='bbox 1594 3174 1896 3236; x_wconf 90' lang='lat' dir='ltr'><strong>abstineas</strong></span> <span class='ocrx_word' id='word_1_447' title='bbox 1918 3175 1991 3236; x_wconf 88' lang='lat' dir='ltr'><strong>ab</strong></span> <span class='ocrx_word' id='word_1_448' title='bbox 2018 3176 2129 3239; x_wconf 89' lang='lat' dir='ltr'><strong>hac</strong></span> 
     </span>
    </p>
   </div>
   <div class='ocr_carea' id='block_1_64' title="bbox 2220 3171 3845 3257">
    <p class='ocr_par' dir='ltr' id='par_1_64' title="bbox 2220 3174 3845 3257">
     <span class='ocr_line' id='line_1_64' title="bbox 2220 3174 3845 3257; baseline -0.002 -24"><span class='ocrx_word' id='word_1_449' title='bbox 2220 3179 2311 3244; x_wconf 77' lang='grc' dir='ltr'>τῆς</span> <span class='ocrx_word' id='word_1_450' title='bbox 2344 3176 2541 3256; x_wconf 81' lang='grc' dir='ltr'>ἀλόγου</span> <span class='ocrx_word' id='word_1_451' title='bbox 2573 3178 2770 3245; x_wconf 78' lang='grc' dir='ltr'>ταύτης</span> <span class='ocrx_word' id='word_1_452' title='bbox 2810 3175 3161 3257; x_wconf 74' lang='grc' dir='ltr'>φιλονεικίας,</span> <span class='ocrx_word' id='word_1_453' title='bbox 3202 3185 3300 3233; x_wconf 77' lang='grc' dir='ltr'>Δεῖ</span> <span class='ocrx_word' id='word_1_454' title='bbox 3328 3178 3436 3257; x_wconf 80' lang='grc' dir='ltr'><strong>γάρ</strong></span> <span class='ocrx_word' id='word_1_455' title='bbox 3467 3197 3551 3255; x_wconf 87' lang='grc' dir='ltr'><strong>σε,</strong></span> <span class='ocrx_word' id='word_1_456' title='bbox 3584 3174 3709 3249; x_wconf 78' lang='grc' dir='ltr'>πρὸς</span> <span class='ocrx_word' id='word_1_457' title='bbox 3736 3179 3845 3229; x_wconf 70' lang='grc' dir='ltr'>ταῖς</span> 
     </span>
    </p>
   </div>
   <div class='ocr_carea' id='block_1_65' title="bbox 482 3261 2126 3345">
    <p class='ocr_par' dir='ltr' id='par_1_65' title="bbox 482 3261 2126 3345">
     <span class='ocr_line' id='line_1_65' title="bbox 482 3261 2126 3345; baseline 0.005 -24"><span class='ocrx_word' id='word_1_458' title='bbox 482 3271 704 3345; x_wconf 64' lang='lat' dir='ltr'><strong>preter</strong></span> <span class='ocrx_word' id='word_1_459' title='bbox 748 3261 1045 3324; x_wconf 88' lang='lat' dir='ltr'><strong>rationem</strong></span> <span class='ocrx_word' id='word_1_460' title='bbox 1102 3262 1514 3324; x_wconf 84' lang='lat' dir='ltr'><strong>contentione.</strong></span> <span class='ocrx_word' id='word_1_461' title='bbox 1580 3262 1726 3325; x_wconf 89' lang='lat' dir='ltr'><strong>Nam</strong></span> <span class='ocrx_word' id='word_1_462' title='bbox 1779 3274 2015 3345; x_wconf 87' lang='lat' dir='ltr'><strong>oportet</strong></span> <span class='ocrx_word' id='word_1_463' title='bbox 2045 3274 2126 3342; x_wconf 87' lang='lat' dir='ltr'><strong>te,</strong></span> 
     </span>
    </p>
   </div>
   <div class='ocr_carea' id='block_1_66' title="bbox 482 3352 2123 3436">
    <p class='ocr_par' dir='ltr' id='par_1_66' title="bbox 482 3352 2123 3436">
     <span class='ocr_line' id='line_1_66' title="bbox 482 3352 2123 3436; baseline -0.001 -19"><span class='ocrx_word' id='word_1_464' title='bbox 482 3361 707 3436; x_wconf 74' lang='lat' dir='ltr'><strong>praeter</strong></span> <span class='ocrx_word' id='word_1_465' title='bbox 743 3360 864 3413; x_wconf 89' lang='lat' dir='ltr'><strong>tres</strong></span> <span class='ocrx_word' id='word_1_466' title='bbox 892 3352 1036 3414; x_wconf 88' lang='lat' dir='ltr'><strong>alias</strong></span> <span class='ocrx_word' id='word_1_467' title='bbox 1059 3362 1295 3415; x_wconf 89' lang='lat' dir='ltr'><strong>sanctas</strong></span> <span class='ocrx_word' id='word_1_468' title='bbox 1315 3362 1371 3414; x_wconf 92' lang='lat' dir='ltr'><strong>et</strong></span> <span class='ocrx_word' id='word_1_469' title='bbox 1393 3354 1802 3415; x_wconf 67' lang='lat' dir='ltr'><strong>mcumenicas</strong></span> <span class='ocrx_word' id='word_1_470' title='bbox 1828 3356 2086 3436; x_wconf 81' lang='lat' dir='ltr'><strong>synodos</strong></span> <span class='ocrx_word' id='word_1_471' title='bbox 2112 3374 2123 3416; x_wconf 94' lang='lat'>:</span> 
     </span>
    </p>
   </div>
   <div class='ocr_carea' id='block_1_67' title="bbox 479 3441 2131 3524">
    <p class='ocr_par' dir='ltr' id='par_1_67' title="bbox 479 3441 2131 3524">
     <span class='ocr_line' id='line_1_67' title="bbox 479 3441 2131 3524; baseline 0.001 -18"><span class='ocrx_word' id='word_1_472' title='bbox 479 3462 698 3523; x_wconf 89' lang='lat' dir='ltr'><strong>nempe</strong></span> <span class='ocrx_word' id='word_1_473' title='bbox 729 3441 1058 3515; x_wconf 70' lang='lat' dir='ltr'><strong>Nicaanam,</strong></span> <span class='ocrx_word' id='word_1_474' title='bbox 1095 3460 1227 3524; x_wconf 63' lang='lat' dir='ltr'><strong>qua)</strong></span> <span class='ocrx_word' id='word_1_475' title='bbox 1260 3442 1541 3504; x_wconf 90' lang='lat' dir='ltr'><strong>convenit</strong></span> <span class='ocrx_word' id='word_1_476' title='bbox 1567 3444 1853 3505; x_wconf 77' lang='lat' dir='ltr'><strong>adversus</strong></span> <span class='ocrx_word' id='word_1_477' title='bbox 1883 3446 2131 3521; x_wconf 88' lang='lat' dir='ltr'><strong>Arium;</strong></span> 
     </span>
    </p>
   </div>
   <div class='ocr_carea' id='block_1_68' title="bbox 482 3532 2131 3614">
    <p class='ocr_par' dir='ltr' id='par_1_68' title="bbox 482 3532 2131 3614">
     <span class='ocr_line' id='line_1_68' title="bbox 482 3532 2131 3614; baseline 0.001 -17"><span class='ocrx_word' id='word_1_478' title='bbox 482 3532 1240 3614; x_wconf 86' lang='lat' dir='ltr'><strong>Constantinopolitanam,</strong></span> <span class='ocrx_word' id='word_1_479' title='bbox 1268 3551 1339 3594; x_wconf 88' lang='lat' dir='ltr'><strong>ea</strong></span> <span class='ocrx_word' id='word_1_480' title='bbox 1369 3551 1510 3594; x_wconf 82' lang='lat' dir='ltr'><strong>vero</strong></span> <span class='ocrx_word' id='word_1_481' title='bbox 1535 3543 1898 3614; x_wconf 80' lang='lat' dir='ltr'><strong>congregata</strong></span> <span class='ocrx_word' id='word_1_482' title='bbox 1929 3535 2040 3597; x_wconf 82' lang='lat' dir='ltr'><strong>fuit</strong></span> <span class='ocrx_word' id='word_1_483' title='bbox 2071 3537 2131 3598; x_wconf 92' lang='lat' dir='ltr'><strong>in</strong></span> 
     </span>
    </p>
   </div>
   <div class='ocr_carea' id='block_1_69' title="bbox 480 3620 2134 3701">
    <p class='ocr_par' dir='ltr' id='par_1_69' title="bbox 480 3620 2134 3701">
     <span class='ocr_line' id='line_1_69' title="bbox 480 3620 2134 3701; baseline 0.001 -17"><span class='ocrx_word' id='word_1_484' title='bbox 480 3620 922 3698; x_wconf 79' lang='lat' dir='ltr'><strong>Macedonium;</strong></span> <span class='ocrx_word' id='word_1_485' title='bbox 945 3630 1003 3682; x_wconf 93' lang='lat' dir='ltr'><strong>et</strong></span> <span class='ocrx_word' id='word_1_486' title='bbox 1028 3620 1386 3701; x_wconf 85' lang='lat' dir='ltr'><strong>Ephesinam</strong></span> <span class='ocrx_word' id='word_1_487' title='bbox 1415 3621 1665 3701; x_wconf 84' lang='lat' dir='ltr'><strong>primam</strong></span> <span class='ocrx_word' id='word_1_488' title='bbox 1692 3632 1901 3686; x_wconf 90' lang='lat' dir='ltr'><strong>contra</strong></span> <span class='ocrx_word' id='word_1_489' title='bbox 1921 3626 2134 3686; x_wconf 85' lang='lat' dir='ltr'><strong>Nesto-</strong></span> 
     </span>
    </p>
   </div>
   <div class='ocr_carea' id='block_1_70' title="bbox 485 3710 2106 3793">
    <p class='ocr_par' dir='ltr' id='par_1_70' title="bbox 485 3710 2106 3793">
     <span class='ocr_line' id='line_1_70' title="bbox 485 3710 2106 3793; baseline 0.002 -20"><span class='ocrx_word' id='word_1_490' title='bbox 485 3710 671 3786; x_wconf 89' lang='lat' dir='ltr'><strong>rium;</strong></span> <span class='ocrx_word' id='word_1_491' title='bbox 697 3710 1021 3774; x_wconf 88' lang='lat' dir='ltr'><strong>admittere</strong></span> <span class='ocrx_word' id='word_1_492' title='bbox 1044 3710 1221 3772; x_wconf 89' lang='lat' dir='ltr'><strong>etiam</strong></span> <span class='ocrx_word' id='word_1_493' title='bbox 1243 3710 1548 3772; x_wconf 89' lang='lat' dir='ltr'><strong>decretum</strong></span> <span class='ocrx_word' id='word_1_494' title='bbox 1575 3712 1730 3793; x_wconf 90' lang='lat' dir='ltr'><strong>quod</strong></span> <span class='ocrx_word' id='word_1_495' title='bbox 1758 3712 1946 3775; x_wconf 90' lang='lat' dir='ltr'><strong>edidit</strong></span> <span class='ocrx_word' id='word_1_496' title='bbox 1963 3714 2106 3776; x_wconf 88' lang='lat' dir='ltr'><strong>Cbal</strong></span> 
     </span>
    </p>
   </div>
   <div class='ocr_carea' id='block_1_71' title="bbox 481 3800 2132 3884">
    <p class='ocr_par' dir='ltr' id='par_1_71' title="bbox 481 3800 2132 3884">
     <span class='ocr_line' id='line_1_71' title="bbox 481 3800 2132 3884; baseline 0.001 -20"><span class='ocrx_word' id='word_1_497' title='bbox 481 3801 841 3865; x_wconf 89' lang='lat' dir='ltr'><strong>cedonensis</strong></span> <span class='ocrx_word' id='word_1_498' title='bbox 894 3801 1245 3881; x_wconf 82' lang='lat' dir='ltr'><strong>nuperrime</strong></span> <span class='ocrx_word' id='word_1_499' title='bbox 1302 3800 1505 3863; x_wconf 89' lang='lat' dir='ltr'><strong>habita</strong></span> <span class='ocrx_word' id='word_1_500' title='bbox 1534 3822 1550 3883; x_wconf 88' lang='lat'><strong>;</strong></span> <span class='ocrx_word' id='word_1_501' title='bbox 1585 3812 1765 3884; x_wconf 88' lang='lat' dir='ltr'><strong>atque</strong></span> <span class='ocrx_word' id='word_1_502' title='bbox 1796 3821 1829 3865; x_wconf 90' lang='lat' dir='ltr'><strong>a</strong></span> <span class='ocrx_word' id='word_1_503' title='bbox 1858 3805 2132 3867; x_wconf 86' lang='lat' dir='ltr'><strong>Dioscori</strong></span> 
     </span>
    </p>
   </div>
   <div class='ocr_carea' id='block_1_72' title="bbox 481 3892 2137 3976">
    <p class='ocr_par' dir='ltr' id='par_1_72' title="bbox 481 3892 2137 3976">
     <span class='ocr_line' id='line_1_72' title="bbox 481 3892 2137 3976; baseline 0.001 -21"><span class='ocrx_word' id='word_1_504' title='bbox 481 3893 913 3957; x_wconf 89' lang='lat' dir='ltr'><strong>communione</strong></span> <span class='ocrx_word' id='word_1_505' title='bbox 941 3892 1362 3972; x_wconf 89' lang='lat' dir='ltr'><strong>sejungentem</strong></span> <span class='ocrx_word' id='word_1_506' title='bbox 1396 3899 1475 3966; x_wconf 94' lang='lat' dir='ltr'><strong>te,</strong></span> <span class='ocrx_word' id='word_1_507' title='bbox 1504 3892 1777 3955; x_wconf 85' lang='lat' dir='ltr'><strong>Juvenali</strong></span> <span class='ocrx_word' id='word_1_508' title='bbox 1809 3894 2137 3976; x_wconf 81' lang='lat' dir='ltr'><strong>archiepis-</strong></span> 
     </span>
    </p>
   </div>
   <div class='ocr_carea' id='block_1_73' title="bbox 479 3982 2132 4067">
    <p class='ocr_par' dir='ltr' id='par_1_73' title="bbox 479 3982 2132 4067">
     <span class='ocr_line' id='line_1_73' title="bbox 479 3982 2132 4067; baseline -0.001 -20"><span class='ocrx_word' id='word_1_509' title='bbox 479 4003 629 4067; x_wconf 89' lang='lat' dir='ltr'><strong>c0po</strong></span> <span class='ocrx_word' id='word_1_510' title='bbox 662 3982 1207 4065; x_wconf 78' lang='lat' dir='ltr'><strong>Hierosolymitano</strong></span> <span class='ocrx_word' id='word_1_511' title='bbox 1243 3982 1485 4063; x_wconf 85' lang='lat' dir='ltr'><strong>penitus</strong></span> <span class='ocrx_word' id='word_1_512' title='bbox 1504 3985 1952 4047; x_wconf 75' lang='lat' dir='ltr'><strong>communicare</strong></span> <span class='ocrx_word' id='word_1_513' title='bbox 1987 3993 2044 4048; x_wconf 88' lang='lat' dir='ltr'><strong>et</strong></span> <span class='ocrx_word' id='word_1_514' title='bbox 2074 3983 2132 4047; x_wconf 93' lang='lat' dir='ltr'><strong>in</strong></span> 
     </span>
    </p>
   </div>
   <div class='ocr_carea' id='block_1_74' title="bbox 483 4071 1169 4137">
    <p class='ocr_par' dir='ltr' id='par_1_74' title="bbox 483 4071 1169 4137">
     <span class='ocr_line' id='line_1_74' title="bbox 483 4071 1169 4137; baseline -0.003 1"><span class='ocrx_word' id='word_1_515' title='bbox 483 4072 765 4137; x_wconf 89' lang='lat' dir='ltr'><strong>omnibus</strong></span> <span class='ocrx_word' id='word_1_516' title='bbox 797 4071 1169 4136; x_wconf 84' lang='lat' dir='ltr'><strong>consentire.</strong></span> 
     </span>
    </p>
   </div>
   <div class='ocr_carea' id='block_1_75' title="bbox 561 4158 2132 4245">
    <p class='ocr_par' dir='ltr' id='par_1_75' title="bbox 561 4158 2132 4245">
     <span class='ocr_line' id='line_1_75' title="bbox 561 4158 2132 4245; baseline 0.001 -20"><span class='ocrx_word' id='word_1_517' title='bbox 561 4158 1273 4231; x_wconf 80' lang='lat' dir='ltr'><strong>LXXXVI.Hisdictis,et</strong></span> <span class='ocrx_word' id='word_1_518' title='bbox 1301 4168 1582 4241; x_wconf 89' lang='lat' dir='ltr'><strong>precatus</strong></span> <span class='ocrx_word' id='word_1_519' title='bbox 1606 4180 1710 4243; x_wconf 92' lang='lat' dir='ltr'><strong>pro</strong></span> <span class='ocrx_word' id='word_1_520' title='bbox 1729 4164 2132 4245; x_wconf 84' lang='lat' dir='ltr'><strong>tmperatrice,</strong></span> 
     </span>
    </p>
   </div>
   <div class='ocr_carea' id='block_1_76' title="bbox 484 4249 2133 4323">
    <p class='ocr_par' dir='ltr' id='par_1_76' title="bbox 484 4249 2133 4323">
     <span class='ocr_line' id='line_1_76' title="bbox 484 4249 2133 4323; baseline -0.002 -6"><span class='ocrx_word' id='word_1_521' title='bbox 484 4271 619 4317; x_wconf 90' lang='lat' dir='ltr'><strong>cum</strong></span> <span class='ocrx_word' id='word_1_522' title='bbox 641 4250 864 4314; x_wconf 91' lang='lat' dir='ltr'><strong>deinde</strong></span> <span class='ocrx_word' id='word_1_523' title='bbox 892 4249 947 4311; x_wconf 89' lang='lat' dir='ltr'><strong>ei</strong></span> <span class='ocrx_word' id='word_1_524' title='bbox 969 4249 1750 4323; x_wconf 88' lang='lat' dir='ltr'><strong>valedixissei,recedit.illa</strong></span> <span class='ocrx_word' id='word_1_525' title='bbox 1773 4271 1910 4314; x_wconf 88' lang='lat' dir='ltr'><strong>vero</strong></span> <span class='ocrx_word' id='word_1_526' title='bbox 1934 4253 2133 4316; x_wconf 85' lang='lat' dir='ltr'><strong>statim</strong></span> 
     </span>
    </p>
   </div>
   <div class='ocr_carea' id='block_1_77' title="bbox 2212 3257 3844 3345">
    <p class='ocr_par' dir='ltr' id='par_1_77' title="bbox 2212 3257 3844 3345">
     <span class='ocr_line' id='line_1_77' title="bbox 2212 3257 3844 3345; baseline -0.003 -22"><span class='ocrx_word' id='word_1_527' title='bbox 2212 3266 2400 3333; x_wconf 77' lang='grc' dir='ltr'>ἄλλαις</span> <span class='ocrx_word' id='word_1_528' title='bbox 2444 3269 2610 3345; x_wconf 76' lang='grc' dir='ltr'>τρισὶν</span> <span class='ocrx_word' id='word_1_529' title='bbox 2656 3267 2831 3345; x_wconf 74' lang='grc' dir='ltr'>ἁγίαις</span> <span class='ocrx_word' id='word_1_530' title='bbox 2876 3269 2963 3323; x_wconf 76' lang='grc' dir='ltr'>καὶ</span> <span class='ocrx_word' id='word_1_531' title='bbox 3019 3268 3424 3344; x_wconf 78' lang='grc' dir='ltr'>οἶκουμενικαῖς</span> <span class='ocrx_word' id='word_1_532' title='bbox 3488 3262 3722 3325; x_wconf 84' lang='grc' dir='ltr'>συνόδοις</span> <span class='ocrx_word' id='word_1_533' title='bbox 3765 3257 3844 3338; x_wconf 75' lang='grc' dir='ltr'>(τῇ</span> 
     </span>
    </p>
   </div>
   <div class='ocr_carea' id='block_1_78' title="bbox 2211 3350 3838 3432">
    <p class='ocr_par' dir='ltr' id='par_1_78' title="bbox 2211 3350 3838 3432">
     <span class='ocr_line' id='line_1_78' title="bbox 2211 3350 3838 3432; baseline -0.01 -14"><span class='ocrx_word' id='word_1_534' title='bbox 2211 3380 2269 3417; x_wconf 83' lang='grc' dir='ltr'><strong>τε</strong></span> <span class='ocrx_word' id='word_1_535' title='bbox 2300 3357 2353 3413; x_wconf 78' lang='grc' dir='ltr'>ἐν</span> <span class='ocrx_word' id='word_1_536' title='bbox 2388 3358 2580 3430; x_wconf 80' lang='grc' dir='ltr'>Νικαίᾳ</span> <span class='ocrx_word' id='word_1_537' title='bbox 2623 3355 2899 3432; x_wconf 85' lang='grc' dir='ltr'>δηλονότι,</span> <span class='ocrx_word' id='word_1_538' title='bbox 2960 3357 2996 3425; x_wconf 78' lang='grc' dir='ltr'><strong>ἢ</strong></span> <span class='ocrx_word' id='word_1_539' title='bbox 3057 3358 3149 3414; x_wconf 82' lang='grc' dir='ltr'><strong>καὶ</strong></span> <span class='ocrx_word' id='word_1_540' title='bbox 3194 3359 3424 3425; x_wconf 78' lang='grc' dir='ltr'>συνῆλθε</span> <span class='ocrx_word' id='word_1_541' title='bbox 3456 3355 3592 3414; x_wconf 86' lang='grc' dir='ltr'><strong>κατά</strong></span> <span class='ocrx_word' id='word_1_542' title='bbox 3630 3350 3838 3418; x_wconf 79' lang='grc' dir='ltr'>Ἀρείου,</span> 
     </span>
    </p>
   </div>
   <div class='ocr_carea' id='block_1_79' title="bbox 2215 3436 3837 3526">
    <p class='ocr_par' dir='ltr' id='par_1_79' title="bbox 2215 3436 3837 3526">
     <span class='ocr_line' id='line_1_79' title="bbox 2215 3436 3837 3526; baseline -0.001 -23"><span class='ocrx_word' id='word_1_543' title='bbox 2215 3448 2302 3504; x_wconf 77' lang='grc' dir='ltr'><strong>καὶ</strong></span> <span class='ocrx_word' id='word_1_544' title='bbox 2360 3452 2428 3524; x_wconf 77' lang='grc' dir='ltr'><strong>τῇ</strong></span> <span class='ocrx_word' id='word_1_545' title='bbox 2508 3447 2563 3503; x_wconf 73' lang='grc' dir='ltr'>ἐν</span> <span class='ocrx_word' id='word_1_546' title='bbox 2639 3446 3221 3526; x_wconf 79' lang='grc' dir='ltr'>Κωνσταντινουπόλει,</span> <span class='ocrx_word' id='word_1_547' title='bbox 3296 3448 3554 3526; x_wconf 76' lang='grc' dir='ltr'>ἠθροίσθη</span> <span class='ocrx_word' id='word_1_548' title='bbox 3624 3440 3675 3498; x_wconf 75' lang='grc' dir='ltr'><strong>δὲ</strong></span> <span class='ocrx_word' id='word_1_549' title='bbox 3721 3436 3837 3502; x_wconf 66' lang='grc' dir='ltr'>αὕτη</span> 
     </span>
    </p>
   </div>
   <div class='ocr_carea' id='block_1_80' title="bbox 2215 3534 3840 3616">
    <p class='ocr_par' dir='ltr' id='par_1_80' title="bbox 2215 3534 3840 3616">
     <span class='ocr_line' id='line_1_80' title="bbox 2215 3534 3840 3616; baseline -0.007 -22"><span class='ocrx_word' id='word_1_550' title='bbox 2215 3540 2351 3596; x_wconf 86' lang='grc' dir='ltr'>κατὰ</span> <span class='ocrx_word' id='word_1_551' title='bbox 2400 3535 2724 3595; x_wconf 79' lang='grc' dir='ltr'>Μακεδονίου</span> <span class='ocrx_word' id='word_1_552' title='bbox 2761 3555 2775 3573; x_wconf 78' lang='grc' dir='ltr'><strong><em>ο</em></strong></span> <span class='ocrx_word' id='word_1_553' title='bbox 2828 3536 2916 3594; x_wconf 78' lang='grc' dir='ltr'><strong>καὶ</strong></span> <span class='ocrx_word' id='word_1_554' title='bbox 2975 3537 3045 3607; x_wconf 65' lang='grc' dir='ltr'><strong>τῇ</strong></span> <span class='ocrx_word' id='word_1_555' title='bbox 3098 3536 3154 3592; x_wconf 72' lang='grc' dir='ltr'>ἐν</span> <span class='ocrx_word' id='word_1_556' title='bbox 3196 3535 3436 3616; x_wconf 78' lang='grc' dir='ltr'>Ἐφέσῳ,</span> <span class='ocrx_word' id='word_1_557' title='bbox 3470 3534 3606 3593; x_wconf 84' lang='grc' dir='ltr'><strong>κατά</strong></span> <span class='ocrx_word' id='word_1_558' title='bbox 3654 3541 3840 3591; x_wconf 78' lang='grc' dir='ltr'>Νεστο-</span> 
     </span>
    </p>
   </div>
   <div class='ocr_carea' id='block_1_81' title="bbox 2216 3617 3841 3707">
    <p class='ocr_par' dir='ltr' id='par_1_81' title="bbox 2216 3617 3841 3707">
     <span class='ocr_line' id='line_1_81' title="bbox 2216 3617 3841 3707; baseline -0.007 -24"><span class='ocrx_word' id='word_1_559' title='bbox 2216 3628 2348 3704; x_wconf 83' lang='grc' dir='ltr'>ρίου,</span> <span class='ocrx_word' id='word_1_560' title='bbox 2397 3626 2457 3682; x_wconf 81' lang='grc' dir='ltr'>τὸ</span> <span class='ocrx_word' id='word_1_561' title='bbox 2502 3625 2807 3706; x_wconf 73' lang='grc' dir='ltr'>πρότεροι),</span> <span class='ocrx_word' id='word_1_562' title='bbox 2874 3623 3124 3707; x_wconf 78' lang='grc' dir='ltr'>δέχεσθαι</span> <span class='ocrx_word' id='word_1_563' title='bbox 3190 3627 3277 3683; x_wconf 83' lang='grc' dir='ltr'><strong>καὶ</strong></span> <span class='ocrx_word' id='word_1_564' title='bbox 3339 3628 3436 3684; x_wconf 77' lang='grc' dir='ltr'>τὸν</span> <span class='ocrx_word' id='word_1_565' title='bbox 3492 3617 3841 3707; x_wconf 73' lang='grc' dir='ltr'>ἐκφωνηθέντα</span> 
     </span>
    </p>
   </div>
   <div class='ocr_carea' id='block_1_82' title="bbox 2216 3706 3841 3797">
    <p class='ocr_par' dir='ltr' id='par_1_82' title="bbox 2216 3706 3841 3797">
     <span class='ocr_line' id='line_1_82' title="bbox 2216 3706 3841 3797; baseline 0 -23"><span class='ocrx_word' id='word_1_566' title='bbox 2216 3718 2337 3797; x_wconf 82' lang='grc' dir='ltr'>ὅρον</span> <span class='ocrx_word' id='word_1_567' title='bbox 2374 3718 2476 3774; x_wconf 74' lang='grc' dir='ltr'>ὑπὸ</span> <span class='ocrx_word' id='word_1_568' title='bbox 2506 3725 2601 3785; x_wconf 72' lang='grc' dir='ltr'>τὴς</span> <span class='ocrx_word' id='word_1_569' title='bbox 2632 3724 2719 3774; x_wconf 88' lang='grc' dir='ltr'><strong>νῦν</strong></span> <span class='ocrx_word' id='word_1_570' title='bbox 2747 3720 2802 3773; x_wconf 68' lang='grc' dir='ltr'>ἓν</span> <span class='ocrx_word' id='word_1_571' title='bbox 2844 3706 3148 3785; x_wconf 78' lang='grc' dir='ltr'>Χαλκηδόνι</span> <span class='ocrx_word' id='word_1_572' title='bbox 3213 3715 3661 3796; x_wconf 83' lang='grc' dir='ltr'>συγκροτηθείσης</span> <span class='ocrx_word' id='word_1_573' title='bbox 3696 3728 3710 3743; x_wconf 88' lang='grc'><strong>⁹</strong></span> <span class='ocrx_word' id='word_1_574' title='bbox 3757 3706 3841 3797; x_wconf 11' lang='lat' dir='ltr'><strong>ﬁt?“</strong></span> 
     </span>
    </p>
   </div>
   <div class='ocr_carea' id='block_1_83' title="bbox 2216 3796 3839 3887">
    <p class='ocr_par' dir='ltr' id='par_1_83' title="bbox 2216 3796 3839 3887">
     <span class='ocr_line' id='line_1_83' title="bbox 2216 3796 3839 3887; baseline -0.007 -23"><span class='ocrx_word' id='word_1_575' title='bbox 2216 3796 2311 3875; x_wconf 70' lang='grc' dir='ltr'><strong>τῆς</strong></span> <span class='ocrx_word' id='word_1_576' title='bbox 2368 3808 2656 3883; x_wconf 80' lang='grc' dir='ltr'>Διοσκόρου</span> <span class='ocrx_word' id='word_1_577' title='bbox 2700 3808 2978 3871; x_wconf 73' lang='grc' dir='ltr'>κοινωνίας</span> <span class='ocrx_word' id='word_1_578' title='bbox 3040 3808 3464 3887; x_wconf 74' lang='grc' dir='ltr'>ἀπορραγεῖσαν,</span> <span class='ocrx_word' id='word_1_579' title='bbox 3526 3796 3839 3887; x_wconf 60' lang='grc' dir='ltr'>Ἰουϐεναλίιιι</span> 
     </span>
    </p>
   </div>
   <div class='ocr_carea' id='block_1_84' title="bbox 2216 3884 3839 3977">
    <p class='ocr_par' dir='ltr' id='par_1_84' title="bbox 2216 3884 3839 3977">
     <span class='ocr_line' id='line_1_84' title="bbox 2216 3884 3839 3977; baseline 0.001 -24"><span class='ocrx_word' id='word_1_580' title='bbox 2216 3897 2292 3972; x_wconf 75' lang='grc' dir='ltr'>τῷ</span> <span class='ocrx_word' id='word_1_581' title='bbox 2320 3896 2733 3977; x_wconf 80' lang='grc' dir='ltr'>ἀρχιεπισκόπῳ</span> <span class='ocrx_word' id='word_1_582' title='bbox 2783 3884 3170 3975; x_wconf 82' lang='grc' dir='ltr'>Ἰεροσολύμων</span> <span class='ocrx_word' id='word_1_583' title='bbox 3219 3884 3506 3953; x_wconf 76' lang='grc' dir='ltr'>κοινωνεῖν</span> <span class='ocrx_word' id='word_1_584' title='bbox 3565 3891 3720 3964; x_wconf 77' lang='grc' dir='ltr'>ὅλως,</span> <span class='ocrx_word' id='word_1_585' title='bbox 3763 3884 3839 3940; x_wconf 61' lang='grc' dir='ltr'><strong>καὶ</strong></span> 
     </span>
    </p>
   </div>
   <div class='ocr_carea' id='block_1_85' title="bbox 2218 3986 2967 4066">
    <p class='ocr_par' dir='ltr' id='par_1_85' title="bbox 2218 3986 2967 4066">
     <span class='ocr_line' id='line_1_85' title="bbox 2218 3986 2967 4066; baseline -0.001 -23"><span class='ocrx_word' id='word_1_586' title='bbox 2218 3987 2349 4065; x_wconf 78' lang='grc' dir='ltr'>πρὸς</span> <span class='ocrx_word' id='word_1_587' title='bbox 2378 3986 2587 4044; x_wconf 76' lang='grc' dir='ltr'>ἅπαντα</span> <span class='ocrx_word' id='word_1_588' title='bbox 2617 3998 2967 4066; x_wconf 70' lang='grc' dir='ltr'>συμφρονεῖν,</span> 
     </span>
    </p>
   </div>
   <div class='ocr_carea' id='block_1_86' title="bbox 2299 4158 3837 4254">
    <p class='ocr_par' dir='ltr' id='par_1_86' title="bbox 2299 4158 3837 4254">
     <span class='ocr_line' id='line_1_86' title="bbox 2299 4158 3837 4254; baseline -0.008 -33"><span class='ocrx_word' id='word_1_589' title='bbox 2299 4164 2451 4239; x_wconf 59' lang='lat' dir='ltr'><strong>HQ”.</strong></span> <span class='ocrx_word' id='word_1_590' title='bbox 2486 4170 2659 4223; x_wconf 84' lang='grc' dir='ltr'>Ταῦτα</span> <span class='ocrx_word' id='word_1_591' title='bbox 2693 4166 2718 4221; x_wconf 83' lang='grc' dir='ltr'>ὁ</span> <span class='ocrx_word' id='word_1_592' title='bbox 2748 4165 2846 4240; x_wconf 72' lang='grc' dir='ltr'>μὲν</span> <span class='ocrx_word' id='word_1_593' title='bbox 2882 4164 3070 4238; x_wconf 80' lang='grc' dir='ltr'>εἰπὼν,</span> <span class='ocrx_word' id='word_1_594' title='bbox 3116 4166 3204 4221; x_wconf 84' lang='grc' dir='ltr'><strong>καὶ</strong></span> <span class='ocrx_word' id='word_1_595' title='bbox 3243 4169 3342 4233; x_wconf 75' lang='grc' dir='ltr'><strong>τῆς</strong></span> <span class='ocrx_word' id='word_1_596' title='bbox 3386 4160 3658 4243; x_wconf 75' lang='grc' dir='ltr'>βασιλίδος</span> <span class='ocrx_word' id='word_1_597' title='bbox 3690 4158 3837 4254; x_wconf 47' lang='grc' dir='ltr'>ὑπερζ</span> 
     </span>
    </p>
   </div>
   <div class='ocr_carea' id='block_1_87' title="bbox 2219 4245 3842 4332">
    <p class='ocr_par' dir='ltr' id='par_1_87' title="bbox 2219 4245 3842 4332">
     <span class='ocr_line' id='line_1_87' title="bbox 2219 4245 3842 4332; baseline -0.006 -22"><span class='ocrx_word' id='word_1_598' title='bbox 2219 4252 2525 4328; x_wconf 74' lang='grc' dir='ltr'>ευξάμενος,</span> <span class='ocrx_word' id='word_1_599' title='bbox 2562 4254 2687 4310; x_wconf 76' lang='grc' dir='ltr'>εἶτα</span> <span class='ocrx_word' id='word_1_600' title='bbox 2719 4253 2813 4311; x_wconf 74' lang='grc' dir='ltr'>καί</span> <span class='ocrx_word' id='word_1_601' title='bbox 2842 4250 3232 4328; x_wconf 72' lang='grc' dir='ltr'>συνταξάμενος</span> <span class='ocrx_word' id='word_1_602' title='bbox 3286 4258 3444 4332; x_wconf 69' lang='grc' dir='ltr'>αὐτῇ,</span> <span class='ocrx_word' id='word_1_603' title='bbox 3500 4253 3748 4332; x_wconf 70' lang='grc' dir='ltr'>ἐπιχωρεῖ.</span> <span class='ocrx_word' id='word_1_604' title='bbox 3789 4245 3842 4295; x_wconf 79' lang='grc' dir='ltr'>Ἡ</span> 
     </span>
    </p>
   </div>
   <div class='ocr_carea' id='block_1_88' title="bbox 482 4332 2131 4434">
    <p class='ocr_par' dir='ltr' id='par_1_88' title="bbox 482 4339 2131 4424">
     <span class='ocr_line' id='line_1_88' title="bbox 482 4339 2131 4424; baseline -0.001 -18"><span class='ocrx_word' id='word_1_605' title='bbox 482 4342 652 4424; x_wconf 90' lang='lat' dir='ltr'><strong>operi</strong></span> <span class='ocrx_word' id='word_1_606' title='bbox 679 4349 975 4422; x_wconf 71' lang='lat' dir='ltr'><strong>prmcepta</strong></span> <span class='ocrx_word' id='word_1_607' title='bbox 1000 4339 1330 4415; x_wconf 84' lang='lat' dir='ltr'><strong>mandavit;</strong></span> <span class='ocrx_word' id='word_1_608' title='bbox 1354 4348 1743 4423; x_wconf 84' lang='lat' dir='ltr'><strong>sanctamque</strong></span> <span class='ocrx_word' id='word_1_609' title='bbox 1766 4342 2036 4423; x_wconf 90' lang='lat' dir='ltr'><strong>ingressa</strong></span> <span class='ocrx_word' id='word_1_610' title='bbox 2054 4344 2131 4404; x_wconf 85' lang='lat' dir='ltr'><strong>ci-</strong></span> 
     </span>
    </p>
   </div>
   <div class='ocr_carea' id='block_1_89' title="bbox 2220 4332 3839 4434">
    <p class='ocr_par' dir='ltr' id='par_1_89' title="bbox 2220 4332 3839 4434">
     <span class='ocr_line' id='line_1_89' title="bbox 2220 4332 3839 4434; baseline -0.005 -35"><span class='ocrx_word' id='word_1_611' title='bbox 2220 4342 2273 4400; x_wconf 69' lang='grc' dir='ltr'><strong>δὲ</strong></span> <span class='ocrx_word' id='word_1_612' title='bbox 2318 4343 2491 4423; x_wconf 72' lang='grc' dir='ltr'>εὔθὺς,</span> <span class='ocrx_word' id='word_1_613' title='bbox 2526 4341 2663 4421; x_wconf 82' lang='grc' dir='ltr'>ἔργῳ</span> <span class='ocrx_word' id='word_1_614' title='bbox 2696 4342 2759 4398; x_wconf 81' lang='grc' dir='ltr'>τὰ</span> <span class='ocrx_word' id='word_1_615' title='bbox 2790 4341 3145 4418; x_wconf 73' lang='grc' dir='ltr'>ἐντεταλμένα</span> <span class='ocrx_word' id='word_1_616' title='bbox 3177 4342 3344 4403; x_wconf 70' lang='grc' dir='ltr'>ἐδίδου</span> <span class='ocrx_word' id='word_1_617' title='bbox 3377 4364 3391 4378; x_wconf 92' lang='grc'><strong>·</strong></span> <span class='ocrx_word' id='word_1_618' title='bbox 3448 4344 3539 4400; x_wconf 84' lang='grc' dir='ltr'><strong>καὶ</strong></span> <span class='ocrx_word' id='word_1_619' title='bbox 3581 4340 3675 4407; x_wconf 75' lang='grc' dir='ltr'>τὴν</span> <span class='ocrx_word' id='word_1_620' title='bbox 3706 4332 3839 4434; x_wconf 40' lang='lat' dir='ltr'><strong>Eryli:</strong></span> 
     </span>
    </p>
   </div>
   <div class='ocr_carea' id='block_1_90' title="bbox 482 4416 2131 4510">
    <p class='ocr_par' dir='ltr' id='par_1_90' title="bbox 482 4416 2131 4504">
     <span class='ocr_line' id='line_1_90' title="bbox 482 4416 2131 4504; baseline 0.001 -13"><span class='ocrx_word' id='word_1_621' title='bbox 482 4416 753 4504; x_wconf 80' lang='lat' dir='ltr'><strong>vitalem,</strong></span> <span class='ocrx_word' id='word_1_622' title='bbox 784 4416 1059 4491; x_wconf 76' lang='lat' dir='ltr'><strong>Juvenali</strong></span> <span class='ocrx_word' id='word_1_623' title='bbox 1086 4437 1142 4489; x_wconf 91' lang='lat' dir='ltr'><strong>et</strong></span> <span class='ocrx_word' id='word_1_624' title='bbox 1165 4428 1479 4492; x_wconf 65' lang='lat' dir='ltr'><strong>catholica;</strong></span> <span class='ocrx_word' id='word_1_625' title='bbox 1500 4416 1901 4494; x_wconf 73' lang='lat' dir='ltr'><strong>communicat</strong></span> <span class='ocrx_word' id='word_1_626' title='bbox 1919 4432 2131 4497; x_wconf 85' lang='lat' dir='ltr'><strong>Eccle-</strong></span> 
     </span>
    </p>
   </div>
   <div class='ocr_carea' id='block_1_91' title="bbox 2220 4416 3834 4510">
    <p class='ocr_par' dir='ltr' id='par_1_91' title="bbox 2220 4416 3834 4510">
     <span class='ocr_line' id='line_1_91' title="bbox 2220 4416 3834 4510; baseline 0.003 -21"><span class='ocrx_word' id='word_1_627' title='bbox 2220 4416 2521 4491; x_wconf 57' lang='grc' dir='ltr'>είσελθοῦέα</span> <span class='ocrx_word' id='word_1_628' title='bbox 2554 4416 2759 4505; x_wconf 69' lang='grc' dir='ltr'>πόλιν,</span> <span class='ocrx_word' id='word_1_629' title='bbox 2817 4416 3155 4508; x_wconf 79' lang='grc' dir='ltr'>Ἰουϐεναλίῳ</span> <span class='ocrx_word' id='word_1_630' title='bbox 3197 4455 3254 4490; x_wconf 85' lang='grc' dir='ltr'><strong>τε</strong></span> <span class='ocrx_word' id='word_1_631' title='bbox 3325 4434 3416 4490; x_wconf 83' lang='grc' dir='ltr'><strong>καὶ</strong></span> <span class='ocrx_word' id='word_1_632' title='bbox 3474 4438 3542 4510; x_wconf 80' lang='grc' dir='ltr'><strong>τῇ</strong></span> <span class='ocrx_word' id='word_1_633' title='bbox 3599 4422 3834 4494; x_wconf 69' lang='grc' dir='ltr'>καθολικῇ</span> 
     </span>
    </p>
   </div>
   <div class='ocr_carea' id='block_1_92' title="bbox 486 4517 2134 4604">
    <p class='ocr_par' dir='ltr' id='par_1_92' title="bbox 486 4517 2134 4604">
     <span class='ocr_line' id='line_1_92' title="bbox 486 4517 2134 4604; baseline 0.002 -23"><span class='ocrx_word' id='word_1_634' title='bbox 486 4517 927 4595; x_wconf 75' lang='lat' dir='ltr'><strong>siae;simuique</strong></span> <span class='ocrx_word' id='word_1_635' title='bbox 948 4517 1256 4599; x_wconf 83' lang='lat' dir='ltr'><strong>ingentem</strong></span> <span class='ocrx_word' id='word_1_636' title='bbox 1277 4521 1707 4582; x_wconf 85' lang='lat' dir='ltr'><strong>monachorum</strong></span> <span class='ocrx_word' id='word_1_637' title='bbox 1726 4520 2134 4604; x_wconf 91' lang='lat' dir='ltr'><strong>laicorumque</strong></span> 
     </span>
    </p>
   </div>
   <div class='ocr_carea' id='block_1_93' title="bbox 486 4607 2128 4691">
    <p class='ocr_par' dir='ltr' id='par_1_93' title="bbox 486 4607 2128 4691">
     <span class='ocr_line' id='line_1_93' title="bbox 486 4607 2128 4691; baseline 0.003 -22"><span class='ocrx_word' id='word_1_638' title='bbox 486 4607 933 4670; x_wconf 82' lang='lat' dir='ltr'><strong>multitudinem</strong></span> <span class='ocrx_word' id='word_1_639' title='bbox 949 4607 2128 4691; x_wconf 83' lang='lat' dir='ltr'><strong>confestiminducit;iisquemadmodum</strong></span> 
     </span>
    </p>
   </div>
   <div class='ocr_carea' id='block_1_94' title="bbox 489 4695 2133 4783">
    <p class='ocr_par' dir='ltr' id='par_1_94' title="bbox 489 4695 2133 4783">
     <span class='ocr_line' id='line_1_94' title="bbox 489 4695 2133 4783; baseline 0.004 -25"><span class='ocrx_word' id='word_1_640' title='bbox 489 4695 1003 4771; x_wconf 85' lang='lat' dir='ltr'><strong>dissensionis,ita</strong></span> <span class='ocrx_word' id='word_1_641' title='bbox 1022 4702 1537 4763; x_wconf 88' lang='lat' dir='ltr'><strong>etcommunionis</strong></span> <span class='ocrx_word' id='word_1_642' title='bbox 1551 4700 1893 4783; x_wconf 82' lang='lat' dir='ltr'><strong>exemplum</strong></span> <span class='ocrx_word' id='word_1_643' title='bbox 1908 4702 2133 4783; x_wconf 89' lang='lat' dir='ltr'><strong>optime</strong></span> 
     </span>
    </p>
   </div>
   <div class='ocr_carea' id='block_1_95' title="bbox 488 4784 2130 4872">
    <p class='ocr_par' dir='ltr' id='par_1_95' title="bbox 488 4784 2130 4872">
     <span class='ocr_line' id='line_1_95' title="bbox 488 4784 2130 4872; baseline 0.004 -24"><span class='ocrx_word' id='word_1_644' title='bbox 488 4787 664 4849; x_wconf 81' lang='lat' dir='ltr'><strong>facta.</strong></span> <span class='ocrx_word' id='word_1_645' title='bbox 700 4784 967 4859; x_wconf 89' lang='lat' dir='ltr'><strong>Quorum</strong></span> <span class='ocrx_word' id='word_1_646' title='bbox 1001 4805 1155 4849; x_wconf 91' lang='lat' dir='ltr'><strong>unus</strong></span> <span class='ocrx_word' id='word_1_647' title='bbox 1184 4786 1294 4851; x_wconf 81' lang='lat' dir='ltr'><strong>fuit</strong></span> <span class='ocrx_word' id='word_1_648' title='bbox 1335 4789 1808 4854; x_wconf 85' lang='lat' dir='ltr'><strong>archimandrita</strong></span> <span class='ocrx_word' id='word_1_649' title='bbox 1832 4791 2130 4872; x_wconf 85' lang='lat' dir='ltr'><strong>Elpidius.</strong></span> 
     </span>
    </p>
   </div>
   <div class='ocr_carea' id='block_1_96' title="bbox 489 4875 2134 4961">
    <p class='ocr_par' dir='ltr' id='par_1_96' title="bbox 489 4875 2134 4961">
     <span class='ocr_line' id='line_1_96' title="bbox 489 4875 2134 4961; baseline 0.007 -26"><span class='ocrx_word' id='word_1_650' title='bbox 489 4875 989 4956; x_wconf 85' lang='lat' dir='ltr'><strong>Quandoquidem</strong></span> <span class='ocrx_word' id='word_1_651' title='bbox 1015 4878 1356 4952; x_wconf 86' lang='lat' dir='ltr'><strong>Gerontius,</strong></span> <span class='ocrx_word' id='word_1_652' title='bbox 1383 4892 1449 4941; x_wconf 90' lang='lat' dir='ltr'><strong>ut</strong></span> <span class='ocrx_word' id='word_1_653' title='bbox 1470 4881 1573 4961; x_wconf 90' lang='lat' dir='ltr'><strong>qui</strong></span> <span class='ocrx_word' id='word_1_654' title='bbox 1593 4880 1872 4945; x_wconf 88' lang='lat' dir='ltr'><strong>maluerit</strong></span> <span class='ocrx_word' id='word_1_655' title='bbox 1891 4882 1951 4944; x_wconf 92' lang='lat' dir='ltr'><strong>in</strong></span> <span class='ocrx_word' id='word_1_656' title='bbox 1978 4882 2134 4946; x_wconf 86' lang='lat' dir='ltr'><strong>malo</strong></span> 
     </span>
    </p>
   </div>
   <div class='ocr_carea' id='block_1_97' title="bbox 493 4966 2136 5055">
    <p class='ocr_par' dir='ltr' id='par_1_97' title="bbox 493 4966 2136 5055">
     <span class='ocr_line' id='line_1_97' title="bbox 493 4966 2136 5055; baseline 0.004 -26"><span class='ocrx_word' id='word_1_657' title='bbox 493 4984 955 5044; x_wconf 84' lang='lat' dir='ltr'><strong>consenescere,</strong></span> <span class='ocrx_word' id='word_1_658' title='bbox 994 4985 1112 5029; x_wconf 92' lang='lat' dir='ltr'><strong>non</strong></span> <span class='ocrx_word' id='word_1_659' title='bbox 1144 4966 1261 5030; x_wconf 86' lang='lat' dir='ltr'><strong>sibi</strong></span> <span class='ocrx_word' id='word_1_660' title='bbox 1284 4968 1504 5053; x_wconf 90' lang='lat' dir='ltr'><strong>solum,</strong></span> <span class='ocrx_word' id='word_1_661' title='bbox 1527 4970 1631 5032; x_wconf 90' lang='lat' dir='ltr'><strong>sed</strong></span> <span class='ocrx_word' id='word_1_662' title='bbox 1669 4971 1868 5034; x_wconf 90' lang='lat' dir='ltr'><strong>multis</strong></span> <span class='ocrx_word' id='word_1_663' title='bbox 1897 4991 2136 5055; x_wconf 86' lang='lat' dir='ltr'><strong>quoque</strong></span> 
     </span>
    </p>
   </div>
   <div class='ocr_carea' id='block_1_98' title="bbox 2220 4517 3833 4600">
    <p class='ocr_par' dir='ltr' id='par_1_98' title="bbox 2220 4517 3833 4600">
     <span class='ocr_line' id='line_1_98' title="bbox 2220 4517 3833 4600; baseline -0.007 -17"><span class='ocrx_word' id='word_1_664' title='bbox 2220 4517 2510 4596; x_wconf 72' lang='grc' dir='ltr'>Ἐκκλησία</span> <span class='ocrx_word' id='word_1_665' title='bbox 2534 4537 2789 4580; x_wconf 80' lang='grc' dir='ltr'>κοινωνεῖ</span> <span class='ocrx_word' id='word_1_666' title='bbox 2828 4541 2841 4555; x_wconf 90' lang='grc'>·</span> <span class='ocrx_word' id='word_1_667' title='bbox 2878 4520 3014 4579; x_wconf 81' lang='grc' dir='ltr'>πολὺ</span> <span class='ocrx_word' id='word_1_668' title='bbox 3057 4522 3111 4578; x_wconf 78' lang='grc' dir='ltr'><strong>δὲ</strong></span> <span class='ocrx_word' id='word_1_669' title='bbox 3156 4524 3243 4581; x_wconf 85' lang='grc' dir='ltr'><strong>καὶ</strong></span> <span class='ocrx_word' id='word_1_670' title='bbox 3272 4521 3478 4592; x_wconf 72' lang='grc' dir='ltr'>πλῆθος</span> <span class='ocrx_word' id='word_1_671' title='bbox 3513 4521 3760 4600; x_wconf 84' lang='grc' dir='ltr'>μοναχῶν</span> <span class='ocrx_word' id='word_1_672' title='bbox 3787 4528 3833 4600; x_wconf 55' lang='grc' dir='ltr'>τε</span> 
     </span>
    </p>
   </div>
   <div class='ocr_carea' id='block_1_99' title="bbox 2215 4598 3830 4692">
    <p class='ocr_par' dir='ltr' id='par_1_99' title="bbox 2215 4598 3830 4692">
     <span class='ocr_line' id='line_1_99' title="bbox 2215 4598 3830 4692; baseline -0.004 -23"><span class='ocrx_word' id='word_1_673' title='bbox 2215 4616 2303 4669; x_wconf 75' lang='grc' dir='ltr'>καὶ</span> <span class='ocrx_word' id='word_1_674' title='bbox 2332 4612 2537 4669; x_wconf 76' lang='grc' dir='ltr'>λα’ίκῶν</span> <span class='ocrx_word' id='word_1_675' title='bbox 2581 4612 2769 4689; x_wconf 83' lang='grc' dir='ltr'>ἀθρόον</span> <span class='ocrx_word' id='word_1_676' title='bbox 2826 4610 3081 4691; x_wconf 70' lang='grc' dir='ltr'>ἐπάγεται</span> <span class='ocrx_word' id='word_1_677' title='bbox 3116 4630 3131 4646; x_wconf 76' lang='grc' dir='ltr'><strong>ο</strong></span> <span class='ocrx_word' id='word_1_678' title='bbox 3198 4614 3431 4692; x_wconf 73' lang='grc' dir='ltr'>καθάπερ</span> <span class='ocrx_word' id='word_1_679' title='bbox 3480 4598 3659 4671; x_wconf 73' lang='grc' dir='ltr'>αῦτοῖς</span> <span class='ocrx_word' id='word_1_680' title='bbox 3707 4598 3830 4692; x_wconf 52' lang='lat'><strong>61:6-</strong></span> 
     </span>
    </p>
   </div>
   <div class='ocr_carea' id='block_1_100' title="bbox 2214 4688 3826 4784">
    <p class='ocr_par' dir='ltr' id='par_1_100' title="bbox 2214 4688 3826 4784">
     <span class='ocr_line' id='line_1_100' title="bbox 2214 4688 3826 4784; baseline -0.006 -24"><span class='ocrx_word' id='word_1_681' title='bbox 2214 4704 2405 4784; x_wconf 79' lang='grc' dir='ltr'>δειγμα</span> <span class='ocrx_word' id='word_1_682' title='bbox 2448 4706 2545 4769; x_wconf 75' lang='grc' dir='ltr'><strong>τῆς</strong></span> <span class='ocrx_word' id='word_1_683' title='bbox 2574 4688 3116 4783; x_wconf 30' lang='grc' dir='ltr'>διὰστάσεωςίοῦτω</span> <span class='ocrx_word' id='word_1_684' title='bbox 3160 4704 3248 4759; x_wconf 78' lang='grc' dir='ltr'><strong>καὶ</strong></span> <span class='ocrx_word' id='word_1_685' title='bbox 3292 4688 3826 4784; x_wconf 29' lang='grc' dir='ltr'>τῆς-κοινωνίαςάρι·</span> 
     </span>
    </p>
   </div>
   <div class='ocr_carea' id='block_1_101' title="bbox 2216 4780 3825 4873">
    <p class='ocr_par' dir='ltr' id='par_1_101' title="bbox 2216 4780 3825 4873">
     <span class='ocr_line' id='line_1_101' title="bbox 2216 4780 3825 4873; baseline -0.012 -22"><span class='ocrx_word' id='word_1_686' title='bbox 2216 4780 2319 4851; x_wconf 80' lang='grc' dir='ltr'><strong>στα</strong></span> <span class='ocrx_word' id='word_1_687' title='bbox 2342 4792 2630 4872; x_wconf 79' lang='grc' dir='ltr'>γενομένη.</span> <span class='ocrx_word' id='word_1_688' title='bbox 2682 4784 2779 4849; x_wconf 72' lang='grc' dir='ltr'>Ὧν</span> <span class='ocrx_word' id='word_1_689' title='bbox 2836 4780 2920 4857; x_wconf 74' lang='grc' dir='ltr'>εἷς</span> <span class='ocrx_word' id='word_1_690' title='bbox 2968 4794 3057 4850; x_wconf 80' lang='grc' dir='ltr'>καὶ</span> <span class='ocrx_word' id='word_1_691' title='bbox 3114 4794 3141 4849; x_wconf 80' lang='grc' dir='ltr'>δ</span> <span class='ocrx_word' id='word_1_692' title='bbox 3186 4792 3610 4873; x_wconf 79' lang='grc' dir='ltr'>ἀρχιμανδρίτης</span> <span class='ocrx_word' id='word_1_693' title='bbox 3654 4780 3825 4842; x_wconf 81' lang='grc' dir='ltr'>Ἐλπί-</span> 
     </span>
    </p>
   </div>
   <div class='ocr_carea' id='block_1_102' title="bbox 2216 4874 3829 4958">
    <p class='ocr_par' dir='ltr' id='par_1_102' title="bbox 2216 4874 3829 4958">
     <span class='ocr_line' id='line_1_102' title="bbox 2216 4874 3829 4958; baseline -0.005 -19"><span class='ocrx_word' id='word_1_694' title='bbox 2216 4881 2325 4945; x_wconf 85' lang='grc' dir='ltr'>διος</span> <span class='ocrx_word' id='word_1_695' title='bbox 2369 4881 2457 4949; x_wconf 79' lang='grc' dir='ltr'>ἦν,</span> <span class='ocrx_word' id='word_1_696' title='bbox 2492 4881 2645 4939; x_wconf 80' lang='grc' dir='ltr'>Ἐπεί</span> <span class='ocrx_word' id='word_1_697' title='bbox 2673 4902 2754 4937; x_wconf 89' lang='grc' dir='ltr'><strong>τοι</strong></span> <span class='ocrx_word' id='word_1_698' title='bbox 2788 4880 3062 4958; x_wconf 80' lang='grc' dir='ltr'>Γερόντιος</span> <span class='ocrx_word' id='word_1_699' title='bbox 3094 4887 3172 4955; x_wconf 81' lang='grc' dir='ltr'>τῷ</span> <span class='ocrx_word' id='word_1_700' title='bbox 3202 4890 3352 4957; x_wconf 85' lang='grc' dir='ltr'><strong>κακῷ</strong></span> <span class='ocrx_word' id='word_1_701' title='bbox 3407 4880 3610 4957; x_wconf 82' lang='grc' dir='ltr'>μᾶλλον</span> <span class='ocrx_word' id='word_1_702' title='bbox 3642 4874 3829 4945; x_wconf 51' lang='lat' dir='ltr'><strong>intra“</strong></span> 
     </span>
    </p>
   </div>
   <div class='ocr_carea' id='block_1_103' title="bbox 2218 4958 3832 5053">
    <p class='ocr_par' dir='ltr' id='par_1_103' title="bbox 2218 4958 3832 5053">
     <span class='ocr_line' id='line_1_103' title="bbox 2218 4958 3832 5053; baseline -0.009 -24"><span class='ocrx_word' id='word_1_703' title='bbox 2218 4994 2375 5053; x_wconf 87' lang='grc' dir='ltr'>ρασαι</span> <span class='ocrx_word' id='word_1_704' title='bbox 2418 4969 2675 5052; x_wconf 77' lang='grc' dir='ltr'>θελήσας,</span> <span class='ocrx_word' id='word_1_705' title='bbox 2707 4972 2813 5051; x_wconf 66' lang='grc' dir='ltr'><strong>οὔχ</strong></span> <span class='ocrx_word' id='word_1_706' title='bbox 2869 4970 3041 5046; x_wconf 78' lang='grc' dir='ltr'>ἑαυτῷ</span> <span class='ocrx_word' id='word_1_707' title='bbox 3083 4972 3270 5047; x_wconf 88' lang='grc' dir='ltr'>μόνον,</span> <span class='ocrx_word' id='word_1_708' title='bbox 3303 4971 3441 5028; x_wconf 78' lang='grc' dir='ltr'>ἀλλὰ</span> <span class='ocrx_word' id='word_1_709' title='bbox 3490 4969 3577 5028; x_wconf 73' lang='grc' dir='ltr'>καὶ</span> <span class='ocrx_word' id='word_1_710' title='bbox 3622 4958 3832 5021; x_wconf 75' lang='grc' dir='ltr'>πολλοῖς</span> 
     </span>
    </p>
   </div>
   <div class='ocr_carea' id='block_1_104' title="bbox 1814 5068 2557 5138">
    <p class='ocr_par' dir='ltr' id='par_1_104' title="bbox 1814 5068 2557 5138">
     <span class='ocr_line' id='line_1_104' title="bbox 1814 5068 2557 5138; baseline 0.001 -5"><span class='ocrx_word' id='word_1_711' title='bbox 1814 5072 2074 5136; x_wconf 72' lang='grc' dir='ltr'>νΑιιυΕ</span> <span class='ocrx_word' id='word_1_712' title='bbox 2116 5068 2557 5138; x_wconf 83' lang='lat' dir='ltr'><strong>LECTIONES.</strong></span> 
     </span>
    </p>
   </div>
   <div class='ocr_carea' id='block_1_105' title="bbox 1709 5227 2624 5298">
    <p class='ocr_par' dir='ltr' id='par_1_105' title="bbox 1709 5227 2624 5298">
     <span class='ocr_line' id='line_1_105' title="bbox 1709 5227 2624 5298; baseline -0.001 -5"><span class='ocrx_word' id='word_1_713' title='bbox 1709 5231 1919 5296; x_wconf 81' lang='lat' dir='ltr'><strong>JOAN.</strong></span> <span class='ocrx_word' id='word_1_714' title='bbox 1965 5230 2336 5298; x_wconf 87' lang='lat' dir='ltr'><strong>BOLLANDI</strong></span> <span class='ocrx_word' id='word_1_715' title='bbox 2380 5227 2624 5293; x_wconf 68' lang='lat' dir='ltr'><strong>NOTAE.</strong></span> 
     </span>
    </p>
   </div>
   <div class='ocr_carea' id='block_1_106' title="bbox 558 5146 842 5224">
    <p class='ocr_par' dir='ltr' id='par_1_106' title="bbox 558 5146 842 5224">
     <span class='ocr_line' id='line_1_106' title="bbox 558 5146 842 5224; baseline 0 -14"><span class='ocrx_word' id='word_1_716' title='bbox 558 5157 584 5200; x_wconf 70' lang='grc' dir='ltr'>(ι</span> <span class='ocrx_word' id='word_1_717' title='bbox 613 5146 691 5210; x_wconf 84' lang='lat' dir='ltr'><strong>al.</strong></span> <span class='ocrx_word' id='word_1_718' title='bbox 725 5170 842 5224; x_wconf 82' lang='grc' dir='ltr'>μοι.</span> 
     </span>
    </p>
   </div>
   <div class='ocr_carea' id='block_1_107' title="bbox 554 5334 2129 5410">
    <p class='ocr_par' dir='ltr' id='par_1_107' title="bbox 554 5334 2129 5410">
     <span class='ocr_line' id='line_1_107' title="bbox 554 5334 2129 5410; baseline 0.005 -21"><span class='ocrx_word' id='word_1_719' title='bbox 554 5334 671 5410; x_wconf 75' lang='grc'><strong>(13(</strong></span> <span class='ocrx_word' id='word_1_720' title='bbox 703 5353 724 5387; x_wconf 76' lang='grc' dir='ltr'><strong>ι</strong></span> <span class='ocrx_word' id='word_1_721' title='bbox 767 5334 1045 5410; x_wconf 69' lang='lat' dir='ltr'><strong>S._Ssbas_</strong></span> <span class='ocrx_word' id='word_1_722' title='bbox 1074 5341 1229 5396; x_wconf 87' lang='lat' dir='ltr'><strong>venit</strong></span> <span class='ocrx_word' id='word_1_723' title='bbox 1277 5337 1348 5395; x_wconf 84' lang='lat' dir='ltr'><strong>ad</strong></span> <span class='ocrx_word' id='word_1_724' title='bbox 1379 5338 1681 5410; x_wconf 86' lang='lat' dir='ltr'><strong>quemdam</strong></span> <span class='ocrx_word' id='word_1_725' title='bbox 1713 5348 1991 5408; x_wconf 86' lang='lat' dir='ltr'><strong>montem,</strong></span> <span class='ocrx_word' id='word_1_726' title='bbox 2031 5341 2129 5397; x_wconf 85' lang='lat' dir='ltr'><strong>ubi</strong></span> 
     </span>
    </p>
   </div>
   <div class='ocr_carea' id='block_1_108' title="bbox 524 5406 2128 5483">
    <p class='ocr_par' dir='ltr' id='par_1_108' title="bbox 524 5406 2128 5483">
     <span class='ocr_line' id='line_1_108' title="bbox 524 5406 2128 5483; baseline 0.002 -19"><span class='ocrx_word' id='word_1_727' title='bbox 524 5406 777 5483; x_wconf 72' lang='lat' dir='ltr'><strong>nondum</strong></span> <span class='ocrx_word' id='word_1_728' title='bbox 803 5406 896 5483; x_wconf 61' lang='grc' dir='ltr'><strong>ΔΒἸ</strong></span> <span class='ocrx_word' id='word_1_729' title='bbox 933 5406 1174 5483; x_wconf 77' lang='lat' dir='ltr'><strong>Eudocia</strong></span> <span class='ocrx_word' id='word_1_730' title='bbox 1212 5406 1587 5483; x_wconf 23' lang='lat' dir='ltr'><strong>comim&#39;anons</strong></span> <span class='ocrx_word' id='word_1_731' title='bbox 1620 5411 1889 5483; x_wconf 74' lang='lat' dir='ltr'><strong>virtutem</strong></span> <span class='ocrx_word' id='word_1_732' title='bbox 1935 5406 2128 5483; x_wconf 83' lang='lat' dir='ltr'><strong>magni</strong></span> 
     </span>
    </p>
   </div>
   <div class='ocr_carea' id='block_1_109' title="bbox 536 5478 2132 5553">
    <p class='ocr_par' dir='ltr' id='par_1_109' title="bbox 536 5478 2132 5553">
     <span class='ocr_line' id='line_1_109' title="bbox 536 5478 2132 5553; baseline 0.003 -17"><span class='ocrx_word' id='word_1_733' title='bbox 536 5478 779 5549; x_wconf 85' lang='lat' dir='ltr'><strong>uthymii</strong></span> <span class='ocrx_word' id='word_1_734' title='bbox 803 5478 1185 5553; x_wconf 64' lang='lat' dir='ltr'><strong>imitabatur.»</strong></span> <span class='ocrx_word' id='word_1_735' title='bbox 1215 5481 1293 5538; x_wconf 87' lang='lat' dir='ltr'><strong>ita</strong></span> <span class='ocrx_word' id='word_1_736' title='bbox 1321 5480 1567 5553; x_wconf 81' lang='lat' dir='ltr'><strong>Cyrillus</strong></span> <span class='ocrx_word' id='word_1_737' title='bbox 1588 5483 1645 5538; x_wconf 92' lang='lat' dir='ltr'><strong>in</strong></span> <span class='ocrx_word' id='word_1_738' title='bbox 1674 5481 1792 5538; x_wconf 86' lang='lat' dir='ltr'><strong>Vita</strong></span> <span class='ocrx_word' id='word_1_739' title='bbox 1818 5478 2132 5541; x_wconf 61' lang='lat' dir='ltr'><strong>S.Sabze&#39;ex</strong></span> 
     </span>
    </p>
   </div>
   <div class='ocr_carea' id='block_1_110' title="bbox 480 5548 2135 5689">
    <p class='ocr_par' dir='ltr' id='par_1_110' title="bbox 480 5548 2135 5689">
     <span class='ocr_line' id='line_1_110' title="bbox 480 5548 2135 5623; baseline 0.003 -19"><span class='ocrx_word' id='word_1_740' title='bbox 480 5548 955 5619; x_wconf 80' lang='lat' dir='ltr'><strong>interpretatione</strong></span> <span class='ocrx_word' id='word_1_741' title='bbox 991 5554 1222 5623; x_wconf 87' lang='lat' dir='ltr'><strong>antiqua</strong></span> <span class='ocrx_word' id='word_1_742' title='bbox 1258 5548 1489 5610; x_wconf 59' lang='lat' dir='ltr'><strong>msfcui</strong></span> <span class='ocrx_word' id='word_1_743' title='bbox 1538 5554 1821 5611; x_wconf 80' lang='lat' dir='ltr'><strong>consentit</strong></span> <span class='ocrx_word' id='word_1_744' title='bbox 1846 5568 1949 5609; x_wconf 88' lang='lat' dir='ltr'><strong>ms.</strong></span> <span class='ocrx_word' id='word_1_745' title='bbox 1978 5555 2135 5611; x_wconf 73' lang='lat' dir='ltr'><strong>Gne-</strong></span> 
     </span>
     <span class='ocr_line' id='line_1_111' title="bbox 482 5618 2135 5689; baseline 0.005 -14"><span class='ocrx_word' id='word_1_746' title='bbox 482 5632 636 5684; x_wconf 90' lang='lat' dir='ltr'><strong>cum,</strong></span> <span class='ocrx_word' id='word_1_747' title='bbox 674 5618 803 5676; x_wconf 88' lang='lat' dir='ltr'><strong>licet</strong></span> <span class='ocrx_word' id='word_1_748' title='bbox 834 5634 1134 5689; x_wconf 89' lang='lat' dir='ltr'><strong>perperam</strong></span> <span class='ocrx_word' id='word_1_749' title='bbox 1158 5624 1309 5689; x_wconf 88' lang='lat' dir='ltr'><strong>apud</strong></span> <span class='ocrx_word' id='word_1_750' title='bbox 1333 5622 1712 5689; x_wconf 86' lang='lat' dir='ltr'><strong>Lipomanum</strong></span> <span class='ocrx_word' id='word_1_751' title='bbox 1737 5634 1789 5682; x_wconf 92' lang='lat' dir='ltr'><strong>et</strong></span> <span class='ocrx_word' id='word_1_752' title='bbox 1810 5625 2048 5683; x_wconf 90' lang='lat' dir='ltr'><strong>Surium</strong></span> <span class='ocrx_word' id='word_1_753' title='bbox 2076 5629 2135 5683; x_wconf 89' lang='lat' dir='ltr'><strong>in</strong></span> 
     </span>
    </p>
   </div>
   <div class='ocr_carea' id='block_1_111' title="bbox 482 5632 2134 5769">
    <p class='ocr_par' dir='ltr' id='par_1_111' title="bbox 482 5632 2134 5769">
     <span class='ocr_line' id='line_1_112' title="bbox 482 5632 2134 5749; baseline 0.005 -74"><span class='ocrx_word' id='word_1_754' title='bbox 482 5632 636 5699; x_wconf 79' lang='lat' dir='ltr'><strong>cum,</strong></span> <span class='ocrx_word' id='word_1_755' title='bbox 674 5632 803 5676; x_wconf 85' lang='lat' dir='ltr'><strong>licet</strong></span> <span class='ocrx_word' id='word_1_756' title='bbox 834 5634 1134 5749; x_wconf 61' lang='lat' dir='ltr'><strong>perperam</strong></span> <span class='ocrx_word' id='word_1_757' title='bbox 1158 5632 1309 5695; x_wconf 85' lang='lat' dir='ltr'><strong>apud</strong></span> <span class='ocrx_word' id='word_1_758' title='bbox 1333 5632 1712 5694; x_wconf 84' lang='lat' dir='ltr'><strong>Lipomanum</strong></span> <span class='ocrx_word' id='word_1_759' title='bbox 1737 5634 1789 5682; x_wconf 91' lang='lat' dir='ltr'><strong>et</strong></span> <span class='ocrx_word' id='word_1_760' title='bbox 1810 5632 2048 5683; x_wconf 87' lang='lat' dir='ltr'><strong>Surium</strong></span> <span class='ocrx_word' id='word_1_761' title='bbox 2076 5632 2134 5683; x_wconf 84' lang='lat' dir='ltr'><strong>in</strong></span> 
     </span>
     <span class='ocr_line' id='line_1_113' title="bbox 496 5689 2134 5769; baseline 0.002 -20"><span class='ocrx_word' id='word_1_762' title='bbox 496 5689 663 5749; x_wconf 80' lang='lat' dir='ltr'><strong>ribus</strong></span> <span class='ocrx_word' id='word_1_763' title='bbox 700 5690 933 5749; x_wconf 77' lang='lat' dir='ltr'><strong>editioni</strong></span> <span class='ocrx_word' id='word_1_764' title='bbox 984 5706 1051 5751; x_wconf 85' lang='lat' dir='ltr'><strong>us</strong></span> <span class='ocrx_word' id='word_1_765' title='bbox 1082 5693 1311 5769; x_wconf 76' lang='lat' dir='ltr'><strong>legatur</strong></span> <span class='ocrx_word' id='word_1_766' title='bbox 1347 5716 1369 5750; x_wconf 75' lang='grc' dir='ltr'><strong>ι</strong></span> <span class='ocrx_word' id='word_1_767' title='bbox 1405 5695 1766 5755; x_wconf 84' lang='lat' dir='ltr'><strong>celeberrimi</strong></span> <span class='ocrx_word' id='word_1_768' title='bbox 1824 5695 2134 5757; x_wconf 85' lang='lat' dir='ltr'><strong>Theodosii</strong></span> 
     </span>
    </p>
   </div>
   <div class='ocr_carea' id='block_1_112' title="bbox 2214 5331 3824 5410">
    <p class='ocr_par' dir='ltr' id='par_1_112' title="bbox 2214 5331 3824 5410">
     <span class='ocr_line' id='line_1_114' title="bbox 2214 5331 3824 5410; baseline -0.009 -13"><span class='ocrx_word' id='word_1_769' title='bbox 2214 5337 2493 5397; x_wconf 63' lang='lat' dir='ltr'><strong>doctrinas</strong></span> <span class='ocrx_word' id='word_1_770' title='bbox 2514 5339 2754 5397; x_wconf 80' lang='lat' dir='ltr'><strong>fructum</strong></span> <span class='ocrx_word' id='word_1_771' title='bbox 2783 5339 3416 5410; x_wconf 66' lang='lat' dir='ltr'><strong>percepissenquorum</strong></span> <span class='ocrx_word' id='word_1_772' title='bbox 3440 5331 3824 5410; x_wconf 50' lang='lat' dir='ltr'><strong>malalectiottg</strong></span> 
     </span>
    </p>
   </div>
   <div class='ocr_carea' id='block_1_113' title="bbox 2213 5389 3822 5479">
    <p class='ocr_par' dir='ltr' id='par_1_113' title="bbox 2213 5389 3822 5479">
     <span class='ocr_line' id='line_1_115' title="bbox 2213 5389 3822 5479; baseline -0.013 -13"><span class='ocrx_word' id='word_1_773' title='bbox 2213 5389 2551 5471; x_wconf 53' lang='lat' dir='ltr'><strong>gamma“</strong></span> <span class='ocrx_word' id='word_1_774' title='bbox 2570 5389 2754 5479; x_wconf 56' lang='lat' dir='ltr'><strong>365E;</strong></span> <span class='ocrx_word' id='word_1_775' title='bbox 2784 5389 3123 5467; x_wconf 53' lang='lat' dir='ltr'><strong>mnam;</strong></span> <span class='ocrx_word' id='word_1_776' title='bbox 3159 5389 3244 5466; x_wconf 50' lang='lat' dir='ltr'><strong>a‘d&#39;</strong></span> <span class='ocrx_word' id='word_1_777' title='bbox 3258 5389 3822 5466; x_wconf 22' lang='lat' dir='ltr'><strong>Etiamsi—Theodosii</strong></span> 
     </span>
    </p>
   </div>
   <div class='ocr_carea' id='block_1_114' title="bbox 2214 5480 3665 5555">
    <p class='ocr_par' dir='ltr' id='par_1_114' title="bbox 2214 5480 3665 5555">
     <span class='ocr_line' id='line_1_116' title="bbox 2214 5480 3665 5555; baseline -0.003 -16"><span class='ocrx_word' id='word_1_778' title='bbox 2214 5480 2481 5555; x_wconf 29' lang='lat' dir='ltr'><strong>numi29</strong></span> <span class='ocrx_word' id='word_1_779' title='bbox 2511 5482 2567 5538; x_wconf 91' lang='lat' dir='ltr'><strong>in</strong></span> <span class='ocrx_word' id='word_1_780' title='bbox 2603 5482 3529 5555; x_wconf 33' lang='lat' dir='ltr'><strong>prolegomen.Aannotavgramus.</strong></span> <span class='ocrx_word' id='word_1_781' title='bbox 3595 5546 3605 5555; x_wconf 91' lang='lat'><em>_</em></span> <span class='ocrx_word' id='word_1_782' title='bbox 3655 5544 3665 5555; x_wconf 40' lang='lat'><strong>,</strong></span> 
     </span>
    </p>
   </div>
   <div class='ocr_carea' id='block_1_115' title="bbox 2288 5535 3824 5634">
    <p class='ocr_par' dir='ltr' id='par_1_115' title="bbox 2288 5535 3824 5634">
     <span class='ocr_line' id='line_1_117' title="bbox 2288 5535 3824 5634; baseline -0.011 -26"><span class='ocrx_word' id='word_1_783' title='bbox 2288 5535 2399 5634; x_wconf 60' lang='grc' dir='ltr'><strong>ζῖι)</strong></span> <span class='ocrx_word' id='word_1_784' title='bbox 2437 5535 2971 5634; x_wconf 44' lang='lat' dir='ltr'><strong>stringendi;</strong></span> <span class='ocrx_word' id='word_1_785' title='bbox 2988 5535 3048 5611; x_wconf 75' lang='grc' dir='ltr'><strong>εξ</strong></span> <span class='ocrx_word' id='word_1_786' title='bbox 3068 5535 3242 5612; x_wconf 59' lang='grc' dir='ltr'><strong>ἐξίιὶ</strong></span> <span class='ocrx_word' id='word_1_787' title='bbox 3277 5535 3418 5634; x_wconf 79' lang='lat' dir='ltr'><strong>Ejus</strong></span> <span class='ocrx_word' id='word_1_788' title='bbox 3444 5535 3689 5609; x_wconf 68' lang='lat' dir='ltr'><strong>meminit</strong></span> <span class='ocrx_word' id='word_1_789' title='bbox 3721 5535 3824 5594; x_wconf 76' lang='lat' dir='ltr'><strong>Io-</strong></span> 
     </span>
    </p>
   </div>
   <div class='ocr_carea' id='block_1_116' title="bbox 2217 5624 2730 5695">
    <p class='ocr_par' dir='ltr' id='par_1_116' title="bbox 2217 5624 2730 5695">
     <span class='ocr_line' id='line_1_118' title="bbox 2217 5624 2730 5695; baseline 0.004 -14"><span class='ocrx_word' id='word_1_790' title='bbox 2217 5626 2397 5682; x_wconf 78' lang='lat' dir='ltr'><strong>sohus</strong></span> <span class='ocrx_word' id='word_1_791' title='bbox 2431 5638 2559 5695; x_wconf 85' lang='lat' dir='ltr'><strong>cap.</strong></span> <span class='ocrx_word' id='word_1_792' title='bbox 2602 5624 2730 5683; x_wconf 77' lang='lat'><strong>178.</strong></span> 
     </span>
    </p>
   </div>
  </div>
