4090 6198
467 335 574 400 671

1754 337 2034 399 MENSIS
2073 339 2530 402 JANUARIUS.

3717 340 3834 406 672

532 472 963 538 LXXXIX.Sed
988 482 1046 536 et
1071 479 1302 553 Oportet
1327 470 1402 532 de
1425 487 1640 548 magno
1670 467 1970 534 disserere
1994 469 2085 533 Ge

2268 473 2378 529 ne'
2451 482 2486 530 A
2606 474 2628 508 λ
2734 475 2754 492 ”
2832 474 2847 493 ‘
3008 475 3022 494 ‘
3097 475 3112 494 ‘
3241 473 3252 492 '
3518 475 3530 496 '
3779 463 3781 465 ’
3821 480 3834 498 “

2384 522 2399 536 .
2494 486 2548 532 ετ
2575 473 2630 531 δι
2666 497 2759 532 και
2793 497 2859 531 τα
2899 497 3036 532 κατα
3062 497 3154 532 τον
3188 497 3356 553 μεγαν
3403 481 3717 553 Γερασιμον,
3750 498 3838 534 και

467 560 1267 643 rasimo;quales,inquam,is
1300 558 1557 621 ediderit
1586 558 1820 638 regulas
1850 559 2094 621 formas-

470 672 585 735 que
606 653 678 715 iis
702 653 797 732 qui
823 651 929 711 sub
951 652 1076 728 ipso
1109 648 1558 723 exercebantur,
1595 658 1652 710 et
1675 648 1853 712 veluti
1884 649 2096 712 condi-

471 753 734 805 mentum
787 748 1043 801 attexere
1071 738 1335 798 sermoni
1389 739 1815 812 narrationem,
1849 757 1980 819 quae
2011 741 2103 801 ni-

468 832 680 892 mirum
716 829 948 890 multam
983 826 1513 889 habetutilitatem.
1548 828 1656 892 Hic
1679 846 1819 908 ergo
1851 848 2100 910 magnus

465 919 828 991 Gerasimus,
857 916 1191 977 solitudinis
1212 917 1283 978 ad
1312 917 1631 980 .lordanem
1662 919 1791 998 (23)
1810 920 1936 980 sitae
1961 921 2100 982 civis

462 1008 635 1069 simul
669 1015 725 1068 et
750 1015 1028 1088 patronus
1074 1006 1283 1083 factus,
1319 1027 1452 1069 cum
1487 1010 1713 1069 lauram
1768 1008 1888 1074 illic
1919 1011 2100 1071 maxi‘

462 1116 767 1174 mam,non
793 1097 1096 1178 pauciores
1119 1117 1292 1179 quam
1313 1100 1688 1180 septuaginta
1709 1101 2100 1163 anachoretas

462 1187 809 1262 habentem,
837 1188 1282 1264 construxisset,
1319 1197 1728 1269 praetereaque
1757 1191 2096 1252 cmnobium

457 1278 517 1337 in
542 1277 741 1339 medio
763 1277 893 1357 ejus
910 1294 1081 1358 quam
1105 1277 1329 1358 Optime
1352 1279 1727 1356 collocasset;
1760 1279 2008 1343 curabat
2038 1289 2098 1342 ut

456 1366 560 1442 qui
585 1367 1108 1429 introducebantur
1131 1367 1373 1449 quidem
1401 1369 1703 1440 monachi,
1729 1375 1788 1430 in
1820 1370 2095 1433 cmnobio

460 1464 794 1532 manerent,
820 1458 879 1517 in
911 1474 1022 1537 quo
1053 1457 1230 1517 vitam
1273 1458 1686 1521 monachalem
1720 1468 2097 1534 exercerent;

456 1547 557 1626 qui
588 1555 782 1608 autem
817 1545 1040 1608 crebris
1094 1546 1403 1628 longisque
1437 1547 1738 1610 laboribus
1795 1549 2098 1612 exercitati

455 1645 644 1713 erant,
675 1639 922 1717 jamque
950 1638 1018 1698 ad
1057 1638 1443 1717 perfectionis
1476 1657 1784 1702 mensuras
1812 1658 2097 1720 pervene-

452 1735 610 1806 rant,
640 1746 743 1790 eos
776 1728 832 1787 in
868 1727 940 1789 iis
961 1747 1094 1805 quin
1123 1737 1407 1790 vocantur
1439 1729 1608 1791 cellis
1639 1730 1957 1802 collocaris,
1986 1730 2095 1792 sub

2181 561 2330 628 οἵους
2389 565 2541 630 αὐτὸς
2587 563 2797 630 ἐξετίϐει
2857 564 3086 627 κανόνας
3137 567 3274 643 φημὶ
3333 568 3420 622 καὶ
3476 567 3673 624 τύπους
3717 578 3837 627 τοῖς

2181 651 2269 709 ὑπ’
2330 655 2486 710 αὺτὸν
2555 653 2931 734 ἆσκουμέιοις,
2977 653 3274 729 διαλαϐεῖν,
3344 657 3429 711 καὶ
3493 658 3566 721 ὡς
3628 655 3837 730 ἥδυσμα

2182 744 2244 799 τὸ
2274 741 2515 821 διήγημα
2549 745 2682 800 πολὺ
2713 742 2881 814 δήπου
2911 747 2999 801 καὶ
3059 749 3118 801 τὸ
3150 745 3426 826 ἐπωφελές
3470 744 3624 825 ἕχον,
3656 767 3833 823 παρα-

2183 831 2368 898 πλέξαι
2425 841 2499 906 τῷ
2529 833 2695 911 λόγῳ·
2744 837 2910 899 Οὗτος
2953 837 3041 891 οὖν
3075 837 3102 891 ὁ
3161 835 3330 914 μέγας
3389 838 3682 911 Γεράσίμοε
3737 841 3839 900 τῆς

2182 923 2318 979 κατὰ
2362 924 2450 980 τὸν
2483 921 2750 1001 Ἰοδράνην
2812 926 3014 1002 ἐρήμου
3071 924 3295 992 πολίτης
3342 922 3453 1000 ἅμα
3483 927 3567 981 καὶ
3609 923 3840 983 πολιοῦ-

2184 1034 2285 1092 χος
2313 1011 2620 1089 γενόμενος,
2656 1012 2852 1091 λαύραν
2898 1015 3078 1070 ἐκεῖσε
3124 1015 3405 1093 μεγίστην,
3443 1017 3536 1071 οὒκ
3585 1015 3836 1078 ἐλάττους

2182 1101 2216 1168 ἢ
2269 1099 2636 1177 ἑϐδομήκοντα
2681 1105 2802 1167 τοὺς
2854 1102 3212 1183 ὰναχωρητὰς
3273 1104 3527 1185 ἔχουσαν,
3563 1105 3837 1171 συστησά-

2184 1212 2363 1265 μενος,
2400 1196 2531 1270 πρὸς
2577 1191 2654 1267 δὲ,
2689 1195 2779 1250 καὶ
2809 1191 3074 1251 κοινόϐιον
3128 1195 3290 1270 μέσον
3320 1199 3482 1262 αὐτῆς
3527 1197 3599 1257 ὡς
3644 1193 3834 1272 ἄριστα

2181 1278 2513 1356 καθιδρύσας·
2561 1285 2684 1348 τοὺς
2715 1283 2812 1359 μὲν
2869 1285 3240 1361 εἰσαγομένους
3298 1292 3404 1340 τῶν
3449 1291 3729 1363 μοναχῶν,
3776 1284 3831 1339 ἐν

2179 1371 2256 1444 τῷ
2313 1370 2566 1447 κοινοϐἱῳ
2596 1373 2797 1449 μένειν,
2831 1373 2885 1430 ἐν
2944 1376 3084 1449 αὖτῷ
3137 1397 3196 1431 τε
3225 1375 3323 1442 τὴν
3375 1374 3682 1454 μοναχικὴν
3738 1373 3830 1438 ἐξ·

2180 1465 2457 1517 ασκεϊσθαι
2511 1461 2785 1542 διαγωγὴν
2838 1465 3251 1542 παρεσκεύαζεν
3326 1463 3440 1522 ὅσοι
3497 1463 3551 1520 δὲ
3597 1465 3828 1544 συχνοῖς

2179 1547 2254 1604 ἔτι
2296 1551 2383 1606 καὶ
2415 1563 2645 1629 μακροῖς
2705 1553 2884 1618 πόνοις
2944 1552 3387 1630 ἐνεγυμνάσαντο,
3427 1555 3511 1609 καὶ
3569 1557 3674 1608 τῶν
3727 1558 3826 1619 τῆς

2178 1637 2516 1707 τελειότηνος
2563 1641 2666 1709 ἤδη
2699 1641 2905 1721 μέτρων
2956 1642 3245 1724 ἐπέϐησαν,
3280 1646 3495 1705 τούτους
3538 1643 3591 1699 δὲ
3619 1654 3647 1685 ιι
3701 1657 3826 1706 ταῖς

2179 1728 2531 1804 καλουμέναις
2599 1731 2811 1793 κέλλαις
2872 1732 3271 1810 ἐγκατοικίζων,
3306 1735 3409 1790 ὑπὸ
3451 1735 3673 1806 τοιούτῷ
3728 1740 3824 1808 ζῇν

451 1817 562 1880 hac
580 1816 834 1897 jubebat
855 1821 1047 1880 vivere
1065 1819 1288 1894 regula;
1324 1827 1386 1878 ut
1417 1819 1657 1898 quidem
1683 1818 1810 1880 dies
1836 1821 2085 1900 quinque

2181 1818 2389 1874 ἐκέλευε
2447 1825 2524 1892 τῷ
2553 1820 2758 1876 κανόνιο
2792 1821 2928 1878 ὥστε
2960 1824 3056 1885 τὰς
3113 1823 3211 1896 μὲν
3241 1822 3397 1878 πέντε
3444 1828 3543 1890 τῆς
3587 1821 3824 1897 ἑϐδομά-

451 1907 844 1969 hebdotnadae
875 1909 934 1970 in
966 1925 1069 1968 sua
1098 1908 1248 1970 cella
1281 1909 1690 1989 unusquisque
1715 1909 1956 1990 quietus
1979 1929 2085 1971 ma-

2178 1908 2266 1971 δος
2323 1910 2550 1985 ἡμέρας,
2590 1909 2814 1966 ἕκαστον
2870 1917 2938 1987 τῇ
2968 1909 3070 1984 ἰδίᾳ
3112 1911 3280 1987 κέλλῃ
3311 1913 3693 1991 ἓφησυχάζειν,
3724 1913 3823 1968 οὖ-

451 2005 645 2070 neret,
678 1999 823 2059 nihil
857 1998 1014 2060 aliud
1064 2006 1306 2076 gustans
1337 2018 1405 2059 ex
1438 2000 1785 2072 esculentis,
1813 2000 1925 2060 nisi
1959 2007 2085 2061 tan-

2177 1996 2323 2063 δενὸς
2359 1996 2520 2054 ἄλλου
2565 2007 2668 2055 τῶν
2699 2002 2770 2063 εἷς
2834 2003 3061 2080 βρῶσιν,
3095 1999 3175 2058 ὅτι
3237 2002 3314 2076 μὴ
3362 2004 3526 2078 μόνον
3584 2001 3738 2080 ἄρτου
3769 2023 3826 2055 τε

446 2094 570 2147 tum
608 2106 845 2166 panem,
880 2096 1180 2167 aquam,et
1205 2087 1490 2168 dactylos;
1526 2087 1779 2151 Sabbato
1810 2097 2006 2150 autem
2036 2097 2085 2150 et

2176 2088 2262 2144 καὶ
2322 2086 2506 2153 ὕδατος
2536 2091 2623 2146 καὶ
2668 2092 2924 2170 φοινίκων
2965 2090 3383 2168 ἂπογευόμενον’
3449 2088 3724 2148 Σαϐϐάτου
3768 2084 3825 2146 δὲ

443 2175 752 2238 Dominica
799 2176 873 2238 ad
910 2177 1222 2239 ecclesiam
1283 2178 1661 2254 accedentes,
1688 2186 1820 2260 post
1849 2187 2085 2241 sancto-

2175 2179 2262 2234 καὶ
2314 2183 2579 2255 Κυριαοιῆς
2612 2180 2685 2236 εἰς
2747 2180 2846 2244 τὴν
2893 2180 3185 2247 ἐκκλησίαν
3244 2179 3668 2260 παραϐαλόντας,
3716 2203 3823 2257 με·

438 2284 569 2328 rum
625 2267 1156 2348 participationem,
1193 2267 1254 2328 in
1285 2268 1558 2330 coenobio
1613 2277 1854 2330 utentur
1885 2277 2073 2343 cocto,

2175 2270 2473 2348 τασχόντας
2517 2291 2574 2324 τε
2619 2272 2723 2325 τῶν
2757 2270 3130 2347 ὰγιᾶσμάτων,
3163 2272 3237 2335 εἰς
3293 2273 3356 2326 τὸ
3389 2267 3648 2327 κιοινόϐιον
3673 2271 3821 2346 ἑψη-

439 2365 867 2434 sumerentque
901 2375 1102 2438 parum
1134 2357 1434 2418 vini.Atin
1468 2358 1618 2421 cella
1650 2359 1799 2420 nulli
1829 2359 2082 2440 permit-

2175 2362 2244 2432 τῷ
2291 2359 2544 2438 χρῆσθαι,
2607 2361 2693 2415 καὶ
2750 2359 2903 2416 οἴνου
2965 2359 3400 2435 μεταλαμϐάνειν
3459 2358 3665 2436 ὀλίγου.
3725 2360 3818 2417 Ἐν

439 2446 673 2509 letatur
693 2455 794 2508 aut
823 2447 1018 2527 ignem
1038 2448 1391 2522 accendere,
1427 2455 1524 2509 aut
1549 2456 1782 2510 coctum
1819 2457 2080 2528 gustare.

2175 2447 2364 2520 κελλίῷ
2417 2448 2494 2526 δὲ,
2551 2447 2717 2504 οὖδενὶ
2774 2449 2962 2527 ἐφεῖτο
3018 2450 3052 2517 ἢ
3105 2456 3205 2526 πῦρ
3261 2456 3474 2529 καῦσαι,
3522 2449 3557 2516 ἢ
3613 2449 3818 2524 ἑψητοῦ

436 2537 781 2599 Voluntaria
815 2546 1008 2599 autem
1040 2545 1356 2617 paupertas
1390 2545 1569 2600 tantae
1619 2545 1744 2600 erat
1775 2538 1862 2599 eis
1893 2555 2076 2609 curae,

2175 2539 2469 2616 γεύσασθαι,
2517 2541 2582 2593 Ἡ
2613 2535 2665 2592 δὲ
2713 2538 3090 2614 ἀκτημόσύνη,
3123 2541 3197 2603 ὡς
3242 2537 3389 2596 οὐδὲν
3418 2541 3602 2602 αὐτοῖς
3635 2541 3816 2618 ἕτερον

435 2637 668 2708 quanta;
711 2627 864 2689 nihil
894 2625 1052 2688 aliud
1091 2647 1106 2703 ;
1141 2636 1197 2689 et
1227 2625 1563 2689 humilitate
1607 2627 1865 2689 maxime
1896 2644 2077 2688 orna-

2175 2627 2607 2693 Ξιξιοσπούδαστον
2688 2629 2776 2695 ἦν’
2863 2629 2950 2685 καὶ
3043 2630 3496 2708 ταπεινοφροσύνῃ
3580 2628 3812 2703 μάλιστα

439 2715 676 2780 bantur.

514 2806 632 2871 XC.
664 2809 848 2868 Porro
881 2805 1286 2886 unusquisque
1311 2805 1574 2868 laborem
1612 2825 1893 2868 manuum
1932 2824 2072 2868 sua-

432 2915 591 2969 rum,
625 2899 726 2972 qui
780 2915 886 2974 per
917 2896 1347 2957 hebdomadam
1381 2901 1454 2958 ab
1503 2897 1590 2956 eis
1619 2897 1806 2958 factus
1856 2897 2067 2967 fuerat,

433 2983 690 3046 Sabbato
721 2985 994 3046 ferensin
1027 2985 1392 3058 coenobium,
1431 2985 1585 3047 circa
1618 3003 1922 3065 vesperam
1952 2987 2068 3048 Do-

435 3073 690 3147 minicae,
726 3073 1110 3136 hebdomadw
1156 3083 1427 3152 sumptus
1480 3076 1690 3136 iterum
1746 3075 2069 3155 accipiens,

2160 2717 2486 2790 ἐκοσμοῦντο
2502 2763 2513 2775 .

2241 2809 2324 2883 4⁸.
2377 2807 2648 2869 ’Ἕκαστος
2693 2806 2881 2880 μέντοι
2941 2809 3032 2863 τὸν
3081 2808 3243 2864 πόνον
3290 2813 3397 2864 τῶν
3427 2808 3630 2864 οἰκείων
3683 2829 3810 2888 χει-

2157 2903 2286 2974 ρῶν,
2329 2896 2385 2961 ὃς
2413 2895 2497 2951 διὰ
2546 2898 2644 2962 τῆς
2705 2892 3000 2970 ἑϐδομάδος
3034 2899 3220 2959 αὐτοῖς
3275 2896 3552 2974 εἴργαστο,
3593 2895 3809 2952 Σαϐϐά-

2157 3009 2248 3042 του
2307 2985 2589 3063 ἀποφέρων
2620 2988 2694 3048 εἷς
2737 2986 2798 3040 τὸ
2843 2983 3129 3053 κοινόϐιον,
3164 2988 3281 3063 περὶ
3325 2984 3504 3052 δείλην
3539 2986 3806 3063 Κυριαχῆς

2155 3077 2215 3130 τὸ
2273 3072 2534 3149 ἀνάλωμα
2565 3073 2726 3130 πάλιν
2768 3079 2866 3140 τῆς
2897 3071 3182 3151 ἑϐδομάδος
3241 3071 3634 3150 ἀναλαμϐάνων
3677 3075 3808 3153 (ἄρ-

434 3181 637 3245 panes.
695 3164 959 3244 inquam,
995 3173 1051 3225 et
1105 3163 1415 3242 palmulas,
1450 3173 1504 3224 et
1565 3183 1774 3245 aquam
1829 3167 1885 3226 in
1943 3183 2078 3228 vase

2175 3186 2282 3226 τους
2343 3163 2482 3242 φημὶ
2539 3162 2634 3219 καῖ
2680 3164 2947 3242 φοίνικας,
2981 3165 3070 3220 καὶ
3111 3163 3248 3239 ὕδωρ
3307 3163 3360 3219 ἐν
3417 3162 3616 3240 ἀγγείῷ
3672 3165 3803 3219 τινὶ.

435 3254 784 3335 quodam,et
819 3255 1146 3334 palmarum
1169 3272 1390 3316 ramos:
1429 3272 1634 3314 rursus
1655 3254 1713 3314 in
1741 3254 1947 3317 cellam
1973 3273 2076 3316 re-

433 3344 791 3406 dibat.Adeo
823 3354 1020 3406 autem
1068 3351 1234 3405 erant
1268 3344 1427 3406 curis
1455 3343 1646 3416 vacui,
1672 3351 1728 3405 et
1763 3362 1795 3404 a
1825 3344 2079 3422 negotiis

437 3434 713 3496 humanis
745 3435 988 3496 omnino
1041 3433 1238 3514 liberi,
1270 3443 1332 3494 ut
1365 3433 1509 3496 nihil
1545 3431 1837 3494 haberent
1866 3443 2080 3514 praeter

434 3524 811 3598 indumenta,
847 3543 958 3585 nec
989 3524 1289 3585 secundus
1320 3523 1393 3582 iis
1437 3531 1595 3584 esset
1623 3523 2077 3586 amictusStrm

433 3625 558 3672 tum
594 3631 731 3674 vero
760 3613 899 3693 quid
930 3613 1115 3687 aliud,
1151 3631 1320 3692 quam
1352 3619 1573 3685 storea,
1601 3631 1849 3694 qumque
1881 3614 2076 3676 solent

433 3702 735 3782 appellare
755 3703 1096 3764 centonium
1117 3702 1249 3783 (24)
1266 3713 1323 3762 et
1347 3701 1729 3782 imbrymium
1755 3704 1912 3780 (95)?
1928 3702 2071 3764 Item

430 3811 530 3852 vas
583 3793 765 3854 fictile
794 3794 862 3854 ad
911 3811 1148 3874 aquam,
1185 3790 1341 3874 quod
1393 3793 1569 3854 simul
1622 3793 1955 3855 sufﬁciebat
1998 3795 2071 3855 ad

433 3891 635 3962 potum
671 3891 728 3943 et
754 3884 826 3944 ad
862 3885 1087 3964 palmas
1121 3882 1473 3962 irrigandas.

493 3971 787 4036 XCI.Haec
812 3973 902 4034 lex
926 3981 1118 4034 autem
1145 3972 1232 4034 eis
1259 3981 1347 4035 est
1365 3973 1588 4052 optime
1615 3971 1828 4033 tradita
1845 3989 1878 4034 a
1899 3974 2074 4035 Gera-

430 4067 678 4133 simo,ut
702 4062 922 4138 egressi
942 4060 1312 4123 dimitterent
1337 4061 1516 4124 cellas
1537 4068 1913 4143 apertas,quo
1938 4063 2079 4123 lice-

427 4157 520 4212 ret
548 4153 601 4211 ei
635 4153 734 4232 qui
765 4151 942 4212 vellet
988 4151 1378 4228 ingrediendo
1411 4152 1570 4232 quod
1622 4150 1885 4232 placeret
1909 4151 2072 4214 acci-

2160 3255 2246 3309 καὶ
2289 3251 2450 3330 βαΐα)
2505 3253 2579 3314 εἰς
2649 3253 2709 3307 τὸ
2777 3249 2989 3308 χελλίον
3032 3255 3176 3318 αὖθις
3221 3253 3469 3328 ἐπανῄει.
3545 3249 3698 3309 Οὕτω
3753 3249 3806 3306 δὲ

2160 3343 2294 3409 ἦσαν
2357 3338 2657 3420 ἀφρόντιδες
2715 3342 2802 3397 καὶ
2867 3342 3180 3420 πράγμασιν
3241 3342 3580 3420 ἀνθρωπίνοις
3646 3339 3808 3400 οὖδας-

2161 3435 2275 3508 μῶς
2306 3431 2555 3509 κάτοχοι,
2588 3430 2724 3486 ὥστε
2771 3430 2938 3505 μηδὲν
2970 3434 3156 3495 αὐτοῖς
3201 3431 3346 3487 εἶναι
3374 3429 3535 3487 πλέον
3588 3433 3664 3486 ὧν
3693 3431 3804 3505 ἄμ-

2161 3522 2454 3602 φιέννυντο,
2486 3517 2728 3593 δευτέρας
2786 3519 2864 3593 μὴ
2919 3519 3080 3586 οὔσης
3139 3519 3454 3598 περιϐολῆς.
3509 3511 3571 3576 Ἠ
3625 3541 3803 3596 στρω-

2159 3612 2266 3687 μνὴ
2327 3609 2380 3665 δὲ
2413 3611 2462 3665 τί
2519 3608 2720 3684 ἕτερον,
2757 3608 2790 3676 ἢ
2821 3610 3029 3684 ψίαθος,
3064 3613 3151 3666 καί
3202 3610 3235 3665 ἃ
3276 3609 3560 3666 κεντώνιόν
3611 3631 3669 3666 τε
3713 3611 3800 3665 καὶ

2158 3697 2444 3779 ἐμϐρύμιον
2516 3699 2752 3767 συνήθως
2811 3707 3080 3778 καλοῦσις
3145 3701 3332 3762 σκεῦός
3391 3720 3448 3754 τε
3508 3699 3798 3777 κεραμεοῦν

2159 3792 2231 3852 εἷς
2289 3787 2451 3867 ἅδωρ,
2485 3787 2614 3865 ὅπερ
2672 3789 2807 3862 ὁμοῦ
2838 3787 2966 3865 πρὸς
3014 3789 3192 3862 πόσιν,
3222 3791 3316 3844 καὶ
3349 3787 3447 3855 τὴν
3476 3793 3580 3844 τῶν
3624 3789 3798 3865 βαΐων

2157 3880 2327 3938 δεῦσιν
2359 3879 2589 3956 ἐξήρκει.

2240 3969 2348 4047 4Α¹
2361 4012 2377 4028 .
2433 3970 2610 4044 Νόμος
2641 3965 2695 4022 δὲ
2727 3969 2878 4031 οὗτος
2909 3968 3094 4026 αὐτοῖς
3139 3968 3241 4024 ὑπὸ
3270 3968 3562 4046 Γερασίμου
3608 3967 3797 4048 ἄριστα

2157 4057 2601 4139 παραδεδομένος,
2637 4053 2866 4120 ἐξιόντας
2913 4055 3247 4134 ἀνεῳγμένας
3277 4057 3482 4137 ἀφιέναι
3515 4057 3608 4120 τὰς
3663 4055 3795 4113 κέλ-

2157 4150 2277 4225 λας,
2325 4149 2462 4205 ὥστε
2511 4146 2625 4212 ἐξὸν
2684 4145 2827 4201 εῖναι
2881 4149 2956 4218 τῷ
3011 4146 3317 4222 βουλομένῳ
3358 4146 3586 4204 εἰσιόντα
3644 4145 3792 4222 λαμ-

1729 4310 1987 4375 VARUE
2024 4306 2471 4375 LEGTIONES.

1651 4470 1857 4536 JOAN.
1907 4469 2282 4538 BOLLANDI
2320 4463 2565 4534 NOTIE.

497 4629 606 4699 (23)
636 4627 762 4687 Uno
792 4630 907 4688 iere
941 4629 1172 4687 milliari
1205 4631 1414 4690 distare
1439 4633 1851 4692 monasterium
1888 4631 2390 4694 Gera-Dchorum
2441 4641 2582 4685 usus
2611 4626 2730 4682 hac
2783 4623 3116 4699 idcircovei
3158 4625 3408 4699 maxime
3447 4632 3790 4699 opportuna

508 4400 534 4431 ιι
563 4388 736 4451 abest
765 4389 837 4450 ah
869 4389 944 4452 al.

436 4701 550 4775 sini
577 4716 603 4775 a
633 4701 882 4775 Jprdane
913 4703 1076 4775 docet
1103 4703 1363 4761 Moschus
1395 4718 1518 4775 cap.
1559 4705 1680 4761 107.

505 4772 614 4841 (24)
645 4771 818 4845 Cento
848 4773 1018 4831 vestis
1043 4783 1128 4831 est
1159 4789 1188 4831 e
1210 4777 1386 4832 variis
1418 4771 1744 4845 panniculis
1772 4776 2068 4837 consarci-

426 4852 583 4921 nata:
612 4844 894 4921 Idemque
914 4853 974 4921 ut_
1003 4846 1226 4921 videtur
1258 4848 1349 4921 hic
1390 4844 1722 4904 centonium
1755 4849 2062 4921 signiﬁcat.

497 4914 610 4990 (25)
675 4914 820 4984 Quid
877 4915 1244 4990 imbrymium
1302 4919 1711 4990 sittexponit
1767 4914 2066 4977 Cassianus

424 4986 613 5044 cullat.
642 4991 705 5061 .t_.
742 5003 866 5061 cap.
900 4989 987 5044 23.
1031 4986 1052 5039 ἆ
1089 4988 1182 5061 liis
1206 4989 1398 5059 itaque
1428 4989 1492 5045 Β.
1524 4989 1741 5061 Moyses
1771 4990 2064 5048 collationi

424 5068 636 5116 nostrae
667 5059 1030 5123 dans’ﬂnem,
1067 5059 1255 5115 adhuc
1284 5074 1390 5117 nos
1421 5059 1626 5116 avidos
1650 5075 1713 5116 ac
1737 5061 1807 5118 de
1835 5076 1940 5117 suo
1964 5075 2063 5117 ore

423 5131 760 5203 pendentes,
801 5131 1105 5203 degustare
1156 5144 1420 5203 somnum
1457 5131 1752 5203 paulisper
1805 5133 2063 5203 hortatus

423 5210 528 5263 eat,
558 5201 759 5257 iisdem
795 5203 948 5266 ipsis.
974 5201 1186 5272 quibus
1214 5201 1631 5272 insidebamus,
1664 5202 1923 5272 psiathiis
1959 5203 2060 5258 ad-

426 5286 666 5343 monens
701 5272 1012 5336 incubare;
1051 5273 1365 5343 embrimiis
1411 5275 1624 5342 pariter
1663 5274 1832 5343 capiti
1867 5281 2063 5332 nostro

423 5342 789 5414 cervicalium
810 5345 944 5414 vice
966 5342 1295 5414 suppositis,
1321 5344 1704 5412 grossioribus
1737 5342 1966 5414 papyris
2004 5345 2062 5399 in

425 5411 631 5484 longos
663 5413 1021 5484 gracilesque
1041 5411 1348 5470 fasciculos
1376 5416 1666 5484 coaptatis.
1704 5411 2050 5484 Quae'pedali

423 5481 724 5556 intervallo
738 5481 944 5555 pariter
957 5481 1649 5556 colligata.nuncquidem
1665 5481 2054 5542 humillimum

423 5552 599 5628 sedile
626 5556 694 5610 ad
742 5552 976 5612 acabelli
1010 5552 1189 5612 vicem
1221 5552 1511 5628 fratribus;
1541 5557 1597 5628 in
1627 5559 1829 5628 sy'naxi
1864 5557 2057 5612 cousi-

424 5621 689 5698 dentibus
737 5635 1026 5696 praestant,
1066 5641 1222 5683 nunc
1254 5641 1387 5683 vero
1426 5621 1678 5698 subjecta
1739 5628 2061 5684 cervicibus

421 5692 835 5776 dormientium,
858 5698 1130 5776 praebent,
1156 5699 1330 5776 capiti
1353 5712 1470 5756 non
1499 5692 1676 5776 nimie
1705 5699 1932 5762 durum.
1959 5698 2061 5757 sed

422 5763 720 5823 tractabile
747 5763 1056 5840 aptumque
1086 5763 1508 5832 fulcimentum.
1545 5771 1631 5831 Ad
1666 5787 1810 5846 quos
1848 5784 2053 5833 mona-

2151 4700 2432 4757 habentur
2462 4707 2515 4756 et
2547 4711 2826 4766 congrua,
2859 4695 3012 4768 quod
3047 4711 3163 4753 non
3194 4696 3381 4755 solum
3413 4694 3782 4768 sint’aliqua-

2149 4782 2317 4830 tenus
2377 4768 2576 4828 mollia
2629 4780 2917 4839 parvoque
2949 4776 3002 4824 et
3057 4781 3229 4839 opere
3279 4774 3786 4839 praeparantur__et

2149 4842 2352 4912 pretio,
2387 4849 2579 4911 utpote
2627 4837 2842 4910 passim
2890 4837 3109 4912 papyro
3161 4837 3488 4912 emergente
3521 4850 3619 4906 per
3670 4837 3784 4894 Nili

2147 4907 2404 4970 ﬂuminis
2445 4907 2822 4982 ripas.'_quam
2855 4907 3063 4982 cuique
3091 4907 3302 4982 volenti
3330 4907 3399 4982 in
3422 4921 3592 4965 usum
3621 4922 3786 4982 assuy

2151 4999 2303 5041 mere
2333 4978 2517 5040 nemo'
2534 4979 2836 5052 prohibeat
2866 4978 3172 5052 desecare;
3205 4979 3304 5052 sed
3331 4979 3500 5052 etiam
3537 4978 3693 5052 quod
3715 4979 3784 5034 ad

2147 5049 2558 5112 removendum
2582 5065 2684 5107 seu
2715 5064 2847 5107 cum
2878 5064 3114 5107 necesse
3140 5049 3316 5108 fuerit
3335 5049 3407 5108 ad
3434 5049 3781 5107 movendum

2147 5126 2356 5184 habilis
2377 5123 2632 5181 materiai
2651 5120 2904 5190 levisque
2917 5131 3136 5178 natura
3150 5123 3404 5179 sintaue
3424 5135 3564 5176 voce
3584 5118 3784 5190 dispuv

2145 5206 2268 5275 tant
2311 5196 2660 5275 recentiores
2690 5192 2925 5275 quidam
2969 5193 3326 5275 grammatici
3376 5192 3647 5275 Scaliger,
3682 5192 3784 5247 Ca-

2147 5268 2462 5330 saubonus,
2495 5263 2790 5321 Martinius
2820 5279 2834 5320 :
2873 5269 2932 5320 et
2968 5263 3061 5320 hic
3101 5263 3333 5333 quidem
3367 5263 3784 5333 idubitatinum

2146 5339 2289 5396 forte
2333 5337 2542 5394 Celtica
2595 5336 2669 5391 sit
2715 5342 2812 5390 aut
2862 5332 3215 5398 Germanica.
3275 5349 3304 5391 a
3357 5332 3520 5394 bram.
3579 5332 3639 5390 id
3677 5341 3785 5398 est,

2137 5411 2375 5482 genista.
2441 5415 2654 5477 sparto.
2696 5405 3221 5482 quo_iacta_erant
3275 5403 3603 5482 imbrymia,
3658 5404 3785 5460 loco

2140 5473 2560 5550 plumarum'et
2598 5473 2873 5550 tumenti,
2941 5473 3050 5532 Sed
3108 5489 3278 5532 usum
3339 5473 3782 5550 imbrymiorum

2140 5545 2416 5622 praecipue
2447 5566 2474 5604 a
2516 5547 2697 5603 Geltis
2731 5547 2972 5622 coepisse
3000 5555 3288 5622 oporteret
3325 5554 3425 5622 ant
3451 5545 3784 5622 Germanis,

2140 5616 2200 5681 ut
2256 5616 2386 5679 cum
2443 5634 2508 5675 re
2565 5631 2776 5673 nomen
2823 5617 2996 5674 etiam
3030 5618 3100 5674 ad
3127 5618 3302 5691 Syros
3339 5616 3640 5690 Egyptios
3672 5628 3787 5688 quo

2140 5695 2424 5770 perlatum
2457 5695 2625 5749 esset.
