4090 6198
252 337 371 403 673

1568 333 1756 403 VITA
1801 337 1860 399 S.
1911 332 2328 399 EUTHYMII.

3503 327 3618 393 674

268 474 447 534 ϐάνειν
505 475 534 530 ὅ
591 473 834 550 βούλοιτο
896 479 1003 529 τῶν
1064 474 1138 537 εἰς
1185 473 1372 551 χρείαν
1433 471 1646 552 φαύλων
1702 473 1895 529 ἒκείνω·

2002 487 2145 550 pere
2192 486 2259 529 ex
2295 466 2413 527 illis
2443 463 2660 526 vilibus
2692 463 2946 542 usuique
2973 461 3346 536 necessariis,
3381 465 3621 526 nemine

248 568 338 622 καὶ
393 565 722 642 ἀναγκαίων,
759 563 966 626 οὐδενος
1024 563 1326 640 εἴργοντος·
1387 561 1528 628 ἁλλὴ
1585 564 1670 618 καὶ
1718 564 1902 624 αὖτοὺς

248 653 623 716 ἁποστολικῶς
680 655 923 728 βιοῦντας
983 656 1222 731 δρᾶσθαι,
1283 654 1370 709 καὶ
1429 652 1629 708 εἷναιν
1688 658 1793 708 τῶν
1852 653 1904 708 ἐν

246 745 437 822 ἐρήμῳ
507 745 791 800 οἰκούντων
842 742 1233 821 παραπλησίως
1293 744 1478 804 αὐτοῖς
1536 744 1633 808 την
1692 741 1904 819 καρδίαν

247 856 303 890 τε
350 837 439 891 καὶ
471 834 568 900 τὴν
628 833 836 912 ψυχὴν,
870 834 1018 907 μίαν.
1053 831 1210 889 Ἐπεί
1245 830 1430 906 μηδεὶς
1461 838 1568 888 τῶν
1624 837 1903 912 ὑπαρχον-

246 945 351 980 των
389 923 533 994 αύτῷ
578 921 746 998 μηδέν
780 923 978 1000 ἔκρινεν
1015 919 1157 978 ἴδιον
1215 926 1378 995 εἶναι,
1413 920 1549 976 ἀλλὰ
1579 923 1751 978 πάντα
1781 923 1902 977 επί-

245 1035 348 1080 σης
411 1015 596 1077 αὐτοῖς
652 1017 864 1068 κεῖσθαι
930 1034 1105 1072 κοινα.
1174 1011 1269 1069 Καὶ
1311 1017 1468 1067 τοῦτο
1525 1009 1579 1066 δὲ
1639 1014 1754 1087 περὶ
1800 1014 1902 1066 τῶν

246 1103 624 1182 ἀναχωρητῶν
683 1100 927 1179 λέγεται,
960 1100 1042 1157 ὅτι
1098 1099 1499 1178 Προσελθόντων
1533 1100 1676 1173 αύτῴ
1716 1123 1898 1177 τινων,

248 1194 338 1248 καὶ
385 1193 628 1269 ἐφεῖσθαι
667 1193 851 1256 αὐτοτς
909 1191 1233 1264 αἰτουμένων
1292 1187 1426 1266 ὕδωρ
1476 1211 1534 1246 τε
1576 1192 1894 1268 Θερμαίνειν,

244 1282 332 1337 καὶ
395 1281 601 1355 ἐψητοῦ
655 1285 933 1359 μετέχειν,
967 1279 1062 1336 καί
1117 1281 1219 1335 ὑπὸ
1252 1278 1448 1358 λύχνον
1496 1280 1897 1357 ἀναγινώσκειν,

243 1372 334 1426 τὸν
389 1371 557 1448 μέγαν
603 1371 897 1444 Γεράσιμον
928 1366 1287 1442 ὑπολαϐόντα,
1324 1370 1384 1426 Εἰ
1441 1369 1579 1426 οὕτω
1621 1376 1714 1446 ζῇν
1766 1371 1898 1446 βού-

245 1459 422 1534 λεσθε,
458 1461 643 1538 φάναι,
679 1458 814 1516 πολὺ
873 1461 934 1515 τὸ
987 1459 1252 1538 σῦμφὲρον
1307 1458 1360 1514 ἐν
1409 1456 1657 1532 κοινοὸίῳ
1701 1459 1900 1536 διάγειν

245 1551 408 1622 ὑμᾶς,
487 1547 633 1625 Ἐγὼ
703 1549 804 1626 γὰρ
876 1553 1129 1620 οὐμενοῦν
1203 1545 1448 1622 οὐδαμῶς
1519 1550 1704 1626 ἒφήσω
1779 1549 1899 1627 παρ’

247 1636 368 1694 ὅλον
419 1637 484 1705 δὴ
514 1659 616 1712 μου
646 1641 736 1694 τὸν
769 1643 867 1706 τῆς
901 1639 1048 1709 ζωῆς
1074 1643 1298 1717 χρόνον,
1330 1645 1484 1694 τοῦτο
1515 1637 1638 1716 παρ’
1671 1638 1897 1718 ἀναχωο

244 1741 440 1804 ρηταῖς
471 1729 730 1804 γίνεσθαι,

325 1799 544 1891 4Β’.’”

245 1908 386 1984 παρὰ
445 1913 522 1978 τῷ
566 1903 701 1977 ἆϐϐᾇ
757 1907 1034 1984 Γερασίμῳ
1091 1907 1191 1973 τὴν
1244 1906 1512 1963 πολιτείαν
1571 1905 1710 1962 οὕτω
1760 1930 1893 1964 κατ-

246 1995 668 2072 ηναγκασμένην
726 1997 873 2052 εἶναι
932 1998 1021 2052 καὶ
1080 1995 1484 2073 ἀπαράκλητον,
1521 1997 1606 2052 καὶ
1647 1996 1782 2052 πολὺ
1835 1999 1894 2054 τὸ

244 2084 408 2164 ἄχαρι
442 2086 527 2140 καὶ
557 2085 731 2160 βίαιον
761 2085 935 2164 ἔχειν,
973 2085 1136 2160 νόμον
1198 2087 1411 2150 ἑαυτοῖς
1447 2089 1680 2142 ἐκθεῖναι
1713 2089 1890 2143 τοιοῦ-

243 2196 355 2249 τον,
404 2172 682 2232 Σαϐϐάτου
713 2197 769 2231 τε
823 2177 910 2231 καὶ
945 2175 1234 2253 Κυριακῆς.
1289 2179 1362 2232 ὡς
1407 2177 1595 2240 αὐτοὺς
1654 2175 1888 2250 ἀπιέντι,

246 2266 328 2320 καὶ
396 2263 735 2342 παράκλησιν
797 2264 980 2326 αὖτοῖς
1041 2267 1416 2340 μετακομίζειν
1479 2265 1586 2321 οὔτι
1653 2267 1891 2342 μετρίαν,

242 2353 412 2410 Ἀλλὰ
471 2362 625 2411 τοῖιτο
681 2355 780 2429 μὲν
845 2345 1256 2433 ἰεριχουντείων
1315 2354 1553 2427 ἔπαινος,
1610 2358 1696 2410 καὶ
1754 2355 1896 2412 ἀπό-

245 2441 400 2509 δειξις
471 2443 766 2523 φιλαρὲτιυν
828 2451 1041 2522 ψυχῶν.
1101 2443 1338 2508 Πολλοὺς
1396 2445 1575 2519 μέντοι
1635 2450 1740 2500 τῶν
1795 2446 1896 2500 ὑπὸ

243 2540 319 2606 τῷ
377 2532 599 2610 μεγάλῳ
676 2534 848 2603 τούτῳ
918 2534 1194 2609 Γερασίμῳ
1266 2533 1598 2613 ἀγωνιστῶν,
1664 2537 1894 2609 ὁρῶντας

243 2621 327 2678 ἐπὶ
387 2629 575 2696 σκοπῷ
608 2623 836 2694 τοιούτῳ
888 2623 1008 2686 τοὺς
1039 2623 1328 2694 κοσμικοὺς
1375 2623 1724 2702 ἐρχομένους,
1761 2645 1891 2679 τοσ-

243 2720 396 2769 οῦτον
455 2713 687 2790 ἀπέχειν
732 2711 953 2787 εὔθυμον
1015 2713 1188 2769 αὐτῶν
1247 2714 1332 2769 καὶ
1403 2710 1589 2781 ἡδεῖαν
1644 2715 1890 2792 ἡγεῖσθαι

240 2803 346 2858 τὼν
410 2799 606 2881 ἄφιξιν,
646 2801 784 2858 ὥστε
815 2799 953 2876 μηδέ
999 2803 1136 2857 κατὰ
1179 2802 1366 2880 χώραν
1424 2802 1662 2880 στέργειν
1705 2802 1888 2865 αὐτοὺς

240 2890 380 2955 ὅλως
411 2891 542 2966 μηδ’
588 2892 894 2966 ὑπομένειν·
932 2890 1054 2948 ἀλλ’
1103 2893 1175 2953 ὼς
1219 2893 1286 2948 τὰ
1335 2894 1547 2970 μεγάλα
1589 2891 1891 2968 βλάψοντας

237 2980 468 3055 μᾶλλον,
503 2983 712 3061 φεύγειν
774 2981 961 3044 αὐτοὺς
1009 2984 1096 3038 καὶ
1153 2981 1477 3061 ἐξίστασγαι.
1533 2980 1763 3052 ’ᾘὸεσαν
1793 2984 1892 3061 γὰρ

236 3071 432 3127 ἐκεῖνοι
487 3072 690 3146 καλῶς,
741 3071 949 3148 μητέρα
1007 3073 1350 3151 σωφροσύνης
1407 3073 1654 3152 ἀκριϐοῦς
1712 3074 1888 3148 εἶναι,

547 1825 686 1872 Ωστε
747 1817 868 1879 τοὺς
932 1814 1332 1896 Ἰεριχοντείους
1366 1827 1390 1856 ⁸
1445 1816 1734 1882 ἀκούοντας
1788 1819 1957 1889 τῶνδ

1991 557 2348 636 prohibente
2383 576 2398 630 ;
2447 556 2588 635 quin
2622 553 2800 614 etiam
2837 553 2949 632 ipsi
3005 568 3390 614 cernerentur
3421 554 3618 617 vivere

1988 646 2624 727 apostolice,essetque
2655 661 2864 704 eorum
2891 641 2992 721 qui
3016 641 3350 703 habitabant
3377 642 3438 704 in
3473 644 3619 705 soli-

1993 736 2220 810 tudine,
2254 735 2648 798 c0nsimiliier
2681 733 2769 794 eis
2801 751 2906 792 cor
2940 751 3109 793 unum
3144 741 3202 792 et
3227 734 3421 793 anima
3447 754 3566 795 una
3600 753 3616 810 ;

1989 825 2476 907 quandoquidem
2504 843 2678 884 nemo
2709 822 3034 902 quidquam
3070 841 3129 882 ex
3163 822 3230 882 iis
3260 840 3395 898 qua:
3427 823 3618 886 habe-

1987 915 2088 977 bat
2128 915 2440 996 judicabat
2470 931 2602 975 esse
2649 911 2978 992 proprium,
3013 915 3107 972 sed
3168 921 3376 972 cuncta
3409 912 3500 974 eis
3548 932 3616 975 ex

1986 1024 2156 1085 aequo
2191 1014 2525 1085 prostarent
2577 1002 2917 1064 communia
2943 1001 3022 1062 51.
3085 999 3222 1061 Illud
3257 1021 3494 1082 quoque
3543 1003 3616 1064 tle

1985 1095 2366 1157 anachoretis
2400 1095 2682 1166 refertur,
2707 1111 2843 1154 cum
2871 1091 3103 1172 quidam
3131 1093 3200 1152 ad
3240 1110 3373 1152 eum
3406 1109 3614 1152 acces-

1985 1186 2301 1259 sissent,et
2322 1191 2596 1264 peterent
2617 1191 2680 1243 ut
2698 1181 2812 1242 sibi
2836 1181 3048 1243 liceret
3082 1190 3190 1241 tim
3217 1200 3424 1260 aquam
3452 1181 3613 1243 cale-

1985 1275 2203 1348 facere,
2230 1283 2352 1336 tum
2382 1282 2616 1336 coctum
2651 1289 2913 1340 sumere.
2951 1280 3072 1331 tuin
3108 1271 3166 1331 ad
3200 1270 3502 1332 lucernam
3527 1275 3614 1332 le-

1981 1383 2154 1442 gere,
2179 1383 2456 1444 magnum
2491 1361 2862 1426 Gerasimum
2888 1360 3340 1441 respondentem
3367 1359 3610 1421 dixisse.

1984 1455 2047 1518 Si
2079 1453 2255 1516 vultis
2306 1455 2385 1515 ita
2434 1454 2635 1514 vivere
2688 1451 2872 1512 multo
2906 1449 3092 1528 magis
3132 1451 3370 1530 expedit
3400 1463 3464 1512 ut
3515 1469 3617 1512 vos

1982 1544 2210 1623 degatis
2256 1545 2314 1604 in
2348 1543 2646 1605 coenobio.
2703 1540 2822 1620 Ego
2869 1541 3026 1602 enim
3063 1559 3423 1620 nequaquam
3471 1559 3617 1602 sane

1983 1633 2320 1712 permittam
2353 1641 2474 1694 toto
2508 1649 2658 1693 meae
2687 1635 2816 1691 vitae
2848 1640 3125 1710 tempore.
3159 1632 3274 1690 hoc
3300 1629 3429 1691 fieri
3458 1628 3613 1711 apud

1979 1725 2390 1785 anaclioretas.

2047 1811 2434 1893 XCIIJtaque
2460 1809 2858 1874 Jerichontini
2883 1809 3180 1871 audientes
3202 1809 3377 1871 vitam
3402 1829 3611 1874 eorum

1979 1903 2080 1983 qui
2117 1912 2287 1964 erant
2311 1901 2468 1981 apud
2501 1900 2778 1963 abbatem
2813 1898 3176 1962 Gerasimum
3202 1918 3336 1961 esse
3358 1901 3506 1962 adeo
3524 1919 3616 1962 ar-

1979 2000 2135 2054 ctam
2170 2000 2228 2054 et
2255 1992 2446 2054 solatii
2482 2000 2810 2072 expertem,
2847 1989 3208 2067 multumque
3239 1990 3463 2052 habere
3487 2009 3615 2052 mo-

1980 2083 2168 2144 lestia3
2196 2101 2265 2144 ac
2296 2081 2613 2155 violentiae,
2651 2081 2804 2142 hanc
2837 2079 2952 2140 sibi
3008 2079 3191 2158 legem
3227 2080 3513 2157 tulerunt,
3552 2089 3617 2142 ut

1980 2171 2236 2235 Sabbato
2270 2180 2329 2233 et
2379 2171 2695 2234 Dominica
2724 2171 2800 2232 ad
2844 2188 2946 2232 eos
2975 2168 3221 2246 abirent,
3258 2170 3466 2250 eisque
3497 2189 3614 2232 non

1981 2261 2276 2323 modicam
2305 2262 2586 2322 afferrent
2608 2257 3215 2322 consolationemﬁed
3237 2261 3348 2320 hoc
3373 2260 3614 2338 quidem

1979 2350 2107 2412 laus
2131 2358 2222 2412 est
2244 2351 2822 2419 Jerichuntinorum,
2847 2356 3023 2428 atque
3045 2358 3446 2426 argumentum
3477 2349 3612 2408 ani-

1982 2457 2214 2500 marum
2241 2440 2474 2502 virtutis
2495 2438 3001 2500 amantium.Cum
3020 2445 3204 2500 autem
3239 2437 3408 2498 multi
3441 2457 3510 2498 ex
3541 2438 3613 2498 iis

1979 2529 2082 2610 qui
2101 2528 2212 2590 sub
2242 2547 2456 2607 magno
2482 2529 2596 2590 hoc
2611 2528 2919 2590 Gerasimo
2937 2525 3612 2599 decertabant,viderent

1976 2619 2292 2680 saeculares
2314 2637 2447 2680 cum
2470 2619 2582 2679 hoc
2609 2615 2914 2697 proposito
2948 2615 3019 2676 ad
3045 2634 3109 2677 se
3138 2617 3352 2690 venire,
3383 2625 3606 2676 tantum

1975 2707 2147 2769 abest
2177 2718 2239 2768 ut
2271 2707 2504 2770 illorum
2541 2707 2866 2768 adventum
2897 2715 3124 2784 gratum
3157 2705 3610 2786 jucundumque

1976 2796 2342 2870 dicerent,ut
2363 2815 2474 2858 nec
2505 2814 2608 2856 eos
2631 2795 2872 2875 quidem
2897 2794 2959 2855 in
2990 2795 3225 2874 regione
3254 2795 3498 2856 omnino
3524 2804 3610 2857 to-

1974 2885 2169 2947 lerare
2197 2886 2416 2948 vellent
2451 2907 2467 2960 ;
2497 2886 2604 2946 sed
2637 2885 2839 2965 potius
2881 2893 2943 2944 ut
2974 2885 3140 2945 valde
3167 2887 3408 2946 laesuros
3435 2885 3606 2963 fuge—

1973 2984 2108 3038 rent
2132 2977 2294 3056 ipsos
2326 2985 2383 3036 et
2404 2974 2801 3038 declinarent.
2831 2972 3017 3035 Probe
3037 2974 3187 3036 enini
3210 2973 3295 3034 illi
3323 2983 3611 3036 noverant

1973 3077 2266 3128 accurata;
2297 3064 2708 3145 temperantiae
2737 3071 2987 3126 matrem
3011 3081 3142 3126 esse
3163 3062 3606 3138 abstinentiam,

239 3160 338 3227 τὴν
383 3160 719 3237 ἐγκράτειαν⁸
768 3161 1058 3240 λογισμοὺς
1119 3185 1176 3218 τε
1221 3163 1474 3239 ,υπαροῦς
1536 3162 1888 3239 ἀπωθεῖσθαι,

1985 3174 2109 3236 quae
2169 3163 2367 3236 posset
2397 3163 2458 3216 et
2509 3163 2715 3235 turpes
2773 3154 3069 3233 expellere
3111 3153 3517 3235 cogitationes,
3552 3163 3610 3215 et

239 3251 325 3306 καὶ
383 3248 550 3307 ὕπνου
609 3251 873 3332 κουφίζειν
916 3253 1187 3330 βαρύτητα
1243 3250 1559 3326 δυναμένην*
1605 3251 1698 3314 ἅτε
1758 3250 1893 3327 μηδε

239 3338 424 3416 λόγοις
493 3342 671 3421 μόνον,
712 3339 850 3397 ἀλλά
881 3343 968 3397 καὶ
1013 3340 1183 3418 ἔργοις
1214 3343 1315 3417 ὑπο
1346 3348 1440 3398 τοῦ
1468 3343 1665 3421 πατρὸς
1707 3341 1896 3421 ἄριστα

241 3451 394 3486 τουτο
427 3432 798 3504 μεμαθῆκότες
809 3477 821 3491 .

317 3517 445 3593 4Τ’.
485 3517 726 3577 Ἐκεῖνον
758 3522 857 3598 γὰρ
890 3519 1076 3598 ἔλεγον
1107 3521 1276 3597 οὗτοι,
1302 3529 1554 3579 τοσοῦτον
1585 3520 1894 3600 ἐγκράτειαν

241 3608 357 3681 περὶ
414 3606 666 3667 πλείστου
715 3613 964 3685 ποιῆσαι,
1013 3612 1086 3674 ὡς
1143 3611 1236 3673 τὰς
1300 3611 1694 3689 τεσσαράκοντά
1752 3633 1891 3690 φημι

239 3701 338 3763 τῆς
399 3697 646 3764 νηστείας
702 3697 932 3777 ἡμέρας,
967 3697 1150 3756 ἄσιτον
1209 3698 1416 3775 διιέναι,
1462 3705 1532 3776 τῇ
1585 3699 1890 3775 μεταλήψει

1976 3245 2174 3307 somni
2230 3245 2426 3306 levare
2455 3244 2847 3322 gravitatem:
2911 3251 3110 3323 utpote
3160 3242 3254 3324 qui
3299 3261 3419 3306 non
3466 3243 3611 3306 solis

1977 3334 2197 3415 verbis,
2232 3334 2338 3396 sed
2371 3335 2551 3396 etiam
2581 3333 2750 3396 factis
2781 3333 2893 3395 hoc
2925 3351 2957 3394 a
3008 3331 3171 3398 Patre
3196 3334 3418 3413 optime
3448 3333 3608 3394 didi-

1976 3425 2218 3487 cissent.

2056 3512 2262 3576 XCIII.
2289 3513 2364 3576 Hi
2387 3515 2546 3576 enim
2573 3516 2766 3595 ipsum
2800 3511 3076 3574 dicebant
3096 3513 3238 3576 tanti
3264 3515 3478 3577 fecisse
3507 3513 3607 3576 ab-

1975 3603 2344 3678 stinentiam,
2377 3612 2440 3664 ut
2473 3602 2864 3681 quadraginta
2895 3601 3030 3664 illos
3048 3603 3257 3682 jejunii
3288 3603 3440 3681 dies,
3474 3604 3606 3667 sine

1975 3691 2108 3754 cibo
2157 3692 2532 3770 transigeret,
2567 3700 2884 3754 contentus
2915 3691 3044 3752 sola
3091 3703 3603 3756 sacramentorum

240 3788 376 3862 μόνῃ
447 3786 552 3842 τῶν
625 3788 930 3863 μυστηρίων
990 3787 1336 3864 ἀρκούμενον.
1414 3791 1566 3846 Οὕτω
1637 3790 1890 3865 βιώσαντι

1985 3781 2456 3862 participatione.
2496 3780 2827 3862 Gerasimo,
2859 3799 2996 3842 cum
3026 3785 3106 3842 sic
3136 3781 3393 3853 vixisset,
3427 3791 3604 3862 atque

243 3879 542 3954 Γερασίμῳ,
577 3879 662 3932 καὶ
719 3890 836 3940 τοῖς
869 3877 959 3933 ὑπ’
1016 3879 1172 3934 αὐτὸν
1231 3878 1533 3958 ἀρχέτυπον
1576 3879 1765 3958 ἀρετῆς
1805 3881 1892 3938 καὶ

1985 3870 2052 3931 iis
2073 3870 2171 3952 qui
2196 3869 2306 3932 sub
2330 3890 2400 3934 eo
2426 3880 2598 3933 erant
2624 3869 2832 3932 fuisset
2854 3867 3149 3950 exemplar
3182 3870 3408 3931 virtutis
3438 3872 3600 3932 salu-

241 3967 506 4043 σωτηρίας
553 3964 801 4021 ύποοεσιν
856 3967 1150 4043 γενομένῳ,
1212 3969 1273 4022 τὸ
1314 3969 1494 4025 κοινὸν
1538 3964 1652 4023 ἔπει
1710 3967 1886 4043 τέλος,

1985 3959 2172 4037 iisque
2204 3977 2406 4041 causa,
2441 3962 2776 4022 communis
2808 3959 3047 4021 advenit
3074 3958 3222 4036 linis,
3254 3959 3462 4042 quinto
3487 3959 3608 4039 (‘26)

241 4054 496 4128 πέμπτην
554 4061 647 4110 τοῦ
707 4057 937 4134 Μαρτίου
997 4057 1167 4130 μηνὸς
1228 4053 1470 4135 ἄροντος,
1515 4054 1886 4134 τρισκαιδεκά-

1985 4049 2204 4110 mensis
2251 4049 2468 4130 Martii,
2502 4048 2830 4111 indictione
2888 4048 3116 4111 decima
3148 4050 3314 4112 tertia
3369 4051 3510 4126 (2'7),
3540 4046 3603 4110 in

239 4165 337 4209 της
396 4142 562 4211 οὔσης
635 4143 1006 4224 ἰνόικτιῶνος,
1066 4145 1120 4201 ἐν
1178 4147 1399 4218 ὑπατείᾳ
1460 4148 1704 4216 Ζήνωνος
1776 4151 1888 4207 Αὐ-

1985 4137 2281 4201 consulatu
2334 4137 2592 4200 Zenonis
2647 4137 2894 4219 Augusti
2942 4137 3221 4202 secundo.
3285 4137 3467 4202 Nobis
3495 4157 3604 4200 au-

237 4232 461 4308 γούστοιι
511 4235 575 4289 τὸ
605 4231 867 4312 δεύτερον.
930 4237 1097 4309 Ἡμῖν
1149 4232 1203 4289 δὲ
1236 4233 1399 4290 πάλιν
1442 4234 1740 4316 ἐπανιτέον,
1771 4237 1885 4294 ὅθεν

1985 4246 2088 4289 ιθιῐι
2115 4245 2327 4290 rursus
2353 4228 2730 4290 redeundum
2763 4237 2873 4305 est,
2903 4227 3065 4289 unde
3096 4227 3341 4307 digressi
3369 4248 3599 4293 sumus.

237 4319 518 4394 ὶξεϐημεν,

373 4441 376 4448 Ι
411 4413 428 4433 I
571 4412 582 4432 I
817 4411 875 4433 »ιιι
979 4414 994 4432 \
1248 4421 1270 4432 ν
1460 4421 1480 4430 .-
1569 4418 1583 4439 ,
1725 4417 1737 4430 ι

313 4412 403 4488 ζΔ
433 4457 447 4472 .
513 4418 740 4475 Δεοντος
801 4429 915 4480 ωοη
949 4433 1006 4469 το
1050 4433 1340 4481 τηνικαυτα
1392 4437 1484 4471 του
1537 4412 1781 4482 ευσεϐους
1827 4437 1882 4471 τε

2022 4407 2352 4466 XCIV.Cum
2366 4409 2486 4480 jam
2514 4418 2648 4466 tunc
2664 4406 2780 4465 Leo
2803 4407 2931 4478 pius
2947 4416 3001 4464 et
3024 4406 3225 4465 Christi
3249 4423 3448 4464 amans
3473 4423 3601 4466 suc-

234 4503 324 4558 καὶ
378 4500 730 4581 φιλοχρίστου
789 4503 888 4570 τὴν
949 4510 1256 4579 Μαρκιανοῧ
1319 4503 1594 4578 βασιλείαν
1663 4503 1881 4571 εκδεξαο

1985 4500 2240 4556 :cssisset
2263 4498 2534 4555 Marciani
2559 4497 2664 4567 (28)
2686 4495 2956 4568 imperio,
2981 4497 3310 4556 Timetheus
3332 4499 3441 4571 ('29)
3471 4501 3603 4572 qui-

236 4590 422 4670 μένου,
457 4591 710 4667 Τιμόθεός
772 4613 854 4655 τις
899 4590 1122 4658 ἐπίκλην
1166 4591 1452 4669 Δί’λουρος,
1498 4595 1599 4660 τὴν
1628 4592 1884 4659 Ἀλεξαν-

1985 4590 2098 4647 lam
2122 4588 2468 4660 cognomine
2481 4587 2920 4652 EiurusJotam
2935 4590 3292 4648 concutiebat
3309 4600 3364 4648 et
3377 4602 3607 4650 contur-

235 4677 399 4758 δρέων
458 4679 653 4738 διέσειε
723 4683 811 4738 καὶ
893 4682 1245 4759 συνετάρασσε
1313 4688 1505 4738 πᾶσαν
1583 4681 1767 4739 ἔπειτα
1830 4681 1884 4740 δὲ

1985 4683 2143 4737 Jabat
2163 4675 2807 4747 Alexandriam;deinde
2829 4684 3018 4736 autem
3042 4679 3142 4736 ubi
3163 4682 3347 4752 ipsum
3372 4696 3603 4754 quoque

233 4770 322 4825 καὶ
399 4770 554 4827 αὑτὸν
613 4771 702 4827 τὸν
779 4775 879 4839 τῆς
952 4769 1162 4835 πόλεως
1221 4771 1568 4852 πατριάρχην
1636 4772 1691 4827 ἐν
1750 4773 1884 4841 αὒτῆ

1985 4769 2220 4832 :ivitatis
2244 4767 2640 4848 patriarcham
2674 4767 2797 4848 (30)
2828 4770 2884 4850 (ο
2905 4768 3140 4850 iniquas
3163 4780 3216 4834 et
3237 4771 3447 4854 impias
3470 4772 3604 4836 illas

309 4882 524 4948 31Act.
559 4902 643 4951 tv.
675 4886 778 4950 32.

1554 4967 1814 5032 VABLE
1859 4965 2296 5033 LECTIONES.

308 5055 335 5089 ν
371 5044 453 5108 al.
485 5045 674 5113 inser.
709 5051 820 5111 καὶ.
908 5057 934 5090 ⁸
964 5047 1043 5110 II.
1083 5039 1452 5130 Ἰεριχοντίους
1487 5057 1546 5112 et
1576 5049 1752 5130 infra.

1566 5127 1784 5194 JOAN.
1831 5128 2211 5194 BOLLANDI
2254 5125 2496 5192 NOTAE.

305 5231 425 5304 (26)
484 5233 793 5310 Consentit
817 5234 968 5310 Vita_
993 5233 1050 5293 S.
1095 5236 1350 5310 Quiriaci
1382 5236 1450 5310 30
1506 5236 1799 5310 Septemb.
1831 5247 1887 5296 et
1998 5309 2005 5310 ί
2042 5236 2157 5310 (29),
2209 5236 2402 5310 Agunt
2434 5234 2504 5292 de
2539 5235 2740 5310 {Eluro
2800 5236 3072 5310 Evagrius
3109 5237 3211 5310 lib.
3267 5250 3325 5306 ιε,
3359 5253 3481 5310 cap.
3516 5237 3549 5293 8
3581 5258 3594 5304 ;

231 5304 528 5375 Martyrol.
563 5305 728 5370 Rom.
761 5307 894 5364 licet
929 5304 1109 5365 Gnaei
1141 5322 1272 5365 cum
1306 5308 1339 5363 4
1367 5309 1549 5366 Martii
1573 5304 1792 5366 colant.
1966 5304 2304 5366 Theodorus
2326 5309 2523 5365 Lector
2554 5305 2653 5364 lib.
2686 5319 2724 5372 ι,
2759 5304 3007 5375 collect,
3042 5304 3338 5367 Liberatus
3367 5304 3602 5368 in'Bre-

304 5374 424 5451 (21)
480 5377 590 5433 An.
629 5377 732 5435 Cb.
775 5376 913 5451 ι’15.Δ
943 5377 1232 5451 Aberrant
1269 5379 1473 5438 Mensa
1529 5378 1884 5451 Graecorum,
1967 5381 2144 5436 viario
2201 5393 2325 5451 cap.
2361 5379 2429 5435 15
2456 5387 2510 5436 et
2540 5380 2920 5451 potissimum,
2950 5374 3150 5438 Clerus
3177 5379 3600 5440 Alexandrinus

231 5445 336 5522 qui
394 5445 528 5522 eum
561 5455 823 5522 statuunt
862 5445 1074 5522 vixisse
1131 5449 1188 5508 in
1247 5451 1522 5522 interiore
1562 5449 1885 5522 Thebaidos
1968 5462 2020 5509 et
2045 5445 2557 5522 Egypti'episcopi
2588 5450 2886 5522 orthodoxi
2909 5450 2965 5506 in
2988 5452 3228 5521 epistola
3251 5451 3317 5509 ad
3351 5453 3596 5510 Leonem

227 5516 571 5594 iplitudine,
605 5521 930 5594 imperante
959 5519 1335 5594 Constantino
1366 5521 1680 5594 Pogonato,
1705 5521 1882 5580 Hera-
1967 5516 2392 5594 imperatorem,
2449 5516 2819 5594 quasiexstat
2853 5521 2998 5578 inter
3023 5516 3304 5594 epistolas
3361 5524 3521 5582 datas
3567 5541 3598 5583 a

229 5587 330 5646 cili
363 5598 600 5660 nepote.
633 5587 865 5648 duobus
895 5600 1023 5664 post
1050 5593 1172 5650 haec
1203 5587 1739 5667 tempora'szeculis.
1970 5587 2216 5652 diversis
2250 5607 2352 5663 pro
2382 5587 2556 5650 Cohc.
2583 5587 3189 5721 Cbalcedonensiggar.
3223 5595 3278 5664 3,
3310 5597 3474 5667 epist.
3507 5596 3598 5658 22.

303 5659 420 5721 (28)
452 5663 560 5718 An.
591 5661 690 5719 Ch.
723 5659 847 5718 457.
2044 5663 2155 5721 (3οι
2189 5663 2245 5721 8.
2277 5664 2624 5721 Proterium.
2657 5665 2756 5721 aui
2793 5661 3005 5721 colitur
3134 5663 3453 5721 Februarii.

303 5659 420 5736 (28)
446 5659 560 5718 An.
591 5661 690 5719 Ch.
723 5659 847 5718 457.
896 5659 914 5664 ⁷
1319 5659 1338 5667 ’
2044 5663 2155 5736 (3οι
2189 5659 2624 5728 8.Ῥιόιοτὶιιω,
2657 5665 2756 5737 qui
2793 5661 3005 5724 colitur
3037 5659 3106 5721 28
3134 5659 3453 5727 Februarii.
