4072 6206
249 351 374 420 677

1573 353 1759 418 VITA
1806 353 1867 416 S.
1914 351 2331 416 EUTHYMII.

3523 353 3644 424 678

245 491 465 567 ῥήσεις,
513 489 600 568 ἐφ’
657 491 716 546 ὃν
759 493 810 546 αἱ
853 489 1164 570 φιλαλήθεις
1209 486 1550 566 ἐπαγγελίαι,
1600 483 1695 543 Ὠν
1755 487 1906 552 οὗτος

1996 483 2314 560 dictiones,
2347 485 2424 548 de
2454 504 2574 564 quo
2607 504 2760 548 verae
2801 486 3257 567 promissiones.
3294 487 3559 560 Quarum
3592 489 3645 550 is

249 583 454 646 εὐθέως
513 581 892 662 ἂναμνησθεις,
939 581 1132 638 Φεϊδον
1182 583 1274 638 τὸν
1319 582 1392 646 εἰς
1437 581 1537 648 τὴν
1583 579 1777 658 λαύραν
1822 581 1916 636 σὺν

248 673 407 746 αὖτῷ
489 671 920 750 παραγεγονότα,
976 671 1071 730 καὶ
1128 676 1236 729 τῶν
1311 668 1656 749 προῤῥήσεων
1701 669 1915 726 ὶκείνων

251 761 587 834 ἀκούσαντα,
636 760 879 818 διάκονον
923 773 1255 842 χειροτονεῖ,
1307 761 1401 817 καί
1445 761 1576 838 πρὸς
1609 761 1699 816 τὸν
1742 758 1913 837 μέγαν

255 851 409 916 αὖθις
467 853 603 928 μετὰ
649 858 743 909 τοῦ
799 850 1233 930 σταυροφύλακος
1289 848 1612 906 ἀποστέλλει
1652 868 1668 885 ο
1713 850 1813 919 τήν
1858 868 1913 904 τε

251 947 362 1008 τῆς
421 943 743 1019 προφητείας
791 942 1010 1016 μηνύων
1053 937 1295 1016 ἔκϐασιν,
1349 940 1439 996 καὶ
1494 939 1655 1006 ἀξιῶν
1683 941 1912 1017 ὶπιτρα-

255 1031 428 1099 πῆναί
453 1032 502 1087 οἱ
531 1031 629 1098 τὴν
659 1032 789 1106 πρὸς
837 1031 996 1090 αὐτὸν
1049 1028 1296 1093 κάθοδον.
1327 1032 1388 1088 ‘0
1419 1026 1475 1085 δὲ
1506 1028 1702 1092 ταύτας
1733 1026 1912 1085 δῖδωσι

257 1121 359 1182 τὰς
391 1120 693 1199 ἀποκρίσεις
717 1139 735 1158 ⁸
770 1119 926 1195 Ἐμοὶ
953 1117 1020 1176 δι’
1055 1119 1334 1195 ἰπιθυμίας
1371 1117 1519 1176 ἐστίν
1547 1118 1628 1174 ἀεὶ
1659 1118 1757 1185 τὴν
1788 1119 1913 1192 ὑμεο

255 1209 420 1290 τέραν
451 1212 574 1285 ὀρᾷν
624 1208 966 1289 τελειότητα,
1026 1210 1117 1264 καὶ
1173 1207 1386 1286 κέρδους
1419 1207 1586 1270 οὕτως
1619 1207 1908 1264 ἀπολαύειν

260 1308 652 1374 πνευματικοῦ.
678 1297 849 1356 Ἀλλὰ
876 1299 939 1354 τὸ
971 1298 1070 1372 μὲν
1099 1303 1196 1366 τῆς
1231 1296 1487 1376 προτέρας
1520 1296 1668 1372 ὑμῶν
1716 1294 1910 1364 ἐπιδη-

1997 573 2199 636 statim
2245 575 2622 656 recordatus,
2652 574 2890 650 Fidum,
2929 579 3027 657 qui
3081 576 3153 638 ad
3215 576 3441 640 lauram
3504 595 3640 640 cum

1996 664 2128 745 ipso
2159 675 2526 740 accesserat,
2590 663 2982 746 audieratque
3033 666 3454 745 praedictiones
3483 667 3642 744 illas,

1997 752 2232 816 ordinat
2291 755 2640 828 diaconum,
2674 763 2733 816 et
2774 773 2984 817 rursus
3031 754 3101 817 ad
3153 773 3434 832 magnum
3468 756 3648 818 mittit

1998 861 2116 904 una
2146 862 2280 905 cum
2315 845 2563 907 custode
2593 843 2790 906 crucis
2822 862 2838 920 ;
2871 854 2996 906 tum
3030 845 3361 924 prophetia:
3404 845 3642 924 signiﬁ-

1998 950 2142 994 cans
2171 941 2476 1006 eventum,
2513 942 2636 996 tum
2687 951 2905 1012 rogans
2955 933 3068 994 sibi
3103 934 3366 1014 permitti
3395 934 3472 996 ad
3504 952 3645 997 eum

1997 1039 2274 1104 pergere.
2311 1025 2368 1086 Is
2397 1032 2596 1086 autem
2644 1022 2744 1084 dat
2793 1023 2921 1084 haec
2951 1040 3242 1104 responsa
3279 1041 3293 1086 :
3325 1022 3469 1086 Mihi
3500 1041 3647 1087 sane

1996 1119 2342 1193 exoptatum
2375 1131 2622 1193 semper
2651 1120 2741 1174 est
2773 1120 3030 1174 vestram
3077 1112 3284 1176 videre
3317 1114 3647 1193 perfectio-

1997 1219 2156 1277 nem,
2219 1202 2427 1283 sicque
2470 1203 2700 1265 lucrum
2764 1201 3037 1281 spiritale
3067 1203 3381 1284 consequi.
3420 1202 3646 1267 Verum

1996 1290 2160 1372 prior
2190 1291 2430 1372 quidem
2459 1299 2661 1353 vester
2689 1290 3000 1364 adventus,
3055 1290 3230 1354 aliter
3290 1300 3442 1367 erat,
3499 1293 3649 1356 citra

261 1389 415 1465 μίας,
444 1386 620 1452 ἄλλως
654 1388 746 1467 ἦν,
779 1386 878 1452 ἔξω
905 1389 1106 1453 παντὸς
1135 1387 1306 1467 ὄχλου
1335 1390 1421 1445 καὶ
1472 1388 1650 1454 πάσης
1696 1387 1912 1466 ἀπραγ-

1996 1399 2237 1442 omnem
2269 1380 2530 1448 turbam,
2569 1399 2704 1443 cum
2764 1381 2929 1443 omni
2987 1381 3440 1463 tranquillitate.
3475 1384 3649 1447 Nunc

263 1479 526 1553 μοσύνης.
563 1487 666 1538 Νῦν
694 1476 750 1534 δὲ
781 1480 842 1536 τὸ
873 1479 970 1545 τῆς
992 1477 1168 1558 ἀρχῆς
1195 1477 1417 1556 μέγεθος
1429 1477 1639 1555 ,ἑτέραν
1671 1478 1800 1552 ὑμῖν
1821 1477 1912 1532 σὺν

1999 1485 2144 1532 vero
2175 1469 2486 1550 dignitatis
2517 1470 2865 1547 magnitudo
2888 1470 2991 1531 dat
3021 1470 3190 1532 vobis
3218 1469 3400 1533 alium
3434 1471 3650 1551 agendi

265 1569 385 1642 Θεῷ
439 1565 618 1624 δίδωσι
672 1566 818 1634 τάξιν
854 1588 868 1602 ·
933 1567 1072 1625 ὥστε
1118 1564 1416 1645 δπερϐαίνει
1451 1567 1590 1644 παρὰ
1636 1565 1772 1624 πολὺ
1816 1571 1912 1635 τὴν

1999 1560 2301 1634 ordinem,
2339 1558 2462 1622 Deo
2495 1559 2574 1621 ita
2603 1559 2842 1622 volente
2877 1579 2890 1623 :
2927 1560 3214 1638 quocirca
3245 1560 3420 1641 longe
3453 1579 3648 1624 meam

262 1657 406 1732 ἐμήν
438 1657 710 1715 ἀσθένειαν
751 1659 786 1727 ἡ
831 1657 1060 1736 ὗμετέρα
1113 1656 1319 1726 δηλαδὴ
1349 1657 1632 1736 παρουσία.
1671 1663 1912 1714 Δυσωτὼ

2001 1660 2247 1732 superat
2279 1650 2778 1723 imbecillitatem,
2813 1658 3008 1714 vestra
3038 1651 3270 1714 scilicet
3302 1653 3645 1734 praseutia.

261 1753 394 1826 γοῦν
433 1746 628 1822 μηκέτι
685 1769 744 1804 σε
800 1745 1058 1814 σκυλῆναι
1089 1748 1220 1824 πρὸς
1245 1747 1312 1803 τὰ
1340 1747 1585 1810 ἐνταῦθα.
1621 1748 1678 1805 Ei
1709 1745 1753 1803 δ’
1797 1748 1910 1820 οὖν,

2003 1742 2164 1818 Rogo
2195 1739 2396 1819 igitur,
2432 1758 2508 1802 ne
2555 1739 2817 1821 amplius
2876 1741 3145 1806 laborem
3205 1741 3324 1804 huc
3368 1741 3653 1806 veniendi

259 1836 389 1894 ἀλλ’
430 1837 543 1914 εγὼ
584 1837 682 1912 μὲν
744 1835 978 1916 δέχομαι
1052 1837 1336 1916 προθύμως
1395 1835 1690 1918 ἰρχόμινον
1725 1852 1739 1868 ⁸
1789 1837 1912 1892 εἶτα

2000 1829 2318 1911 suscipias.
2391 1828 2499 1894 Sin
2560 1830 2782 1904 minus,
2821 1837 3084 1894 attamen
3139 1849 3249 1911 ego
3307 1831 3650 1895 venientem

257 1927 355 1983 καὶ
393 1927 516 1989 τοὺς
575 1925 771 1990 ἄλλους
812 1926 1017 1992 πάντας
1075 1926 1373 2004 ἀναγκαῖον
1415 1927 1626 1992 πάντως
1676 1930 1770 1986 οὒκ
1812 1926 1912 1982 ἀπ-

1998 1920 2288 2002 accipiam
2321 1920 2507 1984 alacri
2538 1921 2776 1994 animo;
2833 1921 3055 1984 deinde
3091 1939 3340 1984 necesse
3372 1922 3481 1984 erit
3512 1939 3653 1983 om-

260 2019 522 2073 ωθεϊσθαι
559 2030 572 2046 ⁸
621 2017 710 2072 καὶ
767 2017 828 2072 τὸ
871 2015 1086 2089 λοιπὸν,
1150 2015 1328 2072 οὒκὲτι
1379 2015 1662 2094 διατρίϐειν
1695 2016 1912 2074 ἐνταῦθα

1998 2010 2143 2074 nino
2175 2021 2237 2072 ut
2268 2011 2370 2073 alii
2403 2010 2606 2074 cuncti
2638 2029 2756 2073 non
2808 2010 3224 2092 repellantur;
3286 2009 3656 2092 tandemque

261 2104 486 2168 δυνατὸς
517 2103 733 2179 ἔσομαι,
765 2109 844 2179 τῷ
869 2108 978 2163 τῶν
1028 2103 1481 2183 παραϐαλλόντων
1541 2105 1741 2176 πλήθει
1786 2127 1912 2162 στε-

2000 2120 2120 2163 non
2181 2111 2392 2182 potero
2449 2102 2712 2181 amplius
2770 2102 2863 2162 hic
2926 2102 3172 2176 versari,
3206 2100 3658 2164 amultitudine

268 2195 702 2274 νοχωρούμενος.
761 2195 931 2255 Ἀλλὰ
972 2198 1038 2253 τὰ
1081 2196 1182 2270 μὲν
1224 2205 1316 2254 τοῦ
1364 2197 1602 2276 μεγάλου
1649 2199 1778 2272 πρὸς
1825 2198 1912 2254 τὸν

1997 2193 2412 2255 accedentium
2473 2200 2834 2254 coarctatus.
2893 2189 3010 2254 Sed
3069 2209 3202 2272 quze
3270 2209 3519 2270 magnus
3576 2190 3654 2254 ad

265 2283 639 2364 πατριάρχην,
699 2293 915 2344 τοιαῦτα
972 2285 1058 2342 καὶ
1145 2283 1312 2348 οὕτως
1376 2284 1597 2365 ἔχοντα.
1661 2285 1912 2342 Βούλεται

1999 2281 2422 2360 patriarcham,
2491 2280 2592 2342 tali
2654 2279 2915 2358 quodam
2979 2282 3156 2342 modo
3216 2280 3462 2345 habent.
3517 2278 3654 2343 Jam

264 2370 325 2428 δὲ
380 2380 471 2429 νῦν
526 2375 555 2430 ὁ
625 2371 808 2451 λόγος,
872 2375 958 2432 ἐπὶ
1021 2376 1112 2430 τὸν
1155 2371 1430 2451 Τιρέϐωνα
1477 2376 1564 2432 καὶ
1611 2378 1755 2439 αὖθις
1813 2373 1910 2432 ἒπ-

1998 2370 2184 2448 exigit
2215 2370 2426 2444 oratio,
2461 2370 2546 2433 uti
2605 2381 2978 2433 revertamur
3027 2369 3221 2431 adhuc
3271 2368 3343 2430 ad
3377 2368 3652 2434 Terebo-

267 2460 542 2525 ανελθεϊν.

2002 2477 2166 2520 lleln.

352 2542 478 2628 ('2'.
511 2549 753 2629 Τερὲὄωδ
779 2553 952 2610 τοίνυν
986 2551 1136 2618 οὗτος
1170 2554 1198 2609 ὁ
1230 2558 1336 2609 τῶν
1395 2555 1725 2631 Σαρακηνών
1779 2553 1912 2632 φύλ-

2041 2547 2215 2612 XCVl
2226 2550 2244 2609 l
2255 2548 2378 2612 .Hic
2394 2567 2536 2628 ergo
2551 2546 2827 2611 Terebon
2845 2546 3283 2611 Saracenorum
3305 2548 3494 2612 tribus
3508 2567 3654 2631 prm-

265 2662 467 2721 αρχος,
526 2642 598 2706 εἷς
659 2642 897 2720 Βόστρας
956 2643 1093 2699 κατὰ
1141 2663 1258 2698 τινα
1320 2642 1506 2721 χρείαν
1581 2640 1769 2721 ἐλθὼν,
1833 2645 1912 2698 καί

2002 2639 2218 2716 tectus,
2243 2657 2377 2702 cum
2413 2639 2612 2720 aliqua
2642 2638 2718 2700 de
2741 2656 2920 2701 causa
2939 2637 3202 2701 venisset
3225 2638 3471 2702 Bostras
3501 2640 3650 2719 (38),

265 2731 413 2810 παρά
442 2752 584 2796 τινος
615 2730 1002 2812 συμφυλάρχου
1033 2741 1127 2790 τοῦ
1154 2729 1182 2773 δ
1209 2733 1308 2798 τὴν
1339 2731 1518 2811 ἀρχὴν
1577 2731 1674 2798 τῆς
1734 2732 1912 2811 χώρας

2003 2735 2061 2790 et
2089 2747 2124 2790 a
2152 2728 2406 2809 quodam
2441 2727 2860 2808 compraafecto
2921 2727 3156 2792 delatus
3197 2738 3357 2792 esset
3405 2729 3479 2792 ad
3510 2749 3653 2793 eum

266 2819 735 2899 ἐπιτετραμμένοι)
789 2829 812 2862 θ
877 2818 1204 2894 διαϐληθεὶς,
1268 2819 1572 2900 κατεσχέθη
1618 2841 1677 2877 τε
1718 2823 1807 2878 καὶ
1859 2821 1912 2876 τὸ

2001 2817 2097 2880 cui
2128 2817 2451 2879 commissa
2487 2817 2680 2880 fuerat
2704 2817 2977 2897 regionis
3007 2816 3652 2895 administratio,com-

263 2911 638 2990 δεσμωτήριον
695 2912 865 2968 οἰκεῖν
923 2911 1208 2990 κατεκρίθη
1267 2909 1431 2967 πολὺν
1488 2910 1544 2968 ἐν
1588 2917 1665 2986 τῷ
1723 2908 1912 2987 μεταξὺ

2004 2908 2342 2988 prehensus
2360 2906 2468 2969 fuit
2486 2915 2544 2970 et
2562 2925 2871 2970 carcerem
2897 2907 3173 2973 habitare
3191 2907 3654 2992 condemnatus,

265 3002 493 3084 χρόνον,
541 3000 702 3064 Γνοὺς
763 2999 852 3059 οὖν
895 3001 958 3058 τὸ
1013 2999 1190 3081 δρᾶμα
1233 3004 1331 3067 τῆς
1381 3001 1731 3082 συκοφαντίας
1762 3001 1789 3057 ὁ
1819 2999 1912 3078 μέ-

2005 2995 2372 3076 perlongum
2391 2996 2551 3078 quod
2569 2995 2913 3060 intercessit
2935 3006 3051 3061 tem
3061 2998 3443 3078 pus.Cognito
3473 2997 3656 3079 igitur

267 3111 369 3170 γας
418 3091 700 3165 Εὒθύιιιος,
759 3089 948 3171 γράφει
1008 3089 1348 3168 Ἀντιπάτρῳ
1379 3097 1456 3166 τῷ
1498 3100 1790 3158 τηνικαῦτα
1822 3092 1912 3159 τὴν

2003 3085 2318 3148 calumniae
2348 3095 2482 3148 actu
2507 3105 2756 3167 magnus
2777 3085 3151 3169 Euthymius.
3179 3088 3389 3151 scribit
3410 3088 3486 3151 ad
3515 3090 3654 3153 An-

269 3179 602 3248 Ἐκκλησίαν
688 3179 933 3260 Βόστρων
999 3181 1253 3252 ίθύνοντι,
1328 3178 1744 3246 συναποστείλας
1799 3193 1912 3246 τοῖς

2005 3177 2286 3269 tipatrum
2321 3174 2572 3269 (39),qui
2599 3186 2740 3269 tunc
2760 3176 3147 3269 Bostrensem
3172 3175 3656 3269 regebatEccle-

270 3269 556 3348 γράμμασι
625 3271 713 3326 καὶ
768 3272 1000 3328 Γαῖανὸν
1054 3271 1146 3329 τὸν
1203 3267 1431 3348 ἀδελφὸν
1490 3270 1760 3349 Στεφάνου
1832 3278 1912 3328 τοῦ

2005 3265 2178 3342 siam;
2214 3284 2332 3328 una
2355 3284 2484 3328 cum
2535 3265 2753 3329 litteris
2807 3266 3051 3331 mittens
3081 3266 3371 3330 Gaianum
3404 3267 3651 3332 fratrem

273 3356 541 3435 Ἰαμνείας
580 3406 597 3434 ,
691 3357 830 3418 ὥστε
916 3356 1153 3428 σπουδὴν
1253 3358 1646 3440 εἰσενέγκασθαι
1688 3366 1912 3440 πᾶσαν,

2005 3353 2292 3436 Stephani
2321 3353 2572 3418 Jamniae
2604 3356 2876 3437 episcopi
2913 3377 2929 3434 ;
2977 3364 3040 3418 ut
3063 3375 3306 3420 omnem
3340 3357 3660 3422 adhiberet

275 3445 526 3516 ἆνεθῆναι
569 3449 676 3506 τῶν
727 3445 937 3525 δεσμῶν
993 3451 1088 3507 τὸν
1117 3445 1416 3527 Τερέϐωνα.
1451 3439 1510 3507 Ὀ
1545 3446 1600 3504 δὲ
1631 3449 1697 3506 τὰ
1740 3439 1912 3528 γράμέ

2006 3444 2379 3524 diligentiam
2443 3463 2562 3527 quo
2622 3463 2657 3507 a
2685 3444 2944 3508 vinculis
2977 3443 3256 3510 Terebon
3289 3447 3656 3529 eriperetur.

271 3559 421 3613 ματα
473 3536 733 3618 εἰληφὼς,
798 3536 1078 3614 δεξάμενός
1134 3559 1193 3594 τε
1237 3538 1330 3594 καὶ
1373 3537 1630 3619 Γαΐανὸν,
1675 3539 1766 3595 τὸν
1823 3537 1912 3614 μὲν

2005 3534 2113 3599 Ille
2130 3536 2576 3613 vero,acceptis
2597 3535 2814 3598 litteris
2827 3545 3256 3617 ,snsceptoque
3270 3536 3656 3607 Gaiano.cum

274 3623 552 3706 Τερέϐωνα
601 3627 783 3696 πάσης
825 3629 1155 3707 κατηγορίας
1199 3626 1584 3706 ἑλευθερώσας,
1644 3628 1740 3685 καὶ
1791 3627 1912 3696 ὃσης

2003 3622 2380 3688 Terehonem
2412 3623 2486 3686 ab
2516 3623 2682 3686 omni
2705 3623 3027 3688 liberasset
3047 3632 3454 3710 accusatione,
3477 3630 3660 3710 eique

275 3717 424 3791 αὖτῷ
465 3713 567 3772 ἔδει
612 3714 854 3786 δαπάνης
897 3718 1030 3798 πρὸς
1082 3716 1185 3786 τὴν
1241 3715 1359 3775 ὁδον
1414 3718 1771 3795 κοινωνήσας,
1837 3716 1912 3775 in}

2005 3722 2306 3795 sumptum
2337 3713 2411 3776 ad
2473 3712 2907 3802 profectionem
2959 3715 3367 3778 necessarium
3425 3735 3656 3802 suppe-

271 3807 369 3862 τὸν
427 3804 596 3884 μέγαδ
654 3805 1058 3872 ἐξαποστέλλει.
1119 3807 1350 3864 Γαῖανὸν
1409 3803 1466 3862 δὲ
1508 3805 1688 3884 ὥσπερ
1716 3828 1768 3863 τι
1812 3807 1912 3878 ζώ-

2005 3802 2279 3885 ditasset,
2338 3819 2476 3865 eum
2531 3801 2711 3864 mittit
2762 3802 2836 3865 ad
2895 3820 3200 3882 magnum.
3235 3805 3310 3866 At
3359 3801 3654 3872 Gaianum

273 3917 441 3974 πυρον
519 3896 618 3964 τῆς
700 3896 959 3973 Εὖθυμίου
1029 3895 1368 3959 διδασκαλίας
1442 3893 1580 3974 ἔγνω
1636 3918 1912 3975 παρακατ-

2005 3892 2197 3955 veluti
2219 3891 2515 3956 scintillas
2545 3891 2832 3974 quasdam
2877 3891 3166 3954 doctrinae
3193 3891 3495 3975 Euthymii
3527 3905 3655 3958 sta-

271 3984 449 4066 ἐχειν,
482 3986 571 4042 καὶ
615 3986 713 4053 τῆς
771 3983 1038 4054 Μηδάϐων
1095 3985 1305 4051 πόλεως
1335 3985 1630 4043 ἐπίσκοπον
1667 4006 1912 4066 χειροτο-

2006 3983 2118 4046 tuit
2149 3983 2499 4060 retinere,et
2528 3981 2880 4063 episcopum
2912 3979 3298 4046 Medaborum
3335 3985 3462 4066 (40)
3498 3984 3652 4048 civi-

272 4087 388 4137 νεῖ.

2007 4072 2143 4136 tatis
2173 4071 2428 4135 ordinat.

355 4153 492 4241 μί’.
544 4163 620 4221 ⁸Ἥ
678 4185 739 4243 γε
796 4164 908 4241 μὴν
961 4178 1254 4244 μακαρῐτις
1319 4163 1563 4245 Εύδοκία,
1641 4167 1794 4230 ναοὺς
1840 4166 1912 4223 ὅτι

2088 4160 2532 4226 XCVIII.Beata
2567 4180 2744 4242 porro
2776 4159 3062 4243 Eudocia,
3092 4170 3403 4244 postquam
3433 4167 3656 4248 templa

270 4252 558 4320 πλείστους
612 4255 690 4330 τῷ
747 4255 863 4330 Θεῷ
936 4252 1258 4331 δειμαμένη,
1324 4255 1665 4333 γηροκομεῐά
1717 4278 1777 4313 τε
1834 4257 1912 4315 καῖ

2005 4251 2449 4335 quamplurima
2495 4250 2618 4315 Deo
2677 4251 3014 4327 aediﬁcavit,
3069 4254 3284 4335 pieque
3317 4258 3657 4322 construxit

270 4356 531 4423 πτωχετα
572 4340 602 4386 ἀ
654 4345 742 4400 καὶ
793 4345 1130 4422 μοναστήρια
1173 4341 1303 4419 μηδ’
1343 4343 1552 4422 ἀριθμῷ
1605 4343 1912 4415 ὑποϐληθῖμ

2005 4342 2368 4423 gerocomia,
2403 4343 2661 4422 ptochia,
2699 4342 3091 4417 monasteria,
3152 4361 3283 4424 quae
3343 4363 3421 4408 ne
3477 4347 3655 4411 facile

273 4455 362 4490 ναι
433 4431 584 4509 ῥᾴδια
669 4431 928 4514 φιλοθέως
1011 4431 1419 4511 συστησαμένη,
1478 4433 1797 4512 προσέταξεν
1868 4437 1912 4492 Ei

2009 4433 2252 4515 quidem
2280 4432 2390 4495 sub
2423 4450 2743 4494 nume-rum
2799 4433 3001 4495 venire
3035 4442 3325 4514 possunt;
3379 4435 3564 4516 jussit
3593 4439 3656 4502 in

273 4545 383 4580 τινι
437 4528 545 4578 τῶν
584 4521 672 4580 ὑπ’
730 4521 897 4587 αὖτῆς
954 4521 1388 4599 ᾠκοδομημένων
1431 4530 1474 4604 ⁸,
1530 4524 1585 4590 ὃς
1617 4525 1798 4603 Πέτρῳ
1829 4527 1912 4604 pii

322 4615 351 4626 .-
623 4611 636 4630 .
756 4619 780 4630 ..
860 4612 874 4630 .
1045 4611 1080 4630 n
1205 4612 1218 4630 .
1298 4625 1320 4630 Δ
1473 4614 1486 4630 ,
1653 4615 1665 4629 .
1733 4615 1774 4630 μ
1867 4621 1888 4630 -

2011 4523 2266 4606 quodam
2295 4541 2364 4585 ex
2395 4522 2710 4624 aedificetis
2733 4521 2807 4584 ab
2835 4541 2919 4630 ea.
2937 4523 3205 4626 templis,
3239 4527 3396 4606 quod
3432 4535 3524 4588 est
3551 4545 3654 4589 sa-

275 4615 356 4687 τῷ
411 4611 682 4693 κορυφαίῳ
713 4619 821 4670 τῶν
852 4611 1169 4671 ἀποστόλων
1198 4612 1434 4695 ἀνεῖται,
1467 4614 1680 4695 ἂντικρὺ
1728 4615 1782 4674 δὲ
1826 4621 1912 4686 τῆς

2010 4633 2176 4676 crum
2205 4617 2379 4675 Petro
2405 4611 2661 4693 principi
2690 4611 3308 4693 apostolorum,situm
3338 4624 3540 4680 autem
3566 4624 3660 4683 est

280 4701 539 4776 Εύθύμίου
609 4700 807 4780 λαύρας
866 4700 1150 4778 διάκειται,
1213 4702 1309 4761 οὒκ
1379 4701 1603 4762 ἔλαττον
1661 4705 1696 4773 ἢ
1750 4707 1912 4766 εἴκοσι

2011 4703 2306 4782 eregione
2325 4703 2507 4765 laurae
2527 4701 2977 4782 Euthymii,non
3002 4702 3228 4766 distans
3256 4706 3453 4769 minus
3471 4725 3658 4790 quam

280 4787 516 4856 σταδίοις
567 4787 888 4867 διεστηνὼς,
948 4791 1148 4850 λάκκον
1203 4791 1225 4836 ἲ
1263 4793 1402 4871 μέγα
1445 4795 1606 4871 βάθος
1663 4798 1797 4872 ὁμοῦ
1839 4806 1912 4857 κα

2011 4794 2216 4874 viginti
2248 4792 2458 4868 stadia,
2496 4790 2703 4856 fodere
2729 4791 3054 4855 cisternam
3087 4793 3260 4857 valde
3292 4787 3654 4877 profundam

278 4883 486 4957 μῆκος,
531 4881 715 4961 χρείας
757 4883 902 4949 τινὸς
934 4883 1228 4961 ἀναγκαίας
1262 4884 1423 4964 χάριν
1465 4883 1732 4962 ἀνορύξαι.
1790 4892 1912 4948 [loti

2010 4883 2191 4949 simul
2247 4892 2307 4946 et
2359 4883 2560 4957 latam,
2621 4881 2875 4961 alicujus
2903 4882 3093 4962 gratia
3126 4902 3271 4948 usus
3299 4889 3653 4956 necessarii.

1595 5041 1854 5112 VARIAE
1899 5043 2334 5118 LECTIONES.

359 5147 388 5190 δ
415 5145 496 5212 al.
530 5147 630 5222 τῷ.
716 5164 740 5198 α
764 5147 843 5213 al.
878 5150 1346 5232 ἑπιτετραμμένφ.
1432 5153 1460 5197 ἀ
1487 5152 1567 5218 al.
1602 5172 2048 5240 πτωχοτροφετα.
2135 5170 2160 5200 ⁸
2188 5154 2267 5219 al.
2299 5153 2480 5216 addd.
2516 5160 2677 5216 ναῶν.
2771 5150 2783 5187 ¹
2814 5151 2894 5215 ll.
2929 5149 3152 5216 λάκκου.

1513 5260 1721 5329 JOAN.
1767 5262 2141 5330 BOLLANDI
2184 5259 2433 5327 NOTIE.

354 5364 470 5453 (3p)
504 5365 839 5453 ῐζινιοεῌιςιιιιιΔ
883 5369 1270 5453 munitissima
1312 5380 1370 5453 et
1405 5371 1808 5453 antiquissima
1863 5372 1920 5429 in
2009 5444 2022 5453 ε
2081 5369 2196 5442 (t0)
2227 5367 2492 5453 chledaha
2520 5369 2728 5453 civitas
2759 5365 3502 5453 trans_Jordanem,arabiaa
3520 5367 3661 5453 sub-

282 5438 497 5524 ωηο
529 5438 784 5524 deserta,
804 5438 1004 5524 Stribui
1035 5439 1291 5524 Μωυσέα
1313 5451 1481 5524 trans
1511 5438 1818 5502 Jordanem
1842 5459 1928 5502 asc
2002 5438 2256 5516 iacens.-
2291 5441 2410 5498 Vita
2433 5439 2714 5524 S.ASab:e_;
2741 5441 3039 5524 quondam
3062 5440 3334 5524 primaria
3363 5439 3662 5524 Ammoni-

283 5513 529 5584 signata.
562 5509 706 5568 Vide
743 5508 1183 5570 Adrichomium
1222 5529 1276 5596 c_.
1311 5513 1405 5572 27.
1559 5586 1569 5597 _
1608 5585 1619 5598 ι
2003 5508 2225 5597 larum,
2242 5508 2943 5640 gosteaﬁmorrhaiorum
2971 5508 3042 5565 ad
3065 5508 3378 5567 torrentem
3408 5511 3612 5595 Arnen
3641 5530 3656 5579 ;

301 5652 319 5657 Α
359 5581 476 5652 (39)
508 5579 690 5657 liuius
726 5581 996 5657 decessor
1031 5583 1378 5657 subscripsit
1409 5584 1662 5644 concilio
1691 5585 1930 5644 Chalce-
2015 5595 2200 5657 patria
2287 5582 2641 5654 erontil,qui
2675 5582 3048 5657 llegumenus
3079 5589 3200 5638 erat
3226 5581 3658 5657 monasteriis.

285 5651 1022 5784 ﬁgnxpiibConstantinus
1051 5651 1346 5716 Bostrenaa
1373 5657 1619 5716 civitatis
1647 5665 1935 5730 metropo-

2052 5595 2200 5644 atria
2242 5595 2641 5654 Gerontn,qui
2675 5595 3045 5652 uegumenus
3079 5595 3200 5638 erat
3237 5595 3568 5640 monasterii
3599 5595 3658 5640 δ.

2052 5658 2500 5738 :qthvmii,_cum
2536 5655 2798 5738 utauhaeg
2815 5649 3093 5738 a_Cvri_llo
3122 5650 3496 5738 scriberetur.
3523 5651 3662 5714 Vide

2015 5720 2452 5787 Adriéhomium
2487 5726 2544 5783 in
2580 5725 2732 5785 tribu
2759 5720 2961 5782 Ruben
2994 5736 3120 5794 cap.
3159 5720 3248 5780 t7.
