4072 6206
479 341 597 412 679

1760 338 2040 408 MENSIS
2089 335 2543 411 IANUARIUS.

3736 345 3838 414 680

483 486 755 566 Cumque
781 485 1100 566 aliquando
1134 482 1398 543 venisset
1429 480 1499 542 ad
1533 498 1664 542 eam
1706 482 2091 562 spectandam

2207 482 2260 540 δὲ
2333 487 2468 544 κατᾶ
2541 486 2662 542 θέαν
2715 487 2872 545 αὐτοῦ
2928 487 3221 566 ἀφιγμένη,
3290 489 3391 564 ὁρᾷ
3449 487 3550 552 τὴν
3610 485 3839 559 Εὗθυμίου

478 576 640 637 videt
673 574 902 636 lauram
935 571 1237 652 Euthymti
1265 569 1517 650 positam
1550 570 1610 630 in
1631 570 1826 632 media
1852 571 2119 634 solitudi-

481 675 650 741 ne,et
681 663 1181 746 quemadmodum
1219 659 1385 721 cellae
1414 659 1663 721 fratrum
1688 671 1861 722 erant
1889 681 1921 722 a
1951 662 2122 724 sein-

481 755 671 816 vicem
705 753 1016 832 sejunctas;
1047 759 1227 830 atque
1259 749 1406 811 illud
1431 749 1759 830 Scriptura:
1791 751 2071 813 meditata
2104 774 2118 810 :

480 842 682 918 Quam
698 842 974 921 pulchrae
989 840 1121 901 dom
1132 857 1201 900 us
1215 839 1963 907 tuceJacobJubernat-ula
1987 848 2117 922 tua,

477 930 674 994 Israel
691 929 776 992 ὅδε
807 931 1066 1010 indeque
1089 930 1476 990 vehementer
1505 929 1704 990 animo
1734 942 2116 1010 compuncta,

474 1021 637 1082 illico
671 1021 742 1082 ad
778 1040 914 1082 eum
974 1019 1155 1081 mittit
1208 1017 1600 1090 Gabrielium,
1647 1037 1869 1099 rogans
1919 1030 1978 1081 ut
2005 1021 2117 1083 sibi

473 1111 925 1192 permitteretur
946 1110 1259 1184 accedere,
1287 1109 1572 1189 illiusque
1596 1109 1709 1170 frui
1746 1128 2026 1173 sermone
2059 1120 2119 1172 et

471 1201 746 1262 doctrina
779 1221 792 1261 :
830 1201 1009 1262 simul
1043 1218 1181 1261 vero
1213 1198 1474 1259 habebat
1504 1197 1563 1259 in
1599 1202 1799 1260 animo
1832 1201 2015 1262 laurze
2040 1201 2116 1262 il-

469 1291 633 1370 lique
667 1291 972 1368 assignare
1003 1289 1258 1368 reditus,
1290 1307 1418 1350 eam
1448 1288 1520 1349 ob
1560 1298 1894 1361 causam,ut
1925 1291 2116 1352 fratri-

470 1380 581 1442 bus
615 1381 689 1442 de
721 1390 939 1442 caetero
969 1378 1276 1442 sufficiens
1308 1387 1563 1440 exstaret
1592 1398 1792 1440 rerum
1828 1399 2110 1443 necessa-

466 1470 688 1532 riarum
723 1469 1154 1549 suppeditatio.

551 1558 866 1623 XClelle
895 1577 1027 1620 vero
1053 1577 1182 1620 eam
1210 1561 1374 1639 prius
1407 1560 1499 1619 his
1521 1558 1718 1619 verbis
1743 1560 2105 1641 compellat:

2205 573 2402 652 λαύραν
2462 576 2516 632 ἐν
2568 576 2754 654 ἐρήμῳ
2794 575 2934 652 μέσῃ
2977 575 3354 651 διακειμένην,
3391 575 3542 639 ὅπως
3576 595 3632 631 τε
3660 575 3722 631 τὰ
3747 579 3839 631 τῶν

2205 665 2446 748 ἀδελφῶν
2503 667 2687 724 κελλία
2746 668 2841 725 ἀπ’
2899 667 3151 738 ἀλλήλων
3229 667 3377 735 ἦσαν
3453 666 3833 741 ἆπῳκισμένα’

2205 759 2292 812 καὶ
2343 760 2404 813 τὸ
2457 760 2720 837 Γραφικὸν
2779 763 2956 815 ὲκεϊνο
3017 757 3358 837 λογισαμὲνη
3397 772 3414 786 °
3479 748 3571 818 Ὠς
3630 755 3835 812 καλοὶοὶ

2204 849 2351 903 οἶκοι
2411 847 2625 926 Ἰακὼϐ,
2685 851 2737 904 αἱ
2813 851 3010 915 σκηναί
3082 870 3200 921 σου,
3285 844 3562 924 Ἰσραήλὲ
3622 845 3833 925 σφοδρῶς

2202 961 2258 995 τε
2315 939 2415 1004 τὴν
2474 940 2658 1016 ψυχὴν
2688 938 2923 996 ἐντεῦθεν
2953 951 3345 1014 κατανυγεϊσα,
3381 935 3590 1010 πέμπει
3623 933 3830 1013 P159111-

2200 1026 2312 1084 λιον
2379 1028 2529 1090 εὒθὺς
2599 1029 2729 1106 πρὸς
2799 1027 2981 1100 αὐτὸν,
3060 1028 3289 1102 δεομένη
3357 1025 3712 1102 ἐπιτραπῆναι
3760 1027 3835 1080 καὶ

2206 1117 2335 1192 αῦτῇ
2392 1117 2704 1196 προσελθεῖν
2749 1121 2892 1190 αὒτῷ
2935 1129 2986 1192 σ,
3033 1119 3122 1174 καὶ
3165 1116 3350 1193 λόγων
3417 1113 3712 1171 ἀπολαῦσαι
3743 1115 3830 1172 τῶν

2199 1209 2398 1263 ἐκείνου
2454 1211 2541 1264 καὶ
2588 1213 2687 1274 τῆς
2747 1207 3083 1270 διδασκαλίας
3119 1223 3132 1237 '
3183 1209 3324 1281 ὁμοῦ
3375 1204 3434 1260 δὲ
3467 1209 3555 1260 καὶ
3586 1225 3832 1280 προσαπο-

2198 1309 2381 1371 νεϊμαι
2426 1305 2494 1364 τῆ
2556 1319 2609 1352 τε
2662 1296 2827 1375 λαύρᾳ
2867 1297 2965 1353 καί
3011 1299 3155 1368 αὒτῷ
3205 1293 3537 1374 προσόδους,
3581 1293 3670 1350 ἐπὶ
3731 1300 3833 1349 νοῦν

2197 1391 2323 1466 εἶχε
2360 1403 2373 1416 ·
2421 1389 2508 1443 καὶ
2564 1388 2599 1454 ἡ
2630 1387 2790 1464 αἰτία,
2827 1387 2964 1443 ὥστε
3010 1385 3198 1463 διαρκῆ
3253 1400 3375 1445 τοῖς
3421 1381 3675 1463 ἀδελφοῖς
3707 1383 3830 1438 εἶναι

2196 1487 2285 1534 τοῦ
2314 1477 2504 1534 λοιποῦ
2533 1484 2639 1533 τῶν
2667 1477 2972 1554 ἀναγκαίων
3002 1477 3100 1543 τὴν
3132 1475 3435 1555 χορηγίαν,

2279 1565 2414 1642 ζΘ¹,
2451 1559 2508 1623 Ὀ
2556 1564 2632 1640 δὲ,
2681 1579 3061 1646 προαναφωνεϊ
3104 1567 3260 1640 αὐτῇ⁸
3300 1564 3430 1621 Ἐπὶ
3476 1564 3656 1634 θύραις
3686 1561 3830 1626 οῧσης

465 1651 655 1712 Morte
685 1651 758 1710 ad
793 1649 950 1710 fores
983 1659 1199 1723 stante,
1232 1668 1358 1720 cur,
1396 1668 1430 1709 o
1467 1649 1605 1722 tilia,
1643 1649 1900 1710 sollicita
1929 1669 1995 1712 es
2055 1660 2101 1712 el

2193 1659 2291 1722 της
2349 1657 2626 1730 τελευτῆς,
2690 1657 2739 1711 τί
2800 1657 3116 1733 φροντίζεις,
3164 1655 3368 1733 λέγων,
3411 1657 3459 1708 ὦ
3504 1653 3703 1724 τέκνον,
3749 1650 3828 1705 καί

466 1738 818 1800 distraheris
851 1739 1009 1800 circa
1041 1738 1333 1818 plurima?
1357 1739 1461 1800 llla
1491 1739 1683 1800 solum
1722 1738 1829 1800 tibi
1859 1741 1980 1801 sint
2013 1760 2101 1820 pa-

2195 1753 2516 1818 περισπᾶσαι
2562 1748 2678 1824 περὶ
2740 1745 2960 1821 πολλά;
3023 1747 3238 1803 Ἰιέκεῖνά
3299 1766 3386 1801 σοι
3444 1745 3610 1819 μόνον
3664 1740 3827 1824 εὔτρε-

464 1839 612 1899 rata,
676 1849 806 1906 qum
863 1828 938 1889 ad
995 1847 1315 1890 excessum
1367 1847 1434 1890 ex
1489 1829 1598 1890 hac
1628 1829 1745 1889 vita
1778 1831 2101 1908 pertinent.

2194 1836 2270 1904 τιῆ
2330 1836 2582 1914 γενέσθαι),
2713 1838 2842 1913 πρὸς
2878 1838 2975 1900 τὴν
3018 1841 3115 1902 τῆς
3147 1839 3291 1905 ζωῆς
3325 1831 3616 1907 ἐκδημίαν,
3666 1821 3827 1902 Ἠμῶν

463 1917 661 1979 Nostri
689 1927 888 1979 autem
927 1937 1000 1977 ne
1035 1918 1404 1996 memineris,
1439 1927 1719 1998 quantum
1767 1920 1837 1981 ad
1870 1921 2101 1984 reditus

2189 1922 2242 1980 δὲ
2285 1925 2363 2000 μὴ
2408 1922 2494 1980 ἐπὶ
2525 1923 2804 2000 προσόδοις
2865 1926 2970 1980 τισὶ
3014 1927 3281 2000 μνησθῇς,
3339 1919 3485 1997 μηδὲ
3541 1922 3822 1999 χρήμασιν,

462 2007 618 2068 ullos
649 2016 749 2069 aut
773 2005 1197 2085 pecunias,sed
1223 2008 1544 2069 recordare
1567 2025 1768 2070 coram
1797 2012 2101 2072 communi

2189 2013 2308 2070 ἀλλ’
2355 2014 2439 2069 ἐπὶ
2482 2014 2573 2070 τοῦ
2634 2025 2813 2074 κοινοῦ
2843 2016 3110 2089 μνήσθητι
3158 2013 3463 2083 Δεσπότου,
3500 2009 3631 2066 ὅπου
3751 2009 3824 2062 καὶ

460 2096 855 2170 Domino,ubi
877 2115 1021 2158 sane
1041 2105 1095 2158 te
1110 2097 1305 2176 potius
1326 2099 1514 2159 nostri
1534 2100 1883 2161 meminisse
1907 2111 2101 2181 postu-

2189 2105 2488 2180 μνησθῆναί
2545 2125 2602 2160 σε
2648 2104 2853 2178 μᾶλλον
2896 2107 3052 2179 ἡμῶν
3109 2102 3386 2177 ἀξιοῦμεν,
3424 2102 3634 2159 Τούτων
3663 2099 3816 2154 ἁκού-

459 2190 674 2250 lamus.
707 2187 813 2248 His
844 2186 945 2248 illa
975 2187 1220 2262 auditis,
1250 2191 1517 2250 animum
1550 2189 1809 2251 divisum
1847 2191 2101 2254 habebat

2189 2215 2347 2268 σασα,
2407 2193 2519 2250 δυσὶ
2571 2194 2759 2250 πάθεσι
2806 2193 3034 2266 τούτοις,
3097 2192 3356 2262 ἐκπλήξει
3402 2191 3494 2248 καὶ
3545 2189 3682 2260 λύπῃ
3726 2187 3813 2250 τὴν

459 2279 521 2338 in
556 2278 738 2339 hasce
767 2278 918 2338 duas
948 2277 1319 2352 atl‘ectiones,
1355 2278 1814 2341 admirationem
1840 2289 1896 2342 et
1920 2283 2101 2342 tristi-

2189 2286 2368 2364 ψυχὴν
2423 2284 2690 2361 ἑπιεε>ίζε’το
2726 2300 2737 2312 ⁸
2787 2285 2849 2339 τὸ
2894 2284 3014 2357 μὲν,
3061 2288 3127 2358 τῇ
3171 2282 3475 2360 προγνώσει
3521 2276 3613 2332 τοῦ
3654 2273 3808 2350 μεγά-

459 2369 600 2430 tiam
637 2387 650 2429 :
687 2366 834 2430 illud
865 2367 1348 2447 quidem,magni
1374 2369 1646 2432 tribuens
1677 2371 2095 2450 praascientiaa,

459 2467 516 2519 et
540 2459 1045 2538 quemadmodum
1092 2477 1160 2520 ea
1200 2478 1332 2539 quae
1350 2459 1424 2522 de
1448 2459 1548 2521 illo
1581 2463 1710 2541 ipsa
1736 2461 1936 2523 animo
1969 2463 2096 2542 agi-

455 2547 637 2625 tabat,
667 2547 715 2609 is
747 2550 921 2626 longe
942 2548 1506 2630 anteintelligeret;
1544 2550 1657 2611 hoc
1690 2569 1852 2626 vero,
1880 2551 2036 2631 quod
2065 2571 2098 2614 a

454 2655 561 2699 sua
591 2657 698 2719 spe
728 2657 797 2700 ea
826 2639 888 2698 in
939 2656 1005 2700 re
1037 2638 1383 2702 excidisset.
1419 2639 1668 2702 Volebat
1697 2641 1857 2701 enim
1892 2641 1947 2702 ei
1990 2660 2096 2720 pe-

451 2729 663 2790 cunias
693 2730 1122 2809 redituumque
1153 2729 1492 2790 subsidium
1540 2730 1904 2810 relinquere,
1942 2731 2097 2793 sicut

451 2818 736 2882 diximus.
768 2818 920 2880 Hinc
950 2819 1115 2881 venit
1145 2819 1218 2879 ad
1251 2830 1518 2881 sanctam
1546 2820 1844 2882 civitatem
1883 2841 1895 2879 :
1932 2839 2096 2881 cum-

448 2927 564 2989 que
599 2908 975 2971 Anastasium
1012 2909 1412 2989 patriarcham
1470 2909 1906 2984 arcessivisset,
1942 2928 2010 2970 ac
2039 2911 2094 2969 ei

447 2999 824 3078 exposuisset
855 3015 988 3077 quas
1019 3015 1052 3058 a
1077 2996 1278 3058 divino
1310 2997 1627 3079 Euthymio
1661 2999 1953 3071 audierat,
1984 3016 2092 3076 ge—

449 3089 610 3149 mina
643 3088 828 3168 priori
887 3085 1203 3148 sententia:
1259 3086 1417 3147 fecit.
1452 3090 1539 3149 Ac
1601 3087 1794 3167 primo
1847 3088 2091 3166 quidem

2182 2374 2276 2430 λου
2307 2373 2542 2448 διδοῦσα,
2606 2377 2691 2429 καὶ
2735 2375 2880 2438 ὅπως
2935 2372 3070 2450 ἅπερ
3120 2372 3255 2438 αὕτη
3288 2371 3432 2426 γατὰ
3462 2371 3582 2426 νοῦν
3611 2365 3812 2422 ἐσκόπει

2185 2466 2299 2543 περὶ
2356 2464 2539 2542 αὐτοῦ,
2588 2461 2853 2540 πόρῤωθεν
2899 2463 3106 2524 ἐκεῖνος
3153 2465 3314 2517 συνίει
3355 2475 3371 2489 ⁶
3418 2459 3478 2515 το
3510 2456 3586 2531 δὲ,
3619 2453 3699 2512 διὰ
3725 2455 3810 2522 τὴν

2181 2563 2285 2611 τῶν
2343 2555 2426 2610 ἐπ’
2472 2558 2616 2628 αῦτῳ
2663 2554 2890 2610 ἐλπίδων
2920 2553 3248 2632 ἀποτυχίαν,
3284 2548 3582 2607 Ἦῦούλετο
3612 2546 3706 2623 γὰρ
3736 2544 3812 2599 καὶ

2179 2645 2440 2724 χρήματα
2498 2645 2584 2700 καὶ
2642 2644 2884 2724 ἀφορμὰς
2945 2643 3087 2716 αὒτῷ
3137 2639 3420 2720 προσόδων
3483 2635 3809 2705 καταλιπεῖν,

2177 2734 2358 2812 ὥσπερ
2414 2733 2641 2812 ἔφημεν,
2705 2734 2973 2792 Ἐντεῦθεν
3035 2733 3166 2811 πρὸς
3209 2731 3308 2798 τὴν
3354 2730 3514 2808 ἁγίαν
3573 2726 3808 2803 ἀφικνεῖ-

2178 2845 2262 2879 ται
2321 2822 2479 2879 πόλιν
2515 2839 2528 2852 °
2591 2821 2934 2879 Ἀναστάσιόν
2980 2843 3035 2877 τε
3095 2818 3568 2896 μέταστειλαμένη
3599 2816 3688 2870 τὸν
3719 2832 3808 2867 πα-

2177 2913 2466 2992 τριάρχην,
2540 2916 2637 2968 καὶ
2692 2911 2725 2967 ἃ
2777 2913 2920 2990 παρᾶ
2989 2919 3082 2968 τοῦ
3153 2911 3294 2966 θείου
3357 2907 3616 2980 meum;
3669 2901 3810 2992 μάθοι

2177 2989 2307 3081 πρὸς
2334 2989 2547 3059 -ίῐοῦτον
2603 2989 3005 3081 διασαφήσασα,
3052 2998 3252 3078 ἀδελφὰ
3291 3004 3352 3074 τῇ
3396 2996 3626 3076 προτέρᾳ
3676 2989 3806 3070 γνώ-

2177 3114 2253 3168 μῃ
2314 3091 2504 3154 ἐποίει.
2563 3094 2660 3150 Καὶ
2718 3091 2901 3169 πρῶτα
2955 3092 3054 3166 μὲν
3143 3090 3234 3146 τὸν
3291 3087 3378 3144 ἐπὶ
3441 3083 3692 3164 Στεφάνῳ
3741 3085 3807 3149 τῷ

448 3177 740 3256 Stephani
769 3177 1220 3257 protomartyris
1248 3176 1470 3239 Christi
1502 3177 2088 3255 templum,nondum

2189 3182 2584 3258 κρωτομάρτυρι
2636 3187 2731 3238 τοῦ
2777 3187 3008 3260 Χριστοῦ
3050 3181 3177 3236 ναὸν
3235 3176 3503 3239 ἐλλειπῶς
3535 3173 3562 3216 δ
3593 3171 3664 3228 ἔτι
3716 3173 3803 3234 τῆς

449 3267 612 3329 omni
645 3286 714 3328 ex
777 3275 944 3346 parte
1001 3274 1413 3328 constructum
1450 3268 1600 3346 (51),
1639 3265 1880 3328 dedicat
1905 3267 2089 3347 quin-

2189 3272 2506 3339 ιατασοιευῆς
2563 3271 2786 3350 ἔχοντα,
2861 3270 3086 3347 πέμπτη
3143 3269 3433 3347 ἐγκαινίζει
3479 3267 3566 3322 καὶ
3621 3260 3800 3350 δεκάτη

448 3353 748 3416 todecimo
807 3353 1037 3416 mensis
1092 3353 1410 3417 Januarii:
1473 3354 1696 3416 deinde
1751 3357 1804 3416 ei
1868 3354 2088 3418 tributo

444 3444 632 3508 multo
660 3443 882 3519 reditu,
919 3445 1172 3524 ejusque
1204 3462 1348 3506 cura
1398 3443 1727 3507 commissa
1757 3442 2083 3520 Gabrielio,

443 3552 638 3616 neque
667 3535 818 3597 alias
848 3535 1107 3614 neglexit
1161 3533 1474 3615 ecclesias,
1529 3544 1823 3615 quotquot
1851 3532 1926 3596 ab
1957 3535 2088 3615 ipsa

445 3625 746 3686 aediﬁcata;
773 3625 1056 3703 fuerant;
1111 3625 1219 3687 sed
1277 3624 1410 3686 illas
1467 3643 1709 3705 quoque
1759 3623 2086 3704 diligenter

443 3732 657 3793 magno
693 3733 829 3777 cum
861 3714 1068 3778 labore
1093 3714 1322 3794 obibat,
1357 3715 1670 3791 dedicans,
1706 3723 1763 3778 et
1783 3715 2086 3779 sufﬁcien-

441 3814 559 3867 tem
620 3805 880 3868 reditum
939 3805 1270 3886 unicuique
1339 3804 1695 3868 attribuens.
1754 3805 1883 3868 Jam
1943 3825 2083 3870 vero

2173 3363 2344 3438 μηνὸς
2403 3349 2745 3439 ἰανουαρίου.
2812 3361 2952 3418 Εἶτα
3007 3359 3104 3416 καῖ
3171 3357 3386 3425 πολλὴν
3449 3355 3593 3428 αὒτῷ
3647 3349 3800 3428 πρόσ-

2172 3449 2290 3506 οδον
2331 3450 2687 3524 ἀπονείμασα,
2735 3451 2824 3506 καὶ
2854 3451 2954 3518 τὴν
2998 3447 3126 3526 περί
3157 3447 3316 3505 αὖτὸν
3374 3448 3628 3525 πρόνοιαν
3681 3441 3798 3495 ἀνα-

2169 3543 2323 3598 θεῖσα
2384 3537 2708 3622 Γαϐριηλίῳ,
2771 3539 2888 3596 οὐδὲ
2948 3545 3054 3596 τῶν
3113 3536 3296 3594 ἄλλων
3354 3535 3552 3612 ἠμέλει
3614 3526 3800 3622 ἔκκλη-

2169 3636 2321 3705 σιῶν,
2382 3617 2505 3686 ὅσαι
2559 3617 2703 3708 παρ’⁷
2729 3633 2896 3697 αὐτῆς
2923 3627 3275 3704 ᾠκοδόμηντο
3309 3643 3324 3658 ⁶
3361 3624 3505 3683 ἀλλὰ
3535 3622 3619 3679 καὶ
3653 3617 3798 3708 αὐτὰς

2167 3722 2498 3800 περιήρχετο
2539 3705 2736 3797 κομιδῇ
2805 3718 3134 3800 φιλοπόνως,
3190 3710 3565 3796 ἒγκαινίζουσά
3607 3731 3661 3767 τε
3718 3705 3794 3800 καὶ

2167 3795 2266 3878 τὴν
2322 3795 2617 3889 ἄρκοῦσαν-
2647 3795 2849 3887 ἑκάστη
2893 3806 3152 3888 πρόσοδον
3210 3795 3557 3886 ἀφορίζουσα.
3605 3795 3792 3857 Τεσσά-

441 3907 694 3977 quatuor
725 3895 1038 3959 mensibus
1069 3905 1201 3977 post
1248 3895 1689 3960 dedicationem
1745 3899 2084 3979 transactis,

2189 3922 2279 3956 δων
2309 3898 2365 3956 δὲ
2394 3899 2498 3968 ἤδη
2533 3907 2721 3977 μηνῶν
2753 3900 2889 3976 μετὰ
2918 3901 3011 3956 τὸν
3042 3895 3388 3976 ἰγκαινισμὸν
3421 3889 3794 3979 παρελθόντων,

445 4001 505 4048 et
549 3988 678 4068 ipsa
709 3988 1033 4049 humanam
1088 3987 1263 4048 vitam
1316 3988 1696 4069 relinquens,
1758 3987 2089 4053 exceditad

2189 3992 2260 4047 ιαὶ
2291 3991 2424 4047 αὖτῆ
2456 3993 2548 4050 τὸν
2580 3991 2908 4070 ἀνθρώπινον
2955 3987 3242 4046 ἐκλιποῦσα
3294 3986 3435 4066 βίον,
3469 3985 3598 4062 πρὸς
3632 3978 3798 4055 Κύριον

441 4077 764 4138 Dominum
801 4076 947 4156 M2).

2189 4078 2425 4154 εκδημεῐ.

525 4167 798 4245 C.Longo
815 4154 1012 4228 autem
1040 4176 1172 4247 post
1198 4175 1491 4248 tempore,
1520 4186 1655 4230 cum
1675 4177 1837 4231 esset
1858 4167 2083 4250 Euthy-

2253 4167 2334 4229 P'.
2370 4169 2514 4225 Μετὰ
2559 4168 2742 4243 μέντοι
2791 4169 2990 4248 συχνὸν
3031 4167 3084 4233 ἐξ
3128 4167 3330 4224 ἐκείνου
3369 4165 3568 4245 χρόνον
3622 4154 3793 4250 ἐνενή-

446 4255 604 4316 mins
620 4242 752 4336 jam
769 4242 1092 4334 nonaginta
1109 4274 1300 4317 annos
1322 4242 1588 4334 natus,in
1609 4275 1849 4336 gravem
1874 4242 2086 4321 incidit

2189 4281 2331 4316 ιοντα
2381 4264 2473 4314 τοῦ
2524 4242 2776 4333 Εῦθυμίου
2990 4258 3274 4336 γεγονότος
3319 4242 3597 4327 ἐνιαυτῶν,
3629 4242 3792 4348 βαρείεξ

440 4343 890 4423 tegrotationem
924 4353 1167 4406 sanctus
1195 4343 1882 4425 Theoctistus,adeoque
1905 4347 2084 4410 morti

2189 4350 2470 4427 περιπίπτει
2532 4348 2672 4421 νόσῳ
2727 4348 2815 4404 καὶ
2871 4349 2900 4403 ὁ
2969 4346 3024 4404 ἐν
3081 4348 3254 4425 ἁγίοις
3320 4343 3791 4427 0sdx1wro:,_%¢i

436 4435 718 4516 vicinam,
753 4442 819 4496 ut
872 4435 1240 4515 signiﬁcaret
1295 4453 1362 4497 se
1413 4454 1545 4498 mox
1596 4455 1728 4498 esse
1786 4436 2081 4498 decessu-

2189 4445 2383 4496 τοσοῦτο
2425 4439 2741 4515 γειτονούσῃ
2795 4437 3028 4512 θανάτῳ,
3102 4437 3240 4493 ὥστε
3311 4437 3400 4492 καὶ
3459 4433 3614 4491 αὐτὸν
3679 4425 3790 4481 ὅσον

436 4544 598 4618 rum;
623 4525 727 4607 qui
742 4529 866 4618 jam
888 4527 959 4588 ad
989 4525 1522 4618 profundissimam
1555 4534 1923 4618 senectutem
1950 4545 2082 4606 per-

2189 4528 2310 4584 ›ύπω
2367 4527 2654 4607 προσάγειν
2739 4524 2931 4596 ἐδήλου
2965 4543 2978 4556 ’
3053 4527 3319 4603 βαθύτατα
3377 4522 3482 4592 ἤδη
3539 4517 3783 4618 γηράξαεν

437 4604 730 4692 venisset,
745 4604 1091 4698 plenusque
1119 4617 1408 4678 evasisset
1430 4617 1446 4676 i
1456 4634 1559 4706 pse
1582 4614 1761 4678 etiam
1791 4604 2079 4678 humano-

2189 4619 2250 4675 ιπῖ
2307 4604 2566 4697 πλήρη(
2607 4618 2825 4696 ἡμερῶν
2907 4618 2995 4672 καὶ
3074 4617 3231 4680 αῦτὸς
3305 4621 3412 4671 τῶν
3467 4604 3786 4706 ἂνθρεύτξίνωξ

435 4723 572 4769 rum
637 4697 893 4771 dierum.
955 4705 1220 4769 Veniens
1280 4724 1421 4786 ergo
1473 4705 1545 4767 ad
1593 4714 1730 4766 eum
1763 4705 2076 4768 visendum

2189 4709 2469 4784 νενόμενος,
2537 4705 2820 4766 Κατελθὼν
2863 4705 3032 4764 τοίνυν
3077 4705 3504 4782 ἐπισκεψόμενος
3562 4697 3707 4756 αὐτὸν
3758 4697 3782 4743 ὁ

434 4812 686 4872 magnus
713 4793 1094 4876 Euthymius,
1154 4795 1428 4876 adeoque
1485 4794 1822 4876 periculose
1853 4793 2079 4859 habere

2189 4799 2331 4876 ιέγας
2383 4797 2664 4872 Εὒθύμιος,
2695 4797 2790 4853 καί
2850 4793 3017 4860 οὕτως
3077 4793 3421 4858 ἐπικινδύνως
3454 4787 3782 4876 ἕχονταθ-εαιι

431 4884 708 4963 intuitus,
766 4872 975 4949 statuit
1033 4905 1255 4966 paucos
1314 4872 1446 4947 dies
1485 4872 1638 4948 cum
1669 4884 1773 4948 illo
1807 4903 2075 4961 manere,

2189 4872 2388 4963 ’άμενος
2421 4935 2436 4960 ,
2514 4885 2650 4964 ἔγνω
2706 4887 2794 4942 καὶ
2871 4886 3128 4966 βραχείας
3199 4887 3343 4957 αὐτῷ
3401 4872 3548 4946 τινας
3603 4872 3783 4966 ἡμέρας

432 4984 499 5038 ut
527 4962 730 5038 sancta
755 4976 885 5056 ejus
912 4962 1110 5038 anima
1133 4976 1258 5056 jam
1293 4975 1365 5037 ad
1395 4977 1585 5037 Deum
1613 4975 1904 5058 profecta,
1951 4976 2079 5058 ipse

2189 4962 2600 5057 ὐμπαραμεϊναι
2636 4993 2649 5007 ⁶
2711 4978 2784 5035 ὡς
2838 4962 2916 5033 ἂν.
2944 4962 3048 5043 ἤδη
3094 4978 3224 5055 πρὸς
3289 4975 3476 5053 Κύριον
3519 4975 3613 5037 τῆς
3647 4962 3781 5058 ᾅγίας

429 5065 593 5147 justa
651 5055 894 5148 corpori
952 5055 1201 5139 faceret,
1262 5073 1598 5146 cunctaque
1620 5055 1764 5147 quin
1798 5055 1925 5129 mos
1959 5055 2073 5142 est,

2191 5055 2503 5144 κδημὸύσης
2565 5071 2777 5146 ψυχῆς,
2839 5067 2992 5130 αὐτὸς
3047 5072 3122 5140 τῷ
3152 5067 3362 5142 σώματι
3388 5064 3455 5120 τὰ
3485 5055 3781 5137 νομιζόμενα

515 5185 577 5234 33
603 5181 781 5247 Num.
817 5199 981 5260 xxw,
1015 5181 1076 5246 5.
1745 5265 2004 5333 VARUE
2051 5265 2492 5334 LECTIONEs.

1645 5425 1865 5494 JOAN.
1906 5430 2288 5496 BOLLANDI
2334 5427 2584 5493 NOTiE.

453 5515 458 5520 ί
505 5559 615 5626 (41)
644 5556 1208 5630 «Ampiumadeomt
1229 5557 1424 5614 decem
1451 5557 1631 5615 millia
1660 5561 2078 5620 monachorum
2163 5563 2326 5621 Malo.
2361 5558 2648 5630 Sepelitur
2678 5557 2736 5615 ln
2771 5557 2988 5629 templo
3016 5554 3075 5616 S.
3107 5555 3410 5629 Stephani.
3441 5545 3770 5622 Nicephorus

433 5630 683 5705 ex‘otnni
717 5629 1000 5705 eremoin
1054 5630 1554 5705 echnvenerigt.
1586 5652 1611 5705 ρ
1646 5630 1780 5705 Yita
1803 5632 1858 5688 S.
1891 5634 2077 5692 Saba).
2162 5642 2218 5694 et
2247 5629 2544 5705 Evagrius.

503 5697 620 5768 (42)
653 5701 822 5757 Anno
855 5701 889 5755 Δ
919 5699 1148 5772 imperii
1198 5700 1430 5768 Leonis,
1464 5700 1677 5761 Christi
1718 5702 1842 5775 460,
1879 5720 2081 5766 mense

513 5367 542 5406 ε
571 5345 743 5410 abest
765 5344 840 5408 ab
871 5344 950 5408 al.
1036 5348 1062 5389 ιλ
1089 5343 1166 5410 al.
1201 5344 1457 5410 ἐλλιπῶς.
