4072 6206
192 322 310 397 681
1501 326 1691 393 νΙΤΛ
1733 330 1791 393 S.
1840 386 1842 390 .

1930 328 2165 394 ΙΤΗΥΜ
2174 331 2255 395 ΙΙ.
3450 324 3570 393 682

186 462 580 542 λειτουργήσῃ,
641 459 740 520 καὶ
794 461 930 539 ἅπερ
969 460 1084 527 ἔθος
1140 462 1229 544 ἐπ’
1259 462 1401 537 αὖτῷ
1459 464 1632 524 πάντα
1690 461 1838 530 πλη-

1930 460 1985 523 in
2008 481 2077 525 eo
2106 462 2413 544 impleret.
2447 466 2591 526 Cum
2634 477 2772 523 vero
2824 461 3165 541 patriarcha
3194 460 3573 540 cognovisset

189 540 388 631 prbe-{1,
408 553 564 614 Γνοὺς
595 548 649 606 δὲ
708 552 810 616 τὴν
856 550 1112 626 Εὖθυμίου
1138 540 1303 627 ’παρὰ
1335 553 1636 625 θεοκτίστῳ
1665 575 1836 624 προσ-

1930 551 2079 630 apud
2135 540 2548 615 Theoctistum
2601 540 2872 612 assidere
2931 549 3341 630 Euthymium,
3390 548 3574 632 idque

186 641 398 722 εδρείαν
459 644 486 699 ὃ
564 641 933 720 πατριάρχης,
1020 645 1110 696 καὶ
1189 642 1453 721 πρόφασιν
1523 643 1676 700 τοῦτο
1743 642 1839 709 τῆς

1930 639 2327 702 existimasset
2356 641 2734 703 occasionem
2775 657 2915 701 esse
2948 656 3070 700 non
3102 638 3569 719 inopportunam

188 735 331 812 πρὸς
376 732 531 790 αὐτὸν
589 727 813 809 ἀφίξεως
868 731 962 786 οὒκ
1011 728 1231 808 ἄκαιρον
1276 730 1423 788 εἶναι
1455 733 1700 811 νομίσας,
1735 730 1839 799 ἤδη

1930 729 1994 792 ad
2019 748 2153 790 eum
2187 730 2492 811 veniendi,
2520 732 2645 809 jam
2681 728 2856 791 beato
2887 728 3232 790 Theoctisto
3272 727 3348 789 ad
3377 728 3568 791 Deum

186 828 291 879 τοῦ
319 819 611 899 μακαρίτου
655 817 972 877 Θεοκτίστου
1030 820 1162 897 πρὸς
1224 822 1357 876 Θεὸν
1408 819 1838 899 ἐκδημήσαντος,

1930 818 2216 899 profecto,
2253 819 2426 881 tertia
2448 819 2547 881 die
2580 817 2806 881 mensis
2829 816 3207 899 Septembris
3238 816 3573 898 (43),acce-

186 911 378 989 τρίτην
420 908 650 989 ἔχοντος
694 908 819 964 τότε
879 915 972 965 τοῦ
1033 906 1397 985 Σεπτεμϐρίου
1453 910 1647 985 μηνὸς,
1710 910 1842 966 κάτ-

1930 906 2008 968 dit
2043 906 2113 967 ad
2149 926 2310 979 eum,
2345 918 2405 969 et
2433 907 2837 970 communiter
2868 906 2994 987 (44)
3052 906 3128 969 ab
3181 906 3254 969 iis
3297 905 3450 969 facta
3481 914 3572 968 est

187 1021 300 1057 εισι
331 997 457 1077 παρ’
490 997 671 1070 αὐτὸν,
722 998 813 1056 καὶ
859 1004 1017 1072 κοινῇ
1077 999 1175 1064 τῆς
1237 1004 1330 1055 τοὺ
1371 997 1628 1074 λειψάνου
1668 1000 1843 1078 ταφῆς

188 1087 287 1146 ὑπ’
321 1091 495 1145 αὒτῶν
534 1087 836 1167 γεγονυίας.

279 1169 403 1238 ΡΑ’.
454 1177 684 1234 Ἐπειτα
713 1176 803 1233 καὶ
844 1176 878 1231 ἃ
920 1177 1051 1252 πρὸς
1101 1177 1355 1252 Εὖθύμιον
1397 1179 1424 1233 ὁ
1480 1180 1675 1256 θερμὸς
1721 1177 1845 1233 ἐκέ-

187 1268 314 1327 λευε
372 1267 557 1341 πόθος,
623 1267 650 1321 ὁ
712 1264 1058 1343 πατριάρχης
1106 1265 1273 1321 ἐποίει
1307 1287 1321 1302 ο
1377 1267 1466 1322 καὶ
1507 1264 1680 1338 ἡδέως
1739 1273 1847 1323 τῶν

183 1360 347 1433 ἱερῶν
390 1354 590 1410 ἐκείνου
619 1360 822 1433 χειρῶν
850 1350 1173 1428 λαϐόμενος,
1238 1357 1323 1410 καὶ
1377 1355 1566 1416 αὑταῖς
1613 1357 1685 1419 ὼς
1720 1358 1847 1434 εἶχε

187 1445 536 1525 περιχυθεὶς,
609 1442 882 1513 ἠσπάζετό
958 1464 1016 1498 τε
1074 1445 1306 1518 θερμῶς,
1364 1445 1452 1499 καὶ
1509 1444 1671 1500 πόθου
1729 1457 1846 1507 τοῖς

187 1536 510 1606 ἀσπασμοῖς
555 1530 779 1609 ἐπέλεγε
831 1531 1049 1609 ῥήματα
1082 1550 1095 1565 ’
1145 1530 1242 1589 Ἐκ
1287 1530 1491 1589 πολλοῦ
1537 1534 1641 1587 τῶν
1681 1533 1845 1611 ἁγίων

189 1623 303 1702 ἒγὼ
345 1624 548 1680 τούτων
605 1620 897 1696 ὶπεθδμουν
958 1626 1159 1701 χειρῶν
1191 1639 1204 1653 ⁸
1240 1620 1331 1677 καί
1365 1618 1476 1677 ἰδοὺ
1521 1620 1846 1699 πεπλήρωκέ

189 1734 286 1789 μοι
333 1712 432 1779 τὴν
463 1710 645 1791 ἔφεσιν
676 1712 702 1766 ὃ
750 1711 907 1774 Θεός.
954 1708 1121 1769 Ἀλλᾶ
1152 1709 1339 1782 δέομαί
1368 1732 1483 1783 σου,
1536 1711 1680 1786 τίμιε
1725 1717 1843 1767 Πα-

187 1823 304 1877 up,
339 1801 429 1857 καὶ
459 1798 658 1879 σφόδρα
689 1797 876 1875 δέομαι
913 1820 924 1831 ³

187 1891 284 1954 τὰς
318 1890 414 1951 σας
445 1887 532 1946 ἐπ’
562 1889 681 1964 ἐμοὶ
712 1887 874 1968 προβρ
889 1889 1055 1961 ἇσεις,
1089 1887 1174 1944 διὰ
1200 1887 1384 1953 τέλους
1419 1893 1839 1969 συντηρηθῆναι·

188 1981 381 2037 ἔπειτα
411 1976 464 2034 δὲ
498 1978 591 2035 καί
627 1979 847 2057 γράφειν
879 2000 971 2053 μοι
1005 1984 1249 2058 συνεχῶς
1296 1979 1411 2054 περὶ
1460 1985 1567 2035 τῶν
1622 1978 1843 2036 δοκούν-

187 2090 324 2142 των⁹
371 2067 472 2124 ὅσα
501 2069 591 2125 καὶ
619 2068 822 2124 τέκνων
853 2066 866 2101 ¹
909 2070 1071 2143 νόμος
1117 2065 1503 2131 διακελεύεται.
1561 2076 1737 2126 Ταῦτα
1767 2076 1845 2144 τῷ

190 2157 437 2232 Εὖθυμίῳ
465 2156 583 2214 λίαν
628 2157 864 2232 εὐμενῶς
895 2155 1084 2232 ὡμίλει
1115 2160 1201 2214 καὶ
1261 2155 1560 2236 διελέγετο,
1614 2159 1701 2215 καὶ
1744 2158 1846 2217 ὅσα

190 2246 348 2322 ἕτερα
396 2248 424 2302 ὃ
464 2248 647 2325 καιρός
697 2268 755 2302 τε
800 2244 996 2322 ἀπῄτει
1054 2248 1144 2303 καὶ
1203 2244 1288 2304 διὰ
1352 2255 1546 2324 μικροῦ
1587 2249 1846 2325 συντυχία

187 2343 283 2393 τοῦ
326 2333 514 2411 ἀνδρὸς
557 2335 982 2411 ὑπεμίμνησκεν.
1031 2334 1093 2393 Ὀ
1141 2333 1222 2416 δὲ,
1269 2337 1407 2410 μετὰ
1453 2338 1552 2403 τῆς
1589 2340 1843 2408 συνήθους

189 2425 403 2491 ἐκείνης
434 2424 751 2503 ἐπιεικείας,
796 2434 963 2483 Τοῦτο
993 2422 1199 2499 μᾶλλον
1259 2424 1367 2503 ἐγὼ
1399 2425 1540 2503 παρὰ
1584 2432 1683 2492 τῆς
1743 2430 1842 2493 σῆς

190 2516 441 2589 αἰτοῦμαι
487 2514 886 2591 μακαριότητος
918 2513 1240 2584 ἀπεκρίνατο
1272 2530 1287 2545 ⁶
1326 2514 1385 2569 τὸ
1445 2513 1498 2568 ἐν
1539 2528 1664 2579 ταῖς
1709 2517 1842 2594 πρὸς

186 2606 282 2661 τὸν
330 2605 460 2660 Θεὸν
504 2601 811 2681 πρεσϐείαις
842 2625 939 2659 σου
969 2602 1063 2660 καί
1096 2602 1277 2667 λιταῖς
1309 2604 1399 2659 καὶ
1445 2605 1589 2679 ἡμᾶς
1632 2606 1845 2661 κεῖσθαί

189 2715 275 2750 σοι
335 2691 422 2748 διὰ
480 2694 726 2768 μνήμης.
806 2692 1072 2756 Κάκεῖνος
1129 2690 1438 2772 ὑπολαϐὼν,
1502 2691 1575 2751 Οὔ
1630 2716 1735 2766 τοι,
1798 2694 1844 2750 ὦ

190 2784 395 2860 Πάτερ,
482 2785 667 2861 φησὶν,
756 2780 1003 2858 οὐδαμῶς
1090 2782 1480 2862 παραχωρῆσω
1578 2804 1659 2839 σοι
1750 2790 1844 2840 τοῦ

188 2870 513 2947 αἶτήματος.
573 2879 741 2929 Τοῦτο
798 2872 897 2949 γὰρ
958 2871 1068 2948 ἐγὼ
1119 2873 1261 2949 παρὰ
1324 2894 1419 2928 σου
1469 2874 1685 2945 πρῶτος
1741 2871 1845 2930 λαο

189 2958 310 3017 δεῖν
354 2958 488 3027 ἁξιῶ
522 2976 537 2991 ⁸
571 2963 697 3017 επεὶ
729 2962 813 3017 καὶ
873 2960 1199 3039 πεπείραμαι
1256 2960 1439 3025 καλῶς
1482 2960 1585 3029 ἤδη
1629 2963 1728 3028 τῆς
1788 2961 1841 3020 ἐν

189 3072 277 3106 σοι
333 3056 441 3106 τῶν
497 3050 650 3105 θείων
710 3049 1068 3129 χαρισμάτων
1146 3048 1413 3128 ἐνεργείας
1486 3050 1686 3128 κομιδῇ
1756 3053 1845 3107 καὶ

188 3137 490 3213 δυναμεως.
541 3139 639 3196 Καὶ
692 3137 751 3203 ὃς
797 3136 1017 3212 ὁμαλῶς
1069 3136 1204 3215 ἄγαν
1233 3141 1321 3196 καὶ
1366 3140 1574 3219 πράως,
1606 3144 1841 3221 Συγχώ-

189 3249 382 3307 ρησον,
442 3228 585 3303 τίμιε
645 3228 840 3305 Πάτερ,
900 3225 1004 3307 ἔφη
1039 3241 1053 3256 ⁶
1089 3226 1471 3305 παρακλήθητι
1505 3226 1560 3285 δὲ
1590 3230 1843 3307 πρόνοιαν

190 3316 404 3394 μᾶλλον
474 3327 567 3377 τοῦ
630 3315 890 3394 παρόντος
950 3318 1311 3395 μοναστηρίου
1382 3319 1545 3399 χάριν
1592 3319 1727 3393 ἐμήν
1785 3342 1841 3378 τε

189 3408 278 3464 καὶ
320 3406 448 3481 σὴν,
494 3409 584 3463 καὶ
630 3408 802 3464 αὒτῶν
845 3404 901 3462 δὲ
944 3407 1051 3462 τῶν
1084 3404 1325 3486 ἀδελφῶν
1356 3405 1513 3464 ἕνεκα
1544 3413 1838 3484 ποιεῖσθαι,

187 3498 280 3554 καὶ
336 3497 587 3567 κήδεσθαι
641 3500 731 3556 καὶ
778 3497 965 3577 αὐτοῦ,
1030 3495 1210 3573 ὥσπερ
1266 3496 1430 3563 εἰκός,
1493 3500 1631 3577 Πρὸς
1676 3507 1841 3556 ταῦτα

189 3588 217 3643 δ
248 3587 618 3665 πατριάρχης,
655 3587 751 3644 Καὶ
797 3587 1137 3661 Θεοκτίστου,
1199 3588 1382 3666 φησὶν,
1430 3585 1506 3643 ἔτι
1564 3589 1836 3666 περιόντος

189 3685 287 3734 τοῦ
316 3674 373 3731 ὲν
417 3677 621 3754 ἁγίοις,
665 3677 728 3731 σὺ
770 3677 838 3742 ἧς
870 3678 897 3731 ὂ
929 3679 1027 3742 τῆς
1060 3673 1262 3755 ἐρήμου
1304 3674 1505 3743 ταύτης
1535 3679 1836 3755 προεστὼς,

191 3767 281 3821 καὶ
338 3765 497 3821 πόλιν
554 3765 720 3832 αὐτὴν
775 3766 853 3840 τῷ
909 3771 1016 3821 τῶν
1089 3764 1434 3821 ἐνοικούντων
1493 3763 1685 3836 πλήθει
1747 3767 1841 3824 καί

192 3853 259 3931 τῇ
312 3856 478 3931 αρετῇ
518 3862 774 3931 κομῶααν
818 3852 1121 3929 ἀποδείξας,
1182 3855 1271 3911 καὶ
1320 3851 1493 3921 ἄλλην
1521 3855 1641 3910 τινὰ
1670 3856 1839 3912 καθά-

188 3965 289 4024 περ
351 3935 701 4022 Ἰερουσαλὴμ
756 3968 835 4020 τῳ
894 3947 1105 4021 Χριστῷ
1147 3945 1499 4022 παραστήσας
1538 3962 1550 3975 ⁸
1612 3946 1700 4000 καὶ
1755 3947 1842 4000 νῦν

190 4032 357 4091 πάλιν
413 4033 612 4091 ἐκείνου
688 4036 779 4091 τὸν
850 4034 961 4111 βίον
1007 4035 1359 4112 ἀμείψαντος,
1406 4034 1488 4088 σοὶ
1530 4034 1597 4092 τὰ
1651 4044 1846 4093 σαυτοῦ

191 4122 600 4184 καταλείπεται.
655 4127 715 4182 '0
774 4124 875 4199 μὲν
919 4127 1007 4182 οὖν
1048 4133 1215 4183 ταῦτα
1255 4123 1443 4197 εἰπὼν,
1502 4123 1590 4179 καὶ
1646 4146 1843 4180 συντα-

192 4211 422 4288 ξάμενος
465 4217 542 4286 τῷ
584 4212 742 4291 ἁγίῳ,
790 4214 921 4289 πρὸς
984 4213 1079 4277 τὰς
1137 4212 1332 4277 οἰκείας
1375 4213 1519 4277 αὖθις
1574 4211 1843 4279 ἐπανῆλθε

196 4298 470 4379 διατριϐάς
482 4348 493 4360 .

275 4387 400 4449 PB'.
450 4390 707 4466 Εὗθύμιος
764 4389 821 4447 δὲ
875 4392 903 4447 ὁ
957 4389 1151 4470 μέγας,
1205 4390 1373 4469 Μάριν
1418 4392 1508 4447 τὸν
1552 4399 1645 4448 τοῦ
1676 4390 1841 4469 Τερέ-

193 4476 370 4543 6ωνος
428 4482 599 4559 θετον,
661 4480 953 4558 φιλαρέτως
997 4479 1192 4555 ζῶντα,
1228 4481 1316 4537 καὶ
1344 4480 1443 4547 τὴν
1481 4480 1695 4549 ἡλικίαν
1738 4478 1843 4548 ἤδη

1927 995 2199 1077 corporis
2222 997 2554 1077 sepultura.

2009 1179 2099 1241 Cl.
2138 1177 2368 1240 Deinde
2424 1196 2557 1258 quae
2612 1195 2753 1256 erga
2808 1176 3191 1255 Euthymium
3244 1177 3570 1240 vehemens

1922 1266 2176 1348 jubebat
2200 1266 2597 1342 desiderium,
2627 1267 2767 1330 fecit
2806 1265 3186 1349 patriarcha;
3227 1276 3286 1329 et
3314 1265 3577 1329 suaviter

1928 1356 2117 1419 sacris
2141 1356 2300 1418 illius
2332 1355 2612 1418 manibus
2640 1357 2978 1436 prehensis,
3014 1354 3245 1437 eisque,
3301 1357 3388 1419 uti
3418 1370 3568 1431 erat,

1931 1445 2354 1520 circumfusus,
2391 1452 2515 1505 tum
2564 1444 3030 1507 deosculabatur
3075 1445 3385 1527 ardenter,
3446 1456 3570 1508 tum

1929 1535 2088 1597 inter
2110 1534 2317 1597 oscula
2337 1542 2396 1597 et
2417 1534 2732 1615 amplexus
2752 1533 2935 1595 verba
2957 1534 3184 1597 amoris
3200 1534 3570 1616 proferebat:

1926 1622 2164 1688 Jamdiu
2191 1624 2264 1685 ab
2285 1624 2427 1687 hinc
2450 1643 2559 1703 ego
2589 1633 2826 1686 sanctas
2847 1624 2953 1685 has
2980 1641 3190 1686 manus
3210 1623 3528 1706 cupiebam
3553 1644 3569 1685 :

1929 1723 1986 1776 et
2009 1732 2150 1776 ecce
2182 1732 2383 1777 meum
2406 1712 2569 1776 Deus
2590 1712 2865 1795 implevit
2883 1711 3404 1778 desiderium.Sed
3427 1734 3571 1795 rogo

962 1805 1149 1879 πρῶτα
1180 1800 1277 1874 μὲν
1308 1803 1560 1879 εὸχεσθαι
1592 1809 1669 1875 τῷ
1701 1801 1840 1880 Θεῷ,

1930 1804 2358 1877 te,veuerande
2388 1806 2586 1879 Pater,
2621 1814 2680 1865 et
2709 1803 2883 1867 valde
2912 1821 3102 1880 rogo;
3136 1804 3396 1885 primum
3432 1805 3571 1885 qui-

1927 1894 2160 1971 dem,ut
2186 1892 2376 1956 Deum
2414 1894 2710 1972 preceris,
2743 1891 3092 1955 conservavi
3121 1893 3184 1954 in
3216 1901 3571 1975 perpetuum

1928 1994 2059 2046 tuas
2092 1984 2168 2045 ale
2193 2002 2288 2044 me
2317 1983 2741 2064 praedictiones
2766 2006 2782 2060 -,
2808 1982 3030 2044 deinde
3072 1989 3132 2042 ut
3160 1981 3340 2043 etiam
3370 1982 3444 2044 ad
3478 2000 3575 2047 me

1926 2073 2166 2135 assidue
2198 2072 2432 2134 scribas
2460 2073 2536 2134 de
2555 2072 2632 2133 iis
2652 2090 2784 2152 quae
2805 2070 3575 2153 videbuntur,qumcunque

1929 2162 2185 2225 filiorum
2211 2162 2309 2224 lex
2338 2159 2778 2242 praecipitﬂaec
2811 2179 2947 2223 cum
2971 2159 3293 2239 Euthymio
3317 2160 3575 2240 benigne

1926 2252 2245 2314 admodum
2280 2249 2740 2330 colloquebatur
2779 2256 2840 2310 et
2894 2247 3257 2330 disserebat,
3315 2258 3373 2310 et
3402 2268 3573 2330 quai-

1927 2350 2169 2409 cunque
2196 2331 2313 2394 alia
2343 2328 2708 2393 autoccasio
2739 2328 3098 2410 postulabat,
3131 2338 3235 2390 aut
3271 2328 3574 2408 postlon-

1925 2439 2063 2501 gum
2125 2430 2363 2501 tempus
2411 2438 2546 2481 cum
2600 2419 2728 2480 viro
2757 2418 3108 2496 congressio
3137 2416 3457 2479 revocabat
3512 2420 3574 2481 in

1930 2510 2305 2573 memoriam.
2342 2512 2396 2573 ls
2418 2527 2561 2573 vero
2592 2527 2728 2570 cum
2760 2507 2933 2569 solita
2956 2507 3059 2569 illa
3088 2506 3380 2570 modestia
3410 2506 3574 2571 :Hoc

1928 2619 2037 2679 ego
2062 2598 2628 2680 potius,respondit,
2664 2606 2801 2678 peto
2829 2615 2863 2658 a
2882 2603 2981 2657 tua
3004 2595 3477 2672 beatitudine,ul
3511 2603 3573 2659 in

1927 2689 2042 2750 tuis
2063 2689 2136 2751 ad
2156 2689 2343 2750 Deum
2367 2685 2907 2750 intercessionibus
2928 2694 2991 2749 et
3026 2684 3574 2766 supplicationibus

1927 2796 2038 2839 nos
2059 2796 2296 2859 quoque
2318 2778 2378 2839 in
2402 2776 2693 2839 memoria
2722 2774 3048 2837 habeas.Et
3080 2774 3180 2836 ille
3210 2774 3520 2855 excipiens
3554 2792 3568 2839 :
3642 2820 3645 2829 ι

1927 2866 2610 2948 Nequaquam,inquit,o
2633 2866 2835 2942 Pater,
2863 2865 3208 2926 nullatenus
3231 2863 3574 2927 tibiconce-

1928 2956 2064 3018 dam
2097 2956 2610 3038 petitionem.Hoc
2633 2957 2794 3017 enim
2822 2972 2930 3033 ego
2951 2966 3067 3015 uta
3089 2962 3145 3015 te
3168 2954 3401 3033 primus
3422 2957 3575 3017 acci-

1930 3045 2085 3125 piam
2110 3065 2289 3124 rogo:
2318 3048 2543 3127 quippe
2577 3045 2674 3124 qui
2686 3045 2808 3125 jam
2837 3043 3124 3124 praeclare
3149 3043 3260 3104 sim
3293 3052 3574 3124 expertus

1928 3135 2267 3197 divinorum
2301 3135 2751 3209 charismatum,
2793 3152 2925 3214 quae
2957 3132 3020 3195 in
3054 3142 3108 3195 te
3160 3134 3407 3196 omnino
3459 3141 3569 3209 est,

1927 3227 2340 3307 operationem
2366 3234 2423 3287 et
2452 3225 2759 3287 virtutem.
2785 3225 2935 3286 Tum
2968 3222 3070 3287 ille
3102 3221 3336 3304 placide
3360 3224 3572 3285 admo-

1928 3314 2067 3376 dum
2104 3324 2163 3377 et
2197 3315 2414 3376 leniter
2441 3313 2522 3376 ait
2558 3336 2571 3373 :
2629 3313 2934 3386 Concede,
2990 3312 3332 3374 venerande
3364 3314 3572 3387 Pater;

1927 3421 2176 3465 exorare
2201 3422 2336 3465 vero
2360 3413 2421 3464 ut
2439 3404 2637 3484 potius
2655 3403 2969 3483 praesentis
2983 3403 3501 3476 monasterii,mea
3515 3411 3574 3465 et

1928 3501 2027 3553 tua
2057 3510 2233 3555 causa
2264 3504 2320 3555 et
2355 3500 2598 3573 propter
2627 3494 2789 3571 ipsos
2837 3492 3079 3566 fratres,
3134 3493 3571 3571 providentiam

1922 3580 2168 3655 habeas,
2206 3585 2455 3662 ejusque
2505 3599 2707 3642 curam
2738 3590 3008 3659 geras,ut
3039 3598 3146 3657 par
3177 3590 3288 3644 est.
3323 3582 3410 3642 Ad
3437 3582 3572 3645 haec

1923 3671 2283 3752 patriarcha:
2309 3670 2528 3751 Etiam,
2552 3670 2986 3747 inquit,sancto
3009 3668 3355 3743 Theoctisto
3377 3670 3576 3732 adhuc

1923 3761 2269 3841 superstite,
2305 3769 2365 3822 tu
2414 3762 2557 3822 huic
2606 3759 2900 3840 praefuisti
2950 3756 3286 3832 solitudini,
3324 3776 3580 3839 eamque

1926 3849 2180 3913 effecisti
2202 3849 2500 3912 civitatem
2528 3851 2822 3928 insignem
2858 3847 3243 3911 multitudine
3265 3865 3334 3908 ac
3355 3847 3578 3909 virtute

1928 3939 2288 4015 incolarum,
2324 3950 2383 4002 et
2439 3940 2601 4002 velut
2649 3941 2827 4001 aliam
2890 3936 3212 4018 quamdam
3241 3936 3575 3999 Jerusalem

1928 4029 2164 4093 Christo
2189 4029 2519 4092 exliibuisti
2545 4050 2561 4106 ;
2584 4038 2643 4090 ct
2664 4047 2824 4090 nunc
2846 4046 3060 4089 rursus
3099 4044 3237 4089 cum
3261 4025 3367 4087 ille
3401 4043 3434 4088 e
3463 4026 3579 4087 vita

1932 4118 2224 4199 migravit,
2253 4119 2361 4181 tibi
2393 4129 2492 4181 tua
2521 4118 2969 4199 relinquuntur.
3003 4115 3109 4179 His
3140 4116 3343 4196 itaque
3372 4114 3572 4192 dictis,

1926 4228 2061 4272 cum
2094 4219 2303 4272 sancto
2335 4210 3024 4287 valefecisset,reversus
3046 4214 3139 4270 est
3165 4206 3240 4269 ad
3273 4224 3440 4269 suam
3466 4206 3575 4269 ha-

1926 4295 2308 4360 bitationem.

1968 4385 2170 4452 CILAt
2193 4406 2441 4468 magnus
2453 4387 2805 4469 Euthymius
2829 4394 3138 4468 postquam
3154 4384 3366 4450 Marim
3382 4386 3578 4449 Tere-

1928 4475 2106 4539 bonis
2127 4478 2594 4553 avunculum,ex
2610 4479 2846 4541 virtutis
2866 4477 3075 4556 regula
3096 4476 3396 4538 viventem
3425 4474 3575 4555 (45),

192 4570 533 4649 προήκοντα,
582 4548 883 4647 ἦγούμενον
940 4548 1038 4636 τῆς
1110 4548 1283 4646 μονῆς
1343 4572 1709 4646 καταστήσας,
1771 4573 1842 4634 εἰς

1930 4567 2170 4648 iamque
2219 4576 2391 4630 aetate
2436 4548 2810 4649 provectum,
2847 4548 3197 4629 mobasterii
3229 4548 3576 4646 praefectum

193 4659 296 4726 τὴν
357 4659 557 4715 οἰκείαν
598 4658 689 4715 καὶ
742 4659 900 4725 αὐτὸς
946 4658 1145 4739 λαύραν
1196 4658 1459 4719 ἐπάνεισι.
1498 4669 1603 4720 Τοῦ
1643 4658 1722 4737 δὲ,
1756 4660 1842 4718 δύο

1930 4662 2660 4727 constituisset,revertitur
2680 4661 2803 4732 ipse
2815 4674 3046 4732 quoque
3067 4661 3122 4716 in
3139 4674 3299 4717 suam
3325 4657 3575 4716 lauram.

193 4753 265 4824 τῇ
306 4752 409 4815 τῆς
469 4753 640 4822 μονῆς
689 4749 985 4826 προστασίᾳ
1047 4747 1270 4828 χρόνους
1331 4745 1686 4830 ἑπιϐιοῦντος,
1723 4752 1842 4809 εἶτα

1930 4743 2079 4810 Cum
2104 4746 2153 4807 is
2174 4764 2316 4808 vero
2336 4746 2398 4808 in
2424 4745 2770 4808 monasterii
2816 4744 3170 4826 praefectura
3200 4743 3353 4806 duos
3383 4757 3578 4805 annos

194 4839 294 4893 καὶ
356 4838 514 4893 αὗτοῦ
554 4839 648 4893 τὸν
697 4838 811 4915 βίον
870 4835 1321 4917 μεταλλάξαντος,
1372 4836 1644 4895 κατελθὼν
1700 4843 1842 4905 αὖθις

1930 4836 2260 4904 vixisset.ac
2280 4835 2502 4898 deinde
2525 4854 2557 4896 e
2577 4834 2691 4896 vita
2718 4833 3037 4914 migrasset
3053 4832 3579 4911 (46),descendens

196 4929 225 4983 ὁ
272 4925 473 5005 μέγας,
519 4927 581 4983 τὸ
610 4927 710 5002 μὲν
751 4928 893 5006 ἱερὸν
921 4926 1109 4983 τούτου
1133 4932 1316 5003 σῶμα,
1349 4926 1403 4982 ἐν
1432 4932 1503 5004 τῇ
1549 4937 1643 4986 τοῦ
1674 4931 1842 5009 μεγά-

1930 4944 2136 4990 rursus
2161 4944 2674 5007 magnus,sacrum
2691 4925 2937 5007 quidem
2962 4924 3095 5005 ejus
3116 4940 3335 5006 corpus
3356 4922 3420 4983 in
3443 4940 3572 4983 ma-

196 5015 296 5075 λου
346 5016 661 5073 Θεοκτίστου
714 5016 856 5094 θήκῃ
915 5014 1179 5096 θεοφιλῶς
1220 5016 1557 5075 κατατίθεται
1594 5034 1608 5049 ⁸
1644 5021 1842 5099 Λογγί-

1930 5017 2030 5098 gni
2059 5015 2395 5081 Theoctisti
2442 5017 2618 5079 theca
2642 5021 2736 5096 pie
2766 5014 3059 5095 deponit;
3101 5012 3339 5077 cuidam
3372 5015 3573 5073 autem

1511 5175 1773 5243 VARUE
1814 5178 2263 5244 LECTIONES.

1424 5334 1615 5404 JOAN
1627 5389 1639 5405 .
1687 5338 2068 5407 BOLLANDI
2107 5337 2355 5405 NOTAE.

426 5498 530 5554 An.
562 5495 662 5554 Ch.
695 5496 827 5563 467,
867 5497 940 5556 ad
988 5497 1154 5556 illum
1204 5499 1360 5557 diem
1390 5498 1460 5556 de
1492 5515 1560 5558 eo
1589 5515 1848 5585 agemus.

432 5588 455 5619 σ
487 5566 839 5636 Euthymius
866 5583 999 5628 cum
1033 5585 1242 5636 magna
1274 5570 1722 5631 honoriﬁcentia
1754 5588 1848 5631 se-

275 5582 398 5697 (με.)
432 5588 455 5619 ο
487 5582 839 5652 isuinymius
866 5583 999 5628 cum
1033 5582 1722 5654 magnanonorincentia
1754 5588 1852 5631 se-

204 5641 409 5715 pelivt
447 5651 659 5711 corpus
704 5654 853 5712 ejus.
889 5661 913 5694 ι
953 5641 1203 5714 Cyrinus
1252 5658 1309 5701 in
1364 5642 1474 5700 Vita
1509 5642 1569 5701 8.
1601 5643 1781 5702 Sabae.
1826 5666 1849 5697 ι

528 5748 794 5813 PATROL.
823 5749 936 5814 Gs.
974 5749 1181 5819 CXIV.

282 5257 297 5291 ³
327 5255 407 5319 al.
441 5255 637 5331 τέκνῳ.

2004 5503 2120 5575 (ιδ)
2157 5524 2178 5554 ι
2212 5502 2411 5561 Marim
2442 5499 2682 5573 dignum
2712 5505 2767 5556 et
2798 5495 3145 5562 mirabilem,
3182 5515 3205 5548 ι
3237 5493 3295 5553 in
3324 5492 3449 5552 Vita
3480 5507 3578 5554 ea-

1935 5572 2087 5633 dein.

2006 5646 2123 5718 (46)
2164 5645 2266 5703 An.
2311 5643 2413 5703 Ch.
2456 5641 2581 5699 469.

3211 5732 3321 5813 22’
