4072 6206
225 337 358 402 685
1547 336 1731 402 VITA
1775 339 1835 401 S.
1886 339 2297 402 EUTHYMII.
3492 347 3610 413 686

213 474 427 548 ἠμερον
447 470 534 526 ἐπὶ
563 466 697 526 πολὺ
716 467 813 525 καὶ
842 466 1005 546 ξηρὰν
1026 471 1116 526 καὶ
1137 469 1387 549 ἀτεχνῶς
1419 468 1658 548 ἄνυδρον.
1694 471 1865 550 ’Έγωο

1955 474 2448 554 tem,siccamque
2472 483 2531 535 et
2552 473 2798 535 omnino
2819 492 2988 554 aquas
3013 495 3081 537 ex
3097 481 3483 561 pertem.Ego
3505 483 3611 545 ita-

208 584 281 640 γε
316 562 403 618 οὖν
446 559 712 627 ἀσυνήθης
772 556 847 614 ὢν
905 562 1212 614 παντάπασι
1256 561 1362 614 τῶν
1413 559 1466 614 ἐν
1523 559 1711 636 ἐρήμῳ
1753 560 1866 618 δια-

1957 579 2072 640 que
2096 562 2198 642 qui
2223 563 2397 642 plane
2421 581 2581 623 eram
2603 562 2940 624 inassuetus
2958 556 3528 632 commorationibus
3551 574 3610 632 in
3683 639 3685 644 γ

207 647 436 728 τριϐὡν,
478 646 618 722 δίψει
678 667 735 702 τε
780 649 1064 736 συσχεγεὶς
1127 645 1492 736 σφοδροτάτῳ,
1542 647 1866 730 λειποψυχίᾳ

1957 649 2221 725 deserto,
2251 652 2776 713 vehementissima
2797 653 2892 713 siti
2916 668 3250 734 correptus,
3275 658 3608 736 deliquium

207 761 279 796 τε
337 740 695 818 συνειχόμην,
729 738 818 792 καὶ
877 735 992 793 οὐδὲ
1041 737 1161 798 τοὺς
1192 735 1356 800 πόδας
1409 738 1572 817 εἶχον
1604 737 1679 794 ἔτι
1738 742 1871 818 πρὸς

212 830 318 898 τὴν
377 828 594 906 πορείαν
651 824 974 901 δυναμένους
1034 828 1345 905 ὑπηρετεῖν.
1412 827 1768 903 Ἐπιστρέψας
1815 827 1870 884 δέ

211 940 386 992 φησιν
420 921 448 974 ὁ
509 917 677 993 μέγας
741 915 1022 990 Εὐθύμιος,
1059 917 1147 972 καὶ
1200 914 1364 978 οὕτως
1409 915 1723 974 ἐκλείποντα
1764 916 1868 984 ἤδη

212 1010 309 1064 καὶ
354 1007 688 1084 ἆπειρηκότα
717 1027 785 1079 με
827 1005 1178 1080 θεασάμενος,
1215 1005 1372 1063 ἔπαθε
1428 1007 1526 1074 τὴν
1556 1012 1740 1088 ψυχὴν
1784 1009 1869 1065 ἐπ’

214 1099 368 1176 ἐμοί,
403 1098 488 1152 καὶ
548 1097 734 1174 μικρὸν
768 1095 855 1175 ἀφ’
900 1097 1056 1170 ἡμῶν
1087 1093 1326 1171 διαστὰς,
1358 1097 1444 1152 καὶ
1485 1097 1553 1164 τῆ
1594 1105 1668 1174 γῇ
1697 1121 1868 1176 προσ-

215 1185 540 1244 καταϐαλὼν
601 1185 816 1263 ἑαυτὸν,
865 1183 1096 1263 ηὔχετο,
1134 1185 1314 1264 Κύριε,
1356 1183 1555 1264 λέγων,
1589 1185 1678 1249 δὸς
1736 1186 1872 1265 ὕδωρ

211 1275 269 1332 ἐν
327 1283 403 1353 γῇ
433 1274 669 1350 διψώσῃ,
717 1275 816 1341 τὴν
845 1274 938 1330 τοῦ
980 1270 1209 1353 ἀδελφοῦ
1251 1272 1406 1349 δίψαν
1451 1277 1868 1351 παραμυθούμε-

209 1389 302 1422 νον
333 1364 380 1426 ι,
446 1365 550 1426 Καὶ
610 1364 748 1437 μετὰ
778 1364 874 1430 τὴν
935 1363 1107 1443 εὐχὴν
1160 1363 1415 1443 ἀναστὰς,
1450 1362 1871 1438 ἐπιλαμϐάνεται

211 1459 310 1512 τοῦ
369 1455 650 1532 σκαφείου,
681 1455 726 1526 ᾧ
778 1455 869 1519 τὰς
899 1455 1006 1509 τῶν
1055 1455 1295 1528 βοτανῶν
1342 1453 1686 1528 ἐκτάμνοντες
1729 1457 1872 1533 ῥίζας

211 1545 418 1622 τροφὴν
450 1543 797 1622 ἐποιούμεθα,
831 1543 920 1598 καὶ
961 1545 1150 1599 κόπτει
1207 1544 1383 1623 βραχὺ
1428 1547 1488 1600 τὸ
1537 1543 1750 1624 ἔδαφος,
1784 1548 1874 1603 καὶ

213 1636 368 1697 εὖθὺς
423 1629 558 1709 ὕδωρ
589 1632 696 1689 άπὸ
738 1636 838 1698 τῆς
886 1636 990 1709 γῆς
1030 1629 1353 1694 ἀναδίδοται,
1415 1633 1553 1690 Εἶτα
1602 1634 1761 1690 καλεῖ
1804 1655 1871 1709 με

212 1724 352 1799 πρὸς
387 1722 598 1793 ἑαυτὸν,
646 1723 734 1777 καὶ
776 1718 1108 1780 ὑποδείκνυσι
1138 1720 1198 1775 τὸ
1250 1719 1408 1798 ὕδωρ,
1441 1723 1528 1777 καὶ
1556 1735 1700 1778 πιεῖν
1745 1723 1870 1780 ἐπι-

1955 738 2138 828 animi
2166 740 2452 818 patiebar,
2482 749 2673 802 etnec
2707 742 2894 822 pedes
2922 742 3215 806 habebam
3248 748 3503 828 amplius
3532 751 3604 812 ad

1956 825 2193 889 itineris
2223 829 2803 891 administrationem
2849 831 3100 894 validos.
3135 825 3471 898 Conversus
3499 859 3602 901 ve-

1953 933 2060 1007 ro,
2100 917 2310 1007 inquit,
2375 936 2622 994 magnus
2696 918 3066 1000 Euthymius,
3100 940 3290 1003 neque
3337 925 3426 988 sic
3475 929 3600 1007 jam

1954 1006 2334 1070 deﬁcientem
2365 1017 2423 1068 et
2464 1008 2711 1068 fractum
2735 1008 3007 1083 intuitus,
3043 1029 3175 1072 mea
3194 1031 3371 1074 causa
3400 1006 3602 1079 animo

1955 1106 2294 1158 commotus
2328 1106 2416 1158 est
2445 1114 2459 1171 ;
2494 1114 2751 1177 cumque
2785 1115 2850 1158 se
2882 1099 3180 1177 paululum
3233 1121 3266 1163 a
3300 1102 3469 1166 nobis
3497 1126 3596 1168 se-

1946 1184 2270 1264 junxisset,
2306 1196 2362 1246 et
2392 1187 2466 1248 ad
2501 1195 2716 1247 terram
2773 1189 3209 1267 prostravisset,
3246 1193 3473 1269 orabat,
3503 1197 3596 1257 di-

1954 1292 2118 1334 cens:
2149 1274 2423 1350 Domine,
2454 1275 2529 1335 da
2551 1293 2764 1356 aquam
2790 1279 2850 1336 in
2879 1284 3037 1338 terra
3069 1278 3316 1350 sitienti,
3343 1283 3413 1343 ad
3438 1287 3600 1349 sola-

1956 1363 2100 1423 tium
2134 1363 2504 1425 aﬁ‘erendum
2538 1364 2737 1426 fratris
2789 1367 2908 1426 siti.
2943 1365 3014 1428 Et
3041 1376 3171 1447 post
3206 1387 3414 1448 preces
3461 1393 3600 1438 sur-

1954 1453 2529 1532 gens,apprehendit
2551 1454 2836 1534 ligonem,
2872 1475 2989 1536 quo
3018 1457 3251 1520 radices
3282 1460 3600 1526 herbarum

1956 1541 2456 1604 exscindebamus
2488 1543 2562 1604 ad
2594 1543 2921 1623 parandum
2955 1545 3129 1606 nobis
3157 1547 3383 1625 cibum,
3415 1561 3473 1612 et
3514 1570 3605 1613 so-

1956 1628 2076 1689 lum
2105 1649 2308 1709 parum
2341 1631 2582 1705 scindit,
2617 1632 2935 1714 statimque
2980 1653 3131 1714 aqua
3162 1655 3194 1698 e
3225 1646 3384 1699 terra
3411 1651 3602 1702 scatu-

1956 1719 2053 1779 rit.
2083 1721 2297 1781 Postea
2329 1730 2494 1781 vocat
2527 1739 2625 1782 me
2656 1722 2726 1782 ad
2753 1741 2841 1795 se,
2876 1725 3141 1786 ostendit
3169 1739 3474 1806 aquam,et
3502 1729 3599 1791 bi-

215 1810 431 1890 τρέπει.
484 1811 627 1866 Πιὼν
658 1811 854 1882 τοίνυν,
887 1810 976 1866 καὶ
1032 1810 1094 1864 τὸ
1125 1809 1352 1888 συνέχον
1380 1817 1473 1866 τοῦ
1503 1808 1682 1886 δίψους
1725 1813 1866 1869 ἀπο-

1956 1807 2099 1870 bere
2133 1809 2439 1889 permittit.
2462 1808 2684 1870 Bibens
2717 1809 3098 1888 igitur,etsiti
3129 1833 3264 1894 quas
3295 1819 3603 1896 premebat

219 1898 406 1956 ϐαλὼν
439 1898 475 1974 ¹,
507 1901 887 1978 ηὐχαρίστησα
930 1903 1007 1971 τῷ
1039 1896 1348 1976 παραδόξως
1405 1897 1487 1955 διὰ
1545 1906 1652 1956 τῶν
1711 1905 1870 1960 αὐτοῦ

217 1990 561 2068 θεραπόντων
591 1989 656 2043 τὰ
699 1997 915 2047 τοιαῦτα
945 1990 1426 2066 θαυματουργοῦντι
1458 1996 1595 2062 Θεῷ.

302 2077 438 2141 ΡΕ¹.
486 2076 662 2141 Οὕτως
711 2077 896 2157 ἔχοντι
945 2078 1075 2154 πρὸς
1117 2079 1208 2134 τὸν
1267 2079 1398 2134 Θεὸν
1447 2077 1737 2156 παῤῥησίας
1791 2088 1866 2154 τῷ

219 2168 486 2244 Εὔθυμίῳ,
535 2168 623 2224 καὶ
677 2169 945 2233 τοσαύτην
1018 2165 1216 2223 ἄνωθεν
1279 2167 1698 2243 ἐπισπασαμένῳ
1765 2169 1866 2237 τὴν

217 2259 387 2337 χάριν
444 2263 536 2314 τοῦ
568 2259 904 2331 Πνεύματοο,
935 2254 1054 2312 οὐδὲ
1085 2261 1184 2322 τῆς
1231 2261 1414 2325 κοινῆς
1445 2260 1586 2332 αὐτῷ
1614 2258 1866 2326 τελευτῆς

219 2349 247 2403 ὁ
294 2347 480 2422 καιρὸς
511 2342 808 2422 ἀπεκρύϐη,
847 2343 961 2401 οὐδὲ
1001 2343 1099 2400 ὅσα
1142 2346 1281 2402 κατὰ
1321 2347 1422 2401 τὶν
1470 2347 1630 2404 αὐτοῦ
1674 2347 1865 2427 λαύραν

217 2431 529 2509 συμϐαίνειν
585 2431 831 2508 ἔμελλενο
878 2435 950 2494 ὡς
992 2434 1040 2490 οἱ
1095 2436 1237 2490 θεῖοι
1291 2434 1519 2511 Πατέρες
1577 2437 1721 2491 οὗτοι
1778 2438 1867 2492 καί

215 2526 334 2601 περὶ
395 2524 567 2580 αὐτῶν
599 2523 718 2598 ἐμοὶ
776 2520 1128 2600 διηγήσαντο.
1177 2525 1315 2579 Φασὶ
1361 2525 1462 2602 γὰρ
1491 2522 1688 2602 ὄγδόην
1746 2526 1864 2582 τότε

216 2613 355 2687 μετὰ
385 2611 451 2669 τά
492 2619 644 2691 φῶτα
686 2611 914 2689 ἡμέραν,
950 2610 1064 2669 καθ’
1109 2613 1176 2680 ἢν
1206 2613 1348 2686 αὖτῴ
1407 2615 1628 2680 σύνηθες
1655 2616 1720 2682 ἢν
1779 2615 1864 2671 ἐπὶ

215 2703 318 2769 τὴν
380 2699 653 2780 ἐνδοτέραν
723 2701 965 2780 απαίρειν
1037 2700 1238 2779 ἔρημον
1265 2747 1278 2773 ,
1336 2701 1686 2781 συνήλθομεν,
1747 2703 1862 2760 οἵτε

217 2791 539 2870 προπέμψαι
599 2789 914 2865 μέλλοντες,
949 2792 1036 2848 καὶ
1067 2792 1182 2848 ὅσοι
1239 2792 1560 2859 κοινωνῆσαι
1591 2795 1652 2848 τὸ
1683 2792 1862 2872 παρά-

216 2902 321 2937 παν
380 2881 523 2954 αὖτῷ
552 2886 650 2947 τῆς
710 2878 1017 2955 ἀποδημίας
1075 2878 1396 2948 ἠϐούλοντο.
1432 2879 1521 2938 Ἐν
1581 2883 1667 2946 οἷς
1702 2895 1744 2926 ω
1802 2882 1864 2937 ἂν

215 2968 353 3036 ἦσαν
399 2969 594 3045 οἱπερὶ
643 2969 936 3045 Μαρτύριον
980 2970 1067 3025 καὶ
1101 2966 1305 3033 Ἠλίαν.
1359 2967 1579 3037 Ἐπειδή
1608 2969 1663 3028 δὲ
1719 2969 1866 3027 οὒδὲν

213 3059 478 3136 εὐπρεπὲς
509 3070 537 3101 ιι
592 3061 767 3137 εὗρον,
799 3055 947 3114 οὐδὲν
977 3057 1215 3138 ἕτοιμον,
1246 3058 1362 3115 οὐδὲ
1414 3062 1688 3138 προσηκον
1729 3062 1863 3118 ἀνα-

1953 1897 2216 1977 depulsa,
2254 1899 2474 1976 gratius
2520 1900 2613 1978 egi
2664 1901 2788 1961 Deo
2839 1902 2940 1980 qui
2990 1911 3204 1981 praeter
3255 1906 3598 1985 opinionem

1951 2005 2058 2068 per
2086 2006 2290 2049 servos
2321 2006 2459 2050 suas
2492 1987 2630 2048 talia
2662 1989 2785 2050 edit
2817 1989 3123 2053 miracula.

2029 2075 2300 2139 CV.Cum
2326 2079 2478 2137 hanc
2505 2075 2756 2139 haberet
2778 2080 2932 2157 apud
2959 2081 3147 2142 Deum
3175 2081 3451 2146 ﬁduciam
3477 2085 3598 2147 Eu-

1951 2165 2208 2245 thymius
2246 2172 2592 2246 tantamque
2627 2163 2886 2245 Spiritus
2919 2169 3168 2246 gratiam
3201 2189 3465 2251 superne
3503 2184 3598 2236 at-

1952 2251 2244 2326 traxisset,
2283 2271 2359 2316 ne
2387 2259 2723 2314 communis
2753 2254 2994 2332 quidem
3035 2261 3246 2321 mortis
3278 2267 3330 2322 ei
3364 2272 3598 2344 tempus

1950 2351 2039 2404 est
2061 2343 2623 2416 absconditum,nec
2645 2361 3014 2424 quaecunque
3035 2355 3320 2409 eventura
3347 2362 3515 2412 erant
3531 2353 3594 2414 in

1948 2431 2077 2510 ejus
2107 2431 2276 2492 laura
2298 2433 2451 2492 sicut
2479 2431 2662 2493 divini
2685 2433 2747 2493 hi
2774 2435 2979 2494 Patres
3003 2434 3076 2494 de
3107 2437 3177 2496 iis
3204 2439 3351 2499 mihi
3379 2458 3589 2500 narra-

1945 2534 2172 2580 verunt.
2209 2525 2609 2594 Aiuntquippe
2632 2523 2785 2594 quod
2815 2533 3014 2582 octavo
3037 2527 3147 2596 (53)
3169 2535 3305 2585 tunc
3335 2530 3428 2588 die
3461 2543 3587 2602 post

1944 2608 2159 2668 festum
2210 2607 2527 2682 luminum,
2564 2608 2802 2687 quando
2862 2608 3094 2669 solebat
3115 2611 3190 2671 ad
3238 2613 3588 2675 interiorem

1946 2696 2246 2776 proﬁcisci
2278 2695 2691 2770 solitudinem,
2716 2697 3259 2772 convenimus,tum
3292 2702 3393 2783 qui
3417 2714 3589 2765 erant

1946 2783 2280 2857 deducturi,
2295 2794 2412 2846 tum
2441 2785 2782 2866 quicunque
2800 2786 2932 2866 ejus
2945 2789 3444 2866 peregrinationis
3467 2813 3589 2855 om-

1949 2875 2092 2935 nino
2125 2873 2402 2935 volebant
2427 2893 2559 2936 esse
2581 2874 2730 2936 socii
2757 2896 2772 2955 ;
2808 2893 2958 2955 quos
2987 2876 3146 2938 inter
3174 2889 3344 2941 erant
3371 2881 3586 2964 Marty-

1946 2963 2073 3024 rius
2096 2973 2153 3025 et
2179 2965 2357 3028 Elias.
2397 2964 2686 3036 Quoniam
2710 2983 2847 3027 vero
2870 2965 3018 3027 nihil
3044 2976 3308 3046 paratum
3341 2970 3591 3034 invene-

1947 3053 2265 3128 runt,nihi|
2296 3065 2776 3134 promptum,nec
2797 3056 3059 3118 secessui
3089 3061 3588 3136 conveniens,sed

211 3149 487 3227 χωρήσει,
523 3147 644 3203 ἀλλ’
702 3147 1072 3224 ἀπαράσκευον
1103 3147 1244 3210 ὅλως
1291 3149 1382 3205 τὸν
1414 3148 1572 3228 ἄνδρα
1631 3151 1864 3208 κατέλα-

1955 3142 2143 3206 virum
2167 3143 2551 3204 oﬁenderunt
2569 3143 2742 3223 plane
2766 3145 3431 3224 imparatum,sciscitati
3453 3162 3592 3214 sunt

208 3235 332 3310 ϐον,
368 3237 715 3294 ἐπυνθάνοντο
748 3237 792 3292 εί
823 3239 903 3311 μη
937 3235 1112 3313 αὔριον
1141 3244 1164 3272 °
1211 3239 1445 3301 ἀπιέναι.
1481 3231 1538 3297 Ὀ
1571 3239 1625 3295 δὲ
1659 3248 1860 3315 Πᾶσαν,

1955 3251 2165 3322 annon
2190 3241 2345 3294 esset
2367 3249 2497 3293 cras
2517 3231 2949 3322 abiturns.71lle
2979 3253 3159 3298 vero:
3193 3237 3586 3322 Tota,inquit,

210 3326 346 3406 ἔφη,
382 3327 483 3392 τὴν
541 3323 802 3402 ἑϐδομάδα
833 3326 1125 3402 συνέσομαι
1171 3328 1299 3402 ὑμῖν
1357 3327 1412 3383 ἐν
1441 3335 1508 3404 τῇ
1549 3327 1738 3410 λᾶύρᾳ,
1769 3338 1865 3387 καί

1955 3321 2326 3384 hebdomade
2351 3341 2455 3383 ero
2489 3321 2790 3383 vobiscum
2817 3321 2880 3382 in
2910 3322 3165 3404 laura,et
3189 3325 3428 3389 Sabbati
3454 3348 3587 3391 me-

211 3423 308 3474 τοῦ
339 3411 618 3472 Σαϐϐάτου
650 3415 827 3492 μέσων
861 3421 1086 3490 νυκτῶν,
1117 3415 1208 3494 ἀφ’
1238 3417 1384 3490 ὑμῶν
1428 3417 1862 3496 χωρισθήσομαι,

216 3505 384 3563 Τοὺτο
445 3501 500 3559 δὲ
560 3518 710 3584 εῐπε,
766 3512 1060 3571 τηνικαῦτα
1102 3507 1352 3577 τελευτᾷν
1381 3515 1409 3558 1)
1454 3508 1859 3581 προσημαίνων.

299 3593 449 3666 Ρςη.
497 3594 658 3673 Τρίτῃ
689 3600 816 3671 γοῦν
863 3595 924 3650 τὸ
986 3595 1124 3670 μετὰ
1184 3601 1348 3652 ταῦτα
1392 3594 1590 3672 ἡμέρᾳ,
1627 3601 1712 3652 καὶ
1761 3602 1861 3663 τῆς

213 3681 504 3740 Ἀντωνίου
561 3681 664 3751 ἤδη
736 3691 830 3741 τοῦ
885 3686 1024 3741 θείο)
1086 3685 1271 3762 ἑορτῆς
1327 3684 1646 3758 ἐπιστάσης,
1693 3686 1862 3765 ἀργυ-

214 3772 376 3829 πνίαν
404 3769 488 3827 διᾶ
524 3773 700 3839 πάσης
744 3773 837 3842 τῆς
868 3775 1050 3833 veno:
1083 3774 1138 3829 ἐν
1167 3777 1244 3847 τῷ
1287 3780 1396 3848 ναῷ
1425 3771 1783 3852 παραγγέλλει
1814 3785 1861 3838 (1,

219 3863 320 3920 Καὶ
380 3861 486 3917 τῶν
518 3869 830 3940 νυκτερινῶν
888 3862 1068 3938 ὕμνων
1111 3865 1294 3927 αὐτοῖς
1352 3863 1566 3919 ἐκείνων
1609 3863 1864 3920 συντελε-

1950 3411 2046 3473 dia
2097 3425 2294 3483 nocte,
2327 3429 2362 3471 a
2397 3410 2560 3471 vobis
2614 3410 2957 3490 separabor.
3012 3412 3137 3475 Hoc
3167 3425 3363 3478 autem
3416 3418 3585 3496 dixit,

1951 3500 2416 3581 praesigniﬁcans
2445 3518 2509 3560 se
2536 3509 2673 3561 tunc
2699 3502 3074 3566 moriturum.

2028 3588 2172 3652 CV1.
2231 3587 2434 3668 Itaque
2468 3589 2639 3650 tertio
2688 3590 2978 3669 posthaec
3035 3591 3154 3666 die,
3182 3593 3306 3671 jam
3360 3596 3587 3661 adven-

1947 3686 2112 3742 tante
2140 3677 2328 3741 divini
2360 3679 2603 3740 Autonii
2651 3679 2827 3751 festo,
2862 3681 3145 3760 praecepit
3178 3689 3238 3741 ut
3268 3703 3375 3762 per
3408 3694 3584 3747 totam

1949 3776 2184 3830 noctem
2236 3767 2547 3845 vigilarent
2595 3766 2655 3827 in
2705 3768 2950 3846 templo.
3013 3767 3083 3830 Et
3110 3771 3421 3834 nocturnis
3469 3775 3589 3836 illis

1947 3857 2183 3938 hymnis
2215 3874 2324 3936 per
2353 3874 2457 3917 eos
2481 3855 2761 3934 peractis,
2798 3873 2931 3916 cum
2963 3857 3386 3938 assumpsisset
3415 3880 3588 3940 pres—

215 3949 472 4024 σθέντων,
535 3952 656 4012 τοὺς
727 3949 1109 4029 πρεσϐυτέρους
1179 3951 1233 4007 ἐν
1275 3953 1353 4026 τῷ
1418 3950 1703 4027 διακονικῷ
1775 3975 1866 4010 κα-

1955 3948 2186 4028 byteros
2234 3946 2294 4006 in
2327 3963 2396 4006 eo
2425 3943 2582 4025 quod
2613 3943 2990 4006 diaconicum
3048 3947 3380 4026 appellatur
3413 3971 3428 4013 :
3459 3949 3589 4014 Non

216 4037 464 4114 λουμένῳ
525 4038 875 4122 παραλαϐὼν,
937 4041 1149 4117 Οὐκέτι,
1208 4044 1390 4121 φησὶν,
1451 4039 1690 4121 ἀδελφοὶ,
1750 4045 1864 4118 μεθ’

1955 4035 2228 4117 amplius,
2263 4035 2478 4114 inquit,
2511 4034 2747 4109 fratres,
2781 4033 3084 4096 vobiscum
3140 4035 3369 4117 vigilias
3413 4057 3587 4119 pera-

219 4129 367 4203 δμῶν
425 4129 714 4206 ἀγρυπνίαν
772 4128 1084 4188 διατελέσω.
1142 4130 1313 4189 Καλεῐ
1359 4130 1459 4209 γάρ
1517 4153 1584 4206 με
1611 4129 1714 4199 ἤδη
1761 4132 1866 4189 ἀπὸ

1955 4145 2107 4208 gam.
2170 4124 2260 4186 Me
2293 4123 2452 4184 enim
2478 4123 2602 4203 jam
2651 4132 2824 4184 vocat
2851 4123 3007 4186 Deus
3055 4144 3090 4185 a
3119 4126 3235 4188 vita
3285 4130 3590 4209 praesenti.

215 4218 322 4284 τῆς
375 4218 648 4296 παρούσης
682 4224 826 4290 ζωῆς
888 4222 915 4276 ὁ
949 4220 1110 4285 Θεός.
1154 4218 1321 4277 Ἀλλὰ
1350 4228 1436 4277 νῦν
1469 4221 1564 4294 μὲν
1622 4220 1866 4287 ἐξελθόν-

1955 4216 2068 4278 Sed
2103 4232 2258 4278 nunc
2290 4213 2530 4294 quidem
2585 4214 2834 4293 egressi,
2867 4216 3154 4278 arcessite
3184 4217 3330 4279 mihi
3385 4220 3592 4282 Domi-

219 4327 335 4380 τες,
373 4305 639 4365 καλέσατέ
697 4331 787 4384 μοι
850 4309 1199 4384 Δομετιανόν·
1257 4309 1418 4366 ἔωθεν
1447 4309 1502 4366 δὲ
1544 4317 1650 4368 τῶν
1697 4312 1866 4368 Πατέ-

1955 4308 2175 4368 lianum
2209 4325 2227 4366 :
2261 4321 2436 4364 mane
2465 4311 2662 4364 autem
2697 4313 2852 4364 totus
2883 4302 3119 4366 Patrum
3151 4317 3340 4370 cmtus
3371 4327 3592 4372 conve-

220 4416 330 4474 ρων
388 4395 529 4452 ἅπαν
572 4398 634 4452 τὸ
686 4399 935 4473 σύστημα
986 4395 1299 4457 συνελθέτω.
1346 4398 1497 4474 ’Ἅμα
1554 4407 1680 4476 γοῦν
1723 4405 1866 4480 πρωϊ

1955 4395 2100 4457 niat.
2163 4392 2350 4456 Simul
2384 4411 2528 4472 ergo
2577 4393 2776 4458 cuncti
2830 4411 3003 4455 mane
3031 4395 3104 4456 ad
3155 4415 3292 4459 eum
3323 4401 3592 4462 studiose

216 4483 490 4564 συνέρῤεον
554 4487 691 4560 μετὰ
762 4485 996 4554 σπουδῆς
1057 4486 1288 4550 ἅπαντες
1349 4489 1479 4566 πρὸς
1527 4488 1707 4548 αὐτόν.
1771 4500 1866 4556 Καὶ

1955 4486 2394 4547 conﬁnxerunt.
2429 4490 2619 4559 Atque
2649 4481 2751 4544 ubi
2797 4501 2863 4544 se
2891 4501 3089 4563 param
3123 4487 3442 4570 continuit,
3476 4509 3589 4553 coe-

219 4577 414 4650 μικρὸν
457 4574 731 4655 ἐπισχὼν,
761 4575 958 4654 ἤρξατο
1000 4577 1130 4653 πρὸς
1185 4576 1369 4637 αὐτοὺς
1427 4576 1588 4655 λόγου
1645 4578 1864 4636 τοιοῦδέ

1955 4575 2036 4656 pit
2068 4575 2226 4635 hunc
2255 4573 2328 4633 ad
2362 4591 2462 4633 eos
2494 4551 2714 4633 habere
2743 4551 3084 4635 sermonem
3113 4595 3126 4638 :

306 4663 402 4752 PZ’
415 4709 431 4726 .
465 4665 690 4744 Πατέρες
722 4667 866 4742 ἐμοὶ,
899 4667 988 4723 καὶ
1042 4663 1256 4743 ἀδελφοὶ
1284 4666 1554 4744 ἀγαπητοὶ
1583 4667 1637 4725 ἐν
1673 4670 1865 4748 Κυρίῳ,

2032 4661 2204 4728 CVII.
2238 4665 2444 4724 Patres
2468 4662 2586 4724 mei
2612 4670 2670 4724 et
2688 4661 2902 4724 fratres
2931 4663 3133 4726 dilecti
3154 4665 3216 4726 in
3245 4665 3594 4752 Domino,et

218 4751 316 4811 καί
361 4752 542 4810 τέκιαο
603 4755 711 4834 ἐγὼ
765 4757 863 4832 μὲν
910 4755 1202 4833 πορεύομαι
1261 4754 1366 4822 ἤδη
1410 4757 1505 4825 τὴν
1564 4757 1866 4816 τελευταίαν

1955 4755 2202 4832 ῆιὶἱεεεο
2221 4752 2462 4834 quidem
2481 4752 2605 4832 jam
2634 4761 2997 4832 postremam
3024 4754 3175 4816 viam
3199 4775 3468 4821 meorum
3487 4751 3594 4822 Pa-

220 4840 344 4900 ὁδὸν
386 4848 493 4900 τῶν
521 4844 764 4922 πατέρων
820 4868 943 4922 μου.
982 4837 1146 4921 ἰ’μᾶς
1193 4844 1248 4901 δὲ
1309 4846 1420 4926 χρὴ
1475 4848 1536 4903 τὸ
1579 4850 1712 4926 πρὸς
1773 4850 1866 4924 ἐμὲ

1955 4856 2109 4907 trum
2139 4841 2470 4920 ingredior.
2502 4844 2616 4903 Vos
2644 4849 2841 4904 autem
2866 4852 3099 4924 oportet
3126 4856 3384 4910 vestrum
3409 4851 3471 4912 in
3498 4869 3595 4912 me

220 4931 464 5013 φίλτρον,
499 4931 584 4992 διὰ
624 4935 724 5003 τῆς
764 4940 871 4992 τῶν
913 4934 1143 4992 ἐντολῶν
1186 4933 1351 4992 τῶνδε
1382 4934 1624 5016 φυλακῆς
1669 4935 1866 4994 ἐπιδεί-

1955 4952 2216 4998 amorem
2268 4949 2373 5013 per
2405 4932 2614 4996 horum
2649 4941 3080 5013 praeceptorum
3121 4935 3592 5002 observationem

221 5019 434 5088 ξασθαι,
499 5017 595 5080 Ὧν
653 5026 1076 5104 προηγουμένως
1136 5023 1278 5081 ἐστὶν
1329 5024 1366 5092 ἡ
1425 5025 1635 5103 ἀγάπη,
1684 5026 1866 5085 σύνδε-

1957 5023 2298 5089 ostendere.
2332 5023 2492 5084 Inter
2523 5041 2656 5105 quae
2687 5023 2985 5104 praecipue
3039 5034 3127 5086 est
3154 5025 3434 5103 Charitas,
3463 5046 3595 5108 quae

220 5132 360 5188 σμος
417 5113 547 5170 οὖσα
580 5118 677 5181 τῆς
738 5119 845 5171 τῶν
888 5115 1090 5195 ἀρετῶν
1121 5113 1486 5181 τελειότητος.
1546 5113 1718 5195 ’Ὅπερ
1775 5119 1866 5198 γὰρ

1957 5113 2262 5179 vinculum
2299 5118 2392 5174 est
2419 5110 2702 5174 virtutum
2735 5113 3119 5192 perfectionis
3142 5115 3227 5178 δι.
3249 5113 3396 5176 Nam
3434 5116 3613 5197 quod

300 5217 366 5271 3t
395 5217 623 5287 Coloss.
655 5237 744 5300 tu,
778 5221 903 5354 14.
1536 5303 1796 5370 VARLE
1844 5302 2277 5372 LECTIONEs.

304 5407 328 5448 ³
356 5407 434 5473 al.
467 5410 954 5489 παραμυθούκενος.
1039 5409 1156 5472 lal.
1212 5417 1305 5468 τοῦ
1335 5411 1656 5489 συνέχοντος
1700 5412 1883 5489 δίψους
1913 5415 2234 5489 ἆνενεγκων.
2322 5416 2362 5444 ¹¹³
2392 5405 2581 5470 abest.
2633 5405 2708 5468 ab
2737 5405 2817 5468 al.

221 5492 411 5552 inser.
452 5489 649 5568 μέλλῃ.

1039 5409 1156 5492 liii.
1212 5417 1305 5468 τοῦ
1335 5411 1656 5492 συνέχοντος
1700 5412 1883 5490 δίψους
1913 5415 2234 5492 ἆνενεγκων.
2322 5416 2362 5444 ¹¹³
2392 5406 2581 5470 abest.
2633 5406 2708 5468 ab
2737 5406 2817 5468 al.
2907 5419 2935 5450 ³
2965 5406 3043 5468 al.
3099 5410 3378 5487 εὐπρεπές.

732 5499 760 5544 P
787 5490 866 5556 al.
898 5493 996 5561 τὴν
1025 5491 1281 5562 τελευτήν
1365 5501 1392 5546 τι
1420 5490 1500 5554 all
1534 5495 1919 5572 παραγγείλας.

1443 5587 1658 5655 JOAN.
1707 5590 2075 5656 BOLLANDI
2118 5588 2362 5655 NOTAE.

293 5695 408 5776 (σε)
441 5695 714 5776 Octavam
744 5696 1247 5776 fl‘heophaniorum
1277 5714 1306 5754 a
1341 5697 1554 5756 Grecis
1576 5698 1860 5776 celebrari
1941 5699 2102 5776 Syris
2156 5698 2332 5776 etiam
2367 5695 2568 5776 _iu_isse
2595 5693 2985 5776 _obsprvatam
3015 5692 3183 5776 “hinc
3236 5694 3595 5776 colligimus,

221 5763 610 5835 unaunam,
643 5763 1301 5843 diximus-supremus!!!
1326 5771 1806 5831 consuetudinem
1827 5786 1860 5831 a
1942 5763 2098 5844 quod
2130 5769 2296 5830 tertio
2333 5765 2406 5827 ab
2441 5767 2552 5825 hoc
2580 5763 2675 5824 die
2721 5765 2898 5828 fuerit
2926 5763 3204 5824 festivitas
3233 5767 3288 5824 ὃ.
3343 5763 3594 5838 Antonii;

3465 5423 3594 5476 °8ll
