4090 6198
476 352 594 421 687

1793 361 2071 429 MENSIS
2096 361 2549 431 JANUARIUS.

3725 357 3852 430 688

467 493 553 556 sal
579 494 738 576 pani,
776 494 894 558 hoc
919 495 1235 557 virtutibus
1261 495 1555 558 charitas:
1591 514 1704 559 nec
1727 497 1858 558 sine
1891 516 1960 559 ea
1984 500 2090 562 tier

2200 506 2247 559 οἱ
2292 502 2416 565 ἅλες
2447 508 2524 576 τῷ
2580 499 2746 580 ἄρτῳ,
2779 505 2934 557 τοῦτο
2989 512 3115 563 ταῖς
3163 499 3376 576 ἀρετοϊς
3435 502 3470 568 ἡ
3503 500 3710 578 ἀγάπη⁶
3757 502 3851 557 καὶ

475 593 689 662 potest,
728 593 790 644 ut
820 585 1003 645 virtus
1033 591 1207 663 prout
1237 595 1474 664 oportet
1519 597 1683 647 recte
1716 604 2069 650 exerceatur
2104 606 2116 651 :

2208 595 2373 671 χωρὶς
2407 593 2572 657 αὐτῆς
2619 590 2811 668 ἀρετὴν
2863 591 2936 653 ὡς
2998 591 3111 669 χρὴ
3156 593 3485 666 κατορθῶσαι
3546 591 3851 669 ἀρήχανον,

466 673 945 754 quandoquidem
999 675 1274 734 universa
1305 676 1490 735 virtus
1539 694 1646 755 per
1674 678 2018 739 charitatem
2072 698 2090 740 ε

2206 681 2319 737 ἐπεὶ
2351 683 2436 736 καὶ
2481 683 2644 759 ἀρετὴ
2703 701 2871 752 πασα,
2920 677 2987 734 δι’
3046 679 3262 756 ἀγάπης
3308 680 3395 734 καὶ
3426 681 3852 757 ταπεινοφροσύ-

469 761 867 822 humilitatem
903 762 1073 824 ﬁrma
1104 771 1163 822 et
1192 763 1422 824 stabilis
1453 765 1862 843 cognoscitdr.
1884 765 2114 828 Etenim

466 849 774 910 humilitas
801 849 1044 929 quidem
1070 849 1234 912 novit
1258 871 1394 914 eum
1425 854 1521 933 qui
1545 854 1648 915 illa
1676 855 1963 927 utitur,ad
1985 857 2118 917 cnl-

466 954 607 1000 men
641 947 808 999 recte
843 938 1132 1000 factorum
1186 942 1497 1004 extollere:
1531 942 1792 1004 charitas
1822 963 1960 1005 vero
1995 954 2118 1008 tuto

464 1026 755 1101 continet,
792 1045 990 1108 neque
1021 1030 1163 1090 sinit
1194 1049 1262 1091 ea
1292 1049 1366 1092 ex
1424 1033 1737 1094 altitudine
1768 1035 2008 1096 cadere.
2041 1035 2122 1096 At

465 1116 662 1194 major
688 1125 776 1177 est
795 1118 1054 1179 charitas
1082 1118 1604 1202 humilitatezquod
1629 1131 1688 1183 et
1713 1131 1873 1202 patet
1895 1141 1963 1184 ex
1990 1123 2119 1204 ipso

2205 792 2299 837 νης
2352 769 2538 846 βεϐαία
2594 770 2925 846 γνωρίζεται,
2963 759 3024 824 Ἠ
3072 768 3168 841 μὲν
3214 768 3314 845 γὰρ
3366 770 3848 847 ταπεινοφροσύνη,

2203 862 2335 937 πρὸς
2390 859 2522 929 ὕψος
2555 858 2671 915 οἶδε
2723 858 3152 935 κατορθωμάτων
3188 858 3404 934 ἀνάγειν
3447 859 3538 913 τὸν
3571 860 3846 931 μετιόντα’

2202 950 2236 1010 ἠ
2295 946 2348 1004 δὲ
2393 949 2607 1026 ἀγάπη,
2665 947 2879 1026 συνέχει
2937 968 2995 1002 τε
3067 945 3346 1025 ἀσφαλῶς,
3392 947 3479 1003 καὶ
3534 956 3629 1004 τοῦ
3681 945 3851 1022 ὕψους

2202 1037 2404 1095 ἐκείνου
2461 1035 2737 1093 διαπεσεῖν
2781 1038 2876 1094 οὒκ
2919 1041 3001 1108 εᾷ,
3058 1038 3261 1106 Μείζων
3289 1053 3315 1082 ι’
3355 1034 3409 1090 δὲ
3439 1037 3474 1103 ἡ
3517 1035 3701 1113 ἀγάπη
3744 1040 3847 1101 τῆς

2202 1128 2714 1206 ταπεινοφροσύνης
2777 1125 2908 1204 ὅπερ
2978 1127 3066 1181 καὶ
3126 1125 3219 1182 ἀπ’
3292 1127 3451 1183 αὒτοῦ
3522 1123 3682 1191 δῆλον
3751 1123 3846 1180 τοῦ

462 1203 703 1266 Domini
731 1205 1143 1288 Creatorisque
1176 1211 1476 1290 exemplo.
1502 1213 1648 1271 Nam
1683 1221 1926 1292 propter
1948 1203 2090 1274 suan

2198 1218 2334 1272 κατά
2393 1203 2481 1272 τόν
2545 1216 2823 1282 Δεσπότην
2881 1216 2968 1270 καὶ
3030 1215 3365 1294 Δημιουργὸν
3433 1212 3842 1291 ὑποδέίγματος,

460 1294 525 1355 in
572 1313 684 1355 nos
716 1295 1063 1358 charitatem
1099 1298 1364 1379 seipsum
1411 1310 1623 1380 sponte
1665 1301 2023 1381 humiliavit,
2060 1322 2087 1360 ρ

2203 1307 2302 1360 Διά
2359 1307 2458 1383 γὰρ
2488 1306 2583 1372 τὴν
2627 1307 2759 1381 πρὸς
2819 1307 2961 1376 ἡμας
3021 1302 3239 1381 ἀγάπην
3298 1302 3653 1359 ἐταπείνωσεν
3705 1302 3846 1358 ἑκὼν

455 1383 649 1446 factus
673 1393 764 1446 est
775 1385 945 1464 juxta
975 1405 1104 1448 nos.
1133 1387 1380 1467 Oportet
1404 1406 1546 1466 ergo
1572 1389 1625 1449 ei
1657 1398 1946 1469 perpetuo
1977 1407 2087 1450 con

2200 1395 2409 1468 ἑαυτὸν,
2446 1396 2533 1450 καὶ
2590 1391 2882 1468 καθ’ἠμᾶς
2934 1392 3146 1470 γέγονε.
3197 1391 3310 1466 Χρῆ
3341 1391 3432 1448 οὖν
3488 1390 3847 1468 ἒξομολογεϊιο

457 1473 703 1547 ﬁteri,et
730 1473 981 1553 hymnos
1003 1475 1241 1536 oﬂ‘erre.
1269 1475 1406 1537 Haec
1439 1477 1734 1556 siquidem
1767 1479 2090 1556 praeclarun

2199 1487 2316 1540 σθαι
2395 1484 2565 1540 τούτω
2648 1481 2960 1560 διαπαντὸς,
3045 1483 3135 1538 καὶ
3226 1481 3422 1555 ὕμνους
3501 1479 3841 1558 προσφέρειν,

457 1572 551 1626 est
579 1581 611 1624 a
641 1563 877 1624 cunctis
908 1564 1253 1626 hominibus
1283 1567 1528 1626 omnino
1555 1565 1848 1640 exerceri;
1881 1584 1916 1628 a
1942 1565 2090 1627 nobi:

2197 1579 2373 1629 Ταῦτα
2426 1573 2524 1646 μὲν
2555 1573 2654 1650 γὰρ
2707 1575 2795 1628 ναὶ
2826 1573 3028 1635 πάντας
3088 1571 3393 1647 ἀνθρώπους
3425 1569 3609 1633 ἁπλῶς
3653 1571 3844 1644 μετιέ-

457 1661 656 1714 autem
681 1659 818 1713 ante
840 1660 1241 1727 caeteros,tum
1265 1663 1507 1734 propter
1531 1663 1699 1734 pacta
1728 1673 1862 1714 cum
1885 1664 2090 1729 eo,tun

2196 1683 2279 1716 ναι
2341 1661 2525 1718 καλόν’
2573 1663 2676 1739 πρὸ
2733 1659 2788 1717 δὲ
2846 1662 3062 1716 πάντων
3113 1661 3283 1736 ἡμᾶς,
3331 1659 3414 1715 διά
3456 1681 3512 1716 τε
3561 1660 3654 1721 τὰς
3711 1660 3845 1736 πρὸς

453 1743 596 1823 quia
629 1742 701 1803 ab
734 1745 896 1802 omni
950 1741 1407 1803 conturbatione
1440 1745 1816 1823 negotiisque
1866 1745 2090 1805 saecula-

2195 1751 2352 1809 αὐτόν
2405 1753 2689 1822 συνθήκας,
2724 1752 2811 1806 καὶ
2841 1749 2922 1806 ὅτι
2977 1749 3290 1828 συγχύσεως
3333 1749 3546 1815 ἀπάσης
3579 1749 3665 1805 καὶ
3694 1771 3844 1826 πρα-

454 1832 624 1893 ribus
673 1831 873 1902 liberi,
907 1832 1083 1891 vitam
1149 1840 1412 1893 nostram
1467 1834 1711 1893 minime
1763 1833 2090 1894 distractan'

2191 1841 2411 1918 γμάτων
2467 1838 2877 1916 ἀπηλλαγμένοι
2923 1839 3215 1918 βιωτικῶν,
3261 1838 3652 1916 ἀπερίσπαστον
3703 1837 3842 1915 ἄγο-

453 1923 715 2001 agimus,
747 1922 982 2000 solique
1014 1920 1282 1981 solitarie
1327 1921 1691 1982 attendimus
1721 1921 1894 1982 nobis
1938 1923 2090 2000 ipsis.

2188 1949 2288 2002 μεν
2341 1933 2499 2004 ἡμῶν
2529 1929 2626 1995 τὴν
2658 1929 2826 1998 ζωὴν,
2874 1929 2962 1984 καὶ
3003 1929 3158 2000 μόνοι
3207 1926 3512 2002 καταμόνας
3559 1927 3840 2004 προσέχο-

453 2014 706 2092 Semper
734 2010 1053 2085 debemus,
1079 2009 1312 2084 fratres,
1339 2011 1694 2090 corporibus
1717 2021 1772 2072 et
1793 2011 2090 2072 animabus

2186 2040 2285 2092 μεν
2335 2021 2578 2079 έαδτοῖς.
2614 2017 2925 2095 Ἀγνιστέον
2984 2019 3123 2089 ἡμῖν
3153 2026 3174 2055 ³
3212 2016 3291 2072 ἀεὶ
3344 2017 3436 2072 καί
3469 2015 3692 2090 σώματα
3747 2016 3837 2071 ναὶ

452 2104 598 2165 casti
631 2121 1031 2176 esse;necnon
1066 2111 1412 2164 consuetam
1442 2106 1499 2163 in
1535 2103 1855 2183 synaxibus
1883 2103 2090 2180 glorifi-

2185 2111 2392 2188 ψυχὰς,
2425 2106 2660 2186 ἀδελφοίο
2710 2109 2796 2162 καὶ
2856 2107 2954 2172 τὴν
3017 2109 3217 2175 συνήθη
3278 2107 3396 2182 περὶ
3441 2107 3534 2168 τὰς
3590 2104 3828 2169 συνάξεις

447 2193 771 2265 cationem,
809 2191 1102 2271 nobisque
1151 2210 1184 2250 ιι
1215 2192 1508 2271 principio
1539 2191 1798 2270 desuper
1827 2191 2097 2252 traditam

447 2282 741 2362 regulam,
773 2281 938 2342 omni
983 2280 1253 2341 custodia
1312 2298 1688 2342 conservare.
1723 2280 1939 2340 Eorum
1999 2280 2100 2357 qui

446 2373 961 2451 alﬂiguntur,cura
985 2379 1074 2430 est
1101 2369 1362 2449 gerenda
1384 2388 1490 2450 pro
1513 2369 1877 2442 viribus.Qui
1899 2388 1964 2430 ex
1989 2370 2101 2432 t‘ra-

445 2461 637 2523 tribus
684 2461 1039 2522 colluctatur
1068 2478 1203 2520 corn
1240 2459 1532 2539 improbis
1563 2457 2039 2536 cogitationibus,
2065 2477 2100 2520 a

445 2551 614 2612 vobis
643 2569 882 2631 semper
916 2549 1397 2622 conﬁrmetur,et
1416 2557 1703 2628 perpetua
1730 2547 1958 2610 fruatur
1987 2549 2096 2609 ad-

447 2641 802 2716 monitione,
835 2639 1134 2714 doctrina,
1173 2639 1600 2717 praaceptione;
1638 2656 1712 2699 ne
1749 2637 2098 2718 imprudens

445 2731 726 2810 paulatim
753 2727 1396 2808 supplantetur,gravis
1418 2727 1594 2789 ruina
1617 2727 1856 2789 diabolo
1882 2727 2091 2789 factus.

455 2819 580 2880 Hoc
629 2836 864 2899 quoque
897 2817 1167 2876 ultimum
1221 2817 1389 2878 vobis
1436 2818 1678 2896 impono
1725 2817 2090 2898 mandatum;

445 2909 771 2984 Nunquam
800 2907 984 2982 janua
1007 2903 1357 2966 occludatur
1385 2905 1862 2981 advenientibus,
1882 2907 1987 2968 sed
2019 2909 2096 2967 sit

441 3013 682 3075 semper
703 3004 908 3075 aperta
928 2994 1114 3056 cuivis
1140 2994 1368 3071 viatori,
1392 3005 1450 3057 et
1472 2997 1631 3058 velut
1652 2996 1724 3056 ad
1756 3001 2088 3075 susceptio-

441 3103 578 3145 nem
613 3082 989 3166 paratissima
1023 3105 1035 3146 :
1072 3083 1400 3164 quinetiam
1435 3086 1630 3166 ipsum
1667 3094 1888 3146 tectum
1925 3085 2092 3146 vobis

440 3176 516 3236 sit
541 3192 861 3236 commune
892 3173 1228 3253 hospitibus
1260 3186 1434 3255 atque
1466 3173 2085 3236 transeuntibusznec-

2106 3226 2146 3275 C

2183 2197 2516 2274 δοξολογίαν,
2553 2200 2640 2253 καὶ
2688 2195 2780 2252 τόν
2824 2196 3022 2251 ἄνωθεν
3077 2198 3214 2268 ἡμῖν
3246 2192 3671 2272 παραδεδομένον
3717 2215 3828 2248 κα-

2183 2288 2330 2361 νόνα,
2366 2289 2510 2363 πάσῃ
2542 2285 2751 2365 φυλακῇ
2782 2286 3030 2365 τηρηέον.
3095 2292 3210 2342 Τῶν
3239 2287 3296 2340 ἒν
3340 2285 3394 2340 ἐν
3426 2283 3687 2358 θλίψεσιν,
3722 2281 3827 2350 ὅση

2181 2373 2400 2450 δύναμις
2449 2364 2829 2450 ἐπιμελητέον,
2891 2364 2947 2428 Ὀ
2980 2371 3264 2448 λογισμοῖς
3316 2370 3532 2434 ἀτόποις
3578 2390 3824 2446 προσπα-

2181 2465 2344 2520 λαίων
2401 2472 2504 2521 τῶν
2554 2462 2821 2542 ἀδελφῶν,
2874 2461 3243 2541 ἀσφαλιζέσθω
3276 2462 3424 2535 ὑμῶν
3457 2461 3473 2493 ⁸
3528 2460 3606 2515 ἀεὶ
3635 2469 3683 2531 ³,
3740 2464 3828 2519 καὶ

2181 2556 2546 2632 παραινέσεως
2607 2551 2926 2610 ἀπολαυὲτω
3001 2549 3272 2617 διηνεκοῦς
3343 2552 3430 2606 καὶ
3489 2547 3831 2610 διδασκαλίας

2179 2645 2267 2699 καὶ
2322 2646 2624 2713 ὑποθήιιηςο
2659 2643 2736 2718 μὴ
2791 2640 2927 2715 λάθῃ
2977 2641 3112 2696 κατά
3172 2641 3360 2716 μικρὸν
3407 2637 3827 2708 ὑποσκελισθεῖς,

2177 2736 2265 2788 καὶ
2295 2739 2494 2809 πτῶμα
2545 2731 2790 2811 χαλεπὸν
2822 2737 2898 2799 τῷ
2929 2726 3162 2800 διαϐόλῳ
3217 2727 3526 2805 γενόμενος.
3549 2728 3663 2811 ⁸Καὶ
3692 2728 3828 2782 ταύ-

2177 2843 2276 2888 την
2320 2819 2374 2876 δὲ
2408 2807 2716 2878 τελευταίαν
2770 2821 2900 2892 ὑμῖν
2933 2817 3156 2881 ἐντολὴν
3210 2817 3508 2891 ἐπιτίθημι·
3547 2807 3604 2872 Ὀ
3649 2814 3831 2872 πυλῶν

2178 2909 2447 2986 μηδέποτε
2492 2910 2612 2972 τοῖς
2644 2915 2920 2986 παριοῦσιν
2951 2916 2975 2946 ν
3013 2905 3439 2984 ἁποκεκλείσθω,
3474 2904 3598 2961 ἀλλ’
3628 2905 3829 2961 ἀναπε-

2176 3000 2446 3072 πτάμενος
2504 2999 2582 3054 ἀεὶ
2613 2999 2770 3054 παντὶ
2801 2995 2948 3072 ὁδίτη
3005 2997 3272 3074 παρέστω,
3309 2995 3393 3051 καὶ
3429 2995 3552 3052 οἷον
3583 2996 3656 3058 εἷς
3685 2995 3825 3051 ὑπο·-

2175 3087 2350 3168 δοχὴν
2406 3085 2776 3162 ἐτοιμότοτος’
2810 3086 2897 3142 καὶ
2953 3087 3086 3153 αὕτη
3116 3083 3170 3140 δὲ
3199 3086 3330 3159 ὑμῖν
3359 3085 3392 3151 ἡ
3444 3082 3632 3160 στέγη,
3667 3085 3823 3151 κοινὴ

2174 3191 2290 3242 τοῖς
2349 3176 2509 3243 ξένοῖς
2555 3177 2642 3232 καὶ
2701 3172 3074 3249 παροδεύουσιν
3132 3172 3270 3240 ἤτω·
3316 3172 3471 3229 κοινὰ
3523 3170 3580 3228 δὲ
3611 3173 3698 3229 καὶ
3757 3173 3824 3228 τὰ

436 3281 556 3324 non
589 3281 660 3326 ea
689 3281 820 3344 quas
849 3261 1102 3336 habetis,
1130 3263 1444 3340 egentibus
1497 3271 1906 3342 proponantur
1924 3280 2088 3322 com-

2176 3267 2294 3324 ὅντα
2338 3280 2458 3330 τοῖς
2503 3263 2771 3340 δεομένοις
2824 3263 3142 3342 προκείσθω.
3177 3261 3328 3320 Οὕτω
3385 3262 3486 3339 γὰρ
3533 3259 3595 3316 ἂν
3651 3261 3821 3340 ἀφθό-

439 3359 666 3416 munia.
726 3351 823 3414 Sic
855 3352 1012 3412 enim
1045 3351 1345 3430 copiosam
1395 3350 1936 3432 suppeditationem
1967 3369 2086 3413 cce-

432 3442 572 3504 litus
602 3440 1075 3520 consequemini.

515 3530 713 3594 CVIII.
749 3529 884 3590 Haec
909 3529 1008 3589 ubi
1037 3535 1126 3590 eis
1145 3527 1642 3609 injunxit;postea
1664 3528 2078 3612 interrogavit,

434 3637 749 3700 quemnam
783 3619 999 3680 vellent
1021 3617 1167 3697 ipsis
1191 3635 1444 3697 praeesse
1472 3627 1528 3679 et
1550 3619 1957 3698 imperareltli
1981 3639 2087 3682 au-

437 3720 553 3772 tem
581 3709 741 3771 velut
762 3727 832 3770 ex
854 3715 1165 3786 compacto
1188 3723 1396 3768 omnes
1412 3709 2086 3788 responderuntzDomi-

433 3797 748 3863 tiannsz
775 3799 1023 3861 verozAt
1048 3796 1542 3877 hoc,inquit,ﬁeri
1576 3817 1694 3860 non
1727 3807 1942 3881 potest.
1962 3798 2084 3862 Do-

432 3890 715 3952 mitianus
769 3887 928 3948 enim
965 3905 1080 3947 non
1137 3885 1234 3946 hic
1286 3886 1462 3966 longo
1515 3895 1782 3969 tempore
1816 3899 1945 3970 post
1992 3907 2088 3952 me

435 3979 724 4053 manebit;
759 3977 864 4038 sed
891 3977 1144 4056 septimo
1169 3975 1359 4036 solum
1386 3975 1483 4036 die
1512 3986 1829 4056 transacto,
1867 3981 2085 4060 postri-

430 4069 527 4128 die
552 4086 646 4128 me
672 4066 1118 4146 sequetur.Hoc
1149 4083 1358 4125 omnes
1389 4066 1489 4145 qui
1517 4069 1767 4128 aderant
1795 4067 2082 4151 obstupe-

428 4156 755 4235 fecit,adeo
787 4161 996 4234 aperte
1019 4163 1077 4213 et
1110 4153 1362 4214 ﬁdenter
1385 4154 1629 4216 dictum.
1668 4157 1856 4219 Simul
1887 4160 2086 4240 itaque

431 4263 537 4325 spe
560 4245 635 4307 de
657 4243 993 4306 Domitiano
1024 4242 1266 4316 amissa;
1291 4242 1478 4305 Eliam
1505 4246 1822 4324 quemdam
1849 4258 2076 4328 petunt,

2169 3378 2257 3412 vou
2289 3358 2386 3423 τῆς
2418 3357 2681 3436 χορηγίας
2713 3353 2912 3411 ἄνωθεν
2943 3352 3290 3412 ἀπολαύοιτε.

2247 3525 2376 3597 ΡΗ’.
2428 3545 2602 3592 Ταυτα
2633 3533 2764 3610 πρὸς
2826 3531 3014 3592 αὐτοὺς
3060 3531 3390 3606 ἐπισκήψας·
3437 3530 3585 3604 εἶτα,
3618 3531 3701 3586 καὶ
3758 3533 3821 3586 ὃν

2167 3626 2446 3702 βούλοιντο
2498 3621 2825 3701 ἀφηγεῖσθαί
2865 3643 2929 3676 τε
2969 3619 3139 3676 αὐτῶν
3201 3620 3290 3674 καὶ
3335 3617 3526 3698 ἄρχειν
3583 3619 3820 3676 ἀνεπυν-

2167 3716 2374 3777 θάνετο,
2433 3715 2494 3771 Οἱ
2523 3711 2577 3768 δὲ
2633 3709 2869 3786 καθάπερ
2898 3711 2998 3766 δπὸ
3055 3709 3348 3782 συνθήματι
3380 3717 3405 3749 κ
3447 3709 3668 3788 πάντες,
3707 3717 3818 3764 Δο-

2169 3806 2417 3883 μετιανὸν
2471 3806 2845 3880 ἀπεκρίναντο.
2883 3803 2980 3861 Καὶ
3024 3801 3106 3873 ὃς,
3159 3799 3326 3859 Ἀλλά
3355 3809 3510 3858 τοῦτο
3541 3811 3642 3876 μὲν
3683 3798 3818 3856 ἀδό-

2170 3919 2350 3969 νατον,
2383 3894 2510 3974 ἔφη,
2574 3893 2911 3968 Δομετὶανὸς
2955 3891 3054 3967 γὰρ
3102 3889 3277 3948 οὐκέτι
3340 3889 3462 3964 μετ’
3505 3890 3600 3966 ἐμὲ
3648 3889 3820 3946 πολὺν

2169 3985 2390 4041 ἐνταῦθα
2430 3982 2695 4058 ὑπομενεῖ
2724 3981 2944 4060 χρόνον
2992 3977 3111 4035 ἀλλ’
3158 3976 3393 4054 ἑϐδομην
3438 3981 3612 4054 μόνην
3671 3978 3812 4053 ἡμέ-

2169 4096 2262 4152 ραν
2332 4072 2627 4150 διαγαγὼν,
2687 4075 2788 4136 τῆς
2851 4069 3132 4146 ὑστεραίας
3179 4077 3206 4120 1
3275 4067 3623 4138 ἀκολουθήσει
3695 4091 3814 4142 μοι.

2168 4172 2332 4221 Τοῦτο
2403 4163 2605 4222 πάντας
2677 4157 2931 4226 ἐξέπληξε
3004 4159 3124 4222 τοὺς
3197 4158 3500 4235 παρόντας,
3572 4158 3815 4234 φανερῶς

2163 4251 2300 4308 οὕτω
2382 4249 2478 4307 καί
2549 4247 3098 4326 πεπαρῤησιασμένως
3169 4247 3386 4327 λεχθέν.
3457 4242 3816 4322 Ἀπογνοντες

426 4333 736 4395 inferioris
768 4330 1117 4391 monasterii
1166 4349 1568 4410 oeconomum,
1599 4334 2076 4400 Jericbuntinum

2176 4331 2212 4396 5'
2242 4339 2329 4396 οὖν
2362 4339 2508 4415 ὅμως
2562 4346 2910 4415 Δομετιανοῦ,
2945 4336 3126 4392 Ἠλίαν
3158 4338 3358 4394 αἰτοῦσί
3387 4357 3504 4392 τινα
3535 4339 3635 4401 τῆς
3663 4337 3814 4391 κάτω

427 4426 751 4501 genere.“
777 4438 905 4481 eum
926 4437 1065 4494 ergo
1091 4427 1278 4480 statim
1305 4440 1618 4484 conversus
1638 4430 2078 4502 magnus,Ecce,

2176 4435 2334 4497 ιονῆς
2381 4430 2686 4502 οἰκονόμον,
2719 4429 2781 4484 τὸ
2839 4426 2990 4503 γένος
3027 4416 3451 4506 Ἰεριχούντειον,
3514 4425 3811 4502 Ἐπιστρα-

425 4512 644 4592 inquit,
673 4511 1128 4598 omnes_Patres
1159 4517 1215 4569 te
1244 4509 1357 4570 sibi
1392 4520 1688 4591 pastorem
1721 4523 1778 4576 et
1827 4516 2076 4596 praafec-

2176 4521 2276 4598 ρεὶς
2325 4520 2414 4574 οὗν
2445 4518 2592 4581 εὺθὺς
2643 4519 2774 4593 πρὸς
2805 4517 2962 4572 αὐτὸν
3006 4518 3032 4572 ὁ
3065 4516 3257 4594 μέγας,
3292 4513 3448 4582 Ἰδοὺ,
3475 4514 3628 4593 φησὶ,
3667 4515 3806 4570 πάν-

430 4585 554 4661 tum
590 4585 836 4678 eligunt.
870 4596 957 4658 Tn
990 4616 1127 4659 vero
1153 4598 1306 4672 vide,
1342 4585 1528 4661 uttibi
1552 4601 1664 4682 ipsi
1697 4585 1986 4684 attendas,
2019 4614 2077 4667 et

2176 4585 2245 4671 ίες
2277 4611 2324 4664 οἱ
2375 4605 2612 4682 Πατέρας
2645 4604 2874 4680 ποιμένα
2905 4626 2964 4660 σε
3016 4605 3161 4662 αὐτοὶ
3192 4606 3406 4669 ἑαυτοῖς
3433 4604 3524 4660 καί
3561 4603 3804 4679 προστά-

426 4690 533 4750 toti
566 4689 759 4768 gregi.
793 4686 1041 4767 Oportet
1074 4695 1270 4748 autem
1323 4695 1378 4749 te
1406 4689 1518 4750 hoc
1546 4692 1722 4752 etiam
1751 4694 1907 4755 scire
1936 4700 2075 4756 ante

425 4777 730 4859 alia,quod
753 4779 876 4838 Deo
895 4775 1084 4836 visum
1111 4776 1369 4851 sit,haud
1395 4777 1472 4838 ita
1487 4777 1588 4839 diu
1613 4778 1832 4841 abhinc
1848 4782 2071 4844 lauram

423 4869 580 4931 hanc
602 4874 837 4928 vertere
861 4866 920 4926 in
944 4866 1305 4928 cmnobium.
1341 4865 1640 4949 Deinceps
1660 4887 1826 4946 vero,
1847 4879 1904 4932 et
1935 4871 2071 4932 ubi-

423 4977 562 5022 nam
616 4956 900 5020 aediﬁcari
955 4955 1315 5029 coenobium,
1353 4964 1412 5017 et
1451 4959 1748 5036 quomodo
1797 4962 2073 5022 constitui

425 5046 909 5131 oporteret,item
939 5045 1012 5105 de
1044 5044 1365 5124 hospitium
1397 5048 1776 5129 exceptione,
1810 5051 2074 5130 psalmo-

424 5140 741 5211 dia,studio
762 5137 820 5194 in
849 5137 1050 5208 regula
1077 5135 1425 5201 adhibendo,
1450 5146 1714 5209 praecepit
1735 5139 1892 5209 Eliae,
1927 5151 1979 5198 ct
2008 5144 2075 5200 de

424 5241 538 5285 non
563 5221 933 5296 negligeudis
955 5221 1259 5290 tratribus,
1281 5221 1528 5279 maxime
1551 5223 1623 5280 its
1644 5228 1741 5295 qui
1765 5239 2072 5298 gravantur

422 5309 620 5392 pravis
639 5303 1370 5384 cogitationibusDeinde
1389 5307 1502 5369 hoc
1519 5319 1824 5389 postremo
1847 5313 1928 5374 ait
1948 5333 2073 5374 om-

422 5405 639 5486 nibus:
678 5400 740 5464 Si
763 5401 1018 5480 aliquam
1065 5399 1396 5461 invenerim
1427 5401 1496 5461 ad
1533 5403 1721 5464 Deum
1767 5404 2068 5486 ﬁduciam,

2157 4719 2255 4763 την
2299 4698 2643 4776 ψηφίζονται.
2677 4695 2748 4750 Σὺ
2779 4704 2801 4734 ι
2837 4692 2892 4749 δὲ
2922 4693 3068 4758 ὅπως
3099 4695 3270 4768 ἑαυτῷ
3329 4715 3385 4750 τε
3415 4691 3692 4771 προσέχῃς
3718 4693 3808 4749 καὶ

2155 4787 2312 4842 παντὶ
2353 4791 2431 4858 τῷ
2459 4786 2691 4861 ποιμνίῷ
2720 4797 2767 4845 ι.
2801 4792 2899 4839 Δεῖ
2926 4781 2981 4838 δέ
3011 4805 3070 4840 σε
3115 4785 3205 4840 καὶ
3233 4790 3388 4841 τοῦτο
3417 4783 3519 4860 πρὸ
3551 4787 3656 4838 τῶν
3701 4780 3804 4838 ἄλο

2156 4874 2265 4931 λων
2323 4873 2538 4954 εἰδέναι,
2598 4874 2679 4930 ὅτι
2735 4870 3001 4930 κοινόϐιον
3058 4873 3300 4950 γενέσθαι
3365 4872 3564 4954 ταότην
3602 4874 3662 4930 οὐ
3721 4871 3807 4928 διὰ

2157 4971 2361 5042 μακροῦ
2419 4951 2744 5040 τὴν-λαύραν
2802 4960 3085 5029 εὐδόκησεν
3129 4964 3156 5018 ὁ
3217 4962 3374 5026 Θεός.
3430 4951 3584 5028 Ἑξῆς
3614 4958 3670 5015 δὲ
3716 4963 3808 5016 καὶ

2157 5053 2287 5109 ὅπου
2342 5053 2404 5108 τὸ
2433 5049 2699 5108 κοινόϐιον
2750 5050 3186 5128 οἰκοδομηθῆναι.
3221 5053 3310 5108 καὶ
3338 5050 3486 5114 ὅπως
3546 5054 3805 5117 συστῆναι

2156 5139 2285 5216 δέοι,
2320 5145 2446 5220 περὶ
2507 5145 2608 5208 τῆς
2640 5139 2946 5221 ξενοδοχίας
2989 5163 3047 5198 τε
3103 5140 3186 5197 ἐαὶ
3220 5138 3536 5216 ψαλμῳδίας
3589 5140 3806 5205 καὶτῆς

2156 5232 2229 5286 εἰν
2291 5233 2380 5286 τὸν
2431 5230 2630 5286 κανόνα
2691 5228 2940 5301 σπουδῆς,
2980 5229 3286 5297 ἐπέσκηπτε
3343 5237 3418 5304 τῷ
3476 5226 3653 5307 Ἥλίᾷ,
3713 5229 3805 5284 καὶ

2153 5329 2246 5379 τοῦ
2289 5319 2367 5395 μὴ
2397 5325 2502 5375 τῶν
2548 5316 2788 5398 ἀδελοξῶν
2830 5317 3104 5400 ἀδελφεϊν,
3135 5320 3222 5376 καὶ
3253 5319 3455 5377 τούτων
3491 5316 3657 5374 πλέον
3689 5323 3798 5374 τῶν

2155 5409 2440 5489 λογισμοῖς
2499 5407 2720 5471 ἀτόποις
2775 5408 3158 5486 βορυνομένπν,
3233 5407 3463 5467 ’Ἔπειτα
3504 5407 3591 5464 καὶ
3662 5407 3801 5485 πρὸς

1747 5511 2001 5578 VARUE
2050 5512 2477 5579 LECTIONES.

971 5615 989 5641 '
1019 5604 1098 5668 al.
1141 5606 1293 5678 ὑμῖν.

501 5625 525 5652 ι’
553 5611 633 5668 al.
686 5615 884 5686 ρεῖζον.

1047 5697 1067 5727 ²
1096 5688 1176 5749 al.
1209 5689 1318 5749 σοί.

420 5700 445 5747 1
473 5687 554 5750 al.
584 5693 652 5763 τῇ
679 5689 944 5764 ὑσνιραίᾳ.
1047 5697 1067 5727 ²
1096 5688 1176 5749 al.
1209 5689 1318 5749 σοί.
1403 5699 1424 5728 ⁸
1456 5691 1534 5755 al,
1569 5690 1708 5754 add.
1744 5687 1991 5772 μελήσει.

1385 5611 1398 5642 ⁸
1439 5608 1517 5692 al.
1556 5609 1679 5692 ins.
1717 5611 1826 5692 δᾴ,
1857 5613 1935 5675 al.
1988 5617 2142 5689 ὑμῖν.

2230 5626 2257 5657 ⁸
2287 5613 2365 5677 al.
2401 5616 2597 5694 αὐτῶν,
2687 5624 2712 5656 ν
2739 5613 2818 5678 al.
2873 5620 3147 5694 παροῦσιν.
3235 5625 3261 5658 ι
3289 5611 3366 5678 al.
3424 5616 3793 5693 συνθήματος,

2581 5663 2597 5695 2
