4090 6198
427 349 537 418 691

1736 353 2016 417 MENSIS
2055 348 2513 418 IANUARIUS.

3689 355 3812 420 692

431 493 740 570 stuporem
767 484 1103 551 adducebat
1129 484 1498 549 continuatio
1521 487 1970 549 miraculorum.
1997 486 2078 547 Ex

2167 487 2367 557 ἐπλητε
2425 489 2478 548 δὲ
2511 491 2714 555 πάντας
2766 492 2800 560 ἡ
2847 496 2950 549 τῶν
2989 491 3274 568 θαυμάτων
3319 490 3591 572 συνέχεια.
3657 488 3813 560 Πλή-

430 596 726 640 concursu
747 577 925 656 igitur
947 575 1347 638 multitudinis
1370 593 1553 658 prope
1584 575 2070 656 inﬁnitae,prohi-

2165 581 2275 644 Βους
2330 581 2421 637 οὖν
2480 581 2700 660 ἀπείρου
2757 580 2953 658 κομιδῇ
3017 579 3430 658 συνδραμόντος,
3480 578 3694 660 ε’ίργετο
3748 588 3813 644 τὸ

432 667 685 730 bebatur
704 684 934 727 sacrum
969 664 1118 726 illud
1149 683 1364 744 corpus
1396 685 1428 727 a
1461 667 1929 748 sepultura,cum
1947 666 2070 746 jam

433 767 591 819 esset
611 757 756 815 liora
781 753 1160 828 nona;doncc
1183 755 1424 827 milites,
1443 764 1504 818 ut
1527 756 1613 818 eis
1629 757 1860 835 jussum
1885 756 2076 817 fuerat

430 865 464 907 a
493 844 856 926 patriarcha,
884 842 1238 905 submovent
1268 844 1732 910 multitudinem.
1770 845 1838 907 Et
1868 848 1952 906 sic
1981 845 2076 906 vix

432 933 670 996 tandem
706 932 878 993 datur
926 933 1122 994 aditus
1149 933 1372 996 divinis
1406 935 1698 1008 Patribus,
1735 944 1796 997 ut
1842 936 2078 1016 corpori

430 1022 714 1099 illi,quod
742 1022 893 1083 odeo
921 1022 1326 1086 decertaverat
1351 1025 1650 1107 multaque
1682 1045 1918 1107 passum
1947 1025 2080 1086 fue-

429 1113 706 1192 rat,justa
728 1114 1298 1194 peragerent,idque
1319 1134 1453 1177 cum
1481 1116 1714 1196 hymnis
1731 1117 2082 1177 convenien-

432 1202 590 1263 tibus
616 1201 676 1262 in
708 1202 991 1282 locupleti
1019 1202 1393 1283 deponerent
1426 1203 1806 1267 loculo.Sane
1837 1205 2076 1286 quidem

431 1291 664 1354 cunctis
714 1291 884 1352 dolor
913 1291 987 1353 de
1031 1293 1355 1354 amissione
1398 1292 2076 1374 Euthymii,multarum

430 1391 559 1444 erat
590 1399 769 1443 causa
799 1381 1194 1461 lacrymarum
1225 1403 1240 1463 ;
1275 1383 1378 1444 sed
1411 1383 1748 1464 Martyrium
1784 1393 1837 1445 et
1887 1385 2075 1446 Eliam

432 1472 609 1552 longe
657 1471 930 1550 tangebat
979 1471 1419 1548 vehementius,
1451 1481 1628 1554 atque
1659 1474 1825 1535 valda
1879 1475 2074 1552 plora-

432 1561 598 1624 bant.
652 1562 870 1621 Verum
903 1560 1040 1621 illos
1073 1560 1316 1639 quidem
1347 1563 1687 1623 consolatus
1746 1564 2082 1642 patriarcha

434 1667 542 1732 per
591 1649 986 1730 Chrysippum
1039 1655 1234 1711 crucis
1292 1651 1624 1726 custodem,
1686 1661 1744 1712 et
1801 1652 2082 1731 congruis

434 1759 578 1803 usus
610 1738 1146 1814 admonitionibus,
1182 1739 1452 1801 hortatus
1504 1749 1592 1801 est
1623 1750 1685 1802 ut
1713 1740 2081 1820 frequentius

2154 670 2292 748 ἱερὸν
2341 670 2518 728 ἐκεῖνο
2563 678 2721 746 σῶμα
2764 677 2962 751 ταφῆς,
3008 670 3113 739 ἤδη
3155 672 3246 729 καὶ
3301 671 3493 739 ἐνάτης
3536 670 3675 748 ὥρας
3705 691 3811 726 κα-

2156 759 2517 828 ταλαϐούσης
2593 760 2693 823 ἕως
2767 764 2814 818 οἱ
2875 764 3216 840 στρατιῶται,
3281 759 3558 818 κελευσθὲν
3625 761 3815 822 αὐτοῖς

2159 851 2262 906 ὕπὸ
2331 857 2424 908 τοῦ
2493 851 2850 930 πατριάρχου,
2913 853 2976 908 τὸ
3033 839 3239 918 πλῆθος
3295 849 3642 910 ἀποσοϐοὖσι.
3713 839 3814 910 Καὶ

2162 939 2320 1015 μόλις
2379 940 2518 997 οὕτω
2577 947 2702 1018 γοῦν
2746 953 2865 1002 τοῖς
2921 940 3082 1003 θείοις
3143 941 3429 1017 Πατράσιν,
3492 942 3527 1008 ἡ
3573 938 3816 1017 παράδος

2161 1051 2243 1095 σις
2271 1031 2300 1072 h
2342 1028 2562 1109 δίδοται,
2617 1029 2756 1086 ὥστε
2814 1032 2891 1103 τῷ
2933 1029 3206 1103 ἆθλητικῷ
3247 1031 3433 1103 εκείνφ
3480 1029 3576 1086 καὶ
3632 1029 3807 1087 πολύ-

2162 1123 2325 1176 παθεῖ
2377 1119 2587 1194 σώματι
2617 1119 2684 1174 τὰ
2741 1119 3095 1193 νενομισμένα
3123 1117 3362 1200 τελέσαι,
3393 1121 3482 1176 καὶ
3523 1121 3662 1196 μετᾶ
3701 1125 3810 1176 τῶν

2163 1210 2550 1285 προσηκόντων
2603 1209 2784 1282 ὕμνων
2839 1212 2983 1282 αὒτῷ
3016 1207 3050 1281 ¹,
3099 1215 3167 1285 τῇ
3226 1207 3580 1284 πολυπλοότῳ
3634 1232 3809 1267 κατα-

2161 1297 2339 1355 θέσθαι
2398 1299 2560 1376 σορῷ.
2600 1299 2738 1355 Πᾶσι
2783 1298 2882 1373 μὲν
2930 1298 3020 1356 οὖν
3077 1300 3138 1355 τὸ
3182 1299 3348 1362 πάθος
3402 1299 3497 1367 τῆς
3555 1299 3814 1375 Ειῖιθυμίου

2162 1388 2488 1465 στερήσεως,
2549 1386 2764 1444 πολλῶν
2832 1386 3069 1467 δακρύων
3124 1387 3303 1445 αἴτιον
3367 1387 3454 1456 ἦν’
3517 1389 3812 1466 Μαρτυρίου

2163 1475 2217 1532 δὲ
2277 1479 2364 1533 καὶ
2419 1473 2576 1533 Ἠλία
2631 1477 2720 1534 καὶ
2777 1479 3120 1557 ἰσχυρότερον
3168 1476 3354 1552 πολλῷ
3405 1478 3673 1558 καθίκετο,
3720 1479 3812 1536 καὶ

2164 1564 2402 1645 σφοδρῶς
2462 1564 2700 1623 ἔκλαιον
2747 1565 2866 1622 ἀλλ’
2924 1566 3153 1631 ἐκείνους
3200 1567 3299 1642 μὲν
3354 1569 3736 1648 παρηγορήσας
3781 1570 3813 1624 ὁ

2164 1657 2530 1734 πατριάρχης,
2583 1653 2668 1712 διὰ
2720 1656 3024 1731 Χρυσίππου
3076 1664 3168 1714 τοῦ
3222 1656 3674 1736 σταυροιρύλακος,
3721 1656 3814 1714 καὶ

2163 1746 2230 1801 τὰ
2300 1745 2479 1802 εἰκότα
2553 1745 2928 1819 παρακαλέσας
2960 1793 2981 1822 ,
3056 1747 3380 1825 πυκνότερον
3449 1745 3813 1823 παραϐάλλειν

432 1829 504 1892 ad
557 1847 691 1891 eum
724 1829 1105 1892 accederent.
1139 1830 1354 1890 Fidum
1405 1838 1604 1891 autem
1659 1830 1975 1891 diaconum
2021 1833 2076 1892 in

2165 1837 2307 1907 αὒτῷ
2361 1835 2751 1911 προετρέψατο,
2811 1834 3010 1893 Φεῖδον
3066 1834 3120 1892 δὲ
3181 1838 3254 1901 εἰς
3313 1838 3413 1905 τὴν
3467 1837 3659 1913 λα’τρον
3714 1839 3811 1893 τὸν

432 1920 599 1982 laura
657 1919 1027 1999 relinquens,
1067 1916 1121 1978 ei
1153 1917 1489 1980 aedificandi
1537 1920 1855 1980 commistit
1890 1939 2079 1999 nego-

434 2012 627 2084 tium;
688 2026 1088 2087 reversusque
1143 2007 1203 2067 in
1237 2017 1498 2069 sanctam
1551 2009 1869 2082 civitatem,
1904 2011 2080 2072 mittit

431 2099 504 2161 ad
535 2118 685 2180 opus
715 2099 960 2178 Opiﬁces
991 2106 1051 2158 et
1093 2097 1424 2173 materiam,
1452 2117 1567 2176 quo
1601 2097 1785 2159 beata)
1813 2098 1927 2160 illze
1955 2102 2040 2161 Eu
2061 2134 2081 2145 -

435 2188 639 2269 thymii
687 2187 962 2266 reliquiae
993 2189 1053 2248 in
1085 2197 1229 2269 apto
1260 2196 1319 2248 et
1368 2187 1748 2249 convenienti
1783 2189 1913 2250 loco
1969 2189 2078 2252 de-

433 2286 820 2360 ponerentur.

512 2369 667 2430 CXI.
695 2366 1068 2428 Domitianus
1088 2383 1256 2437 vero,
1283 2367 1479 2445 magni
1512 2383 1758 2446 magnus
1788 2385 1993 2429 revera
2027 2376 2084 2429 et

431 2473 754 2539 germanus
809 2455 1163 2536 discipulus,
1200 2463 1406 2535 utpote
1459 2455 1590 2535 ejus
1636 2457 1768 2518 vita!
1824 2457 2085 2518 imitator

434 2546 942 2623 accuratissimus,
979 2544 1078 2625 qui
1138 2545 1448 2624 plusquam
1508 2544 1937 2626 quinquaginta
1981 2567 2084 2609 an-

432 2657 542 2699 nos
566 2645 773 2698 sancto
807 2633 1103 2710 inserviit;
1145 2653 1263 2694 non
1297 2634 1546 2696 recessit
1574 2653 1602 2696 a
1635 2635 1789 2707 loco,
1824 2636 1926 2698 sed
1953 2656 2080 2718 per-

434 2729 652 2789 mansit
681 2725 753 2787 ad
809 2724 1176 2805 sepulcrum,
1214 2742 1403 2804 usque
1464 2724 1523 2784 in
1557 2723 1714 2786 diem
1771 2728 2081 2805 postmodo

431 2828 687 2895 sextum;
725 2818 889 2896 quasi
933 2814 1254 2875 arbitratus
1288 2832 1406 2874 non
1438 2831 1570 2874 esse
1601 2813 1715 2874 sibi
1769 2817 2078 2877 vivendum

433 2908 507 2967 de
539 2914 780 2978 caztero,
815 2923 924 2966 nec
959 2903 1270 2966 ferendum
1327 2904 1573 2964 omnino
1606 2913 1670 2964 ut
1703 2905 1851 2966 lianc
1885 2905 2076 2967 lucem

432 2995 756 3075 aspiceret.
786 2995 932 3056 Cum
960 2993 1247 3073 septimus
1273 2993 1606 3070 autemjam
1640 2991 1771 3054 dies
1800 2994 2076 3055 advenis-

433 3095 546 3160 set,
574 3084 627 3144 ei
659 3093 835 3146 noctu
867 3091 1114 3164 apparet
1144 3083 1274 3144 laeto
1309 3084 1466 3142 vultu
1499 3082 1866 3161 Euthymius,
1903 3082 2076 3166 Veni,

2161 1921 2406 1980 διάκονον
2492 1923 2900 1989 καταλελοιπὼς
2934 1927 2999 2000 1,
3077 1925 3385 1984 έπισκέπτει
3469 1928 3612 2000 αὐτῷ
3692 1927 3815 2005 περὶ

2161 2017 2261 2080 τῆς
2293 2014 2320 2056 ιι
2365 2011 2677 2088 οἰκοδομῆς*
2739 2015 2824 2070 καὶ
2884 2016 2958 2078 εἷς
3009 2015 3109 2083 τὴν
3169 2015 3322 2092 ἆγῖαν
3365 2015 3523 2072 πόλιν
3575 2014 3811 2072 ἐπανελ-

2162 2103 2292 2182 θὼν,
2339 2102 2586 2182 τεχνίτας
2635 2104 2768 2182 πρὸς
2810 2105 2872 2160 τὸ
2917 2103 3072 2183 ἔργον
3101 2105 3190 2161 καὶ
3247 2103 3380 2171 ὕλην
3409 2103 3809 2180 ἐξαποστέλλει,

2164 2192 2302 2248 ὥστε
2358 2191 2420 2248 τὸ
2491 2193 2754 2270 μακάριον
2822 2195 3001 2250 έκεῖνο
3071 2201 3164 2251 τοῦ
3236 2195 3491 2269 Εὖθυμίου
3560 2195 3813 2272 λείψανον

2164 2281 2219 2338 ἐν
2251 2281 2309 2338 εὖ
2339 2280 2524 2361 ἔχοντι
2557 2282 2648 2338 καί
2681 2282 2968 2356 ἐπιτηδείῳ
2995 2285 3347 2351 κατατεθῆναι
3377 2285 3548 2359 τόπῳ.

2245 2370 2391 2431 PlA'.
2478 2374 2803 2446 Δομετιανὸς
2836 2371 2891 2429 δὲ
2949 2373 2977 2429 ὃ
3008 2383 3102 2432 τοῦ
3159 2372 3395 2451 μεγάλου
3424 2374 3589 2452 μέγας
3644 2375 3814 2438 ὄντως

2165 2464 2253 2518 καὶ
2311 2463 2530 2538 γνήσιος
2566 2462 2834 2536 μαθητὴς,
2876 2463 2970 2519 ἅτε
3027 2461 3093 2530 δὴ
3145 2465 3229 2520 καὶ
3285 2471 3376 2520 τοῦ
3405 2465 3522 2539 βίου
3566 2467 3811 2538 μιμητὴς

2165 2550 2567 2629 ἀκριϐέστατος,
2600 2551 2732 2628 ὑπὲρ
2788 2553 2853 2609 τὰ
2909 2553 3244 2622 πεντήκοντα
3300 2556 3377 2626 τῷ
3433 2553 3567 2630 ἁγίῳ
3621 2551 3810 2609 διακο-

2165 2642 2468 2716 νησάμενος
2522 2640 2641 2712 ἔτη,
2676 2641 2772 2698 οὒκ
2829 2641 3037 2709 ἀπέστη
3098 2651 3192 2714 τοῦ
3239 2639 3428 2717 τόπου,
3478 2640 3615 2698 ἀλλὰ
3662 2664 3806 2719 παρ-

2167 2735 2343 2805 έμεινε
2414 2737 2484 2804 τῇ
2543 2731 2713 2809 σοφῷ,
2763 2730 2929 2810 μέχρι
2997 2729 3186 2786 λοιπόν
3253 2729 3416 2797 ἕκτης
3488 2730 3541 2796 ἐξ
3611 2731 3816 2788 ἐκείνου

2165 2820 2391 2897 ἡμέρας
2453 2819 2634 2897 ὥσπερ
2691 2820 2751 2876 οὗ
2805 2821 3002 2897 βιωτὸν
3059 2820 3203 2894 αὖτῷ
3247 2822 3307 2876 τὸ
3367 2819 3558 2877 λοιπὸν
3602 2843 3816 2900 κρινας,

2163 2908 2278 2965 οὐδὲ
2336 2915 2489 2965 τοῦτο
2520 2906 2586 2976 δὴ
2638 2911 2698 2964 τὸ
2727 2914 2840 2987 φῶς
2896 2911 3028 2986 ὁρᾷν
3069 2909 3289 2967 ἀνεκτόν
3320 2908 3484 2973 ὅλως.
3550 2920 3811 2988 Διαγενο-

2163 2998 2328 3072 μένης
2361 2996 2414 3052 δὲ
2459 2994 2562 3065 ἤδη
2609 3003 2704 3064 τῆς
2734 2995 2992 3078 ἑϐδόμης,
3022 2999 3335 3079 ὶπιφαίνετα
3393 3001 3535 3073 αὒτῷ
3590 2999 3810 3078 φαιδρὸς

2161 3088 2262 3155 τὴν
2320 3086 2444 3162 ὄψιν
2476 3089 2659 3149 νυκτὸς
2714 3087 2741 3143 ὃ
2796 3089 3074 3162 Εὔθυμος,
3126 3090 3310 3164 Δεῦρο,
3347 3088 3542 3169 λέγων,
3576 3089 3812 3147 ἀπολαύ-

433 3175 664 3247 dicens,
703 3172 803 3234 tibi
862 3182 1058 3254 parata
1111 3170 1299 3250 gloria
1348 3169 1658 3231 fruiturus.
1695 3168 1846 3232 Ecce
1890 3173 2075 3251 enim,

2165 3200 2269 3233 σων
2332 3182 2427 3242 τῆς
2457 3177 2872 3252 ἡτοτμασμένης
2930 3201 3014 3235 σοι
3058 3176 3239 3244 δόξης.
3297 3175 3431 3235 Ἰδοὺ
3460 3168 3560 3257 γὰρ
3617 3179 3816 3259 ἐχαρί-

433 3264 648 3343 inquit,
683 3263 838 3325 Deus
859 3263 1182 3332 concessit,
1219 3269 1284 3321 ut
1313 3260 1649 3320 communis
1681 3261 1851 3322 nobis
1883 3269 1958 3322 sit
1983 3264 2078 3326 hic

2165 3289 2315 3326 σατο.
2350 3269 2532 3347 φησὶν,
2567 3270 2594 3323 ὁ
2635 3269 2763 3331 Θεὸς
2793 3269 2978 3333 κοινὴν
3004 3269 3172 3343 ἡμεῖν
3202 3268 3347 3325 εἶναι
3376 3269 3462 3325 καὶ
3492 3269 3590 3336 τὴν
3623 3268 3818 3326 ἒνταῦ-

431 3371 668 3435 quoque
719 3353 1079 3432 permansio.
1113 3350 1252 3411 Haec
1286 3349 1677 3425 Domitianus,
1708 3369 1840 3412 cum
1877 3354 2077 3414 venis-

2165 3360 2225 3413 θα
2285 3355 2586 3434 διαγωγήν.
2636 3365 2808 3414 non
2859 3359 2887 3413 ὁ
2949 3359 3278 3432 Δομετιανὸς
3321 3360 3395 3420 εἷς
3450 3360 3550 3426 τὴν
3605 3359 3818 3426 σύναξιν

430 3453 521 3506 set
551 3443 622 3505 ad
672 3442 960 3524 synaxim,
997 3440 1280 3501 fratribus
1307 3439 1662 3502 annuntiat:
1715 3441 1920 3522 sicque
1951 3443 2078 3522 ipse

2165 3446 2350 3517 ἐλθὼν,
2387 3458 2507 3510 τοῖς
2556 3445 2810 3524 ἀδελφοῖς
2844 3445 3194 3524 ἂπαγγέλλει’
3245 3449 3331 3503 καὶ
3374 3447 3542 3511 οὕτως
3587 3448 3640 3503 ἐν
3669 3449 3822 3528 χαρᾷ

431 3534 606 3596 etiam
643 3533 702 3593 in
727 3531 942 3611 gaudio
973 3539 1032 3591 et
1053 3529 1385 3590 futurorum
1415 3528 1704 3590 bonorum
1739 3549 1866 3612 spe,
1901 3534 2077 3594 vitam

2165 3538 2247 3592 καὶ
2304 3537 2462 3600 αὐτὸς
2533 3537 2622 3592 καὶ
2670 3541 2738 3610 τῇ
2794 3541 2902 3591 τῶν
2963 3534 3271 3611 μελλόντων
3330 3536 3542 3614 ἀγαθῶν
3611 3536 3808 3618 ἐλπίδι,

429 3624 741 3704 relinquit.

2165 3624 2467 3682 καταλείπει
2500 3627 2592 3682 τὸν
2623 3625 2758 3701 βίον,

509 3712 680 3776 CXII.
721 3714 795 3773 At
818 3711 1101 3773 diaconus
1127 3707 1534 3785 Fidus,multa
1556 3725 1872 3788 operarum
1901 3729 2077 3773 manu

2242 3714 2390 3774 PlB’.
2424 3714 2558 3792 ’Όγε
2603 3715 2710 3789 μὴν
2745 3713 2990 3778 διάκονος
3021 3713 3238 3779 Φεῖδος.
3272 3730 3438 3797 χεῖρα
3470 3717 3676 3797 συχνὴν
3701 3718 3799 3774 καί

429 3803 1044 3883 collecta,megnoque
1064 3797 1330 3861 adhibito
1354 3798 1914 3878 studio.speluncam
1944 3821 2078 3882 qua:

2165 3803 2366 3872 πολλήν
2401 3802 2482 3860 ὅτι
2519 3805 2934 3881 συνεισενεγκὼν
2964 3805 3062 3869 τὴν
3094 3804 3353 3879 σπουδὴν,
3393 3808 3444 3864 τὸ
3476 3805 3743 3876 σπήλαιον
3776 3808 3806 3863 ὃ

427 3894 489 3955 in
541 3893 835 3974 principio
883 3891 1074 3952 tenuit
1122 3890 1332 3969 quiete
1360 3901 1635 3966 agentem
1660 3890 2069 3970 Euthymium,

2165 3895 2300 3972 παρᾶ
2347 3895 2448 3961 τὴν
2479 3894 2655 3973 ἀρχὴν
2699 3894 3042 3972 ἡσυχάζοντα
3073 3895 3202 3975 εἶχε
3257 3898 3347 3952 τὸν
3379 3897 3631 3972 Εὖθύμιον
3656 3895 3694 3968 ι,
3727 3899 3804 3960 εἰς

428 3985 616 4046 aedem
643 3981 1104 4064 pulcherrimam
1123 3989 1183 4040 et
1204 3978 1516 4039 maximam
1539 3979 1913 4058 etﬁcit;cujus
1936 4000 2068 4041 cum

2165 3986 2308 4042 οἷκον
2353 3983 2640 4041 κάλλιστόν
2697 4006 2753 4039 τε
2802 3985 2888 4040 καὶ
2948 3983 3203 4062 μέγιστον
3263 3985 3556 4063 ἀπαρτίζει.
3619 3986 3681 4042 οὗ
3741 3989 3804 4043 τὸ

430 4073 691 4134 medium
726 4069 1093 4130 attribuisset
1121 4068 1308 4127 thecae
1340 4067 1531 4145 magni
1565 4067 1770 4138 Patris,
1803 4087 1870 4129 ex
1903 4079 2069 4130 utra-

2165 4077 2472 4132 ιεσαίτατον
2530 4079 2597 4149 τῇ
2625 4075 2766 4149 θήκῃ
2817 4081 2911 4131 τοῦ
2953 4073 3187 4151 μεγάλου
3217 4077 3424 4154 Πατρὸς
3463 4075 3806 4154 ἀπονείμας,ὶ

428 4177 545 4242 que
567 4167 736 4237 parte
761 4159 1027 4219 elaborat
1049 4157 1251 4217 thecas
1284 4155 2073 4238 presbyterorum,hegume-

2165 4165 2279 4242 παρ’
2336 4165 2561 4240 ἑκάτερα
2631 4161 2997 4239 πρεσϐυτέρων
3057 4185 3115 4220 τε
3185 4166 3272 4221 καί
3331 4165 3642 4242 ἡγουμένων
3717 4187 3786 4221 κα

426 4267 637 4309 norum
661 4265 761 4307 seu
785 4251 1143 4307 monasteriis
1177 4249 2074 4322 prmtectorumJeliquorumque

2165 4253 2369 4310 λοιπῶν
2439 4253 2598 4309 ὁσίων
2669 4249 2870 4329 ἀνδρῶν
2933 4251 3217 4330 φιλοπονεῖ
3284 4255 3478 4323 θήκας.
3549 4253 3699 4311 Ἐπεὶ
3747 4251 3803 4308 δὲ

426 4345 769 4398 sanctorum
803 4331 1138 4394 hominum.
1172 4331 1489 4412 Postquam
1515 4351 1652 4396 vero
1665 4335 1786 4413 jam
1814 4336 2074 4415 perfecta

2165 4344 2329 4399 πάντα
2380 4339 2482 4408 ἤδη
2523 4341 2842 4418 ἀπήρτιστο,
2873 4341 2974 4409 την
3031 4340 3331 4416 μέλλουσαν
3374 4341 3674 4400 ἐπικεῖσθαι
3724 4350 3803 4417 τῷ

425 4426 678 4489 fuissent
708 4421 931 4496 omnia,
952 4421 1238 4501 tabulam,
1259 4440 1390 4501 quae
1421 4433 1546 4482 erat
1574 4423 1852 4504 sepulcro
1873 4425 2069 4504 impo-

2165 4432 2305 4509 τάφῳ
2376 4429 2577 4503 πλάκα,
2645 4428 2743 4485 καῖ
2802 4429 2902 4495 τὴν
2970 4430 3200 4510 ἀργυρᾶν
3270 4432 3483 4511 χώνην,
3545 4455 3635 4488 και
3700 4433 3804 4500 τὴν

428 4517 1065 4592 nenda,etargenteam
1090 4521 1391 4591 urnam,et
1409 4501 2070 4594 cancellos,caateraque

2165 4501 2416 4598 κιγκλίδα,
2451 4520 2536 4574 καὶ
2562 4501 2644 4574 τὰ
2686 4517 2824 4618 ἄλλα
2871 4517 2972 4574 ὅσα
3009 4501 3428 4579 τθνναὸνηοῖδε
3458 4501 3717 4596 κοσμεῖν,
3769 4523 3797 4578 ὁ

426 4604 645 4682 quibus
691 4602 884 4664 solent
915 4601 1135 4680 templa
1164 4606 1462 4671 exornari,
1498 4601 1830 4680 patriarcha
1873 4610 2067 4665 statim

2165 4609 2495 4688 πατριάρχης
2569 4608 2673 4663 ἀπὸ
2765 4598 3144 4685 Ἰεροσολύμων
3234 4612 3380 4676 εὐθὺς
3452 4610 3802 4668 ἀποστέλλευ

426 4713 459 4757 e
485 4691 908 4773 Hierosolymis
941 4690 1152 4751 mittit:
1189 4689 1410 4752 deinde
1432 4688 1534 4750 ille
1567 4690 1694 4770 ipse
1726 4692 1901 4752 etiam
1929 4693 2065 4754 des-

2165 4699 2337 4754 ἔπειτα
2390 4697 2477 4754 καὶ
2507 4696 2667 4759 αὐτὸς
2725 4695 2931 4759 ἐκεῖνος
2993 4698 3195 4755 κάτεισι
3257 4702 3390 4778 πρὸς
3420 4701 3520 4767 τὴν
3577 4699 3800 4779 λαύραν

423 4783 625 4848 cendit
655 4781 729 4844 ad
763 4782 1276 4860 lauram;cumque
1307 4787 1574 4840 sanctum
1601 4780 1743 4841 illud
1766 4779 2071 4843 beaticor—

2165 4786 2246 4844 ιαΐ
2300 4789 2359 4843 τὸ
2390 4807 2447 4842 τε
2475 4787 2630 4862 ἅγιον
2680 4785 2857 4842 ἐκεῖνο
2887 4791 3043 4861 σῶμα
3103 4794 3196 4845 τοῦ
3225 4789 3464 4866 μάκαρος
3519 4789 3620 4845 ὑπὸ
3650 4786 3802 4863 λαμ-

425 4893 534 4956 pus
551 4891 686 4935 cum
711 4869 1083 4952 lampadibus
1107 4877 1165 4930 et
1183 4867 1428 4948 psalmis
1441 4867 1792 4931 credidisset
1815 4875 2068 4951 prapriis

2165 4875 2281 4933 πάσι
2338 4877 2423 4931 καὶ
2469 4873 2710 4950 ψαλμοῖς
2767 4875 2953 4953 χερσὶν
3009 4874 3163 4939 ἰδίαις
3207 4879 3518 4950 πιστεύσας,
3550 4879 3681 4954 πρὸς
3740 4880 3801 4935 ὃν

421 4963 719 5037 manibus,
756 4960 1030 5023 transferi
1079 4959 1152 5020 ad
1181 4958 1368 5019 aedem
1403 4975 1578 5038 quam
1638 4957 1766 5038 ipse
1795 4971 2071 5022 recenter

2165 4968 2307 5026 αὐτὸς
2355 4965 2670 5043 ἐνεούργησε
2715 4985 3008 5042 μεταφηρει
3038 4969 3215 5045 οἷκον,
3247 4969 3334 5024 καὶ
3392 4974 3460 5045 τῇ
3502 4971 3614 5045 ἱερᾷ
3654 4967 3799 5044 θᾶκῃ

419 5056 614 5118 fuerat
639 5051 979 5123 fabricatus,
1016 5057 1075 5108 et
1104 5047 1166 5107 in
1197 5064 1368 5108 sacro
1399 5046 1598 5108 loculo
1629 5048 1872 5129 deponit
1905 5059 2027 5111 tute
2053 5071 2068 5124 ;

2165 5056 2402 5134 ισφαλῶς
2459 5054 2815 5111 κατατίθεται·
2865 5056 2936 5118 ὡς
2987 5055 3182 5130 μηκέτι
3229 5058 3615 5134 παρανοιγῆναί
3665 5078 3800 5113 ποτε

417 5155 483 5207 ut
511 5151 814 5222 nunquam
865 5147 1066 5220 posset
1093 5137 1349 5217 amplius
1395 5139 1640 5219 aperiri,
1677 5158 1785 5201 nec
1832 5139 1949 5202 ulla
1979 5144 2066 5204 vel

2165 5144 2419 5217 Ξύνασθαι,
2481 5141 2614 5218 μηδέ
2673 5165 2724 5198 τι
2769 5144 2958 5220 μικρὸν
3030 5144 3238 5202 ὶκεῖθεν
3294 5147 3633 5224 ὅφαιρεθῆναι
3705 5153 3802 5204 τοῦ

418 5253 597 5316 parva
647 5234 786 5293 hinc
809 5228 1032 5291 auferri
1069 5227 1458 5306 reliquiarum
1488 5227 1597 5288 viri
1634 5229 1847 5309 portio.
1883 5233 2068 5292 Porro

2165 5231 2334 5311 ivSpbc
2377 5231 2653 5307 λείψανον.
2712 5230 2944 5295 Ἐπιθεὶς
2994 5232 3092 5306 μὶν
3149 5256 3231 5290 τοι
3289 5235 3388 5301 τὴν
3446 5235 3652 5314 πλάκα,
3694 5236 3798 5302 τὴν

418 5323 694 5404 imposita
718 5317 917 5381 tabula
940 5333 1151 5379 urnam
1181 5316 1442 5394 desuper
1462 5318 1628 5396 quasi
1653 5317 1724 5378 ad
1751 5328 1956 5398 pectus
1972 5321 2066 5382 de-

2165 5323 2336 5402 χώνην
2390 5321 2586 5377 ἄνωθεν
2646 5321 2810 5388 αὐτῆς
2849 5322 2921 5383 ὡς
2965 5323 3096 5400 πρὸς
3150 5330 3226 5397 τῷ
3271 5326 3447 5394 στήθει
3504 5326 3792 5403 πήγνυσιν.

415 5411 654 5495 ﬂgit.Ea
681 5426 820 5471 vero
865 5408 939 5468 ab
962 5405 1066 5467 illo
1098 5414 1368 5485 tempore
1393 5405 1453 5465 in
1486 5405 1844 5470 hodiernum
1878 5429 2066 5494 usque

2170 5421 2213 5471 Η
2272 5412 2326 5468 δὲ
2381 5409 2748 5473 παντοδαπαῖς
2806 5408 2858 5476 ἐξ
2929 5410 3133 5470 ἐκείνου
3188 5413 3275 5469 καὶ
3335 5415 3407 5478 εἰς
3477 5412 3634 5485 τήτδε
3690 5415 3796 5483 τὴν

1750 5567 2012 5635 νΑιιιτΕ
2045 5570 2476 5638 LECTIONES.

518 5695 546 5739 ll
572 5693 650 5757 al.
687 5687 934 5772 πάροδος.
1022 5689 1036 5725 ¹
1067 5688 1145 5755 al.
1182 5690 1331 5751 αὒτό.
1399 5690 1416 5748 l
1446 5687 1523 5752 al.
1561 5693 1921 5762 καταστήσας.
2012 5695 2038 5737 ¹¹
2068 5695 2147 5759 al.
2181 5695 2299 5756 ins.
2333 5694 2414 5757 τό.
2506 5691 2518 5726 ¹
2548 5688 2629 5753 al.
2660 5688 2844 5755 inser.
2874 5694 3043 5758 θεεον,
