4090 6198
358 308 476 374 693

1666 308 1851 372 VITA
1899 309 1958 370 S.
2005 309 2416 372 EUTHYMII.

3611 301 3725 369 694

357 442 563 521 ἡμέραν
617 453 738 504 τοῖς
797 439 1000 506 πιστῶς
1046 448 1322 519 προσιοῦσι
1371 439 1621 520 δωρεῖται
1668 443 1792 505 ταῖς
1841 439 2001 519 χαρι-

2095 439 2244 503 diem
2270 443 2342 505 ad
2367 461 2545 504 omne
2562 447 2888 522 gratiarum
2907 458 3094 518 genus
3114 437 3604 522 consequendum
3627 438 3730 500 do-

358 554 466 594 σιν.
503 531 562 591 ³0
594 531 692 608 μὶν
721 529 859 588 οὕτω
887 527 1146 608 λαμπρῶς
1198 531 1334 587 κατὰ
1378 531 1477 598 τὴν
1537 528 1768 606 ἑϐδόμην
1828 530 2003 584 Μαίου

357 622 457 690 τὴν
499 621 591 678 τοῦ
645 621 899 696 λειψάνου
953 620 1234 695 μετάθεσιν
1285 619 1673 699 ἐργασάμενος,
1710 619 2004 696 Μαρτύριον

357 711 478 788 μεθ’
539 711 727 767 ἑαυτοῦ
769 711 866 765 καί
911 699 1096 764 Ἠλίαν
1155 708 1501 788 παραλαϐὼν,
1569 711 1641 772 εἰς
1701 709 1798 774 τὴν
1849 708 2003 785 ἁγίαν

357 805 444 858 καὶ
490 800 632 864 αὖθις
675 799 917 856 ἑπάνεισι
978 797 1136 854 πόλιν
1168 817 1184 833 ο
1247 800 1335 855 καὶ
1389 796 1765 877 πρεσϐυτέρους
1818 796 2004 859 αὖτοὺς

357 902 692 971 χειροτονεῖ,
740 888 835 945 καί
875 893 950 962 τῷ
1007 892 1105 953 τῆς
1150 887 1303 966 ἁγίας
1336 889 1676 952 ἀναστάσεως
1718 884 2003 963 καταλέγει

357 978 567 1057 κλήρῳ,
607 980 704 1036 Καὶ
733 985 900 1035 ταῦτα
933 975 1032 1052 μὲν
1065 975 1260 1040 οὕτως.

441 1068 594 1126 Ρ1Γ’.
629 1065 770 1146 Ὠρα
828 1065 882 1122 δὲ
940 1064 1129 1122 λοιπὸν
1187 1065 1372 1124 ἐκεῖνα
1429 1065 1737 1141 διεξελθεῖν,
1774 1065 1889 1122 ὅθεν
1933 1067 2006 1129 εἷς

357 1156 626 1216 κοινόόιον
661 1157 749 1213 καὶ
807 1154 952 1218 ὅπως
1006 1157 1039 1223 ἡ
1088 1157 1345 1231 Εῦθυμίυυ
1388 1155 1551 1235 λαύρα
1584 1155 2004 1232 μετεσκευάσθη.

359 1249 560 1326 Μικρὸν
619 1245 673 1302 δὲ
718 1245 918 1302 ἄνωθεν
961 1246 1052 1300 τὸν
1112 1243 1272 1322 λόγον
1335 1245 1634 1322 ἀναγκαῖον
1691 1241 2006 1322 ἀναλαϐεῖν,

355 1337 432 1393 ’ἶν’
491 1337 629 1394 οὕτω
687 1335 871 1415 σαφῶς
928 1333 1162 1414 ἔχουσαν
1220 1335 1572 1410 ποιησώμεθα
1602 1335 1700 1402 τὴν
1730 1332 2004 1411 διήγησιν.

356 1427 554 1490 Ἐτους
584 1424 688 1492 ἤδη
720 1425 936 1504 πρώτου
965 1423 1102 1492 μετᾶ
1145 1422 1243 1490 τὴν
1305 1423 1561 1498 Εὖθυμίου
1622 1430 1712 1480 τοῦ
1771 1422 2010 1500 μεγάλου

360 1515 616 1582 τελευτὴν
673 1512 1068 1592 διαγεγονότος,
1123 1511 1268 1568 Λέων
1318 1514 1344 1568 ὁ
1405 1512 1573 1590 μέγας
1619 1515 1705 1568 καὶ
1748 1511 2007 1592 φιλόχρι-

357 1627 484 1670 στος
514 1604 793 1682 βασιλεὺς,
828 1600 1081 1659 καταλύει
1129 1603 1221 1658 τδν
1269 1603 1404 1681 βίον,
1441 1601 1644 1659 Λέοντα
1688 1603 1778 1658 τὸν
1809 1604 2008 1658 οἰκεῖον

355 1694 579 1775 ἔκγονον
611 1693 687 1750 ἔτι
731 1691 929 1768 κομιδῇ
972 1693 1167 1762 νήπιον
1211 1690 1361 1766 ὄντα,
1415 1689 1666 1770 διάδοχον
1717 1692 1811 1760 τῆς
1845 1694 2006 1769 βασι-

2089 539 2261 593 natur
2285 533 2357 593 iis
2377 534 2480 614 qui
2506 537 2640 592 cum
2691 531 2809 592 fide
2853 530 3165 591 accedunt.
3201 533 3395 608 Atque
3427 534 3474 589 is
3509 527 3612 590 ubi
3641 530 3727 590 sic

2087 621 3058 700 splendidefecisselreliquiarum
3078 619 3530 680 translationem
3550 618 3730 698 septi-

2089 715 2678 787 moMali,tlartyrium
2703 713 2955 771 etEliam
2981 726 3174 768 secum
3197 725 3730 774 assumens,rursus

2087 798 2146 858 in
2171 810 2433 860 sanctam
2461 800 2756 862 civitatem
2781 799 3100 859 revertitur
3126 815 3142 872 ;
3168 805 3347 876 atque
3368 815 3471 857 eos
3495 795 3736 857 ordinat

2091 887 2495 968 presbyteros,
2531 890 2792 950 etrefert
2845 887 2905 948 in
2949 886 3293 964 Catalogum
3317 885 3466 946 cleri
3499 884 3731 947 Sancta;

2088 977 2599 1040 Resurrectionis.
2631 978 2700 1042 Et
2729 979 2854 1039 haac
2885 976 3128 1058 quidem
3163 974 3233 1036 ad
3266 976 3430 1036 hunc
3460 974 3727 1038 modum.

2171 1066 2374 1130 CXIII.
2407 1067 2612 1129 Restat
2643 1087 2801 1128 nunc
2837 1075 2898 1127 ut
2929 1066 3027 1126 illa
3075 1083 3532 1144 prosequamur,
3569 1064 3730 1126 unde

2092 1164 2150 1218 et
2180 1174 2301 1232 quo
2359 1157 2533 1217 modo
2591 1156 2887 1237 Euthymii
2938 1157 3102 1216 laura
3137 1161 3525 1214 transmutata
3557 1153 3635 1214 sit
3666 1155 3728 1215 in

2091 1245 2459 1309 ccenobium.
2493 1246 2607 1308 Sed
2645 1265 2892 1308 necesse
2924 1254 3012 1306 est
3041 1243 3372 1306 orationem
3430 1243 3603 1323 paulo
3636 1244 3725 1305 al-

2095 1335 2206 1394 tius
2231 1346 2530 1415 repetere,
2568 1345 2630 1396 ut
2688 1337 2775 1398 sic
2827 1335 3153 1396 dilucidam
3200 1333 3486 1394 faciamus
3520 1351 3730 1395 narra-

2093 1424 2340 1487 tionem.
2371 1427 2546 1487 Anno
2573 1427 2692 1504 jam
2720 1425 2911 1506 primo
2940 1435 3071 1506 post
3104 1431 3355 1484 mortem
3391 1423 3586 1502 magni
3619 1428 3731 1486 Eu-

2095 1513 2297 1594 thymii
2330 1514 2560 1595 elapso,
2596 1518 2714 1578 Leo
2746 1516 2990 1594 Magnus
3030 1523 3087 1575 et
3115 1513 3338 1575 Christi
3371 1532 3576 1575 amans
3610 1513 3729 1574 im-

2094 1616 2335 1683 perator
2367 1605 2604 1667 excedit
2659 1624 2691 1666 e
2751 1607 2868 1666 vita
2928 1606 3071 1683 (6l),
3107 1621 3459 1665 successore
3495 1603 3730 1684 imperii

2091 1693 2303 1754 relicto
2337 1697 2536 1757 Leone
2570 1702 2786 1775 nepote
2815 1714 2924 1755 suo
2957 1711 3202 1773 prorsus
3232 1693 3456 1754 infante
3487 1693 3630 1773 (62).
3660 1694 3729 1755 Ei

357 1784 506 1847 λείας
580 1781 916 1842 καταλιπών.
991 1779 1176 1862 Τόνδε,
1236 1781 1412 1862 βραχύ
1466 1803 1516 1836 τι
1579 1777 1886 1838 έπιϐιοῦντα
1941 1787 2006 1858 τῇ

2095 1792 2315 1856 autem,
2355 1793 2663 1865 postquam
2727 1803 2932 1864 parum
2985 1783 3132 1844 vixit
3191 1783 3251 1843 in
3285 1783 3535 1862 imperio
3573 1786 3725 1864 (63),

358 1871 628 1949 βασιλεία,
667 1871 847 1939 Ζήνων
894 1873 920 1926 ὁ
951 1872 1130 1948 πατὴρ
1189 1867 1520 1949 διαδέχεται,
1570 1868 1723 1925 Ἀλλ’
1767 1872 1794 1926 ὁ
1827 1870 1924 1944 μὲν
1956 1870 2007 1934 ἐξ

359 1959 650 2028 ἐπιϐουλῆς
696 1958 1015 2018 Βασιλίσκου
1059 1960 1200 2024 τινὸς
1268 1971 1388 2020 τοῖς
1451 1957 1742 2035 βασιλείοις
1799 1960 2004 2027 ἐπιπη-

359 2049 646 2124 δήσαντος,
704 2049 885 2131 φεύγει
933 2049 1062 2126 πρὸς
1094 2047 1380 2126 Ἰσαυρίαν.
1434 2046 1750 2113 Βασιλίσκος
1795 2047 1850 2104 δὲ
1907 2051 2004 2116 τὴν

358 2140 538 2220 ἀρχὴν
596 2141 911 2220 κατασχὼν,
959 2136 1272 2216 Ἐγκύιιλιον
1317 2137 1454 2194 κατὰ
1483 2141 1580 2206 τῆς
1615 2137 1668 2192 ἒν
1703 2137 2003 2206 Χαλκηδόνι

359 2230 502 2293 θείας
533 2227 750 2286 συνόδου
780 2241 1019 2284 ποιεῖται
1053 2246 1065 2260 ⁸
1100 2229 1145 2302 ᾧ
1176 2225 1241 2294 δὴ
1269 2229 1357 2283 καὶ
1406 2228 1466 2282 τὸ
1522 2227 1852 2306 περιλειφθὲν
1909 2228 2006 2284 ἀνὰ

358 2321 462 2388 τὴν
519 2319 673 2397 ἆγίαν
731 2316 888 2374 πόλιν
944 2323 1052 2374 τῶν
1097 2315 1482 2396 Ἀποσγιστῶν
1541 2316 1699 2394 μέρος
1732 2315 2008 2395 ἐπερειδό-

360 2430 535 2485 μενοι,
571 2407 968 2486 καΐΓερόντιόν
1023 2428 1140 2463 τινα
1185 2408 1259 2469 εἰς
1319 2404 1744 2485 ἂρχιμανδρίτην
1805 2407 2007 2462 ἑαυτῶν

358 2499 822 2576 προστησάμενοι,
885 2494 1063 2553 πολλὰ
1117 2496 1256 2552 κατὰ
1300 2501 1400 2562 τῆς
1451 2493 1776 2562 Ἐκκλησίας
1807 2517 2004 2552 νεωτε-

359 2589 582 2668 ρίζουσι,
627 2589 714 2644 καὶ
745 2584 892 2643 οῦδὲν
927 2585 1069 2652 ἥττω
1123 2585 1228 2642 τῶν
1275 2585 1374 2641 ὑπὸ
1425 2582 1704 2641 Θεοδοσίου
1753 2586 2008 2664 πρότερον

357 2676 759 2753 τολμηθέντων.
798 2675 1034 2751 Πέμπτῳ
1077 2671 1132 2731 δὲ
1188 2674 1325 2749 μετὰ
1364 2680 1519 2745 τρῦτα
1573 2674 1819 2749 ἐνιαυτῷ,
1871 2677 2007 2745 θνή-

362 2789 481 2825 σκει
544 2765 642 2840 μὲν
696 2765 1047 2827 Ἀναστάσιος
1113 2765 1141 2819 ὁ
1193 2763 1533 2842 πατριάρχης
1582 2770 1644 2837 ’³,
1705 2764 2008 2844 ἀρχομένου

357 2855 464 2925 ἤδη
522 2857 696 2930 μηνὸς
739 2854 1093 2930 Ἰαννουαρίου
1127 2871 1138 2885 ⁸
1175 2853 1360 2921 Ζήνων
1405 2850 1458 2907 δὲ
1517 2857 1616 2919 τῆς
1660 2858 1832 2931 φυγῆς
1873 2853 2006 2909 ἀνα-

357 2945 617 3022 στρέψας,
651 2949 927 3022 χειροῦται
961 2941 1060 3017 μὲν
1113 2943 1204 2997 τὸν
1261 2940 1602 3017 βασιλίσκον,
1637 2940 1870 3020 ἐγγρατῆ
1928 2941 2005 2998 ’ἐτι

358 3033 457 3100 τῆς
528 3032 800 3108 βασιλείας
852 3032 1190 3111 ὑπάρχοντα,
1241 3029 1534 3087 ἀνάκτᾶται
1589 3028 1645 3086 δὲ
1703 3030 1865 3087 πάλιν
1907 3032 2006 3098 τὴν

2092 1871 2361 1932 succedit
2393 1883 2561 1952 pater
2589 1873 2769 1934 Zeno.
2808 1873 2924 1935 Sed
2959 1871 3060 1932 ille
3091 1871 3360 1950 quidem,
3391 1891 3524 1934 cum
3557 1874 3728 1936 Basi-

2090 1961 2276 2022 liscus
2336 1963 2577 2041 quidam
2638 1982 2704 2024 ex
2767 1962 3006 2023 insidiis
3037 1961 3350 2024 invasisset
3385 1963 3727 2041 imperium,

2090 2051 2234 2130 fugit
2265 2052 2326 2112 in
2370 2053 2654 2114 Isauriam
2687 2053 2835 2130 (64).
2873 2053 2944 2114 At
2976 2051 3304 2114 Basiliscus
3335 2051 3591 2132 imperio
3621 2072 3730 2132 po-

2088 2141 2626 2220 tilus,encyclicum
2661 2142 2800 2201 facit
2829 2140 3112 2202 adversus
3142 2139 3403 2201 divinam
3446 2141 3734 2219 synodum

2088 2229 2640 2293 Chalcedonensem
2667 2251 2680 2303 ;
2709 2250 2824 2311 quo
2847 2231 3090 2310 quidem
3119 2229 3316 2291 nitens
3341 2248 3474 2310 quae
3499 2230 3734 2307 reliqua

2088 2328 2213 2380 erat
2248 2320 2304 2380 in
2339 2333 2544 2380 sancta
2601 2320 2841 2382 civitate
2868 2320 3366 2400 Aposchistarum
3402 2337 3557 2398 pars,
3594 2339 3728 2381 cum

2088 2411 2439 2472 Gerontium
2493 2411 2811 2490 quemdam
2858 2409 2972 2470 sibi
3029 2409 3437 2488 praefecissem
3469 2408 3593 2488 (65)
3628 2429 3731 2470 ar-

2090 2497 2578 2572 cliimandritam,
2615 2499 2802 2561 multa
2847 2499 2906 2560 in
2960 2497 3284 2560 Ecclesiam
3321 2497 3582 2570 innovat,
3618 2517 3732 2560 nec

2093 2590 2324 2649 minora
2355 2589 2428 2650 iis
2485 2608 2616 2669 qua
2673 2599 2850 2651 antea
2901 2606 3078 2649 ausus
3110 2587 3304 2647 fuerat
3334 2585 3726 2648 Theodosius.

2091 2677 2379 2740 Caeterum
2413 2680 2623 2756 quinto
2658 2688 2788 2758 post
2810 2679 2934 2740 hzec
2957 2695 3112 2738 anno
3138 2676 3296 2756 (66),
3335 2676 3587 2738 moritur
3607 2677 3736 2758 qui-

2091 2767 2226 2828 dem
2261 2768 2609 2829 Anastasius
2643 2767 3005 2848 patriarcha,
3031 2767 3155 2844 jam
3193 2765 3522 2846 incipiente
3557 2786 3728 2829 men-

2091 2877 2156 2920 se
2187 2859 2476 2920 Januario
2505 2883 2516 2930 ;
2555 2860 2710 2920 Zeno
2743 2867 2942 2918 autem
2969 2875 3244 2919 reversus
3267 2875 3298 2917 a
3353 2857 3510 2936 fuga,
3547 2858 3730 2921 vincit

2090 2947 2475 3022 Basiliscum,
2507 2954 2607 3030 qui
2665 2949 2860 3010 adhuc
2914 2947 3234 3028 imperium
3289 2947 3557 3022 tenebat,
3591 2942 3731 3009 rure.

2088 3057 2312 3118 susque
2329 3046 2644 3117 recuperat
2661 3039 3059 3118 principatum
3087 3054 3262 3118 quem
3287 3036 3571 3098 amiserat
3586 3038 3728 3116 (67).

358 3123 542 3203 ἀρχὴν
572 3122 635 3190 ἣν
668 3121 917 3184 ἀπέθετο.
978 3122 1072 3178 Καὶ
1131 3118 1441 3200 διαδέχεται
1494 3121 1582 3176 τὸν
1625 3122 1806 3196 θρόνον
1854 3128 2004 3200 Μαρ-

2095 3127 2159 3189 Ει
2191 3127 2319 3188 sedi
2353 3127 2926 3208 Hierosolymitanm
2958 3125 3225 3188 succedit
3266 3125 3595 3207 Martyrius,
3630 3126 3734 3189 ille

357 3214 562 3291 τύριος,
595 3213 623 3268 ὃ
654 3210 764 3268 ἄνω
814 3235 906 3286 μοι
957 3218 1052 3267 τοῦ
1084 3209 1248 3286 λόγου
1278 3207 1538 3272 πολλάκις
1572 3213 1954 3284 μνημονευθείς
1989 3228 2001 3242 ’

355 3302 418 3366 ’ὃς
453 3306 594 3376 αῦτῷ
625 3324 680 3360 τε
710 3309 785 3374 τῷ
816 3299 1037 3378 βασιλεῖ
1068 3303 1300 3373 Ζήνωνι,
1331 3301 1418 3355 καὶ
1449 3297 1686 3374 Ἀκακίῳ
1716 3307 1792 3374 τῷ
1829 3310 2006 3358 Κωνσο

357 3391 916 3470 ταντινουπόλεως,τὰ
935 3390 1052 3467 περὶ
1085 3395 1190 3444 τῶν
1219 3388 1602 3466 Ἀποσχιστῶν
1634 3388 1720 3444 καὶ
1747 3393 1844 3455 τῆς
1865 3388 2008 3445 ὲκεί-

358 3503 465 3537 νων
496 3479 841 3560 βλασφημίας
867 3480 954 3535 καὶ
981 3483 1215 3557 φευκτῆς
1247 3475 1500 3555 αἱρέσεως
1534 3475 1839 3533 ἐπιστέλλει
1867 3497 1880 3511 ⁸
1913 3478 2008 3534 καὶ

357 3569 530 3642 Φείδῳ
560 3570 625 3625 τὰ
655 3569 948 3648 γράμματα
982 3569 1290 3647 ἐγχειρίσας
1336 3571 1412 3638 τῷ
1440 3563 1693 3645 διακόνῳ,
1729 3568 1824 3624 οὐκ
1853 3566 2008 3641 ὀλίγα

357 3662 533 3716 εἰπεῖν
562 3665 639 3733 τῷ
669 3657 813 3732 ἀνδρὶ
843 3659 931 3714 καί
961 3655 1045 3712 διὰ
1079 3657 1327 3734 γλώττης
1358 3653 1684 3716 ἐντέλλεται,

449 3747 598 3820 PlA',
635 3741 694 3805 Ὀ
739 3745 793 3803 δὲ
823 3747 923 3814 τὴν
972 3746 1200 3811 ἰἇππην
1232 3759 1259 3787 η
1303 3741 1647 3818 καταλαϐὼν,
1697 3744 1792 3800 καί
1827 3744 2011 3803 πλοίου

357 3841 504 3903 τινὸς
564 3837 908 3916 καταίροντος
953 3837 1024 3899 εἷς
1088 3835 1342 3911 Κορύκιον
1391 3839 1414 3866 °
1461 3829 1676 3912 ἐπιϐὰς,
1726 3832 1838 3890 ἐπεὶ
1889 3834 2012 3891 κατ’

356 3929 486 3984 αὐτὸ
529 3925 632 3994 ἤδη
684 3926 745 3982 τό
791 3925 1114 4002 Παρθενικὸν
1173 3923 1386 4001 ἐγένετο
1443 3921 1705 4000 πέλαγος,
1769 3927 2006 4002 χειμῶνι

355 4016 584 4095 μεγάλῳ
626 4017 713 4072 καὶ
763 4013 986 4070 κλύδωνι
1047 4014 1350 4092 συντυχὼν,
1413 4011 1583 4086 μέσης
1653 4015 1835 4074 νυκτὸς
1905 4015 2009 4093 ὑφ-

357 4109 567 4163 ίσταται
602 4107 663 4161 τὸ
697 4105 973 4181 ναυάγιον.
1035 4101 1440 4176 Καταδυόμενος
1490 4099 1543 4157 δὲ
1591 4100 1716 4178 ἤδη,
1768 4104 1854 4158 καὶ
1901 4101 2010 4161 οὐδ’

353 4199 604 4253 ὁπωσοῦν
631 4195 816 4254 ἑαυτὸν
847 4195 1128 4272 ὑπερέχων
1159 4202 1186 4245 ιι
1216 4199 1307 4249 τοῦ
1353 4189 1645 4265 κλύδωνος,
1680 4190 1799 4248 ἀλλ’
1845 4192 2011 4260 οῧτως

354 4287 461 4342 ὐπὸ
514 4284 662 4360 μέτῳ
714 4283 939 4361 πελάγει
994 4283 1078 4338 καὶ
1109 4282 1337 4360 ἀσαφείᾳ
1382 4283 1567 4346 νυκτὸς
1611 4281 2007 4356 ἀπολλύμενος,

2089 3237 2123 3279 a
2156 3237 2248 3278 me
2281 3218 2559 3298 superius
2619 3236 2778 3297 saepe
2839 3223 3243 3287 memoratus;
3279 3215 3381 3295 qui
3424 3215 3496 3276 ad
3533 3215 3729 3296 ipsum

2092 3308 2514 3387 imperatorem
2552 3307 2850 3368 Zenonem
2907 3315 2964 3367 et
2989 3305 3268 3368 Acacium
3303 3305 3734 3366 Constantino-

2095 3397 2424 3477 politanum
2460 3398 2802 3478 episcopum
2844 3395 3054 3458 scribit
3085 3395 3159 3456 de
3189 3397 3587 3474 Aposchistis,
3623 3415 3733 3457 eo-

2093 3505 2348 3566 rumque
2374 3485 2746 3567 blasphemia
2768 3498 2824 3548 et
2847 3485 3084 3546 vitanda
3108 3485 3358 3566 hmresi;
3394 3496 3572 3567 atque
3591 3485 3734 3548 Fido

2093 3576 2347 3638 diacono
2378 3576 2593 3638 litteris
2624 3575 2878 3649 traditis,
2908 3594 3024 3635 non
3052 3594 3237 3656 pauca
3269 3575 3396 3637 viro
3430 3595 3533 3638 ore
3555 3577 3734 3638 etiam

2092 3666 2346 3727 dicenda
2379 3665 2645 3726 mandat.

2175 3755 2486 3819 CXIV.llle
2511 3763 2709 3816 autem
2738 3774 2872 3815 cum
2897 3758 3131 3835 Joppen
3164 3757 3533 3835 pervenisset
3558 3767 3615 3818 et
3639 3776 3738 3820 na-

2094 3845 2310 3925 vigium
2337 3844 2710 3906 ascendisset
2735 3843 2894 3924 quod
2941 3843 3434 3923 proﬁciscebatur
3457 3845 3517 3904 in
3549 3843 3736 3926 Cory-

2095 3935 2380 4012 cium(68)
2396 3933 2522 4009 ,ubi
2543 3936 2661 4010 jam
2686 3933 2797 3994 fuit
2819 3933 2876 3994 in
2894 3933 3020 4011 ipso
3046 3935 3192 3994 mari
3212 3935 3564 3996 l’artlienico
3585 3936 3734 4016 (69),

2097 4030 2154 4084 in
2179 4042 2445 4098 magnam
2476 4028 2741 4082 incidens
2767 4025 3077 4096 procellam
3099 4036 3150 4082 et
3173 4027 3741 4098 tempestatem,pati-

2095 4121 2185 4170 tur
2204 4113 2385 4168 media
2404 4122 2569 4170 nocte
2594 4113 3238 4182 nautragium.t2umque
3253 4112 3369 4184 jam
3386 4114 3740 4187 demergere-

2095 4207 2321 4266 tur,nec
2339 4215 2403 4259 se
2418 4216 2596 4278 supra
2621 4198 2837 4258 fluctus
2859 4196 3738 4282 quomodocunqueattolleret,

2095 4292 2198 4352 sed
2225 4291 2390 4352 sicin
2422 4291 2620 4353 medio
2647 4290 3151 4370 mari,noc1isque
3184 4289 3559 4354 obscuritate
3588 4287 3742 4374 peri-

356 4374 496 4446 ξύλῳ
565 4376 668 4430 τινὶ
725 4373 786 4430 ὲκ
836 4371 1171 4449 παραλόγου,
1236 4369 1441 4445 μᾶλλον
1503 4367 1557 4424 3‘s
1605 4378 1738 4427 Θεοῦ
1794 4369 2000 4446 δόντος,

2095 4389 2204 4462 ret,
2239 4381 2300 4441 in
2332 4381 2631 4461 quoddam
2665 4380 2917 4454 lignum,
2953 4398 3024 4440 ex
3050 4367 3414 4462 iinopinato,
3448 4367 3736 4445 imo'vero

358 4463 788 4544 περιτυγχάνει*
837 4461 933 4518 καί
982 4459 1385 4536 ἂπονηξάμενος
1419 4458 1504 4514 ἐπὶ
1554 4459 1762 4536 τούτου,
1823 4463 1912 4518 καί
1962 4485 2010 4519 τι

2095 4461 2218 4523 Deo
2237 4462 2436 4536 dante,
2472 4462 2742 4536 incurrit;
2777 4479 2908 4522 cum
2943 4479 3058 4540 quo
3091 4467 3363 4536 enatans,
3403 4462 3741 4542 paululum-

1676 4577 1934 4642 VARME
1977 4578 2414 4644 LECTIONES.

447 4686 488 4717 ω
517 4670 596 4746 al,
628 4669 768 4734 add.
802 4661 1208 4748 Ἰεροσολύμων.
1294 4679 1320 4710 η
1347 4665 1424 4728 al.
1462 4665 1670 4734 Ἰόπην.
1757 4681 1782 4709 ο
1811 4667 1888 4729 al.
1928 4671 2218 4748 Κωρύκιον,

2307 4682 2332 4722 Ρ
2361 4670 2439 4732 al.
2473 4670 2839 4750 ὑπερανέχων.

1583 4771 1800 4838 JOAN.
1853 4773 2224 4838 BOLLANDI
2267 4774 2516 4840 NOTIE.

443 4881 558 4952 (6t)
583 4881 689 4939 An.
721 4879 821 4937 Ch.
854 4881 978 4945 tu,
1012 4892 1217 4952 mense
1246 4877 1540 4952 Januario.

444 4947 555 5020 (62)
585 4952 671 5010 Ex
701 4951 818 5009 ﬂlia
858 4950 1130 5018 Ariadna,
1170 4959 1346 5020 nupta
1381 4947 1618 5007 Zenoni.

447 5024 561 5094 (63)
598 5024 885 5080 “ensibus
918 5023 1006 5094 lo.

445 5091 560 5164 (64)
592 5099 700 5152 An.
743 5095 840 5150 Cb.
879 5093 998 5149 A76.
1037 5091 1255 5164 Basilio
1297 5101 1348 5145 et
1383 5091 1816 5164 Armato‘cossq
1849 5103 1908 5147 ut
1943 5106 2011 5149 ex

371 5161 652 5234 διιιψιιειὶ
684 5181 840 5235 papae
860 5162 1100 5236 epistola
1128 5161 1452 5233 colligitur,
1483 5163 1572 5236 his
1613 5161 1737 5219 data
1772 5177 1891 5220 cos.
1928 5175 2008 5227 tv,

375 5237 461 5313 id.
495 5233 1204 5313 Januar..'qua'Zenonem
1255 5242 1316 5313 ut
1346 5245 1451 5302 pro
1481 5233 1824 5313 imperatore
1855 5249 2009 5313 quaa-

375 5311 508 5367 dam
538 5319 754 5379 ageret,
781 5304 1042 5379 hortatur
1073 5325 1084 5359 :
1119 5318 1226 5362 nec
1257 5304 1348 5360 diu
1374 5313 1500 5375 post
1535 5304 1704 5361 isthic
1735 5306 2005 5371 substitit,

377 5390 438 5438 ut
466 5395 535 5436 ex
576 5377 762 5436 reditu
796 5377 1028 5448 patebit.

450 5451 562 5508 (65)
618 5450 1028 5508 l‘seudoenisco

379 5515 802 5580 bene'advertit
835 5515 1116 5579 Beroni'us
1157 5531 1250 5573 an.
1288 5515 1410 5578 676.
1441 5530 1599 5573 num.
1643 5517 1732 5572 41.

451 5595 563 5662 (66)
598 5593 722 5652 Post
763 5602 1002 5650 mortem
1034 5591 1089 5648 S.
1127 5586 1691 5662 Euth_ymil_an.__Ch.
1728 5587 2018 5662 477,__cum

387 5658 707 5736 piazluisset
734 5665 802 5736 l8
833 5679 1038 5727 annos.
1074 5668 1134 5719 ut
1173 5658 1383 5718 dicitur
1423 5659 1480 5717 in
1531 5659 1820 5719 Chronico
1851 5658 2017 5722 Nice-

385 5735 576 5812 phori,
608 5745 662 5796 et
695 5735 914 5812 aliquot
955 5747 1202 5794 menses.

2167 4878 2279 4948 (67)
2309 4879 2444 4936 Post
2465 4879 2532 4951 20
2555 4893 2980 4950 menses,quam
3010 4879 3228 4951 eiectus
3259 4889 3474 4949 erat,ut
3500 4883 3746 4942 tradunt

2095 4949 2344 5019 Cyrillus
2403 4953 2460 5006 in
2498 4949 2611 5007 Vita
2644 4951 2702 5007 S.
2743 4949 2923 5017 Sabae,
2956 4959 3012 5007 et
3044 4949 3258 5009 'Victor
3319 4953 3739 5010 Tuununensis

2095 5021 2429 5096 Simplicius
2458 5021 2699 5096 papade
2727 5020 2968 5096 imperio
2999 5033 3340 5094 recuperato
3358 5025 3742 5096 congratula-

2099 5103 2189 5164 tur
2218 5091 2432 5150 Zenoni
2465 5093 2559 5150 VII
2610 5093 2741 5150 Idus
2774 5091 2973 5150 Octob.
3011 5091 3532 5164 post'consulatum
3567 5095 3736 5152 Basi-

2098 5162 2221 5218 lisci
2257 5172 2309 5220 et
2343 5166 2548 5222 Armati
2583 5180 2674 5221 an.
2710 5164 2810 5222 Ch.
2851 5166 2975 5221 477.

2167 5235 2278 5302 (68)
2313 5235 2554 5308 Corycus
2585 5236 2910 5301 Ptolomaeo,
2966 5235 3172 5302 Plinio,
3203 5236 3495 5298 Straboni.
3531 5237 3598 5305 ρ.
3634 5235 3738 5294 Ca-

2096 5303 2276 5370 labro,
2305 5303 2515 5364 Ciliciae
2536 5308 2832 5378 oppidum;
2861 5308 3170 5378 Corycium
3197 5303 3742 5378 promontorium,et

2101 5378 2157 5432 in
2192 5394 2258 5434 eo
2288 5389 2514 5435 antrum
2571 5377 2889 5451 Corycium,
2944 5377 3001 5434 in
3056 5395 3172 5451 quo
3204 5377 3476 5450 optimus
3527 5393 3735 5438 crocus

618 5446 1173 5521 l‘seudoepiscopum
1233 5451 1432 5521 contra
1487 5446 1886 5521 Anastasium.
1958 5455 2020 5505 ut
2100 5451 2376 5521 nascitur.

2175 5520 2282 5586 (69)
2332 5521 2452 5577 lmo
2489 5513 2930 5590 'Parthenicum,
3002 5537 3100 5578 seu
3155 5521 3523 5582 Parthenium
3582 5537 3742 5582 mare

2106 5590 2388 5664 Macrobio
2420 5591 2448 5644 7
2505 5592 2762 5664 Saturn,
2815 5604 2894 5650 est
2945 5607 3080 5664 pars
3115 5595 3288 5652 maris
3321 5593 3738 5662 Mediterranei,

2105 5663 2256 5734 quod
2289 5664 2481 5721 Asiam
2514 5663 2869 5738 Africamque
2903 5663 3181 5724 interluit.
