4072 6206
295 369 407 436 697

1606 370 1793 435 VITA
1839 369 1898 432 S.
1947 367 2363 433 EUTHYMII.

3555 374 3671 439 698

300 507 567 580 σώζοντός
629 527 686 565 τε
729 505 818 563 καὶ
859 513 954 563 τοῦ
983 502 1288 580 σωζομένου
1329 506 1398 581 τῇ
1427 503 1675 584 διηγήσει
1707 506 1940 581 μάλιστα

2029 518 2088 573 et
2139 520 2452 592 propterea
2482 520 2606 574 tum
2662 517 2952 574 servantis
3001 523 3128 574 tum
3160 512 3378 574 servati
3424 513 3679 574 maxime

295 596 562 674 ἡδομένη,
592 599 681 652 καί
725 619 826 655 που
855 598 943 652 καὶ
995 593 1190 672 δάκρυα
1219 601 1326 652 τῶν
1371 594 1657 675 ὀφθαλμῶν
1702 595 1946 654 ἀποστά-

295 695 481 762 ζουσα,
515 685 780 752 ξκπλῆσαι
808 686 1019 742 ἅπαντα
1046 707 1124 758 τῳ
1177 686 1275 757 υἱῷ
1305 682 1698 748 συνέϐούλευεν,
1735 685 1949 744 ’Ἔπει-

295 799 362 833 τα
412 776 510 853 μέν
540 798 622 833 τοι
679 778 766 832 καὶ
797 777 925 854 πρὸς
984 775 1076 830 τὸν
1119 777 1466 853 πατριάρχην
1521 773 1729 851 διαϐὰς,
1764 776 1947 855 ἀπήγ-

295 873 441 944 γειλε
475 865 564 922 καὶ
609 865 750 939 αύτῷ
789 865 961 920 πάντα
990 866 1018 919 ὁ
1064 861 1284 928 Φεῖδος.
1321 865 1579 944 Κάκεῖνος
1613 863 1747 942 ἄγαν
1777 887 1950 922 κατα-

296 942 522 1033 πλαγεὶς
553 955 628 1028 τῷ
657 952 952 1031 παραλόγῳ
984 960 1074 1010 τοῦ
1105 950 1466 1030 διηγήματος,
1502 942 1567 1009 Ἠ
1594 955 1698 1030 μὴν
1731 977 1950 1032 προφη-

292 1067 390 1112 της
456 1050 548 1100 τοῦ
593 1051 746 1115 Θεοῦ,
780 1044 960 1115 εἶπεν,
1010 1045 1037 1099 ὁ
1100 1041 1265 1120 μέγας
1312 1043 1594 1124 Εὖθύμιος,
1628 1045 1715 1100 καὶ
1774 1043 1951 1112 πολλὴ

290 1140 380 1190 καὶ
449 1132 648 1211 ἅφατος
709 1134 849 1206 αὒτῷ
907 1132 1038 1210 πρὸς
1091 1130 1300 1190 ἐκεῖνον
1344 1135 1378 1200 ἡ
1423 1132 1710 1211 παρρησία·
1746 1134 1808 1190 τα
1853 1134 1950 1211 γὰρ

287 1223 542 1302 περὶτῆς
587 1220 810 1299 λαύρας,
846 1221 933 1277 καὶ
988 1222 1089 1277 ὑπὸ
1144 1227 1305 1278 πᾶσιν
1336 1222 1474 1296 ἡμῖν
1531 1225 1758 1300 μάρτυσι
1805 1244 1945 1298 προ-

290 1314 552 1391 ηγόρευσε
625 1309 838 1386 μέλλων
907 1310 959 1366 ἐν
1046 1317 1258 1390 Χριστῷ
1328 1310 1700 1374 τελειοῦσθαι.
1776 1314 1948 1370 Ταῦτα

290 1403 481 1476 εἰπὼν,
529 1399 802 1474 ἐπιτρέπει
835 1407 912 1474 τῷ
940 1398 1112 1473 Φείδῳ
1174 1403 1262 1456 καὶ
1291 1399 1448 1467 αὖτὸς
1485 1403 1585 1469 τὴν
1629 1411 1722 1461 τοῦ
1765 1421 1946 1458 κοινο-

292 1489 404 1548 ϐίου
479 1488 790 1565 οἰκοδομήν
861 1491 948 1545 καὶ
1020 1490 1120 1556 τὴν
1197 1488 1373 1546 ἐκεῖσε
1446 1489 1663 1548 κάθοδον
1739 1489 1946 1548 δίδωσιν

291 1585 458 1656 αὐτῷ*
522 1578 981 1659 ἐπαγγειλάμενος
1044 1577 1154 1653 ἅμα
1207 1580 1294 1635 καὶ
1353 1578 1560 1656 ἔαυτὸν,
1601 1580 1760 1638 παντῖ
1821 1581 1942 1640 σθέ-

291 1691 370 1726 νει
403 1677 496 1726 τοῦ
527 1668 682 1749 ἔργου
711 1669 1171 1747 συνεφαψάμενον.

374 1757 526 1818 ΡΙΖ’.
578 1767 749 1837 Χεῖρα
793 1758 967 1814 τοίνυν
1010 1755 1220 1824 πολλὴν
1249 1760 1276 1814 ὸ
1332 1757 1524 1823 Φεῖδος
1568 1761 1846 1838 ὑπηρετῶν
1889 1784 1945 1818 τε

2031 597 2324 662 delectam
2342 601 2555 674 relatu,
2582 610 2762 680 atque
2785 601 2960 662 etiam
2985 601 3273 682 lacrymas
3309 601 3679 682 profundens

2033 706 2102 750 ex
2144 689 2358 765 oculis,
2393 690 2693 752 consuluit
2731 691 2851 752 filio
2898 699 3109 753 cuncta
3138 691 3436 771 impleret.
3492 693 3680 752 Porro

2035 779 2334 841 transiens
2363 787 2567 860 postea
2584 780 2656 840 ad
2689 780 3110 859 patriarcham,
3139 779 3192 840 ei
3217 796 3452 860 quoque
3482 781 3681 841 omnia

2033 868 2392 930 renuntiavit
2449 870 2652 932 Fidus.
2686 869 2756 930 Et
2795 869 2897 932 ille
2929 870 3313 931 vehementer
3355 869 3680 929 admiratus

2035 959 2441 1020 narrationem
2467 959 2748 1038 opinione
2781 961 3092 1038 majorem:
3126 956 3425 1037 Proiecto,
3459 957 3677 1037 inquit,

2036 1047 2145 1108 Dei
2169 1049 2458 1128 propheta
2481 1057 2567 1110 est
2591 1067 2838 1124 magnus
2859 1047 3234 1127 Euthymius,
3259 1065 3586 1127 magnaque
3622 1059 3681 1108 et

2035 1136 2357 1198 ineffabilis
2387 1146 2476 1199 est
2502 1138 2556 1199 ei
2595 1137 2753 1217 apud
2787 1138 2950 1198 illum
3009 1137 3387 1216 fiducia2quae
3417 1138 3574 1197 enim
3604 1137 3678 1197 ad

2033 1223 2258 1286 lauram
2279 1234 2574 1306 spectant,
2599 1245 2667 1287 ea
2691 1245 2889 1288 coram
2921 1223 3094 1286 nobis
3118 1224 3394 1286 omnibus
3430 1224 3678 1285 testibus

2031 1314 2450 1395 praedixitjam
2473 1317 2530 1376 in
2563 1315 2798 1379 Christo
2824 1335 2932 1396 per
2956 1324 3206 1376 mortem
3241 1331 3671 1375 consumman-

2029 1403 2162 1465 dus.
2211 1405 2318 1467 His
2357 1405 2551 1486 dictis,
2584 1407 2712 1486 ipse
2745 1408 2916 1468 etiam
2944 1405 3088 1468 Fido
3121 1404 3437 1466 committit
3465 1420 3671 1466 cumo-

2027 1490 2112 1554 bii
2157 1494 2608 1560 aediﬁcationem
2648 1517 2663 1566 ;
2707 1495 3107 1572 conceditque
3139 1495 3194 1556 ei
3243 1502 3305 1555 ut
3333 1493 3436 1556 illo
3488 1493 3671 1572 profi-

2029 1582 2335 1658 ciscatur;
2385 1585 2562 1645 simul
2623 1586 2926 1665 professus
2987 1603 3051 1646 se
3105 1601 3340 1665 quoque
3398 1581 3675 1643 omnibus

1993 1720 1996 1722 η
2029 1671 2256 1734 viribus
2286 1693 2435 1754 opus
2466 1693 2579 1735 una
2615 1693 2746 1736 esse
2780 1693 3187 1754 agressurum.

2111 1760 2524 1826 CVVII.Fidus
2546 1765 3021 1846 itaque,accepta
3044 1781 3252 1842 magna
3277 1781 3453 1824 manu
3488 1761 3671 1822 mini-

288 1850 381 1904 καὶ
441 1847 760 1922 οἰκοδόμων,
794 1849 881 1904 καὶ
933 1852 1040 1902 τῶν
1101 1855 1413 1926 μεχανικῶν
1446 1849 1536 1904 ἕνα
1593 1849 1940 1928 παραλαϐὼν,

2030 1859 2284 1912 strorum
2311 1861 2368 1914 et
2390 1861 2917 1925 structorum,cum
2937 1873 3051 1916 uno
3077 1871 3147 1915 ex
3180 1853 3543 1914 mechanicis
3569 1869 3669 1910 seu

288 1940 530 1996 κάτεισιν
594 1939 667 2002 εἰς
695 1938 794 2005 τὴν
849 1935 1071 2014 λαύραν·
1106 1938 1193 1992 καὶ
1249 1939 1310 1994 τὸ
1353 1936 1618 1996 κοιθόϐιον
1651 1938 1946 2017 οἰκοδομή-

287 2051 413 2101 σας,
481 2029 569 2085 καὶ
626 2028 858 2106 φραγμῷ
916 2025 1093 2101 κύκλῳ
1149 2027 1235 2083 καὶ
1296 2029 1489 2108 τειχὶῳ
1548 2027 1849 2107 περιλαϐών
1899 2045 1944 2104 ι’,

285 2119 381 2174 τὸν
440 2117 538 2192 μὲν
570 2116 800 2173 παλαιὸν
829 2118 979 2191 ναὸν,
1017 2117 1090 2182 εἰς
1133 2115 1439 2196 ἂριστήριον
1471 2131 1492 2160 ³
1521 2131 1640 2182 τοῖς
1700 2117 1944 2197 ἆδελροῖς

286 2205 577 2283 ἀπονέμει,
610 2206 788 2282 ἕτερον
819 2203 873 2261 δε
928 2205 1170 2284 ὑπεράνω
1210 2207 1326 2263 νέον
1379 2206 1678 2280 οἰκοδομεῖ.
1741 2209 1944 2287 Πύργον

289 2293 344 2351 δὲ
406 2303 498 2352 τοῦ
526 2293 791 2352 κοινοϐίου
850 2293 1020 2369 ἔνδον,
1053 2295 1211 2351 οἱονεί
1252 2318 1302 2351 τι
1359 2296 1454 2362 τῆς
1487 2296 1686 2373 ἐρήμου
1738 2296 1946 2374 ἔρυμαί

291 2387 475 2452 πάσης
542 2385 844 2464 περιφανῶς
914 2385 1192 2462 ἀνεγείρει·
1251 2387 1336 2440 καὶ
1407 2387 1541 2441 κατὰ
1601 2385 1765 2460 μέσον
1819 2386 1944 2442 αὐτὸ

294 2475 587 2532 ἆποτάττει
647 2476 706 2531 τὸ
758 2474 1135 2552 κοιμητήριον,
1185 2474 1292 2541 Τὴν
1344 2471 1400 2529 δὲ
1459 2477 1551 2530 τοῦ
1592 2475 1756 2530 τόπου
1804 2475 1944 2531 θέσιν

291 2564 377 2644 ἐφ’
431 2566 558 2640 ᾗτὸ
597 2565 738 2641 ἱερὸν
797 2573 950 2622 τοῦτο
1009 2561 1274 2620 κοινόϐιον
1309 2561 1539 2641 ἵδρυται,
1574 2564 1629 2620 εὖ
1687 2585 1744 2618 τε
1803 2564 1942 2642 ὥρας

288 2654 527 2734 ἔχουσαν
584 2651 667 2710 διὰ
698 2651 907 2720 πολλὴν
967 2651 1304 2732 ὁμαλότητα,
1337 2653 1424 2708 καὶ
1485 2667 1754 2733 μοναχοῒς
1813 2655 1943 2731 πρὸς

289 2742 526 2810 ἄσκησιν
580 2745 740 2801 οὖσαν
774 2741 1101 2822 ἐπιτηδείαν,
1132 2741 1199 2798 δι’
1240 2742 1409 2820 ἀέρων
1467 2743 1570 2822 οὐχ
1601 2741 1795 2810 ἥκιστα
1852 2745 1941 2799 εύ-

288 2833 510 2912 κρασίαν
557 2832 674 2890 καθ’
708 2833 832 2890 ὅσον
865 2832 985 2889 οἷόν
1017 2853 1074 2888 τε
1104 2829 1384 2910 διαγράφω
1407 2839 1484 2906 τῷ
1513 2831 1682 2909 λόγῳ.

373 2921 533 2985 Ρ1Η’,
569 2921 725 2980 Ἐστι
754 2943 834 2987 τις
876 2920 1040 3002 λόφος
1071 2922 1408 3000 βραχύτατος
1464 2921 1657 2995 μεταξὺ
1689 2920 1778 2978 δύο
1822 2945 1940 2978 κοι-

286 3011 463 3069 λάδων
495 3011 546 3078 ἐξ
579 3011 854 3068 ἀνατολῶν
891 3013 985 3069 καί
1017 3009 1211 3068 δύσεων
1243 3022 1270 3052 ιι
1298 3016 1584 3067 συνιουσῶν
1616 3009 1789 3087 ἠρέμα
1811 3012 1942 3089 πρὸς

286 3104 350 3158 τὸ
395 3104 544 3176 αὐτὸ,
581 3104 672 3158 καί
706 3099 967 3169 ἀλλήλαις
998 3101 1133 3156 κατὰ
1175 3102 1237 3156 τὸ
1269 3101 1440 3156 νότιον
1488 3099 1940 3178 ἐπιμιγνυμένων.

286 3193 366 3251 Τὰ
427 3191 610 3268 μέντοι
670 3193 792 3268 πρὸς
869 3190 1058 3269 βοῤῥὰν
1131 3195 1288 3249 αὐτοῦ
1352 3189 1662 3288 διήπλωται
1727 3189 2002 3288 λαμπρὰο

286 3281 472 3346 πεδιὰς
533 3282 618 3338 ἐπὶ
675 3283 812 3361 τρισὶ
882 3280 1115 3355 μα’λιστα
1185 3280 1460 3360 κεχυμένη
1534 3277 1787 3354 σταδίοις,
1847 3280 1943 3336 οἶα

284 3374 422 3450 πρὸς
491 3370 688 3440 ἡδονὴν
758 3369 1018 3428 κάλλιστα
1093 3371 1190 3426 καὶ
1257 3372 1440 3448 τέρψιν
1525 3368 1937 3444 ἐπινενοημένη.

285 3460 506 3540 Διαῤῥεϊ
562 3458 617 3516 δὲ
649 3459 733 3517 διὰ
786 3461 955 3536 μέσης
991 3461 1156 3525 αὐτῆς
1201 3461 1228 3516 ὁ
1285 3457 1597 3538 χείμαρρος,
1633 3457 1830 3516 ἄνωθεν
1882 3459 1942 3515 ἐκ

278 3552 374 3609 τοῦ
432 3552 562 3627 πρὸς
631 3549 894 3615 ἀνατολὰς
954 3550 1140 3626 βουνοῦ
1197 3550 1420 3628 κατιὼν,
1479 3550 1566 3604 καὶ
1623 3547 1800 3626 ὥσπερ
1858 3572 1938 3612 τις

280 3642 429 3714 ζώνη
484 3647 560 3716 τῷ
617 3641 766 3696 τύπω
851 3639 1155 3718 γινόμενος,
1214 3639 1350 3715 Πρὸς
1397 3637 1531 3712 αὐτῇ
1561 3658 1621 3714 γε
1653 3637 1750 3712 μὲν
1782 3644 1849 3704 τῆ
1881 3659 1938 3694 τε

280 3739 376 3787 του
429 3729 593 3811 λόγου
622 3731 752 3806 πρὸς
799 3730 858 3786 τὸ
893 3727 1072 3785 πεδίαν
1131 3727 1415 3805 ἐπικλίσει,
1453 3727 1540 3782 καὶ
1591 3726 1659 3793 τῆ
1691 3727 1783 3781 σὺν
1826 3727 1938 3804 ὥρα

283 3820 490 3878 τούτων
562 3818 697 3895 μίξει
759 3820 846 3875 καὶ
907 3823 1138 3896 ωναφῆ,
1201 3817 1289 3873 ὅτε
1372 3819 1569 3893 πύργος
1623 3815 1938 3895 ἀνέστηκεν,

284 3913 406 3968 οἷόν
450 3930 528 3974 τις
557 3909 766 3988 κορυφὴ
824 3908 911 3964 καὶ
941 3905 1252 3985 ἀκρόπολις.
1308 3906 1404 3963 Καὶ
1429 3906 1520 3962 τὸν
1564 3904 1763 3982 πύργον
1817 3903 1936 3972 ἑξῆς

283 4001 320 4068 ἡ
397 4001 528 4077 πρὸς
587 4000 649 4055 τὸ
709 3997 889 4054 πεδίον
945 3995 1247 4077 διαδέχεται
1307 3993 1450 4060 πύλη
1512 3993 1940 4070 παραπέμπουσα

281 4089 409 4152 τοὺς
463 4087 696 4153 ἑξιόντας
749 4087 863 4163 μεθ’
920 4085 1142 4162 ἡδονῆς,
1175 4086 1410 4161 καθάπερ
1455 4083 1560 4139 ἀπό
1592 4105 1735 4147 τινος
1795 4105 1939 4161 περι-

284 4183 442 4246 ωπῆς
509 4192 627 4242 τοῖς
685 4189 874 4241 καλοῖς
929 4176 1151 4234 ἐκείνοις
1224 4180 1320 4240 τῆς
1381 4170 1624 4235 πεδιάδος
1684 4173 1937 4248 θεάμασιν

285 4269 700 4330 ἔπικύπτοντας.
754 4265 922 4323 Ἀλλὰ
952 4266 1003 4321 τί
1058 4268 1120 4321 ἂν
1173 4287 1253 4328 τις
1303 4265 1398 4331 την
1449 4272 1539 4318 τοὺ
1567 4262 1728 4318 τύπου
1781 4285 1940 4319 κατα-

284 4357 420 4436 λέγῃ
476 4358 650 4438 φύσιν
687 4356 831 4421 ὅπως
889 4357 988 4430 μὲν
1018 4355 1219 4433 ἥμερός
1268 4375 1324 4410 τε
1371 4354 1458 4409 καὶ
1518 4350 1712 4430 εὔγεως
1744 4362 1790 4392 ν’
1834 4351 1938 4426 οἴῳ

284 4445 339 4502 δὲ
399 4451 475 4520 τῷ
529 4447 657 4525 ὑπὲρ
710 4444 952 4525 κεφαλῆς
1011 4443 1123 4523 ἀέρι
1177 4442 1460 4521 κέκραται,
1515 4443 1605 4497 καὶ
1677 4439 1795 4497 οὕτε
1870 4447 1939 4518 τῇ

283 4537 454 4615 θέρμῃ
513 4536 718 4593 πλείονι
749 4541 846 4603 τῆς
891 4535 1102 4615 χρείας,
1138 4535 1256 4590 οὔτε
1312 4533 1388 4606 τῷ
1425 4531 1588 4610 ψύχει
1643 4531 1932 4609 κέχρηται,

2029 1942 2388 2016 architectis,
2419 1943 2736 2006 descendit
2758 1945 2817 2004 in
2845 1947 3359 2021 lauramzcumque
3379 1941 3674 2003 aediﬁcas-

2029 2040 2120 2092 set
2150 2032 2514 2108 coenobium,
2550 2043 2839 2116 septoque
2875 2043 2935 2096 et
2979 2053 3148 2095 muro
3179 2035 3238 2094 iu
3273 2033 3481 2093 orbem
3515 2037 3676 2090 esset

2029 2121 2398 2200 complexus,
2429 2134 2601 2186 vetus
2629 2124 2872 2205 quidem
2926 2125 3212 2204 templum
3247 2120 3521 2185 attribuit
3551 2119 3674 2181 fra-

2030 2211 2220 2272 tribus
2248 2212 2316 2272 ad
2343 2216 2740 2277 caenaculum:
2773 2214 2929 2276 aliud
2962 2223 3157 2276 autem
3193 2211 3481 2291 templum
3516 2209 3670 2271 aadi-

2030 2301 2165 2362 ficat
2188 2303 2659 2380 superiuanter
2681 2304 3020 2365 coenobium
3055 2322 3218 2381 vero,
3241 2300 3554 2381 splendide
3579 2317 3676 2359 ei-

2026 2390 2168 2451 citat
2185 2392 2586 2465 turrim,7elut
2606 2393 2904 2474 quoddam
2925 2394 3106 2455 totius
3132 2391 3318 2452 eremi
3344 2405 3676 2470 propugna-

2029 2479 2256 2555 culum;
2292 2483 2427 2542 etin
2461 2484 2658 2543 medio
2692 2482 3034 2544 cmmeterio
3069 2480 3338 2542 collocat.
3372 2478 3510 2538 Loci
3533 2493 3673 2536 vero

2028 2569 2448 2650 posituram,in
2471 2591 2586 2646 qua
2612 2572 2724 2633 hoc
2746 2589 2979 2633 sacrum
3001 2577 3404 2632 constructum
3439 2576 3530 2626 est
3557 2583 3675 2625 coe-

2026 2657 2302 2735 nobium,
2329 2669 2388 2721 et
2417 2661 2728 2741 pulchram
2763 2661 2968 2723 multa:
3000 2657 3354 2740 aequalitatis
3385 2671 3587 2729 causa,
3616 2662 3675 2716 et

2029 2748 2340 2810 monachis
2366 2751 2438 2811 ad
2459 2751 2808 2812 exercitium
2835 2761 3029 2832 aptam
3057 2758 3301 2831 propter
3315 2743 3472 2808 aeris
3491 2743 3674 2805 maxi-

2028 2854 2125 2897 me
2145 2839 2930 2917 temperationempratione
2947 2838 3282 2902 describam
3301 2853 3404 2915 pro
3422 2832 3666 2896 viribus.

2086 2926 2447 2992 CXVIII.Est
2469 2931 2706 3010 quidam
2732 2932 2905 2994 collis
2927 2929 3320 2992 brevissimus
3342 2927 3503 2987 inter
3520 2923 3671 2983 duas

2027 3016 2214 3078 valles
2264 3038 2332 3080 ex
2381 3020 2612 3081 oriente
2660 3031 2720 3084 et
2778 3022 3089 3082 occidente
3140 3016 3318 3078 simul
3381 3011 3666 3094 paulatim

2027 3117 2336 3183 coeuntes,
2373 3119 2431 3170 et
2460 3111 2531 3172 ad
2574 3119 2841 3172 austrum
2873 3111 3028 3172 inter
3068 3127 3131 3170 se
3163 3104 3528 3169 commistas.
3574 3099 3670 3162 Ad

2028 3193 2269 3258 boream
2303 3207 2498 3260 autem
2525 3209 2688 3281 patet
2709 3200 3117 3281 pulcherrima
3142 3194 3338 3274 campi
3369 3191 3667 3281 planities,

2026 3305 2162 3362 quae
2206 3288 2278 3348 ad
2311 3290 2425 3350 tria
2455 3278 2642 3352 stadia
2699 3278 2953 3354 maxime
2982 3287 3359 3359 diﬂ’unditur,
3394 3281 3564 3364 quasi
3597 3278 3669 3340 ad

2027 3375 2384 3456 voluptatem
2419 3380 2962 3443 etdelectationem
2996 3381 3219 3460 optime
3253 3381 3409 3436 esset
3428 3375 3671 3448 excogi-

2026 3471 2166 3528 tata.
2219 3465 2335 3528 Per
2363 3487 2492 3529 eam
2527 3489 2662 3530 vero
2704 3471 2962 3533 mediam
2999 3479 3232 3530 torrens
3264 3461 3521 3544 perﬂuil,
3555 3460 3669 3520 ἀθ-

2023 3572 2206 3634 super
2256 3557 2633 3620 descendens
2665 3578 2738 3620 ex
2793 3561 2946 3621 colle
2979 3559 3078 3640 qui
3112 3565 3201 3618 est
3241 3554 3312 3615 ad
3346 3552 3666 3640 orientem,

2022 3644 2204 3723 fitque
2235 3645 2366 3708 loco
2399 3648 2575 3709 veluti
2608 3649 2877 3730 quazdam
2910 3646 3154 3710 zona.[n
3187 3647 3315 3724 ipsa
3349 3658 3524 3722 porro
3548 3639 3670 3701 col-

2021 3732 2095 3794 lis
2146 3733 2206 3793 in
2242 3735 2543 3814 planitiem
2577 3739 2638 3799 in
2690 3739 3106 3810 inclinatione,
3153 3750 3483 3810 eorumque
3537 3732 3667 3790 ele-

2022 3823 2183 3902 ganti
2239 3825 2489 3888 mistura
2538 3837 2596 3888 et
2638 3829 3093 3908 conjunctione,
3141 3821 3408 3898 exsurgit
3462 3820 3665 3915 turris,

2023 3912 2190 3992 quasi
2226 3923 2420 3977 vertex
2443 3929 2496 3977 et
2526 3934 2653 3980 arx.
2685 3918 2917 3978 Turrim
2964 3916 3253 3991 deinceps
3281 3912 3670 3983 consequitur

2024 4019 2229 4064 versus
2264 4004 2572 4084 planitiem
2607 4016 2797 4086 porta,
2820 4025 2951 4084 quae
2981 4023 3116 4066 cum
3141 4001 3436 4076 voluptate
3468 4004 3667 4086 trans-

2027 4092 2200 4152 mittit
2231 4083 2333 4154 eos
2363 4095 2464 4170 qui
2482 4083 3004 4176 exeunt,tanquam
3031 4113 3063 4156 a
3084 4090 3328 4173 specula
3347 4087 3543 4168 aliqua
3563 4083 3668 4146 de-

2023 4181 2350 4260 spicientes
2371 4185 2616 4262 pulchra
2641 4186 2739 4247 illa
2765 4185 3030 4266 planitiei
3055 4180 3415 4266 spectacula.
3445 4179 3664 4238 Verum

2023 4271 2165 4350 quid
2189 4271 2305 4333 loci
2331 4282 2597 4337 naturam
2628 4284 2938 4338 recenseat
2957 4273 3204 4356 aliquis?
3238 4266 3552 4344 Quomodo
3575 4275 3669 4328 est

2022 4361 2268 4437 quidem
2303 4363 2462 4424 mitis
2497 4374 2553 4426 et
2576 4366 2791 4426 fertilis
2821 4387 2835 4441 ;
2867 4365 3026 4445 quali
3058 4372 3256 4426 autem
3281 4377 3462 4440 super
3490 4364 3667 4437 caput

2022 4467 2164 4512 aere
2187 4460 2691 4531 contemperetur,
2723 4463 2781 4516 et
2813 4475 2922 4516 nec
2950 4455 3174 4533 majore
3206 4469 3379 4531 quam
3412 4465 3561 4526 opus
3591 4445 3670 4507 sit

2020 4540 2245 4616 calore,
2285 4560 2396 4602 nec
2446 4543 2668 4623 frigore
2723 4552 2945 4617 utatur,
2979 4543 3084 4604 sed
3129 4560 3198 4602 ex
3251 4536 3543 4601 ambobus
3595 4552 3666 4595 ea

283 4623 406 4682 ἀλλ’
477 4625 789 4706 ἀμφοτέρων
862 4626 924 4680 τα
967 4623 1231 4682 λυποῦντα
1289 4621 1492 4701 φυγὼν,
1555 4621 1652 4686 τὴν
1712 4621 1935 4676 ἑκάστου

2029 4648 2150 4709 quae
2181 4633 2429 4692 molesta
2473 4621 2609 4693 sunt
2640 4634 2950 4712 eﬂugiens,
2987 4631 3464 4710 uniuscujusque
3508 4625 3666 4685 dite-

282 4714 510 4772 πλουτεῖ
580 4715 878 4792 μεσότητα,
941 4715 1027 4769 καὶ
1086 4713 1196 4768 ἔστι
1246 4712 1352 4768 τῶν
1419 4710 1516 4784 μὲν
1587 4711 1933 4788 ψυχροτέρων

2029 4729 2114 4779 tur
2167 4721 2389 4796 medio,
2426 4723 2620 4802 sitque
2672 4710 3083 4802 frigidioribus
3117 4721 3356 4802 quidem
3393 4714 3663 4778 calidior.

282 4809 621 4885 θερμότερος,
659 4810 760 4860 τῶν
823 4803 875 4859 δὲ
905 4801 1236 4882 θερμοτέρων
1299 4800 1470 4876 ἠρέμα
1509 4797 1671 4887 πάλιν
1717 4799 1931 4876 ψυχρό-

2029 4808 2406 4871 :alidioribus
2458 4797 2652 4872 autem
2711 4797 2922 4873 rursus
2979 4797 3202 4872 sensim
3263 4806 3556 4887 frigidior,
3608 4813 3668 4866 et

280 4916 459 4974 τερος,
535 4893 830 4956 ἀκολούθως
900 4915 955 4949 τε
1019 4898 1124 4948 τῶν
1208 4890 1325 4947 λίαν
1386 4890 1570 4981 ὑγρῶν.
1627 4885 1929 4981 ξηρότερος,

2029 4911 2460 4979 :onsequenter
2496 4903 2662 4964 valde
2695 4902 2958 4964 humidis
2998 4903 3236 4981 siccior,
3274 4885 3662 4962 etimmode-

279 4986 371 5040 καὶ
429 4985 534 5040 τῶν
583 4985 825 5062 ἦμέτρως
883 4983 1056 5057 ξηρῶν
1112 4982 1413 5060 ὑγρότερος,
1451 4975 1587 5054 μετᾶ
1615 4980 1714 5042 τῆς
1768 4975 1930 5055 ἅρμο-

2029 4996 2140 5049 "ata
2174 4975 2351 5052 siccis
2383 4991 2709 5073 humidior,
2735 5012 2868 5054 cum
2901 5012 2970 5055 eo
2993 4995 3089 5073 qui
3111 4975 3360 5071 singulis
3389 4985 3663 5051 cenvenit

279 5074 476 5145 ζούσης
507 5073 590 5154 ἔφ’
613 5072 811 5130 ἕκαστα
841 5071 1192 5148 συμμετρίας.

363 5162 508 5222 ΡΙΘ’.
562 5167 672 5228 Τῆς
708 5169 832 5239 γοῦν
865 5163 1112 5228 τοιαύτης
1151 5159 1283 5226 ὅλης
1337 5165 1428 5214 τοῦ
1460 5154 1718 5214 κοινοϐίου
1771 5159 1926 5212 οἰκο-

279 5250 449 5325 δομῆς
506 5251 616 5324 ἅμα
668 5253 755 5308 καὶ
800 5251 1108 5328 εὖκοσμίας,
1165 5249 1222 5306 ού
1277 5247 1440 5304 πλέον
1501 5246 1536 5313 ἣ
1595 5251 1753 5321 τριῶν
1797 5245 1929 5302 ἐτῶν

279 5340 558 5409 δεηθείσης
589 5341 674 5400 διὰ
719 5341 928 5408 πολλὴν
991 5353 1153 5420 χεῖρα
1213 5340 1299 5394 καὶ
1333 5338 1581 5393 σύντονον
1616 5337 1923 5412 ὑπουργίαν,

277 5429 568 5499 ἠϐούλοντο
634 5433 732 5506 μὲν
785 5433 829 5487 οἱ
887 5434 1024 5486 θεῖοι
1087 5427 1313 5506 Πατὲρες
1367 5431 1567 5483 ἒκεῐνοι
1622 5425 1758 5497 μετὰ
1834 5427 1926 5492 τῆς

276 5518 447 5587 ἄλλης
501 5519 907 5594 διακοσμήσεως
970 5541 1028 5574 τε
1087 5519 1175 5573 καὶ
1229 5516 1456 5596 τέχνης,
1514 5510 1800 5571 ἀποδοῦναι
1859 5526 1925 5597 τῇ

2010 5096 2387 5143 commensu.

2068 5170 2392 5230 CXIX.Cum
2422 5174 2614 5245 itaque
2637 5175 2850 5246 bujusu
2877 5174 2970 5233 odi
3005 5184 3182 5231 totum
3210 5171 3458 5229 rmnobii
3484 5168 3660 5224 aedifi-

2009 5257 2167 5318 cium
2188 5257 2367 5318 simul
2386 5268 2444 5320 et
2466 5268 2880 5321 ornamentum
2903 5278 3021 5320 non
3039 5277 3188 5340 opus
3208 5258 3510 5319 habuisset
3531 5255 3658 5334 plu-

2007 5364 2214 5426 squam
2243 5347 2432 5409 tribus
2453 5348 2733 5422 annis,ob
2762 5351 2975 5410 multas
3001 5366 3208 5410 manus
3233 5348 3656 5425 intonsumque

2008 5443 2948 5514 mmiSIeriumwolebantquidem
2980 5442 3155 5498 divini
3179 5442 3261 5498 illi
3293 5441 3654 5506 Patres,cum

2007 5525 2125 5586 alio
2172 5535 2380 5588 ornatu
2427 5535 2485 5589 et
2532 5529 2784 5591 artificio
2815 5526 3258 5591 dedicationem
3321 5525 3499 5589 etiam
3548 5543 3653 5589 ec-

1593 5667 1853 5738 VARLE
1897 5682 2324 5750 LECTIONES.

353 5817 379 5852 ι’
405 5799 485 5870 al,
515 5800 834 5886 πέριϐαλών.
922 5811 943 5840 ⁸
969 5801 1048 5866 ιι.
1077 5801 1486 5885 ἀριστητῆριον.
1571 5812 1590 5849 ι
1615 5804 1694 5873 al.
1727 5806 1975 5889 ἔρεισμα,
2061 5819 2090 5854 ι
2116 5807 2196 5876 al.
2228 5807 2445 5880 δύσεως,
2533 5822 2558 5856 ν
2585 5811 2662 5877 al.
2697 5813 2932 5894 αύγειος,
