4090 6198
313 363 422 429 701

1616 371 1803 434 VITA
1847 372 1908 434 S.
1956 373 2367 438 EUTHYMII.

3554 361 3672 427 702

314 505 450 584 μέρη
519 527 639 562 τινα
704 509 812 561 τῶν
879 504 1214 586 μαρτυρικῶν
1283 505 1552 583 λειψάνων
1582 555 1598 579 ,
1671 509 1946 588 Ταράχου,

2034 506 2316 586 quasdam
2375 515 2570 589 partes
2620 508 3008 590 reliquiarum
3059 516 3390 588 martyrum
3421 497 3675 590 Taracbi

313 593 540 675 Πρόϐου,
586 596 675 651 καὶ
706 592 1060 672 Ἀνδρονίκου,
1091 597 1194 654 ὑπὸ
1238 599 1298 654 τὸ
1347 599 1721 677 θυσιαστήριον
1777 621 1950 656 κατα-

314 687 528 760 θέμενος
563 701 578 716 ⁸
628 683 862 761 ἑϐδόμην
893 685 1015 743 τότε
1047 693 1136 744 τοῦ
1180 686 1348 745 Μαίου
1394 687 1708 766 ἐπέχοντος,
1742 688 1802 751 ’ὃς
1845 686 1952 756 ἤδη

312 774 605 839 δωδέκατος
689 775 824 850 μετᾶ
902 775 1002 842 τὴν
1080 777 1334 849 Εὖθυμίου
1391 776 1646 845 τελευτὴν
1718 777 1954 842 ἐνιαυτὸς

311 870 522 944 περιῆν,
586 867 786 944 Χρόνου
843 861 898 921 δέ
951 885 1096 930 τινος
1152 863 1473 942 διελθόντος,
1521 868 1609 924 καὶ
1653 869 1680 924 6
1710 865 1953 931 διάκονος

311 953 501 1017 Φεῖδος
557 956 657 1022 τῆς
715 953 924 1018 πόλεως
986 953 1182 1026 Δώρων
1247 953 1384 1012 οὔτω
1432 955 1793 1034 καλουμένης,
1854 958 1954 1025 τὴν

269 1052 273 1055 ’
308 1046 608 1112 Επισκοπῆν
652 1044 1004 1125 ἂγχειρίζεται
1016 1093 1030 1108 ,

389 1125 559 1199 ΡΚΓ’,
620 1133 772 1192 Ἀλλ’
828 1135 1048 1192 ἐνταῦθά
1091 1157 1156 1211 με
1201 1137 1295 1192 τοῦ
1341 1135 1504 1215 λόγου
1547 1137 1858 1215 γενόμενον,
1889 1138 1952 1194 τὸ

307 1225 423 1302 περί
478 1231 587 1281 τῶν
634 1215 1013 1303 Ἀποσχιστῶν
1069 1223 1247 1282 έκεῖνο
1298 1225 1600 1305 εἰσέρχεται
1640 1247 1652 1263 ο
1691 1221 1812 1296 8δή
1855 1229 1947 1284 καί

306 1315 432 1372 αὖτὸ
475 1311 639 1392 λόγου
682 1311 824 1378 ἄξιον
869 1313 1011 1370 εἷναί
1081 1337 1179 1390 μοι
1253 1311 1404 1371 δοκεῖ
1461 1319 1770 1393 προσθεῖναι
1829 1329 1948 1380 τοῖς

309 1402 604 1479 εἰρημένοις
637 1419 652 1434 ⁸
701 1405 775 1467 ὡς
818 1404 881 1459 ἃν
916 1402 1291 1484 ἐναργέστερον
1340 1403 1575 1462 ἐντεῦθεν
1627 1406 1661 1474 ἡ
1711 1405 1796 1462 ἐπὶ
1850 1411 1948 1474 τῆς

305 1492 579 1560 θαλάσσης
637 1495 895 1568 Εὖθυμίου
934 1500 1028 1551 τοῦ
1087 1497 1226 1551 θείου
1283 1503 1583 1574 προφητεία
1644 1493 1942 1576 διαδειχθῇ,

306 1581 451 1650 ’Ἤδη
497 1583 594 1660 μὲν
637 1583 738 1662 γὰρ
798 1585 826 1640 6
883 1584 1225 1663 πατριάρχης
1287 1584 1586 1663 Μαρτύριος
1645 1591 1712 1661 τῇ
1768 1609 1947 1664 παρα-

307 1670 440 1744 δόξῳ
495 1671 782 1734 πιστεύσας
827 1672 1059 1744 ὀπτασίᾳ
1117 1678 1210 1729 τοῦ
1266 1669 1474 1746 Φείδου,
1539 1673 1628 1730 καὶ
1675 1673 1763 1738 οἷς
1810 1673 1952 1748 αὖτῷ

2035 597 2181 674 (72),
2221 586 2422 672 Probi,
2460 607 2518 660 et
2545 586 2915 679 Andronici;
2950 586 3486 678 septimoﬁmensis
3513 586 3672 662 Maii,

2035 702 2194 747 anno
2236 687 2362 766 jam
2422 688 2780 749 duodecimo
2817 688 2947 769 (73)
2996 696 3128 767 post
3175 681 3480 764 Euthymii
3512 695 3674 769 mor-

2037 780 2180 838 tem.
2217 774 2358 837 Cum
2393 776 2633 857 aliquod
2666 766 2864 837 autem
2895 766 3130 856 tempus
3159 771 3514 840 transiisset,
3539 766 3672 857 dia-

2035 881 2222 925 conus
2250 855 2700 946 quoque—Fidus
2730 865 2945 946 accipit
2977 855 3390 946 episcopatum
3421 855 3673 921 civxtatis

2036 971 2168 1034 quae
2197 963 2438 1016 vocatur
2468 953 2622 1016 Dora
2649 957 2801 1035 (74).

2115 1131 2368 1196 CXXIII.
2406 1132 2654 1213 Seiume
2684 1153 2819 1196 cum
2853 1135 2912 1196 in
2942 1135 3098 1197 hunc
3144 1135 3338 1197 locum
3377 1124 3670 1201 venerim,

2032 1219 2194 1282 subit
2247 1224 2591 1285 recordatio
2645 1225 2866 1304 negotii
2924 1224 3456 1304 Aposchistarum;
3516 1213 3673 1296 quod

2033 1312 2225 1390 ipsum
2287 1313 2464 1374 etiam
2517 1321 2580 1375 ut
2637 1314 3024 1376 memorabile
3080 1313 3226 1375 mihi
3280 1309 3514 1372 videtur
3541 1322 3674 1368 esse

2031 1399 2205 1462 dictis
2230 1401 2678 1481 adjungendum
2705 1426 2721 1476 ;
2758 1413 2819 1464 ut
2851 1403 3184 1466 evidentius
3218 1402 3356 1464 hinc
3387 1395 3672 1459 ostenda-

2032 1498 2126 1549 tur
2154 1490 2343 1552 divini
2373 1491 2668 1572 Euthymii
2703 1495 3016 1574 prophetia
3047 1493 3148 1555 illa
3178 1495 3235 1553 in
3259 1485 3670 1553 mari.Etenim

2023 1579 2147 1659 jam
2181 1582 2520 1660 patriarcha
2553 1581 2884 1664 Martyrius,
2943 1583 3120 1645 ﬁdem
3181 1581 3448 1644 tribuens
3477 1574 3675 1664 admir-

2031 1669 2235 1732 randte
2263 1670 2391 1733 Fidi
2424 1671 2660 1747 visioni,
2693 1663 2753 1734 et
2784 1673 2858 1734 iis
2889 1693 3018 1754 quas
3046 1673 3100 1736 ei
3133 1673 3191 1735 in
3226 1669 3372 1734 mari
3404 1663 3676 1750 praedixit

309 1763 400 1820 έπί
459 1764 553 1818 τοῦ
605 1760 874 1840 πελάγους
931 1763 958 1818 6
1029 1761 1200 1840 μέγας
1252 1761 1481 1840 προέφη,
1543 1765 1641 1830 τῆς
1684 1764 1802 1836 περὶ
1846 1770 1947 1821 τῶν

2039 1777 2307 1839 magnus,
2363 1761 2438 1824 de
2485 1762 2579 1825 his
2627 1763 3004 1843 Aposchistis
3047 1763 3359 1826 remiserat
3380 1775 3582 1821 curam
3616 1762 3675 1818 et

305 1851 690 1932 Ἀποσχιστῶν
719 1851 920 1908 τούτων
949 1849 1220 1932 φροντίδος
1253 1849 1420 1918 ἀνῆκε
1472 1853 1588 1914 τοὺς
1635 1850 1949 1930 λογισμούς.

305 1943 504 2021 Χρόνος
559 1939 613 1997 δὲ
673 1941 732 1998 οῦ
804 1939 966 2006 πολὺς
1042 1943 1100 1997 ἓν
1161 1947 1238 2015 τῷ
1291 1941 1460 2016 μέσῳ,
1522 1943 1610 1999 καὶ
1659 1942 1840 2021 ὥσπερ
1888 1945 1952 2000 εκ

302 2031 448 2094 τινός
510 2029 778 2107 θειοτέρᾶς
865 2028 1170 2097 ἱπισκοπῆς
1259 2030 1588 2111 Μαρκιανὸς,
1648 2033 1710 2087 οὗ
1773 2037 1950 2110 μικρῷ

301 2121 527 2201 πρόσθεν
587 2119 886 2195 ἐμνήσθην,
960 2119 1194 2186 κινηθεὶς
1251 2117 1352 2187 τήν
1412 2120 1624 2201 ψυχὴν,
1687 2120 1950 2200 συγκαλεῖ

298 2212 502 2274 πάντας
547 2209 738 2274 αὐτοῦς
781 2209 837 2266 ἰν
891 2212 970 2279 τῷ
1011 2207 1101 2265 ὑπ’
1150 2208 1311 2267 αῦτοῦ
1366 2209 1614 2267 συστάντι
1667 2212 1784 2288 περὶ
1849 2211 1948 2278 τὴν

302 2301 458 2379 ἁγίαν
510 2297 752 2376 Βηθλεὲμ
794 2295 1043 2372 κοινοϐίῳ
1079 2315 1094 2332 '
1142 2300 1230 2356 καὶ
1261 2295 1425 2378 λόγου
1453 2297 1768 2377 ἂρξάμενος,
1800 2299 1947 2364 Ἕως

303 2393 458 2467 πότε,
518 2391 703 2472 φησὶν,
751 2387 969 2470 ἀδελφοὶ
1012 2390 1100 2446 καὶ
1158 2388 1411 2468 Πατέρες,
1448 2391 1521 2453 εἰς
1553 2389 1690 2465 μέρη
1733 2392 1796 2448 τὸ
1851 2397 1948 2459 τῆς

305 2479 633 2548 Ἐκκλησίας
728 2485 885 2556 σῶμα
971 2478 1376 2560 φιλονεικοῦμεν
1451 2478 1726 2556 διατεμεῖν
1761 2499 1780 2518 ⁸
1859 2483 1948 2538 καὶ

305 2570 470 2628 ταῦτα
511 2567 651 2644 μηδὲ
695 2567 856 2636 δῆλον
916 2570 1078 2648 ἡμῖν,
1123 2569 1172 2625 τί
1216 2571 1275 2626 τὸ
1334 2567 1538 2627 τέλειον
1593 2569 1803 2641 θέλημα
1860 2571 1951 2628 τοῦ

306 2663 459 2734 Θεοῦ,
491 2656 630 2716 ἄλλά
672 2658 967 2738 λογισμοῖς
1013 2659 1181 2724 οὕτως
1225 2657 1374 2722 ἰδίοις
1427 2661 1486 2716 τὸ
1517 2667 1737 2738 πρᾶγμα
1779 2684 1950 2719 κατα-

302 2749 660 2813 πιστεύοντες.
721 2758 1012 2827 Τοιγαροῦν
1056 2748 1314 2806 σκεπτέον
1370 2748 1530 2823 ἡμῖν,
1584 2753 1796 2824 μήποτε
1853 2751 1951 2818 τὴν

302 2839 502 2897 εὒθείαν
532 2838 768 2914 οἰόμενοι
800 2850 830 2885 ι
861 2835 1085 2911 ίιδεύειν,
1146 2835 1378 2901 ἀνοδίαις
1433 2837 1667 2915 συμϐαίη
1728 2861 1949 2918 περιπε⁹

300 2941 440 2991 σεῖν.
503 2928 766 3006 Δογιομοὶ
821 2927 923 3006 γὰρ
973 2927 1263 3006 ἀνθρώπων
1307 2925 1494 3002 δειλοὶ,
1557 2929 1622 2985 τὰ
1664 2929 1778 3007 ίερά
1822 2951 1950 3009 φασι

300 3017 479 3098 λόγια.
545 3018 643 3076 Καὶ
701 3018 746 3073 εἰ
802 3015 979 3098 δοκεῖ,
1041 3023 1115 3091 τῷ
1183 3016 1527 3091 ἀποστολικῷ
1583 3017 1768 3091 ἐκείνῳ
1811 3018 1945 3076 ἀκο-

299 3111 635 3184 λουθοῦντες,
684 3110 769 3167 καὶ
825 3111 899 3173 ὡς
956 3107 1306 3186 ὑποδείγματι
1350 3109 1652 3189 χρώμενοι,
1693 3111 1946 3188 βαίλωμεν

2038 1849 2484 1926 cogitationem.
2520 1855 2649 1916 Non
2681 1854 2932 1915 multum
2958 1863 3150 1917 autem
3177 1850 3464 1932 temporis
3491 1847 3674 1909 inter-

2034 1939 2233 2014 cessit,
2269 1948 2328 2002 et
2359 1942 2514 2004 velut
2563 1961 2630 2004 ex
2690 1943 2980 2006 diviniore
3026 1943 3284 2024 quadam
3313 1936 3670 2012 visitatione,

2031 2029 2391 2106 Marcianus,
2422 2032 2592 2112 cujus
2623 2033 2798 2114 paulo
2829 2045 2967 2095 ante
2992 2032 3261 2106 memini,
3282 2034 3484 2092 anima
3512 2042 3672 2114 com-

2031 2126 2251 2193 motus,
2315 2139 2523 2182 omnes
2581 2113 2744 2202 ipsos
2802 2132 3085 2184 convocat
3115 2121 3178 2183 in
3208 2117 3482 2184 cmnobio
3511 2113 3669 2198 quod

2030 2217 2442 2271 construxerat
2471 2210 2543 2272 ad
2595 2220 2857 2275 sanctam
2909 2213 3242 2285 Bethleem,
3296 2216 3354 2272 et
3381 2206 3543 2289 loqui
3572 2205 3666 2267 in-

2030 2297 2259 2378 cipiens
2294 2315 2308 2360 :
2343 2300 2687 2380 Quousque,
2721 2300 2938 2379 inquit,
2962 2301 3171 2363 fratres
3204 2307 3262 2361 et
3294 2303 3669 2370 Patres,con-

2031 2387 2334 2448 tendimus
2359 2407 2574 2470 corpus
2603 2391 2887 2453 Ecclesia;
2920 2389 3186 2453 dividere
3214 2389 3274 2450 in
3322 2396 3537 2467 partes,
3571 2387 3666 2448 id-

2031 2494 2148 2558 que
2177 2495 2312 2537 cum
2348 2495 2456 2538 nec
2489 2477 2662 2540 nobis
2693 2479 2934 2561 quidem
2968 2486 3221 2550 constet,
3254 2494 3385 2558 quas
3412 2477 3488 2538 sit
3536 2483 3666 2537 tan-

2033 2565 2169 2627 (lem
2199 2567 2464 2628 voluntas
2489 2567 2618 2640 Dei,
2653 2568 2759 2631 sed
2789 2587 2916 2630 rem
2949 2569 3034 2630 sic
3065 2566 3325 2648 propriis
3354 2564 3671 2628 credamus

2033 2655 2546 2735 cogitationibus?
2602 2656 2702 2718 Est
2757 2677 2898 2737 ergo
2930 2657 3102 2720 nobis
3134 2654 3664 2728 considerandum,

2034 2763 2110 2807 ne
2142 2745 2296 2806 forte
2343 2744 2486 2807 dum
2545 2746 2952 2808 existimamus
3004 2754 3167 2809 recta
3195 2745 3287 2807 via
3315 2743 3573 2824 ingredi,
3606 2741 3669 2805 in

2033 2834 2160 2896 avia
2187 2833 2489 2913 contingat
2519 2833 2807 2898 incidere.
2845 2837 3258 2914 Cogitationes
3287 2837 3452 2897 enim
3479 2832 3670 2896 homi-

2031 2943 2178 2987 num
2214 2924 2468 3000 timidae,
2505 2943 2676 2986 sacra
2704 2925 2869 2987 aiunt
2894 2924 3142 3007 Eloquia
3157 2925 3243 2986 33.
3271 2923 3341 2986 Et
3370 2929 3420 2985 si
3452 2922 3667 3003 placet,

2030 3013 2179 3076 illud
2209 3013 2599 3095 apostolicum
2632 3023 2974 3094 sequentes,
3009 3015 3286 3096 velutque
3327 3011 3668 3092 exemplum

2030 3111 2406 3166 assumentes
2431 3103 2516 3178 37,
2541 3103 2838 3182 jaciamus
2863 3110 3052 3166 sortes
3077 3103 3191 3166 sub
3218 3120 3472 3184 persona
3501 3099 3668 3181 epis-

300 3199 528 3281 κλῆροδς
583 3200 672 3258 Eni
727 3199 1018 3278 προσώπου
1074 3205 1181 3256 τῶν
1239 3187 1550 3256 ἐπισκόπων
1593 3221 1650 3256 τε
1696 3187 1790 3259 καὶ
1839 3209 1946 3258 τῶν

2034 3211 2314 3274 coporum
2346 3205 2403 3255 et
2433 3193 2862 3256 monachorum
2900 3215 2912 3253 :
2949 3201 3007 3256 et
3048 3193 3097 3255 si
3129 3211 3258 3256 sors
3286 3191 3531 3269 quidem
3565 3207 3668 3251 ve-

299 3295 583 3372 μονα-χῶν,
614 3288 712 3345 κᾶν
760 3288 862 3365 μὲν
905 3291 933 3346 6
969 3287 1168 3367 κλῆρος
1201 3287 1286 3345 ἐπὶ
1318 3289 1436 3352 τοὺς
1469 3291 1744 3370 μοναχοὺς
1776 3290 1941 3371 ἔλθοι,

297 3382 553 3458 ἐμμένειν
597 3377 682 3436 δεῖ
712 3379 925 3443 πάντως
956 3378 1040 3444 ἐφ’
1076 3378 1165 3440 οἷς
1205 3375 1310 3445 ἤδη
1356 3380 1444 3436 καὶ
1492 3381 1578 3436 νῦν
1627 3379 1860 3457 μένομέν
1888 3403 1945 3438 τε

293 3474 379 3530 καὶ
420 3470 713 3549 στέργομεν
749 3488 764 3504 ⁸
817 3471 862 3525 εἰ
919 3466 974 3525 δὲ
1035 3467 1121 3525 ἐπὶ
1179 3470 1301 3532 τοὺς
1348 3467 1700 3544 ἐπισκόπους,
1762 3474 1946 3536 αὐτοῖς

291 3573 598 3623 κοινωνεῖν,
658 3559 871 3626 Ταύτην
928 3558 1326 3636 εἰσενεγκόντος
1369 3559 1468 3626 τὴν
1527 3558 1751 3636 γνώμην
1792 3567 1942 3633 Μαρ-

293 3653 494 3725 κιανοῦ,
543 3647 708 3713 ούδεὶς
740 3650 809 3716 ἧν
869 3647 972 3705 τῶν
1023 3647 1300 3727 παρόντων
1359 3647 1503 3712 ὅστις
1561 3647 1656 3704 οὒκ
1713 3647 1944 3704 ἓπαινῶν

293 3741 382 3810 ἦν,
429 3738 699 3808 Βληθέντα
729 3737 1009 3816 τοιγαροῦν
1041 3737 1132 3793 τὸν
1176 3735 1399 3814 κλῆρον,
1433 3739 1480 3792 οἱ
1511 3735 1610 3810 μὲν
1655 3738 1888 3818 μοναχοὶ
1918 3735 1945 3778 Ῑ)

295 3838 482 3888 τοῦτον
525 3829 692 3909 εἶχον
725 3845 739 3860 ⁸
773 3828 968 3892 πάντες
999 3825 1052 3882 δὲ
1099 3826 1286 3890 αὗτοῖς
1317 3826 1465 3888 εὐθὺς
1496 3824 1834 3902 ἐκοινώνουν,
1869 3828 1942 3890 ὡς

297 3921 356 3978 ἰκ
412 3927 546 3978 Θεοῦ
600 3919 663 3974 τὸ
716 3923 936 3995 πρᾶγμα
996 3914 1230 3994 γνωσθὲν
1275 3913 1594 3988 νομίσαντες
1631 3930 1646 3944 '
1680 3913 1824 3982 πλὴν
1853 3921 1947 3971 Γε-

297 4010 505 4090 ροντίου
557 4008 723 4083 μόνου
784 4007 870 4064 καὶ
943 3999 1240 4085 Ῥωμανοῦ,
1301 4005 1390 4061 καὶ
1446 4003 1640 4067 πάντες
1696 4003 1945 4085 φέροντες

299 4095 515 4160 ἑαυτοὺς
572 4094 873 4173 παρέγουσι
920 4095 990 4170 τῇ
1046 4092 1142 4160 τῆς
1202 4090 1526 4158 Ἐκκλησίας
1590 4091 1803 4172 ένώσει,
1859 4089 1947 4149 καὶ

297 4188 520 4268 γνησίαν
580 4189 744 4252 αὐτῆς
787 4197 812 4228 ο
865 4184 955 4239 καὶ
1011 4178 1302 4248 ἀκίϐδηλον
1330 4187 1422 4237 τοῦ
1450 4178 1640 4239 λοιποῦ
1669 4189 1941 4239 ποιοῦνται

298 4279 395 4345 τὴν
421 4273 727 4332 κοινωνίαν.

375 4362 558 4427 ΡΚΔ¹.
623 4361 809 4424 Καλῶς
852 4358 906 4416 δὲ
949 4358 1135 4424 αὖτοὺς
1184 4360 1212 4416 6
1246 4357 1588 4439 πατριάρχης
1641 4361 1728 4417 καὶ
1774 4361 1848 4425 ὡς
1880 4360 1941 4416 ἂν

2029 3283 2184 3344 nerit
2209 3281 2280 3344 ad
2316 3282 2662 3360 monachos,
2723 3291 2956 3364 oportet
3017 3283 3260 3344 omnino
3289 3295 3672 3362 perseverare

2027 3371 2089 3433 in
2144 3372 2216 3433 iis
2275 3370 2491 3450 quibus
2541 3373 2852 3453 hucusque
2902 3391 3214 3436 manemus
3244 3382 3303 3436 et
3331 3369 3668 3453 acquiesci-

2029 3480 2160 3522 mus
2197 3483 2211 3520 :
2266 3460 2360 3522 sin
2419 3469 2614 3523 autem
2673 3463 2745 3524 ad
2779 3462 3119 3544 episcopos,
3153 3481 3287 3524 cum
3320 3462 3468 3543 ipsis
3496 3479 3666 3523 com-

2029 3549 2361 3612 municare.
2419 3552 2585 3613 Hanc
2637 3550 2738 3611 ubi
2784 3553 3146 3614 sententiam
3179 3552 3479 3614 intulisset
3507 3552 3666 3612 Mar-

2027 3638 2235 3700 cianus
2271 3639 2421 3719 (75),
2485 3639 2681 3701 nullos
2738 3649 2864 3701 erat
2909 3659 2978 3702 ex
3027 3641 3380 3712 astantibus,
3417 3641 3518 3723 qui
3550 3657 3668 3703 non

2027 3728 2319 3792 laudaret.
2349 3730 2572 3791 Jactam
2606 3729 2802 3809 itaque
2849 3737 3096 3805 sortem,
3132 3729 3471 3792 habuerunt
3500 3730 3665 3811 epis-

2027 3822 2203 3899 copi;
2239 3817 2308 3880 iis
2338 3836 2477 3879 vero
2509 3819 2702 3879 statim
2734 3834 2947 3880 omnes
2977 3820 3516 3892 communicarunt,
3537 3838 3665 3880 rem

2029 3918 2312 3985 tanquam
2347 3927 2380 3968 a
2410 3907 2533 3969 Deo
2589 3907 2889 3969 decretam
2947 3907 3264 3984 arbitrati;
3299 3916 3512 3990 praeter
3541 3910 3662 3971 Ge-

2025 3998 2288 4060 rontium
2321 3997 2513 4059 solum
2549 4006 2607 4059 et
2651 3998 3012 4061 Romanum.
3063 4000 3264 4075 Atque
3316 4015 3526 4061 omnes
3552 3997 3666 4060 ad-

2027 4087 2253 4149 ducunt
2281 4105 2348 4148 se
2378 4106 2445 4149 ac
2477 4085 2744 4167 praebent
2769 4085 3051 4148 Ecclesia;
3083 4086 3314 4162 uniuni,
3347 4093 3405 4149 et
3435 4103 3662 4163 germa-

2029 4195 2165 4238 nam
2191 4175 2611 4258 sinceramque
2641 4173 2717 4238 de
2748 4185 2966 4239 caetero
2997 4175 3223 4238 iaciunt
3246 4195 3379 4240 cum
3410 4195 3480 4239 ea
3503 4194 3664 4240 cont-

2025 4266 2398 4331 munionem.

2104 4354 2694 4420 CXXIV.Patriarcha
2721 4373 2860 4418 vero
2889 4357 3136 4437 pulchre
3161 4355 3480 4438 illos,et,ut
3501 4357 3665 4422 dixe-

300 4455 474 4517 εἴποις
531 4453 592 4509 οὗ
647 4451 802 4531 χερσὶ
864 4449 1028 4525 μόνον
1085 4451 1321 4530 ὑπτίαις,
1385 4449 1525 4506 ἀλλὰ
1579 4451 1666 4507 καὶ
1725 4449 1938 4530 καρδίας

2034 4448 2252 4528 ris,non
2279 4445 2468 4508 solum
2495 4445 2726 4526 supinis
2751 4445 3046 4522 manibus,
3082 4446 3186 4509 sed
3216 4455 3274 4509 et
3296 4446 3494 4509 cordis
3514 4447 3662 4510 sini-

298 4543 520 4608 κόλποις
601 4539 914 4616 δεξάμενος,
989 4536 1241 4619 λαμπρὰν
1302 4539 1421 4620 σῗγει
1494 4539 1583 4596 καὶ
1660 4538 1936 4617 πάνδημον

372 4669 438 4724 36
463 4671 601 4754 Sap.
633 4689 716 4746 ix,
748 4670 846 4734 14.
932 4668 994 4721 57
1033 4672 1164 4734 Act.
1197 4687 1243 4752 ι,
1275 4668 1377 4732 26.

2022 4538 2132 4600 bus
2153 4533 2872 4618 excipiens,splendidum
2889 4536 3079 4616 agitet
3103 4535 3404 4619 publicum
3423 4537 3663 4602 festum.

1603 4747 1860 4812 νΑΡιιλΕ
1915 4747 2353 4814 LECTIONES.

372 4854 394 4882 ⁸
422 4841 502 4905 aI.
533 4843 818 4920 οἰομένοις.
903 4842 930 4884 δ
958 4841 1038 4907 al.
1071 4841 1378 4903 έπίσκοποι.
1462 4858 1489 4888 ο
1520 4839 1599 4902 al.
1635 4844 1819 4905 αύτοῖς
1854 4847 1912 4902 et
1945 4840 2182 4903 ἑαυτοῖς.

1513 4967 1724 5033 ιοΑΝ.
1772 4950 2153 5036 BOLLANDI
2194 4969 2445 5035 nom.

363 5131 474 5202 (Ἱῖ)
503 5130 662 5202 Passi
695 5138 828 5188 sunt
863 5131 971 5189 sub
1028 5129 1586 5202 DlocletianoiTarsi
1620 5129 1679 5188 in
1712 5131 1932 5191 Cilicia.

291 5201 373 5259 De
390 5204 493 5274 eis
525 5201 957 5274 agitMartyrol.
995 5202 1234 5260 Roman.
1271 5204 1329 5259 tt
1375 5201 1575 5260 Octob.

359 5273 478 5340 (73)
513 5272 616 5330 An.
648 5272 749 5330 Cb.
784 5272 908 5330 684.

362 5343 472 5415 (76)
503 5344 719 5426 Do_ron.
763 5345 930 5411 Dore,
968 5343 1312 5426 Dor,_§dor_.
1345 5352 1480 5426 etc.,
1521 5343 1931 5426 civitas-Inari-

290 5417 452 5484 tima,
483 5415 813 5481 undecimo,
846 5426 964 5481 aut,
996 5425 1058 5472 ut
1087 5415 1180 5472 alii
1214 5415 1434 5479 volunt.
1475 5430 1631 5473 nono
1662 5415 1932 5475 milliario

288 5501 318 5558 ρ
383 5488 647 5546 Caesarea
699 5485 1030 5556 Palaestina,
1083 5484 1456 5558 pergentibus
1502 5485 1926 5546 Ptolemaidem.

285 5557 592 5632 Legendus
623 5558 1028 5616 Adricbomius
1058 5557 1116 5616 in
1144 5557 1294 5616 tribu
1330 5558 1616 5616 Manasses
1645 5558 1789 5616 citra
1808 5559 1930 5618 Jor-

285 5630 491 5686 danem
525 5643 631 5686 can
683 5629 774 5686 26.

323 5645 491 5688 anem
525 5643 631 5700 cap
683 5643 774 5686 zu.

355 5702 474 5774 (75)
505 5699 782 5760 Summus
807 5700 893 5758 vir
922 5707 1116 5775 postea
1148 5701 1470 5760 Martianus
1516 5699 1638 5768 fuit,
1676 5701 1730 5757 in
1764 5701 1928 5776 cujus

2019 5133 2227 5191 horreo
2261 5133 2614 5208 frumentum
2646 5149 2716 5191 ex
2765 5137 2940 5194 unico
2997 5151 3177 5208 grano
3225 5134 3502 5193 divinitus
3542 5149 3653 5192 una

2017 5216 2185 5262 nocte
2220 5206 2527 5263 admodum
2579 5206 2936 5275 duplicatum
2983 5206 3182 5268 fuisse.
3214 5209 3430 5264 dictum
3471 5217 3556 5262 est
3601 5211 3657 5263 in

2017 5275 2136 5334 Vita
2169 5275 2226 5334 S.
2259 5275 2592 5346 Theodosii,
2627 5281 2686 5334 11
2723 5279 2983 5337 Januarii
3017 5293 3178 5336 num.
3215 5277 3279 5334 61
3336 5288 3392 5336 et
3437 5277 3526 5334 62.
3589 5278 3654 5336 In

2014 5347 2133 5404 Vita
2183 5347 2239 5401 S.
2297 5347 2452 5405 Sabaa
2511 5347 2717 5406 dicitur
2774 5357 3007 5406 sanctus
3043 5349 3223 5407 abbas
3281 5356 3336 5406 et
3365 5350 3446 5405 vir
3486 5351 3657 5409 Ionae

2014 5420 2309 5490 Optimus;
2341 5420 2441 5490 qui
2473 5419 2692 5476 visione
2724 5421 2937 5480 cmlesti
2975 5422 3228 5490 monitus
3260 5421 3471 5484 fuerat.
3505 5429 3567 5478 ut
3592 5419 3654 5479 S.

2013 5491 2174 5548 Sabae
2205 5489 2273 5544 de
2329 5489 2672 5548 necessariis
2725 5491 3067 5560 provideret.
3109 5489 3268 5549 Obiit
3306 5492 3657 5550 universalis

2011 5561 2473 5619 Archimandrita
2517 5563 2777 5619 omnium
2826 5564 3308 5620 monasteriorum
3341 5581 3370 5619 a
3398 5562 3656 5623 Salustio

2010 5631 2344 5691 Patriareha
2383 5635 2755 5704 constitutus,
2795 5635 2888 5692 cui
2938 5632 3162 5694 suﬂecti
3221 5633 3318 5694 SS.
3379 5633 3560 5695 Sabas
3602 5645 3656 5697 et

2010 5703 2389 5765 Theodosius.

2098 5717 2389 5762 θοαοειιιε.
