4090 6198
418 322 538 389 703

1707 316 1987 380 MENSIS
2027 318 2483 381 JANUARIUS.

3660 322 3768 388 ’704

423 460 713 523 Ρτωοιπθ
762 457 922 522 enim
981 453 1304 518 admodum
1365 451 1593 515 civitati
1646 456 1916 512 exortum
1975 461 2064 513 est

2156 454 2364 534 ἑορτήν,
2418 451 2684 512 ’Λνέτειλε
2729 455 2829 535 γάρ
2880 461 2949 533 τῇ
2995 455 3152 516 πόλει
3211 459 3400 526 τὸτῆς
3435 459 3648 538 εἰρήνης
3679 482 3774 517 κασ-

420 549 642 612 bonum
671 550 876 630 pacis;
910 555 966 609 et
1011 547 1219 607 laetata;
1268 551 1408 605 sunt
1459 541 1667 622 platea;
1697 539 2058 615 Jerusalem,

418 629 800 722 Deoque’per
829 635 1030 698 omnia
1057 634 1249 714 gloria
1275 631 1665 693 oﬂ‘erebatur.
1698 629 1772 691 At
1824 631 2060 722 Geron-

423 731 538 791 tius
565 719 630 791 et
658 729 982 803 Romanus,
1019 724 1117 786 ille
1167 722 1409 804 quidem
1454 729 1766 800 postquam
1802 719 2062 800 quadra-

420 820 582 897 ginta
611 823 879 894 quinque
939 831 1130 873 annos
1185 810 1518 892 praefuisset
1579 809 1768 870 beatze
1799 807 2065 870 Melaniae

423 904 825 983 monasteriis,
862 904 956 965 hic
988 902 1047 962 in
1081 920 1218 962 vero
1251 901 1630 962 Thecoorum
1663 901 1816 971 vico,
1856 906 1916 958 ut
1939 899 2064 976 jam

418 1013 594 1075 supra
628 993 910 1067 diximus,
948 991 1374 1053 monasterium
1410 986 1862 1061 construxisset,
1889 987 2064 1048 dein-

420 1086 492 1147 de
526 1103 591 1145 ex
627 1083 772 1164 ipsis
806 1082 988 1144 etiam
1023 1081 1276 1162 turpiter
1310 1088 1555 1159 propter
1577 1077 1924 1156 dogmatum
1959 1077 2067 1137 im-

422 1173 700 1254 pietatem
735 1172 996 1254 expulsi,
1054 1171 1192 1233 mali
1252 1169 1404 1232 male
1464 1169 1578 1228 huc
1610 1175 1668 1227 et
1697 1166 1841 1228 illuc
1875 1167 2060 1227 ober-

419 1271 620 1325 rantes
645 1262 950 1326 obierunt.
987 1259 1104 1323 Sed
1136 1260 1264 1322 haec
1292 1257 1532 1340 quidem
1565 1258 1716 1321 facta
1747 1265 1884 1318 sunt
1907 1264 2060 1317 tem-

420 1352 667 1434 poribus
699 1352 977 1414 Zenonis.

503 1531 736 1596 CXXV.
773 1526 1180 1607 Sequcntibus
1211 1546 1350 1590 vero
1381 1525 1580 1600 annis,
1633 1544 1769 1588 cum
1804 1524 2058 1586 Anasta-

420 1625 546 1685 sius
573 1622 708 1700 (76)
742 1629 872 1700 post
902 1619 1099 1698 ipsum
1149 1615 1479 1697 accepisset
1529 1613 1873 1695 imperium,
1910 1615 2060 1674 Bar-

423 1713 550 1776 bari
581 1713 704 1791 ('17)
756 1709 1104 1772 incursione
1148 1708 1325 1782 facta,
1383 1715 1442 1768 et
1472 1724 1682 1784 magna
1713 1702 2061 1766 solitudinis

2145 542 2235 600 λον
2291 543 2489 624 σφόδρα
2551 543 2730 611 καλῶς
2767 563 2783 580 ⁶
2845 550 2932 604 καὶ
2993 549 3043 604 αἱ
3119 547 3371 607 πλατεῖαι
3433 547 3777 627 Ἰερουσαλὴμ

2149 634 2542 714 ηὐφράνθησαν,
2596 635 2684 691 καὶ
2743 636 2872 700 Θεὸς
2921 641 2988 706 ἦν
3019 635 3104 717 διὰ
3152 638 3364 694 πάντων
3397 637 3776 717 δοξοὶογούμε-

2146 744 2256 786 νος.
2321 724 2595 800 Γερόντιος
2671 725 2857 800 μέντοι
2915 727 3001 782 καὶ
3061 716 3354 802 Ῥωμανὸς,
3404 730 3432 784 6
3492 716 3606 803 μὲν
3644 729 3779 804 πέμ-

2147 835 2276 868 πτον
2334 812 2418 869 ἐπὶ
2449 825 2565 878 τοῖς
2613 814 3013 893 τεσσαράκοντα
3053 814 3192 890 ἔτος,
3256 823 3359 872 τῶν
3393 821 3496 885 τῆς
3528 817 3779 894 μακαρίας

2148 900 2396 968 Μελάνης
2443 906 2812 980 μοναστηρίων
2893 904 3338 983 ἀφηγησάμενος,
3402 905 3430 960 6
3505 903 3561 961 δὲ
3611 904 3663 962 ἐν
3717 912 3780 980 τῇ

2147 992 2398 1063 Θεκώων,
2431 993 2505 1056 ὼς
2536 991 2646 1048 ἄνω
2687 992 2779 1049 τοῦ
2836 992 2997 1071 λόγου
3035 995 3324 1072 φθάσαντες
3359 995 3568 1075 ἔφημεν
3596 997 3648 1064 ἀ,
3681 1017 3780 1068 μο-

2147 1081 2428 1157 ναστήριον
2487 1082 2893 1156 συστησάμενος
2925 1099 2940 1114 ⁶
3003 1088 3123 1139 εἶτα
3183 1085 3273 1140 καὶ
3343 1085 3521 1140 αὐτῶν
3579 1082 3779 1140 ἀπελα-

2144 1169 2320 1233 θέντες
2374 1172 2638 1250 αίσχρῶς,
2692 1169 2776 1229 διὰ
2829 1173 2928 1240 τὴν
2987 1176 3092 1229 τῶν
3149 1172 3483 1252 δεδογμένων
3517 1171 3778 1248 ἀσέϐειαν,

2143 1259 2304 1315 κακοί
2363 1266 2542 1322 κακῶς
2601 1259 2728 1336 τῇδε
2810 1262 3034 1319 κάκεῖσε
3106 1263 3398 1340 περιιόντες
3472 1262 3776 1342 ἀπῷχοντο.

2142 1345 2310 1406 Ἀλλά
2353 1355 2518 1406 ταῦτα
2570 1351 2668 1426 μὲν
2725 1351 2810 1408 ἐπὶ
2863 1357 2969 1409 τῶν
3025 1360 3118 1411 τοῦ
3161 1355 3408 1423 Ζήνωνος
3440 1359 3640 1432 καιρῶν
3669 1352 3782 1426 ἐγε-

2144 1438 2310 1517 γόνει.

2229 1531 2403 1588 PKE'.
2459 1538 2587 1594 Τοῖς
2639 1527 2686 1584 δ’
2736 1529 2863 1598 ἑξῆς
2914 1533 3206 1611 ἱνιαυτοῖς,
3255 1533 3607 1590 Ἀναστασίου
3670 1531 3778 1606 μετ’

2146 1618 2303 1675 αὐτὸν
2356 1624 2453 1685 τὴν
2509 1619 2784 1696 βασιλείαν
2843 1620 3268 1693 παραλαϐόντος,
3331 1621 3710 1701 ἐπιδραμόντες
3739 1623 3780 1677 οἱ

2146 1705 2427 1786 Βέρϐαροι,
2493 1709 2577 1764 καὶ
2634 1707 2838 1778 πολλὴν
2897 1716 2994 1777 τῆς
3053 1711 3250 1789 ἐρήμου
3293 1709 3564 1788 κείραντες
3594 1732 3648 1767 τε
3701 1710 3782 1765 καὶ

421 1812 588 1885 parte
621 1799 982 1882 depopulata
1013 1806 1070 1860 ct
1100 1805 1346 1872 vastata,
1383 1803 1726 1857 everterunt
1757 1795 1886 1885 ipsa
1915 1811 2056 1885 quo-

2156 1795 2545 1876 λωϐησάμενοι,
2630 1799 3057 1875 κατεστρέψαντο
3141 1804 3228 1857 καὶ
3311 1803 3474 1866 αὐτὰς
3533 1802 3627 1862 τας
3684 1807 3782 1856 τῶν

422 1880 538 1972 que
568 1880 982 1972 Agerenorum
1031 1886 1435 1959 tabernacula,
1486 1903 1619 1966 quae
1667 1903 1784 1945 non
1820 1883 1900 1944 ita
1931 1884 2056 1961 pri-

2169 1888 2462 1964 Λγαρηνῶν
2534 1889 2763 1966 σκηνὰς,
2824 1891 2884 1953 ἃς
2957 1893 2984 1946 6
3043 1889 3213 1968 μέγας
3287 1895 3476 1954 αὐτοῖς
3541 1890 3782 1964 Εὒθύμιος

419 1983 555 2045 dem
589 1984 678 2044 eis
713 1997 959 2058 magnus
1009 1978 1224 2038 ﬁxerat
1271 1975 1646 2055 Euthymius.
1685 1973 1914 2035 Deinde
1947 1973 2059 2034 ho-

2156 1977 2330 2055 πρώην
2375 1976 2680 2052 πηξάμενος
2743 1979 2830 2047 ἦν.
2891 1979 3124 2037 ’Ἔπειτα
3171 1983 3218 2036 οἱ
3277 1981 3374 2054 μὲν
3427 1980 3628 2036 τούτων
3661 1982 3780 2034 ἔπι-

421 2090 554 2133 rum
589 2071 945 2149 insigniores
978 2066 1094 2128 alia
1124 2065 1236 2127 sibi
1271 2072 1534 2128 excitant
1565 2063 1722 2126 circa
1757 2071 2063 2124 monaste-

2156 2066 2482 2146 pzvéo‘tepm,
2561 2067 2743 2146 ἑτέρας
2823 2069 3037 2132 ἑαυτοῖς
3095 2069 3350 2127 ἀιιστῶσι
3401 2071 3522 2148 περὶ
3579 2075 3647 2145 τῇ
3699 2074 3784 2124 τοῦ

420 2163 574 2223 rium
635 2157 901 2240 Martyrii
962 2157 1263 2230 monachi,
1317 2164 1375 2217 et
1429 2154 1650 2235 templa
1696 2153 1952 2232 erigunt.
1991 2153 2064 2214 At

2156 2167 2397 2236 μοναχοῦ
2455 2159 2745 2236 Μαρτυρίου
2803 2166 2966 2236 μονῇ,
3030 2162 3117 2216 καὶ
3191 2161 3346 2222 ναοὺς
3405 2159 3784 2238 ἀνεγείρουσιν.

421 2249 690 2329 Barbari,
721 2247 986 2311 secunda
1016 2249 1078 2308 in
1130 2265 1232 2307 eos
1272 2244 1489 2306 iterum
1542 2243 1634 2304 usi
1657 2243 2062 2322 expeditione,

2156 2251 2211 2305 Οἱ
2269 2245 2322 2302 δὲ
2383 2245 2639 2326 Βάρϐαροι
2683 2246 2896 2327 δευτέρᾳ
2953 2250 3041 2305 καὶ
3101 2248 3248 2312 αὖθις
3283 2247 3458 2328 ἐφόδῳ
3515 2249 3784 2329 χρησάμε-

420 2341 568 2404 alios
621 2339 862 2420 quidem
918 2335 1295 2408 interimunt,
1360 2333 1511 2395 alios
1568 2351 1710 2393 vero
1761 2331 2070 2393 abducunt

421 2428 946 2510 captivos,aliquos
969 2433 1169 2489 autem
1198 2424 1256 2484 in
1283 2424 1395 2485 alia
1422 2421 1639 2503 oppida
1672 2421 2064 2501 compellunt,

422 2539 641 2601 nempe
672 2537 775 2582 eos
807 2517 907 2598 qui
937 2535 1004 2578 ex
1049 2515 1355 2596 inopinato
1387 2511 1732 2592 superiores
1767 2512 1880 2572 hoc
1913 2515 2068 2592 peri-

423 2611 556 2673 culo
589 2625 1002 2682 evasere,cum
1045 2623 1255 2683 magna
1293 2611 1350 2663 et
1381 2601 1702 2664 admodum
1732 2601 1924 2680 gravis
1949 2601 2070 2662 illic

422 2701 637 2763 fuisset
667 2700 793 2760 haec
822 2695 1221 2758 Barbarorum
1257 2691 1545 2754 incursio.

503 2789 753 2852 CXXVI.
787 2789 1080 2848 Ca~terum
1115 2783 1323 2844 beatus
1365 2781 1555 2855 Elias,
1612 2779 1713 2861 qui
1749 2789 1912 2842 recte
1945 2779 2068 2840 Eu-

434 2878 638 2956 thymii
672 2875 883 2937 ovibus
914 2879 1189 2953 praeerat,
1216 2880 1527 2951 postquam
1575 2869 1714 2932 totis
1745 2868 1984 2949 triginta
2015 2877 2072 2930 et

435 2977 574 3028 octo
624 2965 798 3028 annis
855 2965 1148 3023 tenuisset
1204 2961 1548 3022 monasterii
1629 2958 2067 3038 pnefecturam,

428 3056 736 3135 multaque
769 3051 1055 3133 praeclara
1087 3059 1142 3112 et
1175 3049 1416 3130 egregia
1462 3050 1518 3109 in
1555 3067 1622 3110 ea
1651 3048 1894 3110 fecisset
1922 3066 2072 3126 ope-

2151 2358 2253 2411 νοι,
2299 2337 2419 2399 τοὺς
2479 2337 2577 2411 μὲν
2637 2338 2931 2411 ἀναιροῦσι,
2969 2339 3092 2402 τοὺς
3125 2337 3179 2394 δὲ
3230 2339 3556 2407 κατάγουσιν
3599 2339 3788 2416 αἰχμά·

2152 2424 2378 2506 λώτους,
2414 2428 2533 2490 τοὺς
2591 2425 2646 2483 δὲ
2696 2428 2781 2484 καὶ
2830 2429 2904 2491 εἰς
2937 2427 3120 2505 ἐτέρας
3153 2427 3532 2485 συνελαύνουσι
3582 2425 3786 2502 κώμας,

2154 2515 2269 2573 ὅσοι
2329 2517 2623 2595 κρείττονες
2683 2520 2745 2572 ὲκ
2800 2515 3117 2594 παραδόξου,
3177 2525 3267 2575 τοῦ
3330 2517 3574 2574 κινδύνου
3615 2518 3790 2574 τούτου

2153 2605 2512 2679 κατέστησαν,
2547 2604 2791 2684 μεγάλης
2849 2605 3047 2686 σφόδρα
3107 2608 3196 2664 καὶ
3240 2606 3497 2687 χαλεπῆς
3540 2610 3636 2676 τῆς
3692 2626 3788 2661 κα-

2153 2695 2422 2774 ταδρομῆς
2455 2696 2651 2762 ταύτης
2685 2703 2791 2754 τῶν
2838 2694 3118 2775 Βαρϐάρων
3151 2696 3268 2753 ἐκεῖ
3296 2697 3616 2775 γενομένης.

2237 2785 2425 2860 ΡΒς’¹.
2486 2789 2546 2843 Ὀ
2591 2786 2774 2860 μέντοι
2819 2788 3120 2863 μακαρίτης
3176 2777 3355 2851 Ἠλίας
3398 2789 3426 2842 6
3484 2785 3661 2850 καλῶς
3689 2789 3787 2840 τῶν

2158 2878 2414 2951 Εὖθυμίου
2472 2874 2749 2953 προϐάτων
2805 2877 3174 2954 ἡγεμονεύων,
3236 2875 3290 2932 ἐν
3323 2877 3469 2933 ὀκτὼ
3503 2888 3618 2937 τοῖς
3650 2873 3786 2935 ὅλοις

2157 2966 2422 3029 ἐνιαυτοῖς
2454 2967 2541 3022 καὶ
2598 2966 2882 3042 τριάκοντα
2935 2971 3036 3032 τὴν
3079 2972 3178 3033 τῆς
3246 2971 3418 3040 μονῆς
3483 2964 3788 3042 προστασίαν

2155 3057 2530 3134 ἐγχειρισθεὶς,
2595 3057 2682 3110 καὶ
2739 3054 2916 3112 πολλά
2965 3057 3062 3130 μὲν
3137 3068 3363 3134 γενναῖα
3423 3057 3511 3112 καὶ
3580 3053 3789 3128 λαμπρά

425 3163 514 3220 ra,
551 3152 602 3203 et
641 3159 914 3221 magnum
955 3140 1041 3200 sui
1079 3157 1346 3200 amorem
1398 3138 1747 3216 reliquisset
1793 3137 2064 3198 fratribus

2158 3145 2277 3201 κατ’
2338 3144 2498 3211 αὐτὴν
2557 3143 2966 3218 ἀποδειξάμενος
3019 3144 3171 3222 ἔργα,
3234 3143 3370 3201 πολὺ
3429 3143 3486 3202 δὲ
3547 3145 3632 3202 καὶ
3678 3140 3790 3220 φίλ-

425 3239 682 3306 cttnctis,
739 3231 840 3312 qui
893 3233 949 3292 in
1011 3229 1098 3291 eis
1158 3229 1315 3307 viget
1363 3246 1552 3309 usque
1603 3227 1662 3287 in
1714 3227 2064 3288 hodiernum

2159 3257 2280 3312 τρον
2343 3241 2471 3290 πᾶσι
2525 3248 2640 3296 τοῖς
2701 3232 2957 3313 ἀδελφοῖς
3007 3237 3097 3290 καὶ
3140 3235 3212 3299 εἰς
3255 3233 3332 3290 ἔτι
3380 3237 3468 3291 καὶ
3500 3243 3588 3293 νῦν
3619 3233 3793 3293 αὖτοῖς

426 3326 610 3400 diem,
673 3324 803 3405 ipse
851 3340 1085 3403 quoque
1149 3320 1305 3382 felici
1357 3318 1428 3380 ad
1488 3318 1804 3379 Dominum
1841 3318 2064 3380 excedil

2158 3323 2453 3399 ἐνακμάζον
2513 3322 2850 3398 καταλιπὼν,
2897 3327 2995 3391 τὴν
3053 3325 3316 3399 μακαρίαν
3371 3327 3506 3402 πρὸς
3566 3324 3658 3379 τὸν
3709 3318 3794 3376 δε-

424 3413 798 3496 profectione
854 3413 1004 3490 (78).
1065 3411 1210 3473 Cum
1267 3407 1505 3490 quidam
1563 3415 1760 3496 autem
1817 3406 2064 3487 Symeon

2159 3415 2367 3481 σπότην
2425 3415 2512 3470 καὶ
2575 3416 2733 3478 αὐτὸς
2793 3411 3023 3488 ἐκδημεῖ
3084 3413 3326 3491 πορείαν.
3389 3413 3617 3488 Συμεὼν
3670 3430 3694 3457 e
3746 3405 3797 3464 δέ

422 3495 782 3584 Apamensis
816 3508 951 3583 post
981 3500 1150 3561 illum
1207 3497 1545 3577 accepisset
1575 3495 2064 3576 gubernationem

2160 3525 2302 3568 τινος
2361 3500 2646 3578 Ἀπαμὲως
2711 3505 2804 3570 την
2868 3504 3048 3582 ἀρχὴν
3110 3502 3228 3578 μετ’
3272 3501 3484 3559 ἐκεῖνον
3517 3497 3792 3574 ἐκδεξαμέ-

449 3597 575 3671 '79),
612 3603 856 3668 tresque
891 3599 1119 3651 tantum
1183 3589 1240 3648 in
1293 3606 1364 3648 ea
1395 3605 1588 3647 annos
1635 3587 1898 3661 vixisset,
1934 3585 2064 3648 Steo

2159 3616 2269 3672 νου,
2325 3594 2410 3649 καὶ
2454 3593 2626 3670 τρίτον
2658 3595 2791 3668 αὖτῇ
2822 3593 2982 3666 μόνον
3037 3589 3365 3653 ἐπιϐιοῦντος
3405 3589 3445 3666 ί,
3510 3589 3791 3667 Στέφανος,

427 3685 660 3763 phanus
703 3681 896 3746 Arabs
946 3697 1194 3759 genere,
1249 3693 1562 3738 successor
1593 3676 1723 3756 ejus
1754 3677 2064 3738 constitui‘

2156 3683 2336 3760 ’Ἄραψ
2391 3684 2452 3738 τὸ
2510 3681 2684 3758 γένος,
2739 3679 2992 3762 διάδοχος
3048 3680 3250 3738 ἐκείνου
3320 3682 3631 3738 καθίσταται
3667 3696 3679 3708 ⁹
3743 3677 3794 3737 ὃς

431 3751 566 3847 tur;
607 3772 712 3854 qui
745 3751 980 3832 mortuo
1013 3751 1194 3830 fratre
1227 3765 1543 3845 Procopio,
1598 3751 1911 3828 sexcentos
1962 3785 2064 3828 au-

2156 3770 2600 3838 τετελευτηκότος
2661 3771 2806 3844 αὐτῷ
2861 3778 2953 3828 τοῦ
3009 3768 3238 3849 ἀδελφοῦ
3289 3772 3616 3848 Προκοπίου,
3677 3764 3794 3830 ὲΞαο

426 3883 564 3927 reos
595 3853 666 3926 ex
699 3861 875 3923 bonis
907 3858 1169 3940 paternis
1197 3855 1404 3917 tribuit
1439 3855 1826 3920 monasterio.

2156 3864 2362 3924 κοσίους
2421 3861 2480 3916 ἐκ
2538 3867 2644 3916 τῶν
2688 3858 2946 3938 πατρῷων
3001 3861 3232 3940 χρυσοῦς
3283 3864 3352 3936 τῇ
3403 3865 3548 3936 μονῇ
3604 3853 3792 3914 ἀπονέ-

2158 3974 2271 4028 μει,

468 4037 880 4106 CXXVII.Sub
906 4036 1112 4097 eadem
1135 4035 1309 4095 etiam
1340 4042 1610 4114 tempora
1633 4033 1929 4097 Caesarius
1946 4034 2064 4111 qui-

2241 4040 2406 4102 PKZ'.
2453 4031 2583 4096 ’Υπὸ
2642 4036 2698 4094 δὲ
2753 4039 2876 4101 τοὺς
2941 4039 3123 4100 οὖτοὺς
3168 4037 3420 4118 χρόνους,
3471 4039 3559 4093 καὶ
3594 4032 3784 4093 Καισάο

425 4137 559 4198 dam
576 4128 1127 4206 Antioclienus,qui
1147 4128 1204 4187 in
1219 4126 1498 4188 civilibus
1515 4126 1954 4206 magistratibus
1967 4146 2064 4191 saa-

2160 4132 2269 4212 ριός
2327 4154 2406 4194 τις
2467 4128 2803 4208 Ἀντιοχεὺς,
2838 4129 2893 4184 ἐν
2951 4127 3257 4192 πολιτικαῖς
3288 4129 3496 4208 ἀρχαῖς
3541 4123 3790 4182 πολλάκις

429 4243 502 4305 pe
527 4223 744 4282 bonam
781 4226 908 4279 erat
932 4223 1244 4278 assecutus
1277 4215 1809 4290 existimationem,
1835 4235 1970 4278 cum
2003 4218 2064 4279 ad

2163 4219 2548 4294 εὗδοκιμήσας,
2613 4219 2685 4281 εἷς
2729 4219 2825 4286 τὴν
2885 4219 3036 4296 ἁγίαν
3095 4217 3252 4274 πόλιν
3306 4207 3656 4291 παραϐαλὼν,
3713 4207 3796 4265 καὶ

431 4304 697 4374 sanctam
735 4306 997 4368 venisset
1021 4304 1344 4372 civitatem,
1383 4313 1441 4365 et
1476 4305 1620 4367 satis
1653 4305 1890 4383 longum
1921 4323 2064 4370 esset

2163 4316 2359 4391 χρόνον
2416 4309 2592 4364 ἐκεῖσε
2652 4307 3005 4385 κατασχεθεὶς
3061 4309 3266 4386 ἱκανὸν,
3299 4307 3454 4363 πάθει
3506 4306 3607 4360 τινὶ
3663 4320 3798 4375 περι·

433 4411 668 4479 tempus
699 4395 823 4458 illic
858 4401 1149 4468 moratus,
1177 4393 1389 4454 incidit
1413 4395 1472 4454 in
1495 4393 1768 4473 corporis
1801 4393 2064 4456 morburr

2163 4403 2343 4458 πίπτει
2403 4403 2717 4472 σωμανικῷ,
2769 4393 2966 4476 σφόδρα
3028 4395 3282 4476 χαλεπῷ.
3338 4394 3489 4452 Ἐπεὶ
3537 4392 3590 4449 δὲ
3650 4396 3795 4447 τοῦτο

434 4483 1167 4570 gravissimum.Qnouiam
1185 4502 1326 4544 vero
1341 4483 1551 4546 deerat
1565 4501 1778 4544 manus
1794 4487 2053 4548 curatrix

2165 4490 2347 4569 χειρὸς
2404 4488 2593 4565 ἠπορει
2665 4485 3082 4560 θεραπευούσης,
3159 4483 3434 4564 καρτερίας
3509 4503 3568 4538 τε
3628 4485 3794 4543 πάσης

436 4567 490 4642 et
514 4596 742 4640 omnem
776 4579 1008 4637 morbus
1026 4577 1331 4647 superabat
1361 4574 1718 4631 tolerantiam.
1743 4580 2059 4634 amicorum

2165 4567 2267 4634 iui
2309 4576 2405 4643 τῆς
2468 4574 2527 4631 ἐκ
2583 4574 2749 4655 φίλων
2799 4575 3128 4651 παραμυθίας
3184 4575 3248 4642 ἦν
3291 4573 3659 4654 ἰσχυρότερον,
3711 4567 3797 4623 οὒκ

440 4687 556 4750 que
579 4663 1206 4741 consolationem,non
1234 4657 1459 4719 habens
1487 4657 1588 4718 ille
1610 4657 1890 4738 quidnam
1917 4660 2064 4722 dein

2166 4667 2312 4746 ἔχων
2349 4665 2376 4720 ὅ
2432 4687 2482 4720 τι
2539 4665 2808 4744 χρήσαιτο
2851 4663 3042 4720 λοιπὸν
3090 4665 3285 4736 ἑαυτῷ,
3345 4663 3489 4741 παρά
3521 4664 3613 4718 τὸν
3641 4658 3795 4736 τάφον

441 4747 581 4838 ceps
599 4755 706 4816 sibi
732 4748 1339 4827 adhiberet,confugit
1359 4747 1431 4808 ad
1457 4748 1798 4838 sepulcrum
1827 4748 2064 4814 admiral

2169 4754 2484 4833 καταφεύγει
2539 4760 2631 4809 τοῦ
2687 4752 2989 4825 θαυμαστοῦ
3049 4753 3300 4827 Εὖθυμίου
3329 4768 3343 4783 ⁶
3405 4753 3496 4807 καὶ
3543 4751 3603 4806 τὸ
3650 4747 3793 4802 ἐκεῖ·

445 4832 583 4944 bilis
599 4842 899 4923 Euthymii
928 4859 942 4904 :
965 4849 1024 4903 et
1045 4838 1202 4920 quod
1229 4837 1392 4900 illinc
1415 4845 1542 4898 erat
1565 4837 1862 4912 oleum,tit
1883 4843 2064 4902 statin

2167 4850 2254 4902 θεν
2311 4832 2506 4916 ἕλοιον,
2564 4839 2852 4918 ἀπαλλαγὴ
2911 4847 3002 4897 τοῦ
3062 4841 3255 4906 πάθους
3305 4842 3450 4906 εὐθὺς
3504 4846 3578 4913 τῷ
3612 4832 3798 4913 ἀνθρώο

1762 4970 2014 5035 VARIAE
2066 4974 2502 5039 LECTIONES.

1720 5091 1740 5132 ί
1764 5089 1844 5148 al.
1873 5090 2063 5153 inser.
2099 5093 2240 5157 ἔτος.

1685 5221 1890 5287 JOAN.
1940 5221 2315 5290 BOLLANDI
2357 5224 2598 5289 NOTAE.

525 5391 899 5466 (76)Olybri_o
939 5389 1077 5466 _so_lo
1136 5384 1376 5442 consule
1432 5396 1527 5438 an.
1581 5381 1706 5438 491.
1767 5381 2091 5442 lndictione
2175 5384 2342 5466 Prior
2374 5388 2488 5442 haec
2547 5386 2790 5466 irruptio
2841 5392 2974 5443 anto
3035 5397 3276 5443 mortem
3333 5382 3470 5440 Elia)
3501 5361 3801 5447 begumeni

448 5457 569 5529 xui,
607 5457 664 5520 i’n
697 5457 814 5520 Vita
848 5462 904 5518 S.
933 5462 1120 5518 Saba}.
1621 5525 1672 5529 __
1811 5523 1823 5529 Α
2180 5457 2406 5515 videtur
2437 5457 2764 5528 contigisse.

524 5523 636 5606 (77)
689 5535 1065 5606 Theopbaues
1119 5529 1217 5585 lib.
1280 5539 1377 5606 xv,
1429 5539 1554 5596 cap.
1613 5525 1703 5606 19_
1738 5523 1906 5606 re_lert
1943 5541 2098 5606 anno
2253 5529 2368 5606 (1:5)
2399 5531 2507 5606 An.
2541 5523 2798 5606 95.511.

454 5597 740 5663 Anastasii
778 5597 866 5660 tt'
888 5602 1306 5660 Saracenorum
1360 5600 1658 5675 incursum
1689 5599 1752 5675 i_n
1783 5597 2098 5656 Phtenicen
2255 5601 2367 5670 (79)
2402 5604 2508 5658 An.
2541 5602 2664 5658 514.

456 5687 508 5737 et
537 5677 757 5754 Syriam
788 5689 990 5735 rursus
1020 5676 1146 5748 (seu
1177 5669 1426 5728 secunda
1476 5668 1617 5738 vice)
1649 5668 1912 5728 eﬂectum
1950 5685 2100 5738 esse,

525 5106 550 5144 ἀ
579 5106 658 5159 at.
696 5095 1076 5169 ἐδηλώσαμεν.
1157 5095 1180 5123 ⁸
1208 5087 1288 5149 al.
1325 5088 1634 5164 Συμεῶνος.
