4090 6198
427 295 538 356 711

1722 287 2003 356 MENSIS
2042 280 2495 360 IANUARIUS.

3677 285 3790 357 712

433 429 712 507 Zenonis,
741 427 1168 492 monachorum
1197 445 1328 490 cum
1352 428 1748 507 suscepissem
1768 426 2049 490 habitum.

2150 428 2388 497 Ζήνωνος
2424 430 2533 509 (α),
2566 431 2627 488 τὸ
2671 431 2777 488 τῶν
2807 435 3067 510 μοναχῶν
3095 427 3335 485 ὑπελθὼν
3365 423 3584 508 σχῆμα,
3626 426 3788 485 δεινόν

431 522 640 582 vehem
654 519 896 599 entique
917 535 1215 597 pungerer
1230 515 1438 578 aculeo
1452 517 1674 577 amoris
1691 521 1904 597 quietae
1920 515 2070 589 vitae,

435 627 504 671 ac
530 607 808 688 gestirem
829 608 959 685 ipse
979 606 1153 667 etiam
1185 604 1458 666 habitare
1484 606 1542 666 in
1569 605 2076 686 solitudinequm-

2157 540 2215 575 τε
2247 521 2473 598 ἡσυχίας
2505 519 2702 577 ὠδίνων
2748 521 2940 597 ἔρωτα,
2977 521 3061 576 καὶ
3091 519 3190 586 τὴν
3234 518 3434 595 ἔρημον
3467 516 3675 584 οἰκῆσαι
3706 519 3789 573 καὶ

2158 610 2312 669 αὒτὸς
2373 609 2528 689 ἐρῶν,
2603 611 2946 687 εὔπρόσωπον
3005 607 3178 664 ἄλλως
3238 607 3486 685 ἀφορμὴν
3545 606 3786 678 ἐζήτουν,

429 699 632 760 rebam
662 698 967 756 honestam
995 694 1262 772 alioquin
1295 695 1702 769 occasionem,
1744 703 1806 755 ut
1836 695 1890 755 id
1923 713 2049 756 coni

2157 697 2294 754 ὥστε
2355 700 2542 756 τούτου
2587 705 2798 779 τυχεῖν.
2846 698 3088 774 Ἀπορῶν
3131 696 3185 752 δὲ
3250 698 3453 773 ἐτέρας,
3516 695 3785 762 ἐσκηπτό-

428 802 738 866 sequerer.
767 782 942 844 Nulla
969 801 1103 844 vero
1129 783 1243 844 alia
1267 785 1525 858 inventa,
1555 804 1674 865 prae
1699 803 1795 845 me
1818 783 1922 845 tuli
1947 803 2067 844 ma-

427 893 543 954 gno
566 872 757 935 teneri
783 891 878 933 me
900 872 1204 935 desiderio
1228 893 1366 952 erga
1388 874 1827 936 dedicationem
1852 871 2064 935 Eccle-

425 963 528 1024 site
546 960 1186 1041 Hierosolymitanaa,et
1209 964 1352 1043 petii
1371 963 1672 1025 licentiam
1692 963 1834 1025 illuc
1855 963 2059 1025 eundi.

429 1051 723 1115 Dimissus
746 1051 927 1130 igitur
955 1070 989 1112 a
1020 1051 1360 1131 praeposito,
1399 1052 1498 1113 ubi
1527 1055 1647 1131 jam
1681 1071 1714 1113 a
1746 1051 2062 1131 metropoli

425 1140 1050 1223 Scytbopolitanorum
1086 1160 1247 1204 eram
1277 1142 1676 1212 discessurus,
1713 1141 2053 1204 mandatum

422 1231 536 1292 hoc
563 1230 707 1292 mihi
734 1231 831 1292 dat
857 1243 1066 1302 mater,
1103 1241 1164 1292 ut
1195 1232 1342 1293 nihil
1375 1251 1447 1295 ex
1476 1233 1660 1294 rebus
1690 1232 1761 1292 ad
1795 1232 2054 1293 animam

423 1320 890 1402 pertinentibus,
951 1321 1173 1401 absque
1234 1321 1646 1384 admonitione
1693 1331 1751 1382 et
1805 1321 2055 1382 consilio

420 1411 668 1473 Joannis
688 1410 958 1486 solitarii,
987 1429 1055 1472 ex
1083 1430 1175 1472 me
1197 1411 1452 1473 facerem
1483 1434 1494 1471 :
1521 1414 1609 1474 Ne
1641 1411 1810 1487 forte,
1837 1411 2052 1491 inquit,

421 1499 617 1561 statim
649 1498 720 1559 ab
758 1499 926 1560 initio
959 1499 1308 1580 imprudens
1335 1500 1646 1562 abducaris
1693 1504 1751 1562 in
1783 1518 2050 1563 errorem

422 1587 918 1666 Origenislarum.
949 1590 1152 1669 Itaque
1182 1599 1487 1669 postquam
1516 1591 1809 1650 venissem
1837 1594 1893 1649 in
1917 1607 2045 1649 san-

421 1685 572 1738 ctam
597 1676 920 1752 civitatem,
949 1686 1005 1737 et
1031 1696 1198 1739 sacra
1221 1679 1348 1739 loca
1370 1678 1815 1752 adorassem,in
1837 1677 2055 1757 quibus

419 1767 712 1828 salutares
735 1765 867 1826 illas
894 1765 1178 1828 Dominus
1197 1777 1444 1848 propter
1467 1785 1575 1828 nos
1611 1785 1805 1830 moras
1835 1766 2011 1830 traxit
2036 1789 2049 1843 ;

2140 1769 2343 1830 ἐκείνας
2377 1771 2404 1824 6
2437 1769 2713 1833 Δεσπότης
2765 1766 3003 1822 ἐποιεῖτο
3041 1763 3308 1842 διατριϐάς

418 1867 596 1935 atque
629 1854 970 1916 adorassem
1008 1856 1230 1934 pariter
1271 1856 1487 1917 divinae
1536 1856 1732 1918 crucis
1783 1855 2052 1934 lignum;

417 1945 638 2007 deinde
671 1944 742 2004 ad
780 1944 970 2004 virum
1007 1952 1248 2006 transeo
1271 1946 1418 2022 (88).
1456 1945 1510 2006 Is
1529 1954 1752 2020 autem,
1790 1954 1909 2006 tum
1941 1945 2058 2008 alia

417 2035 518 2096 dat
540 2032 792 2094 consilia
813 2040 869 2094 et
890 2035 1135 2107 monita,
1163 2042 1282 2094 tum
1311 2034 1552 2096 demum
1576 2036 1688 2096 hoc
1723 2035 1865 2096 mihi
1899 2054 2049 2116 prie--

415 2124 558 2203 cipit
594 2144 607 2186 :
643 2123 704 2185 Si
739 2122 846 2189 vis.
884 2123 1100 2202 inquit,
1133 2124 1326 2185 salvus
1361 2142 1516 2197 esse,
1555 2125 1698 2185 vade
1727 2123 1800 2184 ad
1857 2126 2053 2204 magni

414 2211 716 2293 Euthymii
752 2213 1204 2287 monasterium,
1239 2221 1295 2274 et
1327 2213 1386 2274 in
1417 2231 1488 2274 eo
1519 2212 1736 2275 habita.
1791 2212 1892 2274 His
1942 2232 2050 2293 ego

415 2301 652 2376 auditis,
691 2301 861 2364 venio
895 2319 1001 2381 per
1029 2303 1415 2364 solitudinem
1449 2322 1622 2382 quam
1656 2304 1944 2365 citissime
1977 2303 2047 2364 ad

417 2392 764 2469 Iordanem,
800 2401 857 2452 et
887 2392 1031 2452 satis
1063 2392 1304 2472 longum
1354 2403 1588 2472 tempus
1645 2393 1917 2454 Patribus
1950 2394 2049 2474 qui

415 2481 536 2543 illic
561 2491 732 2544 erant
756 2490 1025 2543 versatus
1055 2481 1207 2560 (89),
1242 2482 1401 2544 circa
1435 2499 1703 2543 mensem
1735 2481 1956 2544 Julium
1989 2484 2045 2544 in

414 2571 611 2650 magni
646 2571 804 2631 illius
836 2569 1070 2630 delatus
1104 2570 1558 2646 monasterium,
1593 2579 1906 2650 susceptus
1938 2571 2042 2636 fui.

411 2658 600 2721 Porro
633 2660 916 2722 Leontius
951 2669 1096 2735 erat,
1133 2661 1227 2721 cui
1261 2669 1398 2722 tunc
1428 2669 1486 2720 et
1509 2660 1874 2740 suscipiendi
1905 2679 2046 2724 cura

411 2757 472 2812 et
505 2749 848 2811 monasterii
881 2748 1231 2828 praefectura
1262 2749 1454 2811 fuerat
1483 2748 1824 2814 commissa.

493 2837 817 2901 CXXXVII.
839 2837 1116 2916 Illicergo
1141 2855 1542 2914 commorans,
1561 2838 1730 2900 video
1754 2857 1824 2900 ea
1846 2849 2048 2903 aestate

416 2926 734 3006 quemdam
757 2943 979 3004 genere
1003 2925 1487 3003 Cilicem,habitu
1516 2927 2050 3003 monachum,Pau-

412 3015 534 3075 lum
559 3015 832 3090 nomine,
859 3033 926 3075 ex
955 3012 1207 3094 Martyrii
1239 3019 1600 3078 monasterio
1633 3017 1984 3097 profectum,
2016 3038 2049 3082 a

2156 809 2265 860 μην
2310 803 2354 830 ω
2397 788 2676 862 ἐπιθυμίαν
2719 789 2836 844 τινὰ
2881 789 2972 844 τοό
3000 788 3097 853 τῆς
3129 785 3512 864 ’ἱερόσολύμων
3550 781 3789 849 Ἐκκλη-

2148 878 2264 939 σίας
2323 877 2692 953 ἐγκαινισμοῦ,
2761 877 2848 932 καὶ
2921 876 3017 942 τὴν
3077 875 3255 932 ἐκεῖσε
3315 872 3534 931 καθόδον
3603 870 3785 948 ᾔτουν.

2148 958 2460 1029 Ἀπολυθεὶς
2518 968 2606 1021 οὖν
2666 967 2808 1045 παρὰ
2877 972 2970 1020 τοῦ
3046 963 3476 1043 καθηγουμένου,
3534 962 3648 1018 ἐπεὶ
3689 966 3786 1028 τῆς

2148 1055 2553 1113 Σκυθοπολιτῶν
2624 1054 2727 1123 ἤδη
2785 1053 3160 1134 μετροπόλεως
3220 1056 3464 1133 ἀπαίρειν
3533 1051 3781 1127 ἔμελλον,

2141 1142 2360 1213 ἒντολῆν
2406 1166 2495 1216 μοι
2560 1144 2760 1210 ταύτην
2818 1146 2852 1211 ἡ
2901 1145 3083 1222 μήτηρ
3136 1141 3338 1213 δίδωσι,
3388 1141 3524 1216 μηδὲ
3579 1147 3685 1196 τῶν
3713 1143 3784 1205 εἷς

2139 1236 2324 1312 ψυχὴν
2369 1233 2629 1306 ἡκόντων,
2678 1232 2800 1288 ἄνευ
2863 1231 2956 1300 τῆς
3031 1232 3278 1289 Ἰωάννου
3340 1239 3433 1288 τοῦ
3481 1232 3784 1310 ἠτυχαστοῠ

2137 1324 2410 1391 ὑποθήκης
2443 1323 2530 1378 καὶ
2583 1320 2884 1397 συμϐουλῆς
2937 1321 3150 1378 οἴκοθεν
3195 1320 3572 1398 διαπράξασθαι
3608 1335 3621 1348 ⁸
3659 1317 3780 1385 Μή-

2139 1435 2294 1488 ποτε,
2328 1412 2479 1491 φησὶ,
2529 1413 2614 1468 καὶ
2665 1413 2724 1466 ἐκ
2769 1411 3058 1488 προοὶμίων
3121 1412 3267 1474 εὐθὺς
3300 1410 3462 1487 λάϐῃς
3493 1409 3681 1465 ἑαυτὸν
3716 1413 3783 1485 τῇ

2139 1508 2246 1559 τῶν
2290 1499 2703 1579 Ὠριγενιαστῶν
2746 1511 2774 1542 ιι
2823 1501 3004 1577 ἀπάτῃ
3050 1502 3434 1580 συναπαχθείς.
3486 1498 3778 1573 Γενόμενος

2138 1591 2307 1649 τοίνυν
2367 1591 2504 1646 κατὰ
2560 1591 2658 1656 τὴν
2716 1591 2870 1666 ἁγίαν
2913 1589 3093 1660 πόλιν,
3154 1591 3240 1644 καὶ
3283 1587 3652 1665 προσκδνάσας
3682 1585 3778 1655 μὲν

2137 1681 2256 1742 τοὺς
2314 1680 2486 1757 ἱεροὺς
2559 1680 2776 1750 τόπους,
2825 1678 2879 1732 ἐν
2939 1677 3026 1740 οἷς
3071 1679 3164 1741 τὰς
3213 1677 3503 1754 σωτηρίους
3535 1673 3602 1730 δι’
3635 1677 3777 1749 ἡμᾶς

3345 1786 3357 1798 ⁸
3408 1765 3781 1842 προσκυνήσας

2139 1857 2192 1914 δὲ
2236 1860 2322 1915 καὶ
2382 1861 2439 1912 τὸ
2495 1864 2589 1913 τοῦ
2653 1857 2790 1912 θείου
2851 1863 3074 1932 σταυροῦ
3115 1854 3314 1926 ξύλον·
3365 1854 3490 1911 εἶτα
3533 1850 3782 1908 διαϐαίνω

2138 1948 2224 2003 καὶ
2280 1948 2411 2024 πρὸς
2471 1948 2562 2000 τὸν
2605 1942 2788 2024 ἄνδρα.
2853 1935 2910 2001 Ὀ
2966 1941 3044 2018 δὲ,
3089 1946 3174 1999 καὶ
3222 1943 3357 1999 ἄλλα
3403 1942 3497 2019 μὲν
3543 1938 3780 2016 συμϐου·

2138 2034 2278 2091 λεύει
2323 2036 2409 2090 καὶ
2481 2034 2805 2106 ὑποτίθεται,
2881 2031 3192 2088 τελευταῖον
3259 2031 3313 2088 δέ
3359 2055 3448 2107 μοι
3494 2031 3582 2086 καὶ
3624 2035 3781 2085 τοῦτο

2138 2124 2458 2194 ἐπισκήπτει
2497 2142 2510 2159 ⁶
2559 2126 2656 2196 ὡς,
2708 2122 2875 2199 Εἴπερ
2919 2121 3098 2198 βούλει
3141 2121 3399 2196 σωθῆναι,
3443 2121 3628 2198 φησὶν,
3659 2117 3776 2174 ἐλθὲ

2136 2215 2278 2292 παρὰ
2334 2213 2434 2280 τὴν
2495 2213 2747 2287 Εύθδμίου
2801 2221 2893 2270 τοῦ
2946 2211 3182 2289 μεγάλου
3232 2212 3431 2286 μονὴν,
3459 2211 3546 2267 καὶ
3575 2209 3777 2275 ταύτην

2135 2303 2385 2368 οἴκησον.
2478 2301 2688 2357 Τούτων
2767 2297 2996 2364 ἀκούσας
3058 2298 3185 2377 ἐγὼ,
3254 2299 3488 2378 ἔρχομαι
3533 2295 3617 2353 διὰ
3673 2297 3777 2363 τῆς

2135 2392 2332 2468 ἐρήμου
2376 2390 2476 2456 τὴν
2526 2390 2803 2468 ταχίστην
2834 2389 2976 2466 παρὰ
3007 2390 3097 2444 τὸν
3129 2385 3423 2466 Ἰορδάνην,
3458 2389 3545 2444 καὶ
3575 2387 3776 2465 χρόνον

2131 2482 2312 2536 ἱκανὸν
2358 2491 2474 2541 τοῖς
2535 2478 2713 2534 ἐκεῖσε
2760 2476 3176 2556 προσδιατρίψας
3231 2479 3488 2557 Πατράσι,
3524 2477 3643 2540 περί
3673 2495 3774 2530 που

2130 2571 2222 2626 τὸν
2255 2568 2476 2626 Ἰούλιον
2508 2569 2654 2643 μῆνα
2684 2574 2753 2644 τῇ
2783 2567 2874 2622 τοῦ
2908 2567 3146 2642 μεγάλου
3189 2575 3336 2643 μονῷ
3368 2565 3773 2644 προσενεχθεὶς,

2129 2657 2461 2737 εἶσεδέχθην.
2490 2657 2737 2721 Λεόντιος
2767 2655 2822 2711 δὲ
2853 2655 2917 2723 ἧν
2949 2656 2977 2711 6
3001 2658 3087 2712 καὶ
3118 2656 3215 2722 τὴν
3249 2655 3524 2734 ὕποδοχὴν
3556 2655 3646 2712 καί
3674 2654 3774 2722 τὴν

2127 2754 2225 2814 τῆς
2258 2748 2429 2822 μονῆς
2460 2748 2781 2824 προστασίαν
2815 2747 3106 2812 τηνικαῦτα
3134 2744 3524 2819 πεποιημένος.

2213 2835 2375 2899 ΡΛΖ’,
2423 2833 2579 2892 Ἐκεῖ
2649 2842 2928 2913 τοιγαροῦν
2992 2832 3291 2912 διατρίϐων,
3342 2837 3450 2906 ὁρῶ
3500 2854 3618 2889 τινα
3677 2832 3774 2889 to?)

2135 2929 2291 2984 αὐτοῦ
2347 2924 2551 3003 θέρους,
2598 2924 2785 2981 Κίλικα
2829 2925 2888 2979 τὸ
2933 2922 3102 3000 γένος,
3150 2925 3210 2978 τὸ
3253 2923 3446 3003 σχῆμα
3497 2926 3770 3002 μοναχὸν,

2134 3015 2341 3072 Παῦλον
2400 3012 2588 3088 ὄνομα,
2650 3013 2748 3081 τῆς
2793 3020 2884 3070 τοῦ
2943 3012 3234 3091 Μαρτυρίου
3304 3017 3476 3088 μονῆς
3531 3009 3773 3091 ἐξορμη-

413 3103 570 3166 malo
605 3103 849 3180 quidem
900 3103 1118 3182 spiritu
1151 3116 1518 3185 correptum,
1571 3123 1605 3165 a
1657 3105 2047 3170 familiaribus

2138 3106 2305 3184 θέντα,
2365 3103 2626 3178 πνεύματι
2687 3101 2785 3177 μὲν
2824 3108 3044 3179 πονηρῷ
3111 3101 3494 3180 συνεχόμενον,
3552 3102 3655 3156 ὑπὸ
3713 3097 3772 3155 δὲ

2169 3201 2196 3211 ~
2296 3194 2310 3212 9
2464 3191 2485 3212 δ
2523 3191 2535 3212 Ι
2701 3198 2729 3207 ~
2859 3193 2881 3211 Υ
2944 3193 3039 3212 “SA
3124 3191 3136 3212 Ι
3373 3189 3387 3210 θ
3625 3211 3629 3212 ,
3648 3211 3655 3212 κ
3680 3211 3683 3212 ,
3712 3211 3728 3212 η

410 3201 609 3255 autem
640 3191 962 3253 adductum
987 3193 1060 3254 ad
1087 3203 1541 3254 monumentum
1576 3192 1892 3275 Euthymii.
1927 3195 2044 3258 Po-

2138 3201 2236 3251 τῶν
2293 3191 2611 3258 ἐπιτηδείων
2673 3198 2737 3265 τῷ
2793 3193 2884 3248 τοῦ
2941 3191 3199 3266 Εὐθυμίου
3282 3189 3519 3266 μνήματι
3595 3211 3771 3268 προσ-

408 3281 526 3344 sito
551 3282 735 3359 igitur
758 3281 1051 3344 monacho
1073 3283 1144 3343 ad
1172 3282 1402 3343 thecam
1431 3281 1843 3363 reliquiarum,
1869 3303 2047 3366 appa-

2138 3284 2416 3362 αγόι.·ενον.
2465 3280 2712 3346 Τεθέντος
2755 3281 2927 3336 τοίνυν
2981 3289 3075 3336 τοῦ
3121 3287 3366 3360 μοναχοῦ
3393 3280 3535 3359 παρὰ
3562 3280 3630 3354 τῇ
3673 3285 3773 3335 τοῦ

415 3391 554 3433 rens
585 3371 762 3452 paulo
788 3381 919 3452 post
947 3388 1201 3451 magnus
1226 3371 1426 3433 media
1452 3379 1624 3432 nocte
1645 3371 1807 3451 fugat
1831 3374 2046 3437 daemo-

2138 3373 2380 3449 λειψάνου
2411 3372 2576 3449 θήκῃ,
2631 3369 2874 3450 ἐποφθεὶς
2928 3368 3046 3444 μετ’
3095 3370 3272 3447 ὀλίγον
3303 3371 3330 3425 ὃ
3366 3368 3532 3447 μέγας
3583 3366 3767 3440 μέσων

408 3480 573 3522 nem.
597 3460 669 3522 Et
695 3462 807 3523 hoc
836 3461 1237 3521 testimonium
1263 3461 1587 3521 curationis
1609 3470 1862 3524 certum.
1896 3465 2042 3526 Nam

2138 3480 2328 3518 νυκτων
2359 3463 2450 3517 τὸν
2494 3457 2718 3535 δαίμονα
2749 3458 3057 3518 ἀπελαύνει.
3114 3461 3210 3516 Καὶ
3265 3465 3419 3516 τοῦτο
3476 3457 3768 3535 μαρτύριον

405 3569 541 3612 cum
560 3551 687 3630 ipsa
710 3561 885 3611 nocte
908 3550 1167 3611 venisset
1201 3549 1414 3611 Paulus
1445 3549 1519 3610 ad
1552 3550 1756 3611 horam
1793 3559 2040 3616 noctur-

407 3658 499 3700 nae
532 3639 904 3718 psalmodiaa,
942 3640 1006 3700 fit
1041 3656 1192 3701 unus
1224 3657 1291 3700 ex
1341 3639 1416 3699 iis
1465 3638 1569 3720 qui
1618 3639 1934 3716 canebant,
1985 3652 2043 3706 et

403 3746 601 3790 coram
657 3727 937 3790 omnibus
987 3728 1158 3789 nobis
1206 3746 1269 3790 se
1300 3747 1333 3790 a
1364 3727 1488 3790 Deo
1536 3738 1806 3791 curatum
1861 3731 2041 3796 fuisse

403 3819 731 3899 proﬁtetur.
788 3819 974 3891 Quam
1024 3836 1150 3878 rem
1203 3817 1304 3878 ubi
1352 3830 1776 3898 compererunt
1826 3822 1927 3900 qui
1975 3822 2035 3884 in

401 3909 658 3991 Martyrii
706 3909 1069 3970 monasterio
1118 3916 1308 3976 erant,
1365 3907 1627 3989 veniunt,
1682 3917 1744 3970 ut
1793 3928 1929 3970 eum
1976 3911 2036 3973 in

399 4015 572 4058 suum
625 3997 1058 4059 monasterium
1112 3998 1423 4059 reducant.
1475 3999 1553 4057 At
1603 3996 1705 4058 ille
1736 3999 1943 4060 volens
1973 4019 2039 4064 se

400 4095 631 4163 gratum
659 4086 1003 4162 ostendere,
1028 4085 1252 4165 etapud
1278 4105 1342 4147 se
1369 4092 1766 4166 conscriptam
1790 4089 2034 4166 gratiam

402 4191 793 4248 conservans,
829 4174 1047 4235 mansit
1076 4174 1363 4256 deinceps
1393 4175 1453 4235 in
1485 4174 1782 4252 coenobio,
1809 4179 2040 4240 omnis-

403 4279 522 4342 que
554 4261 774 4324 laboris
810 4272 870 4324 et
900 4263 1218 4324 ministerii
1243 4263 1424 4325 alacri
1468 4265 1644 4344 plane
1674 4272 1872 4328 animo
1903 4286 2038 4329 cum

400 4352 687 4415 fratribus
718 4371 782 4414 se
813 4351 1164 4432 participem
1197 4354 1359 4416 fecit.

485 4530 846 4595 CXXXVIII.
872 4531 1207 4612 Aliquando
1233 4533 1416 4612 igitur
1435 4531 1783 4611 colligentes
1797 4535 2042 4598 alimen-

403 4629 526 4683 tum
553 4623 611 4682 in
634 4622 996 4698 solitudine;
1029 4623 1086 4683 id
1119 4639 1257 4684 vero
1280 4630 1428 4698 erat,
1457 4639 1590 4702 quae
1613 4621 1811 4684 solent
1830 4627 2038 4705 appel-

2123 3553 2218 3620 τῆς
2275 3553 2468 3612 ἶοίσεως
2512 3546 2758 3624 ἀψευδές.
2823 3547 2998 3615 Λύτῆς
3057 3548 3157 3626 γὰρ
3213 3549 3396 3611 νυκτός
3456 3545 3686 3603 ἀνελθὼν
3736 3548 3765 3602 6

2126 3640 2331 3704 Παῦλος
2377 3640 2518 3719 παρὰ
2573 3638 2672 3704 τὴν
2731 3642 2829 3706 τῆς
2874 3643 3180 3717 νυκτερινῆς
3223 3635 3536 3714 ψαλμῳδίας
3589 3636 3764 3712 ὥραν,

2124 3731 2210 3793 εἷς
2262 3751 2320 3786 τε
2368 3734 2468 3785 τῶν
2512 3725 2745 3800 ᾀδόντων
2787 3727 3015 3805 γίνεται,
3061 3729 3146 3783 καὶ
3193 3726 3275 3806 ἐφ’
3329 3728 3486 3802 ἡμῶν
3541 3725 3763 3782 πάντων

2122 3826 2237 3894 Θεῷ
2279 3819 2377 3884 τὴν
2435 3815 2580 3873 ἴασιν
2625 3815 3052 3894 ἓξομολογεῖται.
3093 3817 3359 3878 Μαθόντες
3410 3814 3498 3872 οὗν
3550 3815 3598 3870 οἱ
3656 3817 3761 3879 τῆς

2119 3917 2210 3967 τοῦ
2259 3909 2551 3986 Μαρτυρίου
2595 3911 2764 3980 μονῆς
2808 3908 2868 3961 τὸ
2900 3905 3286 3984 γεγενημένον,
3339 3903 3560 3972 ἥκουσιν
3617 3904 3759 3960 ὥστε

2120 3998 2210 4056 τὸν
2268 3997 2474 4053 Παῦλον
2532 3997 2607 4059 εἷς
2650 3995 2749 4062 τὴν
2796 3996 2993 4052 οἰκείαν
3051 3995 3192 4058 αὖθις
3252 3995 3425 4071 μονὴν
3487 3993 3770 4069 ἐπαναγαο

2122 4101 2264 4166 γεῖν.
2318 4084 2470 4144 Ἀλλ’
2551 4085 2782 4159 ἐκεῖνος,
2856 4084 3144 4162 εὐγνώμων
3204 4082 3501 4140 δείκνυσθαι
3575 4081 3773 4159 βουλό·-

2125 4197 2307 4253 μενος,
2371 4172 2707 4252 ἀναγραπτόν
2754 4194 2809 4228 τε
2852 4175 2950 4241 τὴν
3008 4173 3169 4254 χάριν
3212 4171 3338 4252 παρ’
3405 4175 3578 4246 ἑαυτῴ
3635 4193 3767 4227 συν-

2121 4272 2322 4345 τηρῶν,
2369 4263 2523 4338 ἔμενε
2581 4262 2641 4317 τὸ
2701 4261 2890 4319 λοιπόν
2924 4262 2978 4317 έν
3009 4264 3084 4337 τῷ
3115 4259 3386 4336 κοινοϐίῳ,
3422 4264 3510 4318 καὶ
3563 4261 3766 4325 παντὸς

2122 4357 2287 4414 πόνου
2337 4353 2431 4410 καί
2486 4350 2940 4431 λειτουργήματος
2988 4354 3080 4408 σὺν
3124 4353 3384 4432 προθυμίᾳ
3432 4351 3580 4428 πάσῃ
3639 4364 3762 4414 τοῖς

2061 4474 2106 4526 ο
2121 4445 2372 4524 ἀδελφοῖς
2405 4441 2692 4500 ἐκοινώνει.

2207 4531 2375 4594 ΡᾹΕ¹.
2429 4529 2562 4587 Ποτέ
2620 4537 2746 4607 γοῦν
2793 4529 3135 4609 συλλέγοντες
3193 4535 3358 4607 ἡμεῖς
3417 4532 3618 4610 τροφὴν
3663 4529 3761 4586 ὲπῖ

2122 4630 2221 4693 τῆς
2252 4623 2454 4700 ἒρήμου
2482 4635 2495 4649 ⁶
2547 4620 2578 4687 ἡ
2605 4616 2660 4674 δὲ
2689 4621 2781 4695 ἦν,
2819 4618 2851 4674 ἂ
2883 4623 3135 4695 μανούθια
3166 4621 3387 4689 σύνηθες
3420 4619 3702 4696 ὀνομάζειν
3738 4637 3754 4655 ⁸

1709 4729 1962 4797 νΑΡιυΕ
2003 4727 2433 4798 LECTIONES.

482 4819 519 4847 ¹¹³
551 4811 631 4873 al.
664 4812 1026 4890 ἐσκεπτόμην.
1115 4820 1141 4850 ιι
1171 4811 1248 4872 al.
1284 4811 1746 4890 Ὠριγενειαστῶν,

1667 4889 1875 4954 JOAN.
1929 4891 2309 4956 BOLLANDI
2358 4886 2607 4953 NOTAE.

399 4995 603 5059 scitur.
638 4994 776 5052 hinc
805 4993 1215 5066 Scythopolim.
1250 4991 1533 5065 Cyrillum
1571 5006 1818 5064 puerum
1850 4993 2035 5066 disci-

399 5069 601 5140 pulum
631 5066 754 5140 sibi
774 5064 1038 5140 acquirit.
1064 5064 1238 5140 cujus
1264 5064 1442 5140 caput
1465 5066 1821 5140 metropolita
1847 5064 2034 5140 Theo-

403 5136 596 5196 dosius
626 5139 868 5194 tondens
899 5139 955 5192 in
989 5138 1176 5205 primo
1198 5137 1582 5192 ecclesiastico
1607 5136 1788 5206 gradu
1820 5137 2033 5192 consti-

398 5215 527 5268 tuit.
565 5211 726 5266 Redit
759 5206 936 5265 Sabas
984 5207 1054 5262 ad
1107 5207 1352 5269 lauram.
1391 5216 1444 5263 et
1500 5209 1725 5263 modico
1774 5214 2033 5274 tempore

401 5283 478 5338 ibi
521 5291 803 5338 transacto
833 5276 1160 5334 inﬁrmitate
1195 5275 1460 5334 detentus
1491 5284 1596 5344 est,
1628 5291 1699 5347 ex
1739 5291 1848 5347 qua
1889 5277 2032 5336 obiit

399 5353 710 5410 indictione
758 5350 1004 5414 decima,
1045 5349 1080 5404 5
1117 5347 1451 5405 Decembris
1501 5362 1593 5404 an.
1627 5346 1726 5403 Ch.
1758 5346 1899 5403 ’531.
1944 5347 2033 5406 Ab

398 5423 716 5482 indictione
741 5435 878 5492 ergo
900 5433 1077 5490 nona,
1099 5418 1170 5476 ad
1191 5427 1523 5489 Sequentem
1555 5425 1773 5476 sextam
1795 5420 2031 5477 nonnisi

2119 4993 2378 5050 decimus
2407 4993 2607 5049 tertius
2640 4988 2944 5049 labebatur
2971 5003 3191 5057 annus;
3229 4991 3338 5052 nisi
3370 5000 3503 5052 ante
3529 4991 3756 5051 dicatur

2119 5063 2376 5123 habitum
2404 5063 2788 5120 monasticum
2818 5062 3140 5132 accepisse;
3176 5065 3332 5134 quod
3361 5063 3457 5122 ille
3487 5061 3651 5122 locus
3695 5068 3750 5120 in

2118 5137 2225 5192 vita
2259 5136 2313 5193 S.
2335 5135 2506 5206 _Sabae
2533 5134 3165 5206 egreutjuspicemur
3198 5138 3493 5206 permittit.

2189 5206 2301 5275 (88)
2334 5204 2392 5262 In
2435 5203 2654 5262 laura’m
2678 5204 2732 5258 S.
2775 5203 2948 5275 Sabas.

2188 5274 2300 5346 (89)
2325 5278 2694 5346 Potissimum
2717 5289 2846 5331 cum
2870 5274 3169 5333 «Seniculo
3188 5279 3472 5336 monacho
3495 5280 3553 5336 in
3586 5291 3756 5336 xeno-

2116 5345 2325 5419 dochio
2356 5347 2579 5406 abbatis
2610 5345 2959 5419 Euthymii,»
2987 5347 3322 5419 Scythopoli
3341 5364 3413 5407 ex
3438 5351 3755 5407 monitione

2113 5418 2169 5478 S.
2208 5421 2446 5478 Joannis
2485 5420 2542 5476 in
2584 5431 2788 5475 somno
2818 5418 2872 5474 ei
2911 5417 3078 5476 facta.
3107 5418 3172 5476 In
3208 5421 3383 5492 hujus
3415 5420 3554 5480 Vita.

485 5535 574 5613 (ιι)
609 5535 979 5616 ἸουστινιΔανοῦ
1007 5531 1450 5616 emendandum
1482 5529 1736 5608 afﬁrmo,
1770 5548 1882 5594 nec
1910 5533 2261 5616 probatione
2291 5543 2380 5598 est
2427 5551 2619 5616 opus;
2656 5549 2902 5612 prorsus
2933 5539 3128 5595 tamen
3159 5533 3428 5598 videndae
3454 5535 3586 5599 alim
3615 5533 3750 5600 edi-

410 5611 608 5677 tiones
637 5632 771 5694 quae
799 5611 897 5676 hic
925 5614 1178 5676 variant.
1207 5615 1601 5676 COTELEntUS.
