4072 6206
266 410 390 481 ⁸713

1559 416 1747 481 VITA
1811 415 1870 478 S.
1928 409 2350 476 EUTHYMII.

3527 407 3644 476 ’714

271 553 544 629 ’Βρομεθα
616 555 707 609 τὸν
772 552 976 609 Παῦλον
1028 553 1113 608 επὶ
1183 557 1252 619 τῆ
1311 549 1546 630 συλλογῇ
1602 553 1689 608 καὶ
1761 553 1915 610 αὐτὸν

2002 549 2130 610 lare
2155 548 2465 610 manuthia
2501 547 2645 628 (90);
2681 547 2740 608 in
2764 547 3102 627 colligendo
3124 552 3461 628 rogavimus
3493 555 3654 616 Pau-

271 644 536 715 παρόντα,
584 641 665 698 ὅτι
725 664 781 698 τε
846 642 1034 720 πάθος,
1080 640 1175 697 καῗ
1247 639 1362 696 ὅθεν
1417 641 1491 704 εἷς
1535 643 1596 697 τό
1656 639 1916 697 ἰιοινόϐιον

272 731 442 811 ἔλθοι,
474 733 562 788 καὶ
620 730 743 795 οἵας
775 733 917 811 παρὰ
967 737 1032 808 τῇ
1062 737 1155 787 τοῦ
1206 729 1458 806 λειψάνου
1505 732 1644 806 θήκῃ
1677 730 1916 788 ἀπολαύ-

273 844 360 878 σοι
408 823 506 887 τῆς
563 821 862 897 θεραπείας.
924 823 1020 878 Καὶ
1081 821 1236 882 αὐτὸς
1294 823 1530 890 συνήθως
1587 821 1730 896 ἡμῖν
1774 821 1918 899 ἔχων

271 909 401 982 ἤδη,
440 913 529 967 καὶ
575 909 741 985 μηδὲν
772 911 921 971 εἰδὼς
982 911 1047 966 τά
1078 931 1139 988 γε
1198 911 1327 988 πρὸς
1357 913 1500 982 ἡμᾶς
1559 911 1914 988 ὗποκρίνεθαι,

269 1006 510 1078 φανερῶς
586 999 795 1055 ἄπαδτα
868 997 1086 1075 διεξῄει.
1160 996 1305 1076 Ἐγὼ
1364 999 1652 1067 διακονίαν,
1721 998 1914 1077 λέγων,

269 1087 324 1144 ἒν
386 1095 453 1165 τῇ
513 1090 607 1146 τοῦ
665 1090 960 1167 Μαρτυρίου
1013 1095 1151 1165 μονῇ
1198 1092 1515 1168 πιστευθεὶς,
1560 1088 1916 1169 φιλοχρημα-

269 1178 388 1242 τίας
450 1181 542 1236 οὒκ
573 1176 680 1235 οἶδ’
745 1178 890 1242 ὅπως
951 1176 1124 1232 ἑάλων
1183 1176 1358 1256 ἔρωτι,
1396 1177 1615 1245 Ἐπειδῆ
1674 1176 1728 1232 δὲ
1772 1178 1918 1245 ἠπό-

449 1289 460 1298 .
532 1270 540 1284 ι
612 1270 626 1288 ς
787 1294 790 1297 _
916 1264 940 1286 cr
1069 1267 1094 1288 μ
1194 1264 1270 1298 ,λι
1327 1267 1347 1285 ες
1513 1268 1525 1284 κ

270 1287 398 1341 ρουν
451 1288 542 1322 και
579 1289 672 1324 ουκ
717 1266 881 1345 εἶχοον
914 1270 1031 1322 οθεν
1063 1289 1126 1321 αν
1157 1283 1272 1325 ουοι
1319 1283 1572 1347 οραχμην
1631 1267 1914 1340 κτήσαιμι,

265 1352 445 1410 ἔννοιά
519 1378 612 1429 μοι
686 1356 912 1434 γίνεται,
971 1363 1078 1412 τῶν
1146 1357 1302 1434 ἱερῶν
1375 1363 1576 1412 σκευῶν
1639 1354 1918 1435 ὑφελέσθαι

262 1445 416 1516 τινὰ,
445 1445 646 1500 τούτων
690 1467 744 1501 τε
778 1444 1002 1501 ἕκαστον
1053 1451 1216 1519 τιμῆς
1247 1443 1560 1518 ἀποδόσθαι,
1594 1448 1679 1501 καὶ
1729 1447 1918 1510 κτῆσιν

266 1532 490 1606 ἱμαυτῷ
523 1557 638 1590 τινα
682 1532 829 1591 τόνδε
862 1537 952 1590 τὸν
994 1537 1189 1614 τρόπον
1239 1537 1707 1613 περιποιήσασθαι,
1759 1533 1916 1592 Ἐπεῖ

267 1626 362 1680 οὖν
423 1625 664 1693 ἡττήθην
721 1623 886 1680 τῶνδε
918 1630 1023 1680 τῶν
1074 1631 1323 1702 πονηρῶν
1375 1623 1670 1702 λογισμῶν,
1705 1625 1791 1679 καὶ
1835 1626 1921 1678 τὸν

262 1720 364 1770 τοῦ
425 1719 558 1770 Θεοῦ
616 1712 774 1792 φόϐον
834 1713 1227 1794 ἆπεσεισάμην,
1291 1718 1575 1793 φαιροῦμαι
1622 1715 1714 1778 τὰς
1771 1713 1922 1775 κλεῖς

264 1803 331 1858 ἐκ
385 1811 479 1860 τοῦ
521 1805 917 1882 θυσιαστηρίου·
979 1805 1066 1860 καὶ
1133 1803 1390 1868 διανοίξας
1451 1803 1570 1859 ἔνθα
1615 1809 1722 1859 τῶν
1769 1805 1922 1880 ἱερῶν

2004 642 2249 713 lum,qui
2279 645 2396 712 ipsi:
2421 643 2589 698 etiam
2623 642 2839 707 aderat,
2863 641 3142 712 quidnam
3165 643 3216 699 ei
3248 646 3574 712 accidisset.
3599 658 3657 707 et

2003 745 2188 807 quare
2212 726 2475 788 venisset
2500 727 2556 786 in
2582 724 3310 808 cmnobium,qualemque
3333 741 3490 793 esset
3517 751 3656 796 con-

2000 827 2230 877 secutus
2255 821 2612 876 curationem
2637 820 2708 875 ad
2732 819 2954 876 thecam
2983 819 3378 892 reliquiarum.
3414 824 3487 899 Et
3508 827 3652 895 ipse,

1997 906 2118 986 jam
2145 904 2459 966 nobiscum
2484 903 2858 965 familiariter
2885 922 3090 983 agens,
3128 925 3236 966 nec
3267 911 3468 969 valens
3496 913 3653 990 apud

2005 1015 2115 1057 nos
2137 996 2461 1076 quidquam
2488 995 3095 1070 dissimulare,omnia
3123 1007 3328 1078 aperte
3355 1003 3658 1064 recensuit

2002 1085 2231 1146 dicens:
2261 1085 2550 1162 Ego,cum
2577 1085 2868 1146 diaconiae
2893 1104 2995 1146 seu
3021 1085 3486 1166 dispensationis
3519 1111 3654 1153 mu-

2005 1175 2188 1235 nusin
2207 1175 2467 1255 Martyrii
2492 1175 2860 1236 monasterio
2880 1180 3535 1254 accepissem.avaritiae
3556 1201 3656 1244 ne-

2003 1263 2126 1324 scio
2153 1265 2451 1353 quomodo
2473 1274 2678 1343 captus
2698 1265 2780 1324 fui
2803 1266 3301 1344 cupiditate.Quia
3319 1287 3458 1330 Vero
3479 1271 3654 1353 inops

2004 1370 2191 1426 eram,
2219 1372 2328 1413 nec
2361 1352 2654 1414 habebam
2692 1354 2851 1414 unde
2879 1355 2968 1414 vel
2993 1354 3338 1416 drachmam
3373 1352 3653 1440 acquire-

2003 1444 2318 1515 rem,venit
2352 1443 2494 1503 mihi
2522 1444 2580 1502 in
2609 1449 2892 1516 mentem,
2922 1463 2989 1504 ex
3021 1445 3208 1506 sacris
3230 1448 3381 1508 vasis
3410 1448 3653 1530 aliquod

2004 1533 2314 1611 surripere
2332 1541 2390 1592 et
2412 1551 2592 1592 unum
2617 1532 2895 1612 quodque
2919 1551 3125 1594 eorum
3158 1540 3348 1615 pretio
3370 1541 3651 1616 vendere,

2006 1630 2182 1700 atque
2205 1621 2274 1682 ad
2301 1640 2435 1682 eum
2461 1621 2700 1682 modum
2729 1622 2982 1702 aliquam
3011 1624 3154 1685 mihi
3180 1644 3388 1704 parare
3413 1647 3655 1709 posses-

2007 1710 2264 1772 sionem.
2300 1713 2620 1790 Postquam
2656 1730 2796 1787 ergo
2822 1713 3006 1773 victus
3037 1713 3119 1775 fui
3142 1714 3214 1775 ab
3249 1715 3341 1776 his
3365 1717 3660 1798 improbis

2006 1800 2488 1876 cogitationibus,
2517 1801 2914 1883 timoremque
2941 1803 3047 1864 Dei
3081 1806 3337 1881 excussi,
3370 1807 3657 1872 subtraho

263 1899 473 1951 σκευῶν
517 1894 552 1960 ἡ
616 1893 893 1967 ἀπόθεσις,
928 1893 1128 1950 τούτων
1172 1894 1236 1948 τὰ
1294 1897 1390 1968 μὲν
1447 1893 1754 1971 κακούργως
1798 1893 1915 1949 ἐνο-

2007 1895 2196 1948 claves
2221 1908 2288 1948 ex
2312 1893 2497 1957 altari;
2531 1903 2582 1949 et
2603 1904 2804 1964 aperto
2829 1894 2952 1950 loco
2988 1897 3044 1951 in
3071 1911 3184 1966 quo
3216 1899 3462 1969 reposita
3495 1911 3661 1960 erant

266 1983 571 2060 σφισάμην,
633 2005 698 2039 τα
773 1981 825 2038 δὲ
885 1985 972 2039 καὶ
1043 1982 1227 2048 ἄλλοις
1305 1982 1582 2061 ὀλιγώρως
1656 1980 1915 2056 διένειμα,

261 2072 406 2129 Εἶτα
464 2073 563 2138 τὴν
620 2070 892 2129 διακονίαν
945 2079 969 2106 ⁰
1022 2072 1304 2133 ἐκτελέσας
1368 2071 1600 2152 ἐκείνην,
1665 2073 1758 2134 τὰς
1822 2072 1921 2147 μὲν

261 2165 421 2225 κλεῖς
481 2160 799 2237 ἀποδίδωμι,
836 2163 1008 2242 φέρων
1040 2163 1187 2226 αὖθις
1246 2165 1321 2236 τῷ
1349 2164 1731 2241 θυσιαστηρίῳ.
1787 2171 1918 2240 Γρα-

264 2252 383 2313 πεὶς
448 2248 503 2306 δὲ
570 2253 704 2325 μετὰ
747 2274 906 2307 τινων
967 2249 1210 2330 ἀδελφῶν
1281 2251 1365 2306 ἐπὶ
1408 2250 1650 2330 δεῖπνον,
1717 2253 1800 2307 καὶ
1846 2253 1918 2314 εἷς

259 2340 425 2418 κόρον
485 2339 637 2398 οἴνου
679 2342 840 2416 πιὼν,
874 2341 960 2397 ἐπὶ
1011 2346 1110 2407 τῆς
1169 2342 1451 2417 στρωμνῆς
1509 2339 1687 2406 ἅθλιος
1749 2362 1920 2396 κατα⁴

261 2430 540 2505 κλίνομαι,
612 2433 707 2488 Καὶ
773 2433 958 2486 αὐτίκα
1016 2427 1081 2496 δὴ
1137 2436 1242 2493 πᾶς
1300 2429 1588 2492 ἀκολασίας
1658 2430 1919 2508 λογισμὸς

257 2522 596 2600 καταχεῖταί
655 2543 757 2595 μου
809 2529 904 2586 τῆς
971 2524 1183 2598 ψυχῆς,
1244 2518 1423 2597 ὥσπερ
1481 2519 1566 2575 ἐπ’
1633 2520 1760 2575 αὒτὸ
1831 2526 1921 2577 τοῦ

257 2611 482 2667 πάντων
544 2634 640 2686 μοι
713 2608 1140 2688 συνδραμόντων.
1205 2610 1348 2688 Ἐγὼ
1405 2608 1458 2665 δὲ
1529 2611 1628 2677 τὴν
1684 2607 1915 2666 διάνοιαν

257 2698 366 2755 ὑπὸ
425 2704 523 2766 τῆς
597 2700 763 2774 μέθης
827 2699 898 2756 ἔτι
986 2697 1388 2778 διειιθαρμὲνος,
1449 2697 1617 2767 ἡδέως
1687 2699 1913 2773 ἐμαυτὸν

259 2802 383 2852 τοῖς
415 2786 705 2866 λογισμοῖς
765 2790 973 2852 τούτοις
1004 2789 1200 2856 ἀνῆκα·
1249 2791 1338 2844 καὶ
1368 2811 1434 2864 με
1485 2786 1908 2861 παραλαϐόντες,

257 2877 400 2934 οὕτω
459 2876 730 2960 διέθηκαν,
762 2881 837 2943 ὡς
885 2882 972 2936 καὶ
1004 2880 1252 2956 γυναικὸς
1307 2880 1634 2934 αἱσθάνεσθαι
1690 2900 1905 2952 συμπα-

261 2968 484 3046 ρούσης,
521 2969 609 3024 καὶ
639 2969 773 3042 αἰ)τῇ
806 2973 1213 3026 συνανακετσθαι
1245 2966 1449 3031 δοκεῖν,

343 3146 516 3206 ΡΛΘ’.
579 3146 767 3228 ’Ἄφνω
798 3147 887 3204 οὖν
932 3143 1253 3226 προσϐάλλει
1304 3169 1395 3222 μοι
1427 3147 1580 3226 νέφος
1641 3148 1912 3204 σκοτεινύν

256 3259 307 3292 τι
368 3239 458 3292 καὶ
502 3235 771 3310 ἁλαμπές⁶
821 3239 880 3293 τὸ
940 3235 994 3293 δὲ
1037 3237 1104 3305 ἧν
1167 3237 1265 3312 ἄρα
1337 3241 1364 3294 ὁ
1423 3235 1759 3306 ἐπιπηδήσας
1821 3261 1911 3313 μοι

2009 1995 2141 2037 vasa
2191 1995 2383 2051 sacra,
2421 1996 2490 2038 ea
2544 1977 2758 2058 partim
2810 1979 2958 2040 tnihi
3009 1981 3299 2043 scelerate
3348 1989 3656 2066 usurpavi,

2006 2067 2218 2146 partim
2251 2068 2388 2129 aliis
2410 2068 2797 2148 contemptim
2827 2067 3125 2130 distribui.
3163 2073 3395 2135 Deinde
3419 2085 3658 2154 peracto

2004 2155 2106 2217 illo
2143 2156 2436 2217 minsterii
2466 2156 2686 2228 ofﬁcio,
2709 2156 2906 2218 claves
2937 2159 3180 2239 quidem
3210 2163 3420 2235 reddo,
3448 2183 3658 2227 rursus

2003 2245 2073 2306 ad
2101 2263 2265 2305 arom
2293 2245 2514 2307 ferens.
2545 2246 2879 2306 Conversus
2900 2256 3096 2308 autem
3130 2269 3262 2309 cum
3298 2251 3654 2329 quibusdam

2005 2332 2286 2394 fratribus
2310 2336 2382 2394 att
2409 2351 2661 2404 caenam,
2700 2353 2832 2394 cum
2869 2336 3066 2395 vinum
3101 2339 3170 2397 ad
3196 2341 3525 2402 satietatem
3561 2342 3658 2404 bi-

2005 2423 2314 2488 bissemjn
2337 2432 2520 2483 strato
2545 2423 2831 2484 recumbo
2857 2423 3338 2488 miser.Protinus
3355 2449 3490 2490 vero
3513 2450 3658 2493 cun-

2004 2521 2095 2574 cta
2121 2512 2386 2573 libidinis
2403 2513 2678 2590 cogitatio
2698 2513 2757 2573 in
2786 2532 2974 2574 meam
3001 2514 3648 2594 diﬂ‘undituranimam,

2004 2602 2255 2681 perinde
2304 2620 2370 2662 ac
2405 2601 2450 2660 si
2482 2601 2554 2661 ad
2607 2601 2662 2661 id
2697 2601 2888 2681 ipsum
2942 2604 3144 2664 omnia
3189 2605 3336 2666 mihi
3386 2627 3649 2670 concur-

1999 2691 2238 2752 rissent.
2274 2688 2393 2770 Ego
2423 2700 2642 2761 autem,
2673 2692 2840 2770 cujus
2872 2691 3108 2753 animus
3137 2704 3264 2754 erat
3293 2695 3490 2759 adhuc
3513 2716 3648 2760 cor-

1995 2790 2206 2860 ruptus
2255 2799 2288 2842 a
2318 2780 2690 2858 temulentia,
2729 2800 2822 2842 me
2855 2780 3116 2843 libenter
3171 2786 3388 2846 tradidi
3420 2786 3510 2850 his
3544 2807 3648 2850 co-

1993 2869 2380 2947 gitationibus
2410 2891 2424 2941 ;
2459 2889 2590 2950 quae
2622 2888 2717 2930 me
2766 2879 3137 2952 assumptum
3172 2874 3258 2934 sic
3291 2877 3650 2947 affecerunt,

1996 2966 2058 3020 ut
2103 2967 2164 3020 et
2192 2960 2427 3022 viderer
2476 2961 2703 3022 sentire
2734 2960 3016 3021 feminam
3074 2980 3204 3041 quae
3236 2983 3355 3026 una
3405 2985 3640 3029 mecum

1993 3057 2178 3122 esset,
2212 3060 2270 3109 et
2303 3068 2434 3110 cum
2470 3067 2539 3110 ea
2572 3068 2686 3110 una
2711 3049 2941 3129 jacere.

2056 3137 2582 3202 CXXXIXSubilo
2608 3138 2788 3217 igitur
2809 3158 2903 3200 me
2922 3141 3146 3202 invadit
3165 3143 3438 3219 quaedam
3461 3148 3656 3207 nubes

1999 3229 2320 3290 tenebrosa
2348 3235 2406 3290 et
2438 3227 2718 3290 obscura:
2755 3248 2824 3290 ea
2855 3249 3034 3310 porro
3066 3242 3191 3293 erat
3219 3234 3322 3314 qui
3354 3234 3414 3294 in
3451 3255 3546 3297 me
3568 3237 3654 3296 ir-

259 3327 454 3404 μιαρὸς
505 3327 727 3401 δαίμων·
785 3325 872 3406 ὑφ’
921 3330 982 3384 οὗ
1031 3327 1334 3407 χειρωθεὶς,
1369 3326 1549 3404 ὥσπερ
1597 3329 1698 3382 ὑπὸ
1728 3337 1754 3379 Ρ
1810 3331 1915 3384 τῶν

2002 3327 2204 3380 ruerat
2229 3321 2497 3398 impurus
2521 3319 2820 3396 tlzemon;a
2838 3339 2956 3399 quo
2980 3320 3558 3405 devictus.tanquam
3581 3327 3655 3387 ab

259 3413 536 3489 πολεμίων
598 3418 809 3496 ληφθεὶς
856 3416 1231 3496 αἰχμάλωτος,
1287 3415 1472 3490 ἔμεινα
1529 3416 1748 3495 χρόνον⁸
1825 3415 1914 3474 ὑπ’

255 3507 420 3562 αύτοῦ
479 3508 680 3584 συχνὸν
730 3509 1153 3586 τιμωρούμενος,
1189 3510 1272 3563 καὶ
1323 3507 1370 3562 τί
1418 3507 1494 3580 μὴ
1527 3507 1758 3586 πάσχων
1812 3513 1916 3563 τῶν

255 3594 544 3675 χαλεπῶν·
604 3598 711 3652 Ποῦ
741 3598 840 3674 γὰρ
901 3595 962 3651 ἂν
991 3597 1077 3651 καὶ
1136 3596 1293 3673 κόρον
1324 3592 1481 3654 λάϐοι
1542 3597 1777 3662 τοιούτος
1810 3597 1913 3676 ἐχ-

253 3688 377 3764 θρὸς
437 3691 532 3742 τοῦ
591 3687 770 3748 κακῶς
833 3683 976 3762 δρᾷν,
1031 3682 1243 3740 ἐπειδὰν
1296 3683 1435 3749 ἅπαξ
1466 3684 1648 3762 κύριος
1689 3685 1910 3761 γένηται

253 3776 414 3830 τοῦτο
445 3783 471 3825 (Ι
501 3772 622 3851 δρᾷν
657 3794 671 3854 ;
727 3773 828 3838 ἕως
889 3773 1078 3830 οἶκτόν
1109 3796 1211 3848 μου
1269 3771 1520 3835 λαϐόντες
1563 3777 1617 3829 οἶ
1670 3772 1904 3853 ἀδελφοὶ,

255 3864 598 3939 ἆναιροῦνταί
656 3886 747 3937 με,
796 3864 884 3919 καὶ
942 3863 1085 3941 παρὰ
1141 3865 1238 3931 τὴν
1306 3871 1398 3919 τοῦ
1427 3863 1578 3940 αγίου
1635 3865 1908 3938 κομίζουσι

257 3955 458 4024 θήκην,
535 3950 667 4030 Παρ’
731 3957 863 4030 αὖτῇ
913 3953 1086 4010 τοίνυν
1155 3953 1341 4024 τεθεὶς,
1403 3955 1497 4007 καὶ
1575 3974 1914 4031 παραχρημα

258 4057 376 4100 οῖον
422 4041 740 4121 ἂνενεγκὼν,
789 4044 876 4098 καὶ
946 4041 996 4098 ἕν
1055 4042 1268 4119 ἐμαυτῷ
1311 4042 1622 4121 γενόμενος,
1658 4041 1912 4116 ῖέδεόμην

259 4134 398 4209 μετὰ
445 4135 651 4210 θερμῶν
684 4135 790 4189 τῶν
832 4131 1095 4212 δακρύων,
1130 4131 1277 4188 ἔλεόν
1331 4153 1432 4206 μου
1463 4133 1581 4188 τινὰ
1623 4133 1714 4187 τὸν
1746 4131 1915 4210 μέγαν

255 4221 471 4296 λαϐεῖν,
519 4225 606 4279 καὶ
669 4245 769 4290 της
837 4223 1091 4299 ἓπηρείας
1158 4243 1223 4296 με
1296 4221 1497 4288 ταύτης
1563 4228 1656 4276 τοῦ
1724 4221 1916 4296 μιαροῦ

260 4310 510 4387 δαίμονος
585 4311 908 4379 ἀπαλλάξαιδ
980 4313 1065 4368 καὶ
1136 4311 1495 4388 προσεκείμην
1543 4309 1634 4390 ἀφ’
1689 4309 1914 4390 ἑσπέρας

258 4401 423 4469 αὐτῆς
483 4401 747 4477 λιπαρῶν,
815 4403 902 4458 καὶ
959 4405 1054 4460 οὐκ
1116 4400 1278 4456 ἀνίειν
1337 4399 1611 4474 δεόμενος.
1672 4399 1814 4468 ’Ήδη
1860 4399 1915 4456 δὲ

258 4493 380 4570 περὶ
430 4492 493 4547 τὸ
564 4493 888 4567 μεσαίτατον
960 4495 1057 4558 τῆς
1119 4490 1328 4562 νυκτὸς,
1393 4486 1562 4545 ἐδόκει
1623 4511 1714 4564 μοι
1772 4492 1916 4569 παρὰ

258 4561 368 4640 τινι
428 4561 714 4659 διατρίϐειν
784 4585 936 4655 τόπῳ
993 4580 1116 4653 θείῳ
1170 4580 1256 4635 καὶ
1311 4561 1636 4654 θαυμαστῷλ
1701 4582 1760 4635 οὗ
1814 4561 1980 4647 “cth

256 4671 426 4747 θέσιν,
482 4672 544 4728 τὸ
586 4671 806 4749 κάλλος⁴⁹
868 4672 968 4740 τὴν
1028 4672 1218 4750 χάριν,
1285 4666 1494 4732 εὔξαιτο
1552 4669 1650 4744 μὲν
1707 4667 1769 4723 ἄν
1827 4693 1914 4735 τις

2001 3409 2271 3470 hostibus
2303 3407 2572 3486 captivus
2603 3409 2815 3481 factus,
2852 3410 3040 3471 mansi
3085 3431 3196 3491 per
3223 3413 3462 3492 longum
3498 3424 3653 3477 tem-

2003 3517 2114 3576 pus
2134 3496 2205 3558 ab
2231 3516 2300 3558 eo
2325 3497 2717 3566 cruciatus,et
2747 3498 2884 3574 quid
2913 3517 3031 3559 non
3057 3519 3234 3577 grave
3257 3521 3482 3582 passus.
3516 3503 3659 3566 Ubi-

2002 3606 2136 3648 nam
2191 3588 2348 3648 enim
2385 3587 2654 3648 satietam
2691 3587 2845 3647 male
2886 3587 3148 3649 faciendi
3183 3593 3413 3670 ceperit
3445 3594 3659 3673 hujus-

2000 3677 2157 3738 modi
2183 3675 2486 3748 inimicus,
2513 3675 2751 3756 quando
2775 3677 2962 3737 semel
3002 3677 3276 3741 habuerit
3305 3690 3655 3758 potestatem

1995 3765 2257 3827 faciendi
2280 3764 2629 3826 hoc9Donec
2654 3763 2864 3824 fratres
2879 3765 3042 3825 ducti
3070 3767 3182 3826 mei
3209 3767 3647 3844 misericordia,

1996 3855 2210 3916 tollunt
2234 3864 2417 3928 me,et
2440 3855 2510 3913 ad
2537 3853 2724 3914 sancti
2748 3871 2985 3934 capsam
3021 3855 3556 3937 adducant.[taque
3581 3861 3652 3919 ad

1996 3945 2157 4006 illam
2191 3947 2437 4023 positus,
2475 3944 2670 4003 statim
2704 3944 2865 4004 velut
2893 3953 3199 4004 recreatus
3248 3954 3304 4005 et
3336 3946 3397 4007 in
3433 3965 3526 4007 me
3548 3967 3650 4009 rea

1998 4051 2228 4109 versus,
2253 4032 2499 4094 orabam
2534 4051 2666 4094 cum
2719 4031 2933 4094 calidis
2965 4033 3272 4112 lacrymis,
3308 4043 3368 4096 ut
3403 4054 3657 4116 magnus

2001 4125 2112 4186 mei
2138 4123 2520 4203 aliquatenus
2541 4124 3182 4204 misereretur,meque
3203 4124 3275 4185 ab
3301 4125 3409 4187 hac
3435 4127 3657 4208 impuri

2000 4215 2291 4276 dremonis
2321 4214 2604 4275 liberaret
2628 4215 2958 4277 vexatione:
2996 4225 3053 4276 et
3076 4235 3110 4278 a
3141 4233 3388 4296 veSpera
3421 4218 3524 4279 illa
3554 4220 3658 4280 ad-

1993 4304 2267 4386 jacebam
2293 4304 2780 4384 supplicans,nec
2807 4303 3280 4367 intermittebam
3307 4326 3503 4372 orare.
3525 4308 3655 4373 Jam

2000 4413 2138 4456 vero
2162 4395 2321 4458 circa
2343 4395 2602 4455 mediam
2625 4403 2881 4456 mortem
2909 4395 3158 4457 videbar
3181 4396 3562 4460 mihiversari
3594 4399 3654 4459 in

1987 4485 2256 4566 quodam
2277 4485 2406 4546 loco
2433 4484 2632 4546 divino
2657 4482 3275 4565 etadmirabili;cujus
3297 4487 3650 4566 posituram,

2000 4577 2815 4660 pulchritudinem,gratiam,
2844 4579 3142 4656 optaverit
3165 4579 3418 4656 quidem
3451 4577 3656 4643 videre

1998 4671 2311 4743 quispiam,
2336 4670 2434 4726 sed
2459 4667 2651 4727 verbis
2674 4681 3043 4740 nequaquam
3071 4673 3282 4742 poterit
3303 4673 3654 4744 exprimere.

1574 4777 1830 4842 VARle
1885 4775 2199 4842 LECTION
2209 4776 2321 4840 ES.

341 4870 366 4897 °
397 4862 475 4925 al.
514 4860 796 4937 διανομήν.
887 4870 912 4914 Ρ
944 4861 1027 4921 al.
1062 4860 1165 4916 ὒπό
1197 4883 1308 4920 του.
1396 4870 1424 4916 ι
1458 4857 1536 4920 al.
1569 4867 1685 4918 τοῦ.

1466 4938 1676 5003 ιοΑΝ.
1735 4935 2117 5002 BOLLANDI
2179 4935 2430 5001 NOTAE.

316 5048 712 5122 (90)Lubet_de
727 5060 868 5122 voce
889 5047 1316 5122 hac,nusquam
1341 5049 1477 5106 alibi
1502 5048 1670 5122 nobis
1687 5043 1918 5120 quidem

256 5117 474 5187 notata,
500 5119 793 5179 eruditum
825 5117 1347 5192 AdrianiCrotnmii
1377 5121 1636 5192 (utrique
1661 5117 1920 5192 noS'rutn

263 5208 494 5265 semper
516 5206 646 5248 cum
674 5193 894 5265 honore
917 5189 1277 5265 nominandi.
1305 5206 1471 5265 aquo
1494 5189 1671 5265 sacris
1695 5190 1922 5265 Litteris

265 5261 729 5338 theologtcisque
757 5261 1083 5338 disciplinis
1115 5276 1316 5338 sumus
1341 5261 1588 5338 instituti
1619 5261 1926 5332 (conjectu-

263 5352 389 5395 ram
442 5333 773 5409 apponere:
815 5353 838 5385 ι
870 5333 1176 5409 Existimo,
1211 5333 1417 5404 inquit,
1451 5334 1774 5409 Hebraaam
1801 5346 1923 5409 esse

258 5402 534 5481 vocem'i
578 5413 642 5469 et
691 5403 780 5467 sic
826 5403 1210 5467 scribendam
1269 5402 1486 5469 "ﬁrmo
1543 5403 1814 5480 manotja
1866 5402 1923 5463 id

265 5496 375 5554 est,
407 5497 624 5559 partes,
654 5487 773 5559 sive
816 5484 1126 5559 portiones,
1163 5485 1286 5559 Dei,
1327 5483 1446 5541 sive
1478 5485 1704 5559 ineptas
1726 5485 1919 5559 dapes,

265 5553 424 5632 quasi
467 5574 555 5632 ex,
596 5556 694 5614 Del
751 5553 1033 5632 beneﬂcio
1092 5557 1148 5632 in
1214 5556 1438 5612 deserto
1479 5553 1928 5632 ex:arboribus

265 5625 352 5688 v'el
395 5631 594 5688 herbis
640 5628 926 5699 legebant.
963 5627 1180 5684 Similis
1213 5641 1322 5684 vox
1352 5637 1439 5684 est
1477 5625 1737 5682 Estheris
1772 5637 1832 5699 ll,
1864 5636 1921 5680 v.

260 5705 296 5760 9
325 5703 383 5760 in
422 5696 805 5765 Hebraeoﬂibi
835 5699 1068 5756 Estheri
1100 5699 1374 5756 dicuntur
1405 5699 1756 5769 dattepartes
1784 5696 1921 5769 ejus.

263 5775 423 5840 Heb.
456 5789 690 5839 mrum
725 5771 1034 5852 portiones
1057 5771 1210 5851 ejus,
1237 5771 1362 5834 sive
1389 5789 1488 5832 res
1522 5768 1581 5832 ei
1599 5770 1672 5832 ad
1704 5768 1921 5830 victum

594 5902 862 5966 PATROL.
892 5898 1007 5963 Gn.
1046 5899 1255 5965 CXIV.

2008 5055 2066 5108 et
2098 5047 2324 5109 cultum
2369 5045 2749 5108 necessariae.
2784 5045 2902 5108 Sed
2934 5043 3020 5108 ibi
3069 5061 3152 5110 ω
3186 5045 3402 5108 litterae
3447 5047 3659 5109 ﬁnales

2006 5128 2284 5198 pluralem
2329 5142 2632 5183 numerum
2667 5136 2718 5182 et
2751 5127 2984 5183 aﬂlxum
3036 5125 3379 5183 femininum
3430 5128 3658 5198 signiﬁ-

2008 5197 2369 5255 cant.Posset
2389 5201 2558 5255 etiam
2576 5212 2648 5255 ex
2662 5197 2939 5254 Hebraica
2961 5209 3013 5254 et
3035 5198 3222 5254 Graeca
3239 5212 3363 5253 esse
3381 5197 3664 5268 composi-

2011 5279 2064 5330 ta
2103 5270 2310 5345 dictio,
2337 5278 2400 5330 ut
2431 5273 2679 5346 μανονθία
2714 5270 2791 5332 sit
2822 5269 2990 5350 quasi
3015 5272 3186 5342 μάννα
3217 5271 3455 5344 ἑωθινόν,
3493 5278 3554 5350 ut
3583 5271 3662 5334 sit

2006 5351 2216 5406 allusio
2237 5353 2307 5406 ad
2334 5350 2456 5406 Man
2484 5351 2604 5406 sive
2637 5349 2855 5406 manna
2880 5349 3276 5419 Hebraeorum,
3299 5350 3453 5418 quod
3481 5349 3658 5408 Exodi

2010 5433 2127 5478 xv1.
2161 5435 2214 5478 v.
2249 5422 2338 5486 21,
2373 5431 2425 5478 et
2456 5421 2712 5491 Sapient.
2747 5431 2863 5477 er.
2895 5433 2952 5475 ν.
3001 5420 3090 5484 28,
3129 5428 3261 5476 ante
3293 5431 3483 5477 ortum
3521 5423 3661 5479 solis

2010 5493 2402 5564 colligendum
2427 5493 2947 5564 erat.VocatuﬁrqueA
2964 5491 3156 5564 ipsum
3176 5505 3320 5547 man.
3346 5493 3508 5562 quasi
3529 5509 3662 5564 pars

2013 5565 2096 5619 vel
2127 5561 2336 5633 portio,
2369 5579 2492 5634 quae
2525 5566 2665 5634 ipsis
2694 5579 2721 5618 a
2768 5561 2886 5619 Deo
2919 5561 3188 5634 dabatur,
3220 5573 3277 5618 et
3308 5561 3433 5634 sine
3463 5561 3663 5623 labore

2010 5633 2833 5705 comparabatur,quamquam
2862 5633 3107 5705 etaliam
3133 5633 3542 5705 etymologiam
3567 5638 3664 5695 dat

2011 5703 2214 5768 noster
2245 5703 2543 5786 interpres
2573 5724 2643 5767 ex
2674 5703 2843 5786 LXX.
2880 5703 3066 5786 Exod.
3102 5703 3224 5779 xvi,
3252 5725 3314 5766 ν.
3335 5703 3445 5786 13,
3481 5716 3541 5770 ut
3566 5724 3661 5774 Ni:

2011 5802 2107 5852 me
2139 5784 2434 5851 Mam/tau
2459 5785 2537 5848 sit
2564 5785 2732 5867 quasi
2767 5800 2964 5878 "psum
3002 5784 3168 5862 Quid
3193 5786 3300 5850 hoc
3327 5785 3358 5846 ?
3387 5812 3413 5844 ι

3289 5893 3364 5960 23
