4090 6198
425 368 540 430 ἰ15

1733 362 2010 426 MENSIS
2035 354 2489 429 JANUARIUS.

3751 62 4036 94 *πνι-

3678 364 3806 434 716

420 502 561 566 Mihi
615 521 851 583 quoque
882 501 1194 563 videbatur
1226 502 1392 578 nigra
1446 499 1715 581 quaedam
1751 500 1962 561 cucula
2010 507 2057 560 et

2150 498 2306 574 ἰδεῖν,
2341 500 2487 580 λόγῳ
2545 498 2598 556 δὲ
2631 499 2849 565 δυνατὸς
2896 502 3068 558 εἰπεῖν
3113 501 3356 578 οὐδαμῶς
3402 504 3572 567 ἔσται.
3607 503 3802 579 Ἐῴκει

422 595 599 674 plena
622 592 843 653 vellere
867 591 1045 672 capiti
1073 611 1205 653 meo
1239 609 1371 652 esse
1394 590 1844 671 impositazillud
1868 599 2063 651 autem

420 682 608 745 vellus
639 685 702 761 (ο
736 681 1026 742 malorum
1062 680 1350 759 depulsor
1379 699 1551 743 serve
1584 679 1689 741 Dei
1722 678 1999 759 Euthymi
2021 679 2064 756 !)

417 771 572 834 absit
625 785 689 831 ut
724 770 862 831 ullis
913 770 1046 831 aliis
1099 771 1456 850 imponatur.
1507 767 1650 831 Nam
1706 768 2070 829 intrinsecus

417 860 658 942 quidem
690 861 820 920 loco
846 860 1042 920 mollis
1065 860 1235 932 lanis,
1265 869 1475 922 ornata
1508 869 1635 920 erat
1659 858 2068 937 spi;.is,iisque

419 971 537 1014 non
569 948 989 1012 tolerabilibus
1017 950 1220 1030 utique
1253 957 1313 1011 et
1343 948 1772 1022 mediocribus,
1802 948 1904 1010 sed
1939 965 2070 1028 quze

416 1042 870 1122 scriptoriorum
907 1040 1438 1100 instrumentorum
1475 1037 1738 1100 stimulis
1781 1038 2068 1117 magnitu-

415 1132 556 1193 dine
609 1149 678 1193 ac
710 1129 1082 1206 longitudine
1142 1139 1310 1190 erant
1341 1127 1611 1190 similes:
1665 1136 1840 1207 caput
1870 1135 2064 1189 autem

420 1240 614 1284 meum
670 1220 839 1281 valde
873 1217 1194 1298 pungebat,
1231 1236 1425 1298 neque
1476 1215 1722 1279 omnino
1768 1216 1934 1278 hiare
1982 1215 2067 1275 si-

415 1310 596 1374 nebat
626 1318 728 1372 aut
757 1307 1078 1388 respirare.

495 1400 664 1466 CXL.
700 1401 886 1461 Tanto
913 1397 1089 1476 igitur
1119 1395 1270 1456 malo
1295 1395 1762 1474 pressus,lingur
1803 1393 1944 1454 mihi
1977 1392 2066 1453 vi-

413 1489 602 1552 debar
635 1505 876 1550 versare
901 1505 1118 1547 nomen
1143 1484 1729 1564 Euthymii,eumque
1763 1501 1958 1545 orare.
1993 1483 2066 1544 Et

411 1581 513 1641 ille
545 1578 744 1640 statim
805 1575 946 1638 mihi
979 1586 1244 1655 apparet,
1283 1574 1463 1634 multa
1508 1575 1641 1635 luce
1673 1571 2066 1634 circumcirca

412 1670 740 1748 refulgens,
779 1667 914 1747 pilis
945 1684 1152 1738 canus,
1189 1674 1344 1725 teres
1375 1672 1644 1743 aspectu,
1674 1661 1825 1724 laatis
1849 1663 2062 1736 oculis,

410 1767 631 1822 statura
659 1755 1191 1836 brevis,promissa
1221 1752 1428 1830 barba,
1462 1752 1636 1830 nigro
1669 1753 1842 1831 pallio
1876 1752 2061 1813 amic-

2151 588 2204 646 δέ
2249 615 2337 666 μοι
2391 593 2477 647 καὶ
2539 590 2853 648 κουκούλιύν
2884 615 2936 648 τι
2995 591 3164 666 μέλαν
3220 596 3307 650 καὶ
3339 594 3546 670 μαλλοῦ
3599 594 3801 672 πλῆρες

2151 678 2452 737 ἐπικεῖσθαί
2492 703 2595 755 μου
2639 687 2705 757 τῇ
2757 679 2986 761 κεφαλῇ·
3037 685 3063 738 ὁ
3093 680 3146 738 δὲ
3207 682 3413 757 μαλλὸς
3445 687 3586 758 αὗτῷ
3646 684 3804 765 (ἁλε-

2153 769 2338 834 Ξίκακε
2399 774 2634 848 θαρὰπον
2681 773 2812 827 Θεοῦ
2871 771 3121 850 Εὐθύμιε)
3175 771 3313 847 μηδὲ
3356 773 3555 852 ἑτέροις
3611 773 3804 830 ἔπιτε-

2152 862 2305 925 θῆναι
2370 858 2630 934 μηδαμῶς
2662 857 2892 938 γένᾶιτο,
2952 861 3151 936 Ἐκόμα
3197 862 3293 936 μὲν
3339 864 3438 940 γὰρ
3468 865 3532 918 τὰ
3583 861 3727 920 ἔνδον
3757 871 3800 924 ¹’.

2152 947 2405 1008 ἀκάνθαις
2465 949 2578 1004 ἀντὶ
2610 948 2794 1024 μαλῶν
2826 966 2869 1022 ι,
2905 950 2988 1005 καὶ
3045 952 3262 1016 ταύταις
3312 953 3371 1008 οὔ
3421 967 3684 1032 φορηταῖς
3732 953 3802 1024 δή

2150 1058 2256 1092 τισι
2317 1039 2402 1092 καὶ
2454 1039 2716 1116 μετρίαις,
2751 1037 2888 1094 ἀλλὰ
2941 1053 3059 1104 τοῖς
3103 1046 3210 1096 τῶν
3258 1049 3530 1121 γραφιχῶν
3560 1045 3576 1076 ί
3631 1043 3797 1121 ἔργα..

2151 1124 2309 1181 λείων
2370 1126 2612 1203 κέντροις
2656 1129 2715 1182 τό
2772 1149 2828 1184 τε
2873 1127 3097 1206 μέγεθος
3148 1131 3234 1186 καὶ
3283 1134 3342 1188 τὸ
3391 1137 3566 1206 μῆκος
3615 1155 3796 1211 παρα-

2154 1213 2430 1280 πλησίαιςο
2517 1217 2715 1273 ἐκέντει
2777 1215 2833 1273 δέ
2891 1241 2994 1293 μου
3067 1219 3303 1299 σφοδρῶς
3373 1222 3472 1289 τὴν
3531 1221 3796 1300 κεφαλὴν,

2152 1305 2238 1360 καὶ
2271 1304 2384 1361 οὐδὲ
2419 1307 2626 1385 χαίνειν
2659 1305 2795 1370 ὅλως
2843 1305 2956 1363 οὐδὲ
2988 1310 3247 1365 ἀναπνεῖν
3277 1311 3592 1390 συνεχώρει.

2233 1398 2362 1453 ΡΜ¹.
2438 1396 2672 1468 Τοιούτῳ
2741 1403 3018 1474 τοιγαροῦν
3088 1403 3240 1471 κακῷ
3301 1403 3637 1476 πιεζόμενος,
3708 1399 3804 1456 δίἁ

2150 1481 2397 1559 γλώττης
2450 1483 2692 1564 στρέφειν
2749 1487 2811 1540 τὸ
2870 1495 2962 1544 τοῦ
3008 1488 3263 1560 Εὐθυμίου
3322 1488 3514 1564 ὄνομα,
3548 1495 3633 1546 καὶ
3675 1488 3803 1545 δεῖ-

2149 1576 2265 1629 σθαι
2323 1575 2480 1630 αὖτοὺ
2531 1572 2765 1636 ἐδόκοον,
2818 1580 2913 1632 Καὶ
2973 1576 3053 1651 ὃς,
3095 1578 3240 1641 εὐθὺς
3293 1578 3623 1658 ἐπιφαίνεταί
3676 1601 3798 1658 μοι,

2147 1661 2332 1735 πολλῷ
2390 1670 2465 1736 τῷ
2519 1665 2651 1743 φωτὶ
2697 1663 2879 1735 κύκλῳ
2919 1663 3418 1742 πέριλαμπόμενος,
3450 1666 3637 1730 πολιὸς
3695 1669 3802 1734 τὴν

2147 1753 2329 1830 τρίχα,
2396 1754 2724 1830 στρογγύλος
2780 1754 2878 1820 τὴν
2949 1754 3094 1830 ὄψιν,
3156 1755 3370 1834 φαιδρὸς
3412 1759 3537 1821 τοὺς
3590 1756 3802 1837 ὀφθαλ-

413 1856 598 1923 tus,et
623 1846 901 1910 baculum
926 1862 1102 1903 manu
1124 1850 1540 1920 tenensatque
1564 1841 1634 1901 ad
1665 1860 1757 1901 me
1779 1842 1882 1903 ait:
1900 1841 2057 1913 Qua-

2146 1843 2301 1915 μοὺς,
2337 1845 2435 1903 τὴν
2485 1843 2695 1910 ἠΑικίαν
2752 1844 2983 1923 βραχὺς,
3016 1845 3175 1920 βαθὺς
3226 1849 3316 1902 τὸν
3364 1847 3619 1926 πώγωνα,
3653 1869 3800 1921 μαν-

418 1955 551 1999 nam
580 1955 647 1998 re
670 1935 773 1997 tibi
807 1952 959 2012 opus
986 1938 1122 1994 est?
1149 1930 1299 2002 Quid
1333 1939 1529 1991 autem
1559 1930 1643 1990 vis
1669 1930 1772 1990 tibi
1807 1930 2012 1992 faciam
2036 1938 2064 1994 ?

410 2025 554 2089 Cum
583 2037 780 2086 autem
810 2042 918 2101 ego
945 2019 1460 2082 subtremebunde
1486 2037 1555 2081 ac
1577 2019 1784 2080 timide
1808 2037 2061 2100 respon-

409 2112 948 2178 disseinzMiserere
967 2129 1116 2172 mea:
1137 2109 1514 2183 calamitatis,
1543 2118 1648 2171 eta
1675 2109 1924 2170 molesto
1952 2109 2062 2171 hoc

412 2225 504 2268 me
537 2204 722 2266 libera
766 2203 1063 2275 daemone,
1101 2200 1200 2261 ille
1231 2199 1524 2260 austerius
1557 2199 1860 2278 excipiens
1897 2219 1910 2260 :
1944 2199 2060 2262 Sed

413 2303 585 2358 estne
608 2291 968 2370 tibi,inquit,
995 2307 1342 2368 persuasum
1379 2306 1446 2348 ex
1485 2287 1557 2349 iis
1583 2307 1712 2368 qua
1744 2289 1891 2350 fiunt
1917 2288 2061 2350 nihil

403 2403 578 2465 posse
606 2382 796 2443 Deum
823 2377 1309 2440 latere?Didicisti
1343 2396 1449 2458 per
1468 2395 1536 2438 ea
1567 2396 1698 2458 qua)
1733 2396 1940 2456 passus
1971 2397 2057 2454 es,

403 2483 690 2555 quantum
729 2471 947 2532 malum
983 2469 1078 2540 sit,
1111 2486 1210 2528 res
1250 2466 1555 2540 Ecclesiae,
1590 2477 1686 2528 aut
1729 2469 1924 2548 potius
1954 2468 2059 2530 Dei

403 2564 826 2646 despicere,et
871 2567 1048 2641 prout
1077 2576 1249 2619 casus
1300 2555 1501 2618 tulerit
1536 2565 1760 2618 temere
1805 2557 2055 2638 profun-

405 2653 600 2716 dere?
633 2651 797 2715 Sicut
829 2649 988 2712 enim
1022 2664 1221 2708 rerum
1255 2646 1544 2708 Ecclesiis
1567 2659 2054 2708 consecratarum

405 2744 594 2824 gratia
626 2750 830 2823 aperte
859 2741 1070 2801 transit
1099 2737 1171 2798 ad
1203 2735 1416 2814 Deum;
1451 2735 1582 2816 ipse
1615 2746 1811 2797 autem
1848 2755 2059 2798 rursus

407 2834 568 2895 novit
586 2852 655 2894 ex
681 2831 797 2894 alto
823 2828 1090 2910 praebere
1113 2826 1745 2887 remunerationeszita
1768 2835 1826 2888 et
1851 2827 1951 2906 qui
1969 2826 2056 2887 eis

407 2923 560 2984 male
612 2929 882 2992 utuntur,
916 2937 1031 2979 non
1064 2917 1122 2978 in
1157 2915 1362 2989 alium,
1400 2915 1503 2977 sed
1550 2915 1609 2976 in
1641 2915 1806 2976 illum
1854 2917 2049 2995 ipsum

403 3019 545 3073 sunt
566 3007 1195 3086 contumeliosi,eique
1216 3024 1420 3086 pcenas
1439 3005 1606 3066 luunt
1629 3005 2051 3067 meritas.Nam

382 3101 453 3189 ,εἰ
486 3101 630 3162 olim
674 3097 934 3162 Ananias
965 3115 1100 3158 cum
1136 3115 1339 3169 uxore,
1374 3094 1538 3174 quod
1571 3114 1639 3154 ex
1674 3095 1746 3154 iis
1776 3113 1907 3174 quae
1939 3093 2052 3174 ipsi

2147 1929 2272 1987 δύαν
2317 1931 2519 2006 μέλανα
2564 1935 2956 2009 περικείμενος,
2991 1931 3178 2012 ῥάϐδον
3230 1957 3288 1991 τε
3331 1941 3399 2012 τῇ
3451 1937 3601 2015 χειρί
3660 1956 3802 1991 κατ-

2147 2020 2321 2100 έχων·
2369 2025 2454 2077 καὶ
2513 2021 2678 2078 "Orco
2724 2020 2839 2098 δέῃ,
2882 2024 3013 2102 πρός
3076 2023 3142 2096 μέ
3199 2048 3327 2104 φησι
3365 2048 3380 2098 ;
3421 2029 3476 2084 Τί
3531 2023 3585 2082 δὲ
3620 2024 3804 2102 βούλει

2146 2113 2362 2178 ποιήσω
2420 2131 2554 2192 σοι,
2614 2112 2780 2185 Ἐμοῦ
2837 2111 2891 2168 δὲ
2952 2114 3257 2190 ὑπότρομόν
3303 2137 3351 2171 τι
3415 2118 3501 2172 καὶ
3560 2113 3805 2195 περιδεὲς

2147 2201 2596 2279 ἀποκριναμένου,
2658 2204 2888 2280 οἷκεϊραι
2958 2212 3051 2261 τοῦ
3126 2206 3349 2284 πάθους,
3413 2208 3613 2261 καὶτοῦ
3681 2227 3802 2284 χα-

2147 2290 2312 2348 λεποῦ
2353 2292 2540 2347 τούτου
2598 2290 2848 2366 δαίμονος
2908 2291 3212 2358 ἀπαλλάξαι
3256 2314 3346 2368 με·
3409 2293 3800 2371 αὖστηρότερον

2145 2380 2350 2444 ἐκεῖνος
2411 2379 2718 2456 ὑπολαβὼν,
2781 2383 2853 2436 Σὺ
2911 2379 2964 2436 δὲ
3007 2379 3129 2438 ἀλλ’
3172 2381 3440 2458 ἐπείσθης,
3487 2386 3666 2463 φησὶν,
3716 2381 3800 2439 ὅτι

2144 2475 2250 2525 τῶν
2322 2468 2621 2544 γινομένον
2693 2468 2838 2528 οὐδὲν
2906 2471 2998 2526 τὸν
3071 2478 3200 2527 Θεὸν
3272 2471 3454 2528 λαθεῖν
3526 2470 3799 2546 δυνατόνς

2143 2557 2395 2633 ’Ἒμαθες
2454 2559 2515 2614 ἐκ
2571 2561 2646 2612 ὧν
2700 2559 2896 2624 ἄπαθες
2933 2559 3122 2628 ἡλίκον
3179 2561 3246 2618 τὰ
3304 2563 3399 2629 τῆς
3444 2561 3798 2640 Ἐκκλησίας,

2140 2648 2343 2722 μᾶλλον
2387 2647 2440 2704 δὲ
2501 2649 2566 2705 τὰ
2628 2655 2716 2705 τοῦ
2761 2656 2894 2710 Θεοῦ
2929 2665 3290 2731 ’περιφρονεῖν
3350 2653 3540 2726 κακὸν,
3593 2654 3679 2709 γαὶ
3720 2653 3802 2716 ὡς

2139 2737 2201 2794 ἂν
2245 2739 2331 2793 καὶ
2376 2739 2531 2818 τύχοι
2565 2740 2847 2816 προΐεσθαι
2877 2759 2892 2812 ;
2929 2724 3132 2814 ’Ὠσπερ
3177 2742 3277 2819 γὰρ
3308 2743 3342 2808 ἡ
3397 2748 3500 2798 τῶν
3531 2742 3798 2822 ἀφοσιου-

2139 2849 2313 2900 μενων
2366 2832 2489 2890 ταῖς
2553 2827 2903 2896 Ἐκκλησίαις
2962 2831 3149 2910 χάρις,
3195 2833 3326 2908 πρὸς
3361 2833 3492 2887 Θεὸν
3545 2831 3796 2905 ἄντικρυς

2140 2914 2419 2973 διαϐαίνεισ
2492 2920 2578 2974 καὶ
2623 2919 2778 2980 me;
2839 2917 2893 2975 δὲ
2953 2921 3112 2976 πᾶλιν
3181 2918 3379 2976 ἄνωθεν
3423 2918 3540 2978 οἶδε
3611 2943 3795 3000 παρα-

2143 3020 2302 3086 σχεῖν
2354 3009 2449 3070 τὰς
2483 3005 2803 3071 ἆντιδόσεις⁰
2850 3007 2990 3065 οὕτω
3033 3007 3098 3077 δὴ
3144 3010 3234 3066 καὶ
3285 3012 3332 3066 οἱ
3362 3011 3542 3075 κακῶς
3601 3014 3797 3076 αὒτοτς

2140 3094 2500 3176 κεχρημένοι,
2553 3101 2649 3156 οὐκ
2703 3099 2778 3158 εἷς
2835 3096 3021 3175 ἄλλον,
3069 3096 3190 3155 ἀλλ’
3243 3101 3317 3164 εἰς
3371 3101 3528 3156 αὐτὸν
3586 3099 3798 3156 ἐκεῖνον

400 3184 744 3256 Obtulerant
776 3187 1228 3268 surripuissent,
1267 3194 1457 3246 tantas
1501 3184 1796 3246 dederunt
1826 3202 2052 3263 pcenas,

2146 3189 2544 3264 ἐμπαροινοῦσι,
2590 3189 2677 3242 γαὶ
2737 3187 2833 3255 τὴν
2877 3187 3022 3253 ἀξίαν
3067 3189 3210 3263 αὖτῷ
3261 3188 3414 3256 δίκην
3470 3187 3795 3268 ὁπέχουσιν.

398 3294 460 3344 ut
501 3282 630 3362 ipso
655 3299 772 3342 una
799 3283 856 3340 in
889 3280 1042 3340 furto
1075 3277 1270 3338 statim
1307 3284 1704 3346 morerentur,
1737 3292 2055 3354 quamnam

2146 3277 2201 3331 Εἰ
2253 3276 2353 3354 γὰρ
2397 3279 2424 3332 ὁ
2460 3275 2704 3340 Ἀνανίας
2735 3275 2900 3333 πάλαι
2945 3278 3082 3352 μετὰ
3128 3284 3227 3346 τῆς
3295 3279 3553 3355 γυναικὸς,
3603 3278 3664 3335 ἐκ
3717 3282 3798 3334 ὧν

399 3373 602 3454 utique
634 3373 870 3434 veniam
901 3366 1434 3446 consequetur,qui
1468 3383 1542 3426 ne
1566 3365 1778 3425 aliena:
1810 3363 2054 3443 quidem

2146 3366 2285 3421 αὐτοὶ
2362 3368 2735 3443 προσήνεγκαν
2806 3364 3148 3446 ὕφελόμενοι,
3207 3365 3539 3434 τηλικαύτην
3610 3365 3799 3425 ἔδοσαν

404 3464 491 3524 sic
517 3464 707 3543 parcit
735 3458 1025 3522 oblationi
1056 3458 1117 3508 40
1141 3455 1170 3514 ‘2
1203 3455 1450 3529 Verum,
1485 3453 1700 3536 inquit,
1736 3454 1784 3514 si
1821 3461 2054 3543 pactum

2146 3454 2424 3534 τιμωρίαν,
2467 3457 2540 3518 ὡς
2575 3457 2710 3529 αὐτῇ,
2767 3457 2861 3511 σὺν
2904 3455 3017 3532 ἅμα
3061 3462 3129 3534 τῇ
3178 3455 3357 3531 κλοπῇ
3412 3457 3794 3538 ἰπαποθανειν,

399 3542 762 3615 conventum
787 3548 1092 3622 feceris,te
1116 3565 1233 3608 non
1260 3543 1517 3624 amplius
1544 3544 1726 3606 rebus
1753 3542 1938 3604 sacris
1959 3542 2048 3604 in-

2146 3547 2292 3608 ποίας
2361 3543 2460 3622 ἄρα
2531 3543 2762 3610 τεύξεται
2821 3546 3171 3627 συγγνώμης,
3232 3549 3260 3603 ὁ
3323 3544 3461 3622 μηδὲ
3506 3545 3796 3627 ἀλλοτρίας

391 3644 584 3723 justas
617 3659 827 3703 manus
858 3639 1292 3710 immissurum,
1323 3653 1432 3696 nec
1466 3634 1524 3694 in
1560 3633 1845 3694 malarum
1879 3633 2044 3711 cogi-

2146 3633 2267 3690 tiitm
2328 3640 2634 3712 προσφορᾶς
2693 3632 3045 3714 φειδόμενος;
3092 3633 3242 3692 Ἀλλ’
3275 3646 3303 3678 ιι
3352 3637 3396 3691 εί
3449 3633 3626 3711 δίδως,
3659 3635 3791 3716 ἔφη,

401 3733 688 3795 tationum
717 3728 1082 3792 admissione
1117 3725 1575 3796 luxuriaturum,
1598 3732 1651 3782 te
1683 3723 2048 3802 inquit,con-

395 3822 691 3886 solabitur
739 3820 918 3892 Deus,
957 3825 1016 3877 et
1039 3814 1294 3877 sanabit.
1331 3812 1433 3875 Est
1463 3811 1621 3874 enim
1664 3811 1960 3891 benignus
1987 3818 2050 3873 et

398 3915 688 3977 clemens.
717 3919 776 3971 et
807 3926 926 3970 non
960 3908 1080 3966 vult
1103 3914 1357 3967 mortem
1394 3905 1820 3984 peccatoris,nt
1849 3900 2051 3962 divina

401 4004 619 4064 docent
651 3998 887 4078 eloquia
911 3997 1153 4068 “,sicul
1181 3993 1280 4056 ubi
1313 4000 1692 4054 convertatur
1724 3993 1849 4072 ipse
1879 3998 1940 4052 et
1971 3990 2052 4052 vi-

399 4099 511 4150 vat.
571 4084 1064 4166 Quandoquidem
1101 4082 1203 4145 tibi
1239 4083 1371 4143 ideo
1417 4093 1749 4144 evenerunt
1781 4098 2050 4161 praesen-

401 4177 670 4258 tia,quod
697 4193 897 4237 rerum
923 4190 1228 4234 sacrarum
1265 4171 1595 4233 ministerio
1626 4179 1895 4251 accepto,
1932 4188 2051 4230 non

401 4276 598 4328 tamen
629 4267 888 4346 teipsum
921 4262 1042 4324 Deo
1077 4261 1442 4322 conservasti
1488 4259 1752 4334 fidelem,
1787 4259 1890 4320 sed
1925 4267 2048 4319 sta-

397 4357 504 4418 tim
555 4357 627 4417 ad
689 4353 894 4416 dolum
970 4351 1311 4429 furtumque
1364 4349 1735 4431 respexisti;
1791 4358 2050 4422 metens,

2131 3725 2416 3802 συνθήκας,
2462 3723 2658 3796 μηκέτι
2711 3737 2908 3804 χεῖρας
2965 3723 3172 3788 ἀδίκους
3205 3734 3230 3766 '
3285 3726 3456 3803 ἱεροῖς
3509 3723 3789 3785 ὶπιόαλετν

2131 3813 2433 3891 πράγμασι,
2490 3814 2631 3887 μήτε
2688 3813 2798 3889 μὴν
2861 3812 3137 3890 λογισμῶν
3209 3813 3427 3895 φαύλων
3499 3812 3792 3894 παραδοχῇ

2135 3900 2596 3975 καθηδυπαοῆσαι,
2661 3901 3080 3979 παρακαλεῖται,
3142 3903 3336 3982 φησίν,
3395 3905 3423 3960 ὁ
3482 3905 3640 3980 Θεὸς,
3700 3903 3788 3960 καὶ

2133 3992 2274 4047 ἰᾶταί
2327 4013 2409 4054 σε,
2480 3989 2860 4071 Φιλάνθρωπος
2919 3992 3042 4070 γάρ’
3116 3993 3201 4048 καὶ
3258 3994 3322 4051 οὗ
3391 3991 3637 4068 βούλεται
3693 3993 3790 4049 τὸν

2137 4081 2357 4138 θάνατον
2413 4087 2503 4136 τοῦ
2554 4080 2894 4163 ἀμαρτωλοῦ,
2931 4083 2966 4150 ἧ
3016 4080 3112 4140 καῖ
3143 4084 3210 4140 τὰ
3257 4087 3377 4140 θεῖα
3406 4081 3636 4140 διδάσκει
3679 4081 3791 4140 Δό-

2137 4193 2250 4248 για,
2285 4172 2357 4232 ὡς
2390 4171 2450 4225 τὸ
2507 4168 2825 4248 ἐπιστρέψαι
2855 4173 2941 4228 καὶ
2992 4177 3109 4248 ζῇν,
3144 4173 3328 4232 αὖτόν.
3381 4172 3534 4230 Ἐπεὶ
3563 4175 3651 4230 καὶ
3705 4171 3794 4228 διὰ

2132 4261 2287 4316 τοῦτό
2347 4281 2430 4315 σοι
2459 4259 2525 4314 τὰ
2567 4260 2802 4338 παρόντα
2852 4259 3071 4335 συνέϐη,
3105 4261 3186 4319 ὅτι
3247 4263 3575 4342 πραγμάτων
3637 4262 3794 4340 ἱερῶν

2133 4347 2398 4406 διακονίαν
2483 4347 2872 4430 ἐγχειρισθεὶς,
2940 4353 3194 4427 οὐμενοῦν
3263 4359 3341 4427 τῷ
3410 4354 3528 4428 Θεῷ
3596 4353 3791 4409 πιστὸν

395 4455 463 4508 ut
491 4463 630 4507 vere
679 4445 900 4522 dicam,
939 4441 1037 4502 ubi
1070 4459 1188 4500 non
1213 4440 1545 4511 seminasti,
1578 4449 1635 4500 et
1665 4453 2046 4516 congregans

2146 4439 2353 4494 σεαυτὸν
2411 4435 2691 4515 ἐφύλαξας,
2727 4437 2865 4494 ἀλλὰ
2921 4443 3054 4518 πρὸς
3118 4439 3272 4499 δόλον
3331 4443 3478 4506 εὐθὺς
3523 4443 3610 4500 καὶ
3654 4439 3790 4497 κλο-

403 4534 504 4597 ubi
540 4554 655 4596 non
693 4533 960 4615 sparsisti
991 4531 1069 4590 49.
1091 4528 1241 4590 Hinc
1274 4535 1467 4590 ortum
1502 4527 1700 4590 habuit
1741 4525 2050 4588 derelictio

2146 4528 2241 4595 ιτὴν
2303 4524 2556 4602 ἱϐλεψαςο
2631 4529 2868 4606 θερίζων,
2930 4529 3144 4597 ἀληθῶς
3215 4533 3412 4611 εἶπετν,
3485 4531 3620 4589 ὅπου
3691 4533 3791 4588 οὒκ

399 4624 476 4688 ab
527 4643 648 4700 eo;
706 4624 843 4684 hinc
891 4619 1148 4682 insultus
1197 4619 1394 4679 carnis
1423 4625 1480 4678 et
1530 4615 2048 4696 intemperantia;

2146 4617 2406 4695 ἔσπειρας,
2463 4618 2552 4671 καὶ
2613 4618 2856 4695 συνάγων
2913 4618 3030 4674 ὅθεν
3090 4621 3150 4676 οὗ
3202 4619 3601 4699 διεσκόρπισας.
3657 4620 3790 4679 Ἐν·-

400 4733 632 4775 necnon
665 4711 860 4790 gravis
893 4710 991 4771 hic
1021 4727 1054 4768 a
1085 4706 1457 4768 daemonibus
1490 4707 1728 4781 ﬂuctus,
1763 4705 1922 4780 hinc,
1959 4705 2050 4764 in-

2146 4707 2309 4763 ιεῦθεν
2365 4707 2399 4774 ἡ
2456 4703 2582 4784 παρ’
2641 4707 2800 4764 αὐτοῦ
2868 4707 3276 4786 ὲγκατάλειψιςο
3348 4709 3580 4767 ἐντεῦθεν
3625 4711 3660 4780 ἡ
3723 4711 3788 4766 Ex

398 4805 551 4885 quit,
578 4803 637 4864 in
669 4812 726 4865 te
759 4799 1089 4862 inundavit.

2129 4796 2226 4864 τῆς
2285 4797 2486 4876 σαρχὸς
2533 4794 2779 4876 ἐπήρεια,
2817 4797 2905 4854 καὶ
2949 4797 3230 4857 ἀκολασία⁰
3267 4799 3362 4857 καὶ
3418 4801 3479 4857 τὸ
3504 4798 3671 4858 δεινὸν
3731 4796 3788 4865 δὲ

397 4884 552 4951 τοῦτο
595 4895 736 4970 παρὰ
769 4897 872 4948 τῶν
903 4889 1166 4964 δαιμόνων
1211 4884 1521 4964 κλυδώνιον,
1555 4885 1787 4941 ἐντευθεν
1819 4907 1901 4941 σοι
1935 4889 2117 4967 φησὶν,
2153 4885 2479 4958 ἔπεκύμηνε,

481 4981 779 5047 CXLI.His
805 4999 912 5059 ego
939 4977 1179 5054 auditis,
1217 4975 1270 5037 ei
1305 4973 1594 5054 polliceor
1623 4973 1952 5034 cautionem
1987 4975 2044 5035 in

399 5085 726 5158 posterum.
764 5069 833 5132 Et
856 5079 1015 5140 tunc,
1045 5066 1260 5145 inquit,
1290 5083 1421 5124 cum
1456 5063 1514 5122 in
1541 5061 2047 5158 sceleratum_dw-

405 5151 642 5228 inonem
677 5159 1103 5228 infremuisset,
1140 5169 1440 5228 manuque
1492 5169 1682 5211 meam
1715 5151 2050 5232 apprehen-

402 5260 588 5321 disset
611 5248 1032 5331 cucullam,vix
1059 5255 1116 5309 et
1142 5265 1276 5307 cum
1304 5243 1358 5304 vi
1381 5261 1512 5306 eam
1542 5243 1734 5304 aufert
1766 5262 1800 5305 e
1825 5243 2043 5324 capite:

481 5420 544 5470 ιο
571 5419 700 5480 Act.
738 5430 798 5489 ν,
839 5419 858 5472 1
901 5428 1073 5491 seqq.
1159 5407 1213 5456 41
1249 5403 1468 5466 Ezech.
1503 5419 1666 5466 xvm.
1701 5403 1800 5465 23.

2213 4975 2425 5032 Τούτων
2453 4974 2684 5040 ἀκούσας
2739 4976 2868 5055 ἐγὼ,
2903 4979 3165 5048 συνθήκας
3210 4981 3340 5056 πρὸς
3386 4981 3543 5039 αὐτὸν
3593 4989 3786 5040 ποιοῦ-

2134 5089 2229 5142 μαι
2263 5068 2360 5134 τῆς
2415 5066 2486 5131 εἰς
2527 5067 2579 5122 τὸ
2628 5064 2817 5124 λοιπὸν
2872 5067 3139 5147 φυλακῆς.
3204 5070 3299 5126 Καὶ
3347 5069 3491 5149 τότε,
3526 5070 3678 5150 φησι,
3711 5077 3790 5144 τῷ

2135 5163 2310 5234 μιαρῷ
2367 5153 2574 5231 δαίμονι
2638 5154 3136 5235 ἔμϐριμησὰμενος,
3186 5161 3270 5216 καὶ
3328 5157 3624 5233 λαϐόμενός
3682 5181 3792 5235 μου

2133 5253 2200 5322 τῇ
2243 5246 2505 5324 χειρῖτοῦ
2547 5246 2877 5328 κουκουλίου,
2911 5247 3067 5323 μόλις
3115 5247 3213 5324 μὲν
3243 5249 3373 5306 αὐτὸ
3428 5250 3516 5306 καὶ
3546 5249 3639 5307 σὺν
3699 5249 3792 5326 βίᾳ

1889 5403 1950 5455 ‘9
1985 5404 2196 5467 Matth.
2231 5421 2372 5480 xxv,
2404 5403 2498 5468 34.

1720 5564 1966 5629 VARIE
2015 5563 2442 5630 LECTIONES.

484 5727 508 5756 ι’
537 5711 704 5774 abest
735 5709 806 5772 ab
837 5707 912 5769 al.
1000 5714 1018 5738 '
1051 5703 1126 5765 al.
1163 5700 1402 5780 μιλλιῦν.
1497 5709 1512 5742 ί
1543 5698 1617 5761 al.
1657 5707 1925 5781 γναφικῶν

2037 5709 2064 5742 ιι
2105 5698 2184 5763 al.
2220 5717 2486 5782 pmpon.
2520 5701 2682 5774 πλήν.

2771 5710 2796 5743 ν
2829 5700 2910 5764 al.
2945 5701 3161 5770 ἀδίκως.
