4090 6198
328 365 446 432 717
1632 357 1820 427 VITA
1865 363 1922 424 S.
1979 365 1981 370 “

2073 363 2392 426 ⁷ΤΗΥΜΙΙ.
3592 372 3704 438 718

327 506 427 568 τῆς
456 497 694 577 κεφαλῆς
740 497 1047 576 samum
1081 513 1096 527 '
1143 496 1204 552 τὸ
1262 494 1316 550 δὲ
1376 494 1474 572 ἔρα
1507 494 1798 569 μετέϐαλεν
1826 499 1971 562 εύθὺς

2073 498 2157 560 ηΙΙει
2187 516 2332 560 vero
2357 497 2551 560 statim
2580 498 2826 562 mutavit
2846 499 3125 576 formam,
3157 509 3220 564 et
3251 501 3393 566 mihi
3420 508 3480 564 in
3503 501 3710 568 Sancti

329 593 428 658 τὴν
487 590 720 667 μορφὴν,
767 591 856 644 καί
904 587 996 663 μοί
1037 608 1118 648 τις
1152 591 1206 642 ἒν
1236 593 1304 654 τῆ
1336 592 1428 641 τεοῦ
1459 586 1610 662 ἁγίου
1646 591 1786 665 χειρὶ
1831 590 1965 666 βρα-

2073 607 2234 649 nanu
2285 588 2478 650 brevis
2509 589 2751 669 quidam
2784 590 3099 652 videbatur
3157 593 3458 673 XEthiops,
3516 596 3708 658 oculis

330 683 434 762 χὺς
495 681 680 754 Αἰθίοψ
743 681 917 756 ὡράτο
981 677 1100 755 πυρὶ
1175 678 1296 738 τοὺς
1373 673 1675 753 ὀφθαλμοὺς
1737 676 1920 751 ὅμοιος
1952 692 1966 706 ⁹

2080 679 2178 756 gni
2206 677 2422 741 similis
2459 700 2471 738 :
2507 680 2625 739 visa
2651 698 2888 759 quoque
2920 688 3011 741 est
3037 689 3175 742 ante
3207 684 3337 761 ejus
3371 683 3558 762 pedes
3591 685 3705 749 de-

330 771 483 845 ἐῲκει
529 767 583 824 δέ
616 791 696 832 τις
729 768 828 842 πρὸ
859 774 963 822 τῶν
995 763 1172 822 ποδῶν
1206 765 1348 839 αὒτῷ
1400 766 1489 820 καὶ
1547 764 1730 842 βόθρος
1776 764 1972 834 κομιδῇ

2073 769 2212 830 ’ossa
2243 787 2376 828 esse
2411 769 2876 848 profundissima
2911 769 3099 831 fovea.
3154 773 3219 830 Et
3251 771 3421 833 illum
3455 773 3704 852 quidem

329 862 618 938 βαθύτατος
664 855 977 935 διωρύχθαι.
1016 856 1113 913 Καὶ
1176 856 1261 910 τὸν
1306 855 1404 928 μὲν
1451 853 1624 932 ἂφῆκε
1688 856 1822 911 κατὰ
1882 862 1972 910 τοῦ

2073 860 2118 916 Ln
2156 856 2379 917 foveam
2409 856 2673 935 dejecit;
2707 857 2776 917 ad
2813 876 2910 918 me
2930 876 3068 918 vero
3101 859 3317 920 iterum
3351 879 3700 940 conversus,

327 953 517 1028 βόθρου
555 970 569 984 '
635 948 962 1024 ἐπιστρέψας
1007 943 1061 999 δὲ
1095 948 1223 1022 πρός
1271 965 1336 1006 με
1383 942 1568 1015 πάλιν,
1602 943 1778 1000 ἐκεῖνό
1811 967 1975 1023 φησιν

2073 947 2202 1008 illud
2237 945 2405 1022 dicit,
2439 946 2603 1027 quod
2637 945 2902 1007 Christus
2936 948 3254 1027 paralytico
3290 970 3304 1011 :
3339 950 3491 1011 Ecce
3518 969 3709 1014 sanus

328 1042 356 1098 ὃ
411 1042 543 1117 πρὸς
587 1039 676 1093 τὸν
723 1035 1028 1115 παράλυτον
1087 1037 1112 1090 6
1173 1034 1395 1112 Χριστός
1436 1051 1447 1062 ·
1483 1031 1589 1089 Ἴδε
1635 1035 1790 1112 ὑγιὴς
1819 1034 1971 1110 γέγο.

2073 1035 2256 1097 factus
2277 1054 2358 1108 es,
2387 1037 2516 1113 iam
2549 1035 2675 1098 noli
2701 1053 2978 1116 peccare,
3014 1037 3118 1098 sed
3152 1038 3392 1100 attende
3429 1039 3536 1100 tibi
3568 1041 3706 1120 ipsi,

331 1153 448 1203 νας,
538 1127 734 1203 μηκέτι
820 1125 1114 1202 ἁμάρτανε,
1205 1121 1341 1178 ἀλλᾶ
1429 1122 1668 1202 πρόσεχε
1743 1130 1969 1197 σεαυτῷ,

2073 1143 2132 1186 ac
2160 1127 2432 1186 deterius
2461 1124 2580 1186 tibi
2609 1125 2855 1204 aliquid
2884 1129 3193 1204 contingat
3223 1125 3370 1188 434‘.
3406 1128 3528 1206 Ego
3572 1148 3708 1192 vero

328 1221 424 1276 ’ίνα
466 1219 544 1292 μὴ
605 1217 799 1296 χεῖρόν
856 1236 906 1270 τι
965 1236 1046 1270 σοι
1101 1212 1346 1292 γένηται.
1381 1209 1622 1276 Ἀνεθεῖς
1652 1210 1705 1268 δὲ
1737 1219 1832 1270 τοῦ
1863 1215 1974 1268 πά-

2073 1215 2132 1274 ib
2167 1232 2236 1274 ea
2266 1213 2604 1274 calamitate
2638 1213 2949 1294 liberatus,
3002 1225 3060 1275 et
3108 1215 3554 1279 ardentioribus
3584 1219 3708 1282 Deo

329 1314 452 1373 θους
497 1308 630 1386 ἐγὼ,
676 1307 762 1362 καὶ
822 1303 1142 1382 θερμοτέραν
1199 1299 1426 1365 ἀποδοὺς
1474 1307 1549 1374 τῷ
1602 1309 1718 1374 Θεῷ
1747 1303 1844 1368 τὴν
1883 1308 1975 1358 ενδ..

2073 1302 2209 1365 ictis
2240 1301 2468 1381 gratiis,
2504 1303 2577 1363 ab
2611 1303 2716 1363 illo
2751 1313 3021 1382 tempore
3047 1323 3236 1384 usque
3260 1307 3321 1365 in
3347 1306 3706 1371 hodiernum

329 1399 640 1479 χαριστίαν,
688 1395 898 1460 ἀπαθὴς
956 1390 1008 1456 ἐξ
1061 1391 1262 1448 ἐκείνου
1327 1391 1414 1447 καὶ
1476 1392 1550 1454 εἷς
1611 1389 1759 1470 δεῦρο
1811 1399 1980 1448 κακοῦ

2073 1399 2445 1454 conservatus
2494 1410 2626 1452 sum
2681 1395 2879 1452 omnis
2928 1393 3066 1453 mali
3105 1412 3349 1474 expers.
3401 1393 3539 1457 Haec
3570 1415 3707 1459 cum

329 1489 528 1548 παντὸς
590 1482 1014 1560 συντετήρημαι.
1053 1489 1228 1539 Ταῦτα
1274 1481 1392 1554 ἐμοὶ
1450 1483 1544 1536 τοῦ
1609 1480 1813 1539 Παύλου
1855 1479 1974 1537 δια-

2073 1481 2209 1542 mihi
2244 1480 2459 1541 Paulus
2487 1481 2902 1556 declaraverit,
2935 1499 3317 1546 communem
3349 1503 3457 1564 ego
3481 1488 3712 1549 cunctis

333 1579 700 1656 σαφήσαντος,
747 1573 934 1639 κοινὴν
968 1571 1076 1649 ἐγὼ
1104 1577 1233 1627 πᾶσι
1262 1569 1540 1644 παρέθηκα
1569 1571 1669 1637 τὴν
1700 1569 1975 1649 διήγησιν,

417 1664 600 1724 PMB'.
661 1661 831 1735 Πλὴν,
877 1658 996 1717 ἀλλ’
1042 1663 1069 1716 6
1115 1658 1275 1736 λόγος
1334 1661 1473 1735 ὁρμᾷ
1531 1681 1623 1733 μοι
1678 1659 1840 1715 πάλιν
1883 1660 1979 1717 καῖ

333 1757 538 1833 ἑτέροις
582 1754 824 1809 ἐστιάσαι
859 1753 952 1815 τὰς
982 1752 1130 1824 ὒμῶν
1184 1748 1373 1812 ἀκοάς.
1442 1750 1744 1805 Παύσασθαι
1801 1750 1900 1827 γὰρ
1945 1751 1978 1817 ἡ

2067 1571 2350 1649 praposui
2382 1570 2808 1632 narrationem.

2145 1659 2365 1723 CXLII.
2402 1661 2623 1722 Verum
2660 1661 2820 1721 enim
2854 1680 2994 1724 vero
3028 1663 3178 1725 mihi
3209 1682 3416 1727 rursus
3446 1667 3709 1747 erumpit

2065 1759 2254 1813 oratio
2280 1751 2350 1810 ad
2382 1749 2717 1830 pascendas
2743 1750 2926 1811 rebus
2951 1752 3086 1813 aliis
3110 1771 3286 1816 aures
3306 1763 3550 1816 vestras.
3576 1757 3712 1819 Non

330 1853 438 1902 τῶν
496 1845 778 1918 θαυμάτων
825 1842 1078 1920 συνέχεια
1126 1842 1222 1896 οὒκ
1269 1839 1352 1910 ἐᾷ,
1386 1838 1799 1915 προκαλουμένη
1834 1837 1976 1912 μᾶλ-

2073 1841 2208 1901 sinit
2237 1839 2398 1900 enim
2426 1858 2666 1901 cessare
2691 1839 3115 1903 miraculorum
3139 1845 3531 1918 continuatio,
3558 1863 3714 1908 sem-

331 1935 427 1992 λον
471 1935 552 1990 ἀεὶ
608 1935 700 1990 τὸν
733 1931 914 2009 λόγον,
948 1931 1036 1986 καὶ
1069 1931 1139 1990 εἰς
1172 1931 1234 1984 τὸ
1275 1939 1300 1970 ι
1329 1929 1514 2006 πρόσω
1544 1929 1744 2004 βαίνειν
1779 1932 1978 1996 προθυ-

332 2025 604 2101 μουμὲνή,
665 2025 941 2098 κρείττονα
1015 2020 1141 2076 ὄντα
1200 2021 1288 2074 καὶ
1347 2017 1692 2098 χαριέστερα,
1747 2018 1981 2094 καθάπερ

332 2117 469 2180 αὒτή
529 2115 661 2192 πρὸς
724 2111 918 2178 ἑαυτὴν
972 2107 1352 2184 ἁμιλλωμένη,
1407 2111 1494 2163 καὶ
1549 2109 1614 2163 τὰ
1641 2105 1982 2185 προλαϐόντα

333 2210 486 2275 νικᾷν
530 2216 649 2265 τοῖς
681 2201 869 2282 ἑφεξῆς
896 2198 1223 2276 βουλομένη.
1261 2199 1395 2261 Τοὺς
1445 2199 1547 2275 γὰρ
1608 2196 1696 2254 δύο
1753 2197 1980 2258 λάκκους

335 2297 423 2358 οὒς
453 2293 556 2360 τὴν
589 2290 765 2371 ἀρχὴν
822 2289 982 2368 λόγος
1015 2289 1116 2344 ὑπὸ
1146 2292 1254 2344 τῶν
1287 2285 1620 2365 Ἀμορραίων
1650 2285 1976 2364 διορυγῆναι,

333 2383 445 2441 δυσὶ
498 2388 590 2439 τού
675 2377 941 2436 κοινοϐίου
1021 2375 1254 2441 σταδίοις
1327 2375 1700 2452 διεστηκότας,
1765 2376 1982 2431 ἆνανεοτ

337 2475 437 2549 μὲν
479 2471 557 2528 ἔτι
588 2470 661 2528 ὢν
702 2471 833 2549 ὑπὲρ
864 2475 967 2546 γῆς
1000 2471 1026 2524 6
1059 2468 1229 2546 μέγας
1265 2468 1543 2542 Εὖθύμιος,
1577 2469 1648 2531 ὡς
1688 2465 1792 2532 ἤδη
1846 2467 1979 2542 φθά-

333 2584 524 2628 σαντες
581 2559 952 2638 ἐδηλώσαμεν,
1014 2560 1100 2614 καἶ
1160 2565 1235 2632 τῷ
1290 2569 1382 2616 του
1413 2557 1590 2636 ἐτέρου
1623 2556 1850 2630 στόματι
1879 2556 1974 2610 θύ-

332 2675 428 2732 ραν
459 2653 615 2716 αὐτὸς
647 2651 875 2720 ἒπιθεὶς,
922 2648 1182 2722 ἀπονέμει
1232 2648 1363 2723 πρὸς
1404 2645 1608 2723 ὑδρείαν
1640 2650 1709 2720 τῇ
1759 2643 1925 2720 λαύρα
1960 2663 1972 2677 ·

332 2740 537 2817 θατέρῳ
566 2739 620 2795 δὲ
663 2751 782 2803 τοῖς
831 2737 920 2794 ὑπ’
968 2737 1126 2795 αὐτού
1178 2737 1547 2811 βαπτισθεϊσιν
1594 2735 1922 2812 Ἀγαρηνοτς
1955 2743 1980 2784 1

2068 1947 2173 2008 per
2205 1929 2390 2007 magis
2423 1947 2751 2008 provocans
2780 1932 3138 2005 orationem,
3175 1938 3234 1993 et
3262 1937 3522 2011 gestiens
3568 1953 3712 2013 pro-

2063 2019 2229 2095 gredi
2264 2019 2334 2080 ad
2371 2020 2681 2093 ulteriora,
2717 2039 2850 2101 qua:
2896 2023 3306 2099 praestantiora
3355 2032 3494 2085 sunt
3523 2033 3580 2085 et
3603 2027 3712 2104 ju-

2065 2109 2389 2184 cundiora;
2444 2110 2623 2172 veluti
2675 2110 2802 2189 ipsa
2832 2129 3036 2172 secum
3073 2120 3333 2187 certans,
3386 2113 3715 2197 volensque

2067 2198 2469 2280 praecedentia
2501 2199 2741 2260 vincere
2769 2202 3312 2280 consequentibus.
3342 2201 3498 2264 Duas
3545 2205 3708 2266 enim

2066 2291 2377 2360 cisternas,
2415 2307 2562 2368 quas
2617 2288 2770 2349 fama
2801 2297 2892 2349 est
2921 2289 2997 2349 ab
3029 2289 3203 2350 initio
3235 2291 3458 2353 fodisse
3488 2294 3709 2354 Amor-

2064 2378 2278 2446 rhaaos.
2317 2378 2556 2439 dissitas
2577 2377 2814 2438 duobus
2840 2377 3047 2439 stadiis
3072 2397 3107 2439 a
3135 2379 3433 2456 cmnobio,
3463 2391 3715 2444 renovat

2066 2467 2306 2547 quidem
2332 2466 2530 2527 adhuc
2557 2468 2614 2527 in
2644 2479 2801 2528 terra
2825 2471 3030 2528 vivens
3055 2486 3303 2544 magnus
3330 2469 3709 2549 Euthymius,

2066 2565 2126 2616 ut
2170 2560 2292 2636 jam
2327 2568 2505 2618 antea
2535 2555 2992 2637 declaravimus,
3039 2565 3102 2616 et
3130 2576 3264 2618 cum
3317 2557 3566 2620 alterius
3618 2559 3712 2621 ori

2064 2644 2450 2724 imposuisset
2479 2644 2723 2720 ostium,
2760 2645 2968 2706 tribuit
2997 2647 3176 2708 laurae
3204 2646 3276 2708 ad
3301 2648 3711 2727 aquationem;

2062 2734 2306 2796 alteram
2342 2743 2537 2795 autem
2574 2735 2865 2812 Agarenis
2893 2754 3045 2815 quos
3078 2735 3502 2816 baptizaverat,
3543 2747 3707 2800 certo

333 2832 498 2908 ῥητόν
541 2851 660 2888 τινα
719 2839 1041 2908 παραχωρεῖ
1096 2826 1315 2905 χρόνον.
1369 2823 1547 2888 Οὕτως
1581 2823 1668 2879 οὖν
1699 2827 1842 2897 αὒτῷ
1873 2824 1978 2878 τῶν

2073 2823 2339 2884 concedit
2359 2832 2474 2884 tem
2486 2841 2648 2903 pore.
2678 2825 2763 2885 Ita
2783 2842 2926 2902 ergo
2948 2843 3013 2886 se
3031 2825 3390 2887 habentibus
3406 2826 3708 2902 cisternis,

332 2921 549 2977 λάκκων
596 2919 858 2999 ἐχόντων,
908 2917 994 2971 καὶ
1040 2923 1134 2972 τοῦ
1195 2916 1293 2988 μὶν
1336 2919 1403 2990 τῇ
1431 2913 1620 2989 λαύρα,
1653 2921 1744 2970 τοῦ
1772 2912 1825 2968 δὲ
1857 2926 1974 2974 τοῖς

2073 2921 2119 2973 et
2149 2931 2268 2973 una
2301 2913 2527 2986 Laurw,
2561 2911 2746 2974 altera
2800 2914 3094 2992 Agarenis
3143 2914 3445 2988 attributa,
3494 2913 3712 2976 solitu-

335 3009 663 3086 Ἀγαρηνοϊς
708 3003 1208 3082 ἀπονενεμημένου,
1265 3003 1425 3079 ξηρὰν
1491 3002 1586 3058 καί
1645 3001 1822 3067 ἄλλως
1881 3004 1978 3069 τήν

2073 3002 2267 3064 dinem
2321 3001 2512 3078 illam,
2565 3001 2831 3082 alioquin
2883 3003 3115 3064 aridam
3162 3013 3222 3066 et
3277 3003 3714 3085 propemodum

336 3098 538 3176 ἔρημον
595 3096 825 3163 ἐκείνην
856 3095 1042 3168 οὖσαν,
1101 3092 1196 3149 καῖ
1259 3094 1448 3171 μικροῦ
1485 3114 1545 3168 γε
1576 3090 1688 3149 δεῖν
1737 3090 1974 3170 ἄνυδρον,

2073 3108 2228 3170 aqua;
2277 3101 2608 3166 eXpertem,
2665 3091 2879 3171 pluvia)
2931 3091 3227 3154 invaserat
3271 3094 3544 3174 penuria.
3598 3091 3714 3165 Qui

335 3184 594 3264 ἄνομϐρία
652 3185 945 3264 κατέσχεν.
994 3186 1053 3242 Οἱ
1112 3190 1238 3260 γοῦν
1279 3183 1378 3249 τῆς
1430 3181 1625 3258 λαύρας
1683 3179 1977 3244 δεδοικότες

2073 3180 2290 3241 lauram
2344 3181 2543 3260 itaque
2591 3180 2956 3257 incolebant,
3004 3201 3172 3262 aqua;
3204 3183 3376 3244 veriti
3427 3183 3711 3264 inopiam,

437 3246 447 3262 .
512 3246 521 3264 .
825 3246 862 3264 η
1126 3246 1137 3260 .
1337 3246 1347 3249 -
1533 3246 1543 3258 .

337 3277 437 3344 τὴν
465 3276 561 3333 τοῦ
590 3275 772 3331 ὕδατος
813 3273 1040 3347 ἔνδειαν,
1085 3274 1182 3340 τὴν
1215 3273 1312 3345 μὲν
1343 3278 1434 3328 τοῦ
1463 3270 1667 3330 λάκκου
1692 3272 1849 3349 θύραν
1879 3273 1980 3326 61:6

2073 3269 2342 3332 cisternae
2367 3246 2610 3350 quidem
2639 3274 2854 3332 ostium
2880 3246 3143 3333 clavibus
3173 3284 3233 3335 et
3258 3246 3715 3334 vectiburfcom-

338 3367 509 3424 κλεισὶ
538 3367 626 3420 καὶ
654 3363 893 3444 μοχλοῖς
925 3361 1325 3442 ἀσφαλίςονται.

420 3445 596 3517 ΡΜΓ’.
634 3457 747 3513 Τῶν
778 3453 834 3509 δὲ
885 3453 1178 3533 φυλάρχων
1205 3457 1312 3508 τῶν
1337 3451 1438 3505 ὑπὸ
1469 3455 1536 3525 τῇ
1565 3456 1670 3504 τῶν
1705 3449 1982 3524 Ῥωμαίων

338 3546 490 3624 ἀρχῇ
544 3543 798 3621 κειμένων
827 3543 1016 3620 Ἀρέθα
1045 3556 1133 3597 και
1164 3537 1477 3608 Ἀσουάδου,
1513 3537 1654 3594 ὅπλα
1709 3536 1830 3594 κατ’
1878 3538 1981 3593 ἂλ-

340 3633 523 3705 λήλων
565 3635 656 3691 καὶ
714 3632 950 3708 πόλεμον
1001 3631 1301 3707 ἀραμένων,
1338 3627 1623 3707 πολλαχοῦ
1654 3634 1752 3693 τῆς
1784 3627 1985 3702 ἐρήμου

341 3722 719 3802 διασπαρέντες
778 3725 826 3779 oi
899 3723 1181 3801 Βάρόαροι,
1240 3719 1546 3798 χρημάτων
1604 3739 1660 3774 τε
1714 3718 1980 3795 ἁρπαγὰς,

339 3817 426 3871 καὶ
484 3812 653 3870 οἴκων
685 3813 1008 3888 ἂνατροπας,
1043 3813 1132 3867 καὶ
1163 3808 1303 3866 ἄλλα
1333 3806 1534 3884 ὅσαπερ
1566 3806 1619 3862 ἒν
1651 3819 1767 3871 τοῖς
1803 3804 1983 3861 τοιού-

340 3925 451 3966 τοις
506 3902 654 3978 βίαια
700 3901 796 3958 καί
847 3901 1131 3977 τυραννικὰ
1182 3897 1334 3978 φιλεῖ
1378 3893 1711 3970 συμϐαίνειν,
1746 3895 1977 3953 ἐποίουν.

342 3994 478 4050 Ποτὲ
537 3998 662 4070 γοῦν
721 3989 1040 4066 καθημένων
1070 3991 1226 4063 ἡμῶν
1255 3988 1356 4065 πρὸ
1387 3987 1484 4054 τῆς
1516 3983 1718 4042 εἰσόδου
1748 3991 1838 4042 τοῦ
1866 4005 1984 4040 κοι-

342 4080 538 4157 νοϐίου,
599 4080 991 4160 προσέρχονταί
1019 4099 1158 4138 τινες
1193 4074 1451 4156 Βοίριῗαροι
1499 4073 1588 4130 δύο
1626 4096 1640 4111 ο
1694 4078 1902 4152 προσῆν
1931 4070 1984 4127 δὲ

341 4175 527 4233 αὐτοῖς
592 4172 676 4226 καὶ
761 4169 1100 4243 Χριστιανὸς,
1177 4163 1422 4226 Θαλάϐας
1481 4161 1670 4238 ὄνομα,
1717 4169 1823 4219 τῶν
1885 4163 1986 4218 ὑπὸ

343 4262 602 4335 Εὖθυμίου
667 4257 832 4315 πάλαι
891 4255 1288 4334 βαπτισθέντων
1352 4252 1666 4332 Ἀγαρηνῶν
1721 4251 1984 4329 συγγενὴς

338 4350 434 4411 ὤν.
485 4349 619 4405 ’Ἕνα
650 4357 742 4406 τοῦ
785 4347 978 4403 οἰκείου
1037 4343 1270 4412 πλήθους
1331 4342 1658 4420 ἐπαγόμενοι
1693 4338 1986 4418 Βάρϐαρον,

340 4442 428 4495 καὶ
483 4439 642 4494 αὑτὸν
693 4436 902 4511 δαίμυνί
950 4457 1052 4491 τινι
1095 4433 1326 4514 χαλεπῷ
1397 4432 1659 4511 κάτοχον.
1725 4429 1875 4485 Ἐπεὶ
1935 4429 1989 4484 δὲ

342 4527 666 4606 προσῆλθον,
722 4526 973 4604 ἐξηγεῖτο
1016 4526 1114 4590 τὴν
1167 4522 1336 4578 αἰτίαν
1395 4523 1422 4575 6
1455 4518 1702 4583 Θαλαϐας
1738 4536 1751 4550 ·
1789 4521 1862 4581 ὡς
1896 4519 1988 4574 ἐ)-

341 4621 544 4676 θόντων
585 4617 716 4674 ποτὲ
773 4624 880 4672 τῶν
941 4609 1226 4692 Βαρϐάρων
1270 4611 1411 4688 παρὰ
1459 4610 1555 4676 τὴν
1604 4608 1821 4688 λαύραν,
1853 4609 1991 4664 ὥστε

2068 3360 2363 3421 muniunt.

2135 3447 2378 3512 CXLIII.
2401 3448 2546 3512 Cum
2567 3468 2706 3512 vero
2728 3451 2989 3513 tribuum
3013 3453 3276 3532 prafecti
3299 3453 3422 3529 (91)
3441 3457 3712 3516 Romano

2066 3539 2318 3617 imperio
2339 3539 2594 3618 subjecti
2617 3540 2869 3602 Arethas
2892 3541 3466 3618 etAsuades,contra
3482 3563 3546 3605 se
3566 3543 3717 3605 invi-

2070 3645 2194 3687 cem
2223 3645 2388 3688 arma
2411 3640 2467 3688 et
2495 3628 2712 3689 bellum
2741 3628 3170 3710 suscepissent,
3199 3651 3304 3712 per
3325 3633 3712 3696 solitudinem

2068 3734 2231 3794 saepe
2254 3717 2507 3795 dispersi
2545 3717 2809 3795 barbari,
2838 3727 2895 3780 et
2924 3721 3209 3798 pecunias
3231 3722 3620 3802 diripiebant,
3656 3731 3716 3786 et

2069 3805 2280 3867 domos
2304 3806 2920 3887 evertebant,aliaque
2946 3808 3243 3871 faciebant
3265 3829 3396 3890 quae
3423 3812 3480 3870 in
3504 3811 3714 3889 hujus-

2071 3894 2228 3955 modi
2264 3895 2461 3956 solent
2489 3898 2840 3976 contingere
2870 3897 3128 3962 violenta
3157 3907 3334 3979 atque
3385 3900 3710 3979 tyrannica.

2068 3983 2403 4063 Aliquando
2432 4004 2572 4065 ergo
2605 3985 2954 4048 sedentibus
2985 3987 3158 4050 nobis
3179 3997 3318 4050 ante
3338 3990 3564 4050 aditum
3590 4005 3714 4049 cte-

2069 4073 2569 4148 nobii,accedunt
2587 4076 2826 4155 quidam
2854 4077 2972 4138 duo
3000 4077 3273 4154 barbari;
3303 4097 3437 4139 cum
3461 4078 3550 4140 eis
3576 4095 3713 4139 vero

2069 4161 2274 4224 aderat
2333 4182 2569 4245 quoque
2629 4166 3029 4241 Christianus,
3083 4166 3376 4230 Tlialabas
3445 4167 3708 4240 nomine,

2071 4262 2354 4331 cognatus
2383 4255 2789 4332 Agarenorum
2825 4256 2928 4336 qui
2963 4257 3196 4319 fuerant
3240 4258 3381 4319 olim
3435 4253 3715 4337 baptixati

2069 4343 2143 4403 ab
2179 4341 2524 4422 Euthymio;
2557 4343 2925 4407 adducentes
2948 4365 3128 4407 unum
3152 4365 3185 4408 e
3209 4365 3314 4407 sua
3333 4346 3716 4407 multitudine

2075 4430 2418 4504 barbarum,
2445 4433 2546 4512 qui
2573 4435 2698 4512 ipse
2726 4435 2899 4494 etiam
2932 4453 2966 4495 ει
2988 4437 3241 4515 quodam
3269 4454 3421 4496 saevo
3443 4435 3718 4496 daemone

2077 4521 2515 4600 possidebatur.
2545 4520 2858 4602 Postquam
2881 4538 3076 4583 autem
3105 4533 3514 4600 accesserunt,
3546 4542 3726 4601 expo-

2076 4611 2194 4670 suit
2225 4629 2461 4670 causam
2492 4612 2785 4673 Thalabas
2820 4631 2833 4674 :
2871 4613 3014 4675 Cum
3068 4613 3390 4691 aliquando
3423 4614 3728 4676 venissent

344 4709 560 4765 ποτίσαι
591 4708 685 4769 τὰς
720 4707 918 4762 ἑαυτῶν
947 4701 1251 4778 καμήλους,
1283 4701 1370 4755 καὶ
1400 4705 1476 4772 τῷ
1524 4697 1708 4770 λάκκῳ
1757 4700 1852 4766 τὴν
1897 4699 1981 4753 θύ-

2077 4698 2315 4760 barbari
2339 4699 2411 4759 ad
2437 4700 2689 4775 lauram,
2716 4710 2780 4762 ut
2800 4702 3170 4783 adaquarent
3196 4722 3338 4765 suos
3363 4706 3647 4782 camelos,
3668 4711 3729 4767 et

347 4820 442 4877 ραν
473 4786 890 4870 tutissimam
922 4793 1203 4870 εὑρόντων,
1239 4792 1265 4844 6
1323 4785 1590 4848 δαιμονῶν
1647 4789 1798 4852 οὗτος
1856 4788 1981 4864 βαρ-

2078 4793 2354 4849 cisternae
2375 4789 2729 4852 incumbens
2746 4791 3116 4854 invenissent
3138 4794 3485 4868 ostium,bic
3511 4795 3731 4857 daemo-

346 4887 706 4966 6αρικώτερον
735 4883 994 4960 κινηθεὶς,
1025 4881 1124 4938 τὴν
1161 4879 1258 4954 μὲν
1317 4876 1444 4951 λίθῳ
1488 4877 1644 4966 βαρεῖ
1679 4876 1941 4966 ’κατακλᾷ
1975 4894 1981 4909 ε

2077 4885 2308 4947 niacus,
2349 4877 2685 4939 barbariori
2719 4881 2894 4942 modo
2939 4893 3302 4964 commotus,
3341 4883 3500 4962 gravi
3534 4882 3734 4962 lapide

345 4963 536 5036 τουτον
584 4963 638 5030 δὲ
680 4972 881 5048 δαίμων
925 4974 1072 5033 εὐθὺς
1133 4967 1397 5024 ἆντιπαίει
1442 4963 1629 5037 πολλῷ
1673 4963 1981 5042 δεινότερον

2080 4965 2229 5026 illud
2263 4967 2628 5045 confringit;
2662 4987 2798 5031 eum
2831 4983 3024 5032 autem
3059 4972 3221 5034 illico
3255 4975 3514 5034 vicissim
3553 4974 3731 5048 longe

345 5069 438 5124 καὶ
503 5067 562 5121 τὸ
619 5064 806 5120 λοιπὸν
868 5059 1041 5116 ’έκειτο
1098 5056 1564 5135 σπαραττόμενος,
1621 5057 1707 5110 καὶ
1741 5055 1907 5135 ἀφροῦ
1937 5059 1981 5112 τε

2081 5057 2320 5132 gravius
2348 5056 2488 5118 ferit
2521 5056 2793 5134 daemon;
2827 5079 2895 5123 ac
2923 5062 3146 5124 deinde
3189 5064 3424 5141 jacebat
3455 5071 3641 5122 tortus
3671 5068 3733 5122 et

346 5157 526 5229 στόμα
556 5151 1021 5226 ὑποπιπλάμενος,

2082 5145 2476 5224 dilaceratus,
2515 5167 2704 5231 osque
2735 5150 2962 5214 habens
2992 5169 3206 5234 Spuma
3236 5153 3564 5231 oppletum.

429 5257 564 5303 is.“
600 5255 776 5321 Joan.
810 5272 872 5334 v,
909 5255 1011 5317 l4.
1279 5329 1284 5332 _
1673 5330 1927 5397 VARLE
1971 5330 2405 5398 LECTIONEs,

1578 5489 1792 5558 JOAN.
1840 5493 2223 5561 BOLLANDI
2264 5494 2511 5561 NOTIE.

432 5609 562 5691 (91)
596 5601 1127 5696 Annorlustiniani
1162 5600 1613 5696 19,.Cbr..545,
1651 5600 1899 5696 obsessa
1929 5603 2098 5696 fuita
2132 5605 2398 5696 Cbosroe
2429 5606 2665 5670 seniore
2709 5607 2956 5690 Edessa,
2991 5627 3108 5691 quo
3142 5617 3437 5695 tempore,
3469 5620 3571 5676 aut
3599 5629 3749 5696 pro-

348 5682 512 5756 xime
542 5682 839 5770 sequenti,
879 5686 994 5746 hoc
1023 5682 1258 5746 ducum
1279 5682 1630 5745 intestinum
1664 5682 1888 5745 bellum
1923 5685 2262 5767 contigerit.

425 5433 450 5465 ³
479 5419 561 5484 al.
597 5422 683 5480 τά.
777 5431 803 5474 1
831 5416 909 5479 al.
948 5423 1317 5497 Σαρακηνοτς.
