4072 6206
503 353 628 424 ’119

1797 355 1856 423 Μ
1862 353 2081 426 ENSIS
2121 355 2578 430 JANUARIUS.

3745 361 3848 434 720

595 493 842 558 CXLIV.
883 492 1011 584 Ego,
1035 511 1175 557 vero
1199 493 1556 584 adveniens,
1589 502 1647 558 et
1690 493 1891 557 animo
1941 496 2150 560 fractus

2327 501 2513 562 PMA'.
2546 500 2765 582 ’Ἔγωγε
2799 501 2888 560 οῦν
2920 502 3156 580 παριὼν,
3191 502 3276 559 καὶ
3334 502 3430 571 τὴν
3485 504 3660 584 ψυχὴν
3702 504 3845 571 οὕτως

515 586 677 663 quod
710 584 794 646 ita
822 600 887 644 se
920 583 1170 645 haberet
1197 582 1516 656 Barbarus,
1547 603 1662 647 una
1683 602 1820 646 cum
1850 586 1997 647 viris
2019 605 2154 650 eum

517 675 685 752 tollo,
719 681 776 734 et
810 673 881 734 ad
914 673 1118 734 Sancti
1147 690 1389 753 capsam
1421 674 1690 750 adduco;
1743 682 1808 736 ut
1853 675 2016 737 unde
2063 675 2155 737 af-

511 766 710 826 ﬂictus
740 768 832 823 est
862 760 1220 838 calamitate,
1256 762 1422 824 illinc
1453 762 1715 827 inveniat
1751 764 1888 826 mali
1921 783 2158 846 quoque

511 851 1040 914 medicamentum.
1088 850 1372 930 Ejusdem
1429 852 1588 914 enim
1623 861 1733 928 est,
1768 862 1825 916 et
1867 855 2158 935 castigare

509 947 754 1022 propter
804 939 1233 1016 temeritatem,
1288 950 1345 1002 et
1396 959 1606 1004 curare
1650 959 1859 1005 rursus
1892 961 2000 1024 per
2029 944 2156 1007 cle-

511 1028 1066 1093 mentiam.Positus
1091 1047 1232 1108 ergo
1255 1031 1325 1091 ad
1345 1031 1609 1094 loculum
1633 1032 1684 1094 is
1696 1032 1800 1114 qui
1822 1032 2154 1108 laborabat,

508 1138 644 1183 cum
673 1139 791 1182 non
825 1119 1077 1181 multum
1102 1120 1391 1201 deinceps
1416 1129 1650 1202 tempus
1675 1122 1796 1184 illic
1815 1123 2154 1198 mansisset,

509 1210 887 1273 curationem
920 1209 1147 1272 invenit
1185 1210 1469 1290 majorem
1504 1229 1677 1290 quam
1707 1212 1998 1292 petierat;
2032 1231 2152 1274 non

507 1299 803 1362 liberatos
825 1298 1203 1361 solummodo
1236 1317 1269 1360 a
1300 1300 1454 1361 mala
1481 1301 1819 1378 aﬂ'ectione,
1847 1303 1949 1365 sed
1974 1302 2151 1365 etiam

505 1389 800 1452 diviniora
854 1389 1085 1450 lumine
1131 1389 1190 1449 in
1235 1390 1436 1450 anima
1483 1389 1888 1467 collustratus,
1944 1407 2000 1454 et
2033 1410 2150 1454 non

507 1478 712 1541 multis
747 1486 952 1558 postea
978 1476 1192 1539 diebus
1223 1477 1568 1559 baptizatus.

589 1570 803 1636 CXLV.
861 1570 1143 1651 Ejusdem
1179 1571 1354 1632 etiam
1404 1571 1685 1634 Thalabae
1716 1591 1784 1635 ex
1816 1573 2000 1637 fratre
2054 1583 2157 1637 aut

507 1680 716 1724 sorore
748 1663 964 1742 neptis,
1000 1660 1294 1722 immundi
1331 1659 1620 1723 daemonis
1651 1662 1960 1725 dominatu
1993 1672 2157 1728 tene-

504 1751 706 1813 batur.
746 1752 932 1830 lgitur
961 1751 1092 1831 ipso
1126 1769 1364 1832 quoque
1394 1751 1466 1812 ad
1499 1752 1885 1832 reliquiarum
1922 1755 2152 1816 thecam

2240 589 2298 669 ἒ)
2315 613 2432 648 οντι
2469 597 2546 668 τῷ
2575 591 2831 673 Βαρϐάρῳ
2862 591 3229 672 ἐπικλασθεὶς,
3282 591 3594 668 ἀναιροῦμαι
3641 596 3724 650 σὺν
3747 610 3846 662 τοῖς

2238 678 2488 760 ἀνδράσιν
2517 685 2697 758 αὐτὸν,
2730 683 2825 740 καί
2858 684 2926 759 τῇ
2955 689 3047 738 τοῦ
3079 681 3231 758 ἁγίου
3261 682 3404 758 θήκῃ
3449 683 3691 761 προσάγω
3717 702 3734 722 θ
3784 684 3846 743 ἵν’

2240 770 2360 827 ὅθεν
2391 771 2606 851 ἐπλήγη
2653 778 2721 849 τῇ
2751 777 3018 852 συμφορᾷ⁷
3056 770 3261 828 ἐκεῖθεν
3293 769 3434 849 εὖροι
3491 772 3577 827 καὶ
3624 774 3681 830 τὸ
3707 781 3849 831 κακοῦ

2239 860 2545 936 φάρμακον.
2580 869 2684 919 Τοῦ
2714 863 2814 939 γὰρ
2849 862 3030 934 αὐτοῦ,
3083 861 3170 917 καὶ
3230 859 3498 917 παιδεύειν
3551 858 3630 916 διὰ
3679 863 3848 940 θρασύ-

2238 971 2400 1024 τητα,
2441 955 2528 1006 καὶ
2579 951 2890 1028 θεραπεύειν
2949 948 3109 1006 πάλιν
3166 947 3250 1005 διὰ
3307 947 3710 1030 φιλανθρωπίαν.
3762 961 3850 1009 1':-

2237 1040 2340 1102 θεὶς
2371 1039 2460 1096 οὗν
2505 1042 2534 1096 ὸ
2577 1039 2810 1119 πάσχων
2854 1039 2993 1115 παρὰ
3027 1044 3096 1114 τῇ
3137 1039 3203 1107 θή
3215 1061 3302 1118 ιη,
3334 1039 3429 1095 καὶ
3455 1038 3645 1118 χρόνον
3670 1037 3776 1106 ἑξῆς
3801 1043 3850 1098 οὗ

2237 1127 2404 1186 πολὺν
2463 1130 2819 1209 παραμείνας,
2897 1128 3124 1205 εὑρίσκει
3181 1127 3279 1195 τὴν
3336 1127 3615 1206 θεραπείαν
3664 1128 3849 1199 μείζονα

2237 1223 2336 1286 τῆς
2397 1220 2658 1288 αἰτήσεως
2697 1235 2710 1250 ⁸
2773 1223 2833 1278 οὗ
2886 1224 2980 1275 τοῦ
3038 1217 3236 1279 πάθους
3307 1217 3472 1292 μόνον
3527 1215 3845 1294 ἀπαλλαγεὶς,

2237 1307 2375 1363 ἀλλὰ
2403 1309 2492 1364 καὶ
2521 1307 2771 1386 θειοτέρῳ
2791 1307 2978 1388 φέγγει
3011 1307 3108 1374 τὴν
3138 1307 3329 1386 ψυχὴν
3357 1308 3850 1385 περιαυγασθεὶς,καὶ

2235 1396 2462 1476 ἡμέραις
2487 1399 2547 1454 οὗ
2575 1396 2807 1460 πολλαῖς
2831 1396 3050 1476 ὕστερον
3077 1393 3502 1474 βαπτισάμενος,

2319 1564 2496 1638 ΡΜΕ’,
2531 1575 2635 1634 Τοῦ
2683 1575 2738 1632 δὲ
2790 1576 2950 1635 αὐτοῦ
2979 1572 3197 1632 Θαλάϐα
3227 1575 3316 1632 καὶ
3344 1571 3599 1652 ἀδελφιδῆ
3629 1595 3703 1635 τις
3731 1575 3850 1630 ἀκα-

2236 1664 2408 1743 θάρτῳ
2466 1667 2733 1742 πνεύματι
2819 1665 3173 1742 κεγυρίευται.
3239 1663 3700 1740 Μετακομισθείσῃ
3753 1663 3850 1719 τοί-

2235 1777 2326 1810 νυν
2383 1755 2491 1811 ἆπὸ
2544 1762 2640 1813 τοῦ
2699 1755 2956 1833 Λαζαρίου
2987 1755 3074 1811 καὶ
3105 1756 3241 1830 αὖτῇ
3272 1755 3405 1826 πρὸς
3437 1754 3534 1821 τὴν
3563 1761 3652 1810 τοῦ
3680 1751 3852 1826 λειψά-

509 1849 748 1921 portata
778 1859 850 1903 ex
884 1839 1124 1902 Lazario
1162 1840 1310 1921 (illic
1344 1839 1564 1920 quippe
1597 1841 1900 1903 habitabat
1932 1844 2150 1905 Thala-

2242 1865 2329 1903 νου
2356 1845 2532 1911 θήκην
2566 1859 2581 1874 ⁸
2636 1841 2763 1921 τῇδε
2818 1845 2919 1922 γὰρ
2973 1845 3001 1900 ὃ
3060 1839 3308 1906 Θαλάϐας
3363 1842 3494 1916 ᾢκει
3527 1858 3542 1874 ⁸
3604 1841 3852 1920 φάρμακον

505 1931 661 2010 bas),
685 1930 912 1991 nullum
937 1929 1187 2006 quidem
1211 1929 1369 1991 aliud
1399 1930 1900 1992 medicamentum
1954 1935 2149 2010 exstit,

506 2021 621 2081 nisi
655 2037 724 2080 ex
749 2019 930 2098 hujus
952 2019 1131 2080 loculi
1157 2018 1630 2082 sanctiﬁcatione
1657 2039 1766 2082 seu
1787 2038 1942 2098 aqua
1969 2021 2150 2084 bene-

502 2109 662 2170 dicta
692 2108 913 2189 illitus;
951 2108 1081 2170 dies
1111 2116 1308 2170 autem
1335 2127 1452 2169 non
1479 2110 1680 2189 plures
1701 2128 1876 2191 quam
1904 2119 2049 2187 tres,
2073 2112 2148 2175 ad

501 2199 825 2279 perfectam
861 2198 935 2259 ab
962 2199 1342 2278 opprimente
1371 2197 1787 2260 liberationem
1820 2199 2144 2263 suiﬁciunt.

581 2287 826 2351 CXLVI.
869 2285 1021 2360 Quid
1068 2305 1207 2349 vero
1239 2286 1462 2349 dixeris
1513 2287 1589 2348 de
1635 2289 1895 2367 Agareni
1942 2292 2147 2371 Argob

499 2378 624 2440 ﬁlio
647 2377 678 2438 ?
711 2378 824 2439 hoc
855 2377 1014 2439 enim
1049 2379 1293 2438 nomine
1321 2384 1486 2457 pater
1517 2377 1837 2440 vocabatur
1863 2397 1877 2442 :
1914 2386 2017 2459 qui
2044 2399 2150 2461 per

499 2467 885 2529 solitudinem
949 2484 1160 2544 greges
1220 2483 1492 2546 pascens,
1545 2484 1679 2529 cum
1740 2469 2148 2533 exsecrandus

501 2557 741 2638 quidam
805 2556 1041 2617 daemon
1091 2561 1152 2617 in
1183 2574 1316 2618 eum
1379 2555 1711 2632 insiliisset,
1773 2577 1891 2619 non
1950 2559 2143 2622 solum

498 2654 724 2718 mente,
759 2645 865 2708 sed
898 2645 1076 2707 etiam
1111 2653 1352 2726 aspectu
1376 2654 1434 2708 et
1462 2646 1654 2708 oculis
1685 2647 1972 2711 distortus
2003 2668 2145 2711 eva-

496 2744 680 2798 serat.
717 2736 961 2799 Delatus
990 2744 1186 2799 autem
1238 2735 1369 2816 ipse
1398 2755 1634 2817 quoque
1663 2735 1736 2798 ad
1773 2755 2008 2818 capsam
2045 2758 2143 2802 re-

496 2825 841 2906 liquiarum,
894 2825 1058 2888 brevi
1111 2826 1354 2887 omnino
1399 2826 1672 2905 erigitur,
1711 2835 1770 2888 et
1800 2827 2001 2890 omnia
2035 2848 2143 2893 suo

492 2916 625 2977 loco
659 2919 931 2978 restituta
959 2915 1210 2991 habens,
1244 2913 1394 2996 patri
1418 2915 1716 2978 redditur.

2238 1933 2335 2008 μέν
2384 1929 2532 1989 οῦδὲν
2581 1931 2784 2012 ἕτερον,
2830 1930 2956 1988 ἀλλ’
3009 1933 3045 1998 ἢ
3091 1933 3155 1987 τὸ
3219 1931 3276 1986 ἐκ
3324 1935 3428 1998 τῆς
3484 1937 3640 2009 σοροῦ
3679 1930 3850 1995 ταύτης

2235 2023 2471 2100 ἁγίασμα
2528 2022 2964 2104 προσχριόμενον
2996 2041 3012 2057 ο
3059 2020 3257 2100 ἡμέραι
3313 2018 3372 2076 δὲ
3434 2023 3538 2076 τῶν
3605 2025 3752 2097 τριῶν
3799 2019 3851 2074 οὗ

2235 2111 2474 2185 πλείους,
2508 2115 2640 2190 πρὸς
2669 2111 2881 2170 τελείαν
2923 2113 3170 2191 ἀρκοῦσιν
3227 2109 3552 2189 ὰπαλλαγίιν
3605 2111 3694 2166 τοῦ
3743 2107 3850 2164 πιέ-

2233 2211 2439 2276 ζοντος.

2314 2292 2483 2368 ρας-⁸
2514 2295 2574 2351 Τί
2602 2291 2648 2348 δ’
2679 2289 2742 2347 ἂν
2771 2293 2837 2348 τὰ
2881 2292 3015 2348 κατᾶ
3061 2292 3156 2347 τὸν
3201 2287 3510 2369 Ἀγαρηνοῦ
3565 2285 3723 2345 παῖδα
3769 2284 3846 2342 εἴ·

2231 2405 2351 2447 ποις
2385 2381 2643 2462 Ἀργώ6;
2679 2387 2837 2438 τοῦτο
2887 2383 2988 2460 γὰρ
3046 2382 3074 2437 δ
3132 2379 3311 2456 πατὴρ
3371 2376 3622 2435 ἐκαλεῖτο
3651 2395 3667 2412 ⁸
3720 2375 3846 2440 ὅστις

2234 2473 2330 2528 ἆνᾶ
2370 2473 2468 2541 τὴν
2504 2471 2705 2552 ἔρημον
2737 2471 3016 2550 θρέμματα
3059 2469 3257 2546 νέμων,
3319 2476 3518 2549 μιαροῦ
3562 2490 3698 2531 τινος
3745 2465 3850 2522 ἐπι-

2229 2561 2571 2629 πηδήσαντος
2613 2561 2757 2636 αὒτῷ
2799 2559 3073 2634 δαίμονος,
3121 2562 3182 2618 οῦ
3242 2558 3438 2640 φρένας
3496 2559 3675 2633 μόνον,
3729 2553 3849 2642 άλλὰ

2229 2655 2317 2709 καὶ
2358 2651 2479 2727 ὄψιν
2525 2652 2692 2720 αὐτὴν
2739 2652 2830 2708 καὶ
2877 2649 3180 2730 ὀφθαλμοὺς
3214 2646 3532 2729 διάστροφος
3574 2650 3661 2714 ἧν,
3697 2652 3847 2724 [lpos-

2228 2741 2473 2822 ενεχθείς
2508 2740 2563 2798 δὲ
2607 2739 2702 2798 καί
2748 2743 2901 2803 οὗτος
2933 2745 3002 2816 τῇ
3054 2745 3144 2796 τοῦ
3187 2737 3447 2814 λειψάνου
3491 2738 3654 2812 θήκῃ,
3697 2735 3848 2792 πάντα

2227 2832 2282 2889 ἰν
2311 2834 2514 2912 βραχεῖ
2543 2831 2980 2910 ἀνορθοῦται,καὶ
3002 2829 3138 2886 κατὰ
3169 2829 3363 2908 χώραν
3395 2827 3594 2885 ἕκαστα
3626 2826 3760 2906 ἔχων
3783 2827 3849 2896 τῷ

2227 2923 2386 2992 πατρὶ
2415 2918 2739 2978 ἀποδίδοται.

578 3005 853 3068 CXLVII.
875 3005 1053 3068 Multa
1070 3005 1203 3086 quis
1225 3015 1426 3086 posset
1443 3005 1788 3086 hujusmodi
1811 3013 1871 3069 et
1891 3026 2145 3071 numero

2307 3007 2483 3068 PMZ'.
2543 3007 2725 3066 Πολλά
2783 3030 2862 3075 τις
2926 3008 2990 3064 ἃν
3049 3005 3171 3088 ἔχοι
3229 3016 3449 3067 τοιαῦτα
3513 3007 3600 3064 καὶ
3650 3003 3847 3084 ἀριθμοῦ

493 3097 721 3176 majora
740 3114 1083 3158 recensere.
1111 3095 1442 3169 Quamdam
1470 3096 1630 3156 enim
1660 3096 2144 3179 mulierem,quze

2242 3100 2497 3178 ιρείττονα
2539 3096 2880 3177 καταλέγειν,
2915 3099 3126 3155 Γυναικὶ
3168 3097 3268 3177 γάρ
3297 3119 3404 3154 τινι
3435 3098 3572 3154 κατὰ
3597 3097 3689 3163 τὴν
3716 3101 3844 3160 Βητ-

491 3188 553 3249 in
577 3187 706 3249 vico
721 3185 1287 3276 Betabudisoncum
1314 3185 1528 3246 marito
1546 3183 2142 3276 habitab‘at,meridie

2242 3187 2513 3249 ιϐουδισῶν
2560 3187 2752 3264 κώμην
2810 3185 2956 3262 ἀνδρὶ
3027 3189 3370 3276 συνοιιιούσγι³
3433 3181 3758 3276 μεσημδρίας
3794 3183 3842 3237 ἓν

490 3277 656 3339 domi
689 3275 1012 3358 aliquando
1049 3273 1391 3348 sedentem,
1419 3273 1613 3352 gravis
1633 3273 2136 3351 invaditdaamon;

2242 3280 2299 3354 ςῷ
2340 3278 2480 3354 οἴκῳ
2513 3279 2643 3335 ποτὲ
2675 3277 2979 3354 καθημένη,
3029 3274 3278 3357 χαλεπὸς
3329 3276 3606 3333 ἐπιπίπτει
3637 3271 3841 3348 δαίμων

489 3376 549 3428 et
577 3374 730 3428 totos
756 3365 1001 3446 quidem
1031 3382 1131 3424 sex
1157 3381 1396 3424 menses
1419 3382 1554 3425 cum
1583 3381 1653 3424 ea
1675 3363 2135 3442 colluctabatur,

2242 3369 2310 3426 ιαὶ
2362 3373 2423 3445 τῇ
2466 3368 2564 3445 μὲν
2603 3365 2730 3442 παρ’
2761 3365 2917 3429 ὅλους
2962 3367 3098 3424 ἑπτὰ
3127 3365 3498 3445 προσεπάλαιε
3530 3366 3700 3440 μῆνας
3723 3377 3736 3393 ⁸
3777 3361 3843 3418 τῶ

489 3456 702 3518 marito
755 3463 954 3516 autem
988 3462 1185 3517 morte
1214 3453 1378 3514 omni
1425 3453 1798 3516 acerbiorem
1845 3453 2142 3518 efﬁciebat

2242 3459 2275 3514 ῖὲ
2313 3455 2458 3536 ἀνδρὶ
2515 3455 2831 3535 πικροτέραν
2878 3457 3109 3516 θανάτου
3179 3455 3377 3521 παντὸς
3440 3454 3702 3534 ετργάζετο
3755 3449 3842 3516 τὴν

486 3546 688 3606 vitam.
725 3545 870 3608 Cum
904 3545 1107 3626 itaque
1157 3545 1208 3605 is
1256 3562 1393 3606 eum
1445 3563 1648 3606 casum
1696 3544 2134 3607 intolerabilem

2242 3550 2389 3620 ζωήν.
2437 3545 2746 3628 Ἀφορῆτως
2804 3545 2893 3604 οῦν
2942 3545 3156 3611 ἑκεῖοος
3216 3543 3364 3625 ἔχων
3441 3544 3527 3602 hri
3567 3545 3642 3619 τῷ
3679 3543 3838 3614 πάθει,

486 3636 765 3711 haberet,
791 3654 900 3697 nec
935 3637 1119 3697 ullam
1153 3643 1357 3716 posset
1385 3634 1675 3696 molestia;
1697 3633 1969 3697 invenire
2001 3654 2137 3696 con-

2242 3638 2309 3695 ιαί
2363 3635 2612 3713 οὐδεμίαν
2643 3635 2933 3710 δυνάμενος
2988 3637 3164 3715 εδρεῐν
3207 3641 3299 3691 τοῦ
3355 3633 3649 3696 λυποῦντος
3690 3649 3840 3707 παρα·

487 3725 869 3802 solationem,
906 3724 1216 3787 constituit
1246 3723 1318 3786 ad
1356 3742 1633 3805 magnum
1665 3723 2012 3804 confugere.
2069 3723 2140 3787 Et

2242 3730 2428 3809 ρυχὴν,
2476 3726 2563 3784 ἐπὶ
2591 3729 2684 3784 τὸν
2734 3725 2905 3805 μέγαν
2963 3724 3104 3804 ἔγνω
3131 3737 3484 3804 καταφυγεῖν.
3526 3725 3623 3782 Καὶ
3648 3721 3741 3788 τὴν
3765 3721 3841 3774 σύο

484 3816 801 3898 conjugem
824 3834 1140 3877 assumens
1164 3817 1244 3876 ita
1267 3815 1469 3877 furore
1497 3814 1980 3895 percitam,venit
1999 3834 2136 3877 cum

2242 3827 2376 3897 ζυγον
2435 3816 2574 3876 οὕτω
2617 3829 2924 3893 μεμηνυταν
2981 3812 3328 3894 παραλαϐων,
3405 3813 3708 3894 ἀφικνεῖται
3760 3809 3841 3864 σὺν

485 3927 558 3970 ea
585 3908 658 3970 ad
693 3907 1124 3969 monasterium
1158 3903 1310 3986 (92).
1345 3904 1635 3978 Quoniam
1670 3923 1811 3967 vero
1843 3923 1965 3967 non
1995 3905 2137 3968 licet

2242 3909 2354 3985 ιῦτῇ
2403 3909 2534 3988 πρὸς
2582 3908 2644 3963 τὸ
2689 3906 3079 3984 μοναστήριον.
3127 3904 3280 3962 Ἐπεὶ
3326 3900 3381 3960 δὲ
3415 3907 3479 3964 οὖ
3509 3903 3712 3981 βάσιμα
3752 3919 3840 3988 Ya-

483 3999 739 4060 introire
791 3995 1168 4071 mulieribus,
1220 3995 1525 4056 assidebat
1574 3994 1680 4057 illa
1721 3995 1781 4056 in
1813 3994 2129 4071 vestibulo,

2248 3996 2346 4064 αιξὶ
2391 3986 2456 4054 τᾶ
2513 3994 2682 4067 ἔιδον,
2747 3992 3102 4074 προσήδρευε
3131 4001 3210 4068 τῷ
3272 3991 3505 4067 πυλῶνι⁹
3565 3991 3631 4049 τὰ
3670 3986 3841 4046 δυνατᾶ

483 4088 713 4148 faciens
740 4104 876 4163 quae
907 4093 1164 4166 poterat,
1186 4085 1382 4165 jejuni
1406 4094 1583 4148 utens
1605 4093 1664 4147 et
1693 4085 1987 4160 oratione,
2012 4086 2133 4149 sin-

2242 4093 2464 4162 τοιοῦσα,
2499 4085 2720 4154 νηστεία
2762 4106 2818 4141 τε
2862 4083 3131 4163 χρωμένη
3176 4083 3264 4141 καὶ
3308 4087 3615 4163 προσευχῇ,
3649 4080 3839 4136 καὶτοῦ

481 4175 759 4254 gulisque
789 4173 1061 4256 vesperis
1093 4175 1304 4236 bibens
1339 4193 1407 4236 ex
1447 4175 1636 4238 thecae
1664 4194 1822 4252 aqua
1855 4175 2126 4237 sanctiﬁ-

2242 4176 2308 4245 ἧς
2361 4175 2534 4244 θήκης
2577 4177 2912 4254 ἆγιάσματος
2959 4174 3193 4242 ἑκάστης
3248 4171 3505 4253 ἑσπέρας,
3557 4171 3647 4229 σὺν
3696 4166 3840 4256 έλαίῳ

483 4273 634 4339 cata,
669 4282 805 4325 cum
839 4255 974 4326 oleo
1006 4263 1294 4329 lucernae.
1329 4266 1511 4327 Porro
1542 4265 1720 4327 tertia
1737 4265 2130 4346 consequenti

2245 4272 2312 4334 ἧς
2364 4271 2696 4347 φωταγωγοῦ
2752 4265 3003 4326 πίνουσα.
3049 4262 3210 4341 Τρίτῃ
3251 4261 3310 4319 δὲ
3374 4268 3443 4339 τῇ
3504 4261 3626 4330 ἑξῆς
3683 4255 3834 4327 νυκτὶ,

481 4363 681 4430 nocte,
737 4355 792 4416 ei
845 4371 1098 4434 magnus
1144 4371 1439 4434 apparens
1490 4353 1896 4434 Euthymius:
1947 4354 2127 4432 Ecce,

2242 4357 2486 4436 πιφανεὶς
2518 4356 2650 4431 αὒτῇ
2678 4355 2706 4410 ό
2756 4353 2926 4432 μέγας
2961 4352 3239 4428 Εὗθύμιος,
3277 4349 3381 4408 ’Ἰδε
3411 4352 3568 4430 ὗγιής
3599 4347 3832 4428 γέγονας,

482 4444 697 4524 inquit,
731 4462 876 4506 sana
905 4443 1060 4506 facta
1084 4462 1172 4519 es,
1207 4443 1351 4506 vade
1383 4443 1444 4505 in
1477 4445 1721 4506 domum
1757 4452 1915 4506 tuam
1949 4461 1965 4506 :
2002 4453 2128 4504 sta-

2242 4435 2473 4523 πιλέγει,
2507 4443 2733 4522 πορεύου
2761 4443 2836 4506 είς
2879 4443 2970 4499 τὸν
3022 4442 3178 4499 οἶκόν
3230 4462 3347 4502 σου.
3397 4442 3506 4498 Καὶ
3541 4437 3572 4506 ἦ
3615 4458 3670 4495 τε
3697 4435 3834 4497 νόσος

479 4523 707 4614 timque
736 4542 796 4597 et
829 4533 1073 4594 morbus
1103 4541 1194 4595 est
1223 4532 1568 4608 dissolutus,
1598 4539 1658 4594 et
1687 4532 1938 4594 cessavit
1961 4531 2121 4594 insa-

2242 4535 2356 4599 ὒθὺς
2387 4533 2623 4608 δελύετο,
2683 4533 2779 4588 καί
2837 4531 2904 4589 τὰ
2958 4535 3055 4598 τῆς
3113 4530 3304 4606 μανίας
3359 4529 3592 4587 ὶπαῦετο
3624 4543 3640 4558 ⁸
3684 4523 3832 4614 καὶῆ

481 4613 619 4695 nia,
641 4622 1008 4705 demumque
1037 4623 1254 4685 mulier
1281 4621 1496 4684 mentis
1514 4639 1762 4702 compos
1779 4622 2122 4686 revertitur.
2148 4632 2150 4637 ‘

2242 4623 2342 4692 υνῆ
2387 4625 2672 4703 σωφρόνως
2733 4621 2958 4702 ἔχουσα,
3015 4616 3200 4678 οἴκαδε
3253 4618 3502 4696 ἐπανῄει.
3535 4616 3623 4684 Ἐξ
3651 4613 3834 4705 ἐκείνου

478 4711 571 4775 Ab
603 4711 706 4774 illo
738 4703 939 4775 autem
973 4721 1266 4792 tempore,
1302 4717 1506 4792 utpote
1529 4728 1761 4773 memor
1790 4710 2068 4774 beneﬁcii
2095 4731 2128 4774 a

2242 4714 2264 4770 ἒ
2315 4714 2552 4792 καθάπερ
2581 4710 3104 4788 ἀπομνημονεύουσαι
3143 4713 3240 4776 τῆς
3296 4709 3524 4788 χάριτος
3581 4713 3656 4781 τῷ
3685 4703 3828 4783 ἁγίῳ,

480 4801 698 4865 Sancto
712 4802 1283 4883 accepti,quotannis
1294 4800 1570 4864 veniebat
1582 4801 1654 4863 ad
1671 4800 2124 4878 monasterium,

2245 4805 2488 4884 φικνεῐτό
2544 4823 2602 4859 τε
2661 4802 2793 4880 πρὸς
2851 4801 2913 4858 τὸ
2943 4800 3306 4879 μοναστήριον
3334 4799 3586 4879 ίιτησίως²
3619 4797 3712 4853 καὶ
3743 4793 3831 4884 τήν

475 4891 800 4974 ipsumque.
832 4892 1017 4955 limen
1044 4900 1104 4954 et
1135 4892 1359 4967 solum,
1393 4891 1554 4968 quod
1589 4899 1680 4953 est
1709 4898 1848 4953 ante
1883 4889 2127 4969 ingres-

2242 4883 2366 4950 ιλιὰν
2415 4895 2582 4960 αὐτὴν
2609 4889 2708 4948 καὶ
2740 4891 2802 4948 τὸ
2848 4887 3038 4968 ἔδαφος
3082 4890 3184 4968 πρὸ
3231 4887 3326 4955 τῆς
3371 4886 3597 4961 εἰσόδου,
3628 4886 3712 4942 καὶ
3740 4883 3828 4974 την

477 4971 1025 5063 suimet—pulverem
1048 4979 1697 5061 complexa,ardentius
1721 4979 2122 5056 osculabatur,

2243 4985 2353 5040 όνιν
2397 4981 2656 5064 φιλήματι
2711 4977 3016 5060 θερμοτέρῴ
3073 4979 3514 5056 περιεπτύσσετο,
3576 4976 3662 5064 καὶ
3718 4971 3829 5064 τοὺς

477 5062 654 5153 atque
685 5062 898 5134 fratres
921 5070 1206 5133 invitabat
1234 5071 1304 5131 ad
1331 5069 1684 5144 convivium,
1717 5077 1777 5132 et
1803 5089 1979 5150 quam
2008 5071 2125 5132 hu-

2244 5062 2464 5154 δελεροῦς
2521 5073 2712 5142 εἱστία,
2744 5073 2833 5126 καὶ
2865 5071 2936 5132 ὡς
2969 5070 3002 5138 ἡ
3053 5067 3295 5145 δύναμις,
3355 5071 3516 5149 εἶχεν
3562 5062 3824 5154 εδεξιοῦτο.

479 5150 829 5225 manissime
861 5169 1094 5244 poterat
1126 5160 1479 5242 accipiebat.
1510 5159 1582 5222 Et
1611 5161 1725 5222 hoc
1758 5159 1999 5241 quidem
2034 5169 2126 5223 est

2242 5150 2500 5222 ζαὶτοῦτο
2533 5161 2630 5234 μὲν
2659 5158 2727 5228 δὴ
2755 5166 3019 5219 τοιοῦτον.
3057 5161 3154 5217 Καὶ
3194 5157 3334 5214 οὕτω
3389 5155 3639 5236 μεγέθους
3681 5150 3828 5232 χάριν

478 5253 1016 5334 ejusmodi,sicque
1031 5271 1140 5314 nec
1158 5251 1462 5332 prioribus
1474 5249 1667 5314 credit
1685 5250 2118 5330 magnitudine.

2242 5251 2322 5313 ὒδὲ
2351 5263 2373 5294 ι
2409 5259 2517 5309 τῶν
2545 5251 2774 5309 κατόπιν
2801 5247 3255 5325 ἀπολειπόμενον,

1781 5371 2041 5438 VARIIE
2083 5371 2534 5440 LECTIONES.

1749 5531 1960 5596 JOAN.
2013 5533 2392 5601 BOLLANDI
2444 5528 2694 5596 NOTIE.

563 5641 688 5722 (92)
718 5645 852 5722 Non
905 5643 1087 5706 licere
1120 5641 1355 5722 mulieri
1387 5640 1446 5702 in
1481 5642 1705 5702 lauram
1739 5639 2034 5704 accedere
2063 5642 2242 5706 tradit
2285 5641 2444 5705 idem
2480 5639 2543 5702 in
2575 5638 2713 5703 Vita
2743 5639 2808 5705 S.
2856 5635 3106 5702 Joannis
3135 5635 3484 5704 Silentiarii.
3517 5628 3720 5698 Simile
3750 5629 3816 5695 de

477 5720 729 5784 mandra
759 5721 822 5786 S.
858 5722 1180 5806 Symeonis
1209 5720 1431 5805 Stylitae
1451 5723 1488 5784 5
1517 5723 1646 5788 Jan.
1683 5730 2109 5788 memoratum.

556 5468 578 5498 ι
613 5456 666 5516 al
677 5505 691 5520 .
728 5453 872 5514 οὕδέν
883 5501 896 5514 .
