4072 6206
294 331 406 399 721

1596 334 1782 398 VITA
1824 333 1882 396 S.
1939 328 2351 396 EUTHYMII.

3546 328 3665 393 722

353 468 539 529 PMH'.
588 468 801 528 Ἐκεῖνο
830 466 883 525 δὲ
942 470 1026 526 καὶ
1060 467 1216 534 αὒτὸς
1260 470 1288 526 6
1332 467 1432 530 τὴν
1488 466 1744 547 ὶπήρειαν
1784 469 1924 524 ὑπο-

2091 464 2387 530 CXLVIII.
2422 465 2577 529 Illud
2603 473 2803 529 autem
2834 469 2882 527 ls
2904 481 3145 547 quoque
3172 464 3278 544 qui
3306 464 3488 527 subiit
3511 465 3670 528 cala-

272 561 427 633 στὰς,
461 561 549 617 καὶ
601 559 743 639 παρὰ
800 565 878 634 τῷ
935 564 1027 616 τοῦ
1084 559 1235 636 ἁγίου
1298 558 1450 637 τάφῳ
1505 558 1773 635 τρυγήσας
1831 556 1930 623 vi}:

274 650 588 727 θεραπείαν,
621 655 690 725 τῇ
732 654 872 725 μονῇ
902 646 978 705 ἔτι
1011 648 1237 727 περιὼν,
1270 647 1359 703 καὶ
1391 646 1475 711 εἷς
1504 647 1607 701 των
1639 644 1763 723 παρ’
1796 646 1930 719 αύτῇ

271 745 537 819 μοναχῶν
596 738 693 815 ὢν,
755 739 925 811 οἰκείᾳ
980 736 1220 816 γλώττῃ,
1281 745 1369 793 καί
1426 757 1578 814 φωνῃ
1646 745 1927 813 μαρτυρεῖ.

271 828 453 887 "Ean
489 829 590 908 γάρ
632 850 710 895 τις
768 826 996 891 ἀδελφὸς
1039 827 1091 883 ἐν
1141 831 1219 899 τῷ
1278 825 1642 903 μοναστηρίῳ,
1674 825 1736 880 τὸ
1779 822 1930 900 γένος

273 917 551 986 Γαλάτης,
587 920 685 989 τήν
744 917 937 985 κλῆσιν
988 917 1309 995 Προκόπιος.
1362 914 1526 981 Οὗτος
1570 913 1657 972 οὖν
1713 915 1740 969 6
1786 919 1930 990 Προι-

272 1008 497 1082 κόπιος,
544 1007 599 1063 ἰν
657 1006 963 1071 πολιτικοῖς
1032 1005 1108 1063 ἔτι
1164 1002 1401 1084 θορύϐοις
1469 1002 1567 1061 καί
1624 1003 1933 1082 πράγμασιν

273 1097 381 1172 ὢν,
436 1102 657 1174 πονῆρῷ
701 1096 1005 1176 κατασχέθῃ
1060 1096 1344 1171 πνεύματι,
1396 1094 1484 1151 καὶ
1538 1098 1696 1150 τοῦτο
1750 1111 1931 1148 συνοι-

272 1210 372 1244 κον
426 1188 557 1268 εἶχε
590 1187 753 1267 μέχρι
811 1184 1037 1260 πολλοῦ,
1068 1186 1299 1264 κρυφίως
1353 1184 1513 1240 αὐτὸν
1563 1180 1932 1259 ἰκδειματοῦν,

272 1279 366 1334 καὶ
417 1278 659 1357 ταράχου
717 1276 784 1333 τὰ
842 1273 989 1332 ἔνδον
1044 1273 1303 1352 πληροῦν·
1365 1272 1545 1352 ὥσπερ
1603 1272 1760 1336 αὐτὸς
1819 1269 1936 1345 ὶμοὶ

272 1365 603 1445 δίηγήσατο.
644 1364 793 1423 Ἐπεὶ
850 1363 905 1421 δὲ
949 1364 1041 1419 τὸν
1073 1362 1279 1438 κόσμον
1324 1360 1498 1419 λιπὼν
1547 1368 1623 1436 τῷ
1654 1381 1934 1436 μοναστη-

272 1458 372 1535 ρίῳ
426 1453 815 1533 προσέδραμεν,
878 1451 1157 1533 εἰσεδέχθη
1217 1473 1275 1508 τε
1318 1452 1462 1530 παρὰ
1536 1455 1637 1517 τῆς
1699 1447 1933 1513 συνοδίας

272 1549 385 1604 τῶν
457 1543 697 1625 ἀδελφῶν
728 1591 747 1624 ,
805 1544 891 1601 καὶ
962 1548 1030 1620 τῇ
1096 1552 1190 1602 τοῦ
1248 1540 1502 1618 λειψανου
1571 1538 1932 1619 προσεκύνησε

270 1637 443 1713 θήκῃ,
475 1635 539 1691 τὸ
589 1637 827 1711 πανηρὸν
857 1633 1003 1696 εύθὺς
1047 1630 1376 1711 ἀπηλέγχθη
1408 1638 1643 1711 πνεῦμα,
1674 1631 1748 1693 ὡς
1801 1628 1932 1685 σκό-

272 1748 369 1789 τος
418 1724 522 1782 ὕπὸ
561 1725 762 1804 φωτὸς,
794 1723 882 1779 καί
925 1724 1000 1784 εἷς
1059 1721 1291 1801 ἐμφανὲς
1343 1720 1531 1801 ἢγετο,
1579 1720 1667 1776 καὶ
1724 1716 1935 1796 Προκό-

2019 553 2284 617 mitatem
2318 563 2377 617 et
2403 556 2475 616 ad
2513 554 2727 619 Sancti
2750 556 3095 635 sepulcrum
3129 555 3499 618 curationem
3533 573 3670 636 per-

2015 643 2197 724 cepit,
2231 644 2429 707 adhuc
2461 652 2765 727 superstes
2796 644 2859 706 in
2892 645 3284 719 monasterio,
3319 663 3475 707 unus
3497 644 3669 708 exiis

2016 733 2117 813 qui
2149 734 2207 796 in
2240 752 2310 795 eo
2337 742 2477 796 sunt
2508 734 2842 810 monachis,
2878 751 2985 795 sua
3013 733 3219 814 lingua
3244 742 3303 796 et
3325 752 3468 796 voce
3497 736 3666 800 testi-
3728 761 3735 767 ·

2015 823 2246 885 ﬁcatur.
2296 821 2399 884 Est
2448 824 2607 885 enim
2640 824 2883 905 quidam
2937 824 3119 885 frater
3152 823 3213 884 in
3270 825 3665 901 monasterio,

2014 930 2241 991 genere
2271 911 2499 989 Galata,
2535 914 2780 976 nomine
2809 912 3163 995 Procopius.
3198 913 3305 976 Hic
3337 932 3479 993 ergo
3508 912 3661 976 Pro-

2015 1002 2247 1085 copius,
2280 1021 2416 1065 cum
2449 1003 2644 1065 adhuc
2676 1004 2739 1065 in
2762 1002 3042 1066 civilibus
3072 1012 3412 1066 versaretur
3443 1004 3665 1065 tumul-

2015 1090 2173 1154 tibus
2205 1101 2263 1154 et
2290 1092 2567 1171 negotiis,
2603 1101 2923 1173 occupatus
2948 1092 3057 1154 fuit
3077 1110 3110 1154 a
3131 1092 3345 1173 spiritu
3376 1110 3660 1173 nequam,

2018 1199 2277 1263 eumque
2324 1182 2427 1244 diu
2485 1181 2696 1244 habuit
2747 1181 2926 1244 simul
2980 1181 3369 1255 habitantem,
3432 1182 3667 1246 occulte

2022 1280 2442 1345 terrentem,et
2475 1271 2835 1335 intrinsecus
2866 1272 3206 1353 opplentem
3232 1272 3670 1353 strepitu,sicut

2017 1365 2146 1443 tpse
2168 1362 2315 1423 mihi
2338 1361 2620 1423 narravit.
2651 1360 2969 1443 Postquam
2993 1370 3189 1423 autem
3212 1361 3422 1424 relicto
3444 1361 3665 1424 saeculo

2019 1451 2283 1514 occurrit
2324 1451 2398 1513 ad
2432 1452 2889 1527 monasterium,
2920 1460 2980 1514 et
3009 1471 3041 1513 a
3070 1459 3366 1514 conventu
3413 1451 3665 1514 fratrum

2017 1551 2331 1622 susceptus
2353 1550 2466 1618 est,
2486 1549 2662 1623 atque
2678 1543 3063 1624 reliquiarum
3088 1560 3325 1623 capsam
3373 1541 3663 1617 adoravit,

2020 1630 2217 1695 statim
2266 1631 2509 1712 spiritus
2559 1651 2813 1711 nequam
2864 1640 2954 1694 est
3002 1638 3327 1707 convictus,
3381 1640 3664 1711 tanquam

2022 1719 2287 1782 tenebrae
2314 1738 2347 1781 a
2371 1719 2531 1795 luce,
2567 1729 2624 1783 et
2652 1720 2715 1783 in
2746 1731 3022 1803 apertum
3054 1722 3401 1803 productus,
3433 1730 3494 1783 et
3521 1720 3666 1783 Pro-

275 1838 405 1879 πιος
478 1813 746 1890 δαιμονῶν
806 1812 1142 1891 ἕγνωρίζετο,
1194 1812 1369 1868 πάντα
1433 1810 1629 1868 ξκεϊνα
1679 1813 1934 1889 πάσχων,

2026 1809 2232 1890 copius
2260 1810 2535 1888 cognitus
2566 1818 2656 1873 est
2687 1828 2820 1874 esse
2853 1811 3288 1884 daemoniacus,
3324 1810 3527 1872 omnia
3557 1810 3665 1872 illa

274 1905 379 1961 ὅσα
422 1917 538 1967 τοῖς
571 1904 739 1968 οὕτως
790 1902 1009 1983 ἔχουσιν
1069 1899 1205 1977 ἴδια,
1234 1900 1566 1980 ῥησσόμενός
1618 1921 1674 1958 τε
1724 1897 1933 1971 δεινῶς,

277 1996 365 2052 καὶ
429 1995 505 2059 εἷς
549 1994 652 2073 γῆν
712 1992 1225 2073 προσριπτούμενος,
1282 1990 1359 2048 ἔτι
1427 1989 1782 2065 δεσμούμενος
1836 1988 1938 2055 τὴν

274 2084 551 2164 γλῶτταν,
600 2083 693 2140 καῖ
756 2081 894 2158 μηδὲ
950 2083 1189 2151 συνήθως
1246 2080 1561 2161 φθέγγεσθαι
1616 2079 1936 2158 συγχωρού-

277 2196 469 2251 μενος,
529 2173 733 2254 Ὃνπερ
762 2171 829 2241 δὴ
873 2173 961 2229 καὶ
1021 2172 1180 2228 αὗτὸν
1225 2172 1252 2227 6
1305 2169 1474 2248 μέγας
1506 2171 1673 2245 ἰᾶται,
1707 2169 1793 2225 καὶ
1843 2169 1939 2225 τοῦ

279 2265 483 2327 πίθους
542 2262 656 2338 ἅμα
713 2263 803 2320 καὶ
844 2266 942 2330 τῆς
996 2260 1187 2327 μανίας
1232 2258 1329 2317 καί
1382 2258 1487 2316 τῶν
1546 2263 1645 2325 τῆς
1693 2256 1936 2335 γλώττης

280 2355 497 2429 δεσμῶν
540 2351 784 2410 ἀπολύει·
850 2352 983 2409 καθά
1048 2351 1136 2407 καὶ
1192 2351 1267 2414 εἷς
1324 2346 1473 2426 δεῦρο
1528 2347 1709 2426 παρὼν
1760 2346 1815 2401 ἰν
1870 2351 1938 2422 τῇ

280 2442 427 2520 μονῇ
481 2441 764 2500 δείκνυται·
826 2441 923 2499 οὒκ
969 2440 1189 2504 ἀπαθῶς
1218 2438 1380 2515 μόνον
1430 2436 1576 2517 ἔχων
1618 2437 1707 2493 καὶ
1748 2436 1933 2515 ὑγιῶς,

278 2532 423 2590 ἀλλὰ
474 2534 560 2589 καὶ
611 2532 925 2612 σωρροσύνη
980 2529 1127 2607 πάσῃ
1171 2528 1266 2585 καί
1311 2528 1557 2603 δπομονῇ
1603 2523 1933 2601 διαπρέπων,

277 2625 372 2680 καὶ
436 2623 525 2679 τὸν
558 2623 799 2702 χρηστὸν
856 2620 1027 2677 ἕλκων
1056 2618 1111 2675 ἂν
1157 2618 1325 2696 ταύτῃ
1368 2624 1462 2674 τοῦ
1503 2621 1732 2695 Χριστοῦ
1777 2616 1932 2691 ζυγὸν

280 2714 423 2772 κατᾶ
453 2710 696 2788 δύναμιν,

371 2802 547 2866 ΡΜΘ’.
576 2803 795 2866 Τούτοις
836 2796 1125 2855 ἀκόλουθον
1154 2798 1221 2855 τὰ
1252 2796 1387 2854 κατά
1428 2796 1519 2852 τὸν
1548 2794 1751 2861 ξενικὸν
1780 2794 1931 2852 ἐκεῖ·

282 2918 377 2954 νον
434 2891 743 2959 διεξελθεῖν,
808 2887 1141 2963 Καθημένοις
1212 2887 1313 2966 γάρ
1370 2906 1500 2944 ποτε
1542 2886 1672 2965 πρὸς
1732 2884 1802 2960 τῇ
1845 2890 1936 2941 τοῦ

282 2982 647 3062 μοναστηρίου
718 2977 929 3053 εἰσόδῳ,
975 2988 1063 3035 καί
1137 2998 1256 3034 τινα
1325 2975 1548 3052 μαλώαν
1591 2975 1780 3056 ἕιουσι
1853 2972 1938 3032 διὰ

282 3076 475 3156 χειρὸς
533 3072 620 3130 καὶ
690 3070 1048 3146 καθαίρουσιν,
1096 3065 1298 3156 ἔπεισιν
1355 3068 1494 3141 ἡμῖν
1563 3068 1715 3129 οὗτος
1785 3065 1939 3143 ῥοίζῳ

283 3154 533 3242 μεγάλῳ,
567 3162 654 3217 καὶ
710 3156 975 3237 καταιγίδι
1031 3154 1444 3233 παραπλησίως,
1480 3156 1579 3212 ὄπὸ
1609 3162 1701 3212 τοῦ
1758 3176 1936 3221 πονη-

2023 1899 2279 1980 patiens,
2315 1917 2447 1980 qua
2477 1908 2615 1962 sunt
2646 1900 2993 1963 hominibus
3021 1900 3103 1962 ita
3133 1900 3363 1964 affectis
3395 1900 3662 1981 propria,

2021 1998 2083 2051 ut
2112 1988 2214 2070 qui
2246 2007 2404 2051 saeve
2434 1987 2917 2070 disrumperetur
2945 1998 3003 2053 et
3032 1990 3200 2054 humi
3244 1990 3666 2070 projiceretur,

2020 2079 2225 2141 adhzec
2257 2078 2460 2159 lingua
2487 2080 2837 2154 vinciretur,
2874 2099 2987 2143 nec
3017 2082 3325 2144 sineretur
3355 2097 3459 2161 pro
3496 2097 3664 2142 more

2019 2169 2208 2252 loqui.
2260 2168 2446 2242 Quem
2496 2169 2691 2250 ipsum
2725 2189 2966 2252 quoque
2996 2190 3245 2251 magnus
3275 2180 3466 2247 sanat,
3502 2178 3562 2231 et
3589 2169 3665 2231 ab

2020 2260 2338 2323 affectione
2384 2260 2563 2322 simul
2616 2270 2677 2324 et
2726 2263 2983 2336 insania,
3035 2270 3094 2322 et
3140 2262 3359 2340 linguai
3406 2260 3665 2323 vinculis

2019 2351 2307 2426 exsolvit;
2342 2350 2499 2412 sicut
2527 2350 2587 2412 in
2619 2350 2977 2414 hodiernum
3012 2369 3202 2432 usque
3245 2350 3405 2411 diem
3456 2358 3665 2411 osten-

2018 2439 2181 2502 ditur
2211 2458 2476 2520 praasens
2502 2440 2563 2502 in
2590 2441 2989 2518 monasterio;
3019 2460 3137 2503 non
3170 2439 3360 2502 solum
3394 2456 3577 2500 sanus
3606 2446 3667 2500 et

2017 2548 2052 2591 a
2083 2529 2237 2591 malo
2268 2528 2443 2606 liber,
2470 2531 2575 2591 sed
2602 2529 2783 2592 etiam
2808 2530 2973 2592 omni
2998 2530 3391 2610 temperantia
3417 2537 3475 2590 et
3506 2527 3663 2588 tole-

2016 2618 2208 2680 rantia
2254 2618 2529 2697 insignis,
2564 2628 2745 2701 atque
2776 2619 2835 2681 in
2868 2638 2941 2684 eo
2992 2621 3233 2683 trahens
3283 2637 3387 2701 pro
3438 2615 3664 2679 viribus

2018 2726 2196 2771 suave
2227 2708 2445 2771 Christi
2470 2709 2710 2788 jugum.

2097 2796 2337 2861 CXLIX.
2377 2796 2483 2860 His
2512 2816 2890 2880 consequens
2923 2800 3102 2862 fuerit
3131 2818 3200 2862 ea
3233 2797 3509 2881 persequi
3530 2814 3666 2878 qum

2017 2888 2089 2950 ad
2118 2888 2286 2949 illum
2323 2888 2702 2967 peregrinum
2736 2898 3031 2969 spectant.
3086 2889 3451 2954 Sedentibus
3498 2888 3662 2950 enim

2020 2977 2341 3058 aliquando
2375 2977 2434 3038 in
2468 2979 2818 3041 monasterii
2864 2979 3166 3059 ingressu,
3200 2988 3256 3041 et
3288 2978 3549 3058 ligonem
3601 2976 3668 3038 in

2022 3085 2197 3129 manu
2233 3066 2616 3148 habentibus,
2649 3074 2825 3149 atque
2858 3069 3253 3150 purgantibus
3302 3068 3498 3143 nobis,
3551 3066 3666 3129 ad-

2021 3156 2181 3218 venit
2210 3155 2309 3217 hic
2340 3174 2475 3217 cum
2509 3174 2723 3237 magne
2745 3159 2970 3239 impetu
2998 3159 3359 3231 etstridore,
3383 3176 3451 3219 ac
3474 3158 3667 3219 instar

284 3260 379 3333 ροῦ
422 3252 724 3326 πνεύματος
777 3247 1159 3321 ἱλαονόμενος,
1218 3246 1425 3325 κράζων
1484 3266 1542 3301 τε
1600 3244 1821 3323 λαμπρᾷ
1873 3248 1938 3320 τῇ

2026 3244 2327 3328 procellze,
2363 3263 2397 3307 a
2429 3246 2581 3307 malo
2613 3246 2825 3327 spiritu
2871 3257 3063 3324 actus,
3117 3259 3294 3331 atque
3325 3250 3491 3312 clara
3520 3264 3667 3311 voce

283 3349 464 3424 φωνῇ·
501 3341 559 3399 Τί
608 3340 728 3415 ἐμοὶ
782 3338 871 3393 καὶ
918 3339 1036 3411 σοὶ,
1069 3342 1162 3393 τοῦ
1215 3342 1347 3393 Θεοῦ
1374 3335 1603 3413 θεράπον
1666 3334 1938 3410 Εὗθύμιε;

285 3439 392 3490 ποῦ
435 3453 502 3506 με
533 3430 623 3487 σὺν
682 3429 770 3505 βίᾳ
819 3425 993 3490 ἕλκεις
1030 3445 1047 3505 ;
1108 3428 1203 3484 οὐκ
1246 3424 1437 3500 ἔξειμι.
1469 3425 1719 3481 ’Ἔπειτα
1769 3425 1939 3503 ρίπτει

285 3524 391 3602 πρὸ
454 3526 559 3577 τῶν
625 3518 805 3575 πυλῶν
865 3518 1022 3574 αὐτὸν
1067 3515 1127 3572 τὰ
1185 3516 1421 3594 πονηρὸν
1478 3522 1712 3589 πνεῦμα,
1744 3516 1939 3589 πτῶμα

284 3626 406 3673 τοῖς
451 3613 642 3681 ὁρῶσιν
700 3606 1091 3665 ἕλεεινότατον.
1146 3605 1501 3665 Ἀναστάντες
1561 3606 1648 3661 οὖν
1718 3604 1811 3660 σὺν
1864 3624 1941 3677 τῳ

283 3707 503 3779 θυρωρῷ
560 3696 793 3771 Βαίύλᾳ,
830 3697 916 3753 καὶ
973 3696 1131 3771 μόλις
1195 3694 1356 3751 αὐτὸν
1413 3691 1751 3767 ἀνελόμενοι,
1799 3693 1940 3771 παρὰ

284 3791 386 3858 τὴν
417 3796 509 3846 τοῦ
548 3786 803 3863 λειψάνου
828 3787 1001 3854 θήκην
1046 3784 1373 3862 κατάγομεν.
1416 3783 1478 3840 ⁸0
1510 3780 1565 3837 δὲ
1595 3787 1701 3838 τῶν
1745 3783 1941 3858 ὁμοίων

287 3883 376 3937 καὶ
429 3879 506 3935 ἔτι
550 3884 741 3957 φωνῶν
802 3876 1015 3956 εἴχετο·
1070 3874 1135 3932 Τί
1190 3874 1375 3949 βιαίως
1428 3869 1587 3943 οὕτω,
1622 3872 1788 3947 βοῶν,
1821 3869 1937 3927 δια-

289 3969 461 4028 σπᾶτέ
518 3990 584 4043 με
616 3969 701 4023 καὶ
756 3966 1076 4043 κατασύρετε
1110 3981 1124 4038 ;
1162 3964 1209 4020 τί
1252 3984 1316 4037 με
1364 3966 1493 4038 πρὸς
1554 3962 1643 4017 τὸν
1675 3962 1805 4037 ἐμὸν
1847 3982 1944 4017 πο-

290 4061 482 4132 λέμιον
527 4057 683 4136 ἄγετε
719 4074 735 4132 ;
767 4057 819 4112 τί
866 4058 994 4135 πρὸς
1028 4056 1118 4110 τὸν
1179 4053 1371 4134 ἐχθρόν
1406 4072 1422 4128 ;
1454 4051 1504 4109 τί
1553 4052 1691 4145 ’πρὸς
1723 4052 1812 4107 τὸν
1865 4045 1945 4106 ἀεὶ

284 4144 758 4225 καταπιμπρῶντά
828 4167 897 4219 με
950 4142 1190 4225 σφοδρῶς
1248 4142 1490 4214 έλκετε;
1557 4141 1610 4197 'u
1669 4141 1831 4217 βίαςὶ
1888 4142 1948 4197 οὗ

287 4238 617 4316 πορεύσομαι
676 4234 796 4311 μεθ’
845 4237 1021 4314 ῦμῶν,
1078 4233 1196 4289 ἀλλ’
1255 4232 1566 4313 ὶξέρχομαι,
1626 4233 1715 4288 καὶ
1785 4230 1946 4288 πλέον

290 4330 389 4387 οὒκ
432 4326 510 4383 ἔτι
556 4333 723 4402 μενῶ.
761 4324 913 4383 Ἐπεὶ
943 4322 998 4380 δὲ
1032 4325 1161 4402 πρὸς
1201 4324 1345 4397 αύτῷ
1369 4329 1447 4395 τῷ
1476 4322 1571 4377 τοῦ
1617 4320 1767 4398 ἀγίου
1796 4322 1948 4399 τάφῳ

291 4420 388 4476 ab:
446 4424 523 4491 τῷ
552 4415 740 4490 ξενικῷ
784 4414 959 4472 πολλὰ
988 4414 1254 4489 καμόντες
1312 4413 1635 4490 γεγόναμεν,
1670 4408 1947 4469 καταϐαλ-

290 4508 372 4565 λει
430 4510 516 4564 καὶ
547 4506 709 4563 πάλιν
757 4507 915 4563 αὐτὸν
947 4507 973 4559 ὁ
1017 4502 1244 4577 δαίμων,
1279 4504 1367 4558 καὶ
1412 4508 1587 4558 πᾶσαν
1632 4499 1843 4580 ἄγωνος
1887 4502 1948 4557 τὸ

2022 3336 2403 3399 exclamans:
2434 3334 2586 3408 Quid
2616 3336 2763 3398 mihi
2790 3346 2848 3398 et
2870 3338 3002 3413 tibi,
3032 3340 3138 3402 Dei
3160 3358 3332 3401 serve
3354 3336 3668 3419 Euthymi?

2023 3426 2153 3499 Quo
2186 3442 2281 3485 me
2314 3442 2448 3485 cum
2483 3424 2764 3486 violentia
2798 3427 3031 3489 trahis?
3063 3431 3195 3492 Non
3228 3447 3397 3491 exeo.
3434 3427 3667 3491 Deinde

2023 3534 2158 3576 eum
2192 3524 2334 3575 ante
2364 3513 2522 3575 fores
2554 3515 2795 3594 projicit
2824 3517 3071 3596 Spiritus
3103 3537 3383 3599 nequam,
3418 3537 3557 3580 casu
3585 3523 3671 3579 vi-

2023 3601 2304 3666 dentibus
2329 3605 2588 3665 maxime
2608 3604 2958 3670 miserabili.
2984 3610 3310 3687 Surgentes
3334 3607 3512 3687 igitur
3531 3625 3668 3670 cum

2018 3693 2283 3775 janitore
2322 3691 2562 3772 Babyla,
2618 3711 2751 3754 cum
2784 3694 2877 3756 vix
2909 3714 3046 3758 eum
3082 3697 3557 3771 sustulissemus,
3592 3697 3671 3761 ad

2025 3781 2419 3857 reliquiarum
2451 3799 2686 3864 capsum
2722 3784 3098 3849 deducimus.
3125 3787 3229 3847 Ille
3252 3793 3449 3847 autem
3473 3787 3673 3851 adhuc

2026 3871 2256 3934 similes
2305 3888 2479 3933 voces
2530 3874 2873 3954 usurpabat,
2934 3875 3246 3937 clamans:
3284 3878 3407 3936 Cur
3440 3893 3535 3935 me
3582 3874 3674 3938 sic

2028 3962 2315 4025 violenter
2347 3960 2629 4022 divellitis
2660 3971 2717 4024 et
2747 3964 3113 4027 distrahitis?
3163 3964 3282 4027 Cur
3333 3983 3427 4026 me
3457 3962 3674 4027 ducitis

2029 4051 2099 4114 ad
2135 4052 2371 4113 hostem
2408 4051 2650 4111 meum?
2682 4052 2798 4114 Cur
2827 4054 2901 4115 ad
2936 4054 3291 4117 inimicum?
3320 4054 3436 4118 Cur
3467 4072 3563 4115 me
3595 4054 3674 4117 ad

2030 4160 2167 4203 eum
2186 4140 2580 4204 vehementer
2598 4142 2967 4225 trahitis,qui
2993 4162 3089 4207 me
3108 4162 3350 4226 semper
3371 4144 3674 4208 incendit?

2029 4250 2064 4292 o
2118 4231 2267 4292 vim!
2327 4247 2446 4291 non
2478 4228 2578 4291 ibo
2613 4230 2943 4309 vobiscum,
2982 4236 3087 4297 sed
3122 4235 3425 4316 egredior,
3480 4252 3676 4315 neque

2030 4320 2289 4400 amplius
2323 4319 2600 4381 manebo.
2641 4322 2958 4404 Postquam
2999 4343 3139 4388 vero
3170 4330 3240 4387 ad
3265 4324 3462 4405 ipsum
3486 4324 3678 4387 sancti

2031 4410 2377 4489 sepulcrum
2409 4428 2546 4471 cum
2580 4415 2904 4493 peregrino
2937 4416 3187 4476 multum
3222 4416 3442 4479 defessi
3474 4433 3678 4496 perve-

2034 4502 2257 4572 nimus,
2292 4516 2426 4560 eum
2460 4518 2670 4563 rursus
2701 4502 2914 4581 dejicit
2944 4504 3200 4581 daemon,
3235 4515 3292 4568 et
3324 4525 3457 4567 cum
3493 4514 3676 4568 totam

290 4598 547 4677 παράπαν
617 4596 832 4661 ἀκείνην
906 4594 1005 4660 τὴν
1075 4593 1237 4649 νύκτα
1306 4589 1599 4669 διαγαγὼν,
1662 4593 1938 4669 σωφρονῶν

2032 4591 2191 4653 illam
2247 4606 2483 4656 noctem
2537 4602 2734 4656 mutus
2777 4594 3023 4656 omnino
3055 4596 3465 4676 transegisset,
3503 4612 3678 4658 mane

292 4689 455 4746 ἕωθεν
506 4686 595 4742 καὶ
626 4686 809 4765 νήφων
840 4682 1137 4754 ἀνίσταται,
1173 4679 1289 4738 οὖδὲ
1322 4681 1513 4759 ξβραχὺ
1544 4678 1795 4755 λείψανον
1841 4681 1948 4736 τῶν

294 4776 567 4855 προτέρων
627 4774 798 4853 ἔχων.
834 4772 1268 4833 Συνεστιαθέντες
1313 4776 1484 4827 τοίνυν
1515 4773 1679 4848 αὐτῷ,
1714 4770 1948 4844 ἠρόμεθα

297 4865 495 4944 μεταξὺ
541 4870 640 4931 τῆς
682 4864 974 4942 τραπέζης,
1008 4863 1056 4918 τί
1096 4861 1227 4938 ὅπερ
1262 4861 1394 4941 χθὲς
1446 4860 1627 4944 πάθοι,
1673 4862 1761 4915 καὶ
1803 4860 1948 4924 ὅπως

297 4958 488 5014 ἆνταθα
548 4954 713 5032 ἔλθοι,
748 4952 843 5010 καί
900 4954 950 5009 τί
1007 4951 1105 5031 ἄρα
1161 4953 1368 5029 κράζων
1425 4950 1514 5017 ἦν,
1552 4938 1609 5007 Ὀ
1658 4946 1712 5004 δὲ
1772 4949 1950 5010 πάντα

297 5047 484 5125 ἔλεγεν
527 5047 766 5122 ἀγνοεῖν,
800 5043 887 5100 καὶ
920 5040 1037 5099 οὔτε
1067 5048 1181 5104 πῶς
1244 5039 1411 5119 ἔλθοι,
1442 5038 1557 5096 οὔτε
1588 5037 1616 5095 ὅ
1647 5037 1831 5117 ἔκραζε
1890 5039 1951 5095 τὸ

300 5137 553 5214 παράπαν
598 5130 813 5190 εἰδέναι.

389 5312 513 5372 PN'.
572 5320 749 5371 Ταῦτα
778 5310 947 5367 τοίνυν
995 5316 1213 5365 τοιαῦτα
1256 5306 1383 5363 ὄντα
1428 5306 1519 5361 καί
1579 5306 1771 5378 οὕτως,
1806 5304 1953 5364 οῦδε-

2032 4683 2221 4761 surgit
2279 4683 2622 4746 moderatus
2676 4692 2733 4746 ut
2780 4702 2942 4745 same
3000 4684 3240 4761 mentis,
3292 4704 3367 4748 ne
3401 4684 3679 4747 minimas

2032 4773 2272 4852 quidem
2298 4774 2528 4837 habens
2552 4774 2817 4855 priorum
2836 4775 3151 4856 reliquias.
3173 4774 3381 4857 Itaque
3404 4795 3521 4838 una
3541 4792 3678 4839 cum

2034 4880 2104 4921 eo
2128 4861 2375 4940 epulati,
2401 4864 2559 4925 inter
2577 4861 2933 4925 caruandum
2956 4864 3478 4944 interrogavimus,
3505 4863 3682 4945 quid-

2034 4968 2167 5011 nam
2192 4961 2352 5014 esset
2372 4952 2530 5034 quod
2556 4953 2684 5015 heri
2709 4952 3063 5033 patiebatur,
3086 4964 3144 5017 et
3160 4956 3677 5033 quemadmodum

2036 5040 2151 5103 huc
2212 5043 2492 5117 venisset,
2551 5050 2611 5104 et
2660 5041 2942 5122 quidnam
2996 5044 3310 5108 clamaret.
3373 5043 3479 5105 Ille
3537 5060 3676 5105 vero

2035 5139 2250 5192 cuncta
2280 5130 2513 5193 dicebat
2541 5149 2607 5193 se
2639 5131 2942 5208 ignorare,
2978 5141 3036 5194 et
3081 5152 3274 5215 neque
3332 5151 3449 5214 quo
3500 5130 3677 5193 modo

2036 5218 2321 5299 venisset,
2375 5236 2571 5299 neque
2613 5218 2757 5299 quid
2787 5221 3095 5296 clamaret,
3126 5240 3193 5283 se
3224 5221 3471 5284 omnino
3498 5220 3676 5281 scire.

2119 5307 2229 5369 CL.
2281 5310 2465 5370 Porro
2499 5307 2625 5369 haec
2662 5307 2797 5369 talia
2828 5327 2963 5370 cum
2995 5312 3140 5386 sint,
3173 5317 3354 5393 atque
3408 5309 3481 5371 ad
3540 5326 3680 5371 eum

313 5407 436 5478 μίαν
506 5403 580 5464 εἰς
630 5401 895 5475 θαύματος
961 5396 1122 5475 λόγον
1196 5394 1499 5475 ὑπερϐολήν
1569 5394 1929 5452 ἀπολείποντα

2042 5396 2305 5467 modum,
2334 5396 2681 5477 nullamque
2711 5396 3051 5478 relinquant
3080 5398 3558 5480 exsuperantiam
3577 5415 3681 5460 ra-

316 5494 496 5567 μόνοις
544 5492 825 5569 ὑποχωρεῖ
866 5501 985 5553 τοῖς
1016 5487 1151 5543 κατὰ
1195 5486 1294 5553 τὴν
1346 5482 1733 5562 Βηταγαόαιων
1764 5484 1938 5558 κώμηε

2041 5486 2200 5546 tione
2234 5486 2527 5561 miraculi,
2562 5485 2634 5546 iis
2664 5484 2808 5548 solis
2829 5489 3049 5550 cedunt
3070 5506 3201 5569 quae
3224 5489 3602 5568 contigerunt
3621 5488 3684 5549 in

312 5580 717 5661 γεγενημένοις,
767 5578 851 5658 ἐφ’
894 5576 927 5632 ἃ
984 5575 1154 5645 δήπου
1209 5576 1296 5631 καὶ
1351 5576 1379 5631 6
1423 5571 1584 5651 λόγος
1642 5574 1745 5661 τὴν
1786 5573 1938 5651 ὁρμὴ·

2038 5576 2166 5636 vico
2216 5575 2734 5655 Botagabaaorum,
2768 5576 2843 5637 ad
2886 5596 3019 5658 quae
3070 5577 3349 5640 nimirum
3404 5585 3687 5659 properat

314 5660 457 5752 ἔχει,
517 5664 615 5726 Ἦν
664 5669 765 5746 γάρ
822 5690 903 5730 τις
957 5665 1010 5721 ἐν
1068 5673 1143 5739 τῷ
1191 5670 1535 5739 μοναστηριιυ
1584 5660 1931 5739 πρεσϐύτερος

2042 5664 2900 5745 oratio.Sciliceteratquidam
2917 5668 2975 5729 in
2992 5667 3358 5731 monasterio
3371 5668 3686 5750 presbyter

316 5750 413 5835 τῆς
464 5760 714 5827 τοιαύτης
770 5755 1087 5838 ὡρμημένος
1142 5754 1359 5831 κώμης,
1413 5750 1702 5837 Ἀχθάϐιος
1763 5751 1933 5828 ὄνομα

2044 5770 2117 5817 ex
2141 5772 2211 5815 eo
2234 5755 2360 5818 vico
2391 5763 2581 5838 ortus,
2610 5756 2857 5821 nomine
2880 5756 3270 5837 Achthabius,
3298 5759 3397 5843 qui
3422 5759 3684 5843 quadra-
