4104 6198
385 311 504 380 723

1677 317 1958 387 MENSIS
2001 321 2458 388 JANUARIUS.

3626 310 3744 375 ’724

386 453 549 534 ginta
582 453 851 537 quinque
883 475 1071 518 annos
1099 456 1158 516 in
1191 473 1262 516 eo
1295 463 1625 535 peregerat,
1679 453 2020 534 Christique

2124 457 2349 532 πέμπτον
2405 458 2459 515 ἐν
2496 461 2634 533 αύτῴ
2687 460 2820 536 πρὸς
2878 469 2997 518 τοῖς
3044 452 3435 531 τεσσαράκοντα
3479 449 3594 511 ἕως
3627 446 3750 505 δια-

390 547 804 609 mandatorum
861 548 1110 628 probum
1167 547 1501 626 operarium
1557 546 1900 609 ostenderat
1932 567 2019 610 se.

387 637 534 698 Erat
562 647 758 698 autem
806 638 860 699 ei
896 655 1132 718 quoque
1184 637 1370 698 frater
1410 653 1632 714 genere
1681 637 1740 697 in
1791 656 1858 699 ea
1889 638 2025 699 villa

388 725 872 804 Betagabaeorum
892 727 1038 801 (93),
1065 745 1196 808 quae
1215 726 1288 785 ad
1313 725 1732 786 duodecimum
1764 727 2023 807 lapidem

392 816 570 878 distat
599 834 631 875 a
662 814 833 890 Gaza,
868 818 1030 878 nulla
1057 836 1126 878 ex
1163 824 1326 894 parte
1354 816 1580 876 faciens
1602 816 1821 878 similia
1845 827 1905 878 et
1925 837 2027 878 co-

389 913 564 985 gnata
591 924 724 966 cum
759 907 964 978 fratre,
991 907 1299 968 Romanus
1328 906 1436 974 (ita
1458 908 1614 966 enim
1649 907 2019 985 vocabatur);

385 993 489 1056 sed
529 995 727 1056 vivens
778 998 1042 1059 molliter
1093 1007 1151 1057 et
1182 995 1492 1058 dissolute.
1546 993 1728 1072 Igitur
1758 997 2024 1076 quidam,

385 1083 611 1146 invidia
640 1085 700 1145 in
733 1104 868 1147 eum
903 1087 1116 1148 ductus
1154 1085 1228 1148 ob
1260 1103 1428 1165 opes,
1484 1084 1744 1160 maligne
1775 1086 2026 1148 insidia-

387 1175 586 1248 batur,
639 1194 859 1256 easque
914 1176 1242 1239 conabatur
1271 1174 1530 1236 auferre.
1586 1175 1730 1237 Cum
1763 1185 1960 1238 autem
1995 1197 2028 1237 a

387 1282 569 1342 scopo
594 1263 955 1340 aberrasset,
982 1267 1208 1328 deinde
1239 1273 1294 1326 et
1325 1264 1757 1326 vehementiori
1789 1266 2028 1328 invidiae

388 1352 629 1414 stimulo
661 1355 962 1418 sauciatus
994 1364 1173 1429 esset,
1211 1357 1368 1417 venit
1401 1353 1934 1433 Eleutheropolim,
1970 1366 2028 1417 et

390 1450 598 1504 contra
648 1463 782 1505 eum
831 1445 1080 1507 assumit
1127 1445 1446 1526 quemdam
1501 1441 2020 1523 praestigiatorum,

388 1530 646 1611 proximi
679 1553 892 1596 noxam
926 1535 1110 1596 miser
1142 1553 1352 1614 magno
1403 1551 1780 1612 comparans.
1834 1536 2026 1614 Atque

390 1620 497 1683 ille
527 1622 770 1702 quidem
808 1634 980 1704 prout
1011 1624 1237 1688 sciebat
1269 1633 1325 1685 et
1372 1633 1600 1702 poterat
1635 1641 1775 1682 usus
1807 1631 1895 1683 est
1925 1640 2023 1684 ar-

390 1709 551 1772 tibus
574 1713 717 1776 suis.
743 1713 1048 1776 Romanus
1074 1733 1234 1788 vero,
1259 1722 1322 1774 ut
1347 1712 1446 1792 qui
1479 1711 1629 1774 nihil
1657 1711 2028 1790 prmvidisset

2106 547 2352 628 τελὲσας,
2387 551 2473 606 καὶ
2515 556 2621 606 τῶν
2663 555 2754 605 τοῦ
2801 545 3027 623 Χριστοῦ
3069 541 3296 600 ἐντολῶν
3343 541 3572 619 ἐργάτης
3614 539 3754 594 ἀνα-

2107 635 2333 716 δειχθεὶς
2378 637 2621 712 δόκιμος,
2687 645 2900 714 Προσην
2940 633 2994 691 δέ
3035 656 3117 699 τις
3175 633 3316 706 αύτῷ
3367 634 3452 688 καὶ
3525 628 3754 708 ἁδελφὸς

2109 729 2244 784 κατὰ
2298 727 2450 806 γένος
2506 731 2562 784 ἒν
2748 722 3160 801 Βηταγαῦαίων,
3216 722 3334 790 ἥτις
3389 719 3590 778 δώδεκα
3648 741 3758 782 ση-

2109 819 2280 890 μείοις
2341 819 2511 889 Γάζης
2570 817 2792 896 ἀπέχει,
2826 814 2973 873 οὐδὲν
3032 813 3193 890 ὅμοια
3249 810 3364 890 οοδέ
3397 815 3628 888 συγγενῇ
3675 814 3758 881 τῷ

2113 905 2323 988 ἆείελφῲ
2371 909 2641 986 πράττων,
2695 909 2722 964 ὁ
2788 898 3056 980 Ῥωμανὸς
3120 901 3280 979 (οὕτω
3337 901 3434 980 γὰρ
3479 898 3754 978 ἐκαλεῖτο)

2113 995 2250 1053 ἀλλὰ
2274 1003 2378 1067 ζῶν
2423 999 2596 1075 ὑγρῶς
2628 1017 2684 1052 τε
2732 997 2820 1052 καὶ
2851 993 3165 1069 ἀνειμέναις.
3221 991 3497 1060 Βασκήνας
3541 989 3630 1046 οὗν
3674 1012 3758 1052 τις

2117 1089 2256 1159 αύτῷ
2303 1091 2401 1153 τῆς
2451 1087 2649 1157 οὐσίας,
2685 1084 2936 1164 ἐφήδρευε
2980 1083 3311 1159 κακούργως,
3346 1082 3434 1136 καὶ
3477 1078 3760 1155 ὑφελέσθαι

2112 1177 2278 1244 αὖτήν
2335 1179 2608 1254 ἐπειρᾶτο.
2643 1183 2744 1234 Τοῦ
2787 1181 2994 1232 σκοποῦ
3025 1172 3078 1230 δὲ
3127 1171 3454 1249 διαμαρτὼν,
3489 1171 3613 1226 εἶτα
3661 1167 3761 1224 καί

2112 1263 2442 1344 σφοδροτὲρῳ
2499 1267 2575 1340 τῷ
2633 1269 2730 1333 τῆς
2785 1265 3077 1342 βασκανίας
3133 1262 3334 1339 κέντρῳ
3393 1258 3651 1336 πληγείς,
3701 1258 3762 1314 ἐν

2112 1353 2546 1432 Ἐλευθεροττόλει
2630 1355 2875 1432 γίνεται,
2961 1354 3048 1409 καὶ
3152 1374 3272 1408 τινα
3354 1346 3760 1427 παραλαμϐάνει

2110 1447 2283 1519 γόητα
2315 1442 2434 1500 κατ’
2488 1444 2668 1522 αὐτου,
2705 1442 2907 1502 πολλοῦ
2949 1444 3048 1510 τὴν
3079 1449 3172 1498 τοῦ
3209 1441 3438 1506 πλησίον
3479 1436 3686 1515 βλάϐην
3729 1438 3761 1491 ὁ

2109 1533 2332 1596 δείλαιος
2362 1534 2731 1608 ὠνησάμενος.
2763 1537 2822 1592 Ὀ
2857 1539 2955 1608 μὲν
2987 1542 3075 1591 οὖν
3111 1535 3184 1597 ὡς
3215 1545 3342 1611 εῖχε
3372 1543 3495 1592 ταῖς
3530 1529 3760 1608 τέχναις

2111 1619 2336 1703 ἐχρῆτο.
2381 1616 2439 1681 Ὀ
2494 1625 2768 1698 Ῥωμανὸς
2826 1621 2904 1696 δὲ,
2954 1637 3046 1679 οἵα
3102 1629 3207 1678 τῶν
3263 1619 3558 1697 γινομένων
3613 1615 3764 1675 οὐδὲν

2110 1712 2391 1792 προειδὼς,
2427 1712 2481 1768 ἐν
2539 1712 2685 1791 ἁτρῷ
2748 1710 2958 1790 διῆγεν,
2995 1710 3239 1786 οὒδεμίαν
3295 1708 3432 1774 ὅλως
3493 1714 3600 1764 τῶν
3655 1730 3762 1764 κα-

389 1818 597 1862 eorum
618 1821 748 1881 quae
764 1800 1412 1882 gerebantur,degebat
1434 1803 1492 1862 in
1517 1801 2028 1878 agro,nullatenus

2124 1804 2524 1882 κουργουμένων
2595 1803 2736 1875 αύτῷ
2819 1801 3064 1881 φυλακὴν
3134 1799 3302 1878 ἔχων.
3377 1800 3473 1856 Καὶ
3541 1820 3644 1853 τινι
3703 1798 3766 1852 τὸ

395 1907 610 1951 cavens
631 1892 822 1970 ipsius
852 1893 1162 1954 maleﬁcia.
1179 1893 1371 1973 Atque
1389 1900 1700 1970 correptus
1722 1908 1753 1950 a
1776 1891 2031 1970 quodam

391 1986 638 2039 veterno
672 1981 937 2062 corporis
965 1982 1149 2062 (quod
1198 1983 1360 2044 Deus
1393 1999 1666 2059 magnam
1701 1979 2031 2040 socordiam

392 2067 882 2150 interrumperet,
932 2073 1180 2152 ejusque
1219 2071 1476 2131 animam
1529 2070 1599 2131 ad
1658 2069 2030 2130 sedulitatem

393 2157 737 2233 reduceret,
791 2179 860 2222 ac
910 2161 1047 2224 ideo
1100 2161 1494 2240 permisisset,
1549 2168 1610 2220 ut
1666 2159 2032 2239 aliquantum

389 2245 787 2310 vinceretura
814 2250 1051 2328 maligni
1082 2250 1352 2324 insidiis;
1386 2248 1890 2330 quemadmodum
1918 2267 2034 2308 non

407 2335 597 2396 multo
629 2346 759 2416 post
786 2337 1176 2400 declarabunt
1219 2343 1353 2420 quae
1383 2338 1873 2417 subjungentur),
1927 2337 2034 2398 do-

397 2443 561 2485 mum
587 2425 866 2490 refertur.
894 2427 1042 2490 Dein
1069 2427 1166 2490 ubi
1195 2429 1412 2490 malum
1433 2426 1850 2489 vehementius
1874 2427 2038 2486 incu-

394 2511 561 2587 buit;
594 2513 694 2576 ille
723 2516 966 2596 quidem
987 2518 1229 2598 jacebat
1260 2516 1642 2598 hydropicus,
1681 2525 2040 2579 extremam-

2118 1896 2273 1966 σῶμα
2335 1893 2502 1970 νάρκῃ
2534 1890 2750 1970 ληφθεὶς
2814 1891 2931 1961 (τοῦ
2984 1890 3115 1948 Θεοῦ
3167 1892 3228 1946 τὸ
3285 1887 3546 1956 πολὺτῆς
3603 1888 3764 1964 ρᾳθυ-

2118 1985 2242 2056 μίας
2289 1983 2672 2058 ἐγκύπτοντος,
2705 1982 2799 2038 καὶ
2853 1983 2952 2049 τὴν
2999 1981 3158 2040 αὒτοῡ
3201 1980 3384 2058 ψυχὴν
3416 1980 3545 2056 πρὸς
3590 1999 3766 2033 σπου-

2118 2071 2212 2138 δὴν
2264 2071 2652 2148 ἐπανάγοντος,
2687 2074 2770 2127 κατ
2803 2069 2888 2127 διὰ
2948 2073 3104 2128 τοῦτο
3143 2067 3498 2146 περιγενέσθαι
3556 2068 3712 2123 αὐτοῦ
3740 2079 3770 2108 ι

2119 2173 2241 2224 ταῖς
2288 2160 2346 2216 ἐκ
2393 2168 2484 2218 τοῦ
2527 2170 2764 2237 πονηροῦ
2821 2159 3112 2235 μεθοδείαις
3172 2159 3350 2238 βραχύ
3407 2181 3456 2213 τι
3493 2178 3764 2235 παραχω-

2120 2253 2408 2326 ρήσαντοςθ
2465 2251 2535 2316 ὡς
2591 2255 2652 2308 ὀύ
2704 2249 2892 2324 πολλῷ
2945 2249 3159 2328 ὕστερον
3217 2247 3448 2314 δηλώσει
3517 2247 3584 2302 τὰ
3627 2245 3767 2301 ἐπα-

2121 2341 2369 2419 γόμενα),
2441 2347 2517 2412 τῷ
2575 2339 2713 2413 οἴκῳ
2770 2339 3164 2413 ἀνακομίζεται.
3228 2341 3363 2395 Εἶτα
3421 2334 3770 2413 σφοδρότερον

2121 2438 2212 2486 τοῦ
2268 2438 2434 2487 κακοῦ
2506 2431 2972 2504 κατασκήψαντος
3035 2431 3061 2485 ὁ
3120 2430 3244 2507 μὲν,
3297 2426 3470 2483 ἔκειτο
3524 2423 3763 2500 ὑδεριῶν,

2121 2523 2208 2576 καὶ
2267 2521 2365 2586 τὴν
2395 2519 2636 2600 ἐσχάτην
2682 2519 2742 2575 ἐκ
2800 2524 2898 2586 τῆς
2957 2526 3060 2574 τῶν
3110 2518 3304 2595 ίατρῶν
3333 2516 3536 2596 τέχνης
3590 2511 3771 2570 λαϐὼν

398 2622 515 2684 que
543 2617 858 2686 acceperat
881 2627 950 2669 ex
971 2617 1099 2670 arte
1134 2607 1503 2671 medicorum
1538 2606 2036 2687 deplorationem;

2124 2608 2501 2686 ἀπαγόρευσιν
2563 2610 2609 2664 οἱ
2654 2610 3020 2687 προσήκοντες
3069 2606 3123 2663 δὲ
3181 2607 3337 2663 αὒτὸν
3380 2607 3468 2663 καὶ
3524 2608 3569 2662 οἱ
3627 2601 3770 2683 φίλοι

398 2692 606 2754 affines
628 2704 822 2758 autem
852 2706 913 2759 et
930 2697 1108 2759 amici
1136 2695 1664 2775 circumsidebant,
1687 2695 2036 2775 ultimasque

2126 2699 2533 2775 περιεκάθηντο,
2579 2699 2641 2755 τὸ
2689 2696 3001 2754 τελευταῖον
3058 2695 3300 2778 ἀφιέντες
3347 2694 3431 2752 ἐπ’
3485 2698 3626 2768 αὒτῴ
3676 2701 3771 2750 τοό

397 2784 789 2863 separationis
819 2786 1108 2867 lacrymas
1139 2796 1387 2865 propter
1418 2805 1552 2847 eum
1586 2784 1958 2846 emittebant.

2127 2797 2408 2868 xmptaiaoii
2435 2785 2655 2865 δάκρυον
2668 2837 2681 2850 ,

482 2871 615 2933 CLI.
653 2875 752 2936 Sic
784 2875 963 2954 igitur
992 2877 1342 2956 gravissime
1373 2876 1620 2936 affectus
1650 2874 2036 2954 ille.jamque

2202 2867 2370 2936 PNA'.
2435 2877 2616 2940 Οὕτως
2675 2878 2765 2933 οὖν
2833 2875 3098 2954 ϐαρύτατα
3171 2875 3316 2957 ἔλων
3386 2875 3618 2950 ἐκεῖνος,
3682 2875 3772 2930 καὶ

402 2962 588 3042 ipsam
629 2971 880 3026 mortem
916 2973 1294 3045 exspectans,
1331 2965 1419 3025 vix
1452 2963 1714 3024 diductis
1743 2964 1955 3036 oculis,
1981 2971 2036 3024 et

2124 2967 2289 3032 αὒτὴν
2337 2964 2439 3034 ἤδη
2470 2967 2568 3033 τὴν
2601 2965 2856 3033 τελευτὴν
2899 2964 3283 3046 ἐκδεχὸμενος,
3317 2965 3475 3040 μόλις
3506 2965 3594 3021 καὶ
3647 2963 3773 3019 ίὅσον

403 3068 519 3128 quo
550 3049 742 3110 solum
779 3053 958 3113 modo
992 3053 1133 3134 quid
1169 3053 1424 3114 obscure
1455 3051 1641 3113 videri
1679 3062 1880 3132 queat,
1915 3061 2036 3112 orat

2124 3053 2353 3134 ἀμυδρόν
2385 3077 2432 3111 τι
2481 3056 2646 3129 μόνον
2687 3055 2822 3112 ἰδεῖν
2849 3057 2910 3112 τὸ
2966 3055 3184 3134 βλέμμα
3212 3054 3417 3134 διάρας,
3445 3055 3617 3112 δεῖται
3663 3055 3772 3109 τῶν

403 3157 507 3199 eos
528 3139 628 3219 qui
655 3141 924 3215 aderant,
951 3151 1014 3203 ut
1038 3143 1338 3223 paululum
1363 3141 1721 3203 secederent
1747 3158 1759 3202 :
1792 3141 2036 3220 ipseque

2125 3144 2406 3221 παρόντων
2451 3145 2764 3225 ἐκχωρῆσαι
2822 3147 3034 3221 μικρόν·
3097 3151 3194 3203 καὶ
3249 3146 3407 3222 μόνος
3469 3147 3624 3207 αὖτὸς
3683 3143 3770 3199 ἐπ’

403 3229 566 3290 solus
593 3228 860 3304 relictus,
889 3241 945 3291 et
975 3233 1046 3293 ad
1078 3231 1363 3312 parietem
1391 3247 1740 3305 conversus,
1767 3230 1921 3291 sicut
1942 3231 2036 3292 ille

2129 3235 2372 3309 ἐρημίαις
2425 3233 2818 3312 καταλειφθεὶς,
2853 3236 2950 3292 καὶ
2995 3237 3125 3306 πρὸς
3155 3238 3244 3292 τὸν
3293 3250 3486 3316 τοῖχον
3518 3235 3772 3310 ἐπιστρα-

403 3337 653 3397 magnus
679 3317 964 3382 Ezechias
984 3322 1304 3402 aliquando
1331 3321 1415 3395 45,
1441 3319 1577 3380 talia
1598 3319 1655 3380 in
1685 3319 2046 3382 contritione

405 3407 604 3470 cordis
649 3418 736 3469 est
771 3419 1067 3490 precatus,
1104 3413 1262 3474 Deus
1292 3410 1601 3482 virtutum,
1661 3411 1762 3490 qui
1795 3407 1993 3470 dixisti
2030 3427 2043 3470 :

407 3497 559 3560 Cum
591 3516 868 3561 reversus
904 3503 1304 3579 ingemueris,
1344 3508 1485 3563 tunc
1536 3503 1746 3562 salvus
1793 3505 1914 3561 eris
1944 3500 2043 3569 46;

411 3587 542 3668 ipse
571 3589 808 3667 respice
842 3608 1025 3669 super
1058 3609 1176 3662 me,
1209 3597 1266 3650 et
1300 3589 1372 3650 ab
1404 3590 1538 3663 hac,
1589 3608 1720 3669 qua:
1750 3606 1844 3649 me
1876 3607 2043 3648 com-

409 3677 633 3758 primit,
688 3681 1046 3742 necessitate
1079 3689 1137 3740 et
1166 3679 1500 3742 calamitate
1556 3679 1745 3759 eripe.
1808 3680 2047 3740 Interea

401 3776 774 3843 autem,cum
801 3768 861 3829 in
886 3778 1148 3830 mentem
1177 3769 1234 3831 ei
1256 3769 1539 3843 venisset,
1569 3785 1843 3847 magnum
1870 3769 2043 3828 etiam

408 3855 657 3918 vocabat
683 3855 1062 3940 Euthymium
1100 3859 1385 3920 adversus
1408 3858 1709 3935 morbum,
1733 3857 2048 3937 virumque

402 3945 526 4009 Deo
577 3947 868 4009 offerebat
918 3949 1405 4024 intercessorem,
1466 3957 1645 4028 atque
1700 3964 1806 4026 per
1848 3947 2042 4027 ipsum

403 4034 648 4114 rogabat
676 4045 739 4098 ut
767 4037 1148 4101 liberaretur.

491 4123 656 4186 CLII.
716 4124 924 4188 Postea
977 4127 1066 4189 vel
1100 4127 1159 4188 in
1194 4127 1408 4190 ecstasi
1458 4127 1833 4204 constitutus,
1889 4128 2050 4190 videt

410 4213 731 4294 quemdam
754 4217 974 4276 vestitu
1000 4215 1536 4296 monachum,pilis
1558 4218 2047 4290 canum,adstan-

410 4311 528 4363 tem
553 4310 611 4363 et
633 4301 932 4365 dicentem
960 4325 975 4366 :
1009 4305 1164 4378 Quid
1190 4312 1274 4367 vis
1298 4305 1404 4366 tibi
1428 4305 1638 4368 faciam
1657 4313 1684 4368 ?
1706 4305 1773 4367 Et
1796 4307 1896 4368 ille
1917 4308 2050 4387 qui-

411 4391 576 4468 dem,
604 4403 791 4468 metu,
815 4394 1029 4475 inquit,
1048 4403 1107 4456 et
1127 4395 1340 4475 gaudio
1365 4395 1610 4469 divisus,
1638 4395 2043 4474 interrogavit:

410 4479 554 4552 Quis
586 4489 650 4542 tu
683 4501 770 4559 es,
820 4484 1098 4545 domine?
1149 4484 1480 4565 Respondit
1529 4486 1625 4547 is:
1671 4485 2042 4566 Euthymius,

408 4588 588 4652 quem
623 4571 752 4652 ipse
783 4576 962 4636 modo
993 4573 1266 4638 vocabas.
1299 4578 1506 4656 Neque
1536 4575 1609 4637 ad
1639 4593 1836 4638 meum
1870 4593 2047 4656 δερο-

409 4667 568 4720 ctum
616 4663 938 4742 quidquam
989 4665 1389 4740 extimescas;
1439 4665 1545 4726 sed
1577 4665 1834 4737 videam,
1896 4665 2046 4739 iniit,

409 4749 556 4832 quid
589 4750 858 4830 patiaris,
892 4762 950 4814 et
979 4772 1250 4831 quasnam
1277 4755 1548 4835 corporis
1581 4755 1662 4817 tui
1699 4773 1833 4833 pars
1863 4773 2048 4816 occu-

411 4847 587 4921 petur
603 4841 1238 4925 calamitate.Cumque
1253 4844 1353 4905 ille
1373 4852 1638 4906 ventrem
1665 4843 2047 4921 ostendisset,

408 4930 541 5012 ipse
562 4934 906 5013 conjunctis
929 4935 1130 5014 digitis
1155 4934 1279 4996 suis
1302 4943 1461 4996 recta
1477 4981 1494 5006 ,
1516 4935 1709 5015 iisque
1742 4952 1883 4995 usus
1915 4942 2053 4994 tan-

411 5039 586 5103 quam
618 5022 840 5104 gladio,
874 5024 1094 5088 scindit
1125 5024 1416 5086 tumidum
1443 5023 1587 5087 illud
1618 5023 1865 5098 ventris,
1888 5041 2050 5084 mor—

491 5185 663 5248 951V
695 5187 842 5266 Reg.
879 5203 979 5266 xx,
1012 5185 1074 5248 2.
1160 5184 1222 5236 46
1250 5184 1342 5247 Isa
1361 5201 1503 5266 xxx,
1539 5183 1637 5247 45.

2128 3326 2266 3403 φεὶς,
2302 3325 2536 3400 καθάπερ
2596 3323 2838 3396 Ἐζεκίας
2891 3325 3098 3388 ἐκεῖνος
3159 3327 3186 3381 ὁ
3242 3325 3410 3402 μέγας
3469 3323 3624 3401 ποτὲ,
3655 3344 3773 3379 τοι·

2132 3421 2261 3470 αὐτα
2291 3413 2345 3470 ἐν
2397 3412 2644 3492 συντριϐῇ
2697 3413 2910 3492 καρδίας
2965 3416 3331 3496 προσηύχετο⁶
3389 3406 3445 3473 Ὀ
3498 3415 3627 3478 Θεὸς
3670 3418 3774 3467 τῶν

2131 3501 2431 3578 δυνάμεων,
2502 3505 2529 3559 ὁ
2596 3505 2782 3583 εἰπὼν,
2838 3504 3007 3562 ’Ὀταν
3068 3505 3422 3584 ἀποστραφεὶς
3494 3502 3770 3579 στενάξῃς,

2129 3593 2249 3649 τότε
2321 3595 2565 3672 σωθήσῃ,
2624 3595 2780 3657 αὐτὸς
2843 3591 3131 3670 ἐπίϐλεψον
3193 3595 3276 3652 ἐπ’
3353 3594 3471 3671 ἐμὲ,
3529 3595 3618 3650 καὶ
3671 3597 3773 3659 τῆς

2133 3690 2461 3762 συνεχούσης
2523 3704 2590 3756 με
2651 3683 2846 3758 ταύτης
2907 3683 3145 3760 ἀνάγκης
3204 3684 3299 3740 καὶ
3348 3689 3446 3750 τῆς
3501 3688 3774 3760 συμφορᾶς

2130 3771 2328 3837 ἐξελοῦ.
2387 3770 2476 3830 Ἐν
2532 3773 2769 3847 τοσούτῳ
2814 3773 2903 3847 δὲ,
2967 3775 3039 3838 εἰς
3087 3781 3208 3831 νοῦν
3265 3776 3407 3848 αότῷ
3462 3771 3696 3830 ἐπελθὼν
3727 3770 3777 3842 δ,

2129 3864 2217 3918 καὶ
2272 3863 2364 3918 τὸν
2411 3861 2582 3939 μέγαν
2634 3863 2893 3937 Εὐθύμιον
2965 3862 3142 3920 ἐκάλει
3211 3865 3348 3920 κατὰ
3406 3871 3496 3921 τοῦ
3553 3864 3774 3935 πάθους,

2130 3953 2218 4008 καὶ
2263 3954 2489 4026 μεσίτην
2538 3956 2778 4029 προσῆγε
2825 3954 2914 4009 τὸν
2977 3951 3137 4032 ἄνδρα
3187 3954 3324 4033 Θεῷ,
3369 3956 3455 4010 καὶ
3504 3951 3572 4009 δι’
3620 3952 3782 4011 αύτοῦ

2130 4043 2229 4108 τὴν
2259 4040 2581 4120 ἀπαλλαγὴν
2611 4042 2839 4121 ηὔχετο.

2211 4131 2378 4193 ΡΝΒ’.
2415 4135 2548 4188 Εἶτα
2579 4133 2759 4208 ὠσπερ
2802 4131 2854 4188 ἐν
2893 4131 3137 4189 ἐκστάσει
3181 4135 3492 4209 γενόμενος,
3524 4134 3621 4204 δρᾷ
3660 4154 3780 4188 τινα

2131 4224 2230 4287 τὴν
2273 4220 2470 4288 στολὴν
2529 4222 2795 4300 μοναχὸν,
2858 4222 2958 4290 τὴν
3003 4223 3163 4300 τρίχα
3217 4222 3426 4295 λευκὸν,
3463 4223 3778 4294 ἐπιστάντα,

2133 4311 2242 4390 καὶ,
2274 4310 2334 4367 Τί
2362 4308 2539 4385 βούλει
2584 4312 2798 4380 ποιήσω
2827 4330 2952 4388 σοι;
2985 4309 3234 4388 λέγοντα.
3272 4314 3368 4370 Καὶ
3401 4315 3428 4367 ὁ
3489 4312 3610 4390 μὲν,
3644 4310 3778 4386 δέει,

2131 4400 2290 4476 φησῖ,
2323 4400 2412 4455 καὶ
2474 4397 2633 4475 ἡδονῇ
2683 4401 2968 4478 μερισὸὲις,
3005 4400 3090 4463 Τίς
3128 4399 3229 4477 ἔρα
3269 4401 3332 4456 σὺ
3385 4405 3462 4476 εἴ,
3493 4399 3727 4458 δέσπότα
3765 4420 3782 4473 ;

2132 4487 2314 4565 ἤρετο.
2371 4490 2468 4548 Καὶ
2523 4489 2602 4568 ὃς,
2656 4489 2934 4565 Εύθύμιος,
2986 4489 3110 4568 ἔφη,
3171 4491 3229 4546 ὃν
3273 4489 3508 4571 ἔναγχος
3569 4489 3782 4556 ἐκάλεις

2135 4579 2311 4643 αὐτὸς.
2367 4580 2462 4636 Καὶ
2513 4600 2615 4654 μου
2657 4581 2789 4656 πρὸς
2837 4579 2930 4648 τὴν
2989 4580 3112 4654 ὄψιν
3166 4579 3334 4653 μηδὲν
3369 4579 3778 4658 ἀποδειλιάσηςο

2133 4665 2254 4723 ἀλλ’
2295 4665 2417 4741 ἴδω,
2453 4669 2635 4748 φησὶν,
2670 4669 2698 4723 ὅ
2748 4691 2799 4724 τι
2841 4670 3098 4748 πάσχεις,
3131 4671 3217 4726 καὶ
3247 4672 3297 4726 τί
3342 4692 3423 4728 σοι
3454 4678 3546 4728 τοῦ
3584 4670 3777 4746 σώμαο

2134 4779 2221 4822 τος
2267 4757 2530 4836 κέχρηται
2591 4764 2854 4838 συμφορᾷ,
2915 4765 3016 4816 Τοῦ
3073 4757 3152 4838 δὲ,
3209 4759 3308 4826 τὴν
3377 4758 3583 4817 κοιλίαν
3638 4762 3780 4815 ὑπο-

2134 4845 2418 4919 δείξαντος,
2454 4845 2697 4918 συζεύξας
2755 4850 2878 4915 τοὺς
2931 4847 3217 4913 δακτύλους
3264 4850 3417 4914 αὐτὸς
3468 4851 3543 4914 εἰς
3600 4850 3776 4929 ὀρθὸν,

2134 4937 2224 4992 καὶ
2280 4937 2484 4993 τούτοις
2516 4938 2612 4994 οἶα
2671 4935 2736 5005 δὴ
2768 4940 2855 4995 καὶ
2910 4937 3042 5016 ξίφει
3095 4939 3464 5018 χρησάμενος,
3495 4939 3674 5014 τέμνει
3716 4941 3781 4996 τὸ

2137 5021 2391 5098 διῳδηκος
2448 5031 2547 5092 τῆς
2579 5029 2804 5105 γαστρὸς
2862 5027 3059 5102 ἐκεῖνο,
3093 5028 3181 5086 καὶ
3236 5029 3298 5084 τὸ
3333 5028 3493 5094 πάθος
3552 5027 3780 5105 ἐκκρίνει

1735 5290 1988 5358 νΛΒΙΔΕ
2027 5288 2461 5358 LECTIONES.

1637 5451 1848 5519 JOAN.
1886 5453 2256 5520 BOLLANDI
2298 5451 2546 5519 ΝΟΤιΕ.

497 5387 520 5416 ⁸
551 5373 630 5436 al.
668 5377 845 5438 αὐτόν.
933 5376 960 5418 δ
987 5375 1067 5437 al.
1111 5373 1352 5434 ἐπελθόν.

488 5576 599 5648 (93)
640 5577 726 5636 An
779 5575 1094 5643 Thabatba,
1138 5591 1240 5636 seu
1281 5575 1607 5642 Thabacha,
1663 5585 1760 5634 aut
1807 5576 2042 5648 Tabasa,

407 5647 591 5721 patria
621 5649 674 5707 S.
705 5648 1043 5721 Hilarionis,
1073 5649 1234 5709 vicus
1263 5650 1497 5708 circiter
1528 5650 1789 5724 quinque
1807 5647 1989 5707 millia
2013 5664 2042 5706 a

2129 5573 2578 5706 gngcpggtamr
2607 5575 2676 5633 de
2726 5588 2847 5651 quo
2875 5573 2936 5637 S.
2989 5573 3370 5648 Hieronymus
3401 5575 3460 5635 in
3508 5576 3634 5648 ejus
3669 5575 3781 5638 vita
