4104 6198
327 319 440 388 725

1632 324 1817 387 VITA
1866 324 1926 384 S.
1974 325 2389 388 EUTHYMII.

3580 321 3696 387 726

324 463 408 518 καὶ
452 458 659 542 διαχέαι
696 479 708 492 ·
757 457 930 538 ἐξάγει
963 439 1026 516 τε.
1047 460 1143 528 τῆς
1174 461 1402 540 γαστρος
1446 459 1602 515 οἱονεὶ
1649 458 1870 516 πέταλόν
1911 479 1960 514 τι

2070 458 2371 538 iidumque
2405 461 2717 522 humorem
2743 457 3010 520 excernit
3041 469 3097 518 et
3122 454 3430 538 diffundit;
3456 475 3691 522 necnon

327 551 633 626 κατιττέρου
673 559 697 592 θ
733 549 1127 629 πεποιημένον,
1189 558 1539 630 χαρακτῆρας
1590 547 1719 628 ἔχον
1791 549 1960 621 τινὰς,

393 643 410 664 \
532 649 552 658 -ν
666 641 686 697 ἒ
732 642 746 660 ι
793 663 822 676 _
938 638 989 678 ,εγ
1227 662 1245 675 ,
1281 641 1293 662 ‹
1356 639 1367 661 ι
1413 640 1436 662 ὀ
1597 640 1616 678 ρ
1670 639 1696 651 ο

322 664 411 698 και
465 663 623 698 τουτο
693 664 749 699 πι
803 663 1060 720 .ραπτ.,ης
1104 643 1246 706 me,
1277 664 1349 697 υπ
1403 644 1527 714 οψιν
1561 661 1703 713 amp
1732 639 1962 706 τίθησιν.

2050 565 2118 608 ex
2142 559 2345 610 ventre
2359 549 2559 610 educit
2583 549 2763 608 veluti
2782 546 3061 608 laminam
3088 547 3406 627 quamdam
3428 565 3460 609 ο
3482 556 3694 610 stanno

2049 637 2286 712 factam,
2322 639 2699 700 characteres
2729 638 3016 718 quosdam
3052 635 3400 716 habentem,
3439 655 3697 721 eamque
3779 643 3786 652 “

323 732 549 790 Ἔπειτα
605 734 694 787 καὶ
753 731 854 798 τὴν
894 734 1068 805 τομὴν
1114 738 1182 808 τῇ
1241 731 1384 810 χειρὶ
1432 730 1665 804 συνάψας
1709 730 1796 785 καὶ
1854 729 1966 784 ἁπ-

2075 746 2110 788 η
2141 746 2344 788 mensa
2370 727 2608 808 Subjicit
2639 729 2768 807 ejus
2792 727 3000 789 oculis.
3035 725 3267 787 Deinde
3309 745 3445 787 cum
3471 730 3698 791 scissu-

323 821 570 898 αλείψας,
619 819 865 899 ἀκέραιόν
923 841 978 877 τε
1032 822 1094 876 τὸ
1163 819 1323 897 μέρος
1369 819 1457 875 καὶ
1517 819 1660 896 ὑγιὲς
1721 817 1965 892 θέμενος,

323 910 466 966 ἅπαν
521 910 644 977 ἑξῆς
704 911 846 984 αὒτῴ
888 908 1177 988 καταλέγει
1220 910 1282 965 τὸ
1315 907 1487 987 δρᾶμα
1525 923 1538 936 ⁸
1583 908 1682 973 τῆν
1732 912 1830 974 τῆς
1874 910 1967 964 0-3-

323 1001 440 1065 σίας
498 999 815 1078 βασκανίαν,
870 1003 968 1066 τὴν
1019 1006 1111 1056 τοῦ
1170 999 1367 1077 γόητος
1424 999 1705 1071 μίσθωσιν,
1739 998 1972 1064 τὴντῶν

323 1088 591 1162 δαιμόνων
648 1088 954 1156 ἐπίκλησιν,
1025 1089 1133 1146 Οὔκ
1190 1087 1250 1144 ἂν
1287 1086 1364 1166 ⁴δέ
1412 1109 1494 1144 σοι
1524 1086 1574 1161 ά,
1625 1091 1808 1166 φησὶν,
1857 1084 1972 1145 οὐδὲ

326 1179 495 1243 οὕτως
553 1181 606 1235 αἱ
649 1187 741 1236 τοῦ
785 1178 979 1258 ἐχθροῦ
1014 1178 1381 1256 περιεγίνοντο
1425 1195 1450 1224 ο
1485 1177 1758 1256 μηχαναὶ,
1807 1178 1851 1232 εί
1895 1176 1974 1250 μῆ

325 1270 486 1334 αὒτὸς
541 1270 684 1343 αὒτῷ
726 1269 816 1333 τὰς
857 1267 1020 1334 λαϐὰς
1078 1265 1373 1346 παρέσχες,
1421 1265 1554 1324 Ἰδοὺ
1615 1267 1714 1344 γὰρ
1766 1265 1889 1323 ὅσος
1949 1267 1975 1321 ὃ

327 1358 524 1436 μεταξὺ
583 1359 805 1438 χρόνος,
849 1361 936 1414 καὶ
997 1357 1116 1414 οὕτε
1183 1357 1258 1420 είς
1311 1354 1634 1423 Ἐκκλησίαν
1679 1355 1842 1434 ἔγνως
1872 1378 1978 1412 πα·

327 1447 607 1528 ραϐαλιτν,
641 1448 759 1505 οὕτε
790 1449 882 1510 τὰς
920 1447 1210 1526 ἄχραντοις
1262 1445 1583 1524 προσελθεῖν
1636 1447 1973 1522 μυστηρίοιςυ

326 1540 447 1597 ἀλλ’
491 1539 707 1614 ἀμελῶς
737 1538 860 1610 ἔζης
892 1540 980 1594 καὶ
1012 1538 1343 1614 ἀμερίμνως,
1377 1539 1500 1615 τόγε
1534 1539 1606 1601 εἷς
1641 1538 1740 1604 τῆν
1789 1537 1975 1617 ψυχὴν

327 1634 462 1699 ἧκον
516 1631 617 1696 τὴν
660 1627 779 1695 σήν.
842 1626 992 1685 Ἐπεὶ
1054 1628 1225 1683 τοίνυν
1279 1625 1426 1682 ἔλεόν
1475 1649 1568 1684 σου
1613 1626 1908 1691 πεποίηκε’
1949 1629 1975 1682 ὁ

331 1722 484 1794 Θεὸς,
549 1726 640 1776 τοῦ
669 1718 861 1775 λοιποῦ
894 1718 1132 1796 πρόσεχε
1179 1723 1407 1790 σεαυτῷ,
1441 1716 1534 1772 καί
1569 1715 1762 1791 μηκέτι
1795 1715 1976 1792 μηδα-

330 1813 447 1888 μώς
476 1807 666 1885 ἀμέλει
697 1809 796 1875 τῆς
831 1807 1018 1863 ἑαυτοῦ
1051 1806 1343 1888 σωτηρίας.

415 1899 578 1959 PNI".
641 1905 816 1956 Ταῦτα
860 1897 974 1953 ἐπεὶ
1034 1897 1125 1952 τὸν
1187 1887 1459 1971 Ῥωμανὸν
1513 1895 1732 1952 ἀκοῦσαι
1774 1893 1812 1974 ί,
1857 1893 1977 1950 δια-

2055 835 2176 878 ram
2202 836 2374 878 manu
2399 822 2982 893 conjunxissetatque
3004 820 3700 893 inunxissﬂmartemque

2056 904 2353 966 effecisset
2386 905 2746 967 incolumem
2771 915 2827 965 et
2852 922 3078 978 sanam,
3115 903 3402 983 deinceps
3424 905 3475 964 ei
3510 913 3694 967 totum

2056 1003 2248 1056 actum
2285 995 2495 1068 refert;
2531 1015 2706 1077 opum
2734 994 3040 1067 invidiam,
3070 992 3323 1054 malefici
3348 991 3700 1053 conductin-

2059 1103 2195 1146 nem
2211 1085 2566 1159 ,dzemonum
2590 1082 3134 1146 invocationem.Te
3148 1089 3346 1144 autem
3375 1101 3448 1144 ne
3469 1082 3554 1144 sic
3568 1083 3698 1160 qui-

2059 1175 2219 1254 dem,
2258 1175 2764 1252 inquit,vicissent
2785 1175 2970 1237 hostis
2994 1172 3613 1246 machinationes,nisi
3641 1173 3698 1236 ei

2059 1265 2186 1345 ipse
2204 1283 2275 1326 an
2317 1284 2408 1326 am
2433 1265 2979 1348 przebuisses.Ecce
3005 1261 3482 1342 enim,quantum
3506 1263 3698 1324 inter-

2058 1354 2288 1435 lapsum
2315 1365 2404 1417 est
2436 1367 2689 1436 tempus,
2725 1366 2782 1416 ιι
2813 1373 3004 1434 neque
3036 1352 3107 1412 ad
3144 1351 3461 1413 ecclesiam
3493 1352 3698 1414 venire

2060 1445 2311 1522 curasti,
2339 1464 2449 1506 nec
2475 1447 2542 1507 ad
2578 1446 2933 1507 intemerata
2964 1441 3256 1504 accedere
3287 1451 3693 1502 sacramenta:

2061 1536 2162 1596 sed
2198 1534 2390 1595 vixisti
2423 1536 2552 1596 sine
2585 1555 2727 1597 cura
2761 1544 2817 1596 et
2847 1531 3274 1604 sollicitudine,
3302 1540 3591 1610 quantum
3625 1530 3698 1592 ad

2062 1632 2220 1685 tuam
2249 1625 2506 1705 pertinet
2527 1627 2808 1687 animam.
2837 1623 3132 1697 Quoniam
3155 1640 3296 1700 ergo
3319 1621 3478 1682 Deus
3503 1630 3557 1682 te
3580 1621 3697 1682 mi-

2061 1725 2294 1776 seratus
2327 1715 2519 1788 est,de
2552 1715 2783 1795 reliquo
2818 1712 3054 1776 attende
3079 1711 3182 1773 tibi
3215 1711 3351 1790 ipsi,
3380 1718 3438 1771 et
3469 1729 3544 1773 ne
3575 1729 3701 1774 am-

2001 1822 2036 1874 a
2062 1807 2212 1887 ptius
2246 1805 2540 1868 ullatenus
2573 1816 2732 1866 tuam
2770 1804 3019 1865 salutem
3055 1801 3344 1881 negligas.

2145 1894 2336 1958 CLlll.
2372 1895 2508 1956 Hac
2569 1894 2667 1956 ubi
2721 1893 3005 1954 audiisset
3052 1891 3377 1964 Romanus,
3413 1901 3475 1952 et
3504 1891 3700 1952 statim

330 1991 585 2058 ναστῆναί
639 2011 699 2046 τε
753 1989 826 2052 ὼς
891 1988 1054 2067 εἶχεν
1109 1987 1257 2050 εὐθὺς
1308 1987 1452 2063 ὃγιᾶ,
1509 1994 1600 2042 τοῦ
1644 1986 1809 2064 ὄγκου
1838 1989 1980 2060 αὖτῷ

2070 1994 2236 2066 prout
2297 1995 2445 2063 erat,
2509 1983 2766 2046 surrexit
2829 2001 3031 2050 sanus.
3088 1990 3324 2042 tumore
3373 1980 3523 2041 uteri
3577 1980 3700 2059 jam

331 2079 438 2149 ἤδη
495 2087 589 2137 τοῦ
647 2079 765 2158 περὶ
850 2077 950 2143 τὴν
1038 2074 1274 2153 γαστέρα
1329 2074 1766 2139 διαπνευσθέντος
1803 2091 1816 2105 ⁶
1892 2076 1980 2132 καὶ

331 2169 732 2250 συγκαλέσαντα
824 2168 946 2232 τοὺς
1032 2163 1394 2241 ἐπιτηδείους,
1497 2167 1594 2233 τὴν
1667 2165 1978 2222 ἐπιστασίαν

333 2263 517 2324 αδτοϊς
572 2262 667 2316 τοῦ
721 2259 896 2336 ἁγίου,
944 2258 1032 2313 καὶ
1060 2256 1158 2323 τῆν
1188 2253 1343 2322 ξένην
1371 2255 1582 2322 ἐκείνην
1627 2253 1711 2311 διὰ
1743 2257 1846 2311 τῶν
1877 2253 1976 2311 δα-

333 2349 543 2408 κτύλων
589 2349 784 2423 τομὴν,
844 2348 933 2403 καὶ
992 2352 1169 2402 πᾶσαν
1215 2345 1398 2409 ἅπλῶς
1449 2343 1780 2422 ἀπαγγεῖλαι
1821 2356 1852 2399 ε
1879 2346 1978 2409 τὴν

335 2442 460 2516 ὄψιν
492 2460 505 2474 ·
559 2438 744 2495 ’έπειτα
789 2437 843 2493 δὲ
873 2438 964 2494 καὶ
994 2437 1068 2498 εἷς
1112 2437 1256 2510 ἡμᾶς
1307 2431 1580 2506 διαϐῆναι,
1634 2435 1730 2490 καί
1787 2439 1864 2506 τῷ
1921 2455 1976 2489 τε

334 2533 634 2610 προεστῶτι
678 2533 775 2596 τῆς
810 2531 981 2604 μονῆς
1013 2532 1177 2582 ταυτα
1208 2524 1305 2580 καί
1330 2520 1606 2602 Ἀχθαϐίῳ
1662 2525 1738 2598 τῷ
1769 2522 1980 2601 ἀδελφῷ

338 2623 427 2678 καὶ
483 2625 644 2676 πᾶσιν
690 2621 829 2692 ἡμῖν
890 2615 1280 2694 διηγήσασθαι,
1333 2612 1442 2678 Τῆν
1481 2611 1658 2688 μέντοι
1691 2619 1789 2680 τῆς
1845 2612 1974 2669 θέο)-

337 2710 659 2788 ματουργίας
725 2707 949 2786 ἡμέραν,
986 2705 1175 2783 ἐορτῆν
1204 2701 1299 2760 καί
1333 2703 1406 2767 εἷς
1449 2701 1570 2758 τόδε
1631 2704 1830 2784 χρόνου
1882 2704 1980 2772 τὴν

338 2801 600 2878 μεγίστην
637 2811 899 2877 ποιεῖται,
961 2801 1046 2851 καὶ
1089 2793 1157 2849 δι’
1218 2791 1368 2856 ἔτους
1413 2791 1730 2849 ἀποδίδωσιν
1776 2792 1852 2849 ’έτι
1903 2800 1980 2868 τῷ

338 2891 474 2970 ἁγίῳ
519 2889 911 2970 τὰς-χάριτας.
960 2883 1126 2941 Ἀλλὰ
1156 2891 1312 2941 τοῦτο
1347 2883 1446 2957 μὲν
1475 2880 1540 2950 δῆ
1574 2886 1836 2942 τοιοῦτον.

420 2968 595 3042 ΡΝΔ’,
623 2963 700 3036 “Qv
723 2963 777 3033 δέ
809 2998 900 3050 μοι
931 2974 1108 3053 λέγειν
1141 2972 1258 3040 ἑξῆς
1305 2975 1332 3028 ὁ
1373 2971 1534 3050 λόγος
1575 2973 1848 3053 ὥρμηται,
1889 2972 1977 3029 δέ..

340 3069 493 3126 δοικα
525 3068 603 3143 μὴ
633 3069 720 3124 καὶ
751 3065 974 3124 ἄπιστον
1019 3061 1183 3129 δόξειε
1212 3075 1332 3126 τοῖς
1365 3060 1616 3136 πολλοῖς,
1673 3064 1755 3118 καὶ
1789 3062 1982 3130 ἥκιστα

2067 2077 2440 2156 perspirato;
2501 2083 2559 2136 et
2616 2074 2954 2136 convocatis
3005 2071 3126 2132 suis
3170 2069 3550 2142 necessariis,
3615 2069 3704 2130 eis

2066 2165 2259 2228 sancti
2313 2164 2652 2238 adventum,
2716 2166 3048 2242 miramque
3106 2159 3266 2220 illam
3324 2177 3434 2239 per
3481 2157 3702 2237 digitos

2061 2256 2416 2334 sectionem,
2453 2261 2511 2316 et
2569 2262 2747 2315 totam
2807 2252 3076 2313 absolute
3128 2249 3490 2311 renuntiavit
3518 2249 3705 2311 visio-

2063 2363 2225 2407 nem.
2255 2344 2482 2406 Deinde
2518 2363 2657 2406 vero
2690 2344 2761 2404 ad
2797 2362 2906 2404 nos
2937 2359 3176 2422 quoque
3238 2341 3494 2411 transiit,
3542 2341 3705 2400 lusc-

2061 2454 2176 2516 que
2192 2440 2448 2496 narravit
2479 2443 2600 2494 tum
2626 2433 2901 2512 praefecto
2922 2430 3420 2501 monasterii,tum
3447 2428 3705 2490 Achtha-

2063 2525 2162 2588 bio
2192 2523 2379 2599 fratri,
2420 2533 2540 2584 tum
2577 2523 2748 2583 nubis
2781 2519 3082 2582 omnibus.
3120 2518 3321 2598 Itaque
3369 2519 3526 2579 diem
3561 2519 3705 2581 editi

2066 2613 2360 2687 miraculi,
2420 2613 2740 2673 maximum
2793 2611 3102 2688 hucusque
3157 2608 3370 2668 festum
3429 2607 3591 2682 facit,
3648 2618 3706 2670 et

2061 2703 2380 2786 quotannis
2410 2702 2604 2764 adhuc
2631 2709 2838 2763 sancto
2870 2698 2992 2778 agit
3020 2697 3258 2777 gratias.
3294 2695 3410 2760 Sed
3439 2697 3552 2759 hoc
3578 2701 3706 2779 qui-

2063 2795 2198 2857 dem
2232 2801 2322 2855 est
2352 2791 2714 2870 hujusmodi.

2143 2969 2334 3035 CLIV.
2366 2969 2536 3042 Quod
2571 2977 2764 3031 autem
2809 2969 2932 3049 jam
2965 2967 3171 3029 dicere
3203 2966 3544 3046 aggreditur
3575 2985 3708 3029 mea

2065 3061 2506 3134 oratio,vereor
2535 3078 2611 3122 ne
2633 3058 2903 3120 videatur
2926 3057 3127 3119 multis
3145 3055 3524 3132 incredibile,
3560 3057 3706 3118 viri-

336 3166 417 3233 τῷ
443 3164 534 3214 τοῦ
572 3155 756 3236 ἀνδρὸς
790 3154 904 3223 ἤθει
938 3155 1026 3210 καὶ
1053 3159 1122 3228 τῆ
1150 3151 1490 3232 χρηστότητι
1521 3153 1698 3215 ἐοικός
1737 3171 1750 3186 ·
1783 3154 1980 3209 τοσαύ-

2070 3171 2183 3234 que
2217 3150 2483 3212 monibus
2541 3158 2598 3210 et
2648 3147 2998 3227 benignitati
3055 3147 3298 3208 minime
3329 3165 3704 3226 congruum;

335 3271 439 3316 την
479 3247 786 3326 θερμότητα
843 3248 980 3300 κατὰ
1049 3245 1154 3298 τῶν
1203 3239 1636 3319 ψευδορκούντων
1679 3244 1767 3299 καὶ
1817 3243 1981 3314 ζῆλον

341 3335 536 3416 ἀκριϐῆ
595 3339 940 3410 παρίστησιν.
1004 3332 1162 3389 ’Ἐστι
1223 3334 1324 3409 γαρ
1381 3353 1461 3392 τις
1515 3333 1645 3409 πρὸς
1693 3334 1984 3412 ἀνίσχοντα

337 3425 494 3493 ἥλιον
550 3425 712 3498 κώμη
757 3423 851 3490 τῆς
885 3421 1081 3493 Ααύρας
1114 3422 1306 3496 Φαρῶν
1335 3417 1384 3491 δ,
1432 3417 1558 3474 δέκα
1607 3417 1838 3483 σταδίοις
1873 3419 1983 3475 ὰπ-

342 3515 571 3594 έχουσα,
629 3511 806 3589 Φαρσὶν
867 3512 1065 3586 ὁμοίως
1135 3510 1221 3565 καὶ
1299 3508 1434 3574 αὕτη
1508 3507 1813 3582 καλουμένη
1849 3528 1864 3544 ο
1926 3509 1986 3564 οὗ

342 3599 745 3677 μεταλαϐοῦσα,
802 3601 986 3675 οἶμαι,
1049 3599 1143 3665 τῆς
1190 3598 1518 3677 ἐπωνυμίας,
1551 3597 1670 3654 ἀλλ’
1725 3599 1860 3664 αὕτη
1917 3598 1983 3665 τῆ

341 3692 509 3771 λαύρα
568 3690 867 3767 μεταδοῦσα
913 3687 1142 3764 μᾶλλον,
1195 3685 1358 3762 Ἀνὴρ
1398 3684 1452 3742 δέ
1503 3709 1582 3748 τις
1644 3685 1810 3762 ὄνομα
1873 3697 1981 3744 Κυ-

342 3784 522 3860 ριακὸς
582 3781 641 3837 ἐκ
697 3783 894 3846 ταύτης
976 3779 1316 3854 ὁρμώμενος,
1399 3777 1720 3851 θρεμμάτων
1780 3777 1982 3851 ποιμὴν

339 3873 406 3939 ἦν
441 3888 456 3903 ·
517 3872 606 3926 καὶ
647 3872 710 3926 τὸ
742 3869 985 3944 ποίμνιον
1029 3867 1129 3923 ἀνα
1164 3868 1257 3931 τὰς
1289 3866 1520 3942 ἐρήμους
1550 3865 1725 3940 νέμων
1755 3865 1981 3938 ὲκείνας,

341 3962 649 4018 πιστευεται
703 3959 844 4037 παρά
901 3979 1044 4017 τινος
1077 3961 1173 4022 τῆς
1201 3955 1357 4023 αὑτῆς
1399 3956 1722 4032 ὡρμημένου
1765 3956 1981 4032 κώμης,

343 4051 576 4118 πένητος
634 4051 723 4104 καὶ
807 4049 986 4118 αὑτοῦ,
1051 4044 1176 4102 δέκα
1233 4047 1325 4102 τὸν
1393 4044 1614 4122 ἀριθμὸν
1687 4045 1773 4100 καὶ
1833 4043 1986 4120 ἕτερα

346 4139 649 4218 θρέμματα,
681 4137 820 4195 ὥστε
877 4139 964 4193 καὶ
1023 4135 1152 4191 αὐτὰ
1183 4149 1301 4200 τοῖς
1332 4133 1519 4190 ἐαυτοῦ
1551 4135 1982 4210 συμποιμαίνειν,

349 4230 550 4307 Χρόνου
609 4226 662 4284 δὲ
696 4227 892 4302 μεταξὺ
923 4225 1324 4304 διαγενομένου,
1380 4225 1694 4304 κατειλήφει
1755 4225 1850 4298 μέν
1905 4247 1986 4288 τις

348 4321 711 4397 ἀπαραίτητος
771 4319 862 4374 τὸν
922 4317 1129 4383 πένητα
1189 4317 1366 4395 χρεία.
1439 4315 1534 4372 Καὶ
1593 4315 1748 4388 ὁμὲν
1780 4313 1988 4377 οὒδενὸς

347 4408 586 4486 εὐπορῶν
629 4407 834 4485 ἑτέρου,
867 4408 998 4485 πρὸς
1030 4405 1091 4461 τό
1129 4406 1306 4484 βραχὺ
1337 4405 1583 4476 ποίμνιον
1614 4405 1759 4468 εὒθὺς
1820 4405 1988 4460 ἀπετ-

348 4497 428 4571 δε,
487 4497 584 4556 καί
648 4497 897 4564 πωλῆσαι
948 4498 1036 4553 καὶ
1079 4497 1207 4554 αὑτὸ
1247 4492 1331 4549 διὰ
1374 4496 1434 4549 τὸ
1477 4499 1574 4559 τῆς
1607 4494 1792 4572 χρείας
1823 4494 1990 4571 ἀναγ-

350 4602 508 4646 καῖον
569 4589 845 4665 ἠπείγετο.
927 4587 1151 4661 Γνώμης
1212 4583 1294 4664 δὲ,
1351 4586 1424 4647 ὡς
1463 4581 1660 4662 ἔοικεν,
1712 4585 1739 4638 ὁ
1791 4594 1987 4660 Κυρια..

349 4681 442 4743 κὸς
475 4681 761 4758 μοχθηρᾶς
792 4676 888 4744 ὢν,
923 4676 1012 4730 καὶ
1044 4673 1162 4731 οὒδέ
1206 4681 1397 4752 μικροῦ
1458 4670 1671 4750 κέρδους
1729 4673 1990 4749 προτιθεὶς

351 4769 449 4836 τὴν
505 4766 784 4838 ἀλήθειαν,
818 4765 963 4822 ὀκτὼ
987 4761 1234 4820 ἀπεδίδου
1267 4764 1404 4837 μόνα
1440 4779 1454 4793 ⁶
1508 4764 1594 4818 καὶ
1625 4769 1854 4818 τοσαῦτα
1886 4761 1988 4818 λα-

350 4854 467 4913 ϐεῖν
523 4854 648 4932 παρ’
683 4855 841 4912 αὒτοῦ
899 4853 988 4909 καὶ
1043 4853 1142 4918 τῆν
1179 4851 1358 4931 ἀρχὴν
1390 4853 1713 4931 ἰσχυρίζετο.
1749 4859 1851 4910 Τοῦ
1909 4851 1988 4931 δὲ,

350 4947 436 5002 καὶ
483 4947 550 5004 τὰ
607 4944 762 5023 ἕτερα
818 4941 907 4999 δύο
951 4947 1465 5014 προσαπαιτοῦντος,
1526 4943 1554 4996 ὁ
1607 4943 1870 5020 Κυριακὴς
1904 4941 1983 5006 ἔξ.

350 5058 508 5113 αρνος
544 5035 611 5102 ῆν
649 5055 660 5068 ·
693 5034 782 5090 καὶ
813 5034 887 5097 εἷς
918 5031 1245 5111 φιλονεικίαν
1277 5032 1460 5095 αὗτοϊς
1509 5029 1705 5110 ἐχώρει
1757 5034 1813 5088 τὸ
1849 5038 1989 5110 πρᾶ-

353 5147 489 5202 γμα,
523 5124 612 5180 καὶ
645 5122 808 5204 ἄμφω
840 5121 1078 5202 σφοδρῶς
1109 5121 1441 5191 ἐστασίαζον.

430 5204 600 5276 ΡΝΕ’.
653 5214 942 5280 Διαιτηταῖ
984 5210 1039 5268 δέ
1094 5232 1236 5274 τινες
1293 5209 1480 5272 αὐτοῖς
1538 5209 1688 5286 μέσοι
1733 5211 1991 5291 παραλη-

352 5302 592 5380 φθέντες,
625 5302 784 5380 ὅρκον
841 5302 920 5377 τῷ
960 5299 1272 5378 βουλομένῳ
1323 5296 1597 5360 ἐπέθεσανε
1649 5300 1786 5358 ὥστε
1823 5303 1991 5380 ταύτῃ

351 5389 694 5450 διαλύσασθαι
751 5391 850 5458 τῆν
909 5388 1039 5468 ἔριν.
1089 5395 1194 5447 Τοῦ
1239 5389 1502 5469 Κυριακοῦ
1570 5389 1740 5445 τοίνυν
1797 5391 1992 5466 ὀμόσαι

2069 3250 2296 3302 tantum
2358 3239 2617 3301 ostendit
2674 3238 2952 3300 ardorem
3006 3236 3458 3318 perfectumque
3514 3236 3705 3297 zelum

2068 3338 2276 3392 contra
2309 3329 2606 3410 perjuros.
2627 3329 2733 3390 Est
2766 3327 2925 3388 enim
2957 3327 3195 3408 quidam
3229 3327 3390 3389 vicus
3415 3326 3487 3388 ad
3521 3326 3708 3388 solem

2069 3422 2390 3493 orientem,
2425 3437 2457 3478 a
2509 3419 2679 3480 laura
2737 3418 3060 3479 Phararum
3095 3417 3325 3478 distans
3354 3416 3563 3477 decem
3597 3425 3710 3478 sta-

2071 3510 2190 3583 dia,
2225 3506 2604 3588 ipsepariter
2634 3505 2869 3568 Pharan
2927 3515 3205 3586 vocatus;
3259 3525 3376 3568 non
3409 3507 3565 3586 quod
3594 3508 3711 3584 (ar-

2070 3600 2279 3670 bitror}
2311 3615 2645 3674 cognomen
2679 3597 2997 3675 acceperit,
3029 3596 3132 3656 sed
3169 3598 3363 3676 potius
3393 3596 3551 3676 quod
3585 3597 3711 3677 ipse

2068 3707 2238 3750 suum
2275 3706 2493 3748 nomen
2549 3685 2783 3747 dederit
2835 3686 3035 3746 taurae.
3091 3685 3278 3748 Porro
3327 3686 3413 3746 vir
3442 3686 3706 3766 quidam,

2071 3777 2314 3839 nomine
2347 3776 2648 3855 Cyriacus,
2692 3793 2762 3836 ex
2823 3794 2894 3836 eu
2953 3774 3079 3834 vico
3139 3785 3325 3849 ortus,
3362 3785 3488 3835 erat
3515 3775 3712 3853 gregis

2071 3875 2273 3949 pastor
2326 3884 2339 3928 :
2397 3883 2652 3944 cumque
2712 3882 2818 3944 per
2876 3863 3006 3924 illas
3054 3863 3409 3924 solitudines
3463 3882 3705 3941 gregem

2072 3963 2402 4037 pasceret,a
2435 3954 2692 4035 quodam
2754 3953 3026 4034 ejusdem
3088 3952 3199 4014 vici
3259 3953 3524 4025 homine,
3575 3953 3705 4030 ipso

2071 4047 2246 4109 etiam
2282 4063 2492 4127 paupe.
2514 4044 2636 4120 e,in
2663 4045 2837 4105 finem
2870 4042 3084 4122 accipit
3112 4061 3250 4104 oves
3281 4042 3423 4102 alias
3457 4061 3709 4105 numero

2072 4137 2304 4210 decem,
2336 4153 2452 4216 quo
2485 4141 2542 4194 et
2569 4133 2700 4196 illas
2730 4151 2863 4194 cum
2893 4133 3018 4193 suis
3049 4141 3342 4212 pasceret.
3381 4130 3709 4214 Inlerlapso

2071 4236 2264 4288 autem
2299 4225 2600 4305 aliquanto
2635 4230 2927 4303 tempore,
2963 4240 3283 4303 pauperem
3337 4221 3559 4284 invadit
3585 4223 3706 4285 ine-

2073 4313 2358 4376 xorabilis
2387 4314 2583 4393 aliqua
2616 4313 2964 4375 necessitas.
3001 4312 3112 4384 Qui
3155 4312 3394 4392 quidem
3425 4313 3707 4394 quoniam

2076 4404 2225 4465 nihil
2258 4403 2415 4464 aliud
2449 4401 2814 4482 possidebat,
2849 4403 3041 4464 statim
3073 4402 3143 4462 ad
3181 4421 3421 4481 parvum
3469 4422 3709 4484 gregem

2014 4492 2655 4602 Drespexit,illumque
2687 4492 2947 4553 vendere
2979 4503 3224 4572 propter
3253 4501 3575 4553 extremam
3613 4513 3712 4556 ne-

2073 4583 2410 4645 cessitatem
2449 4581 2788 4643 festinabat.
2822 4583 2902 4644 At
2948 4600 3087 4642 vero
3119 4580 3420 4661 Cyriacus,
3468 4583 3596 4664 qui,
3633 4586 3712 4646 uti

2073 4673 2366 4753 apparuit,
2405 4671 2542 4732 mali
2593 4671 2778 4732 animi
2841 4679 2991 4752 erat,
3030 4680 3088 4734 et
3121 4691 3231 4734 nec
3259 4690 3434 4752 parvo
3471 4674 3712 4753 quidem

2074 4764 2238 4824 lucro
2267 4761 2620 4842 praeferebat
2670 4761 3006 4836 veritatem,
3069 4771 3204 4824 octo
3233 4762 3390 4824 solas
3421 4763 3712 4841 reddidit,

2074 4861 2279 4931 totque
2309 4869 2374 4911 se
2434 4850 2507 4911 ab
2568 4869 2638 4912 eo
2693 4849 2988 4930 principio
3019 4853 3326 4933 accepisse
3356 4852 3711 4918 affirmabat.

2072 4939 2218 5003 Cum
2242 4941 2294 5001 is
2319 4958 2452 5001 vero
2479 4940 2626 5002 duas
2649 4939 2795 5002 alias
2817 4941 3014 5003 adhuc
3040 4941 3583 5024 peteret,Cyriacus
3615 4945 3715 5006 iu-

2074 5031 2424 5106 ﬁciabatur;
2479 5038 2657 5114 atque
2689 5050 2788 5095 res
2824 5032 2912 5094 eis
2944 5033 3228 5096 tendebat
3257 5033 3330 5095 ad
3379 5036 3717 5097 contentio-

2077 5139 2239 5201 nezn,
2275 5130 2332 5182 et
2356 5121 2532 5184 ambo
2563 5124 2952 5184 vehementer
2982 5123 3446 5187 altercabantur.

2155 5209 2322 5274 CLV.
2356 5209 2608 5282 Quidam
2661 5229 2800 5272 vero
2829 5211 3036 5274 arbitri
3069 5213 3228 5275 inter
3270 5230 3374 5274 eos
3407 5213 3589 5276 medii
3620 5233 3720 5278 ca-

2077 5299 2678 5380 cepti.jusjurandum
2706 5301 2976 5364 detulere
3008 5303 3062 5364 ei
3086 5303 3188 5381 qui
3219 5302 3500 5375 vellet,ut
3522 5323 3593 5366 ea
3611 5323 3712 5368 ra-

2077 5389 2239 5452 tione
2269 5391 2741 5454 controversiam
2773 5391 3148 5456 dirimerent.
3169 5391 3375 5474 Itaque
3405 5395 3562 5476 quod
3593 5393 3713 5475 Cy-

1674 5546 1930 5611 VARUE
1972 5547 2290 5614 LECTION
2301 5550 2386 5614 ES

430 5642 559 5722 cal.
611 5644 946 5722 κασσιτέρου.
1033 5639 1170 5702 dal.
1224 5662 1339 5699 σου.

352 5723 381 5772 ³³
413 5721 493 5788 al.
527 5725 710 5802 Φαρᾶν
754 5731 814 5790 οι
839 5721 1054 5803 Φαρών.

1427 5646 1448 5673 ⁸
1494 5638 1574 5704 al.
1636 5641 2030 5718 περιεγένοντο.

2117 5639 2138 5681 ί
2184 5641 2262 5702 al.
2321 5641 2504 5708 inser.
2568 5640 2817 5710 συνέϐης.
2903 5653 2931 5694 τ
2973 5643 3050 5706 al.
3119 5645 3302 5716 αυτοῖς
3365 5646 3714 5728 ἀπαγγέλλει,
