4104 6198
313 281 432 347 729
738 284 747 289 ’
1623 285 1808 349 VITA
1860 284 1920 347 S.
1968 285 2379 351 EUTHYMII.
3571 288 3691 355 730

317 417 620 501 ἐξηγόρευε,
654 418 740 477 καὶ
770 416 836 477 τά
894 419 992 488 τῆς
1050 426 1322 501 συμφορᾶς
1382 424 1569 486 αὐτοῖς
1629 420 1962 482 ἀνεκλαίετο·

2053 418 2298 482 ἀείιειὶι
2328 416 2751 483 calamitatem.
2781 417 3013 483 Deinde
3039 419 3268 500 rogavit
3299 428 3361 482 ut
3392 438 3526 483 eum
3559 421 3687 484 fer-

318 510 441 567 εἷτα
503 511 590 568 καὶ
620 512 939 585 κομισθῆναι
988 509 1077 566 ὑπ’
1137 510 1315 566 αὐτῶν
1370 512 1497 589 πρὸς
1545 510 1646 579 τήν
1676 519 1768 568 τοῦ
1822 512 1963 591 ἆγίου

2053 517 2189 570 rent
2240 510 2309 571 ad
2363 508 2553 570 sancti
2601 527 2863 589 capsam,
2922 510 3130 572 dicens
3183 530 3197 575 :
3254 510 3432 574 Forte
3473 511 3524 574 is
3583 510 3691 590 qui

317 601 486 670 θήκην
545 597 742 656 ἐδεῖτο·
776 598 955 678 Τάχα,
988 597 1196 680 λὲχων,
1229 601 1258 657 ὁ
1303 600 1400 664 τὰς
1432 600 1731 681 ἀφορήτους
1774 602 1963 665 ταύτας

2053 599 2271 661 inﬂixit
2310 600 2417 663 has
2444 598 2852 661 intolerabiles
2886 600 3109 681 plagas,
3157 600 3392 664 facilius
3423 609 3483 663 et
3508 620 3690 664 cura-

316 688 531 768 πληγάς
589 686 819 763 ἐπιθεῖς,
872 689 998 767 ῥᾷον
1042 686 1106 744 ἂν
1160 690 1249 745 καὶ
1311 691 1542 759 ἰάσαιτο,
1606 689 1853 766 μαθητὴς
1897 687 1972 747 ὢν

317 777 539 854 ἐκείνου,
590 784 682 834 106
740 778 1016 855 ἀοςαθύνειν
1078 776 1283 852 μᾶλλον
1347 779 1380 848 ἢ
1429 778 1681 852 κολάζειν
1738 784 1973 860 φυσικῶς

317 865 569 949 ἕχοντοςο
607 868 722 924 ἐπεὶ
755 865 937 948 σχολῇ
969 866 1021 946 γ’
1067 866 1130 923 ἂν
1162 869 1294 945 πρὸς
1315 870 1643 935 τηλικαύτας
1675 867 1857 934 ὀδύνας
1884 870 1974 924 ία-

316 958 493 1037 τρικαὶ
550 958 741 1038 τέχναι
805 959 893 1014 καὶ
960 971 1145 1037 χεῖρες
1204 956 1505 1035 ἂρκὲσειαν,
1568 958 1807 1017 Ἐκεῖνοι
1877 957 1973 1034 μέν

313 1048 513 1105 τούτων
576 1048 901 1127 ἀκηκοότες,
934 1043 1118 1102 ἕπειδα
1164 1045 1217 1102 δὲ
1262 1050 1350 1104 καὶ
1409 1047 1554 1114 ὅπως
1583 1048 1649 1117 ἧν
1704 1046 1973 1127 βαρύτατα

311 1136 608 1215 πεπληγὼς
654 1136 1002 1216 θεασάμενοι,
1034 1137 1126 1193 καὶ
1182 1134 1447 1202 δείσαντες
1507 1137 1565 1194 οὗ
1610 1144 1814 1217 μικρῶς
1870 1136 1966 1195 καὶ

311 1229 478 1302 αὐτοὶ,
511 1227 660 1304 ὅμως
720 1228 853 1306 πρὸς
882 1227 981 1294 τὴν
1026 1226 1306 1301 ἐπιθυμίαν
1359 1233 1451 1283 τοῦ
1480 1224 1664 1307 ἀνδρὸς
1704 1228 1967 1307 εἴκοντες,

311 1320 613 1397 σοφίζονται
673 1318 774 1384 τὴν
804 1314 1097 1392 ἐκκομιδὴν
1140 1314 1327 1382 οὕτως*
1367 1318 1468 1374 Δύο
1496 1317 1724 1381 σάκκους
1768 1317 1969 1398 ἀχύρου

310 1405 634 1485 πληροῦσαι,
670 1407 756 1463 καὶ
816 1406 1031 1470 τούτους
1065 1404 1171 1479 ὄνῳ
1228 1408 1326 1463 τινὶ
1376 1406 1435 1462 ἐκ
1464 1412 1571 1462 τῶν
1615 1404 1856 1486 πλαγίων
1915 1408 1973 1462 εὖ

311 1496 671 1573 ἀναθέμενοι,
761 1496 885 1553 εἶτα
992 1498 1153 1573 μέσον
1240 1495 1396 1553 αὐτὸν
1479 1496 1795 1559 ἐπιτιθοῦσι,
1881 1494 1969 1553 καὶ

311 1587 478 1651 οὕτως
526 1588 601 1651 εἷς
655 1588 717 1643 τὸ
788 1586 1146 1665 μοναστῆριον
1207 1587 1290 1643 καὶ
1332 1586 1432 1655 τὴν
1492 1588 1664 1658 θήκην
1721 1584 1966 1663 διακομί-

310 1684 515 1749 ζουσιν,
565 1677 637 1736 Οἵ
681 1677 770 1734 καὶ
826 1677 890 1733 τὰ
937 1676 1059 1733 κατ’
1104 1678 1259 1736 αὖτὸν
1304 1678 1441 1753 ἡμῖν
1484 1682 1658 1733 πᾶντα
1697 1674 1966 1756 διηγησά-

2053 688 2227 763 verit,
2252 706 2384 750 cum
2435 690 2513 750 sit
2560 689 2723 750 illius
2774 689 3122 770 discipulus,
3160 692 3254 752 cui
3286 699 3376 753 est
3419 693 3689 755 innatum

2057 776 2414 841 benefacere
2448 778 2639 860 potius
2668 798 2844 861 quam
2880 782 3093 859 punire
3143 798 3156 843 :
3209 781 3690 862 quandoquidem

2055 867 2145 929 vix
2192 867 2263 929 ad
2322 869 2469 931 tales
2525 869 2773 931 dolores
2832 870 3175 933 suffecerint
3228 870 3475 933 medicae
3531 880 3691 934 artes

2054 966 2234 1039 atque
2266 977 2495 1019 manus.
2534 957 2762 1031 Quibus
2795 959 2879 1020 illi
2924 959 3169 1035 auditis,
3226 968 3429 1040 postea
3458 978 3599 1022 vero
3629 971 3693 1024 et

2054 1045 2253 1108 intuiti
2285 1067 2464 1125 quam
2498 1049 2847 1128 gravissime
2878 1049 3210 1129 vapulasset
3240 1049 3479 1132 ipsique
3510 1048 3690 1112 etiam

2051 1153 2172 1197 non
2213 1138 2608 1201 mediocriter
2651 1137 2864 1209 territi,
2918 1148 3199 1201 caeterum
3249 1139 3534 1203 cedentes
3582 1139 3694 1201 viri

2053 1226 2379 1303 desiderio,
2435 1228 2728 1307 ejusmodi
2783 1229 3121 1309 excogitant
3167 1235 3686 1311 exportationem;

2053 1314 2305 1398 implent
2338 1318 2487 1379 duos
2518 1336 2723 1381 saccos
2755 1318 2945 1401 palea,
2980 1339 3236 1401 cumque
3268 1338 3376 1382 eos
3418 1319 3584 1382 asino
3616 1339 3691 1383 ex

2054 1412 2398 1469 transverso
2431 1416 2595 1471 recte
2644 1409 3092 1489 imposuissent,
3136 1427 3272 1471 eum
3324 1409 3543 1472 deinde
3576 1428 3689 1491 po-

2051 1503 2202 1557 nunt
2226 1497 2515 1571 medium,
2551 1500 2758 1578 sicque
2789 1498 2860 1559 ad
2897 1498 3327 1561 monasterium
3362 1507 3423 1562 et
3450 1498 3521 1560 ad
3555 1518 3691 1582 cap.

2051 1603 2173 1647 sam
2209 1585 2509 1651 deferunt.
2545 1586 2656 1661 Qui
2690 1607 2825 1650 cum
2859 1588 3061 1651 omnia
3090 1608 3220 1671 quae
3251 1591 3305 1653 ei
3336 1598 3682 1669 evenerant,

2053 1674 2226 1737 nobis
2259 1686 2627 1753 narrassent,
2666 1688 2722 1739 et
2754 1696 2898 1759 quas
2930 1678 2989 1741 in
3021 1688 3184 1760 tergo
3213 1688 3528 1761 acceperat
3558 1680 3689 1758 pla-

310 1789 489 1845 μενοι,
524 1769 612 1825 καὶ
644 1767 739 1829 τὰς
792 1767 929 1823 κατὰ
958 1772 1065 1823 τῶν
1103 1766 1276 1823 δώτων
1336 1764 1544 1845 πληγὰς
1575 1763 1962 1837 ὑποδείξαντες,

2052 1783 2153 1845 gas
2183 1767 2609 1843 ostendissent,
2649 1776 2873 1830 tantum
2905 1768 3190 1832 fratribus
3215 1780 3436 1835 metum
3467 1770 3693 1833 immit-

307 1866 566 1917 τοσοῦτον
626 1870 745 1920 τοῖς
778 1854 1033 1938 ἀδελφοῖς
1090 1853 1416 1933 ἐμϐάλλουσι
1454 1853 1587 1937 δέος,
1628 1857 1703 1920 ὡς
1760 1854 1964 1925 μηδένα

2048 1864 2199 1927 tunt,
2235 1866 2299 1919 ut
2329 1858 2556 1919 nullum
2591 1859 2829 1933 exhinc,
2863 1878 3059 1936 neque
3090 1878 3198 1941 per
3227 1861 3424 1922 sancti
3452 1860 3687 1923 thecam

306 1948 359 2015 ἐξ
415 1948 642 2023 ἐκείνου,
702 1947 842 2021 μήτε
888 1945 1049 2003 αὐτον
1106 1968 1223 2003 τινα
1293 1946 1432 2005 κατά
1498 1950 1597 2013 τῆς
1667 1945 1762 2003 106
1811 1946 1963 2023 ἁγίοο

2052 1945 2250 2026 iurare
2278 1947 2571 2017 sinerent,
2608 1967 2805 2030 neque
2831 1957 3122 2031 quantum
3157 1950 3218 2013 in
3251 1950 3336 2013 eis
3368 1958 3549 2025 esset,
3585 1948 3688 2012 alii

305 2039 475 2109 θήκης
520 2037 739 2111 δμνύειδ
801 2036 914 2113 ἐᾷν,
962 2037 1106 2112 μήτε
1161 2035 1345 2117 ὅρκον,
1403 2037 1464 2093 τό
1526 2056 1587 2116 γε
1645 2036 1717 2101 εἷς
1772 2035 1960 2101 αὐτοὺς

2052 2036 2465 2117 iusjurandum
2500 2038 2764 2103 deferre.

305 2129 462 2205 ἧκον,
495 2125 661 2207 ἑτέρῳ
702 2125 947 2206 ἐπάγειν,

389 2216 564 2293 PNH',
626 2215 863 2274 Ἐκεῖνοι
907 2214 1090 2293 μέντοι
1151 2214 1278 2297 παρ’
1320 2217 1467 2293 ὡμεν
1521 2222 1815 2283 τηνικαῦτα
1872 2214 1954 2273 δι-

312 2308 725 2385 ημερεύσαντες,
787 2309 861 2371 ὡς
925 2308 1107 2385 ἑώρων
1172 2308 1259 2364 τὸν
1335 2307 1596 2383 Κυριακὸν
1653 2308 1740 2364 καὶ
1799 2307 1961 2373 αὐτὰς

311 2402 405 2464 τὰς
449 2399 693 2462 ἀσθενεῖς
744 2399 831 2454 καὶ
865 2397 1062 2461 λεπθὰς
1107 2394 1319 2463 ἐλπίδας
1346 2397 1445 2464 τῆς
1502 2395 1645 2467 ζωῆς
1701 2397 1962 2477 ἀφαιρού-

311 2513 496 2571 μενον,
541 2490 634 2546 καὶ
698 2508 830 2563 προς
898 2488 1124 2544 θάνατον
1193 2487 1496 2567 ἀφορῶντα·
1562 2509 1664 2554 της
1735 2487 1964 2566 γαστρὸς

308 2584 453 2654 αὖτῷ
513 2577 868 2657 διαῤῥυείσης,
930 2579 1017 2633 καὶ
1082 2584 1176 2635 τοῦ
1233 2577 1499 2653 στόματος
1562 2574 1700 2652 μηδὲ
1773 2577 1963 2655 μικρὸν

308 2670 562 2750 ἐπισχεῖν
622 2667 909 2743 δυναμένου
948 2668 1039 2724 τὸν
1103 2667 1314 2743 ἔμετον·
1368 2667 1704 2746 ἀναιροῦνται
1776 2668 1955 2742 αύτὸν,

308 2761 395 2816 καὶ
436 2747 649 2817 ὀἴκαδε
711 2757 870 2815 πάλιν
927 2758 1359 2835 ἀνακομίζουσιν.
1428 2747 1485 2816 Ὀ
1529 2756 1584 2813 δὲ
1642 2757 1740 2824 τὴν
1799 2757 1957 2815 νύκτα

307 2847 465 2925 μόλις
494 2846 747 2930 διαζήσας
780 2849 1011 2930 εκείνην,
1046 2850 1118 2912 είς
1150 2848 1250 2916 τὴν
1285 2846 1407 2917 ἑξῆς
1441 2846 1809 2914 ἐτελεύτησεν,

388 2927 559 3001 ΡΝΘ’.
636 2937 767 2997 Κατ’
820 2927 1004 2995 ἐκεῖνο
1072 2936 1127 2994 δὲ
1187 2939 1375 3016 καιροῦ
1442 2937 1531 2994 καὶ
1609 2934 1808 3001 ξενικός
1879 2957 1959 2999 τις

307 3028 483 3108 ἔτερος
567 3026 952 3105 ἀποδημητής,
1028 3025 1356 3094 ἐπιξενωθεὶς
1434 3034 1511 3102 τῷ
1594 3026 1956 3105 μοναστηρίῳ,

307 3121 393 3177 καὶ
447 3116 772 3197 παραϐαλὼν
802 3120 964 3199 χάριν
1016 3118 1328 3198 προσευχῆς
1384 3123 1457 3192 τῷ
1508 3121 1641 3191 ναῷ,
1675 3113 1742 3173 τά
1793 3137 1850 3173 τε
1908 3115 2023 3205 évc

308 3210 450 3283 αύτῷ
501 3210 675 3267 πάντα
726 3207 1066 3283 τεθεαμένος,
1121 3206 1299 3283 μέσων
1339 3212 1541 3265 νυκτῶν
1600 3206 1685 3262 ἐπὶ
1741 3206 1828 3263 τὸν
1872 3215 1966 3265 106

2125 2215 2370 2281 CLVIII.
2396 2220 2583 2282 Porro
2617 2217 2701 2280 illi
2730 2218 2828 2281 ubi
2856 2228 2996 2282 tunc
3027 2219 3184 2301 apud
3210 2239 3320 2283 nos
3345 2220 3504 2283 diem
3532 2228 3691 2285 tran-

2045 2307 2361 2387 segissent,
2396 2318 2459 2371 ut
2484 2307 2760 2370 \iderunt
2789 2309 3094 2391 Cyriacum
3141 2310 3231 2372 vel
3282 2314 3442 2374 tenui
3475 2319 3536 2373 et
3569 2312 3690 2373 im-

2049 2395 2265 2459 becilla
2291 2417 2401 2477 spe
2450 2398 2583 2459 vitai
2635 2416 2768 2460 esse
2801 2398 3117 2479 privatum,
3184 2407 3241 2462 et
3298 2401 3370 2463 ad
3434 2409 3691 2464 mortem

2047 2493 2359 2564 spectare;
2422 2485 2581 2568 quod
2642 2495 2852 2549 venter
2904 2489 2955 2551 ei
3013 2488 3386 2564 deﬂuxisset,
3423 2501 3485 2552 et
3513 2507 3581 2551 os
3612 2507 3689 2551 ne

2046 2574 2341 2637 tantillum
2395 2575 2639 2655 quidem
2712 2586 2915 2656 passet
2967 2581 3249 2639 vomitum
3304 2577 3684 2659 reprimere;

2043 2683 2180 2726 cum
2217 2665 2450 2741 tollunt,
2484 2664 2848 2747 domumque
2892 2685 3101 2730 rursus
3130 2666 3422 2730 referunt.
3461 2668 3513 2730 ls
3546 2686 3686 2729 vero

2043 2773 2175 2816 cum
2201 2755 2304 2819 illa
2328 2756 2418 2818 vix
2446 2763 2615 2819 nocte
2641 2755 2904 2834 vixisset,
2940 2765 3209 2820 mortuus
3241 2768 3333 2820 est
3365 2757 3682 2839 postridie.

2122 2933 2313 2996 CLIX.
2362 2934 2469 2997 Illo
2518 2943 2712 2999 autem
2775 2947 3046 3021 tempore
3103 2945 3389 2999 externus
3444 2954 3686 3018 quoque

2044 3023 2284 3105 quidam
2319 3025 2470 3087 alius
2503 3028 2880 3107 peregrinus,
2934 3028 2996 3089 in
3031 3029 3392 3089 monasterio
3424 3025 3686 3106 hespitio

2046 3127 2355 3197 acceptus,
2390 3125 2447 3177 et
2481 3118 2766 3198 precandi
2796 3117 2989 3198 gratia
3020 3117 3081 3180 in
3116 3117 3407 3199 templum
3444 3116 3686 3198 profec-

2047 3213 2164 3286 tus,
2218 3224 2352 3266 cum
2399 3226 2535 3283 quas
2585 3207 2645 3269 in
2697 3226 2767 3269 eo
2801 3217 2972 3269 erant
3004 3206 3206 3269 omnia
3245 3206 3686 3287 contemplatus

306 3301 454 3380 ἂγίου
504 3299 671 3379 τάφον
725 3296 980 3375 παραδὺς,
1023 3297 1121 3365 τὴν
1165 3295 1529 3377 ἐφεστηκλῖαν
1590 3297 1733 3371 αὒτῷ
1775 3296 1963 3376 χώνην

2052 3304 2231 3368 esset,
2265 3294 2460 3357 media
2492 3304 2665 3358 nocte
2697 3298 3043 3376 sepulcrum
3095 3295 3284 3358 sancti
3338 3295 3544 3371 subiit,
3581 3315 3687 3359 ur-

303 3391 531 3471 ἆργυρᾶν
590 3390 775 3465 οὖσαν,
810 3388 995 3468 χερσὶν
1057 3388 1151 3445 οὒκ
1208 3387 1471 3461 ἀνίπτοις,
1520 3386 1581 3442 τὸ
1638 3392 1731 3442 τοῦ
1775 3384 1959 3464 λόγου,

2052 3403 2304 3465 namque
2334 3395 2674 3466 argenteam
2711 3386 2837 3468 (94)
2873 3387 2959 3449 illi
2994 3387 3354 3467 impositam,
3410 3387 3688 3449 manibus

303 3483 490 3560 μόνον,
556 3478 693 3535 ἀλλὰ
751 3477 843 3535 καί
898 3474 1150 3554 βεϐήλοις
1208 3476 1450 3557 ἀτεχοώς
1494 3475 1829 3557 ὑφαιρεῖται,
1873 3478 1961 3532 καὶ

2052 3493 2165 3535 non
2199 3475 2380 3539 illotis
2411 3474 2627 3552 solum,
2659 3484 2724 3537 ut
2754 3477 2997 3553 dicitur,
3031 3477 3135 3539 sed
3186 3477 3367 3540 etiam
3419 3475 3689 3557 profanis

303 3575 582 3648 νυκτερινῆ
646 3566 810 3643 ἐξόδῳ
867 3569 953 3623 καὶ
1025 3566 1232 3642 ἀθεάτῳ
1288 3564 1509 3624 κλέπτει
1570 3565 1670 3633 τὴν
1731 3568 1955 3645 ἀναχώ-

305 3683 483 3740 ρησιν,
548 3659 665 3718 Τῶν
722 3658 821 3733 μὲν
891 3656 981 3713 οὖν
1040 3661 1095 3712 ἐν
1152 3662 1230 3712 τῶ
1301 3654 1648 3732 μοναστηρίῳ
1716 3654 1956 3728 πάντων,

305 3750 543 3829 ἐφώρασε
575 3750 667 3805 τὸν
710 3745 867 3805 δόλον
911 3743 1100 3809 οὐδείς·
1149 3743 1268 3801 ἀλλ’
1314 3745 1381 3814 ἦν
1423 3742 1626 3811 ἕκηλον
1671 3745 1855 3810 αὐτοῦς
1900 3745 1960 3800 τὸ

306 3838 692 3920 γεγενημένον.
778 3836 985 3894 ’Ἕωθεν
1069 3833 1124 3892 δὲ
1186 3837 1214 3892 ὁ
1296 3840 1374 3891 τῶ
1444 3831 1644 3891 πυλῶνι
1729 3832 1961 3913 ἐφεστὼς

306 3931 631 4010 Προκόπιος,
692 3927 750 3991 ὃς
809 3927 897 3983 καὶ
954 3925 1197 4005 μεγάλης
1259 3923 1420 4005 ἔτυχε
1473 3923 1616 4002 παρὰ
1681 3925 1761 3979 τῶ
1830 3923 1964 4001 ἁγίῳ

307 4021 562 4102 πρότερον
648 4016 954 4081 ἀπολαύσας
1038 4017 1136 4085 ’τῆς
1218 4016 1498 4095 θεραπείας
1526 4062 1542 4094 ,
1616 4015 1781 4092 μικρὰ
1863 4019 1961 4082 τῆς

306 4109 512 4169 εἰσόδου)
582 4105 880 4186 προελθὼν,
971 4106 1201 4182 εὑρίσκει
1283 4106 1373 4162 τόν
1444 4103 1646 4171 ξενικὸν
1734 4102 1801 4183 (ὢ
1869 4110 1963 4160 τοῦ

305 4202 571 4277 θαύματος
607 4184 651 4277 Ξ.)
698 4184 897 4275 τρόπον
928 4196 1046 4252 τινὰ
1103 4197 1203 4275 πρὸ
1234 4204 1327 4255 106
1382 4193 1741 4272 μοναστηρίου
1793 4191 1962 4260 ἐστη-

304 4289 572 4366 λωμένον,
630 4285 970 4366 Ἀμηχανιῦν
1014 4285 1185 4341 τοίνυν
1246 4284 1482 4361 ἐκεῖνος,
1533 4286 1621 4341 καὶ
1680 4283 1775 4340 οὒκ
1818 4280 1962 4362 ἔχων

305 4379 334 4436 ὅ
386 4401 435 4437 τι
479 4379 567 4435 καὶ
622 4374 883 4457 δράσειεν,
919 4374 1242 4432 ἐκκαλύπτει
1299 4381 1375 4431 τῶ
1408 4374 1625 4453 θυρωρῶ
1685 4373 1745 4428 τὸ
1789 4369 1962 4450 amp-

2044 3564 2242 3646 plane,
2270 3564 2482 3637 aufert,
2510 3576 2569 3627 et
2603 3575 2897 3629 nocturno
2944 3586 3055 3629 nec
3085 3579 3359 3647 spectato
3393 3567 3554 3629 exitu
3584 3585 3688 3631 se-

2042 3671 2280 3715 cessum
2309 3653 2585 3716 occultat.
2622 3654 2811 3735 Igitur
2840 3674 2906 3717 ex
2955 3654 3235 3719 omnibus
3292 3657 3391 3738 qui
3422 3665 3594 3718 erant
3624 3657 3689 3719 in

2047 3743 2438 3815 monasterio,
2471 3744 2669 3806 nullus
2698 3744 2902 3806 dolum
2958 3746 3410 3825 deprehendit;
3458 3746 3563 3807 sed
3611 3746 3686 3808 iis

2045 3832 2278 3894 facinus
2307 3841 2436 3895 erat
2469 3834 2756 3911 ignotum.
2790 3836 2962 3896 Mane
2995 3852 3136 3897 vero
3158 3835 3360 3914 januaa
3389 3836 3684 3915 praeposi-

2046 3930 2141 3983 tus
2171 3921 2519 4003 Procopius,
2561 3923 2665 4004 qui
2696 3924 2871 3985 etiam
2903 3923 3073 4005 prius
3106 3942 3378 4004 magnam
3411 3943 3446 3984 a
3475 3931 3681 3985 sancto

2044 4022 2401 4075 consecutus
2432 4012 2624 4075 fuerat
2678 4013 3073 4088 curationem,
3138 4012 3212 4075 ab
3266 4013 3428 4075 aditu
3472 4030 3681 4093 parum

2046 4119 2418 4181 progressus,
2454 4102 2680 4164 invenit
2708 4111 3025 4166 externum
3078 4102 3270 4179 illum,
3327 4112 3377 4182 (0
3420 4102 3685 4165 miracu-

2046 4189 2167 4251 lum
2195 4189 2238 4271 ί)
2284 4191 2462 4253 modo
2495 4193 2749 4274 quodam
2814 4192 3113 4256 columna:
3143 4197 3329 4255 instar
3383 4192 3623 4256 aﬂixum
3659 4210 3694 4256 θ

2045 4282 2290 4360 regione
2316 4283 2685 4344 monasterii.
2722 4281 2831 4344 Ille
2886 4302 3027 4362 ergo
3077 4283 3397 4365 perplexas
3425 4283 3683 4360 haerens,

2047 4389 2158 4434 nec
2189 4369 2417 4433 habens
2448 4372 2588 4453 quid
2623 4380 2851 4452 ageret,
2886 4391 3169 4435 arcanum
3200 4372 3391 4451 aperit
3413 4371 3684 4453 janitori.

303 4470 465 4549 ρητον
495 4466 531 4530 ⁸.
570 4470 669 4526 Καὶ
713 4468 771 4530 ὃς
803 4464 1003 4542 εἰσάγει
1050 4465 1147 4539 μὲν
1184 4465 1343 4524 αὐτὸν
1373 4465 1445 4528 είς
1488 4463 1548 4519 τό
1578 4463 1960 4540 μοναστήριον-

2052 4458 2156 4532 Qui
2210 4458 2451 4540 quidem
2512 4480 2647 4523 eum
2709 4461 3038 4524 introducit
3091 4463 3152 4522 in
3214 4460 3686 4538 monasterium;

304 4526 690 4638 Ῐιιιαρςισκετάζει
727 4553 782 4613 δὲ
835 4556 901 4612 τὰ
952 4560 1046 4611 106
1092 4555 1359 4630 θαύματος
1415 4555 1516 4611 ὑπὸ
1548 4559 1677 4610 πᾶσι
1736 4552 1961 4630 μάρτυσι

2052 4526 2387 4616 εηίεἰίνθνο
2421 4558 2483 4611 ut
2514 4550 2868 4613 miraculum
2895 4550 3007 4614 sub
3041 4550 3385 4614 testimonio
3416 4526 3686 4613 omnium

303 4637 424 4715 τοῖς
456 4647 709 4729 ἀδελφοῖς
768 4643 1233 4723 ἐξομολογεῖσθαι,
1270 4644 1371 4702 Καί
1421 4666 1470 4700 τι
1502 4644 1684 4700 καινὸν
1713 4643 1801 4698 καὶ
1830 4640 1960 4698 ἄπι-

2052 4637 2291 4701 fra'rum
2317 4638 2621 4703 fateretur.
2648 4642 2921 4722 Remque
2948 4660 3156 4704 novam
3183 4651 3241 4703 et
3268 4659 3452 4722 prope
3483 4641 3689 4703 incre-

303 4762 430 4798 στοθ
485 4728 677 4817 μικροῦ
711 4735 960 4815 διηγεῖτο
1043 4731 1255 4815 ’Ἔλεγε
1314 4734 1437 4814 γὰρ,
1469 4735 1542 4800 ὡς
1600 4731 1959 4801 ἀποσυλησειε

2052 4728 2290 4791 dibilem
2317 4731 2618 4794 narrabat.
2644 4730 3222 4813 Aiebatenim,quod
3234 4730 3358 4810 jam
3384 4730 3541 4794 circa
3566 4748 3690 4793 me-

303 4829 405 4905 μὲν
470 4826 573 4898 ἤδη
630 4828 749 4907 περὶ
810 4824 976 4901 μέσας
1046 4825 1236 4886 νύκτας
1293 4824 1390 4892 τὴν
1462 4823 1689 4902 ἀργυρᾶν
1751 4821 1959 4887 ἐκείνην

2052 4819 2198 4880 diam
2223 4828 2483 4891 noctem,
2503 4829 2847 4901 argenteam
2871 4821 3030 4884 illam
3055 4839 3252 4899 capsas
3269 4840 3477 4884 urnam
3505 4821 3689 4884 surri-

300 4928 396 4979 106
449 4917 704 4994 λειψάνου
765 4915 977 4996 χώνην·
1014 4913 1160 4978 εύθὸς
1206 4911 1260 4970 δὲ
1310 4927 1426 4978 τοῖς
1472 4920 1564 4970 τοῦ
1601 4910 1960 4988 μοναστηρίου

2052 4908 2292 4989 puisset;
2316 4911 2637 4989 statimque
2655 4930 2787 4973 cum
2809 4908 3015 4974 bestiis
3038 4911 3385 4973 monasterii
3409 4928 3687 4990 egressus

303 5007 597 5075 συνεξέλθοι
656 5006 897 5085 ἀλόγοιςυ
980 5006 1068 5061 καὶ
1122 5002 1348 5061 ὁδεύσειε
1417 5003 1515 5079 μὲν
1572 5002 1632 5058 τὸ
1690 5000 1812 5068 ἐξῆς
1858 5000 1954 5068 τῆς

2052 5008 2219 5080 esset;
2266 5006 2387 5060 tum
2418 5002 2609 5063 noctis
2645 5001 2948 5078 reliquum
2982 5002 3131 5064 viam
3164 5008 3325 5063 esset
3368 5000 3680 5079 ingressus

301 5102 516 5177 νυκτὸς,
565 5097 701 5175 ἀγαν
744 5095 969 5175 εὐψύχῳ
999 5095 1084 5151 καὶ
1129 5093 1241 5160 ὀξεῖ
1269 5096 1345 5149 τιυ
1404 5091 1543 5162 ποδὶ,
1578 5089 1807 5153 σταδίοις
1859 5092 1956 5147 οὒκ

2052 5097 2311 5169 prompto
2326 5089 2652 5151 admodum
2669 5090 2931 5152 etceleri
2948 5091 3125 5171 pede,
3149 5109 3265 5151 non
3289 5087 3484 5177 minus
3504 5104 3681 5177 quam

302 5175 525 5245 ἔλαττον
569 5185 936 5265 ἢτριάκοντα·
1003 5184 1065 5239 τὰ
1099 5181 1216 5261 ὅρια
1257 5180 1311 5240 δὲ
1342 5181 1440 5251 τῆς
1486 5180 1653 5257 μονῆς
1707 5177 1953 5255 οὐδαμῶς

2052 5177 2280 5257 .riginta
2311 5179 2541 5257 stadia;
2572 5198 2685 5243 nec
2724 5188 2921 5242 tamen
2960 5180 3109 5243 fines
3143 5176 3489 5241 monasterii
3523 5175 3680 5237 ulla-

1618 5337 1874 5402 VARUE
1925 5335 2364 5403 LECTIONES.

1531 5499 1742 5566 JOAN.
1786 5495 2160 5565 BOLLANDI
2204 5498 2449 5564 NOTAE.

386 5629 505 5718 (94)
536 5632 697 5715 Χώνη
722 5628 1188 5715 infundibulum,
1210 5624 1471 5710 ampulla
1491 5622 1729 5689 videtur
1754 5622 2033 5706 intelligi,
2070 5623 2391 5687 autsimile
2419 5625 2725 5691 vasculum
2757 5622 3054 5689 sacriﬁcio
3086 5621 3476 5690 destinatum.

385 5426 398 5462 ¹
427 5427 505 5492 al.
539 5429 874 5506 ἀπόκρυφον.
