4104 6198
383 317 491 386 ’131

1673 319 1956 381 MENSIS
1995 319 2300 382 JANUAR
2315 319 2455 383 IUS.

3631 318 3756 386 732

381 454 924 532 tenustransiisset;
949 453 1054 517 sed
1076 452 1340 515 diluculo
1364 461 1504 515 ante
1526 452 1722 531 ipsum
1747 451 2024 515 inventus

2118 454 2416 534 παρελθεῖν·
2480 452 2600 511 ἀλλ’
2631 453 2746 532 ἅμα
2797 453 2931 533 φωτὶ
2980 453 3082 531 πρὸ
3133 455 3297 522 αὐτῆς
3334 454 3604 534 εὑρεθῆναι
3659 454 3762 512 οἶα

380 548 591 613 fuisset
612 555 910 628 tamquam
941 544 1436 622 vinctus,quique
1458 560 1531 603 ne
1559 541 1868 603 minimum
1899 543 2024 623 qui-

383 638 522 702 dem
550 646 751 718 posset
777 634 1025 697 moveri.
1048 632 1264 694 Furem
1291 632 1451 692 enim
1485 630 1660 693 veluti
1692 631 1909 710 ligabat
1930 651 2027 693 res

379 728 541 790 furto
575 724 792 799 ablata,
824 722 1198 800 faciebatque
1232 729 1292 781 ut
1323 730 1590 782 maneret
1634 739 1736 782 eos
1764 722 1863 802 qui
1894 722 2024 782 fur-

383 826 504 880 tum
539 816 696 895 passi
728 813 983 874 fuerant.
1013 813 1271 889 Propter
1292 808 1415 872 haec
1448 830 1558 872 nos
1580 829 1788 872 omnes
1820 819 2026 892 stupor

379 907 619 974 invasit,
653 912 716 965 et
769 909 1045 963 sanctum
1098 900 1172 962 ob
1231 919 1502 980 magnam
1557 900 1708 962 hanc
1741 902 2022 963 virtutem

380 993 581 1056 mirati
616 1010 843 1053 sumus.
875 989 1068 1064 Quare
1105 1009 1277 1052 sacra
1324 1010 1474 1054 urna
1500 1000 1766 1070 accepta,
1813 1001 1873 1054 et
1903 991 2026 1052 viro

383 1083 637 1164 (pauper
661 1086 820 1144 enim
846 1081 997 1161 erat)
1035 1080 1264 1159 Iargitri
1293 1081 1451 1162 quod
1471 1081 1616 1143 satis
1643 1089 1803 1142 esset
1833 1079 2029 1143 viatici

377 1171 750 1251 adsumptus,
814 1169 1150 1231 dimisimus
1181 1188 1320 1230 eum
1348 1169 1590 1232 domum
1631 1169 1969 1232 discedere.

452 1260 597 1325 CLX
655 1261 793 1323 Haac
825 1268 968 1323 sunt
1015 1260 1214 1338 magni
1259 1259 1450 1322 Patris
1496 1259 1802 1341 Euthymii
1841 1278 2028 1340 pauca

374 1356 451 1420 de
503 1356 732 1430 multis,
781 1373 912 1436 quae
960 1354 1074 1435 ipsi
1107 1354 1384 1428 vidimus,
1421 1362 1480 1416 et
1535 1373 1666 1436 quae
1721 1355 2027 1417 auditione

374 1446 762 1527 accepimus;
815 1454 876 1505 ut
930 1464 1041 1506 nec
1073 1445 1181 1506 viri
1212 1445 1330 1506 vita
1360 1463 1536 1526 quam
1573 1444 1695 1524 egit
1726 1445 1786 1506 in
1820 1463 2023 1520 carne,

379 1555 492 1600 nec
523 1554 655 1617 quae
688 1543 818 1615 post
851 1543 1102 1596 mortem
1139 1533 1301 1596 edita
1334 1542 1471 1594 sunt
1500 1536 1572 1595 ah
1609 1553 1679 1596 eo
1715 1535 2026 1608 miracula,

379 1630 580 1706 ignota
627 1625 746 1687 sint
796 1624 1078 1704 posteris.
1128 1623 1626 1704 Quandoquidem
1671 1635 1732 1684 et
1783 1634 2031 1703 utraque

2110 543 2502 620 πεπεδημένον,
2555 544 2642 600 καὶ
2701 542 2840 619 μηδὲ
2891 547 3117 600 κινετθαι
3177 542 3314 620 μηδὲ
3363 544 3540 625 βραχὺ
3599 542 3769 600 δυνᾶσ

2111 657 2296 710 μενον.
2357 632 2598 709 Ἐδέσμει
2631 634 2730 712 γὰρ
2782 633 2962 713 ὥσπερ
2991 635 3082 690 τὸν
3115 631 3390 709 κλέψαντα
3420 634 3482 690 τὸ
3530 631 3768 708 κλαπὲν⁹

2109 726 2194 781 καὶ
2239 723 2543 801 περιμένειν
2594 722 2762 780 ἐποιεί
2814 723 2932 785 τοὺς
3005 722 3105 790 την
3175 723 3384 790 κλοπην
3436 723 3769 798 ὑπομείναν-

2108 835 2222 879 τας.
2283 812 2582 880 ’Ἑκπληξις
2641 813 2905 892 κατέσχεν
2948 811 3046 868 Eni
3091 812 3298 876 τούτοις
3341 811 3542 874 πάντας
3596 813 3768 889 ἡμᾶς,

2109 904 2197 959 καὶ
2251 905 2343 960 τὸν
2374 903 2520 960 ὅσιον
2553 907 2650 971 τῆς
2710 901 2919 970 πολλῆς
2952 902 3154 969 ταύτης
3199 899 3472 976 δυνάμεως
3531 900 3775 976 ἒθαυμᾶο

2111 1014 2305 1067 σαμεν.
2380 996 2491 1060 Τὴν
2563 992 2650 1049 οὖν
2721 990 2862 1064 ἱερὰν
2933 991 3122 1073 χώνην
3193 989 3471 1071 λαϐόντες³
3518 992 3606 1048 καὶ
3676 993 3775 1049 τὸν

2111 1080 2273 1161 ἄνδρα
2349 1081 2542 1162 (πένης
2609 1082 2709 1160 γὰρ
2771 1081 2861 1161 ἦν)
2921 1081 3186 1146 δαπάναες
3256 1080 3616 1146 ἱκανώσαντες
3674 1079 3772 1138 έν-

2112 1171 2294 1245 οδίοις,
2332 1171 2520 1230 οἴκαδε
2550 1175 2864 1248 μεθήκαμεν
2893 1169 3173 1234 ἀπελθεῖν,

2192 1251 2327 1324 ΡΞ’.
2392 1269 2566 1320 Ταῦτα
2595 1269 2687 1320 τοῦ
2733 1260 2990 1337 Εὗθυμίου
3033 1260 3126 1318 τοῦ
3157 1259 3394 1339 μεγάλου
3452 1261 3659 1340 Πατρὶς
3703 1261 3772 1316 ἐκ

2111 1350 2327 1409 πολλῶν
2391 1351 2568 1429 ὀλίγα,
2628 1354 2703 1408 ὧν
2757 1373 2813 1408 τε
2872 1353 3018 1411 αὐτοὶ
3073 1349 3312 1426 εἴδομεν,
3345 1352 3433 1408 καὶ
3504 1354 3579 1408 ὧν
3627 1352 3772 1429 ἀκοῇ

2112 1440 2554 1520 παρειλήφαμεν*
2602 1445 2676 1506 ὡς
2749 1443 2888 1518 μήτε
2929 1441 3029 1510 τὴν
3088 1440 3142 1497 ἐν
3207 1443 3360 1521 σαρκὶ
3421 1448 3513 1499 τυῦ
3584 1440 3775 1516 ἆνδρὸς

2112 1530 2407 1599 πολιτείαν,
2457 1532 2596 1604 μήτε
2659 1532 2722 1588 τὰ
2765 1532 2903 1605 μετὰ
2967 1529 3218 1600 τελευτὴν
3272 1532 3363 1589 ὑπ’
3421 1532 3581 1590 αὐτοῦ
3635 1535 3774 1588 θαυ-

2113 1621 2574 1699 ματουργηθέντα,
2654 1633 2776 1684 τοῖς
2848 1619 2969 1696 μεθ’
3049 1616 3195 1696 ἡμᾶς
3269 1619 3518 1700 ἄγνωστα
3601 1622 3774 1681 εἶναι.

378 1716 543 1779 inter
574 1733 640 1777 se
671 1713 1057 1786 conveniunt,
1090 1721 1148 1774 et
1181 1711 1336 1773 bene
1367 1711 1692 1774 admodum
1726 1712 1904 1774 simul
1937 1732 2024 1774 co-

2118 1711 2266 1768 Ἐπεὶ
2317 1711 2407 1769 καὶ
2450 1707 2728 1785 συμϐαίνει
2781 1707 3038 1780 ἀλλήλοις
3094 1709 3342 1789 ἑκάτερα,
3389 1712 3472 1768 καὶ
3525 1709 3782 1782 ἂλλήλων

380 1805 636 1869 luerent.
671 1802 881 1885 Neque
907 1802 1069 1865 enim
1101 1801 1346 1864 alterius
1389 1802 1507 1863 sint
1538 1801 1674 1864 talia
1706 1811 1838 1882 post
1865 1821 2024 1863 mor-

2118 1799 2308 1881 ’έχεται
2383 1798 2502 1856 λίαν
2572 1798 2768 1868 ἡδέως.
2819 1801 2949 1858 Οὔτε
3018 1801 3120 1879 γὰρ
3192 1787 3372 1879 ἑτέρου
3434 1807 3651 1857 τοιαῦτα
3709 1800 3784 1856 τὰ

377 1904 498 1957 tem
558 1903 709 1968 acta,
774 1894 888 1953 nisi
951 1899 1081 1969 ejus
1134 1890 1320 1953 solius
1366 1893 1464 1971 qui
1519 1891 1814 1970 ejusmodi
1855 1891 2024 1953 vitam

2118 1890 2251 1964 μετὰ
2308 1887 2592 1961 τελευτὴν,
2627 1889 2707 1946 ὃτι
2764 1889 2842 1964 μὴ
2892 1891 3057 1964 μόνου
3087 1896 3180 1946 τοῦ
3233 1891 3318 1946 καὶ
3348 1890 3622 1948 πολιτείαν
3656 1912 3781 1946 τοι-

382 1983 718 2048 ostenderit
760 2000 943 2061 super
979 1989 1238 2056 terram;
1293 1997 1488 2061 neque
1533 1980 1683 2041 alius
1720 1981 1893 2042 talem
1944 1982 2024 2040 vi-

2118 1980 2279 2046 αύτην
2335 1979 2422 2034 ἐπὶ
2483 1979 2582 2056 γῆς
2645 1976 3067 2054 ἓπιδειξαμένοω
3130 1979 3247 2035 οὕτε
3307 1980 3418 2056 βίον
3489 1978 3778 2054 μετελθεῖν

379 2082 498 2135 tam
530 2071 773 2151 egisset,
826 2069 942 2132 nisi
990 2069 1040 2130 is
1090 2069 1191 2149 qui
1225 2079 1356 2150 post
1403 2077 1656 2132 mortem
1688 2068 2024 2131 istiusmodi

2118 2074 2352 2126 τοιοῦτον
2407 2066 2606 2145 ἕτερος,
2667 2066 2748 2124 ὅτι
2781 2075 2820 2101 ⁵³
2883 2069 3045 2144 μόνος
3103 2069 3130 2123 ὃ
3171 2066 3409 2125 τοιοῖσδε
3463 2071 3549 2125 καὶ
3623 2070 3775 2146 μετὰ

379 2161 599 2226 claruit
645 2159 972 2222 miraculis.
1035 2160 1163 2238 Ego
1210 2159 1453 2240 quippe,
1511 2158 1614 2239 qui
1660 2159 1788 2238 ipse
1847 2159 2024 2220 etiam

378 2271 510 2315 sum
541 2251 615 2313 ab
670 2269 740 2312 eo
787 2248 1002 2310 multas
1051 2257 1408 2310 consecutus
1453 2248 1695 2327 gratias,
1749 2267 2028 2330 saepeque

375 2347 499 2403 tum
550 2357 804 2420 corpore
865 2347 988 2398 tum
1039 2338 1239 2399 anima
1286 2337 1552 2417 adjutus,
1589 2355 1722 2398 cum
1757 2336 2025 2400 viderem

383 2432 513 2512 ejus
565 2431 798 2492 thecam
853 2426 1096 2489 assidue
1158 2427 1360 2490 multis
1414 2435 1644 2489 scatere
1697 2427 2024 2502 miraculis,

383 2519 650 2581 mirabar
680 2536 918 2598 semper
948 2517 1104 2598 apud
1131 2537 1247 2591 me,
1273 2526 1329 2578 et
1355 2517 1686 2596 c0gitabam
1710 2536 1827 2598 quo
1855 2517 2030 2578 modo

386 2609 460 2671 ad
493 2608 682 2671 Deum
719 2617 945 2670 tantam
997 2618 1308 2669 aSSvCUtus
1361 2605 1436 2668 sit
1486 2606 1790 2669 ﬁduciam.
1825 2607 2032 2688 'Atque

381 2699 648 2760 animum
679 2716 878 2759 meum
911 2695 1192 2759 incitabat
1221 2695 1520 2777 quoddam
1549 2695 1942 2769 desidetium,
1967 2703 2032 2758 ut

2113 2156 2365 2224 τελευτὴν
2424 2163 2607 2232 κομῶν
2666 2158 2954 2232 θαύμασιν.
3030 2156 3176 2236 Ἐγὼ
3231 2158 3332 2238 γαρ
3390 2155 3609 2216 πολλῶν
3673 2158 3780 2232 μὲν

2111 2246 2312 2303 ἐκείνου
2383 2247 2477 2302 καί
2544 2247 2700 2308 αὐτὸς
2775 2244 3084 2310 ἀπολαύσας
3149 2269 3408 2326 χαριτων,
3470 2248 3556 2302 καὶ
3616 2251 3776 2321 σῶμα

2111 2335 2373 2400 πολλάκις
2432 2335 2522 2392 ὑπ’
2567 2338 2725 2393 αὺτοῦ
2781 2337 2866 2393 καὶ
2909 2340 3096 2416 ψυχὴν
3161 2337 3217 2393 εἴ
3275 2337 3578 2414 πεπονθὼς,
3627 2336 3772 2393 πολ-

2111 2425 2236 2489 λαῖς
2299 2424 2355 2481 δὲ
2427 2427 2516 2482 καὶ
2575 2426 2676 2482 τὶν
2738 2427 2793 2481 α·’
2871 2436 2893 2446 “’
2963 2429 2990 2481 θ
3270 2425 3282 2447 ¹
3525 2427 3539 2448 ²
3599 2427 3625 2467 ἰ

2633 2464 2644 2493 ι
2782 2447 2897 2485 δτου
2994 2427 3135 2496 ήκην
3191 2426 3451 2503 βρύουσαν
3520 2447 3775 2483 εκαστοτε

2112 2518 2558 2596 θαυματουργίαις
2615 2518 2771 2594 δρῶν,
2834 2517 3128 2594 ἐθαύμαζόν
3183 2539 3238 2574 τε
3294 2517 3374 2574 ἀεὶ
3433 2516 3550 2576 κατ’
3604 2521 3771 2594 ἒμαυ-

2114 2609 2232 2687 τὸν,
2268 2609 2364 2663 καί
2411 2606 2561 2670 ὅπως
2594 2605 2693 2684 ἄρα
2752 2605 3083 2674 τηλικαύτης
3114 2607 3276 2686 ’έτυχε
3326 2609 3472 2686 παρὰ
3501 2612 3618 2681 Θεῷ
3676 2608 3782 2676 τῆς

2113 2699 2435 2776 παρρησίας,
2485 2694 2827 2772 διενοούμην.
2887 2697 2996 2756 Καῖ
3067 2698 3171 2774 μού
3228 2701 3304 2763 τις
3373 2697 3623 2772 ἐπιθυμία
3677 2697 3783 2765 τὴν

381 2796 661 2851 accurate
718 2787 984 2860 scirem,
1046 2804 1323 2867 quamam
1384 2785 1712 2848 exstitisset
1769 2785 2024 2847 hominis

2121 2787 2308 2866 ψυχὴν
2365 2785 2703 2864 ὑπηρέθιζεν,
2738 2786 2877 2844 ὥστε
2939 2790 3131 2862 μαθεῖν
3176 2786 3435 2866 ἀκριϐῶς,
3465 2809 3544 2850 τις
3602 2789 3630 2844 ὁ
3687 2796 3787 2847 τοῦ

382 2878 522 2951 vita,
558 2887 616 2939 et
645 2877 835 2957 qualis
885 2875 959 2937 ad
1007 2875 1283 2937 virtutem
1336 2875 1711 2949 exercitatio,
1745 2882 1805 2936 et
1837 2875 2024 2936 unde-

2119 2875 2302 2956 ἀνδρὸς
2360 2877 2498 2952 βίος,
2532 2878 2620 2933 καὶ
2672 2877 2798 2934 ποία
2853 2878 2987 2954 πρὸς
3046 2877 3238 2955 ἀρετὴν
3292 2879 3327 2946 ἦ
3386 2874 3641 2958 ἄσκησις,
3687 2871 3780 2932 καὶ

383 2985 521 3030 nam
557 2975 714 3027 tanta
745 2965 799 3028 ei
831 2983 965 3026 cum
1001 2963 1122 3026 Deo
1174 2963 1544 3026 familiaritas
1575 2973 1634 3025 et
1664 2962 2024 3044 conjunctio.

2121 2963 2236 3022 ὅθεν
2292 2965 2326 3032 ἡ
2391 2966 2626 3033 τοσαύτη
2699 2972 2872 3032 νεῦσις
2931 2969 3073 3040 αὖτῷ
3130 2971 3261 3045 πρὸς
3335 2967 3425 3023 τὸν
3495 2967 3625 3022 Θεὸν
3681 2965 3782 3022 καί

2120 3055 2409 3118 οἰκείωσις,

472 3141 662 3206 CLXI.
696 3141 902 3221 Itaque
931 3159 1065 3203 cum
1098 3141 1441 3204 incidissem
1475 3141 1536 3202 in
1571 3141 1788 3204 multos
1819 3158 1896 3202 ex
1927 3141 2024 3203 hu-

2201 3133 2381 3204 PEA'.
2447 3141 2678 3206 Πολλοῖς
2754 3142 2852 3219 μὲν
2913 3144 3002 3201 οὗν
3060 3151 3165 3200 τῶν
3223 3143 3360 3202 κατὰ
3414 3144 3517 3210 αὴν
3571 3141 3779 3222 ’έρημον

376 3235 479 3316 jus
509 3231 695 3295 eremi
741 3229 1041 3302 Patribus,
1093 3231 1196 3311 qui
1247 3230 1458 3311 partim
1507 3239 1671 3292 recte
1721 3229 2024 3293 audierant

2119 3233 2318 3298 ταύτην
2362 3232 2611 3310 Πατέρων
2681 3232 2979 3314 ὶπιτυχὼν,
3040 3247 3157 3299 τοῖς
3213 3233 3312 3308 μὲν
3388 3231 3638 3314 ἀσφαλῶς
3710 3232 3777 3288 τὰ

383 3342 483 3387 res
526 3320 852 3400 Euthymii,
901 3319 1114 3400 partim
1175 3329 1234 3380 et
1289 3339 1423 3381 cum
1481 3319 1611 3400 ipso
1663 3320 1832 3382 beato
1883 3318 2024 3382 Saba

2122 3323 2376 3396 Εὗθυμῖου
2423 3321 2710 3402 ἀκηκοόσι,
2741 3335 2858 3387 τοῖς
2919 3321 2974 3380 δὲ
3033 3325 3118 3379 καὶ
3179 3323 3323 3397 αὗτῷ
3371 3329 3446 3397 τῷ
3504 3321 3774 3399 μακαρίτῃ

385 3411 722 3476 conversati
754 3413 1007 3481 luerant;
1043 3427 1436 3490 quaecumque
1468 3427 1674 3470 eorum
1710 3408 2024 3489 unusquis-

2119 3408 2264 3484 Σάϐᾳ
2337 3413 2744 3491 συγγεγονόσιν·
2806 3412 2904 3469 ὅσα
2953 3435 3043 3489 μοι
3103 3413 3305 3470 τούτων
3374 3410 3597 3474 ἕκαστος
3656 3412 3776 3486 περὶ

388 3522 505 3584 que
537 3501 681 3563 mihi
715 3500 790 3562 de
823 3505 1045 3561 utrovis
1077 3498 1314 3560 illorum
1347 3498 1628 3574 narravit,
1663 3499 1863 3562 omnia
1893 3498 2024 3581 qui-

2119 3500 2374 3580 ὁποτέρου
2434 3501 2496 3557 ἂν
2557 3500 2759 3581 ἄμφοῐν
2819 3501 3322 3582 διηγήσατο,πάντα
3383 3501 3480 3576 μὲν
3538 3501 3771 3579 ἀνεγρα-

387 3595 524 3654 dem
588 3600 864 3652 accurate
923 3588 1292 3668 conscripsi,
1347 3596 1607 3650 attamen
1668 3589 1918 3650 confuse
1977 3596 2036 3651 et

386 3679 750 3744 inordinate.
779 3682 1077 3760 Tempore
1098 3695 1241 3739 vero
1265 3685 1672 3759 consequente
1699 3678 1850 3757 (95),
1875 3695 2032 3739 ωου-

387 3769 622 3833 menica
689 3781 894 3830 sancta
973 3765 1180 3847 quinta
1236 3766 1461 3846 synodo
1521 3766 2032 3846 Constantinopoli

384 3865 769 3939 congregata,
799 3867 853 3920 et
885 3874 992 3938 per
1022 3874 1152 3918 eam
1185 3853 1462 3934 Origenis
1497 3855 1614 3936 t96)
1651 3853 2030 3937 Nestoriique

385 3946 764 4030 dogmatibus
813 3947 1190 4008 anathemate
1253 3945 1575 4025 percussis,
1630 3964 1888 4026 cumque
1930 3945 2032 4026 qui

387 4056 603 4101 novam
656 4036 885 4097 lauram
935 4036 1071 4114 (97)
1127 4044 1447 4096 tenuerant
1496 4032 1851 4113 Origenistae
1881 4034 2027 4114 (98),

384 4127 558 4191 illinc
587 4135 791 4188 essent
823 4123 1082 4204 expulsi,
1119 4142 1447 4204 rursusque
1478 4125 1538 4185 in
1589 4142 1718 4185 eam
1774 4125 2028 4204 migras-

387 4225 524 4279 sent
553 4214 763 4275 ﬁdeles
793 4221 851 4274 et
902 4212 1217 4274 orthodoxi
1263 4217 1492 4286 Patres,
1552 4231 1660 4290 ego
1727 4213 2032 4293 permissu

389 4301 762 4367 admirabilis
791 4300 1044 4363 solitarii
1101 4300 1372 4378 Joannis,
1427 4301 1694 4383 episcopi
1743 4302 1899 4383 (99),
1935 4301 2032 4364 iu-

2115 3591 2304 3666 ψάμην
2377 3592 2469 3648 σὺν
2519 3589 2783 3669 ἀκριϐείᾳ,
2848 3592 3265 3672 ωγκεχυμέδώς
3345 3589 3391 3646 δ’
3451 3594 3540 3648 οὗν
3621 3589 3768 3665 ὅμως

2113 3683 2198 3736 καὶ
2257 3681 2622 3743 ἀσυντάκτως.
2660 3681 2841 3759 Χρόνω
2897 3680 2948 3737 δὲ
3015 3681 3252 3760 ὕστερον,
3304 3681 3399 3749 τῆς
3459 3682 3769 3755 οἰκουμενι-

2113 3770 2211 3838 κῆς
2273 3771 2427 3846 ἁγίας
2486 3769 2740 3846 πέμπτης
2798 3769 3015 3830 συνόδου
3071 3770 3127 3825 ἐν
3202 3768 3771 3831 Κωνσταντινουπὸλει

2115 3860 2590 3938 συγκροτηθείσης,
2643 3860 2732 3917 καὶ
2788 3865 2893 3916 τῶν
2965 3850 3266 3938 Ὠριγένους
3335 3861 3422 3916 καὶ
3488 3861 3773 3938 Νεστορίου

2113 3948 2396 4028 δογματων
2440 3945 2528 4005 ὄπ’
2563 3948 2725 4015 αὐτῆς
2757 3948 3303 4024 ἀναθεματισθέντων,
3336 3955 3442 4004 τῶν
3495 3969 3551 4005 τε
3599 3969 3774 4005 κατα-

2115 4041 2360 4119 σχόντων
2411 4038 2510 4106 τὴν
2569 4039 2691 4095 νέαν
2763 4036 2959 4114 λαύραν
3025 4037 3526 4116 Ὠριγενειαστῶνιι
3567 4036 3772 4094 ἐκεῖθεν

2115 4126 2511 4197 ἀπελαθέντων,
2571 4129 2659 4184 καὶ
2718 4128 2924 4184 πιστῶν
2995 4128 3069 4188 sic
3141 4126 3308 4195 αὐτὴν
3367 4126 3615 4204 Πατὲρων
3685 4125 3776 4182 καὶ

2117 4214 2402 4296 ὀρθοδόξων
2475 4215 2620 4282 αὖθις
2699 4217 3118 4291 μετοικισάντων
3151 4223 3175 4250 ⁸
3212 4232 3227 4248 ⁸
3317 4215 3608 4296 ἐπιτραπέν
3676 4236 3773 4289 μοι

2120 4307 2260 4384 παρὰ
2342 4315 2430 4364 τοῦ
2511 4308 2815 4382 θαυμαστοῦ
2897 4307 3211 4387 ἡσυχαστοῦ
3293 4305 3584 4380 Ἰωάννου,
3675 4313 3773 4363 τοῦ

388 4411 591 4474 quam,
625 4391 870 4454 discedo
902 4409 934 4452 a
971 4390 1270 4467 coanobio,
1329 4399 1389 4453 et
1441 4392 1569 4472 ipse
1621 4394 1796 4453 etiam
1835 4409 2024 4452 versor

2121 4395 2438 4469 ἐπισκόπου,
2498 4397 2661 4473 φημὶ,
2728 4395 2940 4474 ἀπαίρω
2999 4395 3092 4452 τοῦ
3147 4392 3435 4469 κοινοϐίου,
3495 4395 3587 4451 καὶ
3643 4392 3771 4470 τῇδε

386 4484 452 4546 in
485 4483 595 4546 hac
626 4481 811 4544 Iaura.
849 4485 1030 4543 Porro
1061 4489 1372 4563 postquam
1401 4480 1473 4543 ad
1501 4499 1636 4544 eam
1660 4480 2024 4554 transissem,

2119 4491 2188 4560 τῇ
2245 4483 2411 4563 λαύρα
2455 4485 2550 4541 καί
2608 4485 2765 4546 αὐτὸς
2820 4484 3057 4561 γίνομαι.
3128 4483 3376 4541 Δίαϐἀντι
3421 4482 3476 4540 δέ
3499 4505 3590 4560 μοι
3637 4484 3773 4560 πρὸς

391 4583 669 4654 paternas
699 4572 927 4634 litteras
965 4582 1234 4648 secutus,
1283 4590 1415 4653 quae
1465 4571 1859 4634 hortabantur
1913 4589 2024 4647 me,

2118 4573 2305 4653 αὖτήν,
2383 4573 2657 4651 γράμμασι
2747 4579 3038 4652 Πατρικοϊς
3102 4572 3421 4639 ἂνατάξαθαι
3493 4573 3590 4640 τὴν
3650 4573 3774 4649 περὶ

391 4671 458 4724 ut
487 4679 912 4742 componerem
955 4661 1262 4724 historiam
1310 4659 1618 4722 beatorum
1651 4657 1947 4740 Euthymii
1978 4667 2024 4720 et

2121 4662 2373 4736 Eboopiou
2423 4683 2480 4718 τε
2529 4662 2615 4718 καὶ
2673 4659 2820 4719 Σᾶὄα
2863 4667 2968 4718 τῶν
3013 4664 3285 4742 μακαρίων
3339 4663 3570 4740 ἱστορίαν
3627 4683 3769 4739 προ-

393 4749 595 4823 Sabae,
650 4749 800 4812 duos
842 4749 1084 4831 quidem
1142 4768 1331 4812 annos
1375 4749 1664 4828 deinceps
1720 4747 2024 4812 continuos

2118 4750 2464 4830 τρεπομένοις
2536 4773 2604 4824 με
2659 4751 3151 4827 κατακολουθήσας,
3213 4750 3301 4808 δύο
3361 4752 3457 4827 μὲν
3519 4753 3580 4807 τὸ
3647 4749 3774 4818 ὲξῆς

395 4839 602 4920 quievi
630 4839 688 4902 in
718 4839 905 4916 Iaura,
939 4848 994 4902 et
1029 4840 1199 4922 operi
1231 4839 1666 4902 conscribendo
1695 4836 1969 4900 incubui.

471 5017 688 5084 CLXII.
716 5019 862 5083 Cum
891 5025 1090 5082 autem
1121 5017 1411 5081 orationis
1440 5017 1801 5100 principium
1837 5015 2035 5081 facere

2116 4839 2388 4898 διετέλεσα
2431 4840 2660 4921 χρόνους
2704 4842 2992 4923 ἡσυχάζων
3049 4841 3103 4898 ἐν
3144 4847 3213 4919 τῇ
3266 4839 3432 4920 λαύρα
3475 4842 3562 4897 καὶ
3598 4861 3774 4918 προσ·

2117 4930 2361 5004 κείμενος
2396 4931 2474 5004 τῷ
2499 4929 2854 5008 συντάγματι.

2198 5010 2374 5082 ΡΞΒ’,
2434 5018 2642 5100 Ἀρχὴν
2674 5017 2728 5075 δὲ
2775 5031 2866 5081 τοῦ
2912 5019 3074 5101 λόγου
3126 5019 3205 5097 μὴ
3236 5017 3386 5101 ἔχων
3440 5020 3772 5091 ποιήσασθαι

1691 5124 1956 5190 VARIIE
2006 5122 2450 5190 LECTIONES.
3011 5152 3015 5158 ·

473 5251 519 5282 ω
548 5236 627 5298 al.
661 5235 850 5300 inser.
883 5238 986 5314 μή.
1071 5257 1099 5287 ιι
1130 5234 1210 5297 al.
1241 5235 1680 5316 ⁴Ὠριγενιαιστῶν.
1767 5246 1791 5274 °
1820 5234 1902 5300 al.
1931 5234 2393 5310 μετοικησάντων,

1612 5339 1826 5406 JOAN.
1869 5338 2246 5406 BOLLANDI
2290 5337 2544 5404 NOTAE.

465 5434 582 5505 (95)
621 5437 730 5493 Au.
764 5434 866 5492 Ch.
903 5437 1029 5494 553.

464 5507 577 5579 (9(3)
609 5507 688 5579 De
709 5524 773 5579 ea
796 5506 1168 5567 damnatione
1187 5507 1354 5579 plura
1379 5507 1532 5566 idem
1556 5507 1614 5564 in
1639 5506 1760 5565 Vita
1787 5507 1844 5564 S.
1869 5507 2038 5579 Sabae

466 5576 581 5648 (97)
612 5578 693 5636 De
725 5578 883 5636 Iaura
914 5593 1060 5652 nova
1090 5576 1401 5652 exstructa.
1434 5581 1671 5652 ejusque
1691 5579 1902 5652 primis
1929 5578 2036 5652 be-

394 5652 667 5722 guments
696 5651 815 5724 agit
841 5650 1106 5724 pluribus
1153 5650 1403 5727 Cyrillus
1450 5649 1510 5709 in
1564 5649 1704 5711 νηοί
1742 5650 1801 5712 S.
1851 5649 2033 5709 Saba.

2190 5434 2324 5508 Vide
2341 5436 2781 5508 ,Prolegomena
2793 5478 2804 5491 .

2209 5506 2298 5578 98)
2331 5507 2407 5564 De
2440 5505 2725 5565 his‘idem
2754 5507 3004 5578 Cyrillus
3042 5508 3098 5565 in
3139 5507 3266 5566 Vita
3297 5505 3356 5565 S.
3397 5507 3581 5567 Saba.

2122 5577 2752 5724 qéﬁgtEpiscopatum
2781 5577 3186 5645 Colonieusem
3228 5582 3287 5645 in
3321 5579 3595 5638 Armenia
3637 5577 3783 5647 teli-
