4072 6206
295 283 424 352 733

1615 295 1800 359 νΙΤΑ
1845 293 1904 356 8.
1953 294 2370 357 EUTHYMII.

3563 299 3681 365 734

286 435 426 494 οἷον
485 435 622 513 μηδὲ
681 437 892 514 παιδεία
949 444 1018 518 τῇ
1086 441 1303 520 θύραθεν
1364 437 1606 519 ἐντριϐὴς
1679 439 1806 521 ὢν),
1866 431 1953 487 οὒκ

2044 446 2161 488 non
2198 447 2467 508 possem,
2503 427 2691 512 utqui
2728 449 2846 492 non
2883 430 2996 494 sim
3028 431 3088 496 in
3121 438 3367 496 externa
3415 442 3687 498 versatus

298 544 470 594 ανιην
525 527 790 609 δακρύων,
833 533 920 588 καὶ
963 529 1149 602 δεήσαι
1193 532 1492 608 θερμοτάτῃ
1542 533 1638 588 καὶ
1683 536 1960 610 προσευχῇ

307 619 620 698 χρώμενος.
653 618 815 687 ’Ἤδη
843 618 898 676 δέ
928 643 1009 685 τις
1040 621 1128 678 καὶ
1158 620 1332 678 ἔννοιά
1362 643 1427 696 με
1484 623 1679 701 εἰσῄει,
1709 620 1959 701 ἆποσχὲο

311 712 434 765 σθαι
477 716 570 766 τοῦ
617 708 1046 790 ἐγχειρήματος,
1081 708 1342 788 ἐργώδους
1399 711 1538 768 οὕτω
1579 712 1666 767 καὶ
1723 712 1959 785 μείζονος

305 797 430 863 ὄνος
485 796 521 865 ἣ
553 797 667 855 καθ’
726 800 894 872 ἡμᾶς,
951 800 1083 855 [locis
1139 806 1267 878 γοῦν
1324 797 1489 863 οὕτως
1547 799 1958 878 ἀμηχανοῦντα,

294 888 396 944 καὶ
425 893 494 964 τῇ
539 889 749 957 συνήθει
796 889 1297 965 προσκαθεζάμενον
1355 886 1600 961 καθέδρᾳ,
1637 889 1760 952 τοὺς
1814 888 1957 967 χάρ-

290 998 402 1042 τας
446 997 504 1032 τε
575 975 660 1032 διὰ
727 979 913 1057 χειρὸς
987 977 1208 1058 ἔχοντα,
1270 978 1363 1034 καί
1436 975 1688 1049 ἀλύοντα,
1735 978 1960 1054 περίπου

290 1065 548 1144 δευτέραν
599 1069 699 1132 τῆς
726 1067 934 1144 ἡμέρας
983 1066 1150 1145 ὥραν,
1184 1065 1348 1131 ὕπνος
1408 1070 1571 1145 αἱρεῖ.
1620 1068 1718 1124 Καὶ
1775 1089 1954 1144 παρα-

295 1155 494 1235 χρῆμα
560 1156 587 1211 ὃ
648 1177 705 1212 τε
764 1156 934 1234 μέγας
1004 1157 1260 1230 Εὖθύμιος
1330 1157 1416 1212 καὶ
1473 1154 1650 1220 Σάϐας
1708 1159 1736 1212 ὁ
1805 1160 1951 1220 θεῖος

294 1246 669 1325 ὶπιφαίνονταί
724 1269 842 1326 μοι,
898 1247 964 1302 τὰ
1021 1247 1223 1314 συνήθη
1295 1244 1646 1312 ἐνδεδυμένοι.
1710 1246 1953 1303 Ἀκούειν

295 1356 361 1391 τε
431 1333 828 1412 διαλεγομένων
887 1336 1060 1394 αὐτῶν
1127 1333 1364 1393 ἐδόκουν·
1435 1335 1579 1392 Σάόα
1635 1344 1729 1393 τοῦ
1787 1335 1951 1393 σεϐα-

301 1424 484 1499 σμίου,
549 1424 759 1504 πρώτον
839 1424 1090 1504 ἄρξαντος
1174 1423 1412 1500 ὁμιλίας·
1486 1427 1574 1482 καὶ
1646 1423 1754 1482 ἰδοὺ
1821 1428 1953 1502 πρὸς

294 1514 391 1570 τὸν
450 1516 623 1592 μέγαν
696 1517 974 1595 Εῦθύμιυν,
1035 1518 1062 1571 ὁ
1137 1513 1391 1593 Κύρολλός
1457 1537 1575 1589 σου,
1649 1517 1952 1594 εἰρηκότος,

297 1603 426 1667 τοὺς
479 1603 684 1683 χάρτας
716 1603 815 1678 μὲν
864 1603 948 1660 διὰ
992 1605 1176 1683 χειρὸς
1227 1603 1350 1684 ἔχει
1401 1606 1520 1667 τοὺς
1550 1612 1656 1661 τῶν
1704 1607 1953 1679 ὓπομνη-

298 1693 512 1768 μάτων,
593 1691 796 1760 σπουδή
880 1693 935 1749 δὲ
1005 1693 1092 1749 καὶ
1175 1693 1337 1750 πόνον
1407 1694 1531 1751 ὅσον
1615 1695 1950 1772 εἰσενεγκὼν,

2045 518 2406 599 eruditione,
2439 539 2556 581 non
2591 519 2896 582 cessaham
2933 521 3268 604 Iacrymari,
3305 524 3510 606 utique
3544 544 3686 607 pre-

2044 605 2215 668 cibus
2264 619 2321 668 et
2371 608 2742 670 orationibus
2790 612 3249 674 ardentissimis.
3302 605 3428 675 Jam
3463 605 3600 676 vero
3631 625 3689 678 et

2049 715 2142 756 me
2173 697 2466 776 ejusmodi
2499 697 2760 759 subierat
2787 701 3087 778 cogitatio,
3116 701 3408 763 desistere
3437 723 3470 764 a
3493 714 3685 782 empto

2043 785 2192 846 adeo
2212 785 2526 858 diilicili,ct
2546 788 2697 848 vires
2716 799 2946 850 nostras
2969 790 3319 854 excedente.
3347 792 3684 870 Aliquando

2043 875 2220 954 igitur
2278 895 2371 936 me
2427 877 2503 937 ita
2559 878 2930 958 perplexum,
2986 890 3043 940 et
3079 879 3138 941 in
3171 880 3346 942 solita
3403 883 3685 945 cathedra

2041 965 2376 1039 sedentem,
2412 965 2857 1047 habentemque
2888 968 3123 1029 chartas
3153 968 3211 1030 in
3241 988 3440 1042 manu,
3467 980 3524 1032 et
3547 989 3680 1033 cum

2043 1072 2300 1116 maerore
2333 1054 2824 1133 cogitabundum,
2862 1076 3112 1118 somnus
3162 1059 3468 1139 opprimit,
3526 1060 3687 1122 circa

2036 1148 2362 1205 secundam
2397 1145 2600 1206 horam
2635 1146 2776 1207 diei.
2816 1144 2884 1207 Et
2916 1147 3112 1208 statim
3163 1166 3409 1227 magnus
3457 1148 3680 1230 Euthy-

2039 1233 2193 1295 mius
2223 1234 2588 1310 divinosque
2621 1234 2806 1298 Sabas
2841 1236 2984 1297 mihi
3019 1249 3308 1317 apparent
3336 1239 3510 1314 (99'),
3545 1258 3683 1301 ves-

2037 1323 2128 1383 titi
2154 1322 2237 1384 ita
2258 1333 2321 1384 ut
2344 1335 2803 1386 consueverant.
2837 1326 3026 1406 Atque
3052 1327 3193 1388 mihi
3217 1327 3462 1389 videbar
3476 1328 3682 1390 audire

2037 1431 2141 1474 eos
2173 1413 2565 1486 disserentes,
2593 1415 2936 1476 venerando
2958 1415 3109 1477 Saba
3140 1417 3329 1497 primo
3357 1418 3684 1500 incipiente

2039 1520 2404 1577 sermonem,
2443 1522 2513 1564 ac
2562 1504 2801 1566 dicente
2832 1505 2902 1565 ad
2940 1524 3214 1585 magnum
3249 1507 3623 1588 Euthymium
3663 1526 3676 1570 :

2037 1589 2192 1652 Ecce
2223 1591 2480 1670 Cyrillus
2516 1601 2666 1656 tuus.
2707 1611 2882 1655 manu
2918 1593 3161 1675 quidem
3199 1605 3360 1657 tenet
3411 1598 3675 1659 chartam

2038 1682 2612 1742 commentariorum
2643 1701 2658 1759 ;
2711 1683 2814 1743 sed
2853 1703 3063 1764 magno
3095 1685 3361 1747 adhibito
3393 1686 3592 1748 studio
3625 1695 3683 1748 et

295 1780 451 1838 οὔπω
481 1779 595 1836 οῦδὲ
627 1781 726 1848 τὴν
773 1782 949 1862 ἀρχὴν
983 1781 1245 1838 ἐπιθεῖναι
1276 1789 1353 1854 τῷ
1381 1781 1526 1860 λόγῳ
1566 1770 1814 1863 ἕσχυσενξ
1851 1770 1953 1840 Τοῦ

2039 1770 2264 1846 labore,
2326 1771 2593 1832 nundum
2652 1775 2842 1852 potuit
2885 1774 3139 1836 orationi
3193 1793 3266 1836 ne
3318 1777 3678 1857 principium

293 1868 374 1947 δὲ,
409 1871 500 1926 καὶ
549 1871 665 1934 πῶς
718 1873 780 1926 ἂν
830 1871 1086 1933 ἆδυνατὸς
1145 1870 1236 1938 εἴη
1277 1874 1442 1928 ταῦτα
1498 1887 1699 1952 ποιεῖν,
1731 1871 1892 1929 πάλιν
1921 1881 1946 1924 Ρ

2034 1860 2278 1940 quidem
2319 1863 2656 1939 imponere.
2690 1861 2961 1940 Cumque
2993 1864 3091 1925 illc
3125 1866 3575 1945 respondisset:
3611 1865 3683 1927 Et

291 1959 566 2033 εἰπόντος,
627 1963 706 2034 μὴ
759 1961 853 2028 τῆς
914 1958 1113 2018 ἄνωθεν
1162 1960 1298 2038 αὒτῇ
1357 1962 1577 2041 χάριτος
1629 1950 1946 2042 συνεφαψα-

2038 1969 2144 2030 quo
2173 1951 2350 2011 modo
2374 1950 2498 2012 haec
2523 1951 2784 2030 potuerit
2806 1951 3092 2026 facere,si
3116 1972 3233 2014 non
3259 1974 3392 2015 eum
3420 1973 3679 2032 superna

294 2049 493 2124 μένης,
529 2052 558 2105 ὁ
601 2052 745 2111 θεῖος
779 2047 982 2125 Σάϐας,
1021 2047 1188 2107 Ἀλλὰ
1221 2050 1283 2106 σὺ
1328 2047 1416 2115 δὸς
1449 2051 1593 2126 αῦτῷ
1621 2053 1718 2119 τὴν
1755 2053 1946 2132 χάριν,

297 2137 401 2218 ἆγε
445 2139 640 2216 Πάτερ,
673 2137 956 2197 ὑπολαϐὼν
1015 2139 1139 2220 ἔφη.
1196 2139 1292 2198 Καὶ
1334 2140 1446 2216 ἅμα
1491 2144 1518 2197 ὁ
1574 2145 1718 2205 θεῖος
1781 2142 1948 2199 Εὐθύ-

301 2249 428 2304 μιος
499 2229 832 2286 ἓπινεύσανιι
906 2230 1116 2308 ἐοικὼς,
1178 2232 1265 2284 καὶ
1321 2229 1420 2298 τὴν
1494 2245 1658 2311 χεῖρα
1729 2232 1799 2294 εἰς
1859 2233 1951 2288 τὸν

302 2316 509 2375 κόλπον
590 2320 792 2398 καθεὶς,
862 2316 1194 2398 ἀλάϐαστρον
1279 2341 1325 2375 τι
1411 2319 1628 2395 μέλιτος
1699 2320 1952 2398 ἀργυροῦν

303 2407 510 2465 ἐκεῖθεν
585 2405 969 2482 ἀναλαμϐάνει·
1031 2411 1177 2486 ᾧπερ
1237 2407 1421 2482 μήλην
1479 2407 1754 2489 ἐμϐάψας,
1799 2409 1954 2477 ἐνῆκέ

301 2519 410 2574 μου
466 2499 576 2562 τοὶς
607 2499 680 2560 εἰς
734 2499 795 2554 τὸ
851 2497 1045 2571 στόμα.
1112 2505 1212 2555 Τοῦ
1252 2496 1308 2552 δὲ
1355 2497 1454 2577 ἄρα
1511 2500 1572 2554 τὸ
1630 2499 1729 2573 μὲν
1785 2497 1954 2578 εῦδος,

299 2585 470 2659 ἐλαίῳ
497 2587 674 2660 ἐῴκει·
717 2589 752 2654 ἡ
805 2593 982 2664 γεῦσις
1029 2584 1083 2643 δὲ
1109 2587 1182 2665 (ὢ
1241 2591 1347 2644 τῶν
1376 2587 1581 2644 ἐκεῖθεν
1639 2588 1876 2666 χαρίτῶν
1909 2587 1958 2665 ε)

304 2675 539 2756 ἄῤῥητός
599 2697 682 2740 τις
731 2673 942 2743 ἀληθῶς
1002 2678 1086 2733 καὶ
1139 2676 1462 2757 ἁπόῤῥητος*
1517 2679 1606 2734 καὶ
1649 2685 1724 2751 τῷ
1779 2676 1954 2752 μέλιτι

301 2765 448 2830 ὅλως
518 2763 931 2844 παραϐληθῆναι
1002 2767 1227 2847 ταύτην,
1300 2765 1451 2844 ὕϐρις
1535 2767 1779 2847 ἀτεχνῶς
1864 2774 1958 2824 τοῦ

303 2846 649 2925 πράγματος.
683 2847 836 2904 Ἐπεὶ
897 2848 986 2903 καὶ
1043 2845 1394 2904 διυπνισθὲντι
1459 2870 1575 2923 μοι,
1634 2845 1710 2923 τῷ
1768 2847 1956 2927 ἆφάτιμ

295 2938 402 3003 τῆς
461 2933 682 3008 ἡδονῆς,
742 2934 819 2993 ἔτι
874 2935 1098 3012 λείψανα
1158 2935 1319 3004 τῆσδε
1373 2941 1451 3010 τῲ
1510 2939 1735 3013 στόματι
1797 2959 1954 3016 περι-

297 3030 510 3103 μεῖναι·
576 3027 660 3082 καὶ
736 3024 872 3082 οὕτω
929 3024 1198 3104 περίπλεω
1256 3031 1353 3094 τῆς
1423 3027 1704 3091 θεσπεσίας
1754 3028 1954 3094 ταύτης

2031 2039 2327 2120 adjuverit
2381 2041 2618 2118 gratia?
2676 2040 2923 2102 Divinus
2975 2041 3163 2105 Sabas
3199 2066 3210 2103 :
3249 2045 3368 2107 Sed
3423 2052 3484 2106 tu
3517 2045 3573 2106 ei
3605 2046 3680 2105 da

2031 2129 2305 2210 gratiam,
2358 2138 2564 2192 sancte
2619 2133 2813 2206 Pater,
2850 2133 3158 2214 excipiens
3200 2133 3416 2216 inquit.
3476 2137 3677 2213 Atque

2033 2220 2213 2282 simul
2245 2220 2480 2281 divinus
2510 2220 2860 2302 Euthymius
2894 2225 3186 2284 annuenti
3207 2224 3445 2297 similis,
3474 2244 3678 2286 manu.

2035 2327 2152 2390 que
2177 2310 2236 2369 in
2263 2309 2454 2369 sinum
2487 2310 2779 2383 immissa,
2805 2322 3114 2390 argentum
3142 2313 3462 2394 quemdam
3483 2315 3678 2375 mellis

2037 2399 2401 2460 alabastrum
2438 2399 2606 2461 illinc
2637 2401 2854 2477 sumit;
2910 2401 2969 2461 in
3021 2421 3137 2481 quo
3175 2421 3307 2463 cum
3361 2403 3680 2482 specillum

2040 2489 2398 2559 intinxisset,
2437 2498 2524 2550 ter
2553 2508 2752 2550 meum
2788 2490 2848 2552 in
2882 2509 2947 2551 os
2977 2490 3248 2554 immisit.
3282 2491 3450 2553 Illius
3479 2501 3680 2553 autem

2038 2579 2274 2660 species
2305 2578 2544 2658 quidem
2581 2586 2708 2641 erat
2739 2579 2953 2641 similis
2983 2579 3154 2657 oleo;
3209 2591 3416 2660 gustus
3453 2599 3592 2641 vero
3623 2580 3683 2662 (ο

2039 2687 2170 2750 quas
2201 2668 2364 2729 illinc
2396 2677 2534 2730 sunt
2563 2669 2830 2747 gratiae!)
2855 2689 3063 2731 revera
3100 2669 3386 2750 explicari
3409 2679 3464 2731 et
3487 2670 3685 2733 verbis

2039 2758 2288 2839 exprimi
2327 2777 2445 2819 non
2490 2768 2721 2837 potest;
2755 2778 3016 2841 eumque
3059 2761 3306 2822 omnino
3337 2779 3470 2822 cum
3506 2761 3685 2823 melle

2039 2848 2338 2918 conferre,
2366 2848 2580 2927 ingens
2611 2861 2772 2911 esset
2805 2849 2893 2910 rei
2927 2851 3312 2912 contumelia.
3342 2848 3513 2914 Unde
3539 2851 3684 2913 mihi

2039 2937 2738 3020 expergefacto,pr0pter
2768 2938 3129 3002 ineffabilem
3162 2940 3687 3020 voluptatem,ejus

2038 3028 2235 3090 adhuc
2263 3027 2325 3089 in
2358 3047 2462 3089 ore
2494 3039 2920 3090 remanserunt
2961 3030 3230 3110 reliquie
3265 3047 3278 3092 :
3333 3031 3542 3112 sicque
3573 3049 3681 3092 ex-

295 3113 562 3184 ἡδύτηυος
622 3112 774 3191 ὄντα,
810 3120 900 3170 τοῦ
951 3116 1211 3194 παρόντος
1267 3115 1484 3196 ἄρξαθαί
1529 3139 1597 3191 με
1643 3119 1952 3195 συντάγμα-

2041 3118 2240 3199 pletus
2261 3117 2458 3179 divina
2478 3119 2588 3180 hac
2609 3119 3188 3198 suavitate,pr:esens
3210 3138 3360 3201 opus
3383 3120 3682 3194 inchoavi;

295 3224 415 3270 τος·
453 3203 806 3282 ἐπειγόμενον
849 3205 921 3270 ὡς
953 3205 1070 3261 οἷόν
1119 3228 1174 3262 τε
1207 3208 1294 3263 καὶ
1339 3209 1405 3264 τὰ
1432 3208 1569 3263 κατὰ
1607 3209 1696 3264 τὸν
1743 3205 1953 3288 ἄριστον

2039 3208 2219 3269 etiam
2273 3208 2572 3289 impulsus
2622 3227 3068 3290 properansque
3099 3208 3172 3270 ad
3203 3210 3523 3272 scribenda
3578 3227 3684 3290 pro

298 3294 508 3373 Σάόαν,
557 3294 613 3350 ἐν
671 3293 821 3350 ἄλλω
873 3295 1200 3372 συντάγματι
1259 3295 1509 3357 διελθεῖν.
1572 3298 1679 3363 Εἲή
1731 3296 1786 3354 δὲ
1836 3310 1956 3363 ταῖς

297 3386 478 3442 αὐτῶν
537 3383 864 3463 πρεσϐείαις,
911 3383 996 3441 ἐπὶ
1047 3384 1232 3443 πολλῶ
1282 3389 1539 3466 χρησίμῳ
1569 3395 1674 3443 τῶν
1728 3387 1955 3445 ἀκουόν-

302 3481 437 3554 τῶν,
483 3475 570 3530 καὶ
630 3472 881 3555 ὠφελείᾳ·
944 3475 1014 3537 εἰς
1069 3473 1222 3541 δόξαν
1279 3477 1481 3551 Πατρός
1541 3479 1630 3534 καὶ
1674 3480 1818 3552 Υἱοῦ,
1864 3479 1951 3534 καὶ

307 3565 459 3644 ἁγίου
503 3564 832 3638 Πνεύματος,
867 3568 966 3630 τῆς
1027 3571 1154 3639 μιᾶς
1213 3567 1300 3623 καὶ
1342 3567 1646 3647 ἀχωρίστου
1705 3565 1946 3646 Τριάδος·

306 3656 344 3724 ἦ
399 3652 591 3731 πρέπει
648 3651 792 3732 δόξα,
824 3652 958 3727 τιμὴ
1012 3657 1109 3710 καὶ
1168 3657 1553 3732 προσκύνησις,
1586 3663 1673 3714 νῦν
1725 3657 1820 3713 καί
1871 3657 1950 3716 ἀεὶ

307 3745 398 3801 καὶ
425 3745 500 3806 εἰς
540 3742 664 3808 τοὺς
691 3744 885 3808 αἰῶνας
926 3745 1032 3799 τῶν
1065 3744 1292 3808 αἰώνων,
1327 3743 1528 3820 Ἀμήν,

2041 3297 2264 3360 viribus
2311 3301 2368 3360 in
2402 3299 2518 3360 alio
2552 3317 2736 3378 opere
2767 3310 2930 3378 gesta
2963 3301 3442 3382 praestantissimi
3488 3302 3680 3365 Sabae.

2041 3386 2129 3450 Sit
2160 3407 2337 3468 porro
2367 3407 2434 3450 ea
2467 3407 2566 3449 res
2596 3388 2834 3450 illorum
2869 3389 3412 3452 intercessionibus
3443 3390 3512 3451 ad
3552 3408 3680 3452 ma-

2034 3495 2210 3555 gnam
2239 3478 2608 3539 audientium
2637 3479 2988 3555 utilitatem;
3023 3480 3082 3540 in
3107 3480 3357 3557 gloriam
3385 3479 3598 3554 Patris,
3624 3486 3687 3541 et

2034 3565 2191 3638 Filii,
2226 3576 2283 3626 et
2314 3566 2571 3647 Spiritus
2595 3569 2808 3642 sancti,
2837 3567 3012 3629 unius
3033 3578 3091 3629 et
3113 3569 3534 3650 inseparabilis
3552 3569 3684 3631 Tri-

2034 3657 2275 3734 nitatis;
2329 3677 2504 3739 quam
2557 3659 2729 3720 decet
2783 3658 2992 3737 gloria,
3049 3658 3246 3720 honor
3295 3669 3354 3720 et
3384 3659 3680 3738 adoratio,

2033 3764 2192 3808 nunc
2225 3755 2281 3808 et
2312 3764 2552 3828 semper
2602 3754 2660 3808 et
2690 3746 2749 3808 in
2781 3746 2999 3808 saecula
3025 3747 3410 3811 saeculorum.
3459 3751 3676 3810 Amen.

1619 3904 1882 3970 VARIE
1926 3903 2357 3972 LECTIONES.

1512 4062 1732 4129 JOAN.
1771 4065 2148 4131 BOLLANDI
2191 4066 2446 4133 NOTIE.

377 3993 404 4036 Ρ
431 3982 508 4045 al.
542 3982 766 4060 μᾶλλον.

386 4142 534 4225 (99‘)
563 4141 732 4206 Circa
761 4163 860 4206 an.
895 4143 1036 4210 Cur.
1072 4144 1214 4209 555.
