4072 6206
407 262 529 331 735
1697 267 1980 332 MENSIS
2031 267 2492 332 JANUARIUS.
3654 265 3786 332 736

1230 425 3791 462 Μ

414 447 809 456 _.———_—_——~—-_

1702 569 2482 700 ΑΘΛΗΣΙΣ

1199 823 1328 875 ΤΟΥ
1387 819 1582 873 ΑΓΙΟΥ
1631 823 1740 877 ΚΑΙ
1782 818 2103 876 ΕΝΔΟΞΟΥ
2149 821 2498 874 ΜΑΡΤΥΡΟΣ
2545 824 2673 875 ΤΟΥ
2719 822 3004 875 ΧΡΙΣΤΟΥ

1900 1010 2516 1100 ΒΙΚΕΝΤΙΟΥ

1745 1363 2429 1460 CERTAMEN

1317 1585 1594 1652 SANCTI
1636 1586 1729 1652 ET
1772 1583 2075 1650 INCLYTI
2119 1583 2517 1650 MARTYRIS
2560 1582 2864 1651 CHRISTI

1821 1781 2394 1870 VINCENTII

1649 2005 1848 2082 (Anno
1899 2003 2040 2082 300,
2087 2003 2168 2065 22
2212 2002 2540 2083 Januarii.)

416 2179 621 2255 [Grece
653 2197 788 2239 nunc
816 2181 1036 2257 primum
1071 2179 1236 2259 prodit
1266 2197 1327 2237 ex
1357 2181 1527 2240 codice
1555 2197 1652 2239 ms.
1687 2182 1849 2256 Regio
1875 2179 2276 2311 bilgblmaxpiiuﬁ
2303 2181 2510 2327 lParis.,
2545 2197 2599 2238 η.
2634 2179 2792 2247 1519,
2824 2179 3007 2237 saeculi
3033 2193 3097 2236 xx
3131 2198 3145 2248 ;
3179 2177 3362 2238 Latine
3393 2177 3525 2252 apud
3550 2177 3784 2237 Surium.

2041 2447 2132 2464 ..υ

483 2609 528 2669 I.
561 2606 884 2672 Victoriam
910 2628 1085 2690 quam
1115 2609 1532 2671 sanctissimus
1554 2619 1778 2688 martyr
1802 2605 2054 2670 Vincen-
2073 2616 2113 2664 Α

2218 2599 2303 2671 Α’.
2357 2601 2559 2669 ἰκανὶν
2589 2609 2676 2664 καὶ
2723 2614 2880 2666 τοῦτο
2922 2606 3149 2683 δοκιμῆς
3199 2606 3276 2683 τῷ
3305 2608 3589 2686 ἁγιωτάτῳ
3645 2609 3790 2687 μάρ-

407 2699 522 2760 tius
555 2699 630 2761 de
661 2698 833 2763 hoste
863 2699 1210 2779 reportavit,
1248 2698 1506 2761 maxime
1540 2696 1847 2777 probatam
1874 2697 2057 2761 fuisse

407 2807 476 2850 ex
508 2789 622 2850 hoc
649 2789 780 2868 ipso
812 2790 1061 2869 intelligi
1094 2797 1309 2868 potest,
1346 2787 1506 2869 quod
1535 2786 1830 2848 bonorum
1853 2805 2055 2848 rerum

407 2877 691 2939 inimicus
713 2878 990 2941 diabolus
1014 2897 1220 2940 eorum
1249 2877 1646 2940 certaminum
1679 2896 1811 2958 quae
1841 2887 2061 2958 martyr

407 2967 511 3028 ille
543 2967 827 3030 sustinuit
855 2988 923 3030 ac
955 2987 1278 3049 perpessus
1323 2976 1435 3042 est,
1484 2966 1888 3027 venerandam
1925 2984 2058 3027 me.-

410 3057 660 3117 moriam
695 3057 934 3120 silentio
966 3059 1205 3119 interim
1241 3056 1613 3119 obruendam
1652 3057 1900 3118 curavit.
1939 3057 2059 3118 Sed

408 3163 517 3206 nos
542 3145 754 3207 ordine
782 3147 1047 3224 singulas
1071 3165 1192 3219 res,
1221 3156 1283 3207 ut
1305 3156 1487 3224 gestae
1516 3153 1672 3218 sunt,
1702 3144 1761 3205 in
1787 3154 2058 3224 apertum

410 3235 813 3315 proferemus,
847 3236 1370 3317 certissimamque
1400 3253 1604 3297 earum
1640 3252 1842 3296 rerum
1875 3233 2056 3297 fidem

410 3334 756 3405 sequentes,
793 3326 1133 3389 inviolatam
1169 3325 1444 3406 martyris
1477 3324 1943 3398 confessionem,
1997 3335 2058 3386 et

2138 2725 2250 2780 τυρι
2320 2700 2570 2772 Βικεντίῳ
2625 2700 2701 2763 εἷς
2776 2698 2876 2766 τὴν
2932 2699 3070 2754 κατὰ
3127 2706 3221 2756 τοῦ
3280 2700 3475 2778 ἔχθροῦ
3530 2699 3789 2776 μεγίστην

2139 2794 2312 2870 νίκην,
2345 2792 2407 2848 τὸ
2449 2789 2550 2855 τὴν
2605 2788 2826 2863 μνήμην
2882 2789 2989 2844 τῶν
3047 2786 3268 2864 ἀγώνων
3325 2789 3485 2848 αὐτοῦ
3539 2790 3639 2844 καὶ
3705 2793 3792 2842 τοῦ

2140 2882 2337 2944 πάθους
2395 2878 2455 2934 τὸ
2485 2874 2723 2952 ἀοίδιμον
2771 2875 3019 2944 έθελῆσαι
3081 2877 3170 2933 τὸν
3198 2875 3492 2949 μισόκαλον
3535 2881 3605 2954 τῇ
3655 2898 3787 2933 σιω-

2142 2977 2219 3047 πῇ
2274 2969 2682 3042 ταμιεύσασθαι,
2727 2964 2879 3024 Ἀλλ’
2909 2969 3072 3037 ἡμεῖς
3132 2975 3256 3045 γοῦν
3308 2968 3382 3030 εἰς
3441 2967 3504 3023 τὸ
3560 2965 3791 3045 ἐμφανὲς

2143 3060 2342 3117 ἕκαστα
2394 3057 2532 3113 κατὰ
2599 3055 2746 3122 τάξιν
2807 3053 3112 3132 ἰκδώσομεν
3183 3056 3642 3134 συμπληρεστάτῃ
3697 3057 3791 3112 πί-

2143 3169 2256 3205 στει
2315 3147 2382 3202 τὰ
2416 3144 2592 3200 δίκαια
2633 3151 2738 3200 τῶν
2789 3144 3139 3224 πραχθέντων
3180 3145 3278 3213 τὴν
3328 3143 3597 3224 ἀκήρατον
3656 3146 3792 3219 ὁμο-

2148 3236 2329 3315 λογίαν
2400 3234 2540 3314 φημὶ
2611 3231 2701 3308 δὴ,
2765 3236 2854 3292 καὶ
2924 3235 3023 3303 τὴν
3088 3233 3280 3302 ἂκλινῆ
3353 3236 3632 3313 καρτερίαν
3703 3240 3794 3292 τοῦ

2144 3327 2403 3404 μάρτυρος
2462 3322 2630 3402 μέχρι
2689 3328 2786 3390 τῆς
2838 3323 3145 3388 τελευταίας
3203 3324 3497 3405 ἀναπνοῆς,
3552 3325 3642 3382 καὶ
3694 3324 3792 3392 τὴν

409 3415 763 3477 tolerantem
825 3414 1268 3489 constantiam,
1330 3433 1521 3492 usque
1591 3413 1666 3475 ad
1723 3423 2057 3475 extremum

2144 3413 2344 3496 ἄφανον
2375 3414 2632 3491 ὠμότητα
2661 3420 2750 3471 τοῦ
2779 3413 3051 3475 δικαστοῦ.

407 3504 679 3583 spiritum
716 3515 1006 3568 servatam
1041 3504 1344 3586 simulque
1396 3503 1814 3566 incredibilem
1843 3501 2064 3582 judicis

408 3592 842 3657 immanitatem
879 3595 1280 3658 narrabimus.

489 3682 560 3746 Il.
585 3683 641 3746 Is
666 3704 800 3746 cum
827 3686 1309 3750 Christianorum
1334 3683 1750 3757 vastationem,
1782 3691 1843 3743 ut
1864 3681 2060 3763 quivis

2224 3683 2314 3746 B'.
2376 3688 2558 3760 Διψῶν
2599 3684 2697 3758 γὰρ
2753 3685 2929 3753 οὗτος,
2975 3684 3018 3739 εἰ
3058 3683 3269 3763 καὶγτις
3314 3681 3502 3758 ἄλλος,
3534 3682 3635 3751 τήν
3689 3689 3794 3739 τῶν

409 3773 587 3849 alius,
621 3775 833 3852 sitiret,
867 3775 928 3837 in
961 3775 1308 3857 Hispaniam
1339 3775 1646 3856 profectus
1669 3781 1781 3849 est,
1807 3762 2060 3833 utillius

2142 3780 2470 3853 Χριστιανῶν
2530 3771 2729 3850 λύμην³
2775 3769 2942 3839 ἐπέϐη
3008 3777 3106 3839 τῆς
3166 3762 3444 3835 Ἱσπανίας
3501 3773 3601 3857 τὴν
3656 3774 3792 3849 ἡγε-

412 3865 736 3940 provinciaa
786 3853 1371 3928 administrationem
1417 3873 1674 3944 gereret,
1710 3881 1843 3943 quae
1871 3881 1904 3924 a
1933 3861 2057 3924 Ro-

2142 3866 2328 3938 μονίαν
2395 3861 2678 3937 δεξάμενος
2752 3862 2893 3939 παρὰ
2968 3867 3074 3918 τῶν
3145 3869 3438 3929 τηνικαῦτα
3510 3853 3782 3934 Ῥωμαίων

409 3963 600 4017 manis
651 3956 1118 4034 imperatoribus
1167 3943 1490 4018 commissa
1549 3954 1603 4016 ei
1659 3953 1852 4014 fuerat
1915 3953 2112 4030 Eratg

2142 3952 2427 4010 διεπόντων
2457 3950 2753 4028 βασιλείαν
2791 3943 3008 4018 ’Ἕλλην
3065 3973 3144 4015 τις
3175 3954 3250 4009 ὡν
3279 3953 3496 4029 μιαρὸς,
3529 3950 3624 4008 καί
3672 3973 3785 4025 μα-

400 4046 592 4125 judex
625 4047 728 4107 ille
762 4049 1028 4118 Graecus,
1057 4046 1312 4119 scelere,
1342 4045 1542 4106 furore
1575 4054 1632 4104 et
1663 4042 1882 4105 diaboli
1917 4061 2053 4123 per-

2143 4045 2255 4108 νίας
2308 4041 2609 4112 ἀνάπλεως,
2645 4041 2731 4098 καὶ
2772 4042 2950 4107 πάσης
3006 4046 3105 4108 τῆς
3133 4049 3228 4099 τοῦ
3273 4039 3520 4099 διαϐόλου)
3549 4039 3789 4118 δυσπρα-

410 4135 690 4194 versitate
722 4144 970 4214 arteque
999 4136 1369 4214 compositus
1403 4144 1462 4195 et
1495 4133 1738 4197 malitia:
1762 4133 1921 4194 illius
1949 4131 2058 4192 mi-

2143 4135 2258 4209 γίας
2314 4129 2710 4205 κεκροτημένον
2759 4129 2985 4208 ὄργανον
3037 4131 3323 4211 ὑπάρχων
3377 4133 3636 4196 Δατιανὸς
3691 4135 3788 4192 οὗ·

411 4225 602 4282 nister
630 4222 798 4283 valde
831 4223 1085 4284 idoneus
1113 4246 1125 4281 :
1162 4223 1486 4285 vocabatur
1514 4234 1716 4285 autem
1746 4223 2054 4284 Datianus.

2142 4244 2230 4279 τος
2291 4218 2616 4286 ἐπικέκλητο
2665 4217 2918 4296 τοῦνομα.
2965 4221 3157 4278 Ἣνίκα
3215 4219 3270 4276 δὲ
3327 4227 3395 4297 τῇ
3448 4226 3555 4277 τῶν
3613 4220 3792 4278 ἐκεῖσε

412 4310 557 4374 Cum
589 4311 772 4390 igitur
799 4313 871 4374 ad
906 4315 1038 4393 ejus
1073 4313 1341 4393 regionis
1375 4317 1584 4374 urLem
1618 4313 1886 4374 omnium
1921 4313 2052 4394 pri-

2142 4310 2330 4388 πρώτῃ
2384 4307 2593 4364 πόλεων
2652 4306 2844 4384 ἐπέϐη,
2892 4309 3182 4388 Ἀγουστίᾳ
3251 4312 3391 4391 φημὶ
3461 4309 3792 4388 καλουμένῃ,

413 4419 568 4462 mam
607 4404 882 4478 venisset,
917 4403 1012 4465 cui
1040 4423 1259 4464 nomen
1294 4410 1420 4464 erat
1447 4403 1738 4481 Augusta,
1773 4411 2051 4483 tanquam
2137 4434 2139 4447 ι

2142 4401 2207 4465 ὡς
2250 4405 2355 4455 τῶν
2401 4397 2615 4453 πάιτων
2661 4399 2694 4465 ἡ
2738 4398 3090 4478 ἆκεραιότης,
3125 4401 3220 4460 καὶ
3277 4403 3337 4458 τὸ
3385 4400 3484 4468 τῆς
3540 4398 3792 4483 ἀληθείας

411 4492 586 4570 lupus
604 4493 844 4574 quidam
868 4475 1112 4556 vorandi
1139 4493 1448 4573 sanguinis
1471 4475 2051 4573 multumappetens,
2137 4502 2139 4565 ί

2142 4487 2351 4574 βέϐαιον
2433 4500 2712 4566 μαρτυρεῖ,
2775 4475 2872 4556 τῆς
2945 4475 3136 4565 μανίας
3197 4492 3294 4547 οὒκ
3363 4489 3580 4569 ἠρέμει,
3643 4475 3795 4546 Ἀλλ’

411 4573 890 4661 simplicissimas
921 4583 1143 4644 Christi
1173 4603 1311 4645 oves
1343 4583 1586 4644 adortus
1620 4590 1730 4643 est.
1767 4581 1914 4641 Nam
1949 4581 2060 4644 etsi

2142 4573 2428 4658 ’ἱερόσυλός
2475 4600 2581 4649 τις,
2657 4579 2729 4636 ὡς
2804 4575 2960 4655 ἕγην,
3021 4579 3117 4636 καῖ
3190 4579 3303 4637 λίον
3362 4578 3798 4644 ἑλληνικώτατος

409 4687 612 4731 earum
633 4672 973 4748 sinceritas,
999 4673 1334 4735 constantia
1356 4683 1412 4733 et
1437 4669 1685 4733 firmitas
1706 4668 2058 4731 Christianae
2137 4696 2139 4702 <

2142 4668 2396 4747 ὕπάρχων
2447 4664 2771 4745 ἐχαλέπαινε
2815 4666 3252 4746 ὑπερϐαλλόντως
3300 4670 3435 4726 κατὰ
3477 4675 3583 4725 τῶν
3641 4676 3799 4746 Χρισε-

409 4759 550 4822 ﬁdei
585 4761 991 4824 testimonium
1027 4764 1340 4845 praeberet,
1375 4763 1448 4822 ab
1480 4760 1597 4821 illis
1643 4769 1840 4822 tamen
1891 4759 2055 4821 furo-
2137 4785 2139 4795 ·

2142 4762 2333 4815 τιανῶν
2407 4753 2501 4811 καί
2561 4760 2668 4811 τῶν
2725 4757 2981 4812 εὖκταίων
3053 4757 3190 4833 ᾤετο
3251 4759 3386 4818 κατὰ
3445 4756 3589 4824 τάξιν
3655 4757 3799 4814 ἀπο-

408 4868 535 4911 rem
570 4869 740 4911 suum
774 4871 891 4913 non
927 4843 1299 4933 temperabat
1333 4869 1346 4913 :
1382 4850 1488 4912 sed
1520 4869 1653 4911 cum
1688 4859 1841 4912 esset
1873 4849 2056 4912 sacri-

2142 4847 2317 4904 λαύειν
2362 4849 2458 4912 τῆς
2490 4844 2668 4925 ἀρχῆς
2701 4843 3123 4924 ἐπειλημμένος,
3157 4851 3201 4905 εἷ
3229 4848 3327 4917 τῆς
3360 4845 3800 4927 ἐκϐακχευούσης

404 4940 594 5019 legus,
667 4949 726 5003 et
783 4944 1002 5003 Grazcaz
1055 4932 1505 5020 superstitionis
1577 4938 2052 5012 amantissimus,

2143 4937 2268 4993 αὖτὸ
2343 4936 2532 5008 μανίας
2619 4932 2928 5000 ἐπιδείξεται
3007 4938 3070 4994 τὸ
3139 4942 3456 5017 πρόχειρον,
3519 4933 3801 5011 Ἀθεμίτου

403 5049 700 5092 summam
754 5033 812 5093 in
867 5030 1244 5095 Christianos
1276 5028 1663 5092 acerbitatem
1720 5028 2057 5090 exercebat.

2143 5029 2242 5105 γὰρ
2291 5023 2573 5099 ὠμότητος
2606 5023 2693 5079 καὶ
2724 5023 2876 5092 ξένης
2920 5024 3095 5100 λύμης
3126 5027 3491 5100 ὲνυλακτοῦσᾳ
3530 5047 3615 5083 τις
3659 5028 3801 5097 αὒτῷ

407 5123 635 5202 Itaque,
690 5141 826 5183 cum
882 5120 1288 5201 magistratum
1340 5119 1593 5194 iniisset,
1643 5137 1706 5181 se
1740 5119 1942 5181 omnia
1991 5137 2063 5179 ex

2144 5115 2310 5173 λῦσσα
2368 5112 2752 5189 προσέπνευσε,
2788 5115 2875 5171 καὶ
2923 5119 3114 5174 θᾶττον
3144 5117 3238 5174 τοῦ
3291 5115 3503 5181 δέοντος
3555 5115 3802 5193 ἠπείγετο

408 5210 591 5272 animi
648 5211 946 5274 sententia
1001 5219 1467 5272 consecuturum
1525 5209 1949 5281 arbitrabatur,
2013 5208 2062 5268 si

2145 5207 2213 5275 τῆ
2271 5204 2564 5282 μιαρότητε
2603 5212 2694 5262 τοῦ
2753 5205 2946 5263 οὶκείου
3001 5205 3330 5283 μνεύματός,
3365 5205 3693 5268 ἐπισκόπους
3745 5224 3802 5258 τε

409 5300 632 5363 furoris
654 5310 712 5364 et
733 5301 1005 5376 insaniae,
1023 5320 1155 5382 qua:
1178 5301 1343 5363 illum
1373 5299 1726 5378 exagitabat,
1748 5296 2065 5359 manifesta
2083 5338 2124 5387 ο

2148 5298 2236 5354 καὶ
2280 5294 2398 5357 τοὺς
2439 5292 2540 5348 ὑπὸ
2573 5291 2795 5370 κλῆρον,
2828 5299 2915 5351 καὶ
2949 5297 3122 5354 πάντα
3183 5295 3368 5362 άπλῶς
3396 5295 3552 5374 ἅγιον
3608 5314 3807 5372 συναρ-

407 5391 633 5453 indicia
665 5376 1064 5455 Ostenderet':
1104 5391 1348 5454 nefariae
1378 5376 1537 5450 enim
1573 5387 1949 5450 crudelitatis
2006 5376 2124 5448 etv

2148 5387 2326 5457 πάζει,
2398 5390 2681 5460 πειρασμῷ
2765 5407 2866 5441 τινι
2950 5384 3260 5460 διαϐολικῷ,
3335 5384 3538 5461 μᾶλλον
3600 5381 3677 5454 δὲ,
3764 5376 3809 5437 εἷ

412 5482 545 5541 ηονί
578 5482 796 5544 furoris
829 5482 996 5543 rabie
1029 5479 1499 5542 accendebatur.
1536 5476 1936 5548 Quamobrem
1972 5477 2065 5538 sui

2148 5478 2260 5556 χρη
2322 5471 2550 5540 τάληθὲς
2616 5471 2816 5554 λέγειν,
2870 5473 2962 5531 ’ἕνα
3021 5483 3097 5550 τῷ
3155 5481 3272 5551 Θεῷ
3333 5473 3539 5549 δόκιμοι
3584 5467 3809 5528 ἀναδει-

409 5570 654 5648 spiritus
672 5571 1015 5634 fceditamen
1035 5590 1104 5633 ac
1123 5567 1582 5642 vehementiam,
1607 5586 1778 5647 quam
1806 5569 2065 5648 primum
2153 5567 2351 5646 χθῶσι.

410 5646 626 5740 potuit,
662 5661 972 5723 effundere
1004 5663 1202 5742 coepit,
1241 5659 1555 5740 episcopos
1585 5646 1653 5718 ac
1685 5646 1896 5718 omnes
1942 5655 2228 5730 clericos,
2262 5672 2330 5715 ac
2362 5648 2525 5713 viros
2551 5659 2789 5714 sanctos
2845 5653 3047 5735 iniqua
3080 5653 3302 5718 diaboli
3334 5650 3665 5716 tentatione
3695 5646 3800 5713 in-

409 5747 628 5812 vadens
659 5770 674 5812 :
708 5768 1049 5835 quanquam
1083 5750 1283 5834 potius
1313 5749 1534 5812 factum
1567 5745 1628 5808 id
1661 5747 1791 5827 fuit,
1824 5755 1896 5810 ut
1931 5745 2030 5830 qui
2060 5742 2290 5830 probati
2322 5747 2547 5817 essent,
2584 5743 2881 5808 manifesti
2912 5743 3152 5810 tierent.
