4072 6206
261 413 376 484 737

266 643 444 700 ἐκεῖσε
532 641 830 719 ἁγιώτατος
905 637 1220 704 ἐπίσκοπος,
1296 637 1583 716 Οὐαλέριος
1659 639 1912 715 τοῦνομα,

265 732 400 810 ἀνὴρ
459 728 722 803 ἐπίδοξος,
769 729 859 785 καὶ
899 727 1014 802 ἅμα
1057 727 1231 799 τούτῳ
1280 729 1308 782 ὁ
1357 728 1461 805 τρὶς
1512 725 1773 804 μακάριος
1818 735 1916 782 Βι-

264 821 472 885 κὲντιος
529 822 556 876 ὑ
601 821 687 876 καὶ
732 819 936 893 μάρτυς
982 815 1058 873 ἔτι
1090 821 1160 892 τῇ
1190 822 1296 872 τῶν
1332 823 1570 874 Λευῒτῶν
1612 814 1917 892 διαπρέπων

267 910 499 982 εὒταξίᾳ,
562 911 652 963 σὺν
705 905 880 982 πολλῇ
938 913 1006 981 τῇ
1073 905 1215 983 ῥύμῃ
1274 903 1608 982 κατέδραμον
1649 908 1737 961 ἐπὶ
1795 905 1917 968 τοὺς

268 999 561 1062 ἀθανάτους
618 998 706 1052 καί
751 993 1024 1070 ἆοιδίμούς
1084 995 1320 1074 ἆγῶνας.
1356 994 1628 1070 Ὀλέθριος
1670 996 1767 1071 γὰρ
1822 995 1914 1066 ἦν,

267 1092 339 1153 ὼς
371 1087 601 1150 πολλο“ς
645 1085 842 1160 ἐδόκει,
878 1087 905 1140 ὁ
937 1085 1260 1163 πειρασμὸς,
1294 1083 1430 1139 ἀλλᾶ
1475 1084 1552 1159 μὴ
1589 1096 1708 1149 τοῖς
1743 1087 1921 1162 θεοφι-

265 1178 426 1235 λέσι⁹
476 1176 803 1234 διεπίστευον
865 1172 966 1253 γάρ
1026 1174 1245 1237 ἑαυτοὺς
1299 1179 1394 1230 καῖ
1449 1173 1598 1247 μάλα
1629 1173 1919 1248 μακαρίως

264 1267 477 1325 ἔσεσθαι
526 1267 580 1323 ἐν
614 1267 782 1339 αὐτῷ,
815 1263 961 1344 φημῖ
993 1270 1070 1337 τῷ
1127 1263 1468 1341 προκειμένῳ
1525 1263 1715 1341 ἀγῶνι,
1764 1262 1922 1340 εἴπερ

267 1357 440 1424 ἀξίαις
501 1355 871 1433 ἆνδραγαθίαις
928 1354 991 1410 τὸ
1045 1352 1176 1431 ὑπὲρ
1234 1358 1331 1419 τῆς
1394 1353 1593 1416 οἰκείας
1650 1355 1920 1427 καθιερώ-

269 1468 409 1511 σεως
467 1444 824 1515 ἆναδήσονται
881 1441 1166 1520 στέφανον.
1209 1439 1379 1503 Ἀλλὰ
1409 1443 1508 1518 γὰρ
1539 1445 1566 1497 ὁ
1597 1443 1920 1520 τεχνοποιὸς

267 1538 356 1594 καὶ
399 1535 748 1613 πολύμορφος
805 1533 901 1601 τὴν
962 1533 1213 1612 γνώμην,
1276 1532 1518 1606 οἰόμενος
1549 1537 1618 1608 τῇ
1649 1530 1921 1597 ἐξοδοιπο-

269 1629 384 1705 ρίας
442 1623 587 1702 ὕϐρει
647 1645 704 1680 τε
761 1624 852 1680 καὶ
911 1619 1167 1700 συντριϐῇ
1221 1621 1426 1698 μᾶλλον
1471 1622 1687 1685 τούτους
1748 1623 1922 1692 ἑαυτῷ

269 1716 452 1793 ῥᾴστω
513 1715 882 1792 πειθήσεσθαι,
943 1714 1017 1777 είς
1076 1713 1172 1780 τὴν
1225 1713 1382 1769 πόλιν
1428 1710 1786 1790 Βαλεντινίαν,
1846 1713 1919 1776 ὡς

270 1805 456 1883 φασὶν,
511 1802 630 1872 ἥτις
674 1803 912 1882 ὑπάρχει
954 1802 1050 1878 μία
1094 1805 1195 1870 τῆς
1247 1801 1535 1881 ἐπαρχίας,
1591 1802 1683 1858 σὺ)
1742 1799 1919 1876 πολλῇ

1557 404 1747 478 VITA
1795 404 1857 476 S.
1903 414 2042 478 VIN
2050 403 2198 477 GEN
2205 412 2358 476 TIA.

343 552 432 613 1".
485 549 826 630 Παραχρῆμα
870 548 925 605 δὲ
985 549 1183 604 τούτων
1247 548 1414 608 οὕτως
1447 547 1714 627 ἐχόντων,
1749 552 1776 604 ὁ
1809 549 1912 605 τῶν
1937 558 1971 604 Α

3527 407 3647 478 738

2080 547 2182 612 Ill.
2217 548 2357 614 Haec
2388 572 2521 614 cum
2548 553 2630 616 ita
2649 572 2713 614 se
2737 552 3056 626 haberent,
3084 553 3433 615 Vincentius
3455 553 3512 613 in
3537 554 3642 614 Le-

2000 637 2255 699 vitarum
2283 642 2498 704 ordine
2523 641 2905 717 constitutus,
2935 642 3044 704 sub
3067 642 3308 703 Valerio
3335 641 3641 721 episcopo,

2002 745 2230 806 magna:
2257 730 2714 793 existimationis
2738 746 2797 792 et
2821 731 3131 792 modestia:
3158 731 3498 800 viro,animi
3527 732 3647 792 ala-

2000 815 2212 878 critate
2246 820 2434 880 multa
2465 832 2725 896 erectus,
2753 825 2824 881 ad
2860 818 3256 882 celeberrima
3285 819 3385 880 illa
3407 821 3643 882 etsalu—

2003 905 2153 965 taria
2186 909 2513 971 certamina
2550 909 2936 990 properabat.
2967 909 3278 988 Ejusmodi
3302 918 3495 970 autem
3524 919 3646 970 ten-

2005 994 2144 1055 tatio
2181 997 2380 1057 multis
2411 999 2652 1079 quidem
2681 998 2990 1060 videbatur
3013 999 3372 1079 perniciosa,
3397 1001 3499 1060 sed
3526 1019 3646 1061 non

2003 1083 2152 1144 viris
2183 1083 2371 1147 Deum
2402 1107 2538 1150 vere
2570 1089 2915 1150 amantibus
2948 1111 2960 1148 :
2996 1091 3216 1168 quippe
3248 1088 3352 1164 qui
3385 1090 3646 1151 futurum

2005 1174 2351 1254 sperabant,
2387 1186 2451 1237 ut
2481 1178 2580 1239 tali
2617 1178 2951 1239 certamine
2984 1177 3289 1258 proposito
3325 1178 3478 1239 beati
3513 1179 3647 1240 effi-

2003 1273 2308 1338 cerentur,
2346 1266 2394 1327 si
2429 1268 2672 1347 quidem
2707 1277 2871 1329 recte
2901 1268 3071 1328 factis
3100 1270 3454 1344 consecrati,
3506 1271 3648 1332 fidei

2003 1371 2286 1414 coronam
2321 1366 2812 1438 assequerentur.
2863 1355 3067 1434 Itaque
3115 1356 3476 1418 artiﬁciosus
3521 1359 3647 1435 ille,

2004 1449 2062 1503 et
2092 1443 2292 1503 animo
2325 1464 2392 1506 ac
2426 1445 2726 1508 sententia
2759 1446 3064 1525 multiplex
3097 1445 3404 1523 Datianus,
3440 1448 3647 1510 existi-

2004 1548 2173 1592 mans
2195 1533 2322 1594 ﬁeri
2345 1553 2544 1614 posse,
2570 1543 2634 1595 ut
2658 1535 2982 1596 Christiani
3015 1534 3312 1608 homines,
3348 1555 3498 1616 quos
3531 1557 3649 1600 non

2006 1629 2234 1699 poterat
2253 1623 2620 1685 cruciatibus
2637 1624 2710 1686 ad
2728 1624 3089 1686 sententiam
3107 1643 3271 1684 suam
3295 1626 3647 1706 perducere,

2005 1709 2238 1770 itineris
2275 1712 2646 1791 longitudine
2669 1723 2727 1774 et
2749 1712 3020 1793 corporis
3044 1713 3327 1774 arumnis
3349 1715 3651 1796 defatigati

2003 1797 2352 1880 afﬂictique,
2400 1801 2533 1880 ejus
2555 1802 2839 1863 voluntati
2860 1819 2924 1862 se
2949 1801 3338 1881 subjicerent,
3358 1808 3656 1870 mandavit

268 1900 342 1971 τῇ
371 1891 519 1972 ὕϐρει
549 1891 792 1950 ἐκέλευσε
821 1893 944 1957 τοὺς
989 1893 1166 1969 ἁγίους
1213 1896 1556 1968 παραστῆναι
1615 1891 1706 1947 καὶ
1749 1891 1918 1966 πρόσ-

2014 1895 2244 1951 sanctos
2277 1892 2435 1952 viros
2460 1891 2760 1952 Valerium
2784 1891 3160 1971 episcopum,
3185 1905 3242 1953 et
3267 1893 3651 1958 Vincentium

267 1984 454 2041 τάττει
513 1987 853 2063 παραχρῆμα
921 1981 976 2037 ἐν
1034 1980 1350 2060 ὀχυρώματι
1424 2003 1526 2036 τινι
1586 1977 1811 2059 ζοφώδει
1863 1999 1921 2035 τε

269 2076 369 2130 καί
415 2072 632 2130 δυσώδει
689 2076 790 2140 τῆς
833 2073 1078 2150 φυλακῆς
1122 2073 1509 2149 καθειρχθῆναι
1565 2070 1754 2132 αὖτοὺς
1787 2070 1922 2143 μετὰ

271 2163 538 2240 μεγίστης
597 2162 881 2240 τιμωρίας,
943 2161 1082 2241 φημὶ
1135 2157 1189 2215 δὲ
1237 2159 1334 2226 τῆς
1362 2159 1526 2234 λιμοῦ
1557 2157 1782 2238 ἐνδείας,
1837 2160 1922 2214 καὶ

268 2259 491 2328 πιεσμῷ
531 2258 611 2326 τῷ
647 2249 942 2317 ἐξαλύσεων
998 2251 1086 2306 καὶ
1137 2247 1392 2328 στρέϐλῃ,
1440 2251 1528 2305 καὶ
1577 2248 1726 2311 ὅπως
1785 2250 1922 2306 κατὰ

268 2343 364 2399 τοῦ
418 2341 651 2421 αὐχένος
695 2341 782 2397 καί
855 2344 962 2396 τῶν
1013 2338 1218 2418 χειρῶν
1276 2339 1414 2410 βάρη
1473 2339 1538 2394 τὰ
1590 2338 1651 2394 ἐκ
1707 2335 1924 2414 σιδήρου

269 2430 618 2505 πεποιημένα
675 2429 908 2510 φέροιεν,
971 2429 1054 2484 καὶ
1109 2427 1297 2490 ἁπλῶς
1369 2429 1508 2484 κατὰ
1579 2428 1780 2488 παντὸς
1834 2425 1926 2481 τοῦ

270 2519 527 2594 σώματος
590 2517 694 2586 ἤδη
744 2519 840 2580 τὰς
898 2518 985 2574 διὰ
1046 2516 1274 2576 θανάτου
1325 2519 1496 2581 αἰτίας
1555 2516 1918 2587 ὑπομένοιειν.

267 2607 447 2665 Ἀλλά
506 2609 608 2687 γὰρ
657 2609 747 2665 καὶ
792 2605 932 2663 οὕτω
1005 2604 1247 2681 σωρηδὸν
1301 2605 1676 2686 ἐπιχεομένων
1740 2617 1924 2669 αυτοῖς

269 2704 382 2754 τῶν
439 2703 645 2771 κακῶν,
680 2697 985 2776 κουφότατα
1015 2696 1188 2753 πάντα
1233 2699 1280 2753 οἱ
1315 2697 1461 2773 ἇγιοι
1505 2701 1722 2771 τῆτῶν
1781 2703 1918 2768 μελ-

270 2786 480 2844 λόντων
511 2785 713 2862 ἀμοιϐῇ
738 2783 1086 2864 ὑπερέφερον.

2005 1975 2321 2039 diaconum
2349 1979 2554 2042 multis
2577 1998 2712 2042 cum
2736 1981 2977 2058 injuriis
2997 1980 3132 2042 duci
3158 1981 3219 2042 in
3247 2001 3421 2042 uuam
3447 2003 3654 2065 quam«

2005 2066 2139 2127 dam
2175 2067 2336 2129 illius
2367 2071 2686 2148 provinciae
2737 2070 2972 2143 urbem,
3009 2071 3336 2131 Valentiam
3387 2075 3652 2151 nomine,

2005 2173 2156 2234 quos
2185 2158 2382 2218 statim
2409 2159 2590 2238 jussit
2623 2161 2680 2218 in
2713 2177 2955 2221 carcere
3011 2160 3262 2239 quodam
3309 2163 3566 2225 obscuro
3598 2173 3656 2226 et

2008 2246 2164 2306 male
2220 2247 2407 2308 olenti
2466 2248 2769 2327 concludi,
2835 2249 3231 2329 maximisque
3287 2253 3655 2317 cruciatibus

2007 2334 2212 2411 afﬂigi.
2249 2339 2426 2412 lame,
2462 2339 2688 2410 inedia,
2724 2349 2786 2400 et
2840 2347 3184 2400 catenarum
3241 2344 3548 2418 angustiis,
3597 2353 3654 2405 et

2008 2423 2223 2485 ferreis
2253 2426 2612 2506 quibusdam
2655 2427 3026 2506 ponderibus
3056 2445 3088 2487 a
3121 2429 3276 2488 collo
3323 2429 3395 2489 ad
3444 2451 3653 2492 manus

2006 2531 2195 2592 usque
2221 2515 2542 2592 protensis,
2568 2526 2690 2578 toto
2711 2527 2796 2587 (ut
2822 2518 3164 2577 summatim
3191 2517 3408 2598 dicam)
3439 2539 3648 2582 eorum

2007 2620 2260 2682 corpore
2321 2605 2646 2667 mortiferis
2705 2605 3148 2666 calamitatibus
3217 2607 3459 2670 afﬂicto.
3533 2609 3650 2672 Sed

2008 2692 2278 2770 quamvis
2313 2701 2396 2754 tot
2428 2705 2727 2775 tantaeque
2761 2695 3128 2756 calamitates
3161 2693 3397 2757 illorum
3429 2717 3650 2779 corpo-

2011 2781 2182 2841 ribus
2212 2783 2671 2857 adhiberentur,
2708 2786 2911 2846 omnia
2940 2793 3139 2846 tamen
3163 2785 3268 2846 viri
3292 2789 3654 2850 sanctissimi

273 2882 598 2950 tormenta,
635 2882 698 2936 ut
743 2892 840 2936 res
871 2873 1228 2946 levissimas,
1265 2871 1675 2954 perferebant,
1708 2871 1782 2933 ad
1831 2870 2030 2932 futura
2061 2869 2164 2932 illa
2220 2870 2400 2949 bona,
2432 2873 2652 2955 quibus
2709 2873 3137 2954 compensandi
3169 2885 3390 2952 essent,
3426 2878 3656 2940 animos

275 2971 518 3028 erectos
547 2964 931 3045 intentosque
961 2961 1278 3026 habentes.

358 3054 443 3116 A'.
476 3054 666 3112 Ἠνίκα
719 3053 774 3111 δὲ
831 3058 859 3111 ὁ
913 3053 1198 3132 κακόφρων
1229 3051 1422 3132 διέγνω
1453 3053 1674 3117 τούτους
1718 3052 1984 3108 ἆποκε-ϐ

272 3144 574 3220 κμηκέναι,
634 3145 721 3200 καὶ
761 3142 960 3224 σφόδρα
1015 3150 1093 3204 τῶ
1151 3150 1294 3220 ζυγῷ
1319 3149 1420 3211 τῆς
1453 3143 1654 3222 ὕϐρεως
1685 3139 1924 3220 βεϐαρη-

274 3232 497 3312 μένους,
543 3234 632 3290 καὶ
681 3230 865 3296 δεδιὼς
898 3231 977 3307 μῆ
1006 3238 1074 3309 τῇ
1107 3231 1376 3310 προλήψει
1408 3239 1503 3289 τοῦ
1555 3235 1730 3291 αὐτῶν
1755 3230 1925 3287 θανά-

269 3345 370 3381 του
426 3324 625 3398 ζημίαν
651 3321 923 3401 ὑπενέγκῃ
952 3323 1055 3388 τῆς
1098 3323 1296 3386 οἰκείας
1329 3321 1734 3402 χαλεπότητος,
1768 3321 1926 3376 ἆναι-

275 3414 418 3490 μωτὶ
448 3412 544 3469 καί
579 3411 710 3492 δίχα
759 3417 1073 3488 νατατομῆς
1129 3411 1309 3488 μελῶν
1360 3417 1468 3468 τῶν
1499 3410 1666 3488 ἁγίων
1696 3418 1790 3467 τοῦ
1831 3415 1926 3486 ζῇν

273 3499 754 3580 ἀπαγγελλόντων,
817 3499 1096 3558 ἐκέλευσεν
1156 3503 1345 3566 αὐτοὺς
1378 3506 1475 3568 τῆς
1507 3500 1749 3579 φυλακῆς
1783 3521 1924 3578 προ-

275 3591 500 3669 άγεσθαι
534 3606 549 3620 '
597 3591 734 3664 ᾣετο
791 3591 893 3667 γὰρ
938 3597 1012 3664 τῷ
1043 3591 1246 3670 χρονίῳ
1289 3588 1643 3665 ἀποκλεισμῷ
1682 3599 1776 3648 τοῦ
1804 3611 1923 3666 φωο

276 3681 398 3762 τὸς,
442 3683 531 3738 καὶ
580 3685 679 3748 τῆς
722 3686 908 3747 κοινῆς
967 3687 1074 3736 τῶν
1116 3680 1408 3759 ἀνθρώπων
1463 3679 1920 3758 συναναατροφῆς,

274 3771 420 3841 μήτε
475 3773 530 3826 1ιν
586 3769 826 3844 σώμασι,
863 3769 1002 3844 μήτε
1032 3769 1088 3826 ἐρ
1120 3775 1334 3848 ψυχαῖς
1364 3769 1590 3843 δύναμιν
1631 3791 1747 3827 τινα
1811 3769 1928 3824 λοιο

274 3862 378 3917 πίον
441 3863 628 3924 αὑτοῖς
685 3857 1072 3939 ὑπολειφθῆναι
1101 3879 1118 3896 ⁸
1175 3859 1521 3929 τεθνήξασθαι
1579 3859 1679 3937 γὰρ
1740 3860 1928 3922 αὐτοὺς

274 3951 382 4029 πρὸ
430 3955 538 4006 τῶν
575 3951 848 4025 τιμωριῶν
881 3949 980 4007 οὑκ
1007 3947 1287 4016 ἠϐούλετο.
1329 3947 1552 4016 Ἐπειδὴ
1602 3947 1656 4004 δὲ
1699 3947 1925 4026 ἐγνώκει

277 4040 420 4117 μήτε
477 4040 616 4112 μετὰ
671 4039 896 4095 θάνατον
937 4041 1128 4105 αὖτοὺς
1189 4042 1520 4110 σπείσεσθαι,
1554 4041 1625 4102 ὡς
1657 4037 1711 4094 δὲ
1757 4037 1923 4105 ἕστη-

275 4149 377 4187 σαν
410 4129 513 4208 τιρὸ
543 4127 634 4186 τοῦ
663 4128 909 4205 βήματος
955 4130 1003 4186 οἱ
1043 4129 1214 4210 ἅγιοι,
1265 4129 1362 4198 τῆς
1393 4131 1607 4207 εἱρκτῆς
1642 4127 1924 4202 μετακλη-

274 4217 480 4292 θέντες,
535 4217 942 4297 εὐσταθέστερον
1001 4220 1061 4276 τὸ
1115 4225 1274 4294 σῶμα
1338 4220 1424 4276 καὶ
1484 4220 1578 4284 τὰς
1653 4217 1927 4293 δυνάμεις,

271 4308 374 4378 τήν
411 4329 468 4364 τε
498 4305 668 4364 είδέαν
711 4306 1060 4388 φαιδροτὲραν
1126 4308 1160 4377 ἢ
1216 4306 1385 4365 παλαι
1427 4309 1677 4388 ὑπῆρχον
1723 4329 1928 4376 κεκτη-

2091 3051 2182 3110 ιν.
2213 3049 2358 3113 Cum
2385 3073 2522 3115 vero
2552 3054 2985 3134 perversusille
3008 3064 3065 3118 et
3086 3055 3422 3136 depravatae
3445 3061 3657 3122 mentis

2010 3140 2188 3202 homo
2209 3143 2492 3205 Datianus
2513 3145 2907 3218 existimaret,
2929 3164 3032 3206 eos
3049 3145 3207 3207 viros
3229 3146 3656 3228 defatigatione

2009 3237 2186 3309 atque
2215 3249 2620 3294 aerumnarum
2649 3234 2796 3314 jugo
2828 3234 3082 3296 nimium
3115 3245 3387 3315 gravatos
3408 3256 3564 3314 esse,
3588 3259 3656 3301 ac

2007 3331 2342 3397 vereretur,
2381 3343 2456 3385 ne
2490 3323 2669 3393 forte,
2719 3325 2770 3385 si
2801 3343 3008 3386 eorum
3041 3343 3139 3386 res
3172 3324 3656 3402 oblivisceretur,

2008 3419 2182 3472 antea
2215 3422 2466 3494 mortem
2506 3413 2591 3475 illi
2619 3415 2876 3490 obirent,
2909 3434 3084 3495 quam
3111 3414 3240 3494 ipse
3272 3419 3570 3496 propriam
3597 3421 3657 3481 in

2007 3498 2250 3561 illorum
2269 3503 2561 3581 sanguine
2581 3503 2983 3579 fundendo,et
3007 3504 3296 3566 membris
3319 3507 3658 3572 lacerandis

2007 3591 2289 3651 saevitiam
2344 3601 2675 3667 exerceret,
2717 3593 2899 3672 jussit
2945 3594 3078 3654 illos
3109 3595 3284 3656 educi
3321 3615 3354 3657 e
3385 3617 3655 3662 carcere.

2007 3675 2377 3757 Opinabatur
2393 3681 2659 3756 enim,eo
2683 3683 2839 3761 quod
2863 3683 3146 3743 diuturno
3169 3701 3416 3748 carcere
3435 3689 3656 3764 vexati,

2015 3775 2073 3828 et
2103 3789 2130 3825 a
2164 3767 2394 3831 lumine
2426 3772 2852 3850 communique
2884 3772 3190 3832 hominum
3225 3778 3659 3838 consuetudine

2013 3859 2228 3920 remuti
2252 3858 2686 3931 fuissent,nihil
2713 3861 2926 3922 virium
2952 3861 3209 3940 amplius
3229 3861 3532 3938 reliquum
3559 3867 3658 3925 ha-

2015 3946 2181 4010 bere.
2208 3947 2460 4012 Nolebat
2482 3961 2681 4012 autem
2708 3949 2843 4011 illos
2871 3949 3401 4030 mori,priusquam
3425 3954 3653 4015 cruciao

2010 4037 2171 4098 tibus
2201 4037 2407 4100 afﬂicti
2439 4049 2643 4101 essent
2669 4059 2683 4101 :
2717 4039 3202 4121 quandoquidem
3225 4039 3485 4102 futurum
3512 4061 3655 4124 spe-

2009 4124 2200 4202 tabat,
2238 4142 2303 4189 ut
2335 4129 2652 4210 multiplici
2681 4149 2749 4192 ac
2780 4130 3065 4192 diuturno
3096 4129 3366 4192 cruciatu
3411 4149 3512 4194 eos
3543 4133 3654 4194 lle-

2012 4217 2375 4280 ctt-ret.Cum
2410 4218 2590 4298 igitur
2611 4220 2723 4282 viri
2756 4220 2841 4281 illi
2871 4218 3060 4280 sancti
3087 4219 3292 4282 educti
3325 4238 3359 4281 e
3388 4239 3654 4295 carcere,

2011 4313 2148 4368 ante
2181 4307 2436 4369 tribunal
2465 4309 2684 4388 iudicis
2715 4309 3024 4370 stetissent
3051 4310 3402 4389 corporibus
3434 4321 3494 4374 et
3517 4312 3654 4374 viri-

278 4397 460 4476 μένοι,
523 4395 816 4464 ἀπηνεώθη
869 4395 1220 4465 καταπλήξας
1276 4399 1304 4455 ὁ
1379 4397 1656 4477 τύραννος,
1720 4399 1806 4454 καὶ
1861 4404 1927 4475 τῇ

2014 4394 2124 4457 bus
2152 4395 2532 4476 integriores,
2565 4410 2930 4480 aspectuque
2961 4398 3092 4478 ipso
3122 4399 3308 4461 multo
3339 4401 3655 4465 hilariores

275 4490 442 4563 μανίᾳ
493 4484 819 4566 τυφλώττων
871 4486 1136 4559 ἐξίστατο,
1184 4487 1305 4550 τοὺς
1362 4488 1464 4543 ὑπὸ
1507 4494 1639 4544 Θεοῦ
1666 4510 1930 4567 φρουρου-

276 4575 473 4653 μένους
504 4575 598 4644 τῆς
632 4575 847 4654 ῥώσεως
880 4574 1342 4654 ἐκπληττόμενος.

366 4841 457 4907 Ε’.
494 4845 592 4904 Καὶ
622 4843 910 4922 πριόμεθος
941 4857 1065 4911 ταῖς
1096 4845 1436 4911 γακοποιίαις
1459 4845 1562 4901 ὑπὸ
1589 4846 1678 4900 τ‹.ὗ
1707 4844 1934 4920 ἀκαθάρ-

279 4954 375 4993 του
415 4935 575 4992 αὖτοῦ
632 4935 958 5010 πνεύματος,
992 4939 1088 4994 οὒκ
1137 4933 1290 5014 ἔφερε
1337 4935 1436 5013 γὰρ
1466 4935 1568 5001 τὴν
1595 4935 1762 5002 ἧτταν
1794 4935 1931 4990 κατὰ

279 5023 475 5102 κράτος
535 5024 833 5100 νικώμενος
871 5041 886 5056 ⁶
955 5027 1016 5083 Τί
1058 5022 1122 5095 δή
1169 5046 1298 5081 ποτε
1344 5024 1533 5081 τούτου
1576 5022 1932 5100 δαψιλεστέρα

279 5118 455 5195 τρυφῇ
483 5120 550 5190 τῇ
582 5111 665 5170 διὰ
691 5115 943 5192 βρώσεως
975 5114 1063 5170 καὶ
1096 5113 1308 5178 πόσεως
1367 5113 1716 5193 χρησάμενος
1763 5112 1929 5168 λιπά-

278 5225 376 5268 νας
423 5203 708 5273 ἆνεκτήσω
737 5222 753 5284 ς
787 5206 918 5282 φησὶ
947 5205 1080 5282 πρὸς
1111 5204 1202 5260 τὸν
1232 5202 1442 5283 φύλακα
1477 5217 1490 5232 ⁸
1527 5202 1714 5266 εὐθέως
1747 5201 1801 5258 δὲ
1832 5208 1930 5260 καὶ

283 5289 627 5372 δρακοντιαία
667 5299 738 5370 τῇ
793 5300 945 5374 φωνῇ
974 5293 1310 5372 ὶπισυρίζων,
1349 5291 1607 5371 μετέφερε
1649 5294 1741 5349 τὸν
1769 5291 1932 5370 λόγον

285 5379 372 5438 ἐπὶ
435 5383 527 5438 τὸν
558 5380 861 5461 ἁγιώτατον
911 5381 1227 5457 ἐπίσκοπον,
1263 5383 1352 5438 καί
1382 5403 1544 5462 φησιν
1570 5398 1586 5416 ’
1634 5381 1695 5439 Τί
1736 5380 1938 5460 λέγεις,

287 5469 334 5524 ὦ
376 5469 657 5550 Οόαλέριε,
689 5473 717 5528 ὁ
749 5470 975 5548 ὀνόματι
1034 5471 1318 5550 θρησκείας
1364 5470 1623 5549 ἀνταίρων
1655 5483 1773 5536 τοῖς
1801 5493 1938 5547 κρα-

283 5567 434 5618 τοὸσι
483 5562 575 5621 καὶ
609 5561 1034 5639 βασιἏεύουσινς
1092 5562 1228 5636 ᾢετο
1271 5561 1371 5640 γὰρ
1413 5562 1441 5617 ὁ
1485 5559 1706 5625 ἀνόσιος
1755 5558 1941 5631 ὅτιπερ

281 5650 329 5707 εἰ
388 5651 489 5718 τῆν
529 5650 797 5733 κεφαλὴν,
849 5653 942 5708 τὸν
985 5651 1276 5709 ἐπίσκοπον
1322 5653 1494 5731 φημί,
1554 5647 1940 5726 ὑποτέμνεσθαι

278 5736 502 5823 δυνηθῇ,
537 5746 644 5799 τῶν
674 5740 886 5800 λοιπῶν
914 5740 1119 5822 μελῶν,
1151 5741 1310 5798 οίονεὶ
1339 5747 1434 5798 τοῦ
1462 5737 1666 5820 κλήρου
1711 5741 1808 5798 καί
1848 5751 1942 5801 τοῦ

2013 4504 2194 4566 quam
2227 4496 2401 4548 antea
2432 4487 2695 4562 fuerant,
2737 4489 3023 4550 Datianus
3056 4507 3276 4567 praeses
3316 4508 3524 4553 amens
3567 4493 3652 4554 fa-

2013 4583 2166 4650 ctus,
2201 4585 2260 4638 et
2291 4586 2540 4657 stupore
2573 4577 2910 4657 perculsus,
2958 4587 3137 4658 atque
3184 4578 3418 4644 insania
3459 4601 3657 4645 excas-

2012 4674 2181 4727 catus
2238 4665 2368 4740 fuit,
2428 4685 2637 4730 eorum
2698 4667 2998 4739 videlicet,
3055 4668 3226 4748 quia
3267 4669 3391 4733 Deo
3443 4671 3659 4736 servati

2014 4753 2274 4830 fuerant,
2306 4756 2496 4818 robur
2525 4767 2591 4818 et
2620 4757 2780 4820 vires
2811 4758 3263 4840 obstupescens.

2098 4843 2169 4907 V.
2204 4847 2352 4908 Cum
2384 4865 2523 4909 vero
2555 4846 2629 4908 ab
2664 4847 2784 4908 illis
2813 4866 2878 4909 se
2913 4848 3066 4910 vinci
3101 4868 3216 4910 non
3242 4858 3570 4931 pateretur,
3597 4862 3658 4916 et

2015 4935 2088 4997 ab
2122 4935 2342 5017 impuri
2369 4937 2619 5016 spiritus
2642 4938 3036 5018 perversitate
3057 4941 3397 5017 agitaretur,
3421 4943 3492 5003 ad
3517 4962 3653 5003 car-

2017 5045 2104 5088 cei
2124 5025 2173 5086 is
2193 5027 2502 5088 custodem
2529 5047 2882 5090 conversus:
2911 5027 3190 5104 Curnam,
3209 5030 3427 5110 inquit,
3446 5031 3577 5092 cibo
3597 5041 3657 5092 et

2019 5123 2160 5195 potu
2183 5115 2459 5178 homines
2483 5118 2630 5179 istos
2651 5119 2940 5180 recreasti
2958 5118 2988 5178 ‘I
3011 5118 3127 5181 Cur
3151 5121 3226 5180 ita
3253 5123 3501 5200 pingues
3523 5121 3653 5181 fieri

2017 5207 2286 5267 curasti?
2315 5204 2440 5266 Mox
2476 5207 2660 5269 feroci
2693 5210 2946 5288 quadam
2972 5227 3116 5270 voce
3138 5209 3422 5283 fremens,
3443 5218 3500 5270 et
3525 5227 3657 5271 ora-

2018 5295 2240 5356 tionem
2262 5313 2429 5356 suam
2449 5297 2521 5356 ad
2552 5298 2994 5359 sanctissimum
3027 5299 3374 5378 episcopum
3398 5318 3653 5361 conver—

2029 5393 2181 5459 lens,
2208 5383 2330 5446 ait:
2368 5385 2662 5458 Quidnam
2693 5396 2752 5448 tu
2783 5388 2859 5449 de
2889 5388 3082 5466 teipso
3109 5387 3284 5469 dicis,
3309 5390 3526 5464 Valeri,
3556 5387 3658 5470 qui

2025 5473 2448 5556 perreligionis
2467 5477 2731 5556 speciem
2745 5495 2814 5538 ac
2834 5477 3274 5539 simulationem
3289 5479 3660 5558 imperatori-

2024 5563 2136 5625 bus
2160 5564 2231 5625 ad
2245 5563 2538 5626 versaris?
2553 5565 2920 5646 Opinabatur
2934 5567 3093 5626 enim
3116 5567 3335 5646 impius
3355 5569 3660 5644 ille,t'acile

2024 5652 2158 5716 ﬁeri
2185 5672 2360 5734 posse
2379 5664 2465 5728 ut,
2493 5657 2542 5716 si
2575 5665 2750 5735 caput
2772 5655 2991 5735 ipsum,
3022 5655 3136 5717 hoc
3155 5665 3269 5732 est,
3287 5659 3656 5741 episcopum,

2022 5742 2431 5824 abscinderet,
2454 5745 2688 5826 reliqua
2719 5745 2896 5808 etiam
2922 5744 3212 5826 membra,
3236 5749 3469 5813 clerum
3491 5751 3659 5815 vide-
