4104 6198
447 376 570 446 739

1750 370 2032 440 MENSIS
2071 367 2528 439 JANUARIUS.

3710 370 3837 443 ’740

449 515 590 578 licet
610 518 668 578 et
689 513 1004 596 populum,
1036 507 1319 574 facillime
1343 505 1758 575 demoliretur.
1782 510 1900 573 Sed
1927 508 2096 572 beni-

2183 506 2309 566 λαοῦ
2366 507 2760 589 εὖχερεστάτην
2831 509 3208 589 καταστροφὴν
3286 512 3598 581 ποιήσεται.
3661 510 3837 569 Ἀλλὰ

451 601 777 684 gnissimus
808 605 992 676 Deus,
1030 601 1131 681 qui
1164 599 1459 682 superbos
1484 601 1760 664 homines
1793 620 1862 662 ex
1891 600 2010 662 alto
2043 606 2102 660 et

454 694 698 756 sublimi
731 693 922 774 gradu
961 692 1021 752 in
1055 691 1280 752 bimum
1328 689 1670 771 praecipites
1726 689 2010 764 detrudit,
2044 696 2102 750 et

453 783 715 844 humiles
750 783 953 843 intimo
989 781 1046 841 in
1078 780 1211 841 loco
1237 780 1510 860 jacentes
1542 781 1598 840 in
1631 782 1814 843 altum
1849 779 2094 850 extollit,

452 869 637 933 voluit
669 869 994 951 superbum
1033 879 1090 931 et
1121 869 1413 931 nefarium
1448 869 1614 931 illum
1653 869 1957 932 hominem
1982 888 2102 930 non

449 960 524 1022 ab
559 960 867 1040 episcopo,
902 960 1006 1022 sed
1037 959 1110 1020 ab
1144 959 1449 1020 inferioris
1479 959 1699 1038 gradus
1745 959 1904 1021 illius
1954 958 2102 1021 cleri

453 1049 580 1114 viro
613 1067 913 1130 superari,
940 1057 999 1112 ut
1031 1068 1098 1110 se
1124 1047 1499 1111 imbecillum
1533 1068 1664 1112 esse
1688 1058 2096 1130 cognosceret,

453 1157 650 1216 neque
698 1139 1022 1220 quidquam
1089 1159 1156 1201 se
1221 1149 1428 1201 contra
1491 1140 1844 1220 episcopum
1906 1139 2102 1201 facere

455 1247 650 1309 posse,
709 1229 933 1310 quippe
985 1229 1088 1308 qui
1122 1248 1154 1290 a
1187 1229 1364 1292 levita
1416 1230 1591 1310 longe
1639 1229 1922 1290 inferiore
1979 1236 2100 1289 tum

449 1319 705 1394 ordine,
776 1327 897 1381 tum
969 1318 1294 1399 dignitate,
1371 1321 1560 1382 victus
1620 1328 2100 1400 prostratrusque

447 1408 680 1471 fuisset.

533 1526 628 1585 Vl.
676 1523 910 1586 Etenim
962 1525 1170 1587 beatus
1223 1536 1440 1606 martyr
1488 1525 1840 1588 Vincentius
1888 1531 2096 1585 sancto

449 1614 680 1695 Spiritu
715 1614 949 1694 plenus,
987 1617 1406 1696 excitatusque
1434 1626 1493 1678 et
1525 1615 1785 1677 victoriae
1814 1631 2096 1675 coronam

443 1704 692 1784 jamjam
727 1706 1229 1784 comprehensam
1285 1705 1534 1779 habens,
1587 1705 1728 1766 dum
1779 1703 2098 1784 episcopus

453 1794 724 1856 Valerius
745 1794 950 1873 quieto
977 1804 1036 1855 et
1061 1796 1272 1856 sedato
1295 1795 1495 1856 animo
1521 1790 2098 1872 responderet,Vin-

449 1885 685 1945 centius
714 1883 802 1943 sic
835 1901 974 1943 eum
1007 1883 1300 1944 allocutus
1331 1893 1422 1944 est
1461 1906 1474 1941 :
1511 1883 1794 1953 Curnam,
1829 1901 1862 1941 ο
1895 1883 2091 1954 Pater,

2183 1900 2376 1958 κρίσιν,
2423 1882 2553 1951 φησὶ
2584 1880 2716 1956 πρὸς
2749 1878 2906 1935 αὐτόν
2942 1896 2956 1910 ’

2184 600 2286 677 γὰρ
2331 601 2357 654 6
2389 597 2442 654 ἐν
2484 599 2650 656 ἅπασι
2685 601 2814 663 Θεὸς
2848 599 3376 680 φιλανθρωπότατος,
3409 604 3436 658 6
3476 603 3598 666 τοὺς
3658 603 3836 679 ὓπερ-

2184 688 2421 768 ηφάνοῦς
2481 686 2533 754 ἐξ
2591 688 2754 764 ὕψους
2809 689 3080 767 μετεώρου
3124 692 3257 764 πρὸς
3313 693 3585 769 κρημνοὺς
3617 689 3836 770 καταρο

2184 779 2420 855 ρήσσων,
2472 780 2559 834 καὶ
2619 780 2740 843 τοὺς
2800 780 3080 842 ταπεινοὺς
3138 781 3355 860 χαμάζε
3416 781 3694 856 κειμένους
3757 781 3836 842 εἷς

2184 865 2318 937 ὕψος
2363 867 2669 947 ἆνεγείρων,
2731 865 3006 938 ἠϐουλήθη
3057 869 3148 924 τὸν
3208 868 3477 947 ἀλάστορα
3520 871 3614 937 τὴν
3658 869 3836 938 ἧτταν

2184 955 2579 1034 ἀπενέγκασθαι
2622 959 2722 1014 ὸπὸ
2771 957 3104 1037 μικροτέρου
3143 958 3219 1019 τῶ
3289 957 3475 1037 κλήρῳ
3532 960 3674 1037 παρὰ
3732 960 3832 1014 τὸν

2184 1044 2498 1118 ἐπίσκοπον,
2532 1046 2678 1108 ὅπως
2727 1045 2978 1114 αἴσθηται
3035 1049 3124 1103 καὶ
3154 1050 3265 1124 γνῷ
3308 1047 3406 1115 την
3436 1048 3634 1105 οἰκείαν
3667 1048 3834 1104 ἆσθέ·

2185 1158 2351 1210 νειαν,
2413 1137 2500 1192 καὶ
2558 1135 2867 1216 λογίσηται,
2926 1137 2978 1191 τί
3036 1136 3094 1191 ἂν
3156 1138 3406 1215 πράττειν
3461 1137 3584 1201 οἶός
3643 1158 3702 1194 τε
3766 1137 3838 1204 ἦν

2186 1227 2325 1282 κατὰ
2368 1231 2460 1282 τοῦ
2518 1225 2838 1304 ἀρχιερέως,
2882 1223 2962 1282 ὅτ’
3034 1225 3094 1281 ἂν
3153 1228 3254 1282 υπὸ
3315 1225 3532 1285 λευίτου
3588 1227 3837 1294 νικηθεὶς

2184 1313 2484 1394 ἀνατραφῇ,
2522 1312 2658 1371 πολύ
2715 1324 2808 1372 τεῦ
2865 1313 3160 1371 ἐπισκόπου
3211 1312 3532 1379 ἀποδέοντος
3563 1319 3652 1374 καὶ
3681 1313 3833 1380 τάξει

2182 1407 2270 1461 καὶ
2301 1404 2436 1476 ἀξίᾳ.

2259 1519 2367 1595 ς’.
2425 1522 2521 1579 Καὶ
2555 1522 2654 1598 γὰρ
2699 1520 3096 1600 ἐμφορούμενος
3153 1511 3256 1579 ὑπὸ
3301 1531 3394 1580 τοῦ
3447 1521 3600 1599 ἁγίου
3652 1521 3834 1577 Πνεύ-

2181 1632 2368 1687 ματος,
2415 1613 2505 1668 καὶ
2562 1617 2652 1666 τοῦ
2693 1609 2964 1688 Στεφάνου
3023 1612 3120 1678 τῆς
3181 1613 3332 1678 νίκης
3366 1609 3470 1678 ἤδη
3503 1609 3832 1688 περιδραξά-

2181 1723 2339 1774 μενος
2401 1703 2428 1756 6
2490 1700 2790 1776 ἁγιώτατος
2822 1700 3022 1777 μάρτυς
3055 1701 3346 1775 Βικέντιος,
3377 1701 3600 1780 ἡσύχως
3631 1723 3834 1759 ποιου-

2183 1791 2344 1865 μένου
2390 1791 2524 1847 κατὰ
2582 1791 2642 1846 τὸ
2688 1790 2973 1863 νοούμενον
3026 1797 3118 1846 τοῦ
3171 1789 3467 1848 ἐπισκόπου
3537 1791 3636 1854 τὴν
3683 1789 3832 1846 ἀπόο

3020 1881 3080 1936 Τί
3129 1877 3330 1948 δήποτε
3365 1878 3533 1942 οὕτως
3591 1879 3832 1957 ὺποτρύ-

450 1974 529 2034 ita
577 1990 877 2043 susurras,
909 1981 973 2032 ut
1003 1972 1103 2047 qui
1139 1985 1300 2034 metu
1346 1971 1571 2033 detenti
1617 1979 1774 2046 sunt,
1806 1980 1863 2032 et
1893 1979 2096 2032 contra

2183 1978 2288 2040 ζεις
2357 1972 2402 2023 ὤ
2453 1969 2672 2045 πάτερ;
2733 1971 2820 2024 καὶ
2875 1970 2948 2032 ὡς
3011 1966 3238 2035 δεδιότες
3300 1969 3474 2044 ἠρέμα
3534 1969 3829 2044 ψιθυρίζεις

452 2078 662 2123 canetn
695 2061 874 2122 istum
907 2061 993 2122 sic
1019 2068 1342 2125 mussitas?
1371 2060 1570 2124 Clama
1603 2079 1745 2122 voce
1774 2079 2012 2140 magna,
2042 2069 2096 2120 et

2183 2058 2318 2113 κατὰ
2351 2064 2444 2114 τοῦ
2474 2057 2626 2119 κυνός
2663 2073 2678 2129 ;
2735 2057 2936 2132 βόησον
2983 2058 3038 2113 ὲν
3089 2059 3319 2135 μεγίστῃ
3355 2057 3448 2113 καί
3483 2057 3839 2137 χριστοφόρφ

451 2151 678 2214 Christi
715 2151 1042 2231 potentiam
1073 2151 1433 2230 adjutricem
1483 2152 1758 2230 implora,
1809 2162 1871 2210 ut
1922 2149 2096 2228 hujus

2183 2145 2422 2221 δυνάμει,
2458 2145 2605 2210 ὅπως
2637 2152 2704 2220 τῇ
2742 2145 2793 2210 ἐξ
2839 2148 3137 2211 αὖθεντείας
3169 2149 3320 2225 φωνῇ
3365 2151 3647 2226 τυφθεῐσα,
3671 2177 3674 2182 -
3696 2169 3833 2206 συν-

453 2241 695 2318 tyranni
727 2238 926 2300 rabies
945 2257 1090 2300 voce
1113 2239 1299 2300 libera
1331 2250 1388 2300 et
1420 2259 1555 2300 cum
1585 2238 1936 2300 auctoritate
1961 2256 2091 2318 pro-

450 2327 568 2389 lata
588 2327 1018 2399 refrenetur,et
1036 2327 1166 2406 ejus
1182 2338 1390 2389 contra
1415 2338 1620 2389 sancta
1645 2327 1865 2389 Christi
1886 2334 2096 2407 myste-

449 2419 541 2478 ria
570 2416 852 2478 ferocitas
885 2418 1338 2496 comprimatur.
1396 2416 1508 2480 Hic
1541 2417 1700 2478 enim
1747 2415 1845 2476 ille
1899 2423 2010 2489 est,
2061 2433 2096 2476 ο

447 2505 644 2580 Pater,
657 2505 901 2586 pestifer
915 2510 1296 2587 serpens,qui
1321 2507 1607 2568 adversus
1621 2505 1882 2570 hominis
1902 2507 2096 2585 primo

447 2597 685 2658 formati
712 2595 987 2675 gloriam,
1010 2615 1140 2675 quas
1165 2603 1223 2656 in
1248 2615 1459 2659 omnes
1487 2593 1763 2657 homines
1781 2595 2098 2656 transitura

446 2697 599 2760 erat,
654 2685 879 2746 invidia
931 2689 1222 2748 excitatus
1251 2704 1318 2747 se
1348 2687 1618 2747 armavit.
1665 2683 1812 2746 Nam
1859 2703 1992 2746 cum
2026 2701 2097 2746 ea

447 2776 638 2854 gloria
665 2777 798 2854 ipse
829 2775 944 2836 frui
979 2795 1097 2836 non
1131 2785 1352 2856 posset,
1379 2777 1574 2836 statim
1595 2773 1916 2836 insatiabili
1941 2791 2094 2854 qua-

448 2866 581 2925 dam
617 2865 1056 2944 perdendorum
1095 2866 1403 2926 hominum
1436 2865 1760 2944 cupiditate
1805 2881 2096 2925 accensus

450 2961 561 3027 est,
594 2963 652 3015 et
675 2963 880 3016 contra
904 2955 1039 3016 illos
1062 2956 1319 3016 maxime
1340 2954 1621 3016 invidiam
1647 2956 2096 3034 exercuit,q‘uos

452 3043 752 3121 benignus
784 3043 940 3106 Deus
975 3048 1124 3105 mori
1153 3045 1520 3124 sempiterna
1542 3058 1732 3104 morte
1765 3041 2093 3122 prohibuit.

447 3132 559 3195 Hic
577 3133 678 3194 ille
699 3142 809 3206 est,
835 3153 1012 3211 quem
1037 3133 1226 3196 divini
1249 3135 1509 3196 nominis
1536 3133 1918 3195 invocatione
1939 3150 2099 3213 saepe

2180 2235 2336 2312 τριϐῇ
2367 2236 2559 2299 εὐθέως
2591 2237 2624 2302 ἡ
2679 2236 2816 2292 κατᾶ
2869 2239 2974 2292 τὼν
3029 2236 3195 2314 ἁγίων
3228 2243 3320 2294 τοῦ
3351 2243 3484 2294 Θεοῦ
3513 2237 3830 2311 μυστηρίων

2177 2325 2476 2384 ὑλακτοῦσα
2535 2325 2724 2388 λύσσὰ.
2797 2328 2962 2390 Οὗτος
3020 2326 3230 2389 ἐκεῖνός
3297 2326 3464 2405 ἐστιν,
3525 2327 3571 2382 ὦ
3629 2326 3826 2404 πάτερ,

2181 2412 2418 2472 οἷοὸόλος
2477 2413 2621 2493 ὄφις,
2657 2417 2683 2471 6
2734 2415 2870 2470 κατὰ
2920 2419 3019 2482 τῆς
3050 2414 3210 2482 τόξης
3244 2423 3339 2472 τοῦ
3373 2414 3824 2494 πρωτοπλάστου,

2182 2509 2280 2570 τῆς
2335 2505 2422 2560 καὶ
2487 2505 2559 2568 εἱς
2617 2504 2820 2566 πάντας
2889 2505 3008 2569 τοὺς
3061 2504 3368 2581 ἀνθρώπους
3428 2501 3827 2582 διαδραμούσης

2181 2600 2255 2668 τῷ
2312 2595 2488 2670 φθόνῳ
2524 2594 2869 2654 κατατακείς.
2925 2591 3147 2661 Ἐπειδὴ
3189 2595 3290 2672 γὰρ
3337 2594 3415 2669 μὴ
3469 2595 3671 2660 ταύτης
3725 2595 3824 2648 οὗ·

2179 2704 2265 2747 τος
2347 2681 2584 2746 ἀξιωθεὶς
2679 2680 2988 2749 ἁπήλαυσεν
3075 2681 3269 2746 εὒθέως
3353 2683 3823 2760 ἀνθρωποκτονετν

2179 2774 2478 2849 ἀκυρεύτως
2526 2771 2795 2845 ἐμαίνετο,
2841 2780 2931 2828 καί
2971 2773 3109 2829 κατὰ
3177 2773 3378 2829 τούτων
3437 2771 3673 2847 μάλιστα
3729 2773 3822 2827 τὸν

2180 2862 2370 2942 αθόνον
2429 2862 2844 2942 κατασκεύαζεν,
2876 2864 2994 2918 καθ’
3053 2865 3130 2918 ὧν
3178 2865 3206 2919 6
3259 2863 3628 2942 φιλάνθρωπος
3687 2863 3820 2925 Θεὸς

2179 2955 2240 3008 τὸ
2296 2955 2477 3007 θανεῖν
2531 2949 2821 3013 ἐκώλυσεν,
2852 2951 3041 3023 "Opto;
3093 2953 3180 3008 καὶ
3226 2953 3383 3015 αὐτὸς
3425 2952 3654 3027 ἑτοίμως
3681 2952 3820 3007 ὑπο-

2179 3042 2395 3099 πίπτειν
2426 3040 2674 3114 ἐπεθύμει
2719 3047 2796 3109 τῷ
2826 3041 3059 3114 θανάτῳ.
3095 3039 3227 3118 Εἴγε
3280 3043 3370 3105 οὒς
3399 3039 3651 3098 ἒόούλετο
3679 3038 3821 3116 πρό-

2178 3153 2332 3210 τερον
2372 3134 2472 3200 τῆς
2515 3131 2662 3200 ζωῆς
2703 3129 2980 3210 ἀφελοιτο,
3040 3134 3142 3198 τὴν
3197 3128 3252 3186 δὲ
3310 3137 3488 3208 γεῦσιν
3521 3134 3588 3199 ἢν
3618 3129 3822 3206 ἑτέροις

449 3221 524 3283 ab
557 3223 838 3285 humanis
868 3222 1226 3303 corporibus
1257 3242 1367 3285 uos
1397 3223 1754 3303 expulimus.
1788 3220 1993 3302 Itaque
2045 3218 2096 3283 si

2183 3224 2208 3278 6
2285 3220 2450 3282 κακὸς
2520 3220 2991 3298 ὶπεμηχανησατο
3062 3220 3300 3294 μιανθεὶς
3355 3221 3551 3297 ταύτῃ,
3614 3225 3825 3296 πρῶτος

451 3312 821 3374 viribussuis
845 3312 1337 3387 conﬁdit,omnes
1361 3330 1573 3392 pugnae
1596 3311 1906 3372 machinas
1925 3311 1985 3372 in
2003 3330 2096 3373 me

2185 3312 2290 3368 τῶν
2346 3308 2531 3366 δεινῶν
2561 3307 2894 3376 ἀπήλαυσεν.
2929 3309 3095 3372 Οὗτός
3126 3309 3272 3366 ἐστιν
3319 3310 3380 3366 ὃν
3410 3308 3676 3373 πολλάκις
3718 3315 3829 3366 τῶν

446 3412 844 3462 commoveat:
865 3400 1086 3462 videbit
1109 3401 1268 3461 enim
1296 3419 1390 3461 me
1415 3400 1728 3462 tormentis
1743 3400 2095 3476 cruciatum,

2183 3402 2522 3479 ἀνθρωπίνων
2580 3397 2878 3474 ὲξεώσαμεν
2935 3397 3197 3474 δωμάτων
3247 3397 3331 3457 διὰ
3374 3405 3472 3466 τῆς
3501 3401 3643 3461 θείας
3701 3398 3825 3456 ἐπι-

447 3491 760 3570 plusquam
811 3509 878 3551 se
929 3490 1331 3565 cruciantem,
1366 3492 1564 3552 valere
1597 3510 1611 3550 :
1647 3499 1708 3551 et
1739 3509 1857 3571 quo
1911 3490 2096 3567 magis

2183 3490 2453 3570 κλήσεως,
2484 3491 2624 3569 φημὶ
2653 3487 2741 3559 δὴ,
2776 3496 2853 3562 τῷ
2883 3497 2976 3546 τοῦ
3017 3496 3248 3566 Χριστοῦ
3301 3490 3558 3562 ἀηττήτῳ
3614 3489 3823 3564 ὀνόμα-

448 3579 686 3660 putabit
713 3599 808 3641 me
829 3579 1117 3642 afﬂictum
1144 3581 1244 3656 iri,
1269 3599 1339 3642 eo
1363 3582 1597 3657 gravius
1619 3581 1748 3659 ipse
1774 3581 2093 3660 affligetur.

2183 3604 2251 3641 τι.
2311 3578 2601 3658 Τοιγαροῦν
2629 3580 2674 3634 εἰ
2702 3577 2952 3635 πέποιθεν
3009 3580 3188 3659 ἰσχύϊ,
3223 3581 3354 3655 πρὸς
3387 3577 3454 3654 μὲ
3483 3580 3551 3636 τὰ
3578 3584 3681 3646 τῆς
3714 3579 3824 3651 μά-

447 3667 851 3742 Quamobrem
911 3669 1159 3732 omnino
1207 3671 1442 3750 gaudeo
1490 3669 1868 3750 exsultoque,
1933 3669 2095 3750 quod

2183 3693 2288 3752 χης
2348 3670 2508 3727 αὐτοῦ
2537 3668 2748 3725 κινείτω
2779 3669 3162 3747 μηχανήματα
3191 3688 3207 3705 ⁸
3259 3669 3506 3730 θεάσεται
3566 3669 3668 3746 γάρ
3724 3688 3816 3747 με,

445 3758 724 3821 diabolus
756 3759 1030 3821 maximis
1067 3760 1143 3822 de
1173 3758 1355 3822 rebus
1385 3759 1835 3822 convincendus
1867 3760 1966 3821 sit.

2183 3761 2337 3819 πλέον
2382 3757 2632 3815 δύνασται
2689 3755 3111 3836 στρεϐλούμενον
3153 3757 3188 3826 ἢ
3217 3759 3404 3814 ἑαυτὸν
3435 3755 3816 3834 στρεϐλοῦντα,

443 3853 530 3906 καὶ
601 3851 655 3906 ὲν
715 3851 822 3923 ὅσῳ
891 3865 1152 3929 τιμωρεῖν
1209 3849 1471 3929 οἰήσεται,
1525 3851 1788 3928 βαρύτατα
1834 3858 2291 3928 τιμωρηθήσεται.
2358 3851 2453 3906 Διὸ
2511 3850 2598 3906 καὶ
2655 3849 2768 3904 καθ’
2822 3846 3020 3904 ἕκαστα
3089 3854 3159 3924 τῇ
3196 3854 3341 3928 χαρᾷ
3399 3845 3815 3924 περιθάλπομαι⁶

443 3942 675 4021 πάσχων
718 3942 817 4020 γὰρ
876 3941 986 4016 ἐγὼ
1027 3943 1092 3998 τὰ
1147 3941 1375 4019 μέγιστα
1433 3937 1882 4015 ἐκδικηθιίσομαι.
1950 3945 2087 4021 Πρός
2153 3946 2382 4017 τούτοις,
2448 3941 2727 4010 ἆπήπτετο
2769 3941 2832 3996 τὸ
2879 3945 2971 3996 τοῦ
3026 3935 3275 3996 διαϐόλου
3317 3937 3562 4018 ὄργανον,
3609 3932 3816 4004 δηλαδὴ

443 4034 471 4087 6
508 4031 788 4108 Δατιανὸς,
823 4033 960 4089 κατὰ
989 4036 1086 4097 τῆς
1117 4039 1212 4086 τοῦ
1241 4029 1470 4107 Χριστοῦ
1505 4029 1758 4093 πίστεως.

483 4142 719 4206 VII.Ad
745 4144 872 4205 huic
894 4143 997 4204 ille
1019 4143 1246 4204 diaboli
1275 4141 1556 4204 minister
1576 4141 2098 4221 Datianus,adver-

447 4251 549 4295 sus
563 4232 785 4295 Christi
813 4233 992 4294 fidem
1020 4234 1204 4311 magis
1230 4234 1958 4310 magisqueinﬂammatus
1981 4246 2092 4314 est,

451 4321 672 4403 quippe
689 4322 844 4400 quod
871 4321 1134 4401 seipsum
1165 4322 1248 4382 val
1269 4323 1642 4384 tecontemni
1665 4324 2096 4389 animadverte-

2183 4350 2306 4390 νων,
2341 4326 2681 4402 Ἀπαγάγετε
2712 4323 2948 4379 ἐντεῦθεν
2977 4325 3068 4378 τὸν
3099 4323 3390 4380 ἐπίσκοπον
3429 4342 3443 4358 ο

448 4421 564 4474 ret.
596 4409 803 4490 Itaque
825 4409 1052 4473 diaboli
1077 4411 1384 4473 ministros
1408 4412 1491 4474 sic
1513 4411 1729 4474 affatus
1753 4422 1844 4474 est
1864 4431 1877 4476 :
1894 4414 2094 4476 Abdu-

451 4501 567 4563 cite
617 4500 754 4561 hinc
805 4499 1156 4581 episcOpum
1198 4523 1211 4560 :
1245 4512 1302 4562 at
1331 4502 1507 4562 istum
1541 4503 1639 4581 qui
1672 4503 1742 4562 ad
1770 4503 1985 4582 judicii
2037 4515 2096 4567 et

453 4591 885 4670 imperatorum
935 4591 1352 4653 contumiliam
1391 4592 1508 4654 huc
1553 4591 1736 4664 venit,
1796 4601 1933 4653 ante
1986 4613 2095 4657 nos

451 4680 674 4755 sistite,
705 4689 765 4740 et
787 4681 860 4741 ad
885 4679 1074 4762 ipsius
1091 4683 1310 4744 durum
1340 4701 1408 4742 ac
1441 4683 1806 4761 perticanem
1831 4683 2092 4744 animum

451 4769 908 4850 reprimendum
925 4778 1220 4832 tormenta
1233 4781 1293 4832 et
1317 4769 1620 4830 cruciatus
1640 4769 2094 4834 adhibete.Hzec

450 4877 584 4920 cum
609 4858 1124 4932 diceret,maxima
1137 4878 1390 4940 quaeque
1403 4857 1694 4938 supplicia
1717 4868 1926 4920 contra
1941 4877 2096 4922 mar-

452 4955 639 5028 tyrem
666 4948 1032 5026 excogitabat
1056 4949 1326 5030 quidem,
1353 4950 1457 5009 sed
1485 4948 1631 5008 illud
1659 4958 1856 5009 tamen
1888 4967 2091 5010 secum

450 5038 652 5100 animo
674 5038 1199 5119 revolvebat,quod
1216 5035 2094 5118 quidquid,quamvisasperum

451 5137 514 5188 et
542 5128 828 5190 acerbum
860 5127 1136 5202 inferret,
1171 5127 1342 5188 fortis
1375 5128 1476 5187 ille
1512 5135 1729 5206 martyr
1762 5144 1868 5207 pro
1906 5127 2093 5188 nihilo

446 5215 646 5279 facere
673 5216 1004 5278 videretur:
1029 5215 1867 5293 Fortasse,inquiens,t'nturaa
1891 5214 2095 5294 gloriae

443 5320 624 5364 causa
650 5322 743 5365 om
757 5305 854 5365 oia
867 5303 982 5366 sibi
1006 5304 1366 5384 perferenda
1384 5301 2094 5384 proposuit.Excogitavit

444 5390 628 5470 igitur
661 5398 1095 5454 tormentorum
1129 5393 1445 5454 machinas
1476 5392 1778 5453 diabolus:
1815 5393 1921 5453 sed
1945 5412 2092 5474 quas

2257 4148 2343 4211 Z’.
2407 4140 2580 4224 Ἐώρα
2641 4145 2740 4222 γὰρ
2785 4143 2944 4200 αὺτὸν
2993 4143 3110 4200 λίαν
3157 4143 3670 4222 καταφρονούμενον,
3731 4123 3822 4198 καἱ

2177 4240 2309 4314 πρὸς
2368 4237 2637 4312 ὑπηρέτας
2692 4241 2786 4290 του
2833 4231 3082 4290 διαϐόλου
3139 4246 3262 4298 ταῖς
3318 4235 3531 4308 μανίαις
3579 4229 3818 4287 ἀνοιδαί-

3493 4325 3708 4378 ἒκεϊνον
3765 4317 3820 4375 δὲ

2177 4419 2268 4490 μοὶ
2310 4418 2402 4472 τὸν
2444 4426 2696 4493 γενναῖον
2727 4413 2988 4492 μαχητὴν
3017 4415 3110 4468 τὸν
3140 4411 3226 4493 ἐφ’
3259 4410 3403 4491 ὕϐρει
3448 4417 3540 4468 τοῦ
3566 4409 3821 4475 δικαστη-

2178 4508 2288 4584 ρίου
2346 4506 2433 4560 καὶ
2489 4508 2596 4559 τῶν
2655 4503 3059 4581 αὐτοκρατόρων
3087 4501 3412 4578 ὲληλυθότα,
3449 4500 3819 4578 προσαγάγετε

2177 4593 2302 4670 ὧδε,
2360 4595 2450 4649 καὶ
2507 4597 2576 4668 τῇ
2632 4594 2792 4648 αὐτοῦ
2850 4592 3240 4669 προσκαρτερίᾳ
3291 4593 3357 4647 τὰ
3415 4587 3817 4667 στρεϐλωτήρια

2178 4682 2597 4762 προσενέγκατε.
2686 4683 2782 4738 Καὶ
2845 4684 3012 4738 ταῦτα
3083 4680 3282 4760 λέγων,
3344 4680 3552 4737 ἐπενόει
3609 4678 3819 4754 μείζους

2175 4774 2264 4828 καὶ
2304 4769 2624 4849 πικροτέρας
2683 4768 2936 4834 κολάσεις
3006 4773 3083 4844 τῷ
3138 4771 3365 4848 γενναίῳ
3421 4770 3670 4846 μάρτυρι,
3731 4767 3820 4822 καὶ

2177 4863 2313 4917 πάνυ
2343 4860 2396 4916 δὲ
2428 4859 2866 4937 ἐπιλογιζόμενος
2915 4859 3120 4938 ἔλεγεν,
3167 4859 3252 4916 ὅτι
3300 4859 3422 4916 Ἔτι
3453 4857 3552 4914 καί
3584 4857 3818 4936 ἐφευρὼν

2176 4951 2540 5027 τιμωρητικὸν
2597 4950 2693 5005 καί
2753 4951 2950 5027 πικρὸν
3002 4949 3348 5028 προσενέγκω
3410 4951 3577 5023 αὖτῷ,
3643 4949 3819 5003 πάντα

2174 5039 2550 5107 καταπατήσει
2582 5057 2598 5074 ο
2656 5035 2761 5105 ἤδη
2806 5039 2906 5115 γὰρ
2951 5037 3421 5116 προμεμελέτηται
3483 5040 3654 5110 αὐτῷ,
3695 5032 3816 5089 ἕνε-

2176 5150 2267 5184 κεν
2310 5134 2410 5195 τῆς
2463 5125 2766 5203 μελλούσης
2815 5126 2996 5198 δόξης,
3044 5141 3305 5184 παντοῖοι
3356 5126 3680 5182 κολαστικὸν
3721 5121 3817 5202 ὄρ-

2176 5238 2338 5295 γανον
2395 5218 2716 5293 ὑπομεῖναι.
2771 5206 2978 5291 Ἐαυτῳ
3019 5223 3303 5296 τοιγαροῦν
3346 5215 3554 5272 ἆπενόει
3595 5214 3662 5269 τὰ
3713 5217 3816 5269 τῶν

2176 5304 2446 5383 στρεϐλῶν
2507 5309 2532 5363 6
2579 5304 2824 5371 διάϐολος
2883 5307 3288 5386 μηχανήματα,
3319 5308 3408 5362 καὶ
3434 5303 3570 5381 ἅπερ
3607 5300 3818 5372 ἠπείλει

2173 5396 2251 5470 τῷ
2296 5395 2486 5468 δικαίῳ
2514 5395 2784 5475 ἐπιφέρειν
2839 5397 3098 5474 τιμωρίας
3152 5393 3387 5475 πάσχειν
3447 5391 3683 5468 ἤμελλεν
3716 5392 3818 5448 αὖ·

443 5482 504 5542 in
539 5481 699 5544 viros
731 5481 865 5543 illos
887 5483 1086 5562 justos
1112 5499 1317 5563 poenas
1339 5499 1404 5542 se
1424 5481 1731 5542 illaturum
1763 5483 2082 5562 cogitabat,

2183 5487 2260 5548 τὸς
2320 5487 2393 5550 ὣς
2439 5487 2537 5542 οὐκ
2591 5484 2860 5544 ἐϐούλετο.
2897 5482 3067 5542 Ἀλλὰ
3105 5486 3228 5564 γὰρ,
3262 5485 3447 5564 φησὶν,
3481 5482 3820 5560 ἀναρτήσαν-

441 5588 542 5632 eas
577 5575 727 5652 ipse,
760 5578 826 5633 ut
856 5571 1117 5650 nolebat,
1153 5589 1435 5652 passurus
1466 5579 1615 5635 erat.
1650 5567 1767 5634 Sed
1799 5567 2082 5652 quidnam

2183 5597 2256 5639 τες
2317 5575 2474 5632 αύτὸν
2531 5575 2618 5633 ἐπὶ
2661 5577 2724 5632 τό
2761 5573 2914 5641 ξύλον
2965 5572 3200 5650 μεληδὸν
3265 5573 3670 5647 κατασπάσατε,
3733 5571 3820 5628 καὶ

440 5658 522 5720 ait
545 5656 786 5740 iniquus
806 5659 951 5722 ille?
971 5658 1754 5744 Agite,inquit,suspendite
1777 5662 2083 5724 hominem

2183 5672 2275 5724 πᾶν
2329 5667 2395 5722 τὸ
2440 5671 2597 5746 σῶμα
2639 5667 2800 5722 αὐτοῦ
2872 5662 3181 5747 διαῤῥήξατε
3239 5661 3606 5742 καθέλκοντες,
3663 5661 3818 5727 ὅπως
