4054 6204
296 361 408 429 741

1604 357 1794 428 VITA
1839 363 1898 425 s.
1947 347 2388 428 VINCENTII.

3556 362 3679 428 742

297 503 402 582 πρὸ
435 505 542 559 τῶν
601 499 879 558 κολάσεων
914 512 1035 562 τοῖς
1082 498 1293 562 οἶκείοις
1326 511 1600 574 σπασμοϊς
1660 499 1950 578 ἁναιρεθή-

2049 496 2220 558 istum
2250 497 2309 558 in
2342 496 2528 577 ligno,
2559 497 2808 577 ejusque
2833 495 3102 558 membra
3124 486 3473 571 discernite,
3496 514 3564 558 ac
3587 501 3677 558 to-

298 614 476 654 σεται,

379 769 447 828 B’
460 770 555 828 Καὶ
586 767 819 829 πολλαῖς
849 769 1013 846 ὥραις
1058 767 1306 842 ξεομένου
1356 776 1449 826 τοῦ
1505 767 1787 844 μάρτυρος,
1822 768 1951 844 φησί

295 861 431 935 πρὸς
481 861 636 915 αὐτὸν
678 860 705 914 6
767 862 1046 918 Δατιανός’
1109 857 1170 914 Τί
1216 855 1413 932 λέγεις,
1447 858 1493 911 ὧ
1553 855 1841 925 Βικὲντιες
1899 855 1952 910 ἐν

296 951 476 1013 ποίοις
537 949 760 1023 καθορᾷς
793 949 855 1002 τὸ
915 948 1102 1006 ἑαυτοῦ
1132 944 1470 1022 τρισάλθλιον
1502 951 1658 1007 σῶμα
1717 964 1734 1020 ;
1773 953 1866 1002 Kac
1927 946 1954 998 6

299 1039 452 1114 ἅγιος
510 1036 835 1112 ὑπομειδιῶν
885 1050 1061 1093 εἴπεν·
1125 1039 1292 1094 Τοῦτό
1348 1038 1490 1091 ἐστιν
1548 1035 1577 1090 ὃ
1619 1032 1877 1109 εὐξάμην,
1910 1035 1955 1087 ὦ

297 1127 515 1195 ἀληθῶς
571 1125 850 1182 πανάθλιε⁶
889 1125 1053 1189 οὗδείς
1117 1125 1208 1200 μοί
1257 1146 1350 1183 σου
1397 1125 1760 1200 ποθεινότερος
1820 1124 1950 1192 εὒή-

294 1222 389 1288 θη,
421 1217 540 1273 οὔτε
585 1218 658 1279 εἰς
691 1216 831 1290 ἐμὴν
890 1216 1215 1294 καταψυχὴν
1272 1214 1487 1292 ἐγένετο
1541 1214 1745 1270 πόποτε
1797 1212 1949 1290 εὖερο

299 1307 676 1385 γετικώτερος·
739 1307 784 1361 εἰ
837 1306 938 1384 γὰρ
997 1305 1085 1361 καί
1141 1305 1396 1382 ἀπεχθῶς
1453 1310 1617 1359 ταῦτα
1668 1302 1946 1379 πράσσεις,

297 1398 362 1453 σὺ
418 1397 578 1470 μόνος
639 1394 754 1450 λίαν
799 1395 1050 1458 εὖκταῐός
1105 1415 1198 1468 μοι
1255 1394 1616 1458 καθέστηκας.
1663 1390 1796 1448 Ἰδοὺ
1851 1391 1950 1468 γαρ

297 1486 490 1542 λοιπὸν
539 1491 645 1542 τῶν
701 1481 1049 1562 ύψηλοτὲρων
1107 1480 1364 1539 ἐπιϐαίνω
1409 1483 1497 1537 καὶ
1538 1488 1645 1537 τῶν
1701 1480 1951 1558 ἐπιγείων

297 1576 618 1654 ἀφίσταμαι,
683 1571 817 1630 Ἰδοὺ
859 1574 966 1629 τῶν
1024 1572 1278 1651 οὐρανίων
1335 1570 1663 1650 ἐφάπτομαι,
1697 1572 1785 1626 καὶ
1835 1570 1954 1628 τοὺς

297 1663 548 1742 βασιλεῖς
579 1686 672 1720 σου
709 1664 951 1738 μείζονας
983 1669 1293 1718 καταπτύω⁸
1353 1667 1644 1739 Τοιγαροῦν
1674 1665 1773 1725 τῆς
1804 1659 1955 1719 ὠμό-

2033 596 2154 648 tum
2181 605 2399 666 corpus
2421 587 2866 658 contundite,ut
2885 582 3224 666 priusquam
3247 586 3380 647 aliis
3403 585 3678 648 cruciati-

2037 676 2147 738 bus
2171 676 2560 755 affligaturse
2584 677 2906 736 laceratum
2933 684 2992 736 et
3013 685 3432 754 consumptum
3455 676 3674 739 videat.

2117 765 2242 829 VII.
2259 768 2406 828 Cum
2433 766 2617 845 igitur
2638 773 2857 847 martyr
2873 764 3001 844 ipse
3021 765 3223 824 multis
3247 764 3410 825 boris
3432 765 3682 826 dilania-

2038 863 2223 936 retur,
2259 857 2342 916 sic
2375 874 2508 916 eum
2546 855 2829 917 Datianus
2861 853 3321 934 alloquebatur:
3370 853 3522 926 Quid
3563 854 3674 929 ais,

2038 943 2359 1006 Vincenti?
2389 944 2623 1005 Annon
2649 943 2834 1014 vides,
2861 961 3037 1022 quam
3066 943 3302 1003 miseris
3334 941 3524 1004 modis
3542 961 3680 1004 cor-

2038 1053 2147 1113 pus
2177 1042 2342 1094 tuum
2373 1032 2716 1094 miserabile
2737 1031 3087 1092 dilaniatum
3112 1030 3218 1092 sit?
3245 1029 3396 1092 Tum
3432 1031 3515 1092 illi
3539 1031 3681 1093 sub-

2034 1123 2244 1186 ridens
2260 1122 2636 1185 Vincentius:
2665 1123 2814 1198 Hoc,
2847 1121 3060 1202 inquit,
3084 1131 3196 1196 est,
3223 1121 3378 1200 quod
3408 1120 3535 1201 ipse
3559 1131 3678 1183 toto

2034 1212 2234 1274 animo
2267 1211 2624 1292 expetebant
2675 1231 2688 1271 :
2741 1211 2944 1292 itaque
2997 1229 3171 1272 nemo
3208 1210 3352 1271 mihi
3388 1230 3678 1292 unquam,

2035 1302 2248 1363 credas
2281 1301 2483 1373 velim,
2518 1300 2839 1381 optabilior
2865 1303 3054 1380 teipso
3072 1301 3204 1374 fuit,
3242 1319 3436 1381 neque
3465 1300 3682 1362 animae

2036 1409 2186 1452 meae
2210 1391 2568 1453 beneﬁcium
2605 1392 2800 1470 majus
2820 1388 3077 1452 contulit
3103 1407 3116 1452 :
3147 1408 3281 1451 nam
3317 1389 3454 1450 licet
3479 1390 3682 1452 hostili

2038 1481 2238 1541 animo
2262 1481 2316 1542 id
2343 1480 2544 1554 facias,
2569 1489 2763 1541 tamen
2787 1498 3088 1541 summum
3115 1479 3477 1540 beneﬁcium
3498 1479 3560 1540 in
3585 1499 3684 1542 me

2039 1571 2298 1632 confers.
2336 1570 2420 1632 En
2455 1579 2517 1631 ut
2547 1571 2617 1631 ad
2655 1570 3005 1631 sublimiora
3033 1569 3293 1632 ascendo
3324 1589 3433 1645 ;en
3469 1578 3532 1630 ut
3556 1588 3682 1632 cte-

2043 1660 2222 1722 lestes
2255 1679 2355 1722 res
2383 1661 2610 1739 attingo
2639 1680 2654 1736 ;
2700 1678 2773 1720 en
2807 1669 2869 1720 ut
2900 1662 3296 1737 imperatores
3329 1670 3462 1720 tuos
3493 1659 3682 1738 magis

297 1775 465 1820 τητος
520 1754 582 1809 σὺ
641 1753 718 1829 μὴ
762 1752 964 1828 παύσῃ,
999 1753 1045 1807 ὦ
1094 1751 1453 1830 παγκάκιστε·
1487 1748 1802 1819 ἐπαυξήσεις
1860 1750 1959 1827 γὰρ

2049 1759 2390 1812 contemno.
2425 1750 2510 1811 'I‘u
2545 1750 2726 1829 igitur
2746 1749 2820 1810 ab
2842 1749 2955 1810 ista
2981 1759 3078 1809 tua
3105 1749 3459 1811 crudelitate
3490 1768 3565 1810 ne
3583 1751 3688 1812 de-

299 1845 394 1918 μοὶ
437 1842 502 1899 τά
531 1847 632 1909 τῆς
687 1841 864 1916 νίκης,
901 1840 1056 1919 εἴπερ
1088 1838 1172 1896 διὰ
1221 1842 1478 1915 μειζόνων
1510 1840 1714 1908 νικήσω
1740 1860 1798 1894 σε
1855 1861 1955 1893 κο-

2049 1845 2243 1900 sistas:
2277 1837 2417 1900 mihi
2444 1841 2602 1900 enim
2627 1858 2694 1900 eo
2723 1839 3182 1900 cumulatiorem
3208 1839 3520 1900 victoriam
3543 1839 3685 1901 affe-

299 1931 533 1992 λάσεων.
585 1931 894 2010 Ἐπεγείρου
939 1931 1027 1986 οῦν
1073 1928 1274 2004 μᾶλλον
1324 1933 1420 1985 καὶ
1470 1941 1592 1990 ταῖς
1651 1929 1955 1992 κακονοίαις

2049 1947 2162 2008 res,
2179 1948 2294 2009 quo
2317 1929 2544 2009 majora
2568 1938 2863 1990 tormenta
2888 1929 3274 2010 perferendo,
3303 1929 3558 2008 teipsum
3582 1947 3686 1992 su-

299 2030 395 2079 τοῦ
456 2029 648 2100 μιαροῦ
703 2042 797 2076 σου
855 2022 1056 2099 πατρὸς
1117 2016 1510 2099 ἀναϐακχεύου,
1565 2018 1763 2093 μὴτιως
1820 2040 1952 2092 σμι-

2049 2017 2290 2099 perabo.
2312 2017 2473 2089 Esto,
2502 2036 2727 2099 quaeso,
2745 2018 2804 2079 in
2831 2038 2924 2080 me
2946 2019 3136 2098 magis
3157 2019 3466 2099 magisque
3488 2018 3688 2080 conci-

301 2113 496 2189 κρύνῃς
553 2134 656 2187 μου
709 2112 773 2166 τὰ
830 2110 924 2177 τῆς
997 2107 1178 2189 δόξης,
1228 2109 1305 2184 μὴ
1363 2109 1560 2183 ζημίαν
1619 2108 1951 2186 προστρίψῃς

2049 2117 2218 2182 tatus,
2249 2117 2306 2168 et
2335 2107 2545 2168 nefarii
2573 2107 2655 2170 tui
2683 2107 2932 2188 spiritus
2954 2109 3363 2188 perversitate,
3400 2118 3686 2189 quantum

299 2216 422 2265 τοῖς
454 2201 609 2276 ἐμοῖς
643 2200 905 2262 ἐπαίνοις.
939 2191 1206 2273 ’Ἰεῖτοιμος
1242 2201 1268 2254 6
1296 2205 1388 2254 τοῦ
1418 2205 1552 2254 Θεοῦ
1579 2195 1761 2262 δοῦλος
1786 2199 1957 2253 πάντα

2049 2197 2149 2269 vis,
2176 2197 2576 2266 debacchare,
2615 2215 2690 2258 ne
2715 2216 2834 2272 quo
2866 2198 3040 2258 modo
3065 2197 3319 2274 gloriam
3349 2215 3542 2259 meam
3566 2197 3687 2259 im-

300 2291 589 2366 ὑπομένειν
675 2289 806 2366 ὑπὲρ
871 2296 964 2346 τοῦ
1025 2289 1290 2363 ὀνόματος
1346 2293 1438 2343 τοῦ
1524 2288 1708 2364 Κυρίου
1779 2287 1960 2353 Ἰησοῦ

2049 2286 2298 2360 minuas,
2335 2293 2394 2346 et
2427 2286 2650 2346 nostris
2683 2286 2957 2347 laudibus
2992 2285 3274 2346 damnum
3310 2287 3548 2349 afferas.
3593 2289 3688 2350 En

302 2387 556 2461 Χριστοῦ*
592 2378 662 2436 δι’
704 2379 777 2435 ὠν
807 2376 862 2434 δὲ
918 2377 1230 2434 ἐπαπειλῶν
1263 2375 1370 2434 οἴει
1415 2398 1482 2450 με
1526 2377 1956 2456 τιμωρήσασθαι,

2049 2393 2148 2452 ego
2175 2373 2392 2436 Christi
2422 2392 2652 2447 servus,
2683 2384 2918 2454 paratus
2960 2392 3090 2434 sum
3140 2375 3341 2434 omnia
3387 2376 3688 2438 sustinere

301 2477 512 2534 τούτοις
583 2467 909 2549 πικρότέρως
991 2469 1053 2524 σὺ
1145 2469 1232 2523 καὶ
1315 2463 1631 2542 πολυμερῶ>
1701 2487 1952 2545 τιμωρη-

2049 2485 2148 2547 pro
2184 2467 2426 2527 nomine
2475 2466 2746 2544 ejusdem
2797 2466 3030 2528 Domini
3078 2466 3195 2526 mei
3243 2465 3386 2529 Jesu
3439 2467 3686 2532 Christi.

297 2563 468 2639 θῄση.
2041 2554 2268 2627 Quibus
2299 2565 2498 2616 autem
2536 2555 2715 2616 minis
2744 2563 2805 2616 et
2829 2554 3191 2616 cruciatibus
3225 2575 3320 2616 me
3353 2556 3684 2618 vexandum

2039 2664 2174 2706 esse
2205 2645 2492 2724 opinaris,
2527 2643 2648 2705 illis
2699 2652 2755 2705 tu
2789 2644 2920 2724 ipse
2950 2643 3230 2706 acerbius
3261 2645 3596 2709 vexaberis.

391 2738 474 2802 8’.
537 2739 671 2815 Πρὸς
714 2744 881 2795 ταῦτα
911 2737 999 2793 οὖν
1042 2736 1249 2812 κράζειν
1281 2732 1474 2812 ἤρξατο
1509 2735 1642 2790 κατὰ
1671 2739 1777 2789 τῶν
1828 2736 1951 2790 ἔαυσ-

2122 2733 2218 2796 IX.
2243 2733 2348 2794 His
2369 2732 2568 2794 verbis
2587 2735 2830 2805 auditis,
2859 2733 3168 2806 Datianus,
3197 2736 3396 2795 furore
3419 2736 3684 2816 quodam

302 2829 399 2886 τοῦ
441 2828 696 2903 μεμηνὼς
729 2829 757 2882 6
791 2827 1072 2897 Δατιανὸς,
1107 2826 1194 2880 καὶ
1226 2824 1301 2897 τῷ
1343 2826 1494 2898 θυμῷ
1524 2823 1812 2902 ὑπερζέσας
1864 2825 1956 2878 καί

2049 2829 2102 2884 et
2132 2823 2298 2884 rabie
2319 2824 2744 2906 inﬂammatus,
2773 2831 2828 2884 et
2852 2823 3148 2884 clamores
3174 2842 3295 2904 pra:
3318 2824 3550 2886 insania
3569 2825 3688 2886 tol-

303 2919 622 2998 βακχευθεὶς
679 2922 755 2989 τῷ
799 2914 1058 2971 λυσσωτει
1104 2914 1389 2991 πνεύματι,
1450 2911 1622 2977 ξύλοις
1678 2913 1766 2968 καὶ
1824 2909 1956 2990 ῥάϐ-

2049 2913 2197 2985 Iens,
2232 2912 2411 2992 lignis
2443 2933 2509 2974 ac
2540 2914 2721 2992 virgis
2754 2913 3065 2976 carnifices
3109 2913 3489 2989 verberabat,
3527 2914 3688 2995 quod

304 3006 420 3068 δοις
461 3009 582 3071 τοὺς
626 3005 845 3080 δημίους
906 3002 1210 3081 ἐμάστιξεν,
1243 3004 1315 3064 ὡς
1359 3002 1451 3058 ἅτε
1509 2999 1574 3068 δὴ
1619 3001 1960 3077 ῥᾳθυμήσαν-

2049 3019 2260 3081 segnes
2311 3011 2515 3064 essent
2565 3001 2625 3062 in
2678 3010 2941 3082 martyre
2989 3001 3338 3075 cruciando,
3376 3003 3687 3084 magisque

307 3120 405 3162 τας
475 3097 564 3152 καὶ
633 3092 973 3174 φειδομένους
1029 3092 1122 3149 τοῦ
1165 3092 1457 3172 μάρτυρος
1505 3090 1668 3148 πλέον
1726 3089 1781 3146 δὲ
1839 3089 1959 3148 κατ’

2049 3101 2252 3154 contra
2283 3093 2622 3172 carniﬁces,
2654 3111 2828 3173 quam
2862 3103 3070 3154 contra
3092 3093 3291 3152 virum
3318 3092 3485 3154 illum
3510 3111 3688 3155 sanc-

308 3190 507 3266 αῦτῶν,
540 3185 576 3253 ἢ
603 3185 736 3240 κατὰ
777 3193 872 3241 τοῦ
930 3181 1132 3239 δικαίου
1175 3179 1556 3261 ἐχαλέπαινεν,
1595 3181 1696 3258 πρό
1740 3188 1832 3238 τοῦ
1875 3180 1959 3236 δι-

2049 3190 2168 3242 tum
2204 3180 2707 3256 excandescebat,
2731 3181 3100 3243 domesticos
3122 3191 3180 3242 et
3200 3181 3528 3245 familiares
3550 3201 3691 3246 suos

305 3277 461 3333 καίου
504 3275 624 3338 τοὺς
656 3274 882 3335 οἰκείους
941 3271 1298 3347 αἰκιζόμενος.
1345 3276 1423 3346 Τῇ
1478 3269 1540 3326 ἐκ
1595 3277 1730 3327 Θεοῦ
1759 3268 1813 3325 δὲ
1873 3272 1961 3326 αἰ-

309 3366 515 3436 διότητι
574 3369 602 3422 6
646 3365 946 3444 ἀγωνιστὴς
979 3363 1034 3420 ἰν
1089 3369 1168 3436 τῷ
1237 3360 1470 3443 ἀσφαλεῖ
1523 3361 1814 3440 ἀμέριμνος
1874 3365 1960 3419 καί

309 3457 506 3519 ἄπονος
565 3456 673 3511 τῶν
724 3451 983 3511 αἰκισλῶν
1035 3453 1322 3533 ἐτύγχανε·
1391 3450 1512 3507 κατ’
1572 3450 1788 3506 ἐ4είνων
1860 3453 1960 3528 γὰρ

310 3545 540 3624 μᾶλλον,
590 3543 705 3600 καθ’
739 3547 814 3599 ὧν
859 3543 956 3609 τὴν
1001 3541 1271 3598 αῦθεντίαν
1315 3541 1500 3620 εἶχεν,
1545 3539 1810 3614 ἐμαίνετο,
1832 3541 1960 3624 τότε

307 3619 374 3703 δὴ
425 3637 452 3692 6
485 3619 691 3700 ἀληθὴς
737 3630 1008 3697 Βικέντιος
1053 3619 1540 3706 (μεταπίπτονγὴρ
1584 3631 1656 3692 εἰς
1699 3629 1798 3696 τὴν
1831 3619 1960 3686 Ἐλ-

308 3723 497 3791 ληνίδα
529 3723 778 3801 γλῶσσαν
826 3720 1052 3787 νικητής
1098 3722 1158 3775 τὸ
1191 3719 1360 3794 ὄνομα
1409 3719 1802 3795 σαφηνίζεται),
1833 3719 1961 3796 φησὶ

309 3817 442 3890 πρὸς
493 3815 585 3870 τὸν
644 3811 914 3887 ἀλάστορα
971 3811 1306 3887 κρεμάμενος
1363 3807 1449 3864 ἐπὶ
1505 3806 1596 3864 τοῦ
1667 3805 1840 3872 ξύλου⁶
1902 3808 1963 3863 Τί

309 3907 511 3984 λέγεις,
550 3907 595 3962 ῶ
640 3902 916 3972 Δατιανέ;
974 3899 1085 3959 ἰδοὺ
1115 3901 1259 3978 παρὰ
1313 3905 1419 3955 τῶν
1468 3904 1714 3977 τιμωρῶν
1766 3897 1962 3977 ἀπέχω

307 3995 412 4062 τὴν
483 3992 777 4073 ἐκδίκησιν,

311 4085 470 4143 αὐτὸν
501 4082 752 4154 ἐκόλαζεν
763 4129 774 4140 .

393 4183 435 4232 ι.
495 4171 758 4235 Ἀκούσας
807 4168 864 4226 δὲ
920 4177 1107 4247 ταῦτα,
1165 4168 1365 4242 μείζονι
1421 4168 1510 4223 καὶ
1565 4163 1965 4245 λυσσωδεστέρᾳ

2048 3270 2216 3350 prius
2265 3289 2441 3352 quam
2497 3281 2814 3352 martyrem
2865 3270 3213 3336 verberans.
3283 3269 3428 3334 Cum
3480 3281 3685 3336 autem

2037 3359 2222 3440 judex
2276 3361 2405 3439 ipse
2464 3359 2524 3421 in
2575 3379 2715 3421 suos
2776 3361 2964 3438 magis
2996 3361 3244 3436 fureret,
3282 3370 3422 3424 tunc
3466 3361 3690 3424 athleta

2044 3448 2400 3512 Vincentius
2449 3449 2604 3530 (ejus
2651 3459 2849 3512 autem
2904 3469 3148 3524 nomen,
3199 3451 3248 3512 si
3308 3452 3442 3533 quis
3487 3451 3691 3516 Graece

2045 3539 2499 3620 interpretetur,
2536 3540 2799 3601 inveniet
2829 3540 2988 3601 idem
3015 3543 3235 3616 valere,
3256 3560 3325 3602 ac
3344 3543 3394 3602 si
3413 3544 3687 3616 Niceten,

2047 3629 2157 3689 hoc
2191 3636 2282 3688 est
2317 3624 2648 3702 Victorem,
2689 3628 2894 3703 dicat),
2933 3628 2992 3688 in
3026 3628 3184 3706 ligno
3218 3630 3517 3708 pendens,
3550 3650 3693 3694 sce-

2045 3717 2297 3778 leratum
2315 3718 2582 3797 judicem
2604 3717 2690 3778 sic.
2709 3718 2918 3778 affatus
2943 3726 3070 3778 est:
3097 3717 3250 3789 Quid
3277 3719 3386 3794 ais,
3413 3719 3695 3783 Datiane?

2045 3806 2128 3867 En
2183 3824 2387 3886 ptenas
2426 3807 2654 3887 rccipio
2687 3808 2759 3866 ab
2793 3807 2910 3879 his,
2947 3806 3044 3886 qui
3081 3825 3176 3867 me
3205 3809 3501 3884 cruciant,
3535 3819 3593 3870 et
3625 3822 3690 3872 tu

2045 3905 2250 3958 contra
2288 3907 2422 3959 tuos
2455 3897 2728 3958 homines
2758 3897 3014 3958 ultorem
3053 3905 3108 3957 te
3142 3897 3284 3958 mihi
3321 3898 3576 3978 praebes.

838 3988 1021 4058 ἐπειδὴ
1096 3989 1251 4054 αὐτὸς
1306 3987 1444 4045 κατά
1501 3992 1604 4042 εῶν
1661 3995 1854 4043 σαυτοῦ
1910 3987 2116 4052 ἔκδικός
2176 4010 2276 4061 μου
2332 3988 2597 4067 πέφηνας,
2645 3988 2861 4052 Τούτοις
2926 3985 2979 4041 δὲ
3047 3987 3170 4050 τοῖς
3243 3988 3466 4065 ῥήμασι,
3526 3987 3690 4046 πλέον

2127 4163 2196 4227 Χ.
2244 4162 2381 4226 Haec
2412 4183 2544 4226 cum
2597 4171 2824 4245 martyr
2854 4163 3123 4241 dixisset,
3177 4165 3444 4245 judicem
3495 4167 3691 4250 ipsum

309 4265 464 4345 φωνῇ
508 4261 672 4318 πλέον
731 4257 922 4332 ἐκϐοᾷν
967 4259 1215 4338 ἄρχεται,
1268 4258 1356 4314 καὶ
1410 4267 1528 4317 τοῖς
1587 4253 1791 4314 ὀδοῦσιν
1852 4256 1961 4312 ἐπι-

2055 4254 2236 4333 magis
2263 4256 2565 4335 magisque
2588 4255 2914 4316 cruciabat.
2942 4255 3339 4328 Quamobrem
3359 4259 3540 4339 ccepit
3558 4259 3690 4340 plus

310 4355 532 4434 ϐρύχειν
564 4351 806 4415 ἐκτόπως
849 4349 1035 4406 ἑαυτὸν
1076 4350 1102 4404 6
1160 4345 1493 4425 ταλαίπωρος
1547 4346 1961 4424 προσπαράετων

2053 4348 2253 4409 furere
2276 4354 2331 4407 et
2355 4348 2639 4422 clamare,
2668 4357 2724 4410 et
2755 4347 3035 4410 dentibus
3067 4349 3348 4428 fremere,
3375 4353 3532 4412 ultra
3561 4371 3692 4414 mo-

310 4451 406 4501 τυῦ
463 4443 752 4520 μάρτυρος.
822 4441 917 4498 Καὶ
979 4439 1078 4516 γὰρ
1130 4445 1224 4492 τοῦ
1279 4435 1411 4501 ξέειν
1469 4435 1864 4510 ἀποκαμόντες,
1923 4435 1961 4492 οἳ

2055 4437 2195 4498 dum
2224 4455 2289 4498 se
2324 4437 2510 4516 magis
2542 4456 2714 4518 quam
2752 4447 3066 4518 martyrem
3115 4441 3410 4502 crucians.
3441 4441 3528 4502 Ad
3567 4442 3693 4504 haec

464 4497 520 4518 ,η
588 4497 597 4499 -
713 4497 752 4503 .-
850 4497 855 4498 γ
993 4497 1062 4516 ,,
1291 4497 1302 4501 -
1651 4497 1661 4510 .
1851 4497 1863 4507 ,

317 4533 502 4608 δήμιοι
543 4497 896 4607 ἓπεῑπήγεσαν
926 4527 1108 4604 ὥσπερ
1139 4525 1367 4604 ἄψυχοι,
1402 4523 1522 4580 α’ίτε
1580 4538 1764 4604 χεῖρες
1799 4528 1961 4582 αὒτῶν

2053 4497 2520 4606 carniﬁcesipsi,
2552 4497 2684 4589 cum
2713 4526 2769 4587 in
2805 4545 2874 4587 eo
2900 4497 3219 4591 Iacerando
3243 4539 3448 4592 essent
3476 4530 3692 4593 defati-

315 4625 433 4698 περὶ
486 4623 549 4678 τὰ
583 4620 781 4698 π)ευρά
835 4625 930 4674 τοῦ
959 4614 1162 4672 δικαίου
1220 4615 1397 4690 νεκραὶ
1454 4612 1847 4692 ἀπεκρέμαντο,
1883 4615 1961 4670 καῖ

2052 4617 2191 4694 gati,
2234 4623 2514 4696 tauqnam
2557 4615 3017 4695 exanimatijam
3052 4627 3419 4699 torpuerant,
3446 4639 3692 4683 eorum-

317 4713 383 4770 τά
429 4714 696 4789 πρόσωπα
727 4709 1034 4789 ὠχριῶντες
1080 4702 1366 4783 κρουνηδὸν
1409 4704 1529 4765 τοὺς
1560 4704 1780 4781 ἱδρῶτας
1833 4705 1969 4759 κατά

321 4803 513 4863 παντὸς
575 4809 668 4858 τοῦ
727 4805 978 4872 σώματος
1036 4797 1208 4851 αὖτῶν
1257 4793 1497 4864 ἔσταζον,
1551 4791 1646 4847 καί
1702 4793 1768 4848 τὰ
1826 4791 1965 4867 μέλη

316 4890 565 4966 λυόμενοι
623 4887 1042 4957 κατεστήκοντο.
1089 4885 1222 4942 Τότε
1265 4883 1458 4952 στῆθος
1510 4882 1682 4940 αὒτῶν
1742 4881 1967 4938 ἐπιπολὺ

318 4979 686 5060 κεκμηκότων
754 4977 935 5052 ὥσπερ
1018 4973 1215 5030 ἄπνουν
1301 4972 1574 5030 λελίθωτο·
1663 4970 1972 5043 ὑπελαμϐα-

321 5093 403 5132 νες
463 5067 516 5125 δὲ
549 5068 774 5126 ἐκείνους
839 5062 1044 5141 μᾶλλον
1098 5063 1491 5137 τετιμωρῆσθαι
1542 5075 1666 5124 ταῖς
1719 5063 1972 5135 βασάνοις

319 5162 409 5218 καὶ
456 5159 668 5236 νεκροὺς
696 5157 982 5235 ὑπάρχειν,
1017 5153 1202 5230 νεκρὸν
1259 5149 1313 5207 δὲ
1359 5151 1451 5208 aui?
1509 5151 1667 5208 αὖτὸν
1727 5153 1817 5206 τὸν
1863 5162 1970 5209 Δα-

323 5251 502 5307 τιανὸν
559 5250 620 5304 τί)
677 5247 962 5325 πρόσωπον
1017 5243 1328 5321 ὠχριῶντα,
1390 5239 1627 5318 ἄψυχον,
1685 5241 1970 5320 τρέποντα,

323 5341 446 5404 τοὺς
504 5336 806 5417 ὀφθαλμοὺς
881 5329 1298 5408 ἀμϐλυώττοντα
1328 5377 1344 5410 ,
1402 5329 1675 5408 ἀχλυώδει
1745 5333 1846 5385 τινὶ
1896 5330 1974 5404 τῷ

326 5429 619 5505 βλέμματι,
685 5426 775 5482 καὶ
850 5423 1031 5498 ὥσπερ
1115 5419 1168 5476 ἐν
1251 5419 1462 5492 θανάτῳ
1543 5417 1972 5505 συγκεχυμένους

329 5504 653 5596 κατέχοντα.
719 5513 816 5572 Καὶ
887 5512 987 5590 γὰρ
1048 5508 1209 5566 πάλιν
1267 5507 1500 5565 ἄτακτον
1557 5507 1644 5564 καὶ
1699 5504 1974 5596 μανιῶδες

2051 4723 2168 4786 que
2185 4723 2418 4780 manus,
2439 4714 2718 4782 tanquam
2743 4715 3011 4781 mortuae,
3040 4707 3202 4769 circa
3221 4710 3492 4790 martyris
3511 4711 3698 4773 latera

2050 4793 2437 4875 obriguerant
2467 4814 2480 4857 :
2509 4812 2766 4875 cumque
2789 4796 3239 4875 expalluissent,
3265 4799 3485 4862 sudore
3509 4801 3694 4862 multo

2055 4890 2238 4944 totum
2257 4902 2462 4945 eorum
2488 4903 2706 4964 corpus
2725 4885 3106 4962 irrigabatur:
3134 4887 3414 4950 omnibus
3434 4889 3697 4972 denique

2058 4972 2348 5034 membris
2372 4972 2648 5035 dissoluti
2673 4983 2866 5036 erant.
2893 4973 3100 5056 Itaque
3126 4995 3229 5037 eos
3251 4977 3460 5040 videre
3481 4980 3699 5041 licebat

2054 5061 2422 5124 cruciatibus
2455 5063 2643 5142 magis
2693 5064 2965 5141 affectos,
3020 5084 3194 5145 quam
3253 5077 3594 5146 martyrem,
3627 5085 3698 5129 ac

2059 5157 2472 5226 propemodum
2499 5167 2759 5214 mortuos
2785 5170 2799 5214 :
2824 5159 2964 5228 quin
2989 5157 3160 5214 etiam
3188 5158 3484 5217 Datianum
3508 5160 3698 5232 ipsum

2056 5258 2160 5301 ore
2186 5239 2808 5321 pallido,exanimem,
2827 5251 3208 5318 trementem,
3234 5243 3421 5305 oculis
3443 5243 3702 5322 caligan-

2057 5336 2202 5402 tem,
2229 5337 2285 5391 et
2316 5337 2598 5410 tanquam
2631 5338 2821 5391 morte
2840 5340 3210 5410 correptum,
3230 5341 3404 5412 atque
3425 5331 3704 5395 immobi-

2057 5419 2174 5480 lem
2201 5419 2442 5492 factum,
2460 5436 2668 5479 rursus
2691 5418 3182 5500 incompositum,
3211 5420 3706 5498 insanientem,et

2055 5519 2264 5570 contra
2287 5507 2603 5570 carnifices
2625 5506 3052 5569 vociferantem
3080 5525 3094 5570 :
3128 5509 3425 5582 Quidnam
3448 5529 3550 5574 vos
3573 5511 3702 5592 agi-

331 5595 651 5664 ἐϐόαηκατά
689 5611 798 5660 τῶν
850 5601 1076 5678 δημίων
1138 5600 1199 5658 Τί
1255 5598 1573 5678 πράσσετες
1649 5595 1844 5673 λέγων’
1917 5599 1961 5654 oi

2058 5597 2184 5660 tis?
2213 5597 2431 5660 Annon
2467 5596 2613 5658 mihi
2645 5605 2800 5658 noue
2829 5605 2965 5658 sunt
2999 5615 3211 5658 manus
3241 5599 3500 5663 vestrae?
3531 5603 3704 5684 Saepe

328 5697 429 5780 γὰρ
494 5693 835 5775 ὶπιγινώσκω
864 5693 956 5753 τάς
1012 5702 1207 5770 χεῖρας
1253 5689 1424 5765 ὑμῶν’
1460 5685 1794 5767 ἀνδροφόνων
1850 5684 1975 5743 οἶδα

2057 5685 2502 5748 homicidarum
2515 5690 2802 5748 saevitiam
2825 5704 2859 5749 a
2877 5684 3042 5746 vobis
3055 5695 3413 5767 prostratam
3430 5691 3701 5772 cognovi.
