4054 6204
459 396 580 462 743

1757 399 2040 469 MENSIS
2078 405 2533 472 JANUARIUS.

3735 407 3846 475 744

462 537 835 618 Frequenter
858 531 1148 598 latronum
1175 542 1230 598 el
1254 538 1683 614 parricidarum
1718 540 2084 606 ferocitatem

2178 545 2427 610 πολλάκις
2480 546 2612 617 ὅμᾶς
2665 545 2988 613 νικήσαντας
3042 545 3360 619 ἀπόνοιαν,
3424 545 3518 602 καὶ
3569 549 3865 621 π›.·τροκτό⁶

463 632 735 687 manibus
751 631 952 686 vestris
976 635 1370 701 expugnastia,
1386 643 1436 688 et
1455 633 1845 692 veneﬁcorum
1866 654 2097 706 arcana,

462 717 522 778 in
553 716 762 776 intimo
796 735 1000 776 eorum
1035 715 1214 776 corde
1247 717 1491 779 latentia
1532 737 1945 800 saepenumero
1995 744 2098 786 ex-

463 805 720 867 traxistis
772 823 784 866 :
842 804 1066 885 quique
1120 805 1342 868 nefarie
1375 807 1894 888 intemperantiam
1929 833 2096 875 suam

463 894 822 969 effuderunt,
858 912 1065 954 eorum
1093 894 1376 958 intestina
1399 899 1732 962 dilaniastis
1759 923 1772 962 :
1803 912 1980 983 atque
2011 906 2101 982 (ut

461 982 802 1046 summatim
827 981 1048 1064 dicam)
1071 985 1342 1064 quisnam
1371 988 1446 1048 ita
1472 981 1950 1069 inexpugnabiiis
1969 981 2100 1068 fuit,

462 1073 566 1155 qui
598 1091 730 1133 cum
765 1072 824 1132 in
862 1091 1072 1135 manus
1101 1086 1322 1136 vestras
1346 1077 1646 1153 inciderit,
1678 1100 1793 1141 non
1819 1082 1990 1143 facile
2012 1085 2103 1144 in-

464 1161 749 1224 terfectus
770 1161 994 1224 fnerit?
1025 1163 1176 1236 Quid
1207 1164 1387 1242 igitur
1413 1176 1522 1240 est,
1554 1168 1773 1230 milites
1801 1171 2106 1251 mei,quod

456 1251 764 1314 hominem
796 1251 971 1313 istum
1006 1253 1352 1330 scelestum,
1383 1275 1590 1334 magna
1612 1278 1744 1319 cum
1768 1262 2100 1323 temeritate

2183 659 2286 691 νων
2341 635 2538 709 ὁμοίως
2583 635 2650 710 τῇ
2705 641 2935 713 καρτερᾷ
3000 642 3105 692 τῶν
3165 640 3387 714 χειρῶν
3465 634 3730 711 ἐπιμονῇ,
3789 629 3876 692 καὶ

2187 728 2394 804 γοήτων
2461 722 2734 801 ἀπόρρητα
2802 730 2876 798 τῷ
2946 725 3094 800 βαθει
3160 724 3538 799 καμπτόμενα
3612 723 3869 789 πολλάκις

2184 813 2520 893 ἆνερῥήξατε,
2572 814 2660 868 καὶ
2716 819 2824 869 τῶν
2898 813 3142 887 ἀθέσμως
3214 813 3747 871 ἆκολασταινόντων
3812 818 3876 872 τὰ

2187 903 2422 960 ἐνδόσθια
2473 901 2819 962 διεστείλατε.
2872 902 2966 959 Καὶ
3018 902 3202 966 ἁπλῶς
3236 925 3321 965 τις
3380 901 3531 958 οὕτω
3576 899 3872 962 δυσάλωτος

2187 995 2274 1050 καὶ
2335 995 2548 1067 ἰταμὸς,
2597 994 2653 1055 ὃς
2700 991 2834 1065 ᾤετο
2883 994 3012 1066 ὑμῖν
3062 991 3381 1066 ἐμπελάσας
3447 997 3522 1067 τῇ
3565 999 3661 1048 τοῦ
3717 994 3874 1048 θανά-

2186 1105 2278 1142 του
2335 1081 2721 1158 καθομολογίᾳ,
2756 1083 2843 1136 vati
2903 1081 3071 1158 ῥᾷστα
3103 1086 3207 1160 οὐχ
3259 1083 3600 1156 ὕπέπεσενς
3660 1081 3707 1137 ὦ
3764 1080 3873 1156 ἐμοὶ

2191 1178 2532 1245 στρατιῶται,
2571 1171 2816 1232 ἀτάκτως
2874 1177 3058 1226 τοῦτον
3107 1169 3278 1234 οὕτως
3338 1167 3694 1248 ἐνυϐρίζοντα
3743 1172 3871 1227 κατὰ

2187 1269 2294 1318 τῶν
2349 1261 2745 1339 αὐτοκρατόρων
2801 1257 3037 1316 κωλῦσαι
3067 1263 3162 1318 οὐκ
3213 1260 3494 1340 ἰσχύομεν
3535 1277 3553 1333 ;
3593 1259 3694 1316 κᾶν
3752 1261 3870 1338 γοῦν

454 1342 852 1422 imperatores
868 1350 1102 1402 nostros
1115 1353 1340 1404 conten.
1358 1355 1616 1416 nantem,
1633 1349 1965 1428 reprimere
1981 1371 2087 1412 non

2182 1349 2262 1408 διὰ
2315 1352 2402 1407 τὸν
2439 1349 2647 1428 γέλωτα
2701 1347 2794 1404 καί
2849 1350 2948 1416 τὴν
3004 1350 3288 1429 αἰσχύνην,
3342 1351 3441 1404 ’ἱνα
3502 1350 3565 1403 τὸ
3616 1353 3863 1428 φορτικὸν

455 1436 806 1513 possumus?
829 1431 1049 1493 Saltem
1076 1452 1182 1524 nos
1210 1444 1440 1497 moveat
1463 1436 1726 1499 dedecus
1751 1449 1807 1499 et
1829 1441 2087 1521 turpitu~

2180 1439 2442 1506 σιωπήσω
2511 1439 2780 1513 πείσωμεν
2851 1437 3041 1503 ἄλλους
3112 1437 3508 1515 ἀρνουμένους,
3560 1439 3637 1499 ὡς
3710 1436 3860 1524 ἔφην’

456 1521 556 1596 do,
577 1540 652 1582 ne
671 1521 810 1600 quid
835 1528 1064 1600 gravius
1082 1523 1300 1586 dicam.
1326 1527 1490 1587 Alios
1515 1536 1800 1606 negantes
1817 1531 2087 1606 crimina,

2178 1530 2262 1585 καὶ
2292 1530 2576 1599 παίζοντας
2618 1530 2711 1584 τὸν
2739 1529 2987 1607 θάνατον,
3019 1527 3113 1584 καί
3145 1531 3289 1602 μάλα
3351 1528 3416 1583 τὸ
3446 1531 3638 1584 θανεῖν
3666 1549 3863 1608 xum:

457 1620 515 1673 et
538 1621 792 1672 mortem
823 1611 1011 1692 ipsam
1037 1612 1384 1690 irridentes,
1420 1617 1681 1678 nondum
1719 1629 1906 1680 morte
1939 1620 2087 1681 illata

2181 1619 2457 1692 πείξαμεν·
2518 1620 2705 1675 τούτου
2782 1616 2835 1674 δὲ
2917 1617 3402 1697 ἐμπαροινοῦντος,
3466 1617 3559 1673 καὶ
3620 1616 3737 1674 λίαν
3784 1617 3842 1672 ἐκ

455 1701 1001 1782 perterrefecimus,
1066 1712 1123 1764 et
1180 1704 1350 1766 istius
1407 1706 1859 1784 debacchantis,
1921 1719 2087 1789 atque

2182 1707 2527 1790 φαυλίζοντος
2587 1710 2676 1764 καὶ
2728 1708 2972 1784 βασιλεῖς
3021 1709 3108 1762 καὶ
3165 1707 3389 1780 νόμους,
3427 1707 3522 1762 καὶ
3570 1713 3675 1761 τῶν
3724 1711 3863 1762 Θεῶν

449 1791 840 1870 imperatores
863 1791 1023 1870 ipsos
1045 1793 1206 1872 leges
1238 1804 1298 1855 et
1323 1796 1729 1875 deorumjura
1762 1798 2087 1879 reproban-

2184 1800 2248 1853 τὰ
2293 1797 2493 1872 δίκαια,
2543 1799 2639 1864 τὴν
2681 1799 2780 1863 τῆς
2844 1799 3092 1874 γλώττης
3149 1796 3374 1876 ἐπέχειν
3421 1795 3755 1874 προπέτειαν
3809 1797 3863 1850 οὗ

452 1887 526 1942 ιίε
556 1881 812 1958 linguam
836 1899 1148 1959 procacem
1185 1883 1495 1946 continere
1522 1905 1638 1945 non
1673 1887 2021 1965 possumus?

532 1969 636 2031 XI.
670 1969 760 2031 Ad
788 1970 912 2030 haec
937 1971 1108 2033 hilari
1137 1973 1302 2034 vultu
1337 1975 1546 2036 beatus
1574 1973 1922 2038 Vincentius
1948 1977 2096 2041 sub-

449 2057 682 2132 ridens,
701 2059 1006 2134 reSpondit
1027 2079 1038 2122 :
1057 2061 1219 2121 Acin
1241 2081 1303 2123 re
1328 2063 1590 2124 divinum
1621 2065 1762 2125 illud
1789 2067 2092 2128 oraculum

447 2147 770 2228 impletur:
815 2146 1098 2211 Videntes
1126 2169 1248 2212 non
1281 2153 1511 2227 vident,
1539 2161 1594 2215 et
1625 2155 1948 2217 audientes
1974 2175 2094 2218 non

446 2237 719 2299 audiunt
743 2237 786 2295 ¹.
822 2235 989 2299 Tunc
1021 2241 1288 2302 omnium
1324 2242 1635 2304 hominum
1670 2244 2092 2308 crudelissime

446 2335 716 2406 tyranne,
742 2326 903 2405 cogis
932 2346 1026 2388 me
1058 2329 1221 2390 illum
1260 2333 1446 2393 Deum
1481 2352 1723 2412 negare,
1762 2353 1940 2414 quem
1969 2335 2094 2397 uui-

446 2433 751 2478 versarum
785 2435 986 2478 rerum
1020 2416 1310 2498 Opificem
1335 2439 1402 2482 ac
1428 2422 1794 2484 Salvatorem
1821 2443 1952 2486 esse
1979 2433 2084 2486 tes-

445 2504 578 2568 tor?
609 2507 778 2568 Hunc
803 2525 909 2585 ego
945 2525 1147 2568 verum
1184 2508 1371 2570 Deum
1406 2529 1538 2572 esse
1571 2514 1883 2575 confiteor.
1912 2514 2092 2595 Atqui

445 2595 663 2657 merito
696 2595 1065 2658 cruciatibus
1095 2597 1448 2661 afﬁciendus
1490 2619 1708 2677 essem,
1766 2605 1811 2662 si
1875 2622 2085 2664 vanum

445 2683 696 2763 aliquid,
723 2692 822 2745 aut
850 2684 1066 2746 falsum
1098 2686 1408 2764 dixissent,
1443 2691 1490 2750 si
1527 2691 1918 2772 imperatores
1945 2693 2090 2754 deos

445 2791 580 2835 esse
611 2773 1028 2836 afﬁrmassem.
1063 2775 1150 2837 Tu
1184 2796 1322 2838 vero
1351 2778 1578 2840 diutius
1628 2800 1722 2842 me
1765 2782 1998 2844 crucies
2029 2782 2090 2842 in

443 2863 790 2943 hujusmodi
821 2865 1199 2927 confessione
1222 2880 1700 2946 permanentem,
1725 2888 1919 2950 neque
1951 2889 2091 2932 cru-

443 2952 746 3015 delitatem
782 2954 956 3014 istam
991 2973 1276 3017 exercere
1309 2974 1519 3019 contra
1553 2977 1649 3020 me
1687 2959 1926 3022 desinas
1969 2981 1981 3022 :
2016 2962 2096 3022 ita

444 3042 604 3105 enim
667 3042 1148 3123 probatissimam
1221 3045 1700 3110 Christianorum
1777 3049 2092 3110 veritatem

446 3132 634 3212 magis
688 3152 1050 3212 cognoscere
1103 3135 1356 3214 poteris,
1412 3136 1464 3197 si
1516 3146 1719 3199 tamen
1774 3156 2096 3218 parumper

440 3222 716 3302 impurus
747 3223 994 3304 spiritus
1026 3242 1059 3284 a
1087 3233 1141 3284 te
1174 3225 1544 3289 discesserit.
1581 3225 1720 3289 Haec
1751 3248 1887 3290 cum
1913 3247 2090 3290 sanc-

2127 1930 2163 1978 B
2187 1886 2448 1961 δυνάμεθα
2484 1907 2500 1961 ;

2269 1977 2374 2038 [Α’.
2416 1978 2512 2033 Καὶ
2561 1975 2698 2032 πάνυ
2742 1973 2972 2054 φαιδρῶς
3030 1973 3356 2050 ὑπομειδιῶν
3394 1976 3423 2030 ὃ
3471 1974 3861 2051 τρισμακάριος

2183 2067 2452 2126 Βικέντιος
2515 2067 2645 2141 πρὸς
2705 2065 2913 2128 τούτοις
2961 2065 3138 2120 εἶπεν·
3177 2063 3299 2120 Ἐπὶ
3330 2065 3558 2127 τούτοις
3621 2061 3858 2142 πληροῦ-

2178 2178 2263 2213 ται
2326 2158 2385 2211 τὸ
2441 2155 2538 2222 τῆς
2600 2156 2743 2218 θείας
2797 2160 3009 2234 Γραφῆς
3068 2153 3273 2232 λόγιον,
3312 2158 3400 2227 τὸ,
3445 2151 3746 2216 Βλέποντες
3801 2152 3856 2207 οὐ

2177 2248 2255 2320 μὴ
2316 2245 2496 2318 ἴδωσι,
2535 2247 2624 2301 καὶ
2674 2244 2983 2316 ἀκούοντες,
3040 2243 3098 2300 οὒ
3143 2245 3221 2318 μὴ
3291 2243 3598 2317 ἀκούσωσι,
3648 2243 3693 2299 ῶ
3745 2265 3848 2297 πα-

2179 2334 2354 2392 νάθλιε
2438 2337 2526 2391 καὶ
2611 2334 2824 2390 πάντων
2911 2333 3188 2411 ἀνθρώπον
3259 2333 3520 2408 ὡμὸτατε
3611 2332 3845 2409 τύραννε.

2179 2428 2308 2482 Θεὸν
2355 2427 2448 2482 τὸν
2479 2425 2690 2480 πάντων
2723 2425 2995 2498 Ποιητήν,
3031 2425 3126 2479 καί
3180 2430 3412 2497 Σωτῆρα
3444 2424 3537 2478 καὶ
3574 2422 3697 2477 Υίὸν
3745 2443 3844 2494 μο-

2177 2519 2367 2592 νογενῆ
2424 2515 2519 2570 τοῦ
2567 2513 2684 2575 ἑνὸς
2737 2512 2961 2586 ὑψίστου
3016 2519 3148 2569 Θεοῦ
3197 2511 3284 2566 καὶ
3322 2511 3565 2589 Πατρὸς,
3598 2511 3692 2565 τὸν
3744 2508 3844 2566 K6-

2176 2627 2283 2684 ριον
2340 2603 2488 2677 ἡμῶν
2519 2603 2724 2669 Ἰησοῦν
2770 2603 3018 2677 Χριστὸν,
3062 2601 3151 2657 καὶ
3183 2601 3244 2656 τὸ
3298 2606 3524 2676 Πνεῦμα
3554 2600 3618 2656 τὸ
3673 2598 3840 2677 ἅγιον,

2176 2696 2237 2750 τὶ,
2272 2695 2409 2768 μετὰ
2468 2693 2669 2770 Πατρὸς
2727 2692 2814 2746 καὶ
2878 2693 2998 2746 ι’ἱοῦ
3042 2686 3331 2761 σεϐομενόν
3391 2711 3452 2745 τε
3521 2689 3617 2746 καί
3678 2709 3842 2766 προσ-

2178 2787 2495 2857 κυνούμενον
2579 2781 2930 2858 μαρτύρομαι,
2994 2781 3080 2835 καὶ
3137 2779 3463 2857 ἀναγκάζεις
3539 2800 3609 2853 με
3677 2778 3838 2854 ἀρνή-

2179 2875 2366 2928 σασθαι
2429 2878 2616 2928 τοῦτον
2679 2867 2838 2947 ὅνπερ
2893 2868 3067 2935 ἆληθῆ
3138 2869 3485 2946 τυγχάνοντα
3543 2865 3837 2944 ὁμολογῶ;

2179 2951 2470 3028 τηνικαῦτα
2540 2961 2640 3038 γὰρ
2705 2959 2876 3039 ἐχρῆν
2950 2980 3006 3014 σε
3069 2957 3480 3037 τιμωρήσασθαί
3549 2979 3617 3033 με
3691 2954 3838 3033 εἴπερ

2178 3048 2502 3126 ἐψευδόμην,
2537 3051 2581 3106 εἰ
2637 3048 2782 3113 θεοὺς
2837 3048 2979 3104 εἴδαι
3034 3045 3218 3125 ἔλεγον
3262 3048 3387 3114 τοὺς
3441 3045 3690 3124 βασιλεῖς
3751 3066 3834 3100 σου

2176 3143 2262 3196 καὶ
2334 3139 2747 3217 αὗτοκράτορας.
2811 3134 2978 3194 Ἀλλὰ
3036 3138 3136 3216 γὰρ
3193 3137 3415 3194 ἐπίτολὺ
3473 3133 3731 3216 στρέϐλου
3770 3153 3832 3209 με

2175 3237 2244 3300 τῆ
2289 3229 2547 3308 ὁμολογίᾳ
2604 3228 2770 3305 ταύτῃ
2826 3226 3149 3302 ἐμμένοντα,
3212 3229 3300 3282 καὶ
3371 3227 3454 3302 μὴ
3501 3227 3679 3303 παύσῃ
3740 3228 3830 3290 τῆς

442 3321 536 3373 tus
562 3321 781 3392 martyr
807 3312 1163 3374 Vincentius
1186 3314 1438 3391 diceret,
1468 3317 1723 3397 etjudex
1753 3337 1821 3379 se
1849 3317 2087 3383 irrideri

2178 3319 2295 3378 κατ’
2344 3320 2472 3396 ἐμοῦ
2514 3320 2822 3393 ὠμότητος,
2858 3318 2902 3373 εἷ
2946 3315 3046 3394 ἄρα
3085 3317 3171 3372 καὶ
3223 3315 3362 3372 οὕτω
3415 3321 3520 3385 τὴν
3551 3323 3658 3372 τῶν
3711 3321 3830 3390 Χρι-

440 3410 698 3483 putaret,
733 3403 916 3481 magis
949 3405 1256 3484 magisque
1301 3405 1658 3484 insaniebat,
1696 3415 1819 3471 toto
1851 3418 2091 3489 pectore

438 3493 749 3569 anhelans,
808 3503 862 3553 et
916 3494 1070 3554 collo
1134 3498 1566 3571 intumescens,
1627 3505 1868 3579 totoque
1921 3499 2087 3561 vultu

437 3579 816 3658 immutatus,
871 3592 928 3643 et
977 3582 1050 3645 ab
1103 3583 1293 3644 oculis
1326 3584 1527 3646 radios
1557 3587 1750 3648 instar
1780 3589 2083 3652 scintilla-

439 3687 572 3732 rum
603 3671 881 3732 eniittens
916 3690 929 3734 :
966 3672 1068 3754 qui
1102 3675 1336 3735 turbato
1368 3684 1611 3755 aspectu
1645 3679 1952 3757 sanguinis
1979 3699 2086 3741 co-

439 3759 628 3823 lorem
662 3779 784 3836 prae
810 3780 875 3824 se
909 3761 1140 3824 ferente
1165 3771 1306 3825 tunc
1335 3764 1648 3846 aestuabat,
1673 3787 1807 3829 cum
1843 3769 2083 3831 carniﬁ-

439 3870 540 3914 ces
569 3851 734 3934 ipsos
780 3871 897 3913 non
929 3853 1122 3914 solum
1159 3855 1434 3934 martyris
1489 3855 1706 3931 latera,
1741 3858 1846 3919 sed
1893 3869 2085 3920 totum

437 3960 652 4023 corpus
686 3952 742 4004 et
771 3942 1079 4018 intestina,
1116 3962 1437 4022 compages
1469 3965 1704 4027 quoque
1737 3949 2008 4027 corporis
2031 3959 2090 4013 et

429 4033 749 4112 juncturas
794 4033 876 4093 ita
929 4032 1259 4094 dilacerare
1293 4034 1542 4106 videret,
1580 4047 1640 4096 ut
1675 4055 1793 4098 non
1825 4038 2085 4118 amplius

439 4130 640 4201 posset
667 4121 981 4183 carniﬁces
1028 4142 1336 4203 accusare,
1398 4126 1552 4206 quod
1587 4127 1956 4206 negligentes
1989 4129 2084 4191 fo-

439 4220 596 4271 rent.
629 4209 831 4292 Itaque
864 4221 1107 4292 stupore
1136 4213 1530 4290 afticiebatur,
1566 4218 1720 4296 quod
1755 4218 2046 4294 illiusath
2069 4253 2084 4266 -

439 4297 577 4360 Ietae
601 4300 864 4360 animum
898 4307 978 4362 ita
1013 4321 1288 4382 magnum
1317 4312 1378 4365 et
1408 4306 1710 4367 excelsum
1748 4307 2004 4372 videret.

2176 3417 2401 3468 σειανῶν
2475 3407 2853 3484 δοκιμωτάτην
2923 3407 3178 3476 ἀλήθειαν
3248 3404 3452 3485 δυνήσῃ
3522 3405 3822 3482 ἐπιγνῶναι,

2173 3500 2605 3578 ὑπολογήσαντος
2663 3499 2852 3576 μικρὸν
2898 3503 2990 3553 τοῦ
3042 3495 3097 3552 ἐν
3159 3497 3243 3554 σοὶ
3292 3497 3643 3576 ἐνεργοῦντος
3690 3493 3819 3548 ἀκα-

2171 3593 2361 3670 θάρτου
2422 3588 2745 3663 πνεύματος.
2805 3593 2980 3644 Ταῦτα
3040 3593 3132 3643 τοῦ
3191 3587 3342 3663 ἁγίου
3397 3585 3677 3665 λέγοντος,
3719 3603 3820 3657 μα-

2171 3679 2510 3756 νιωδέστερος
2568 3676 2966 3754 ἒπιγελώμενος
3042 3677 3070 3732 ὁ
3130 3673 3376 3740 διάϐολος
3432 3675 3691 3746 κατέστη⁹
3749 3675 3821 3743 τῷ

2169 3792 2227 3828 τε
2286 3771 2466 3839 στήθει
2499 3768 2870 3842 ἐπασθμαίνων
2935 3767 3022 3822 καὶ
3073 3768 3163 3823 τὸν
3224 3765 3432 3846 αὖχένα
3495 3762 3814 3832 ἆνοιδαίνων,

2170 3861 2258 3918 καὶ
2309 3865 2482 3916 πᾶσαν
2526 3859 2709 3921 ἁπλῶς
2753 3857 2850 3925 τὴν
2905 3857 3027 3932 ὄψιν
3086 3855 3178 3913 τοῦ
3234 3855 3564 3933 ἀνθρωπείου
3623 3848 3817 3929 μεταλ-

2172 3950 2353 4028 λαγεὶς
2398 3949 2766 4029 χαρακτῆρος,
2801 3948 2973 4021 μόνην
3021 3946 3121 4012 τὴν
3170 3951 3277 4002 τῶν
3319 3945 3611 4024 ὀφθαλμῶν
3669 3961 3811 3998 καιο-

2170 4041 2337 4116 μένην
2381 4037 2549 4114 βολην
2585 4037 2976 4117 πεφαρμαγένῳ
3006 4036 3092 4092 καὶ
3135 4038 3474 4114 φρθοροποιῷ
3525 4039 3603 4109 τῷ
3649 4030 3811 4110 βλέμ-

2171 4153 2298 4206 ματι
2353 4128 2642 4203 ἐπεπήγει,
2675 4124 2961 4203 καταῤῥέον
3014 4127 3149 4204 ὁρῶν
3194 4127 3254 4180 τὸ
3313 4126 3484 4204 αἷμα,
3537 4125 3612 4202 μή
3663 4121 3815 4196 μόνον

2170 4241 2274 4274 των
2320 4217 2585 4295 πλευρῶν,
2619 4213 2759 4271 ἀλλὰ
2813 4215 2912 4293 γὰρ
2944 4213 3046 4283 ήδη
3097 4214 3188 4271 καί
3247 4217 3446 4278 παντὸς
3509 4221 3600 4272 τοῦ
3641 4214 3817 4284 σώμα-

2171 4331 2259 4373 τος
2325 4313 2415 4363 τοῦ
2470 4305 2680 4378 λοιποῦ,
2737 4305 2826 4360 καὶ
2885 4307 2988 4360 τῶν
3037 4304 3276 4382 ἐγκάνων
3323 4301 3376 4359 δὲ
3421 4307 3489 4361 τὰ
3537 4299 3814 4376 ἐνδομύχια

438 4388 575 4466 subpar
646 4390 989 4468 διηνοιγμένα
1060 4400 1128 4468 τῇ
1199 4395 1306 4448 τῶν
1381 4393 1817 4472 στρεϐλωτηρίων
1881 4401 2114 4476 ἀνάγκη,
2189 4398 2282 4458 τὰς
2340 4417 2390 4451 τι
2451 4391 2641 4460 ξεύξεις
2704 4396 2798 4450 παὶ
2871 4393 3126 4472 ἁρμονίας
3197 4395 3290 4449 τοῦ
3359 4396 3559 4457 παντὸς
3632 4390 3809 4491 σῶμα·

434 4500 526 4544 τος
558 4478 770 4556 βλέπων
815 4479 1191 4558 διηνοιγμένας
1229 4500 1244 4558 ;
1291 4483 1344 4538 ἐν
1377 4481 1549 4541 οὐδενὶ
1587 4483 1780 4543 λοιπὸν
1811 4486 1972 4567 εἶχεν
2022 4488 2275 4566 ῥᾳθυμίας
2311 4483 2732 4562 καταγινώσκειν
2792 4490 2896 4540 τῶν
2926 4480 3156 4558 δημίων⁶
3209 4483 3696 4562 ὕπερεζεπλήττετο
3722 4478 3811 4554 γὰρ

437 4571 497 4626 τὸ
528 4570 914 4650 μεγαλόψυχον
945 4573 1082 4649 ὀρῶν
1112 4579 1205 4628 τοῦ
1249 4573 1570 4650 ἀγωνιστοῦ,

513 4655 640 4720 ΧΠ.
692 4657 837 4719 Cum
886 4677 1025 4720 vero
1075 4660 1331 4722 acerbus
1363 4674 1540 4742 atque
1573 4661 1825 4724 immitis
1853 4663 1957 4725 ille
1989 4671 2079 4745 ty-
2107 4673 2149 4723 D

431 4765 660 4810 rannus
682 4767 716 4810 a
743 4757 1000 4828 martyre
1029 4768 1095 4811 se
1125 4750 1346 4812 victum
1381 4761 1799 4828 cognosceret,
1837 4752 2084 4834 pestifer

435 4837 618 4900 homo
650 4838 765 4898 alia
797 4838 1054 4916 quadam
1107 4838 1199 4899 via
1242 4839 1629 4901 Vincentium
1661 4859 1936 4919 egressus
1966 4852 2080 4916 est,

438 4928 692 4990 credens
715 4928 843 4989 ﬁeri
869 4945 1067 5006 posse,
1095 4937 1156 4988 ut
1181 4927 1594 4990 misericordia
1618 4939 1676 4992 et
1698 4931 2082 5008 lenitate,viri

431 5018 577 5100 justi
604 5027 860 5080 mentem
898 5037 967 5078 ac
1007 5019 1369 5078 voluntatem
1395 5018 1688 5084 alliceret.
1719 5023 1934 5083 Aiebat
1965 5023 2081 5102 igi-

433 5116 560 5172 tnr:
587 5109 901 5182 Miserere,
921 5105 1327 5186 Vincenti,ju~
1345 5108 1718 5184 entutistuae,
1742 5130 1933 5191 neque
1951 5123 2078 5173 aata-

433 5198 510 5258 tis
552 5199 758 5259 florem
795 5198 852 5258 in
887 5198 1095 5278 primis
1127 5197 1301 5258 annis
1333 5198 1581 5280 decerpi
1609 5201 1877 5280 patiaris,
1903 5212 2084 5282 atque

433 5287 724 5368 longioris
755 5290 886 5348 vitae
915 5286 1172 5368 spatium
1199 5305 1272 5350 ne
1299 5285 1404 5348 tibi
1429 5290 1738 5369 princidas.
1772 5295 1956 5352 Parce
1977 5294 2080 5354 tibi

430 5377 568 5458 ipsi.
593 5380 680 5440 Ne
705 5377 1066 5452 committas,
1101 5387 1165 5438 ut
1194 5377 1462 5442 cruciatu
1508 5381 1736 5460 majore
1767 5381 2079 5444 lacereris.

433 5468 654 5532 Saltem
685 5487 822 5532 sero
845 5468 1066 5548 sapias,
1098 5476 1158 5528 et
1185 5467 1506 5548 resipisces
1539 5470 1803 5548 tandem,
1840 5490 1916 5533 ne
1946 5471 2086 5532 reli-

456 5747 462 5753 _
513 5674 531 5707 ί
557 5673 767 5736 Matth.
797 5691 925 5747 xm,
958 5673 1058 5738 t3.

2249 4664 2352 4725 ω’.
2411 4655 2552 4722 ’Ὅτε
2611 4662 2666 4719 δὲ
2721 4662 2862 4720 οὕτω
2907 4669 3110 4742 πικρῶς
3155 4664 3247 4720 καὶ
3298 4661 3520 4729 ἀνίλεως
3569 4655 3804 4732 δπάρχων

2169 4753 2547 4834 ἀπηλέγχετο,
2603 4753 2795 4832 ἑτέρως
2852 4750 3092 4816 οἶοϐόλος
3150 4750 3378 4830 προσῄει
3440 4760 3517 4826 τῷ
3573 4747 3798 4824 μάρτυρι,

2169 4847 2409 4920 οἰόμενος
2475 4844 2647 4915 οἴκτῳ
2702 4843 2961 4921 ὑποσύραι
3008 4850 3098 4900 τοῦ
3162 4841 3366 4899 δικαίου
3424 4844 3486 4899 τὸ
3543 4837 3796 4921 φρόνημας

2169 4917 2424 5002 Ἐλέησον
2483 4935 2608 5011 γὰρ,
2641 4917 2890 5012 ἔφασκεν,
2945 4933 3153 5007 ἑαυτὸν,
3200 4935 3266 5010 ῶς
3305 4917 3565 4989 Βικὲντιιί
3621 4926 3691 5003 μὴ
3743 4917 3796 4974 ἰδ

2168 5026 2315 5088 ἄνθος
2377 5031 2472 5092 τῆς
2520 5025 2734 5101 ἐαρινῆς
2797 5044 2890 5082 σου
2923 5023 3010 5079 καὶ
3071 5019 3359 5100 δροσῶδυυς
3413 5020 3617 5090 ἡλικίας
3669 5013 3796 5069 ἀπο-

2171 5115 2354 5196 λέσῃς,
2392 5115 2467 5172 ἔτι
2515 5117 2579 5171 τὰ
2624 5119 2804 5191 πρῶτο
2863 5125 2981 5176 τοῖς
3025 5109 3165 5168 ἔτεσι
3214 5111 3306 5179 τῆς
3341 5113 3588 5178 νεότητος
3619 5102 3792 5182 δρεπο-

2172 5206 2360 5280 μένης,
2397 5207 2473 5279 μὴ
2507 5207 2566 5261 τὸ
2611 5201 2901 5281 μακρόόιόν
2947 5224 3039 5258 σου
3071 5201 3166 5270 νῆς
3211 5199 3352 5271 ζωῆς
3383 5199 3635 5275 ἐκκόψῃς.
3671 5197 3794 5245 Φετ-

2169 5317 2255 5351 σαι
2325 5294 2518 5350 σαυτοῦ
2574 5306 2695 5356 ναῖς
2745 5293 2946 5355 αἰκίαις
3007 5291 3146 5349 οὕτω
3207 5285 3790 5381 καταοπαραττώμενξει

2172 5387 2256 5440 καὶ
2301 5382 2396 5439 κᾶν
2441 5390 2565 5462 γοῦν
2611 5381 2710 5456 ὀψέ
2755 5403 2883 5437 ποτε
2941 5381 3006 5436 τὰ
3037 5379 3200 5438 λοιπὰ
3250 5378 3356 5436 τῶν
3386 5378 3626 5456 βασάνων
3663 5378 3794 5462 ⁸διξξρο

2171 5471 2355 5541 δησον.
2421 5454 2518 5531 Καί
2581 5475 2610 5528 ὁ
2659 5454 2816 5550 -ἅγιος
2877 5477 2953 5544 τῷ
3009 5471 3143 5549 ἀγίῳ
3196 5454 3462 5546 Πνεύμαςι
3517 5469 3604 5524 τὸν
3658 5454 3794 5514 δόλον
