4104 6198
282 340 406 408 745

1591 337 1781 410 VITA
1823 343 1885 408 S.
1947 340 2374 411 VINCENTII.

3541 351 3661 420 7'46

284 483 737 559 προαισθόμενος,
795 482 884 540 καὶ
925 487 1025 549 τῆς
1077 480 1290 549 ἀπάτης
1347 485 1560 558 θεωρῶν
1610 483 1672 538 τὸ
1731 479 1939 588 δέλεανρ,

2025 485 2477 588 quater-menta
2518 478 2788 588 patiaris.
2825 480 2978 584 Cum.
3025 483 3153 546 baac
3176 483 3366 588 iudex
3394 484 3660 563 dixisset,

283 572 496 632 τούτοις
554 587 674 638 τοῖς
735 571 918 650 λόγοις
963 571 1241 651 ἐχρήσατο
1286 573 1418 648 πρὸς
1455 573 1546 628 τὸν
1604 570 1819 650 ἐχθρόν’
1872 570 1933 627 ⁷Ω

284 659 508 728 ἀληθῶς
560 662 782 740 γλῶσσα
825 669 916 718 τοῦ
958 660 1206 718 διαϐόλου
1265 661 1555 740 ἀκάθαρτε,
1615 662 1665 717 τί
1723 663 1818 718 οὑκ
1873 661 1935 717 ἂν

285 750 411 806 κατ’
469 751 602 826 ἐμοῦ
632 754 870 828 κυνήσῃς
902 750 1309 831 μηχανώμενος
1343 768 1358 824 ;
1390 752 1553 808 ὁπότε
1609 751 1702 806 τὸν
1749 753 1938 829 Κύριον

283 841 448 914 ἡμῶν
504 842 592 898 καὶ
652 842 784 898 Θεὸν
844 847 1094 918 πειρᾶσαι
1149 838 1458 909 ἠϐουλήθης
1493 857 1505 869 ·
1570 837 1690 896 οὐδὲ
1731 838 1816 898 διὰ
1845 841 1938 905 τὰς

285 931 550 1007 τιμωρίας
610 929 670 990 ἃς
729 929 996 1010 ὶπιφέρειν
1073 929 1165 1003 μοί
1232 928 1608 1008 χαλεπαίνεις,
1668 937 1826 988 τοῦτο
1881 927 1935 986 δὲ

284 1017 498 1091 μᾶλλον
550 1031 798 1076 πτοεῐται
859 1021 948 1076 καί
1007 1016 1252 1100 φοϐεῖται
1325 1016 1717 1093 δεδιττόμενον,
1777 1020 1934 1088 ἡνίκα

283 1105 501 1184 πλάττῃ
558 1107 677 1164 κατ’
751 1108 882 1183 ἐμοῦ
938 1107 1353 1186 προτεινόμενος
1429 1107 1636 1170 ἔλαιον.
1705 1109 1800 1166 Καὶ
1858 1110 1931 1171 είς

283 1196 388 1270 ἐμὲ
443 1197 814 1268 κραταιούσθω
867 1198 1092 1254 παντοία
1149 1217 1242 1256 σου
1320 1196 1564 1271 κόλασις,
1626 1198 1716 1254 καὶ
1776 1197 1830 1252 εἴ
1879 1221 1933 1254 τι

286 1284 343 1342 δέ
402 1309 497 1343 σου
552 1301 677 1350 ταῖς
737 1288 1033 1364 στρατείαις
1089 1288 1179 1344 καὶ
1240 1286 1593 1366 κακοτέχνοις
1650 1285 1934 1362 δυνάμεσιν

285 1379 617 1454 ἓφευρίσκειν
696 1376 979 1450 πέποιθας,
1057 1377 1424 1452 προσκόμισον
1502 1376 1793 1453 ἁνερευνών
1851 1375 1936 1432 διὰ

286 1471 392 1532 τῆς
449 1468 915 1545 πεφαρμαγμενης
962 1488 1056 1523 σου
1104 1468 1341 1544 πικρίας,
1394 1463 1646 1540 δοκίμαζε
1707 1465 1804 1534 την
1847 1467 1936 1521 ἶσ-

286 1557 393 1635 χύν
447 1577 506 1611 τε
539 1556 634 1613 καὶ
677 1557 857 1612 πίστιν
887 1562 993 1611 τῶν
1033 1559 1368 1632 Χριστιανῶν
1427 1554 1680 1628 καθόλου,
1739 1556 1818 1630 μὴ
1877 1556 1940 1611 σύ

285 1665 351 1722 γε
395 1645 554 1725 φείσῃ
585 1646 850 1719 αἰκισμῶν
882 1646 968 1700 καὶ
1001 1643 1302 1722 κολάσεων,
1339 1641 1577 1722 σιδήρου,
1636 1643 1801 1721 λέγω,
1851 1645 1940 1699 καὶ

282 1737 477 1813 πυρὸς,
537 1733 887 1809 κατατέμνων
963 1735 1052 1789 καὶ
1129 1733 1519 1811 κατεμπιπρῶν
1554 1749 1568 1765 ⁶
1646 1732 1784 1790 οὕτω
1839 1733 1938 1810 γὰρ

283 1823 374 1880 διὰ
432 1825 646 1881 πάντων
706 1825 806 1891 τὴν
857 1823 1024 1892 ἧτταν
1107 1823 1476 1900 ὁμολογήσεις
1558 1823 1999 1914 καταισχυνό-Β

285 1934 476 1990 μενος.

373 1994 479 2065 ιε’,
517 2005 811 2082 Πριόμενος
843 2001 896 2060 δὲ
961 2016 1084 2065 ταῖς
1131 2004 1316 2081 ὀργαῖς
1351 2003 1484 2082 πρὸς
1516 2004 1726 2067 τούτοις
1760 2004 1787 2060 ὁ
1821 2013 1932 2060 Δα-

284 2103 497 2168 τιανὸς,
548 2095 725 2150 καὶτὸ
755 2091 953 2158 ὄνειδος
986 2093 1065 2167 μὴ
1113 2092 1284 2172 φέρων
1345 2089 1762 2160 ἐπεμϐαίνοντος
1815 2091 1931 2149 κατ’

286 2189 449 2245 αὐτοῦ
501 2191 597 2242 τοῦ
639 2183 962 2262 ἂγωνιστοῦ,
996 2181 1141 2256 λέγει
1171 2183 1306 2259 πρὸς
1336 2182 1433 2248 τὴν
1480 2181 1624 2247 τάξιν
1663 2197 1676 2212 ⁸
1736 2182 1929 2260 Διαγὲ-

287 2279 397 2332 σθω
458 2273 692 2330 ἐντεῦθεν
734 2271 821 2328 ἐπὶ
876 2274 974 2339 τὴν
1033 2272 1171 2328 κατὰ
1223 2274 1385 2346 νόμον
1441 2270 1676 2336 ἐξέτασίν
1727 2292 1783 2327 τε
1844 2272 1930 2327 καὶ

284 2366 528 2442 ἀνάγκην
561 2381 578 2399 θ
633 2361 996 2436 δοκιμαζέσθω
1051 2361 1172 2418 κατ’
1249 2361 1430 2433 αὖτοῦ,
1494 2362 1579 2418 καὶ
1645 2360 1928 2440 ἀνιχνευέ-

286 2459 499 2512 σθωσαν
558 2459 722 2509 πᾶσαι
782 2455 833 2508 αἱ
894 2458 996 2506 τῶν
1053 2450 1510 2529 ἀπηγορευμένων
1563 2450 1804 2528 πράξεων
1844 2473 1930 2506 τι-

289 2545 512 2623 μιορίαι,
545 2541 922 2620 πατροφονὲων
951 2562 1009 2598 τε
1041 2543 1129 2597 καὶ
1186 2539 1573 2618 ἀνδροκτόνων,
1634 2541 1796 2621 φημὶ,
1845 2541 1932 2595 καὶ

286 2633 498 2692 λοιπῶν
551 2629 849 2689 καταδίκων
929 2629 1249 2686 κολαστικὸν
1310 2630 1640 2709 μηχάνημα.
1707 2630 1763 2686 Εἰ
1834 2631 1934 2706 γὰρ

287 2725 378 2780 καὶ
436 2725 463 2779 ὁ
491 2722 750 2799 λογισμὸς
783 2721 1126 2799 ἐγκαρτερεῖν
1158 2731 1276 2782 τοῖς
1331 2717 1530 2782 δεινοῖς
1576 2717 1804 2775 ἐπιπολὺ
1837 2715 1931 2774 δυ-

287 2815 547 2891 νήσηται,
579 2810 716 2866 ἀλλὰ
773 2810 871 2866 κᾶν
928 2817 1052 2886 γοῦν
1093 2810 1160 2865 τὰ
1209 2807 1348 2883 μέλη
1398 2822 1520 2870 ταῖς
1553 2809 1807 2883 βασάνοις
1841 2808 1934 2863 ἐν-

289 2901 574 2958 απολέσθω
607 2919 622 2934 ⁸
656 2900 744 2954 καὶ
775 2900 875 2975 γὰρ
908 2899 960 2955 ἐν
992 2899 1103 2971 ὅσῳ
1133 2898 1284 2962 οὗτος
1325 2911 1444 2960 τοῖς
1477 2903 1608 2968 ζῶσι
1642 2898 1932 2978 περίεστιν,

290 2990 387 3065 ἐμὲ
427 2995 524 3056 τῆς
586 2989 739 3054 νίκης
799 2985 1055 3044 ἀδύνατον
1114 2985 1505 3050 ἒπιτεύξασθαι.
1541 2984 1601 3044 Ὀ
1645 2984 1700 3042 δὲ
1759 2986 1931 3054 ἀθλη-

290 3081 388 3146 τὴς
447 3079 675 3145 ἀπονητὶ
704 3077 1207 3154 καταστρεφόμενος
1239 3077 1329 3131 τὸν
1387 3076 1702 3149 ἀντίπαλον,
1751 3078 1934 3133 τοιού-

291 3190 403 3230 τοις
463 3165 831 3245 ἂγαλλόμενος
881 3163 1006 3222 ἐϐόα
1063 3179 1180 3226 τοῖς
1226 3165 1507 3242 ῥήμασιν·

2019 570 2403 632 beatissimus
2447 577 2669 650 martyr
2704 567 3078 647 Vincentius,
3112 592 3146 636 a
3175 573 3400 655 Spiritu
3451 585 3659 638 sancto

2019 659 2291 733 edoctus,
2329 658 2500 720 dolos
2532 660 2848 739 praesensit
2883 682 2895 724 :
2934 661 3134 741 itaque
3159 663 3253 724 bis
3285 662 3486 726 verbis
3517 683 3662 727 usus

2019 758 2110 812 est
2143 767 2157 811 :
2194 751 2326 812 Non
2358 747 2681 827 displicent
2713 750 2856 811 mihi
2894 751 3221 826 cruciatus,
3259 771 3410 834 quos
3441 753 3661 817 afferre

2020 839 2229 901 studes
2263 857 2277 902 :
2313 837 2417 900 sed
2451 838 2598 901 illud
2633 856 2728 901 me
2762 841 3198 918 perterrefacit,
3233 843 3396 920 quod
3427 843 3662 906 miseri.

2019 929 2238 991 cordize
2266 927 2451 988 verba
2483 938 2540 988 te
2572 927 2950 991 simulantem
3000 930 3200 992 audio.
3254 929 3664 994 Exerceamur

2017 1037 2158 1098 ergo
2206 1026 2414 1080 contra
2448 1036 2543 1078 me
2573 1026 2870 1081 tormenta
2915 1021 3140 1094 omnia,
3195 1027 3256 1082 et
3303 1020 3664 1103 multiplices

2012 1108 2340 1179 cruciatus,
2396 1107 2778 1184 quantumvis
2808 1127 3041 1187 graves,
3097 1109 3444 1188 all‘erantur,
3497 1131 3567 1174 ac
3615 1113 3662 1174 si

2017 1198 2159 1279 quid
2193 1194 2552 1276 prodigiosis
2575 1205 2634 1258 et
2656 1198 2942 1260 maleficia
2975 1198 3202 1261 viribus
3226 1199 3342 1262 tuis
3372 1201 3661 1278 conﬁsus,

2017 1286 2291 1348 invenire
2315 1295 2522 1347 contra
2545 1304 2641 1348 me
2667 1287 2914 1369 poteris,
2941 1307 3017 1350 ne
3039 1288 3295 1351 desistas
3318 1290 3660 1370 pestiferam

2019 1378 2189 1437 istam
2223 1375 2657 1438 immanitatem
2692 1386 2850 1438 tuam
2885 1377 2946 1438 in
2981 1397 3076 1440 me
3109 1379 3350 1442 inferre.
3373 1378 3663 1461 Experire

2021 1464 2494 1528 Christianorum
2544 1465 2746 1527 vires:
2783 1485 2978 1547 neque
3029 1467 3329 1532 abstineas
3379 1489 3412 1532 a
3441 1469 3664 1532 verbe-

2021 1555 2191 1616 ribus
2221 1563 2279 1616 et
2315 1555 2654 1627 tormentis,
2691 1573 2810 1616 non
2844 1575 2880 1618 a
2909 1555 3090 1631 ferro,
3146 1559 3285 1637 igne
3332 1568 3512 1642 atque
3562 1565 3661 1621 in-

2023 1643 2238 1707 cendio
2275 1661 2288 1706 :
2326 1643 2414 1705 sic
2445 1645 2608 1705 enim
2636 1644 2699 1706 in
2731 1645 3014 1708 omnibus
3043 1647 3138 1709 his
3171 1655 3227 1711 te
3258 1648 3476 1712 victum
3507 1649 3660 1712 fate-

2021 1732 2197 1809 bere,
2237 1733 2548 1814 magisque
2581 1733 2925 1799 erubescas.

2095 2000 2244 2064 Xlll.
2270 2001 2414 2065 Cum
2441 2002 2568 2066 haac
2589 2003 2844 2066 audiens
2863 2003 3148 2067 Datianus
3167 2005 3340 2068 valde
3363 2011 3665 2070 cruciare-

2017 2097 2135 2162 tur,
2162 2099 2221 2152 et
2244 2090 2480 2153 athletae
2498 2093 2658 2154 illius
2675 2101 3065 2156 constantiam
3089 2095 3204 2156 sibi
3224 2095 3508 2159 dedecori
3531 2115 3664 2160 esse

2017 2199 2138 2242 non
2173 2189 2498 2259 pateretur,
2519 2183 2746 2244 cohorti
2779 2184 2904 2246 hznc
2921 2185 3140 2264 jussit:
3170 2186 3432 2248 Ducatur
3453 2186 3567 2250 iste
3590 2187 3664 2249 ad

2011 2269 2304 2348 judicium
2338 2279 2394 2330 et
2426 2271 2624 2349 legum
2658 2291 2931 2348 examen,
2967 2283 3026 2336 et
3058 2273 3150 2336 his
3182 2276 3399 2354 pcenis,
3423 2294 3492 2337 ac
3512 2295 3660 2356 sup-

2016 2358 2210 2440 pliciis
2239 2358 2618 2439 subjiciatur,
2653 2363 2872 2443 quibus
2904 2364 3238 2442 parricidae,
3271 2364 3550 2427 scelerati
3601 2376 3660 2428 et

2016 2448 2230 2509 nefarii
2261 2449 2538 2510 homines
2562 2462 2700 2511 sunt
2731 2451 2996 2526 obnoxii,
3028 2460 3244 2514 utcum
3273 2453 3402 2532 ejus
3418 2464 3658 2517 an'mus

2016 2539 2314 2601 cruciatus
2342 2557 2550 2616 graves
2570 2539 2796 2602 diutius
2818 2542 2976 2603 ferre
3001 2551 3236 2622 paratus
3260 2544 3358 2616 sit,
3387 2544 3660 2605 membra

2016 2627 2144 2707 ipsa
2193 2627 2460 2689 omnium
2516 2648 2802 2708 generum
2856 2639 3171 2692 tormentis
3199 2640 3651 2695 consumantur.

2017 2715 2290 2787 Quandiu
2323 2718 2485 2778 enim
2521 2720 2634 2780 iste
2664 2721 2986 2799 supererit,
3023 2722 3153 2782 fieri
3185 2739 3302 2783 non
3339 2731 3558 2800 potest,
3590 2733 3658 2785 ut

2017 2823 2127 2884 ego
2150 2806 2413 2868 victoria;
2429 2826 2674 2885 compos
2695 2808 3002 2871 fiam.Hm
3017 2809 3667 2872 aitDatianus.Athleta

2021 2913 2156 2956 vero
2212 2894 2314 2955 ille
2366 2895 2727 2958 fortissimus
2751 2899 3157 2960 adversarium
3194 2901 3288 2962 his
3317 2898 3517 2961 verbis
3545 2901 3664 2961 alta

2017 3002 2164 3046 voce
2195 2984 2658 3066 insequebatur:
2691 2985 2739 3050 Ο
2771 3005 2866 3048 me
2890 2987 3155 3064 beatum,
3181 2998 3240 3050 et
3263 3007 3400 3050 vere
3426 2989 3663 3051 felicem

2019 3082 2196 3154 atque
2224 3073 2475 3136 hilarem
2500 3075 2745 3150 factum,
2770 3078 3255 3158 quandoquidem
3282 3079 3408 3138 ista;
3433 3085 3547 3139 tum
3569 3097 3667 3138 ca-

1563 3165 1635 3220 νυ
1667 3171 1764 3232 τῆς
1796 3166 1933 3242 ἐμῆς
1961 3240 1992 3247 _
2022 3163 2262 3224 lumniae
2295 3172 2354 3224 et
2386 3163 2583 3238 minae,
2612 3184 2761 3227 mea;
2781 3176 2920 3227 sunt
2950 3168 3403 3247 perfectissima;
3436 3167 3663 3229 laudes.

291 3240 690 3334 μακαριότητος
737 3255 950 3322 ἀληθῶς
994 3255 1082 3311 καὶ
1136 3240 1470 3333 ἀφροσύνηςί
1525 3255 1575 3310 αἱ
1633 3255 1735 3332 γὰρ
1792 3240 1936 3334 παρα

2025 3252 2122 3314 His
2146 3251 2344 3314 verbis
2365 3252 2649 3316 Dalianus
2667 3257 2738 3316 ad
2770 3240 3061 3318 insaniam
3087 3257 3442 3331 concitatus,
3466 3260 3664 3319 statim

289 3358 386 3407 σοῦ
429 3369 546 3424 μοι,
599 3343 833 3423 διάϐολε,
878 3344 1120 3416 ἀπειλαὶ,
1169 3342 1532 3421 πληρέστατοι
1578 3344 1936 3423 τυγχάνουσιν

2025 3343 2194 3422 iussit
2225 3361 2470 3404 crucem
2504 3347 2810 3424 componi,
2837 3355 2894 3407 et
2924 3345 2984 3407 in
3019 3347 3118 3407 illa
3143 3344 3524 3408 Vincentium
3551 3345 3669 3408 suf-

289 3437 524 3510 ἴπαινοι,
559 3438 647 3491 καὶ
677 3437 712 3502 ἡ
741 3433 1069 3513 τραχυτέρα,
1101 3435 1176 3497 ὡς
1206 3432 1337 3507 οἴει,
1371 3432 1707 3500 κατάπληξις
1771 3456 1936 3490 σεσω-

293 3527 521 3607 ρευμὲνη
553 3523 675 3590 δόξα
722 3525 954 3602 ὕπαρχει
991 3540 1004 3554 ⁸
1068 3522 1122 3578 ἐν
1266 3521 1320 3578 δὲ
1365 3525 1598 3598 νομίζεις
1643 3525 1936 3602 βαρύτατον

292 3617 616 3694 ὀργίζεσθαι,
650 3621 805 3670 τοῦτο
839 3612 1044 3687 μᾶλλον
1076 3613 1245 3690 άρχεῖ
1275 3633 1342 3686 με
1399 3613 1463 3666 τὰ
1511 3611 1762 3687 βέλτιστα
1793 3614 1937 3692 ὠφε-

293 3705 438 3768 λεῖν,
476 3707 574 3762 Καὶ
602 3707 629 3758 δ
679 3704 936 3765 Δατιανὸς
996 3701 1282 3779 ὑπερζέσας
1316 3714 1439 3763 ταῖς
1475 3701 1712 3776 μανίαις,
1746 3704 1936 3767 εὐθέως

292 3794 613 3869 προστάττει
671 3793 894 3870 σταυρὸν
951 3794 1359 3867 καταπαγῆναι,
1422 3791 1509 3845 καὶ
1572 3789 1686 3848 ἐκεῖ
1764 3813 1938 3870 προσ-

292 3879 570 3948 ηλωθὲντα
628 3879 837 3946 ἃκινητὶ
881 3875 1187 3951 καταμέλος
1232 3877 1540 3947 αἰκίζεσθαι.
1608 3881 1706 3935 Καὶ
1753 3877 1818 3946 δὴ
1873 3880 1939 3934 τὰ

290 3969 734 4049 προσταττόμενα
789 3966 1060 4032 ἐξετέλοδν
1121 3968 1168 4022 οἱ
1211 3974 1306 4022 τοῦ
1354 3963 1600 4022 διαϐόλου
1628 3967 1935 4046 ὑπηρέται·

291 4062 379 4118 καὶ
409 4059 673 4136 παγέντος
705 4064 797 4115 τοῦ
827 4057 1051 4134 σταυροῦ
1083 4057 1396 4134 ἀνήρπασαν
1446 4055 1606 4112 αὐτὸν
1661 4060 1716 4113 ἒν
1773 4059 1937 4137 αὐτῷ,

295 4149 459 4208 πάλιν
485 4165 498 4180 ⁶
536 4146 590 4204 δὲ
621 4154 713 4203 σὺν
746 4146 932 4220 πολλῷ
961 4152 1039 4220 τῷ
1068 4146 1229 4225 τάχει
1258 4147 1598 4223 κατήνεγκαν
1633 4147 1791 4204 αὐτὸν
1837 4147 1941 4204 ἀπὸ

294 4250 387 4298 τοῦ
429 4238 604 4304 ξύλου,
641 4229 734 4302 Ὠς
765 4236 820 4293 δὲ
870 4241 972 4294 τῶν
1014 4234 1224 4311 δεσμῶν
1275 4235 1535 4310 ἀπελύθη,
1568 4241 1655 4293 καὶ
1688 4235 1816 4303 ἔστη
1855 4237 1940 4293 ἐπὶ

296 4339 391 4388 τοῦ
445 4327 667 4405 ἐδάφους
718 4331 746 4384 ὁ
792 4327 967 4406 ἅγιος,
1015 4326 1253 4403 ἐνεργείᾳ
1307 4332 1402 4383 τοῦ
1452 4326 1604 4404 ἁγίου
1639 4328 1943 4402 Πνεύματος

295 4417 572 4483 ἑκτινάξας
631 4418 820 4473 ἑαυτὸν
865 4415 926 4471 ἐκ
967 4421 1074 4473 τῶν
1133 4413 1362 4494 δημίων,
1421 4416 1510 4471 καὶ
1555 4415 1942 4492 προσπηδήσας

296 4509 385 4566 ἐπὶ
438 4511 528 4564 τὸν
588 4509 812 4586 σταυρὸν
873 4505 1075 4584 δρόμῳ,
1135 4504 1462 4582 βουλόμενος
1541 4508 1944 4585 τιμωρήσασθαι

2021 3433 2115 3510 figi
2150 3451 2218 3493 ac
2255 3433 2641 3496 membratim
2676 3437 2846 3496 caedi.
2884 3435 3028 3497 Cum
3061 3436 3246 3514 igitur
3278 3454 3425 3498 crux
3450 3453 3574 3517 ipsa
3603 3434 3667 3496 in

2022 3529 2178 3583 terra
2201 3521 2394 3583 defixa
2417 3533 2925 3604 esset,martyrem
2951 3531 3010 3585 in
3036 3525 3205 3603 ligno
3224 3527 3672 3603 suSpenderunt

2020 3611 2232 3672 nefarii
2256 3612 2555 3684 homines,
2581 3623 2640 3674 et
2663 3614 2954 3674 satellites
2977 3613 3228 3682 diaboli,
3251 3615 3672 3693 Datianijussa

2020 3701 2663 3780 exsequentesPostea
2687 3721 2824 3763 vero
2846 3703 3122 3763 eumdem
3151 3705 3331 3764 multa
3358 3722 3491 3764 cum
3514 3705 3671 3766 cele-

2020 3791 2195 3851 ritate
2219 3810 2251 3850 e
2275 3790 2435 3868 ligno
2460 3791 2993 3864 detraxerunt.Qui
3018 3811 3151 3852 cum
3179 3812 3210 3852 a
3235 3793 3486 3852 vinculis
3505 3794 3668 3852 solu-

2023 3887 2116 3941 tus
2149 3889 2329 3950 esset,
2367 3889 2424 3939 et
2456 3879 2515 3940 in
2549 3893 2709 3942 terra
2733 3881 2822 3941 vir
2843 3880 3254 3941 sanctissimus
3279 3879 3670 3955 constitisset,

2024 3966 2282 4049 Spiritus
2307 3969 2495 4030 sancti
2519 3988 2630 4049 ope
2661 3969 2920 4046 adjutus,
2947 3970 3211 4049 seipsum
3235 3988 3267 4030 a
3289 3969 3671 4030 carnificibus

2024 4058 2335 4131 abstraxit,
2373 4067 2430 4118 et
2459 4057 2532 4118 ad
2568 4077 2813 4120 crucem
2845 4059 3011 4120 illam
3045 4062 3312 4120 cucurrit
3347 4076 3361 4119 :
3399 4060 3458 4118 in
3492 4076 3668 4138 quam

2025 4166 2160 4210 cum
2194 4146 2474 4218 insiliret,
2514 4148 2747 4208 hostem
2781 4149 2976 4228 ipsum
3009 4147 3446 4228 perterrefecit.
3469 4147 3675 4228 Itaque

2025 4236 2378 4317 eus,quibus
2392 4237 2860 4314 cruciabatur,et
2877 4247 3171 4300 tormenta
3187 4258 3256 4299 cu
3269 4237 3675 4314 mulabantur,

2024 4326 2392 4406 increpans:
2430 4328 2716 4401 Curnam,
2754 4329 2972 4410 inquit,
3029 4329 3346 4405 tardiores,
3403 4336 3462 4389 et
3492 4329 3551 4388 in
3583 4344 3679 4388 me

2025 4416 2158 4496 ipso
2175 4417 2249 4477 ad
2274 4425 2576 4479 tormenta
2596 4419 2876 4481 ducendo
2897 4417 3035 4479 facti
3053 4420 3198 4480 estis
3219 4417 3678 4479 imbecilliores?

2027 4506 2407 4587 Agite,quam
2431 4507 2748 4570 celerrime
2766 4507 2947 4569 vestri
2965 4507 3252 4589 principis
3266 4507 3681 4569 crudelitatem

297 4601 388 4656 τὸν
449 4598 667 4678 ἐχθρὸν,
729 4596 869 4653 οῧτω
924 4597 1061 4653 κατὰ
1117 4605 1224 4652 τών
1275 4600 1524 4674 τιμωρῶν
1582 4595 3082 4676 ἐπιμέμφεταιῡοιεθίιυειιιίηἰ,υιὶηοιηιιὶτθᾳυεηι
3106 4597 3682 4676 ρι’ἰηιιιωεθήιιὶιειι-

301 4687 726 4765 ὲπεγειρομὲνων
784 4684 879 4742 καί
939 4684 1315 4741 ἐπιτεινόντων
1366 4685 1510 4760 αὒτῷ
1548 4686 1615 4742 τὰ
1644 4683 1810 4761 δεινὰ,
1859 4687 1946 4743 καί

303 4798 436 4856 φησι
468 4795 484 4810 ·
522 4778 603 4855 Τί,
648 4773 864 4852 βραδεῖς
897 4777 983 4830 καὶ
1010 4773 1289 4854 ἆνίσχυροι
1321 4773 1560 4832 διακόνοι
1619 4783 1712 4833 τοῦ
1770 4799 1943 4844 πονη-

303 4872 418 4945 ροῦ,
463 4865 638 4921 ἕλκειν
670 4887 735 4939 με
779 4865 869 4921 καὶ
897 4863 1125 4942 ἀπάγειν
1158 4864 1244 4920 ἐπὶ
1273 4866 1338 4922 τὰ
1369 4865 1703 4944 κολαστήρια
1739 4886 1755 4948 ς
1791 4867 1948 4926 ἐκτε-

303 4954 451 5012 λεῖτε
481 4955 758 5030 συντόμως
801 4955 902 5021 τὴν
946 4954 1207 5028 ὠμότητα
1261 4961 1355 5010 τοὺ
1396 4955 1752 5036 κακόφρονος,
1807 4957 1951 5024 ὅπως

301 5044 476 5123 γέλως
509 5044 591 5125 ἐφ’
622 5044 820 5100 ἅπασιν
851 5041 888 5118 ᾗ
937 5043 1109 5122 τάχος
1168 5041 1620 5124 ἀναδειχθήσεται
1658 5065 1670 5080 ·
1707 5048 1794 5102 καὶ
1823 5047 1952 5103 τού-

303 5157 414 5201 τοις
472 5133 590 5190 λίαν
646 5133 835 5211 ἀνῄρει
893 5131 1298 5213 χαλεπαίνοντα
1356 5135 1448 5189 τὸν
1505 5133 1800 5214 ἀλάστορα,
1833 5149 1951 5201 τοῖς

305 5223 434 5304 παρ’
485 5224 642 5280 αὒτοῦ
693 5223 904 5301 βέλεσιν
933 5222 1132 5284 ἱκανῶς
1185 5223 1345 5282 αὐτὸν
1393 5223 1799 5304 κατασφάττων,
1863 5228 1955 5283 Διό

309 5317 396 5372 καὶ
455 5316 714 5389 μειζόνως
762 5311 878 5369 κατ’
913 5316 1071 5372 αὒτοὺ
1115 5325 1240 5375 ταῖς
1289 5312 1485 5376 αἰκίαις
1546 5313 1816 5370 ἑκκαίεται
1850 5316 1956 5372 ἒπ-

312 5404 597 5482 ανεγείρων
629 5404 718 5460 καὶ
742 5399 1129 5458 ἆπανακυκλῶν
1158 5401 1224 5456 τὰ
1269 5403 1646 5479 τιμωρητήρια
1674 5418 1687 5432 ⁸
1740 5405 1828 5461 καὶ
1859 5406 1958 5485 γὰρ

313 5493 458 5556 εὐθὺς
494 5489 869 5572 ἐστρεϐλοῦτο,
905 5489 1002 5549 καί
1035 5487 1300 5569 διαφόρως
1332 5504 1456 5554 ταῖς
1515 5491 1726 5567 μάστιξι
1759 5495 1958 5570 ἒπιμό-

314 5605 417 5647 νοες
464 5585 840 5662 κατεσχίζετο,
893 5581 1153 5660 καὶπρὸς
1191 5581 1397 5646 τούτοις
1441 5581 1639 5640 ἅπασιν
1696 5581 1772 5639 ἔτι
1832 5598 1957 5650 ταῖς

312 5670 576 5753 πλευραῖς
637 5671 951 5728 κατεκαίετο
981 5717 998 5751 ,
1073 5668 1504 5739 ἀλλεπαλλιίλως
1563 5677 1668 5730 τῶν
1741 5670 1958 5754 φλογῶν

565 5779 825 5842 ΡΑΤιιοι..
877 5777 990 5841 Gn.
1040 5775 1226 5842 CXIV

2031 4689 2151 4748 lum
2178 4685 2489 4749 faciat.His
2507 4685 2706 4749 verbis
2721 4688 3012 4749 nefarium
3034 4687 3298 4766 judicem
3324 4687 3680 4750 ferociorem

2030 4776 2274 4849 factum,
2328 4784 2606 4856 tanquam
2635 4777 2856 4856 jaculis
2886 4776 3246 4858 quibusdam
3279 4776 3684 4840 confodiebat.

2035 4864 2443 4939 Quamobrem
2471 4866 2658 4944 magis
2684 4868 2992 4948 magisque
3013 4867 3075 4929 in
3101 4879 3417 4948 martyrem
3446 4870 3691 4931 exarde-

2035 4973 2239 5029 scens,
2261 4955 2530 5032 graviora
2551 4962 2608 5015 in
2634 4973 2771 5016 eum
2799 4964 3097 5018 tormenta
3120 4956 3514 5036 excogitabat.
3552 4955 3686 5018 Sta-

2039 5048 2144 5105 tim
2169 5044 2349 5124 igitur
2370 5044 2578 5106 beatus
2594 5042 2950 5108 Vincentius
2975 5047 3387 5128 torquebatur,
3411 5045 3688 5107 diversis-

2038 5153 2155 5216 que
2185 5133 2459 5211 ﬂagellis,
2478 5145 2534 5196 et
2561 5134 2778 5198 ferreis
2800 5137 3099 5216 unguibus
3118 5138 3356 5199 assidue
3378 5135 3688 5196 laceraba-

2039 5235 2157 5301 tur,
2183 5233 2364 5300 atque
2380 5225 2515 5304 ejus
2539 5221 2729 5288 latera
2753 5228 3054 5288 continuis
3077 5225 3335 5288 flammis
3361 5223 3686 5286 combure-

2042 5316 2284 5378 bantur.
2309 5313 2582 5395 Denique
2607 5317 2880 5378 membra
2904 5316 3032 5396 ipsa
3061 5317 3145 5378 ita
3178 5315 3442 5377 distenta
3463 5314 3684 5376 distra-

2043 5414 2260 5487 ctaque
2283 5413 2448 5478 sunt,
2473 5413 2538 5464 ut
2563 5413 2722 5467 totus
2743 5419 3064 5468 enervatus
3089 5412 3267 5466 esset.
3298 5402 3530 5465 Deinde
3549 5421 3690 5465 cum

2042 5495 2268 5556 ferreas
2283 5495 2481 5573 virgas
2493 5494 2810 5556 carnifices
2829 5497 2888 5556 in
2912 5493 3050 5574 igne
3065 5495 3168 5556 diu
3185 5504 3458 5556 tenentes
3479 5493 3696 5573 ignitas

2041 5585 2399 5659 effecissent,
2436 5601 2576 5646 mox
2606 5584 2667 5645 in
2701 5584 2970 5666 ejusdem
3029 5584 3306 5665 martyris
3350 5595 3561 5665 pectus
3591 5602 3696 5647 eas

2042 5675 2455 5756 conjecerunt,
2479 5673 2674 5754 quoad
2694 5673 3093 5739 candentibus
3111 5675 3431 5755 illisvirgis
3452 5679 3699 5738 combu-

3294 5783 3370 5848 24
