4104 6198
454 307 575 376 ’747
1740 313 2021 379 MENSIS
2072 313 2092 375 J

2178 314 2407 379 .‘IUARI
2414 317 2526 380 US.
3713 318 3834 385 748

460 449 1014 532 reretur.Corporis
1036 452 1194 512 enim
1213 445 1562 526 superﬁcies
1584 465 1652 509 ac
1676 448 1848 528 pellis
1863 450 2092 512 ﬂamma

2184 453 2727 529 προσαρασσομένων,
2784 453 2872 510 καὶ
2931 451 3036 511 τῶν
3100 453 3283 529 μελῶν
3347 456 3830 534 κατατεινομένων,

463 538 568 602 illa
619 539 1102 612 comburebatur,
1136 537 1501 616 vulneraque
1532 537 1881 599 vulneribus
1909 538 2092 600 addit:

2192 539 2434 612 ἔξαρθοος
2478 543 2680 618 ἐγίνετο
2739 545 2766 598 ὁ
2817 543 2996 620 ἅγιος,
3031 543 3304 600 Ἐντεῦθεν
3363 542 3418 599 δὲ
3451 543 3670 623 σιδηρᾶς
3731 546 3831 622 ῥά-

462 629 924 700 renovabantur,
954 637 1011 688 et
1037 626 1433 687 lacerationes
1459 625 1922 688 lacerationubus
1944 627 2092 689 novi:

2192 625 2343 694 ϐδους
2393 629 2621 686 ἐπιπολὺ
2669 632 3007 706 ’κυρώσαντες
3061 631 3324 688 ἐπέϐαλον
3373 635 3461 690 ἒπὶ
3517 637 3577 689 τὸ
3639 637 3831 700 στῆθος

461 718 855 797 augebantur.
884 715 998 780 Alii
1025 715 1320 777 carbones
1339 734 1629 777 accensos
1658 717 1713 778 in
1739 717 1868 796 ejus
1888 735 2092 794 corpus

2192 719 2479 792 καιομένας
2526 728 2618 776 τοῦ
2675 721 2964 800 μάρτυρος,
3022 720 3123 786 ἕως
3153 723 3214 779 οὗ
3242 721 3461 791 διετάκη
3513 723 3707 804 σχεδὸν
3741 745 3834 799 με·

459 807 840 888 injicientes,
904 805 1209 866 diuturnis
1268 805 1526 866 ﬂammis
1582 805 1774 885 ipsius
1836 807 2103 868 membra

456 897 896 960 comburebant
928 914 942 955 :
981 893 1042 955 in
1074 913 1195 975 quo
1226 913 1360 956 cum
1417 894 1596 956 nulla;
1625 895 1883 974 amplius
1919 914 2102 976 supe-

454 994 691 1049 ressent
708 986 1207 1055 carnasﬁammae
1227 986 1370 1064 ipsae
1385 983 1673 1064 deinceps
1692 984 1764 1046 ad
1791 984 2102 1047 intestinas

458 1095 645 1156 usque
698 1083 898 1156 partes
933 1073 1358 1154 penetrabant,
1392 1081 1452 1137 et
1499 1093 1634 1136 cum
1689 1074 2102 1154 superioribus

457 1166 813 1230 vulneribus
843 1163 1060 1226 additae
1093 1177 1318 1238 essent,
1349 1183 1500 1224 novo
1533 1163 1798 1225 cruciatu
1826 1166 2101 1244 martyris

453 1274 670 1338 corpus
720 1253 1066 1332 afﬂigebant
1127 1275 1138 1316 :
1192 1255 1362 1332 cujus
1410 1253 1522 1314 etsi
1572 1253 1732 1314 nulla
1780 1272 1915 1335 pars
1959 1271 2101 1315 sana

450 1347 665 1410 relicta
703 1353 883 1418 esset,
917 1343 1310 1405 nihilominus
1343 1351 1538 1404 tamen
1575 1361 1745 1404 mens
1783 1343 1912 1422 ipsa
1956 1361 2094 1403 cru-

454 1439 642 1502 ciatus
671 1434 808 1496 illos
838 1435 1067 1494 fortiter
1098 1432 1428 1512 perferens,
1463 1431 1762 1493 robustior
1791 1432 2094 1494 efﬁcieba-

455 1537 574 1599 tur,
608 1525 787 1605 idque
819 1543 938 1586 non
972 1523 1278 1585 immerito
1313 1541 1325 1584 :
1365 1521 1564 1583 divino
1598 1522 1758 1584 enim
1795 1521 2097 1602 praesidio,

453 1617 610 1699 quod
630 1616 893 1676 humana
916 1613 1274 1691 cogitatione
1287 1610 1720 1692 comprehendi
1741 1629 1860 1671 non
1881 1619 2092 1688 potest,

458 1706 723 1786 undique
775 1702 1322 1766 communiebatur.
1379 1699 1660 1762 Datianus
1703 1719 1840 1762 vero
1867 1700 2099 1762 insania

2193 806 2316 873 ταξὺ
2363 807 2578 885 σιδήρου
2633 831 2690 865 τε
2747 813 2834 866 καὶ
2889 813 3052 889 πυρὸς
3109 811 3542 891 ἐκφλογούμενος
3573 817 3600 869 ὁ
3631 815 3829 892 ἀγωνι-

2185 898 2316 966 στής
2355 913 2367 926 ⁸
2416 900 2449 964 η
2493 899 2592 975 γὰρ
2649 905 2741 954 τοῦ
2784 899 3032 973 σώματος
3095 903 3375 977 ἐπιφάνεια
3431 904 3519 959 καὶ
3560 906 3623 960 τὸ
3665 903 3832 980 δέρμα

2184 987 2354 1064 τρίζον
2401 988 2467 1055 τῆ
2511 987 2668 1067 φλογὶ
2724 987 3012 1068 διεπείρετο
3043 1011 3054 1026 ·
3111 991 3386 1068 τραύματα
3415 1013 3470 1050 τε
3502 995 3637 1050 κατὰ
3666 1015 3795 1071 τραυ
3815 1027 3830 1040 ο

2186 1076 2370 1150 μάτων
2412 1075 2770 1151 ἁνανεούμενα
2803 1077 3068 1158 ἐφαίνετο,
3121 1081 3207 1135 καὶ
3251 1079 3337 1136 ἐπὶ
3385 1083 3505 1144 τοὺς
3551 1083 3829 1155 αἰκισμοὺς

2189 1167 2423 1240 αἰκισμοὶ
2473 1165 2856 1245 ἐχαλέπαινον,
2926 1166 3078 1224 ἄλλοι
3140 1190 3198 1225 τε
3260 1171 3396 1226 κατὰ
3437 1176 3532 1229 τοῦ
3586 1172 3827 1234 καίοντος

2186 1256 2346 1331 πυρὸς
2393 1251 2673 1312 ἐνέϐαλλον
2710 1273 2722 1285 ·
2752 1258 2839 1312 καὶ
2869 1255 2967 1322 τὴν
2996 1255 3237 1334 ἀνάγκην
3267 1263 3362 1327 τῆς
3393 1259 3716 1340 φλογώσεως
3750 1261 3823 1324 εἷς

2185 1344 2393 1421 μακρὰν
2437 1342 2887 1423 διασπειρομένων
2919 1352 3024 1402 τῶν
3075 1345 3275 1421 μελῶν,
3328 1357 3539 1426 σαρκῶν
3590 1371 3646 1406 τε
3700 1353 3823 1407 λοι-

2184 1437 2298 1489 πῶν
2357 1434 2434 1504 μὴ
2477 1435 2778 1513 ὑφιστασῶν
2836 1432 2954 1491 κατ’
3013 1437 3184 1493 αὐτῶν
3229 1444 3334 1494 τῶν
3395 1437 3692 1512 ἑνδοσθίων,
3757 1441 3825 1496 τὰ

2181 1521 2322 1593 μέλη
2370 1529 2477 1580 τῶν
2507 1525 2766 1597 αἰκισμῶν
2797 1523 3068 1600 ἐφέροντο,
3096 1528 3184 1583 καὶ
3215 1528 3346 1584 αὐτὰ
3397 1531 3532 1586 κατὰ
3573 1536 3680 1587 τῶν
3721 1531 3827 1587 αὖ-

2181 1618 2286 1668 τῶν
2319 1611 2488 1669 ἑλκῶν
2521 1611 2681 1674 πάλιν
2710 1616 3030 1689 ὶτιμωρεῖτο
3075 1617 3144 1671 τὰ
3185 1618 3350 1696 μὲΑη,
3403 1615 3585 1686 ἐπειδὴ
3628 1619 3824 1694 σώμα-

2178 1722 2268 1765 τος
2325 1700 2485 1776 μέρος
2530 1701 2649 1758 οῦδὲ
2704 1704 2766 1758 τὸ
2827 1705 2995 1782 τυχὸν
3053 1704 3198 1782 ὑγιὲς
3248 1706 3648 1784 περιελέλειπτο
3683 1725 3697 1738 '
3732 1711 3826 1765 καὶ

455 1795 641 1860 multa
675 1803 734 1857 et
763 1795 968 1856 furore
996 1793 1278 1872 agitatus,
1316 1789 1598 1871 pergebat
1628 1791 1790 1852 illam
1825 1799 2092 1852 tormen-

2179 1789 2326 1864 ὅμως
2372 1793 2399 1846 ὁ
2457 1789 2714 1878 λογισμὸς
2769 1793 3102 1871 ἐγκαρτερῶν
3153 1808 3273 1860 τοῖς
3318 1794 3515 1860 δεινοῖς
3575 1818 3824 1878 καρτερι-

453 1899 648 1950 torum
677 1885 909 1966 c0piam
942 1881 1190 1956 inferre,
1241 1882 1525 1943 nimirum
1559 1890 1909 1962 exspectans
1944 1899 2092 1940 con-

453 1976 696 2040 trariam
735 1973 1011 2054 martyris
1039 1972 1478 2034 confessionem
1512 1971 1742 2033 audire.

491 2064 902 2131 XIV.Interea
919 2062 1134 2124 cohors
1159 2059 1799 2134 militaris,constantia
1825 2059 2099 2141 martyris

452 2150 1220 2240 perculsa,retulitDatiano
1243 2149 1733 2240 carniﬁcesipsos
1748 2148 2096 2228 defatigatos

450 2238 607 2316 esse,
664 2251 725 2305 et
779 2249 838 2303 in
886 2243 1199 2302 tormentis
1245 2238 1583 2315 infligendis
1633 2238 1704 2298 ad
1761 2245 2093 2299 extremum

449 2335 727 2416 spiritum
761 2332 1040 2393 redactos
1068 2351 1081 2393 :
1115 2329 1397 2391 athletam
1430 2344 1566 2389 vero
1599 2327 1765 2388 illum
1800 2325 2092 2406 multipli-

449 2444 579 2490 cem
614 2429 1050 2486 tormentorum
1082 2418 1342 2499 copiam,
1378 2435 1448 2480 ac
1497 2427 1801 2479 certamen
1855 2417 2096 2496 egregie

447 2530 786 2596 superasse.
808 2509 978 2572 Tunc
1000 2508 1286 2572 Datianus
1305 2525 1410 2588 spe
1434 2506 1810 2596 deceptus,et
1827 2503 2094 2596 tenebris

449 2595 667 2668 mentis
695 2617 1021 2681 Oppressus
1055 2616 1068 2663 :
1104 2597 1257 2674 Heu,
1286 2596 1502 2678 inquit,
1529 2595 1667 2657 victi
1701 2613 1948 2658 sumus:
1986 2595 2091 2658 sed

447 2693 718 2778 quamvis
751 2700 866 2753 tam
902 2689 1109 2752 multis
1137 2686 1503 2778 cruciatibus
1533 2686 1667 2778 ejus
1720 2704 1889 2748 mens
1938 2687 2095 2748 victa

448 2775 569 2847 non
590 2785 667 2845 sit
694 2805 707 2847 :
733 2801 866 2844 cum
890 2779 1126 2842 fortiter
1146 2795 1368 2856 corpus
1391 2775 1580 2855 ipsius
1602 2775 1871 2837 ﬂammas
1894 2785 2095 2855 pertu-

447 2875 610 2947 lerit,
645 2872 1044 2933 nihilominus
1076 2876 1278 2930 tamen
1313 2866 1527 2928 demus
1555 2882 1826 2944 operam,
1875 2873 1938 2926 ut
1965 2866 2094 2946 ejus

446 2964 686 3025 animus
716 2961 937 3022 talibus
990 2957 1294 3019 crucietur
1343 2955 1559 3035 poenis,
1614 2954 1830 3034 quibus
1867 2954 2092 3017 nullum

447 3050 791 3114 remedium
824 3046 1099 3109 adhiberi
1134 3045 1341 3127 possit.
1366 3042 1678 3124 Exquirite
1699 3042 1876 3122 igitur
1896 3042 2091 3106 locum

2179 1878 2412 1958 κώτερος
2469 1877 2831 1954 ἁποδείκνοτο,
2864 1882 3080 1946 εἰκότως
3137 1885 3496 1964 ὠχυρώμενος
3555 1892 3622 1963 τῇ
3677 1887 3822 1944 ἄκαο

2179 1967 2436 2041 ταλήπτῳ
2469 1968 2561 2024 καῖ
2595 1967 2950 2048 φιλανθρώπῳ
2977 1972 3117 2050 ῥοπῇ
3144 1981 3238 2031 τοῦ
3269 1978 3420 2038 Θεοῦ.

2263 2056 2378 2120 ΙΔ’,
2423 2056 2846 2136 Ἐμϐροντηθεὶς
2878 2057 2932 2116 δὲ
2983 2060 3162 2140 πολλῇ
3205 2063 3455 2132 ἐκπλήξει
3501 2067 3528 2122 ὁ
3563 2067 3824 2129 Δατιανὸς

2181 2145 2424 2227 διετελει,
2484 2153 2553 2223 τῇ
2610 2147 2846 2227 ἑπιῤῥοιᾳ
2899 2153 3006 2206 τῶν
3081 2151 3354 2211 κολάσεων
3413 2155 3512 2222 τὴν
3581 2155 3826 2212 ἐναντίαν

2178 2236 2468 2315 ὁμολογίαν
2521 2239 2818 2316 περιμένων
2860 2247 2954 2296 τοῦ
3008 2241 3289 2320 μάρτυρος,
3333 2246 3420 2300 καὶ
3478 2242 3705 2313 τάληθὲς
3768 2243 3827 2301 δὲ

2178 2327 2366 2384 λοιπὸν
2422 2328 2548 2404 περί
2590 2335 2683 2384 τοῦ
2712 2329 2937 2389 θανάτου
2993 2335 3152 2389 αὐτοῦ
3211 2347 3333 2396 ταῖς
3383 2336 3646 2413 φροντίσιν
3689 2336 3825 2392 ἑτα-

2178 2417 2460 2475 λαντεύετο
2490 2416 2518 2472 ὅ
2572 2439 2622 2472 τι
2666 2415 2774 2474 δέοι
2839 2417 3026 2496 πρᾶξαι
3084 2422 3169 2477 καὶ
3199 2420 3346 2488 ὅπως
3379 2424 3679 2494 ἀναζητῶν,
3727 2422 3829 2481 Ἐν

2176 2508 2411 2580 τοσούτῳ
2452 2504 2507 2562 δέ
2551 2512 2648 2573 τῆς
2711 2506 2908 2572 τάξεως
2966 2509 3568 2588 ὁπερεκπληττομένης,
3629 2512 3823 2591 ἀπάγ-

2175 2596 2360 2674 γειλαν
2416 2597 2560 2669 αὒτῷ
2598 2600 2644 2654 οἱ
2702 2597 2788 2654 ἐπὶ
2832 2603 2938 2653 τῶν
2981 2607 3254 2677 τιμωριῶν
3315 2602 3636 2680 τεταγμένοι
3693 2605 3822 2668 τοὺς

2178 2687 2273 2761 μὲν
2317 2685 2535 2762 δημίους
2591 2687 3028 2762 ἆποκεκμηκὲναι
3086 2689 3187 2753 ἕως
3238 2692 3479 2772 ἓσχάτης
3545 2692 3822 2760 ἀναπνοῆς

2175 2798 2232 2832 τε
2285 2778 2374 2833 καὶ
2430 2777 2717 2855 κινήσεως,
2777 2777 2867 2833 τὸν
2935 2774 2990 2836 δέ
3049 2778 3288 2848 ἀθλητὴν
3345 2783 3823 2860 ὑπερνενικηκέναι

2177 2867 2268 2922 τὸν
2325 2863 2637 2944 πολυσχεξῆ
2695 2870 2792 2932 τῆς
2847 2865 3121 2929 κολάσεως
3180 2867 3361 2946 ἀγῶνα
3405 2868 3607 2950 φαιδρῷ
3634 2894 3822 2951 χαρα-

2177 2959 2357 3025 κτῆοι,
2419 2953 2804 3032 ἐγκρατεστέρᾳ
2857 2975 2914 3010 τε
2971 2955 3175 3031 μᾶλλον
3233 2957 3517 3038 ὁμολογία,
3552 2961 3587 3028 ἢ
3638 2960 3824 3040 ὥσπερ

2177 3042 2501 3122 κατήρξατο,
2560 3045 2654 3100 τὸν
2716 3044 2901 3118 Κύριον
2960 3044 3168 3113 Ἰησοῦν
3228 3050 3452 3128 Χριστὸν
3529 3049 3822 3128 ὁμολογεῖ.

446 3141 612 3202 omni
637 3159 709 3200 ex
738 3146 904 3217 parte
924 3134 1244 3197 obscurum
1266 3152 1335 3230 ac
1355 3132 1826 3204 tenebricosum,
1854 3142 1913 3194 ut
1940 3152 2092 3196 sem-

2183 3136 2280 3193 Καὶ
2310 3155 2430 3190 τοτε
2459 3131 2761 3211 διαμαρτὼν
2790 3135 2886 3201 τῆς
2919 3133 3151 3210 ἐλπίδος,
3183 3140 3272 3194 καὶ
3317 3140 3505 3202 σκότος
3536 3140 3823 3219 ἑπαμφια-

445 3231 683 3312 piterna
705 3225 956 3307 quadam
988 3232 1162 3286 nocte
1185 3219 1712 3312 puniatur.Locum
1742 3239 1877 3283 vero
1902 3221 2090 3298 illum,

2179 3226 2432 3303 σάμενος,
2503 3230 2608 3280 (Pco
2642 3221 2656 3281 l
2693 3221 2812 3312 {qm
2869 3226 2896 3281 ὁ
2952 3224 3244 3304 ἱερόσυλος,
3308 3231 3646 3305 νενικήμεθα,
3694 3229 3825 3288 ἀλλ’

442 3311 504 3382 in
537 3337 656 3400 quo
688 3316 820 3397 ejus
851 3333 1069 3396 corpus
1099 3311 1726 3400 constituendemest,
1779 3312 1941 3373 testis
1970 3312 2092 3375 fra-

443 3398 856 3478 ctis—sternite,
882 3423 954 3466 ex
988 3412 1240 3483 utraque
1265 3410 1432 3480 parte
1453 3398 1838 3473 acutissimis,
1865 3412 1925 3465 et
1945 3421 2092 3466 acu-

445 3501 632 3563 leatos
663 3493 914 3574 angulos
941 3491 1325 3565 habentibus,
1363 3499 1424 3551 ut
1456 3499 1912 3570 compungatur,
1939 3503 1996 3554 et
2023 3492 2086 3554 in

445 3603 868 3671 quamcunque
905 3590 1128 3663 partem
1157 3581 1344 3643 latere
1373 3597 1480 3671 sua
1509 3581 1894 3671 converterit,
1928 3581 2080 3644 dila-

439 3670 703 3743 ceretur.
749 3679 893 3739 Post
923 3673 1069 3744 hac,
1125 3680 1187 3732 ut
1218 3670 1551 3732 membrum
1601 3670 1828 3731 nullum
1861 3672 2080 3735 remis-

440 3770 676 3833 sionem
709 3763 950 3838 habeat,
983 3772 1082 3824 aut
1115 3761 1572 3830 recreationem,
1599 3760 1704 3822 sed
1729 3769 1918 3822 totum
1951 3764 2082 3843 ejus

439 3876 658 3941 corpus
691 3855 925 3919 assidua
960 3849 1810 3941 tormentorumrenovatione
1843 3850 2079 3933 affliga-

441 3939 563 4026 tur,
597 3965 782 4028 super
812 3942 1158 4024 hujusmodi
1194 3949 1373 4002 testas
1397 3939 1701 4003 hominem
1735 3940 1907 4028 istum
1941 3961 2083 4024 pro.

2177 3315 2220 3371 ci
2279 3315 2367 3370 καὶ
2407 3326 2527 3377 ταῖς
2585 3311 2896 3379 ῦπολοίτιοις
2950 3315 3199 3390 βασάνοις
3260 3319 3459 3390 ὁμοίως
3493 3319 3571 3394 μὴ
3621 3319 3825 3395 κάμνοι

2172 3406 2266 3462 τὸν
2310 3405 2590 3483 λογισμὸν,
2624 3402 2711 3458 ἆεί
2757 3399 2811 3458 δὲ
2843 3410 3110 3481 καρτερῶς
3141 3403 3411 3476 διατελοίη
3470 3414 3561 3466 τοῦ
3621 3408 3822 3484 σώμα-

2173 3517 2263 3561 τος
2293 3494 2626 3566 ἐκτακὲντος,
2660 3494 2694 3561 ἡ
2737 3493 2892 3572 ψυχὴ
2921 3506 3038 3560 τοῖς
3094 3492 3432 3571 ἀδιορθώτοις
3486 3497 3820 3572 ἐπιμένουσα

2166 3586 2521 3662 τιμωρείσθω.
2594 3592 2884 3659 Τοιγαροῦν
2947 3582 3318 3655 ἀναζητήσατε
3379 3587 3540 3644 τόπον
3598 3585 3819 3668 ζοφώδη

2165 3676 2503 3755 πανταχόθεν
2544 3677 2644 3739 τῆς
2691 3670 2886 3750 στέγης
2932 3673 3312 3754 πεπιεσμένον,
3387 3677 3473 3732 καὶ
3535 3675 3818 3743 ἆπεξενω-

2164 3766 2320 3841 μένον
2379 3769 2469 3821 τοῦ
2533 3768 2712 3820 κοινοῦ
2766 3759 2940 3842 φωτὸς
2999 3764 3130 3840 πρὸς
3189 3762 3511 3840 ἀπόλαυσιν,
3547 3765 3693 3829 ὅπως
3743 3773 3822 3845 τῇ

2161 3855 2410 3928 διαιωνίῳ
2461 3857 2603 3910 νυκτὶ
2659 3850 2936 3922 κολάζοιτο
2972 3871 2984 3885 ·
3053 3853 3189 3909 κατά
3243 3855 3342 3932 γὰρ
3402 3857 3464 3912 τὸ
3525 3856 3808 3914 ἀνεύθυνον

2163 3945 2322 4003 αὐτοῦ
2366 3949 2465 4011 τῆς
2509 3943 2651 4021 παρὰ
2680 3942 2787 3998 τῦν
2818 3942 2996 4016 νόμων
3027 3943 3239 4018 εἱρκτῆς
3301 3957 3418 4010 τοῖς
3478 3958 3804 4012 κακοποιοῐς

441 4027 751 4102 ιοηιθιιιίεε
780 4032 1132 4113 pertrahite,
1160 4038 1224 4090 ut
1251 4028 1628 4092 membratim
1665 4030 1822 4091 varie
1843 4027 2078 4095 lacere-

441 4136 559 4201 tur,
593 4133 652 4186 et
680 4124 940 4185 animam
972 4139 1039 4181 ac
1067 4118 1342 4200 spiritum
1374 4117 1606 4180 emittat
1633 4118 1708 4193 is,
1742 4119 1846 4196 qui
1870 4132 2079 4186 contra
2159 4129 2312 4191 οὗτος
2368 4123 2658 4191 ἆξιώτατος
2698 4138 2710 4153 ⁸
2779 4117 3158 4201 ὑποστρώσατε
3204 4121 3258 4178 δὲ
3315 4126 3402 4181 καὶ
3468 4127 3557 4182 τὸν
3614 4125 3813 4208 τόπον,

443 4223 682 4277 nostros
716 4211 1113 4291 imperatores
1144 4216 1448 4269 certamen
1483 4209 1772 4286 suscepit.
1809 4210 2081 4293 Denique

2178 4219 2284 4274 ἔνθα
2341 4213 2569 4294 ἐρῤίφθαι
2631 4210 2842 4288 μέλλει,
2915 4212 3160 4291 ὀστράκῷ
3234 4215 3517 4292 κατεαγότι
3577 4216 3638 4272 ἔκ
3698 4221 3814 4273 τῶν

439 4301 778 4368 concludite
809 4301 1001 4380 ipsum
1034 4298 1094 4359 in
1125 4296 1258 4358 loco
1289 4295 1393 4358 illo
1438 4296 1817 4360 tenebricoso
1869 4310 1930 4362 et
1960 4301 2082 4366 illic

2178 4306 2426 4383 ἑκατέρων
2480 4310 2655 4382 μερῶν
2686 4303 2820 4368 ὀξεις
2865 4302 3066 4382 ἔχοντα
3097 4304 3187 4360 καὶ
3237 4301 3503 4370 ἆκιδωτὰς
3562 4306 3657 4370 τὰς
3689 4329 3816 4386 γω-

437 4391 862 4470 derelinquite,
891 4398 956 4450 ut
977 4405 1052 4450 ne
1076 4386 1380 4449 minimam
1415 4386 1656 4468 quidem
1679 4387 1829 4450 lucis
1851 4403 2078 4471 partem

2178 4398 2300 4469 νίας,
2339 4393 2482 4455 ὅπως
2516 4392 2578 4450 ἂν
2610 4391 2979 4463 καταικίζηται
3022 4391 3111 4448 καὶ
3167 4393 3558 4461 κατανύττηται
3587 4401 3656 4472 τῇ
3702 4417 3817 4470 με-

437 4483 627 4546 oculis
649 4481 773 4543 suis
797 4478 1068 4560 aspiciat,
1086 4495 1281 4558 neque
1303 4475 1618 4556 quisquam
1645 4475 1786 4540 illuc
1809 4481 2074 4559 accedat,

2178 4490 2431 4564 ταστροφῇ
2459 4490 2564 4541 τῶν
2594 4481 2858 4561 πλευρῶν,
2893 4478 2948 4537 εἴ
2988 4483 3037 4538 τί
3069 4503 3170 4543 που
3215 4481 3378 4557 μέλος
3431 4482 3815 4562 ἑξαναλήψέως

435 4573 756 4654 omnisque
780 4566 1207 4632 consolationis
1240 4566 1393 4629 ratio
1423 4583 1494 4628 ac
1515 4585 1652 4647 spes
1684 4567 1758 4630 ab
1791 4587 1861 4633 eo
1881 4589 2082 4636 remo-

2178 4577 2347 4642 Ξοκοίη
2405 4573 2582 4630 ἄνεσιν
2637 4568 3030 4651 προσλαμϐάνει
3066 4587 3080 4601 ⁶
3159 4573 3247 4629 καὶ
3309 4572 3496 4636 ἁπλῶς
3555 4573 3650 4630 ἵνα
3718 4578 3820 4633 καὶ

439 4673 662 4728 veatur.
695 4660 919 4725 Januas
949 4658 1109 4739 ipsas
1139 4656 1404 4736 undique
1426 4655 1708 4733 claudite,
1737 4667 1792 4720 et
1818 4662 2079 4728 vectibus

2178 4664 2551 4744 εὲτρυχωμένῳ
2579 4669 2656 4736 τῷ
2700 4661 2908 4735 σώματι
2964 4659 3246 4726 ἀπαύστως
3299 4663 3366 4719 τὰ
3409 4668 3507 4730 τῆς
3541 4667 3816 4743 τιμωρίας

435 4773 536 4818 eas
593 4747 1002 4824 communite;
1065 4747 1300 4827 hocque
1354 4744 1679 4823 diligenter
1727 4761 1953 4826 curate,
1989 4763 2073 4832 ut,

2178 4755 2518 4829 ἱνανεούμενα
2561 4753 2640 4827 μὴ
2686 4749 2907 4826 ἐλλείπῃ
2941 4766 2955 4780 ⁶
3005 4751 3135 4826 πρὸς
3206 4751 3415 4816 τούτοις
3476 4753 3816 4820 ἐκτείνοντες

432 4841 874 4926 quamprimum
912 4839 1168 4899 animam
1217 4835 1526 4912 efflaverit,
1567 4836 1709 4899 mihi
1740 4839 2032 4909 referatis.

2178 4847 2315 4906 ιῦτὸν
2369 4843 2622 4901 διασπατε
2672 4841 2807 4898 κατὰ
2861 4842 3060 4906 παντὸς
3133 4841 3322 4916 μέροδς
3401 4850 3496 4900 τοῦ
3553 4849 3816 4920 σώματος

430 4944 612 5014 αὐτοῦ,
673 4936 821 4997 ὅπως
882 4929 998 4989 καθ’
1057 4930 1284 4988 ἕκαστον
1342 4928 1505 5004 μέλος
1564 4930 1823 4999 ποιγιλως
1893 4940 2315 5021 στρεϐλούμενος
2370 4937 2660 5011 ἔκπνεύση,
2720 4936 2748 4990 ὁ
2819 4934 2957 4990 κατὰ
3020 4939 3125 4991 τῶν
3201 4934 3477 5012 ἡμετέρων
3543 4935 3815 5013 βασιλέων

428 5028 693 5108 "lxv-hc
750 5023 1028 5102 κρατερός,
1076 5020 1350 5079 Ἐντεῦθεν
1408 5020 1856 5090 κατακλείσαντες
1905 5031 2060 5088 αὐτόν
2117 5020 2172 5092 ἐν
2222 5039 2300 5106 τῷ
2352 5029 2531 5100 σκότῳ
2591 5025 2915 5082 καταλίπετε
2973 5022 3112 5098 ἐκεῖ,
3167 5025 3240 5086 ὡς
3285 5023 3426 5100 μηδὲ
3474 5026 3816 5104 πρόσπνοιαν

427 5107 566 5194 μηδέ
626 5114 892 5188 ’ἐλλαμψίν
939 5133 1052 5167 τινα
1110 5112 1287 5190 φωτὸς
1331 5122 1450 5174 τοῖς
1502 5107 1738 5186 ὄμμασιν
1770 5112 2139 5198 ἐπιδέχεσθαι,
2188 5120 2327 5199 μηδέ
2369 5141 2450 5183 τις
2483 5115 2776 5191 ἀνθρώπων
2804 5113 2984 5171 ἐκεῖσε
3033 5112 3323 5186 πλησιάζοι
3352 5119 3428 5187 τῷ
3458 5122 3633 5172 πᾶσαν
3662 5115 3811 5172 ἄπο-

423 5206 735 5264 κεκλεῖσθαι
796 5204 940 5290 αὒτῷ
1001 5200 1360 5290 πιρᾶμυθίπιν,
1406 5200 1581 5290 θύραις
1625 5223 1682 5258 τε
1732 5205 1814 5259 οωιῖ
1861 5214 2105 5290 μοχλοῖς
2162 5209 2506 5290 πανταχόθεν
2561 5205 2676 5274 ἤτω
2724 5202 3251 5284 κατηισιριιλισμένος⁹
3313 5201 3398 5261 διὰ
3426 5203 3697 5285 φροντίδος
3751 5203 3813 5262 δὲ

424 5298 587 5372 μόνον
617 5293 736 5366 ἦτε,
769 5291 863 5347 ἵνα
906 5289 998 5346 ἐὰν
1027 5288 1364 5363 ἀποπνεύσῃ,
1399 5290 1460 5344 τὸ
1489 5289 1663 5369 τάχος
1699 5290 1830 5364 ἡμῖν
1859 5288 2266 5379 ἀπαγγέλληνε.

505 5385 629 5452 XV.
658 5384 764 5450 His
785 5384 866 5446 ita
885 5383 1072 5456 factis,
1094 5391 1157 5444 ut
1179 5380 1408 5443 nefario
1428 5381 1598 5462 impii
1625 5383 1854 5450 Datiani
1877 5394 2077 5459 edicto

2241 5386 2346 5458 ιε’,
2397 5391 2702 5467 Γενομένων
2731 5389 2821 5446 οῦν
2870 5390 3070 5446 τούτων
3125 5389 3340 5446 πάντων
3399 5390 3536 5446 κατὰ
3585 5391 3646 5446 τὸ
3677 5388 3811 5447 ἀθέ-

424 5477 838 5560 praescriptum
868 5473 1082 5545 fuerat,
1111 5479 1168 5560 et
1191 5490 1265 5532 eo
1290 5469 1350 5531 in
1375 5470 1505 5533 loco
1533 5483 1786 5556 martyre
1818 5479 2071 5558 incluso,

2178 5509 2311 5544 ιιτον
2366 5493 2460 5543 τοῦ
2519 5479 2854 5554 πολυμανοῦς
2910 5479 3116 5556 προστά
3133 5498 3346 5556 (ματος,
3408 5480 3497 5535 καὶ
3526 5479 3663 5554 μετὰ
3693 5479 3813 5538 πά-

422 5559 785 5654 adventante
818 5559 1222 5654 no_cte,statim
1246 5561 1539 5654 custodes
1573 5562 1684 5643 ipsi
1721 5568 1836 5629 alto
1860 5589 2075 5654 sopore

2178 5600 2257 5644 της
2304 5576 2542 5652 ἀνάγκης
2586 5569 2725 5626 οὕτω
2771 5568 3177 5648 καθειρχθέντος
3226 5576 3318 5626 τοῦ
3374 5569 3661 5646 μάρτυρος,
3709 5571 3813 5626 εὖ..

423 5651 699 5740 oppressi
713 5649 1084 5732 sunl.Itaque
1100 5649 1259 5732 quod
1277 5647 1564 5715 Datianus
1581 5664 1784 5719 contra
1802 5647 2072 5725 sanctum

2178 5667 2286 5731 ιέως
2347 5647 2533 5724 νυκτὸς
2587 5647 2968 5733 ἐπιλαϐούσης,
2990 5647 2995 5648 ί
3021 5658 3178 5725 ἣνίκα
3212 5659 3368 5734 βαθεῖ
3396 5659 3810 5739 κατεσχέθησαν

2161 4035 2536 4115 ὶπευρηθείσης
2586 4033 2716 4110 πρὸς
2767 4031 2998 4108 βάσανόν
3055 4053 3113 4088 τε
3166 4033 3253 4090 καὶ
3296 4033 3590 4114 ἀσφάλειαν
3622 4042 3811 4116 χῶρος

2159 4129 2312 4191 οὗτος
2368 4123 2658 4191 ἆξιώτατος
2698 4138 2710 4153 ⁸
2779 4115 3158 4201 ὑποστρώσατε
3204 4121 3258 4178 δὲ
3315 4126 3402 4181 καὶ
3468 4127 3557 4182 τὸν
3614 4115 3784 4183 τόπον
