4104 6198
312 369 436 432 749

1609 366 1794 432 VITA
1851 369 1909 429 S.
1961 367 2096 430 VIN
2103 368 2250 430 CEN
2257 367 2388 432 TII.

3565 371 3688 437 750

311 504 465 578 ὕπνῳ
523 504 571 558 οἱ
614 499 868 581 φύλακες,
912 499 1043 580 ὅπερ
1091 503 1351 564 Δατιανὸς
1395 501 1469 563 είς
1529 502 1787 576 τιμωρίαν
1845 523 1953 580 χα-

2043 509 2359 581 martyrem
2393 506 2858 584 excogitaverat,
2890 505 2948 567 id
2985 506 3181 585 ipsum
3227 506 3290 568 in
3321 507 3689 569 sanctissimi

313 592 624 670 Αεπωτέραν
697 593 924 648 θανάτου
1003 591 1139 648 κατά
1225 598 1317 648 τοῦ
1405 591 1552 669 ἀγίον
1612 591 1956 669 προσέταξεν,

313 681 702 759 μετατρέπεται
760 692 915 738 τουτο
964 683 1036 742 εἷς
1098 687 1275 738 πᾶσαν
1328 682 1518 757 ἑορτήν
1564 702 1619 736 τε
1665 683 1751 736 καὶ
1805 679 1957 745 δόξαν

310 775 400 831 καὶ
462 771 780 838 ἀνάκτησιν.
841 768 1048 842 Φοϐερά
1117 771 1218 849 γὰρ
1270 774 1358 826 καὶ
1415 769 1793 848 ὕπέρλαμπρος
1852 769 1957 846 ἀγ-

313 862 506 941 γελική
571 883 652 925 τις
737 860 1064 939 παρεγένετο
1145 862 1496 933 κατάστασις,
1599 861 1960 937 θεραπεύουσα

312 955 404 1011 καὶ
463 951 814 1026 ἀνακτωμένη
852 951 914 1006 ἐκ
949 952 1056 1008 τῶν
1101 953 1278 1008 πόνων
1329 952 1420 1007 τὸν
1463 949 1702 1019 ἀθλητήν
1735 965 1749 980 ⁸
1800 951 1888 1006 καὶ
1927 951 1962 1016 ἡ

312 1043 547 1121 ἀγγενὴς
619 1043 704 1098 καὶ
786 1039 1154 1112 διαιωνίζουτα
1242 1048 1332 1097 τοῦ
1414 1040 1807 1117 ἐπικαταράτου
1878 1038 1962 1104 νὺξ

313 1137 454 1213 φωτί
492 1131 623 1205 ξένῳ
679 1133 768 1188 καὶ
825 1129 1104 1204 παραδόξῳ
1133 1130 1533 1204 κατελαμπετο.
1570 1127 1960 1208 Τριστοιχηδὸν

311 1225 412 1301 γὰρ
455 1224 610 1299 κηροὶ
668 1220 1074 1296 ἆιιακαιόμενοι,
1132 1221 1276 1298 παρά
1331 1221 1390 1276 τὸ
1423 1220 1606 1281 εἰωθὸς
1651 1219 1763 1299 φῶς
1822 1240 1956 1274 κατ-

313 1318 539 1391 εφωτιζε
571 1313 630 1367 τὸ
675 1311 960 1390 ὀχύρωμα.
999 1313 1096 1369 Καὶ
1154 1310 1311 1374 αύτὸς
1369 1307 1424 1364 δὲ
1470 1321 1780 1387 στρωμναῖς
1812 1308 1958 1364 ἀπα-

312 1402 580 1462 λωτάταις
637 1399 740 1466 ἤδη
807 1401 866 1456 τὸ
927 1407 1082 1473 σῶμα
1141 1400 1476 1477 ἀνακτηθεὶς,
1535 1401 1625 1454 καὶ
1679 1406 1758 1471 τῷ
1826 1399 1961 1475 ἁγίῳ

313 1490 659 1569 ἀιδιθαλφθείς
719 1490 1009 1564 Πνεύματι,
1068 1489 1167 1556 τὴν
1231 1488 1315 1545 διὰ
1373 1486 1604 1564 ψαλμῶν
1669 1486 1954 1563 ὑμνῳδίαν,

310 1585 399 1638 καὶ
453 1582 622 1657 Κυρίῳ
663 1580 998 1655 ἀνεκρούετο,
1056 1581 1144 1634 καὶ
1198 1584 1273 1651 τῷ
1335 1578 1534 1652 ἡδίστῳ
1591 1579 1800 1656 ὀργάνῳ
1859 1583 1957 1644 τῆς

310 1675 496 1748 φωνῆς
554 1671 609 1726 ὲν
665 1670 846 1746 ῥυθμῷ
903 1669 1163 1746 ἀπηχῶν,
1198 1674 1373 1724 πᾶσαν
1403 1669 1498 1732 την
1543 1669 1772 1746 γειτνίαν
1827 1689 1957 1723 στυ-

311 1768 451 1840 γνῶς
479 1761 719 1835 ἠρμένην
751 1759 824 1822 είς
858 1780 919 1814 τυ
941 1759 1034 1823 τὰς
1064 1760 1221 1816 αὒτοῦ
1251 1760 1534 1836 τιμωρίας,
1569 1759 1668 1824 τὴν
1698 1757 1828 1837 ἠχὼ
1858 1758 1957 1823 τῆς

310 1851 587 1929 εὐρυθμίας
658 1847 1012 1926 ἀκροωμένην
1096 1847 1436 1924 κατέθελγεν,
1527 1845 1807 1926 Ἐξαίφνης
1901 1868 1956 1902 τε

315 1943 404 1998 καὶ
461 1941 507 1997 οὶ
551 1937 783 2019 φύλακες
829 1935 1142 2008 ἐξέστησαν,
1178 1938 1268 1993 τοῦ
1311 1935 1477 1993 ὕπνου
1526 1938 1698 1993 αὒτών
1743 1935 1957 1994 ἀποπεο

2039 589 2604 670 virijucunditatem
2629 613 2697 656 ac
2718 595 2968 673 gloriam
2994 613 3349 657 conversum
3376 596 3508 658 fuit.
3537 598 3689 659 Ter-

2040 678 2240 742 ribilis
2267 683 2430 743 enim
2455 695 2514 746 et
2541 685 2792 745 illustris
2812 685 3163 762 angelorum
3188 686 3406 746 cohors
3428 686 3570 748 illuc
3595 705 3688 748 ac-

2042 773 2244 850 cessit,
2268 772 2550 834 athletam
2570 793 2810 848 curans,
2851 784 2909 834 et
2939 792 2972 834 a
3005 774 3395 852 languoribus
3427 776 3692 853 eripiens

2010 933 2014 936 ,
2045 875 2112 918 ac
2142 876 2450 932 recreans,
2475 864 2554 924 ita
2573 872 2633 924 ut
2655 863 2822 924 locus
2843 862 2944 924 ille
2961 861 3277 936 obscurus,
3301 872 3359 924 et
3383 873 3692 926 nocturna;

2047 947 2310 1011 tenebrae
2327 969 2477 1012 novo
2500 953 2756 1033 quodam
2791 962 2848 1013 et
2873 953 3230 1013 admirando
3256 953 3483 1013 lumine
3514 954 3689 1014 illus-

2047 1046 2210 1099 tratae
2242 1039 2382 1102 sint.
2439 1040 2712 1122 Repente
2765 1043 2943 1120 igitur
2996 1042 3276 1103 custodes
3324 1045 3684 1122 experrecti,

2044 1128 2470 1192 existimabant
2493 1142 2805 1211 martyrem
2829 1133 3020 1211 ipsum
3045 1150 3076 1192 e
3097 1149 3339 1194 carcere
3356 1134 3686 1211 aufugisse.

2050 1221 2250 1298 Itaque
2273 1218 2394 1280 illis
2417 1219 2588 1281 valde
2614 1220 2980 1300 perturbatis
3002 1239 3070 1281 ac
3089 1223 3521 1297 metuentibus,
3538 1223 3692 1284 dixit

2043 1308 2128 1368 vir
2158 1308 2572 1372 sanctissimus
2608 1332 2620 1374 :
2656 1308 2871 1385 Nolite,
2899 1328 3124 1390 quaeso,
3154 1312 3395 1384 milites,
3433 1313 3687 1388 turbari,

2043 1415 2241 1478 neque
2273 1400 2556 1472 clamare,
2591 1408 2694 1460 aut
2727 1414 2888 1461 metu
2925 1401 3128 1480 aliquo
3151 1402 3304 1466 afﬁci
3335 1425 3348 1466 :
3381 1421 3685 1480 nunquam

2042 1487 2200 1548 enim
2217 1505 2324 1565 ego
2351 1490 2634 1566 aufugere
2647 1507 2725 1568 m,
2749 1508 2944 1571 neque
2958 1492 3252 1570 repositas
3268 1491 3414 1552 mihi
3433 1510 3688 1555 coronas

2041 1577 2411 1638 amitterem.
2439 1579 2552 1640 Sed
2587 1596 2763 1658 quam
2794 1578 3118 1640 celerrime
3147 1583 3419 1662 potestis,
3451 1582 3567 1642 huc
3594 1580 3688 1642 in-

2043 1666 2245 1740 troite,
2273 1675 2330 1726 et
2362 1667 2562 1726 videte
2593 1685 2829 1728 servum
2853 1667 2956 1728 Dei
2987 1688 3094 1748 per
3114 1671 3451 1748 angelicum
3487 1670 3691 1731 minis-

2044 1757 2259 1818 terium
2304 1754 2648 1817 admirabili
2691 1764 2946 1838 quadam
2989 1760 3402 1821 consolatione
3446 1778 3691 1822 recrea-

2047 1855 2196 1921 tum,
2232 1853 2294 1907 ut
2326 1864 2446 1925 quo
2477 1845 2609 1906 loco
2644 1864 2744 1908 vos
2777 1846 3246 1910 obscurissimas
3281 1853 3561 1912 tenebras
3590 1867 3689 1911 re-

2044 1935 2330 2017 liquistis,
2348 1935 2470 1996 illic
2484 1936 2725 1998 cmleste
2739 1936 2942 1998 lumen
2955 1938 3339 2018 aspicientes,
3356 1941 3689 2017 gaudeatis.

311 2037 525 2114 σόντος,
564 2033 800 2106 οἰόμενοι
859 2036 959 2100 τῆς
1007 2030 1260 2112 φυλαχῆς
1319 2029 1640 2110 πεφευγέναι
1682 2032 1774 2088 τὸν
1834 2034 2096 2113 μάρτυρα.
2165 2030 2427 2090 Ἐπιπολὺ
2470 2029 2524 2086 δὲ
2586 2033 3010 2110 ταρασσομένοις
3071 2035 3172 2090 ὑπὸ
3215 2043 3309 2092 τοῦ
3361 2032 3505 2100 δέους
3563 2037 3692 2093 τού-

308 2146 422 2188 τοις
481 2125 776 2203 ἐπιφωνεῖν
843 2118 1040 2198 ἤρξατο
1086 2121 1115 2176 ὸ
1169 2120 1346 2197 ἅγιοςο
1410 2122 1499 2187 Μὴ
1557 2120 1906 2196 ταράσσεσθε,
1966 2122 2105 2197 μηδὲ
2171 2123 2356 2198 βοᾶτε,
2417 2121 2463 2176 ὦ
2506 2129 2828 2199 στρατιῶται
2883 2127 2978 2191 τῆς
3042 2122 3308 2195 ἀσεϐείας,
3369 2124 3689 2188 δεδοικότες⁶

310 2216 422 2288 ἐγὼ
475 2216 575 2290 γὰρ
626 2213 726 2279 τὴν
784 2211 922 2285 ἐμὴν
980 2208 1132 2276 δόξαν
1189 2211 1285 2267 οὐκ
1337 2209 1650 2289 ἀποφεύγω,
1703 2209 1820 2266 οὐδὲ
1880 2214 1999 2278 τοὺς
2053 2211 2178 2286 ἐμοὶ
2238 2209 2625 2284 ἀποκειμένους
2705 2214 3016 2287 στεφάνους.
3069 2216 3113 2269 εί
3170 2212 3222 2269 δὲ
3281 2217 3388 2271 οἷοί
3443 2215 3500 2272 τέ
3549 2216 3688 2288 ἕστε,

307 2305 447 2380 μετά
488 2323 691 2382 ταχους
749 2299 1030 2370 εἷσέλθετε,
1064 2301 1152 2356 καὶ
1213 2304 1280 2374 τῇ
1333 2297 1598 2378 ἀγγελικῇ
1625 2301 1876 2375 θεραπείᾳ
1936 2323 1993 2357 τε
2051 2301 2148 2358 καὶ
2207 2298 2502 2367 ἀνακλήσει
2561 2300 2658 2366 τὴν
2717 2299 2922 2366 ἔνδοξον
2984 2306 3315 2379 παραμυθίαν
3357 2311 3448 2359 τοῦ
3507 2302 3691 2362 δούλου

306 2401 402 2452 τοῦ
480 2399 612 2450 Θεοῦ
665 2391 946 2447 θεάσασθεο
1021 2387 1142 2446 ἔνθα
1207 2391 1306 2465 γᾶρ
1363 2387 1716 2462 κατελείψατε
1774 2387 1964 2454 σκότος
2038 2387 2466 2468 ζοφωδέστατον,
2549 2389 2757 2467 χάρητε
2829 2396 2941 2470 φῶς
3011 2391 3238 2460 ὁρῶντες
3308 2394 3688 2468 ὑπερκόσμιον·

307 2487 369 2541 ὃν
416 2481 712 2540 ιπιστένειν
759 2479 1013 2559 χαλεπῶς
1075 2476 1408 2544 ἐπηλπίσατε
1467 2483 1545 2532 τῶ
1592 2478 1672 2552 μὴ
1730 2475 1892 2558 ἤχειν
1956 2479 2232 2544 ἀναπνοῆς
2279 2480 2367 2533 καὶ
2425 2479 2619 2555 μικρὰν
2663 2478 2975 2553 ὑπόστασιν,
3022 2481 3095 2542 είς
3153 2479 3346 2553 ὕμνους
3391 2481 3687 2562 ἀνακρουο-

306 2596 469 2651 μενον
499 2580 592 2630 τοῦ
622 2571 850 2637 ἀληθοῦς
881 2568 1012 2625 Θεοῦ
1042 2570 1368 2646 καθορῶντες
1397 2567 1728 2640 θαυμάσατε.

389 2665 524 2742 ις’.
573 2664 868 2730 Ἀνέθησαν
898 2664 997 2742 γὰρ
1028 2662 1075 2718 οἱ
1105 2663 1224 2739 περὶ
1257 2661 1352 2735 ἐμὲ
1403 2658 1694 2741 κεχυμένοι
1739 2659 1945 2742 δεσμοὶ,

305 2759 397 2814 καὶ
427 2760 478 2812 αἱ
508 2754 755 2831 δυνάμεις
787 2773 890 2828 μου
921 2751 1084 2808 πλέον
1113 2760 1207 2810 τοῦ
1253 2749 1480 2830 ἀρχαίου
1524 2753 1895 2810 πεπύκνωνται
1931 2769 1943 2782 ·

304 2850 368 2903 τό
413 2869 467 2904 τε
513 2845 671 2920 σῶμά
731 2865 833 2918 μου
887 2840 1124 2904 ἁπαλαῖς
1182 2841 1270 2897 καὶ
1326 2841 1575 2918 ἀφθόνοις
1642 2855 1948 2920 στρωμναῖς

303 2938 663 2993 ἀνανενέωται
701 2952 715 2967 ⁶
762 2930 842 2989 διὸ
874 2930 1080 3007 μᾶλλον
1136 2929 1578 3008 ὕπερεκπλάγητε
1621 2932 1720 2997 τὴν
1749 2929 1951 3011 ἄφατον

303 3034 399 3085 τοῦ
445 3034 580 3084 Θεοῦ
635 3045 738 3099 μου
795 3019 1012 3097 δύναμίν
1055 3043 1112 3077 τε
1157 3023 1244 3078 καὶ
1287 3019 1620 3096 ἀγαθότητα,
1669 3021 1754 3077 καὶ
1801 3020 1947 3086 πλη-

304 3117 547 3194 ρεστάτῷ
633 3116 858 3187 στόματι
947 3125 1155 3190 φωναῖς
1235 3107 1502 3166 εὐσεϐέσιν
1561 3109 1947 3188 ἀνακηρύξατε,

2115 2659 2270 2726 XVI.
2299 2660 2609 2723 llisverbis
2633 2661 2855 2723 athleta
2877 2661 2978 2723 ille
3003 2679 3144 2722 usus
3167 2671 3281 2726 est.
3304 2665 3524 2726 Postea
3539 2683 3678 2728 vero

2033 2767 2204 2824 quam
2238 2754 2458 2810 Datiani
2484 2754 3021 2822 satellitesingressi
3055 2757 3679 2816 sunteosadhoualus:

2033 2837 2237 2907 Abite,
2262 2835 2454 2916 inquit
2481 2847 2540 2898 et
2560 2837 2803 2898 domino
2829 2846 3020 2897 vestro
3045 2839 3410 2912 renuntiate,
3437 2843 3684 2918 quatiet

2035 2935 2256 3008 quanta
2279 2927 2414 2987 luce
2433 2945 2542 3004 ego
2561 2927 2656 2988 hic
2683 2928 2978 3008 perfruar.
3003 2930 3206 3006 Itaque
3224 2929 3273 2988 si
3292 2929 3434 3008 quid
3464 2941 3680 3014 potest,

2035 3016 2314 3076 acerbius
2339 3017 2636 3094 excogitet
2655 3028 2713 3078 et
2735 3019 2805 3078 ad
2826 3016 3210 3078 measlaudes
3231 3019 3372 3079 illud
3396 3038 3685 3082 accumu-

2035 3104 2140 3168 let.
2161 3104 2304 3167 Cum
2323 3106 2500 3184 igitur
2514 3107 2792 3168 custodes
2806 3127 2942 3168 omn
2955 3111 3003 3168 ia
3019 3126 3152 3187 quae
3174 3108 3230 3168 in
3256 3128 3499 3172 carcere
3524 3113 3685 3175 vide-

301 3193 513 3270 τούτοις
550 3203 883 3282 κεχρήμενοι
915 3214 1034 3264 τοῖς
1079 3201 1281 3277 ῥήμασι
1331 3199 1420 3254 καὶ
1467 3200 1560 3255 τὸν
1602 3198 1950 3277 ὅμολογητὴν

2041 3205 2188 3267 rant,
2229 3193 2474 3257 Datiano
2505 3196 2876 3269 retulissent,
2905 3207 3156 3278 repente
3185 3198 3283 3259 ille
3305 3203 3684 3264 exanimatus

303 3306 399 3356 τοῦ
447 3293 674 3359 ἀληθοῦς
719 3293 804 3348 καὶ
849 3291 1016 3366 μόνου
1077 3297 1210 3345 Θεοῦ
1266 3289 1348 3344 ἀεὶ
1405 3294 1634 3355 νικητήν
1685 3289 1949 3366 ὑπάρχειν

303 3383 666 3462 ἀπαγγείλατε
728 3388 802 3454 τῷ
862 3387 1130 3453 Δατιανῷ,
1177 3378 1376 3434 ὁπόσου
1417 3399 1474 3433 τε
1507 3379 1593 3434 καὶ
1623 3377 1744 3436 οὶόυ
1774 3381 1949 3457 φωτὸς

301 3474 582 3547 ἀπολαύω,
649 3469 1168 3549 προσεφευρισκέτω,
1220 3467 1271 3522 εἴ
1333 3490 1382 3524 τι
1452 3467 1639 3524 οἰέσθω
1693 3465 1861 3524 δεινὸν
1922 3471 1949 3524 ὁ

301 3562 575 3636 διάϐολος,
621 3565 708 3618 καὶ
778 3561 854 3617 ἔτι
902 3559 1244 3637 προσφερέτω
1286 3570 1404 3620 τοῖς
1450 3556 1603 3629 ἐμοῖς
1660 3556 1894 3618 ἐπαίνοις
1931 3572 1944 3587 °

302 3661 408 3714 τῶν
469 3652 524 3709 δὲ
566 3657 666 3719 τῆς
724 3651 1121 3727 μακαριότητος
1187 3669 1288 3721 μου
1359 3644 1724 3724 ἀνδραγαθιῶν
1781 3645 1950 3720 μηδὲν

300 3741 686 3824 ὁφαρπασάτω,
743 3737 1154 3818 ἑγγυμναζέσθω
1208 3737 1274 3792 τὰ
1318 3734 1442 3814 παρ’
1493 3734 1685 3801 ἑαυτῆς
1744 3746 1950 3809 σημεῖα

2036 3283 2349 3364 expalluit,
2407 3293 2466 3347 et
2520 3303 2722 3346 secum
2779 3289 3040 3361 pessime
3093 3289 3185 3365 agi
3220 3290 3676 3354 animadvertit:

2033 3375 2525 3455 quandoquidem
2555 3376 2825 3456 martyris
2848 3376 3246 3438 lacerationes
3270 3387 3329 3440 et
3353 3379 3598 3443 vulnera
3621 3381 3682 3442 in

2034 3463 2332 3544 ejusipsiu
2347 3465 2777 3542 signominiam
2793 3484 2859 3525 ac
2877 3465 3138 3526 dedecus
3153 3471 3682 3535 convertebantur.

2035 3553 2441 3626 Quamobrem
2457 3554 2784 3615 acerbitate
2801 3553 3042 3633 quidem
3069 3574 3283 3634 magna
3295 3566 3503 3620 contra
3518 3559 3688 3622 Chri-

2035 3642 2114 3704 sti
2133 3644 2420 3704 athletam
2439 3640 2826 3704 Vincentium
2845 3646 3467 3719 commovebatur,sed
3487 3651 3687 3712 mitius

2036 3739 2234 3793 tamen
2265 3750 2331 3793 se
2353 3749 2563 3809 gerere
2593 3733 2928 3793 simulabat.
2968 3734 3172 3811 Itaque
3204 3733 3445 3796 dicebat
3476 3758 3489 3799 :
3527 3737 3683 3810 Quid

303 3821 644 3913 βακχεύουσα
678 3850 692 3867 ⁶
749 3832 795 3886 εἱ
838 3849 938 3908 θρα
1007 3828 1058 3884 τί
1114 3826 1513 3906 ἀνιχνεύσοιτο,
1578 3824 1750 3898 μόνην
1795 3826 1953 3880 αὐτοῦ

2041 3831 2148 3896 est,
2175 3822 2333 3900 quod
2359 3821 2616 3900 amplius
2641 3839 2998 3902 pugnemus,
3025 3840 3160 3882 cum
3192 3828 3451 3884 maxime
3475 3826 3548 3887 ab
3574 3828 3686 3890 hoc

305 3909 453 3979 δέδια
508 3929 606 3988 την
661 3922 1014 3992 συμπάθειαν,
1062 3917 1141 3993 μὴ
1179 3917 1363 3994 ὀφθείη
1394 3937 1486 3989 μοι
1532 3919 1830 3992 συγχωρῶν
1860 3915 1950 3970 τὸν

2041 3912 2282 3972 homine
2302 3910 2437 3972 victi
2460 3911 2675 3970 simus?
2697 3909 2978 3973 Gestetur
2998 3909 3179 3990 igitur
3198 3912 3258 3970 in
3280 3913 3431 3973 tecto
3457 3915 3680 3996 aliquo,

301 4014 552 4072 θάνατον.
589 4005 681 4070 Ὠς
713 4009 768 4066 δὲ
803 4012 850 4066 οἱ
894 4008 1125 4088 φύλακες
1160 4005 1480 4068 ἀπελθόντες
1531 4003 1744 4059 ἅπαντα
1771 4005 1837 4060 τὰ
1867 4002 1952 4060 ἐπὶ

2041 4011 2095 4062 et
2124 4000 2402 4079 stragulis
2425 3999 2877 4088 delicatissimis
2904 4021 2915 4063 :
2957 4020 3077 4061 non
3111 3999 3275 4062 enim
3301 4004 3508 4082 patiar,
3539 4007 3684 4067 utin

306 4107 406 4171 τῆς
465 4101 708 4182 φυλακῆς
792 4087 1056 4176 γενόμενα
1134 4100 1212 4168 τῷ
1298 4100 1542 4168 Δατιανῷ
1599 4090 1950 4173 διεσάφησαν,

2041 4090 2403 4153 cruciatibus
2434 4090 2746 4151 moriatur.
2770 4087 3008 4150 Tollant
3038 4090 3236 4169 ipsum
3265 4091 3323 4151 in
3351 4092 3502 4154 lecto
3525 4095 3687 4175 posi-

307 4177 524 4272 ἄψυχός
569 4213 627 4248 τε
659 4194 748 4248 καὶ
775 4191 998 4268 ὠχριῶν
1029 4187 1309 4263 ἀπεπάγη,
1346 4185 1433 4240 καὶ
1463 4182 1566 4250 ἤδη
1624 4182 1953 4259 δπῃτθάνετο

2042 4189 2162 4241 tum
2194 4179 2472 4240 homines
2497 4177 2723 4258 aliquot
2747 4178 2966 4272 hilares
2994 4181 3606 4272 e_texsultantes.Sint
3630 4193 3689 4247 et

311 4267 588 4346 κάκὶστως
651 4281 802 4360 ἔχειν
830 4267 910 4335 γέν
963 4278 1134 4351 ἑαυτῷ
1181 4274 1253 4356 (οὶ
1310 4277 1407 4352 γὰρ
1453 4275 1759 4360 σπαραγμοὶ
1800 4276 1888 4329 καὶ
1918 4280 1953 4328 οἳ

2049 4269 2175 4342 alii,
2205 4267 2307 4350 qui
2338 4269 2470 4348 ejus
2500 4267 2838 4360 vestigiaet
2859 4267 3214 4330 dilaniatum
3248 4288 3470 4351 corpus
3497 4283 3682 4337 totum

311 4373 553 4447 αἰκισμοὶ
607 4357 717 4427 τῶν
799 4373 1072 4443 τιμωριῶν
1153 4371 1246 4421 τοῦ
1306 4364 1570 4442 μάρτυρος
1624 4359 1746 4418 κατ’
1806 4361 1953 4417 αὒτοί

2051 4359 2504 4422 exoscnlentur:
2536 4357 2864 4437 quinetiam
2879 4359 3236 4434 sanguinem
3249 4377 3318 4420 ex
3334 4363 3688 4427 vulneribus

311 4458 757 4540 μετετρέποντο),
799 4461 887 4513 καὶ
944 4454 1205 4536 χαλεπῶς
1276 4452 1588 4508 ἐπανέκειτο
1647 4452 1953 4525 ἡττώμενος

2046 4451 2408 4512 deﬂuentem
2433 4447 2808 4526 colligentes,
2825 4447 2897 4506 ad
2921 4465 3041 4508 suae
3064 4450 3418 4512 valetudinis
3443 4471 3688 4533 recupe-

311 4536 450 4608 κατὸι
481 4536 597 4608 ’τοῦ
654 4536 976 4627 ἀγωνιστοῦ,
1042 4545 1189 4620 ὅμως
1221 4542 1624 4620 ἀπλουστέρως,
1672 4543 1761 4598 καὶ
1804 4542 1953 4616 εἰμὴ

2043 4538 2336 4601 rationem
2361 4537 2527 4598 illum
2551 4536 3156 4627 adhibeant,_’l‘alium
3184 4555 3441 4601 virorum
3467 4543 3690 4605 satelli-

314 4642 454 4698 κατά
506 4625 756 4718 γνώμην,
816 4639 1002 4718 φωνὴν
1044 4629 1236 4711 ἀκριϐῆ
1293 4630 1646 4711 προσφέρεται
1706 4630 1793 4686 καί
1844 4652 1949 4709 φη.

2042 4628 2121 4690 ιὶο
2147 4637 2343 4690 utatur
2369 4625 2828 4718 probatissimos
2869 4625 3089 4718 Christi
3130 4628 3403 4718 minister
3427 4634 3689 4696 Vincen-

315 4753 402 4788 σιν
438 4749 450 4763 ο
485 4713 545 4788 Τί
591 4713 890 4806 περαιτέρω
939 4727 1128 4782 λοιπὸν
1185 4719 1625 4801 προσπαλαίομεν
1668 4719 1953 4794 νικώμενοι

2041 4717 2196 4780 tius:
2233 4717 2448 4794 dignus
2477 4723 2665 4786 certe,
2701 4714 2803 4794 qui
2856 4713 2929 4776 ab
2969 4715 3182 4778 amicis
3227 4721 3404 4780 etiam
3432 4722 3686 4798 colatur,

318 4822 387 4877 τὰ
462 4803 746 4899 μέγιστα;
830 4814 1172 4895 ἀναφερέσθω
1247 4813 1418 4870 τοίνυν
1475 4811 1564 4868 ἐπὶ
1620 4808 1806 4877 κλίνης
1866 4811 1952 4865 καὶ

2041 4825 2155 4870 non
2186 4809 2377 4867 solum
2406 4804 2479 4866 ab
2509 4803 2780 4866 animicis
2815 4814 2871 4865 et
2889 4803 3243 4869 Christianis
3273 4809 3648 4878 observetur.

319 4919 613 4993 στρωμνῶν
671 4910 1068 4970 ἁπαλωτάτων
1131 4908 1192 4965 ού
1248 4908 1346 4985 γὰρ
1400 4905 1660 4982 βούλομαι
1718 4904 1877 4960 αὐτὸν
1936 4917 2056 4967 τοῖς
2093 4902 2290 4963 δεινοῖς
2342 4899 2716 4977 ἐναποθανεῖν,
2775 4899 2972 4993 μήπως
3032 4901 3348 4978 μεραλοδοξε
3407 4906 3524 4962 λίαν
3566 4909 3694 4964 ἀνα-

320 4988 691 5085 δειχθήσεται.
777 4998 1152 5076 Κομιζέτωσαν
1220 5003 1497 5074 τοιγαροῦν
1557 4993 1642 5051 ἐπὶ
1701 4992 1888 5060 κλίνης
1963 4993 2118 5049 αὐτὸν
2201 4988 2395 5085 ἀνδρες·
2459 4989 2738 5085 χαίροντές
2795 4989 2884 5044 καὶ
2941 4988 3323 5085 ἀγαλλομενοι,
3386 4996 3441 5051 ο⁹ί
3516 5018 3571 5052 τε
3627 5000 3694 5054 τὰ

322 5078 462 5173 ἴχνη
518 5093 678 5150 αυτοῦ
705 5093 794 5148 καὶ
848 5092 912 5146 τὸ
941 5093 1046 5144 πᾶν
1089 5093 1246 5154 σῶμα
1289 5083 1694 5162 ἐσπαργαμένον
1737 5079 1975 5155 λάϐοιεν,
2025 5078 2465 5160 καταφιλοῦντες·
2519 5080 2607 5132 καί
2661 5079 2722 5133 τὸ
2782 5078 3054 5156 παχυνθὲν
3103 5081 3135 5147 ἢ
3191 5085 3370 5139 καὶτὸ
3429 5085 3692 5164 περίῤῥέον

323 5166 468 5257 αύτῷ
533 5182 678 5258 αἷμα
734 5183 808 5247 είς
871 5179 1141 5248 ἀνάληψιν
1203 5180 1301 5241 τῆς
1359 5176 1554 5240 οἰκείας
1625 5171 1987 5248 ἀπομάζοιντο
2056 5172 2294 5249 ῥώσεως.
2371 5169 2632 5258 Τοιούτων
2702 5167 2932 5258 χράσγσυ
2999 5166 3202 5246 ἀνδρῶν
3268 5169 3595 5252 δορυφορίαις
3667 5179 3696 5233 ὁ

323 5256 612 5333 τοῦΘεοῦ
633 5271 1004 5345 δοκιμώτατος
1055 5267 1298 5343 θεράπων
1362 5263 1654 5327 Βικέντιος⁶
1711 5262 1852 5327 ἄξιος
1931 5260 1986 5317 δὲ
2047 5262 2136 5318 καὶ
2205 5258 2348 5337 παρὰ
2407 5263 2513 5313 τῶν
2572 5256 2778 5335 ἐχθρῶν
2833 5259 3230 5335 θεραπευεςθαι,
3291 5263 3420 5334 μήτι
3474 5285 3534 5342 γε
3609 5269 3698 5325 καὶ

322 5363 464 5442 παρά
491 5363 598 5418 τῶν
627 5360 910 5440 ὁμοφύλων
942 5359 1030 5416 καὶ
1074 5358 1427 5436 Χριστιανῶν,

409 5438 518 5520 lZ'.
552 5457 614 5514 '0
643 5454 699 5513 δὲ
743 5438 992 5529 ἀλάστωρ
1049 5454 1139 5508 καὶ
1178 5450 1462 5528 κακόφρων
1515 5449 1771 5510 Δατιανὸς
1804 5452 1953 5502 ταῦτα

2133 5439 2310 5504 XVII.
2329 5438 2466 5501 Haec
2487 5447 2742 5529 versuta;
2765 5439 2984 5529 mentis
3010 5440 3188 5501 homo
3212 5440 3496 5505 Datianus
3523 5446 3702 5512 facie-

325 5551 495 5607 ἐποίει
553 5551 613 5605 ἓν
659 5545 838 5622 πολλῇ
865 5527 1150 5624 ἀμηχανίᾳ
1194 5527 1493 5622 συσχεθεὶς,
1531 5544 1608 5606 πῆ
1641 5540 1739 5613 μὲν
1769 5535 1953 5614 ὸμολο·

2055 5533 2178 5624 bat,
2218 5532 2468 5624 multum
2502 5527 2703 5588 animo
2736 5528 3103 5624 perplexas:
3135 5531 3360 5613 quippe
3391 5536 3490 5615 qui
3527 5539 3702 5602 modo

329 5646 441 5719 γῶν
475 5639 572 5705 τὴν
603 5637 770 5705 ἧτταν
801 5618 889 5692 καὶ
908 5618 1244 5709 γτὸηάδρανές
1275 5618 1336 5688 τε
1380 5632 1469 5688 καὶ
1518 5629 1834 5709 ἀνίσχυρον,
1897 5630 1953 5719 πῖ

2059 5621 2471 5684 infirmitatem
2529 5635 2696 5717 suam
2753 5618 3172 5719 confitebatur,
3232 5624 3408 5684 modo
3459 5629 3704 5705 gloriosi

329 5705 383 5787 δί
444 5729 532 5787 καὶ
595 5725 739 5784 ἄκων
795 5705 1114 5803 ὶμεγᾶλυνε,
1177 5725 1277 5790 την
1335 5705 1948 5801 δπὲρογκονηκαρτερία

2066 5709 2346 5791 martyris
2399 5705 2696 5769 Vincentii
2743 5706 3116 5772 tolerantiam
3171 5729 3239 5773 ac
3292 5712 3703 5784 fortitudinem
