4054 6204
502 343 616 417 751
1799 338 2083 415 MENSIS
2120 296 2578 416 JANUARIUS.
3716 356 3818 430 περ

506 489 784 552 laudibus
814 488 1155 552 extollebat.
1191 483 1464 558 Quandiu
1511 503 1650 547 vero
1702 484 1910 548 doloso
1951 485 2099 546 anim

2184 492 2322 541 ἢτοῦ
2381 482 2696 550 πανενδόξου
2739 485 3003 567 μάρτυρος
3061 491 3352 555 Βικεντίου.
3397 489 3486 550 Ἐν
3534 493 3632 570 ὅσῳ
3675 495 3722 554 δὲ
3769 500 3822 556 τὰ

505 580 644 642 talia
675 578 1154 650 machinabatur,
1190 575 1448 656 providit
1495 577 1677 645 Deus,
1711 576 1883 654 cujus
1916 573 2099 636 bonit:

2229 581 2446 631 τοιαῦτα
2480 572 2666 638 δολίως
2695 575 3006 654 ὶφθέγγετο,
3052 581 3079 634 ὁ
3139 581 3439 656 πανάγαθος
3498 585 3619 650 Θεὸς
3657 587 3814 661 βουλόο

505 669 667 731 omni
696 687 764 730 ex
799 675 966 749 parte
997 666 1263 747 perfecta
1294 673 1404 740 est,
1440 673 1502 725 ut
1535 673 1817 744 tyrannus
1848 663 1950 725 ille
1983 681 2099 724 om:

2231 685 2390 737 μενος
2436 665 2534 732 τὴν
2587 663 2755 732 ἧτταν
2813 665 3202 745 ἂπειὲγκασθαι
3261 671 3354 725 τὸν
3429 672 3681 750 τύραννον,

500 775 607 837 spe
637 759 926 836 deceptus
967 764 1377 836 superaretur.
1429 755 1619 834 Ipsius
1668 754 1824 815 enim
1876 761 2093 832 martyr

2230 753 2384 830 άγίαν
2414 755 2500 810 xxi
2531 755 2822 834 νικηφόρον
2853 757 3041 836 ψυχὴν
3077 765 3169 814 τοῦ
3223 758 3484 839 μάρτυρος
3531 764 3657 837 μετᾶ
3694 762 3819 832 δόξης

497 847 756 907 animam
791 845 1124 919 victricem,
1171 863 1240 905 ex
1274 843 1499 905 caduco
1544 851 1600 904 et
1632 841 1829 919 fragili
1875 845 2099 922 corpori

2230 840 2436 909 πολλῆς
2496 841 2554 898 ἐκ
2612 853 2704 902 τοῦ
2747 847 3067 925 προσκαίρου
3127 847 3480 916 σκηνώματος
3535 851 3820 926 μετέστησεν

496 932 885 996 tabernaculo
919 936 995 996 ad
1027 931 1332 995 cmlestem
1365 931 1675 1008 regionem
1710 930 1990 993 traduxit.
2020 929 2099 1003 Qu

2228 932 2302 994 εἰς
2347 932 2445 998 τὴν
2489 931 2798 1011 ἐπουράνιον
2849 934 3056 1014 χώραν,
3119 939 3480 1019 καταισχύνας
3526 942 3611 996 τὸν
3663 939 3816 997 διάϐο-

494 1041 562 1085 re
595 1023 872 1085 diabolus
904 1023 1077 1084 valde
1109 1022 1396 1084 confusus
1428 1021 1558 1081 fuit.
2225 1020 2342 1084 λον.

575 1112 763 1176 XVII.
792 1112 1084 1195 Equidem
1119 1131 1237 1174 non
1269 1120 1496 1173 temere
1528 1111 1746 1172 factum
1774 1108 2049 1183 arbitror,
2080 1130 2099 1171 ι

2306 1100 2408 1169 ΙΖ’.
2457 1113 2672 1186 Νομίζω
2729 1111 2782 1168 δὲ
2839 1113 2916 1188 μὴ
3000 1113 3185 1178 ἁπλῶς
3242 1117 3697 1195 προτετελειῶσθαι
3743 1122 3818 1176 τὸν

493 1182 906 1266 sanctissimus
946 1203 1034 1264 vir
1066 1221 1136 1263 eo
1186 1210 1456 1282 tempore
1487 1209 1735 1262 mortem
1773 1199 1988 1274 obiret,
2023 1219 2098 1280 qu

2221 1199 2396 1278 ἅγιον,
2457 1205 2554 1267 τῆς
2614 1199 2765 1270 δῆθεν
2848 1182 3294 1281 εὖτρεπιζομένης
3353 1212 3494 1283 αὒτῷ
3551 1211 3814 1286 θεραπείας,

491 1293 776 1357 Datianus
827 1291 956 1370 ipse
1001 1291 1311 1354 curatione
1343 1291 1467 1364 illa,
1523 1293 1609 1352 vel
1661 1290 1894 1351 insidiis
1945 1289 2099 1368 potiu

2223 1289 2428 1363 μᾶλλον
2484 1289 2538 1346 δὲ
2598 1289 2887 1359 ἐπιϐουλῆς
2949 1300 3042 1350 τοῦ
3088 1297 3443 1377 κακιόφρονος.
3477 1296 3698 1372 Ἔμελλε
3737 1299 3818 1377 γὰρ

492 1393 810 1466 martyrem
844 1362 1084 1461 aggredi
1109 1380 1362 1442 volebat.
1398 1362 1679 1442 Dicturus
1712 1381 1870 1441 enim
1905 1362 2099 1439 fuisset

2220 1379 2394 1457 λέγειν
2427 1379 2507 1438 ὅτι
2559 1386 2626 1456 τῇ
2672 1381 2830 1438 αὖτοῦ
2875 1383 3076 1460 σπουδῇ
3126 1406 3182 1441 τε
3240 1362 3324 1443 καὶ
3381 1362 3650 1462 ὶπιμελείᾳ
3688 1362 3815 1465 περιζ

491 1472 620 1551 ejus
648 1491 788 1534 cura
811 1482 869 1533 et
888 1473 1082 1532 studio
1108 1469 1389 1532 athletam
1416 1469 1798 1532 Vincentium
1833 1475 2099 1529 servatur

2219 1473 2478 1525 σεσῶσθαι
2536 1470 2629 1525 τὸν
2692 1469 3018 1547 ἀγωνιστήν.
3075 1471 3502 1553 Ἀπαγγέλλεται
3556 1477 3711 1532 τοίνυν
3755 1481 3817 1548 τῷ

486 1579 641 1625 esse.
688 1563 833 1625 Cum
872 1561 1048 1639 igitur
1088 1561 1373 1622 victorem
1403 1570 1729 1638 martyrem
1758 1556 1981 1618 obiisse
2013 1555 2097 1618 Da

2217 1558 2511 1646 παρανόμῳ
2545 1567 2788 1634 Δατιανῷ
2818 1561 2851 1628 ἡ
2906 1564 3000 1617 τοῦ
3057 1577 3364 1643 στεφανίτου
3416 1564 3697 1646 τελείωσις,
3746 1568 3816 1622 καὶ

486 1652 684 1712 tianus
717 1651 1076 1731 accepisset,
1101 1649 1282 1729 cmpit
1302 1649 1455 1709 ultra
1483 1651 1724 1711 modum
1752 1647 2041 1720 insanire,
2076 1665 2099 1707 e

2215 1643 2401 1704 λοιπὸν
2459 1649 2865 1728 καταισχυνθεὶς
2923 1649 3010 1707 ἐπὶ
3065 1659 3226 1708 πᾶσιν
3271 1655 3298 1709 ὁ
3348 1655 3619 1734 τύραννος,
3669 1643 3815 1733 γέλως

482 1739 565 1801 ait
595 1759 608 1803 :
638 1740 697 1803 Si
721 1740 913 1800 vivum
939 1739 1248 1800 hominem
1276 1738 1453 1798 istum
1481 1753 1771 1816 superare
1794 1753 1912 1795 non
1939 1733 2099 1813 potui

2214 1735 2499 1815 ἐτύγχανε,
2556 1739 2644 1793 καὶ
2703 1737 2856 1805 ξένην
2921 1737 3148 1820 ἄρχεται
3199 1743 3393 1816 μανίαν
3450 1733 3726 1819 μαίνεσθαι.
3769 1744 3816 1800 El

481 1829 691 1892 saltem
721 1837 1019 1890 mortuum
1053 1825 1372 1907 superabo.
1409 1827 1535 1886 Non
1566 1823 1823 1904 amplius
1847 1841 2098 1903 superes

2213 1827 2290 1900 μὴ
2345 1827 2445 1903 γὰρ
2505 1824 2760 1896 ἐδυνήθην
2819 1829 2997 1903 αὐτοῦ,
3058 1833 3244 1910 φησιν,
3304 1839 3501 1903 ζῶντος
3569 1832 3812 1912 περιγινέ-

479 1920 538 1980 in
563 1938 632 1980 eo
657 1917 905 1998 spiritus
930 1917 1028 1997 qui
1062 1915 1208 1976 mihi
1233 1917 1610 1989 adversetur,
1632 1933 1832 1990 neque
1863 1911 2099 1974 homini:

2207 1918 2346 1988 σθαι,
2380 1914 2517 1972 ἀλλὰ
2549 1916 2633 1972 καὶ
2663 1923 2788 1993 γοῦν
2817 1917 3039 1976 θανέντα
3098 1923 3503 2000 τιμωρήσομαι,
3565 1911 3666 1981 Οὐκ
3721 1920 3813 1977 ἔστι

481 2008 699 2068 mortui
726 2005 998 2068 membra
1013 2024 1244 2067 mecum
1261 2005 1517 2085 amplius
1534 2021 1796 2084 pugnare
1822 2010 2096 2082 poterunt

2206 2011 2437 2079 πνεῦμα,
2496 2006 2656 2085 φησί,
2705 2008 2767 2062 τὸ
2823 2007 3286 2089 άντιμαχόμενον,
3347 2011 3465 2070 οὔτε
3533 2014 3636 2086 μὴν
3682 2011 3814 2090 ψυχὴ

479 2095 836 2176 Projiciatur
863 2096 1118 2175 igiturin
1145 2079 1418 2174 campum
1455 2079 1582 2174 ejus
1613 2079 1890 2165 cadaver,
1927 2110 2099 2173 nequi

2207 2094 2469 2162 νικήσασά
2526 2115 2616 2170 με,
2652 2096 2927 2172 ἀνθρώπου
2984 2099 3170 2176 νεκροῦ
3223 2097 3441 2175 οὒδεμία
3493 2101 3644 2180 μάχη
3695 2079 3813 2157 κατὰ

475 2186 756 2248 arborum
790 2186 1083 2257 foliis,aut
1116 2185 1231 2245 alia
1253 2202 1318 2244 re
1342 2190 1720 2261 contegatur:
1759 2181 1862 2242 sed
1887 2181 2031 2242 feris
2063 2199 2094 2241 e

2205 2181 2382 2256 μελῶν
2426 2182 2678 2264 άψῦχων.
2733 2187 2790 2242 EI
2842 2187 2943 2264 γὰρ
2986 2189 3048 2244 τὸ
3090 2193 3250 2263 σῶμα
3292 2188 3612 2269 διαλέλυται,
3666 2189 3811 2255 ξέναις

475 2276 816 2338 volucribus
871 2277 930 2336 in
981 2293 1178 2337 escam
1232 2278 1607 2354 propositum
1655 2271 1753 2334 sit.
1808 2269 2096 2350 Οιιίιιίιυὶι

2201 2273 2478 2350 τιμωρίαις
2507 2271 3037 2353 ὶγϐακχευθήσομαι,
3071 2278 3160 2334 καὶ
3214 2276 3339 2357 ὅρον
3397 2301 3552 2336 τανυν
3593 2278 3811 2354 λήψομαι

472 2368 635 2426 enim
672 2374 878 2428 contra
905 2373 1202 2426 mortuum
1237 2365 1414 2424 istum
1452 2362 1697 2423 efficere
1736 2367 1966 2440 potero,
1997 2378 2099 2420 nor

2196 2363 2304 2418 τῶν
2362 2365 2634 2447 αίκιστῶν,
2696 2366 2740 2420 εἰ
2791 2368 2878 2422 καὶ
2911 2368 2988 2441 μὴ
3015 2369 3082 2424 τὰ
3109 2373 3209 2435 τῆς
3242 2369 3396 2436 νίκης
3430 2392 3526 2430 μοι
3570 2367 3810 2447 προσεγέ-

471 2455 768 2527 omittam,
803 2463 863 2516 ut
889 2465 1086 2516 careat
1113 2454 1327 2516 funere
1358 2471 1429 2515 ac
1461 2450 1789 2532 sepultura.

2199 2473 2343 2516 νετο,
2394 2443 2685 2511 Ῥιπτέσθω
2739 2467 3018 2536 τοιγαροῦν
3066 2459 3202 2516 κατὰ
3232 2465 3325 2516 τοῦ
3358 2457 3536 2517 πεδίου
3577 2461 3636 2516 τὸ
3685 2457 3811 2532 ἄψυ-

470 2571 575 2628 χον
632 2555 814 2629 σῶμα,
847 2547 1086 2624 μηδεμιᾷ
1145 2546 1195 2603 δὲ
1232 2545 1406 2623 σκέπῃ
1460 2552 1528 2622 τῇ
1574 2545 1679 2602 απὸ
1709 2551 1817 2601 τῶν
1873 2545 2119 2626 δένδρων,
2160 2547 2190 2616 ἢ
2247 2545 2413 2604 ἄλλου
2455 2549 2601 2611 τινὸς
2651 2570 3037 2630 κρυπτομενον,
3071 2550 3216 2614 ὅπως
3274 2551 3542 2621 εὑληπτον
3570 2553 3657 2620 εἴη
3701 2551 3812 2630 πρὸς

465 2640 651 2718 βορὰν,
701 2641 854 2717 θηρσί
909 2660 967 2694 τε
1022 2639 1104 2694 καὶ
1149 2636 1352 2714 ὀρνέοις
1407 2637 1496 2692 καὶ
1544 2636 1715 2710 κυσὶν,
1767 2634 1805 2703 ἢ
1861 2643 2044 2718 τοῦτο,
2099 2635 2196 2692 κᾶν
2258 2635 2389 2714 ὅπερ
2445 2638 2582 2694 κατὰ
2640 2642 2926 2705 τεθνεῶτος
2983 2639 3236 2718 δύναμαι,
3287 2641 3493 2708 ἄταφος
3552 2643 3636 2699 καὶ
3689 2639 3811 2710 ἀκή-

3741 677 3820 744 τὴν

465 2726 648 2794 δευτος
678 2727 981 2788 ἀπολέσθω.

546 2821 756 2887 XVIII.
792 2821 998 2903 Itaque
1030 2819 1482 2902 pretiosissimae
1523 2820 1792 2900 martyris
1837 2819 2099 2900 reliquiae

2274 2810 2386 2879 lH'.
2453 2822 2546 2880 Καὶ
2602 2819 2669 2890 δή
2728 2821 2958 2889 ἐξέκειτο
3009 2846 3140 2899 προς
3199 2830 3456 2906 τιμωρίαν
3501 2827 3561 2883 τὸ
3614 2823 3809 2883 πολυτί-

467 2912 699 2976 nefario
728 2911 958 2992 tyranni
982 2910 1178 2973 edicto
1205 2911 1489 2989 projects:
1511 2919 1670 2982 sunt,
1688 2908 1809 2972 illis
1832 2911 2099 2970 assiden-

2193 2931 2366 2983 μητον
2419 2911 2668 2986 λείψανον
2699 2921 2790 2971 τοῦ
2820 2912 3139 2990 ἆγωνιστοῦ,
3173 2917 3310 2972 κατὰ
3340 2919 3404 2974 τὸ
3454 2915 3694 2992 ἀθέμιτον
3731 2919 3808 2970 τοῦ

468 3011 549 3077 te,
577 3021 796 3083 easque
817 3001 1196 3062 custodiente
1219 2999 1528 3081 carnifice,
1555 2998 1924 3079 pessimique
1949 2999 2099 3060 illius

2191 2999 2458 3076 ίεροσύλου
2515 3001 2859 3082 πρόσταγμα,
2923 3001 3039 3061 οὐδὲ
3119 3003 3492 3084 ἐφεδρεύοντός
3550 3027 3687 3068 τινος
3733 3004 3808 3059 καὶ

463 3092 704 3155 Datiani
725 3090 937 3152 amicis
968 3089 1355 3167 quibusdam.
1380 3088 1567 3150 Nemo
1599 3098 1794 3150 autem
1816 3088 2099 3151 Christia-

2192 3087 2717 3167 παραφυλάττοντος,
2763 3090 2799 3158 ἢ
2842 3093 3011 3172 τυχὸν
3054 3096 3305 3173 χρήμασι
3355 3094 3735 3176 διαφθαρέντος,
3779 3091 3807 3158 ἢ

466 3201 682 3245 norum
713 3180 978 3260 religiosi
1000 3179 1281 3260 martyris
1313 3197 1532 3260 corpus
1561 3198 1594 3239 a
1626 3187 1874 3258 tyranno
1910 3188 2099 3257 petere

2192 3179 2278 3234 καὶ
2335 3177 2500 3257 φίλων
2544 3179 2701 3235 τινῶν
2733 3186 2826 3237 τοῦ
2857 3183 3186 3263 κακόφρονος
3225 3204 3239 3220 ο
3273 3183 3393 3242 οὔτε
3436 3186 3546 3261 μήν
3573 3206 3650 3248 τις
3694 3189 3809 3260 Χρι-

463 3271 748 3348 audebat,
781 3282 846 3332 ut
868 3270 1099 3332 scilicet
1120 3268 1438 3349 optabilem
1473 3268 1638 3328 illum
1665 3277 1979 3348 martyrem
2005 3285 2099 3329 se-

2191 3274 2418 3324 στιανῶν
2448 3268 2481 3335 ἢ
2513 3267 2684 3342 οἴκτῳ
2713 3268 2748 3338 ἢ
2806 3277 2897 3327 τοῦ
2955 3271 3204 3339 εὐσεϐοῦς
3249 3275 3414 3354 χάριν
3473 3273 3808 3344 ἒξαιτήσεσθαι

463 3383 598 3426 cum
637 3361 861 3424 habere
899 3367 1118 3439 posset.
1152 3357 1374 3421 Corvus
1411 3367 1604 3420 autem
1651 3357 1918 3438 quidam,
1953 3357 2099 3431 ales,

2188 3355 2443 3428 ἠδυνήθη,
2498 3359 2585 3414 καὶ
2639 3361 2956 3435 συγκομίσαι
3001 3364 3064 3419 τὸ
3114 3363 3360 3445 θεοφιλὲς
3415 3364 3684 3443 λείψανον,
3734 3361 3808 3418 καὶ

462 3453 732 3534 inquam,
784 3452 886 3513 ille
931 3448 1366 3529 ignavissimus,
1416 3458 1475 3510 et
1526 3448 1783 3508 maxime
1813 3448 2034 3526 segnis,
2071 3465 2099 3508 ε

2185 3447 2336 3528 ἔχειν
2396 3447 2632 3527 μάρτυρα
2695 3449 2769 3510 είς
2823 3453 3072 3510 εὐκταῖον
3143 3466 3260 3519 τοῖς
3332 3460 3499 3511 πᾶσιν
3569 3449 3808 3533 ὁμόφυλον

459 3543 797 3623 propinquo
818 3543 948 3604 loco
981 3539 1296 3612 adVolavit,
1331 3547 1389 3600 et
1411 3546 1681 3599 sanctum
1712 3537 1856 3598 illud
1884 3554 2099 3617 corpus

2184 3537 2403 3614 ἀγαθόν.
2464 3538 2563 3592 Διὰ
2635 3537 2686 3593 τί
2724 3535 2779 3592 δὲ
2822 3542 2990 3620 τυχὸν
3042 3540 3285 3610 ἐκωλύθη
3347 3550 3520 3601 τινῶν
3563 3543 3646 3601 ἐπ’
3686 3540 3807 3613 αὖτῷ

460 3633 759 3694 custodire
791 3638 1007 3712 cmpit:
1045 3629 1145 3711 qui
1171 3629 1356 3709 nigris
1387 3627 1600 3710 pernis
1631 3640 1690 3688 et
1721 3626 1921 3689 colore
1951 3637 2100 3702 atro,

459 3731 736 3804 tanquam
773 3721 933 3804 pulla
964 3720 1218 3802 quadam
1272 3729 1434 3780 veste
1483 3717 1751 3793 indutus,
1804 3717 2101 3797 quodam-

458 3813 636 3875 modo
666 3812 887 3874 luctum
933 3828 1054 3891 prie
1101 3828 1166 3871 se
1213 3808 1465 3882 ferebat,
1519 3806 1782 3887 aliasque
1830 3805 2103 3868 volucres

457 3904 834 3984 grandiores,
872 3902 1061 3962 volatu
1084 3917 1296 3977 magno
1329 3898 1468 3958 illuc
1493 3896 1818 3972 irruentes,
1840 3895 2102 3984 impigre

456 3983 852 4074 persequens,
888 4010 919 4052 e
951 3991 1079 4051 loco
1118 3989 1222 4050 illo
1265 3986 1440 4048 facile
1481 3984 1781 4066 abigebat.
1819 3983 2099 4058 Quinimo

453 4082 661 4162 lupum
679 4079 998 4162 quemdam
1021 4077 1337 4160 repentino
1361 4095 1538 4139 cursu
1568 4094 1638 4136 eo
1661 4075 2003 4136 venientem
2026 4075 2103 4134 ita

451 4171 692 4249 repulit,
721 4179 783 4231 ut
806 4170 906 4231 ille
931 4178 1099 4248 terga
1122 4176 1381 4234 vertens.
1409 4185 1527 4227 non
1551 4165 1708 4228 corvi
1729 4165 1967 4247 quidem
1995 4165 2104 4226 im-

453 4268 681 4341 petum,
712 4260 814 4320 sed
833 4259 1094 4339 jacentis
1110 4258 1267 4320 illius
1283 4257 1478 4318 sancti
1498 4255 1774 4336 corporis
1790 4263 2092 4335 aspectum

451 4349 850 4412 extimescere
883 4367 1005 4432 prae
1037 4367 1100 4409 se
1134 4349 1285 4422 tulit,
1338 4366 1408 4409 ac
1454 4356 1700 4426 stupore
1753 4343 2091 4425 perculsus,

2191 3638 2442 3704 παρεῖναι
2500 3627 2889 3707 παραφυλακὴν
2947 3631 3036 3688 ναὶ
3103 3633 3384 3707 θεραπείαν
3446 3637 3671 3712 θνητῶν,
3711 3630 3804 3706 μή·

2188 3737 2302 3780 πως
2358 3714 2424 3783 δὴ
2468 3715 2750 3795 ἂγγελικαὶ
2809 3719 2897 3775 καὶ
2956 3723 3097 3778 θεῖαι
3167 3718 3477 3802 δορυφορίαι
3534 3723 3804 3803 κεχρῆσθαι

2185 3806 2514 3879 νομισθείη,
2576 3807 2637 3864 τὰ
2693 3807 3058 3886 ἐπαγρυπνεῖν
3102 3812 3188 3868 καὶ
3231 3810 3520 3891 φυλάττειν
3578 3815 3637 3868 τὸ
3673 3809 3806 3888 ἅγιον

2184 3897 2338 3973 σῶμα
2395 3903 2488 3953 τοῦ
2531 3896 2817 3977 μάρτυρος,
2879 3899 2924 3954 εἰ
2977 3899 3276 3978 ἀνθρωπεία
3302 3923 3386 3965 τις
3419 3902 3594 3982 παρῆν
3650 3897 3805 3978 ἐμμέ-

2183 3985 2302 4042 λεια
2337 4007 2354 4060 ;
2388 3985 2543 4066 κόραξ
2575 3985 2653 4062 δὲ,
2702 3989 2866 4069 φημὶ,
2911 3990 2972 4045 τὸ
3017 3989 3196 4068 ὄρνεον
3222 3990 3522 4072 ἀργότατον
3570 4015 3624 4050 τε
3679 3990 3803 4047 πάν·

2184 4098 2290 4133 των
2374 4078 2461 4134 καὶ
2533 4077 2895 4155 ὀκνηρότατον
2968 4087 3228 4138 πετεινῶν
3299 4082 3359 4138 ἐκ
3421 4091 3515 4142 τοῦ
3572 4083 3803 4158 σύνεγγυς

2182 4166 2536 4254 καθεζόμενον
2593 4173 2662 4245 τῇ
2723 4168 2948 4248 ζοφώδει
3009 4169 3148 4244 είδέᾳ
3207 4193 3264 4228 τε
3308 4173 3396 4228 καὶ
3440 4181 3519 4247 τῷ
3575 4171 3801 4254 χρώματι

2179 4255 2276 4323 τὴν
2334 4253 2547 4323 κηδείαν
2605 4259 2701 4312 τοῦ
2757 4257 3009 4333 σώματος
3045 4262 3134 4317 καὶ
3178 4260 3423 4342 φυλακην
3454 4253 3711 4340 ἐποιεῖτο,
3739 4257 3803 4321 ὤς

2180 4343 2323 4402 ἔστιν
2406 4342 2719 4426 δπολαϐεϊν,
2780 4349 2867 4404 καὶ
2924 4348 3104 4429 ὥσπερ
3160 4349 3417 4426 μέλαιναν
3478 4351 3670 4421 ἐσθῆτα
3718 4348 3804 4414 τὴν

448 4451 700 4520 repente
731 4438 1184 4517 subterfugerit.
1239 4436 1530 4519 Equidem
1568 4436 1753 4497 feram
1787 4433 1947 4494 illam
1981 4451 2092 4493 an-

2184 4436 2376 4493 οἰκείαν
2433 4435 2910 4514 ἐπαμφιασάμενος
2957 4441 3177 4522 χροιὰν,
3242 4444 3303 4500 τὸ
3373 4444 3557 4509 πέσθος
3613 4439 3798 4500 ἐπεδεί-

450 4529 638 4607 gelica
663 4530 977 4612 praesentia
994 4529 1476 4610 perterrefactam
1496 4527 1660 4588 illinc
1683 4523 1985 4603 aufugisse
2007 4540 2094 4583 ar-

2184 4546 2333 4582 κνυτο
2370 4541 2384 4556 °
2456 4525 2522 4582 τὰ
2592 4523 2648 4582 δὲ
2706 4525 3066 4607 ἐπιφοιτῶντα
3120 4530 3275 4610 ὄρνεα
3344 4531 3533 4610 λοιπὰ,
3594 4533 3802 4611 μέγιστα

451 4597 906 4682 bitror..Vetere
929 4597 1179 4681 historia
1202 4617 1375 4679 nobis
1410 4616 1689 4678 traditum
1717 4597 2089 4687 est,'beatum

2184 4613 2300 4672 ὄντα
2365 4617 2451 4672 καὶ
2513 4613 2723 4691 ὀλέθρια
2780 4597 2901 4681 τοῖς
2960 4597 3182 4699 πτεροῖς
3259 4597 3605 4703 ὑπάρχοντα,.
3655 4597 3802 4701 ῥᾷστα

447 4709 640 4772 Eliam
676 4710 1082 4772 Israelilarum
1108 4709 1474 4789 impietatem
1512 4704 1836 4782 fugientem
1869 4703 1915 4793 9,
1951 4720 2086 4764 cum

2184 4703 2490 4779 ἃπεδίωκεν,
2549 4703 2846 4793 επελθοντα
2933 4707 2989 4765 δὲ
3064 4691 3168 4770 ’καί
3240 4691 3526 4792 λύκονκτῇ
3581 4691 3799 4793 signate

448 4797 705 4863 desertis
746 4799 894 4861 locis
939 4809 998 4861 et
1035 4799 1342 4880 speluncis
1377 4814 1611 4877 pravam
1646 4812 1855 4857 eorum
1892 4791 2090 4854 homi-

2184 4797 2416 4864 πτοήσας
2460 4791 2726 4874 συνδρομῇ
2769 4795 3012 4864 ἐξεδίωκε
3067 4807 3161 4858 τοῦ
3184 4802 3433 4878 σώματος
3466 4791 3547 4862 ’Ῠὸ
3577 4801 3630 4859 δὲ
3648 4791 3799 4860 λύκος

448 4908 617 4967 num,
648 4891 748 4974 qui
783 4900 923 4953 tunc
954 4897 1144 4964 erant,
1173 4886 1666 4950 consuetudinem
1697 4893 2088 4967 permutasse,

2184 4885 2485 4960 ἐπικάμψας
2525 4885 2614 4941 τὸν
2660 4885 2884 4966 αὖχὲνα,
2931 4891 3020 4946 καὶ
3055 4890 3116 4947 οὒ
3159 4891 3257 4960 τὴν
3300 4893 3472 4971 ὁρμὴν
3529 4899 3619 4950 τοῦ
3653 4888 3799 4964 κόρα·

445 5001 639 5065 eoque
673 4992 946 5062 tempore
977 4978 1246 5062 quotidie
1279 4996 1452 5040 mane
1483 4994 1552 5039 ac
1574 4975 1806 5056 vesperi
1836 4975 2090 5065 prophe-

2184 4998 2290 5056 ιος,
2346 4974 2484 5032 ἀλλὰ
2539 4977 2640 5042 τὴν
2689 4974 2814 5052 ὅψιν
2845 4987 2938 5034 τοῦ
2969 4979 3218 5056 κειμένου
3248 4980 3507 5058 λειψάνου
3535 4977 3798 5041 καταπλα-

447 5064 563 5136 tam
597 5073 762 5135 illutn
809 5091 841 5134 a
875 5089 1050 5136 corvo
1082 5069 1194 5131 sibi
1230 5068 1490 5131 oblatum
1523 5065 1720 5129 cibum
1755 5064 2087 5145 accepisse.

2184 5068 2284 5144 γεὶς
2319 5064 2617 5132 συνεστάλη
2653 5083 2668 5100 °
2716 5068 2952 5125 πιστεύω
3009 5067 3064 5126 δὲ
3113 5067 3193 5126 ὅτι
3225 5069 3521 5150 ἆγγελικῆς
3553 5067 3796 5152 ἐφεδρείας

443 5162 514 5225 Et
546 5182 705 5226 nunc
740 5163 920 5244 igitur
977 5159 1174 5223 divino
1219 5161 1416 5241 jussu.
1473 5157 1981 5239 quemadmodum
2034 5163 2090 5216 et

2184 5153 2453 5229 )αυμαζων
2497 5154 2616 5211 τινὰ
2676 5155 3005 5234 πρόσπνοιαν
3060 5159 3316 5239 ἀπεπάγη
3375 5162 3453 5236 τῷ
3496 5160 3621 5222 δέει.
3682 5157 3797 5234 Ἀρ-

445 5253 612 5330 olim,
645 5272 860 5317 corvus
893 5252 1204 5330 excitatus,
1263 5247 1584 5312 Vincentio
1636 5245 1878 5327 martyri
1937 5264 2083 5308 con-

2184 5244 2306 5324 (αία
2360 5265 2440 5310 τις
2483 5246 2648 5332 Δἡμῖν
2705 5245 2910 5326 ἱστορία
2988 5247 3338 5328 παραδέδοται
3411 5250 3665 5332 φεύγοντα
3719 5246 3798 5301 τὸν

440 5327 754 5424 gruentem
786 5360 1030 5424 operam
1066 5327 1393 5421 curamque
1422 5333 1770 5403 adhibebat.

2184 5335 2431 5414 ιακάριον
2482 5327 2667 5392 Ἠλίαν
2721 5335 2820 5403 τὴν
2887 5343 2995 5394 τῶν
3064 5327 3436 5418 Ἰσραηλιτῶν*
3487 5327 3793 5405 δυσσέϐειαν,

441 5441 528 5495 καὶ
577 5441 672 5508 τὴν
736 5438 962 5496 ἔκτοπον
1019 5441 1116 5503 τῆς
1179 5432 1411 5505 Ἰεζάϐελ
1471 5452 1784 5510 μιαροτητα
1837 5430 2057 5510 ἐρήμοις
2106 5434 2194 5488 καὶ
2265 5429 2550 5499 στηλαίοις
2595 5430 3176 5492 ἆντικαταλλάσσισθαι
3235 5435 3334 5504 τὴν
3391 5437 3499 5494 τῶν
3543 5454 3654 5493 τοτε
3706 5429 3796 5487 ἀν-

444 5529 668 5608 θρώπων
721 5526 1178 5606 συναναστροφὴν,
1233 5527 1464 5592 ἑκάστης
1521 5524 1724 5602 ἡμέρας
1785 5522 1844 5578 τὸ
1891 5519 2131 5602 δεύτερον
2189 5522 2288 5590 τὴν
2333 5518 2600 5579 διακονίαν
2658 5521 2844 5601 εἶχεν,
2897 5524 2988 5582 καὶ
3029 5531 3106 5601 τῷ
3150 5526 3402 5607 προφήτῃ
3443 5527 3515 5593 είς
3557 5525 3654 5593 τὴν
3711 5524 3797 5578 τῶν

523 5689 554 5740 2
584 5687 606 5750 Ι
638 5687 783 5769 Reg.
820 5705 966 5766 xvu,
1000 5690 1023 5748 1
1068 5695 1127 5749 et
1157 5705 1325 5784 seqq.
