4104 6198
313 329 430 396 753

1615 339 1799 403 VITA
1845 339 1907 400 S.
1959 338 2384 402 VINCENTII.

3556 327 3672 394 754

309 474 516 548 τροφῶν
570 469 944 549 παρακομιδὴν
1003 472 1365 532 διακονεῖσθαι
1421 474 1565 552 παρὰ
1627 476 1722 533 τού
1783 470 1968 548 ὁμοίου
2038 471 2240 550 ὀρνέου,
2298 471 2437 551 φημὶ
2492 467 2582 543 δὴ,
2634 471 2726 525 τοῦ
2793 485 3042 546 κορακος⁶
3106 465 3243 523 ἀλλὰ
3285 466 3384 543 γὰρ
3444 464 3530 520 καὶ
3588 463 3673 522 ἐπὶ

306 566 404 616 τοῦ
438 580 691 637 παροντες
722 568 799 636 τῷ
829 561 995 620 πάλαι
1037 565 1162 638 θείῳ
1205 563 1576 642 προστάγματι
1604 564 1700 628 τὰς
1729 559 2103 641 προσηκούσας
2132 561 2410 636 θεραπείας
2440 558 2655 616 ὲκτελεῖ
2686 563 2761 631 τῷ
2791 559 3036 636 μάρτυρι.

389 648 504 715 ιδ’,
553 653 690 729 Πρὸς
735 655 764 710 ὃ
792 657 882 712 καί
936 654 1246 733 παραδόξως
1296 655 1579 735 ἐκπλαγεὶς
1607 658 1635 714 ὁ
1695 655 1944 715 Δατιανὸς

2117 650 2270 715 ΧΙΧ.
2293 651 2415 724 Quo
2436 651 2724 713 miraculo
2741 649 3053 731 perculsus
3073 647 3385 721 Datianus,
3410 646 3678 709 clamare

304 736 503 816 ἤρξατο
550 741 681 818 βοᾷν
740 745 828 802 καὶ
885 743 1091 823 λέγειν’
1153 750 1306 806 Φεῦί
1367 744 1484 804 οὔτε
1555 755 1741 824 νεκροῦ
1794 745 1953 803 auro-3

303 829 675 908 περιγενέσθαι
747 831 994 908 δύναμαι⁶
1057 833 1116 891 ἐκ
1177 834 1232 892 δὲ
1289 844 1384 893 του
1436 834 1670 894 ἐναντίου
1722 839 1791 910 τῇ
1846 833 1953 908 illi}

304 917 646 997 χαλεπότητι
716 920 1047 997 ἐνδοξότερος
1112 923 1498 998 ἀναδείκνυται,
1573 921 1794 991 Ἐπειδὴ
1864 925 1953 979 οὖν

304 1004 577 1074 ἀδυνάτως
633 1011 720 1068 ἐπὶ
791 1017 894 1090 γῆς
952 1011 1070 1093 ἔχει
1131 1016 1191 1071 τὸ
1245 1022 1428 1072 τοῦτον
1485 1012 1948 1091 καταναλωθῆναι,

303 1098 384 1171 τῷ
413 1097 636 1177 πελάγει
679 1098 1002 1182 ὑποϐρύχιος
1053 1103 1511 1182 παραπεμπέσθω,
1542 1105 1602 1160 τὸ
1646 1107 1744 1171 τῆς
1803 1101 1951 1167 νίκης

305 1186 468 1246 αὐτοῦ
538 1188 874 1269 μεγαλοφυὲς
959 1189 1014 1248 δὲ
1092 1192 1128 1260 ἦ
1211 1194 1448 1251 θάλασσα
1530 1191 1945 1270 κατακρυψάτω,

311 1275 405 1333 ἳνα
435 1278 667 1346 ἑκάστης
724 1279 931 1357 ἡμέρας
963 1281 1041 1348 μὴ
1091 1281 1262 1360 γέλως
1292 1281 1382 1340 ὐπ’
1432 1281 1556 1357 ὄψιν
1584 1282 1691 1339 τῶν
1736 1280 1948 1337 πάντων

303 1367 562 1444 γίνωμαι.
626 1367 976 1440 Ἐλϐληθήτω
1047 1380 1325 1452 τοιγαροῦν
1390 1369 1444 1427 έν
1508 1372 1585 1445 τῷ
1656 1368 1949 1450 ἐρούγκλῳ,

303 1455 428 1512 καθ’
481 1459 541 1515 ὃν
563 1458 760 1538 τρόπον
795 1461 842 1518 οἱ
899 1464 1248 1540 πατροκτόνοι
1307 1463 1360 1518 ὲν
1404 1462 1558 1538 βοείῳ
1600 1459 1750 1534 ἆσκῷ
1779 1481 1949 1516 κατα-

303 1544 654 1622 δεσμούμενοι
692 1549 964 1626 ρίπτονται
1024 1550 1161 1607 κατᾶ
1216 1549 1311 1608 τοῦ
1353 1550 1643 1630 πελάγους·
1709 1547 1839 1605 λίθοι
1897 1547 1951 1604 δὲ

304 1634 798 1707 συστιϐαζέσθωσαν
855 1646 933 1714 τῷ
991 1640 1454 1718 ἐσπαργανωμένῳ
1510 1639 1719 1713 σώματι
1770 1637 1948 1711 aluta-5,

2035 742 2246 821 coepit:
2274 741 2442 804 iieu!
2477 740 2761 822 quidnam
2787 741 2901 801 hoc
2926 746 3019 800 est
3039 745 3066 800 ?
3097 737 3182 799 Ne
3208 746 3504 798 mortuum
3529 738 3673 819 qui-

2036 848 2168 891 nem
2197 831 2498 892 hominem
2517 829 2696 892 istum
2717 846 3004 910 superare
3025 845 3365 909 possumus.
3392 826 3676 898 Quinimo

2034 939 2152 1001 quo
2183 923 2406 1000 majore
2441 918 2770 982 acerbitate
2792 920 2851 980 in
2878 937 3013 981 eum
3047 917 3295 996 utimur,
3323 935 3392 977 eo
3417 915 3675 977 efﬁcitur

2034 1010 2374 1090 gloriosior.
2428 1008 2723 1082 Quoniam
2776 1007 2956 1088 igitur
2986 1007 3116 1069 ﬁeri
3150 1025 3268 1067 non
3305 1008 3494 1085 potuit
3524 1012 3588 1066 ut
3614 1005 3678 1067 in

2035 1099 2214 1161 terris
2245 1108 2731 1174 consumeretur,
2763 1097 2824 1160 in
2856 1098 3040 1159 altum
3077 1114 3242 1157 mare
3265 1094 3672 1174 demergatur,

2033 1197 2097 1250 ut
2153 1189 2331 1269 hujus
2389 1187 2651 1258 victoriae
2702 1186 3201 1267 magniﬁcentiam
3255 1202 3420 1244 mare
3471 1183 3670 1264 ipsum

2033 1278 2268 1359 obruat,
2302 1296 2378 1341 ne
2408 1277 2677 1358 quotidie
2703 1276 2984 1338 omnibus
3027 1275 3320 1338 ridiculus
3353 1275 3512 1337 ﬁam.
3549 1275 3675 1336 De-

2024 1367 2272 1448 jiciatur
2300 1378 2531 1447 autem,
2566 1368 3070 1450 quemadmodum
3105 1364 3422 1448 parricidae
3452 1363 3672 1440 solent,

2032 1457 2092 1518 in
2127 1466 2258 1519 utre
2289 1475 2356 1519 ex
2390 1457 2564 1519 bonis
2616 1457 2767 1538 pelle
2797 1456 3069 1519 confecto
3114 1454 3441 1528 inclusum,
3476 1453 3671 1515 saxis-

2032 1565 2150 1626 que
2177 1547 2405 1625 magnis
2435 1546 2744 1626 illigatum,
2775 1548 2905 1626 ejus
2928 1545 3181 1608 cadaver
3208 1545 3264 1606 in
3297 1545 3482 1606 altum
3508 1561 3672 1606 mare

2036 1635 2438 1715 demergatur,
2499 1655 2754 1718 cumque
2805 1645 2996 1698 nautae
3046 1636 3159 1716 ipsi
3205 1636 3454 1696 multum
3490 1635 3674 1697 maris

301 1727 391 1782 καὶ
451 1727 539 1783 ὅτε
575 1726 832 1786 πλεῖστον
883 1729 967 1786 ἐπὶ
1009 1730 1074 1786 τὰ
1129 1731 1266 1808 βάθη
1331 1729 1600 1805 διάστημα
1628 1726 1848 1784 ἔλθωσιν
1905 1729 1944 1784 οἳ

2033 1727 2290 1808 spatium
2327 1728 2638 1806 tranarint,
2673 1727 2732 1788 in
2756 1728 2946 1789 undas
2979 1727 3477 1807 profunrlissimas
3500 1725 3670 1788 istius

303 1817 514 1895 ναῦται,
573 1815 945 1897 ἰκριψάτωσαν
1009 1819 1168 1876 αὐτόν
1224 1835 1340 1885 τοῖς
1391 1820 1643 1896 κύμασιν,
1700 1815 1845 1880 ὅπως
1905 1817 1944 1873 01

2035 1814 2297 1877 hominis
2322 1816 2574 1879 cadaver
2599 1815 2911 1896 dejiciant,
2961 1824 3024 1877 ut
3068 1817 3116 1877 si
3159 1815 3317 1896 quod
3363 1814 3672 1876 Vincentii

301 1910 410 1963 τῶν
462 1906 664 1986 ἰχθύων
697 1906 872 1983 ἄσιτοι
907 1907 960 1964 εἴ
1015 1909 1116 1965 πού
1156 1929 1206 1965 τι
1250 1909 1590 1985 ἆστιάρακτον
1619 1906 1653 1974 ἢ
1714 1906 1944 1986 τραύμα-

2034 1904 2372 1966 membrum
2414 1907 2710 1987 reliquum
2744 1915 2856 1981 est,
2901 1905 3051 1968 illud
3083 1906 3280 1986 pisces
3314 1914 3674 1967 consumant

298 2017 390 2059 τος
465 1994 736 2074 ἐλεύθερον
779 1999 840 2055 τὸ
895 1999 1060 2078 τυχὸν
1105 2003 1249 2073 αὒτῷ
1305 1997 1468 2073 μέλος
1537 1994 1938 2070 ὑπολέλειπται,

2028 2004 2084 2057 et
2115 1993 2426 2056 devorent.
2460 1994 2663 2078 Itaque
2715 1997 2992 2078 pretiosae
3043 1996 3318 2076 martyris
3367 1992 3668 2075 reliquiae,

302 2082 598 2152 λάπτοντες
627 2087 897 2162 ὶπιμόνως
930 2089 1196 2148 καὶτοῦτο
1225 2085 1666 2149 καταναλώσωσι.

2036 2083 2190 2146 sicut
2219 2083 2499 2147 Datianus
2523 2087 2808 2168 jussnat,
2835 2087 3134 2149 conclusae
3167 2092 3328 2148 sunt.

385 2176 471 2259 (1)
535 2177 639 2238 Καὶ
669 2177 853 2247 ἐπειδὴ
908 2181 974 2237 τὰ
1003 2193 1240 2261 χερσαῖα
1289 2179 1445 2258 θηρία
1501 2177 1705 2254 μᾶλλον
1749 2176 1948 2256 ἀδρανῆ
2005 2179 2103 2246 τὴν
2135 2182 2226 2238 τοῦ
2280 2181 2529 2256 σώματος
2585 2179 2748 2259 φειδὼ
2792 2183 3104 2254 πεποίηται,
3139 2179 3277 2236 ἀλλὰ
3309 2183 3432 2257 γοῦν
3488 2184 3671 2247 κητῶν

300 2267 574 2345 ἂκορέστῳ
653 2289 882 2344 στοματι
936 2291 1402 2345 κατατεμνόμενον
1472 2269 1615 2326 ἅπαν
1687 2266 2112 2332 ἀναλωθήσεται⁹
2190 2270 2233 2325 εἰ
2303 2268 2356 2326 δὲ
2411 2272 2498 2326 καὶ
2566 2269 2732 2337 ξένοις
2795 2269 3058 2349 αἰγιαλοῖς
3130 2268 3505 2346 προσπελάσας
3577 2269 3670 2325 ἐκ-

301 2357 608 2436 ριφήσεται,
672 2363 742 2434 τῇ
811 2357 1148 2435 ἐπαναλήψει
1206 2358 1300 2416 καί
1361 2372 1480 2421 τοῖς
1550 2356 1785 2422 διαύλοις
1857 2361 1962 2412 τῶν
2041 2359 2290 2432 κυμάτων
2354 2361 2698 2439 φορούμενος,
2772 2359 3055 2423 σκοπέλοις
3128 2361 3468 2438 προσραγεὶς,
3529 2360 3668 2433 μήτε

296 2447 470 2504 θανὼν
531 2447 759 2526 ἡσυχίας
816 2446 1075 2512 τεύξεται.
1137 2447 1272 2506 Ἰδοὺ
1331 2447 1492 2506 πάλιν
1558 2447 1607 2504 τί
1667 2444 1816 2525 δρᾷς,
1871 2446 1916 2500 ὦ
1965 2445 2175 2512 άληθῶς
2234 2448 2288 2504 ἐν
2346 2452 2499 2524 σαρκὶ
2557 2448 2814 2522 διάϐολε;

298 2538 387 2593 καὶ
439 2535 494 2593 ἐν
523 2541 601 2610 τῷ
656 2541 755 2603 τῆς
802 2537 964 2614 ὑγρᾶς
1023 2541 1278 2617 στοιχείῳ
1310 2537 1514 2613 μᾶλλον
1573 2533 1956 2614 ὶπιδοξδτερον.
2020 2537 2115 2593 Καὶ
2165 2533 2230 2603 δὴ
2286 2536 2609 2612 ἐμϐάλλεται
2655 2549 2713 2595 τὸ
2747 2540 2902 2616 ἅγιον
2951 2539 3038 2594 καὶ
3069 2537 3360 2612 πολύτιμον
3415 2535 3664 2611 λείψαδον

295 2632 389 2682 τοῦ
445 2625 726 2703 μάρτυρος,
759 2627 934 2691 καθὼς
992 2626 1312 2705 προσέταξεν
1345 2629 1372 2684 ὁ
1427 2623 1696 2704 ἱερόσυλος
1751 2623 2006 2686 Δατιανὸς
2043 2623 2096 2680 ἐν
2151 2632 2228 2699 τῷ
2286 2627 2575 2703 ὲρούγκλῳ,
2638 2629 2791 2686 ’Ἐστι
2840 2627 2894 2683 δὲ
2954 2630 2980 2683 ὁ
3039 2625 3320 2704 ἕρουγκλος
3352 2625 3566 2702 πλέγμα
3609 2649 3665 2684 τι

298 2711 616 2793 σπυριδ·ἶ›δες
679 2716 750 2778 είς
810 2715 1012 2775 σάκκου
1068 2721 1264 2796 σχῆμα
1330 2713 1824 2788 ἀναπεποιημένον,
1889 2711 2149 2787 ἐπίμηκές
2226 2736 2283 2772 τε
2353 2718 2440 2772 καὶ
2499 2720 2702 2792 στενὸν,
2759 2715 2887 2794 ὅπερ
2944 2723 3010 2791 τῇ
3071 2709 3332 2782 Ἐλληνίδι
3407 2713 3666 2788 διαλέκτῴ

293 2807 344 2861 οἱ
397 2804 630 2861 ναυτικοὶ
696 2803 915 2860 εἰώθασι
988 2805 1399 2883 προσαγορεύειν
1470 2806 1654 2877 κὸϊκα,
1716 2798 2020 2870 ἐπιτήδειον
2075 2805 2152 2875 τῷ
2209 2803 2518 2880 βουλομένῳ
2567 2809 2628 2862 τὸ
2694 2813 2929 2863 τοιοῦτον
2987 2813 3193 2878 σκεῦος,
3255 2805 3339 2860 καὶ
3397 2807 3470 2866 εἷς
3528 2804 3665 2862 ἀλλὰ

294 2891 658 2969 μετακομιδὴν
717 2896 803 2951 καί
862 2894 1009 2951 σίτου
1075 2896 1163 2952 καὶ
1217 2893 1421 2952 λοιπῶν
1475 2893 1766 2972 ἀγωγίμων
1823 2895 1929 2946 τῶν
1990 2892 2120 2967 πρὸς
2183 2895 2346 2950 πλοῦν
2418 2898 2491 2961 εἰς
2548 2901 2691 2968 ζωῆς
2737 2897 2986 2952 σύστασιν
3044 2895 3400 2973 ἐπιφέρεσθαι.
3459 2886 3550 2960 (Ως
3608 2895 3664 2955 δὲ

293 2981 568 3040 συνθλιᾶν
624 2984 684 3040 τὸ
740 2986 896 3059 σῶμα
953 2991 1046 3041 τοῦ
1103 2984 1402 3063 ἆγωνιστοῦ
1454 2983 1788 3061 κατηγγίσθη
1850 2979 1923 3044 εἷς
1989 2980 2072 3035 τὸν
2129 2979 2420 3058 λεγόμενον
2468 2985 2652 3059 κόϊκα,
2700 2999 2821 3052 ταῖς
2878 2985 3240 3063 καταῤῥαφατς
3298 2983 3464 3048 οὕτως
3536 2988 3664 3044 αὒτὸ

2871 2462 3048 2514 ποιεῖς
3111 2449 3208 2525 γὰρ
3280 2450 3370 2503 τὸν
3430 2446 3666 2514 ἀθλητὴν

292 3072 785 3153 κατησφαλίσαντο,
838 3075 908 3140 ὡς
967 3073 1197 3151 νομίζειν
1260 3074 1611 3155 πεφοὸεϊσθαι
1670 3073 1757 3128 τὸν
1823 3069 2100 3143 Δανιανὸν,
2150 3071 2228 3144 μή
2285 3075 2346 3129 τὸ
2403 3074 2653 3152 λείψανον
2711 3075 3038 3154 δραπετεόσῃ
3081 3075 3170 3130 καὶ
3229 3071 3527 3152 καταλείψῃ
3569 3078 3664 3134 τὸν

294 3163 480 3220 κόϊκα.

380 3255 472 3319 κ’.
518 3255 640 3312 Ἐπὶ
669 3257 874 3319 τούτοις
918 3255 974 3313 δὲ
1018 3257 1295 3336 παρελθὼν
1341 3259 1476 3336 ἀνὴρ
1519 3279 1600 3322 τις
1648 3254 1943 3331 Εὒμόρφιος

2109 3251 2231 3316 XX.
2267 3259 2410 3319 Cum
2451 3275 2586 3319 vero
2617 3257 2861 3320 athleta:
2913 3269 2968 3318 et
3017 3255 3288 3336 martyris
3323 3273 3540 3336 corpus
3579 3259 3662 3322 ita

291 3345 550 3419 τούνομα,
581 3343 770 3420 λοιμὸς
824 3347 925 3414 τὴν
982 3347 1230 3424 γνώμὰν,
1265 3349 1351 3404 καὶ
1408 3349 1510 3414 τὴν
1560 3346 1745 3425 ψυχὴν
1795 3342 1940 3421 ἱερό-

295 3432 479 3513 συλος,
537 3434 910 3515 καθυπέσχετο
981 3443 1058 3510 τῷ
1126 3441 1358 3515 τυράννῳ
1413 3437 1542 3514 πρὸς
1614 3436 1676 3491 τὸ
1744 3433 1941 3490 οίκεϊον

295 3523 454 3600 μέρος
498 3528 610 3590 ’τῆς
673 3525 883 3587 πόλεως
955 3527 1146 3586 ναύτας
1191 3526 1340 3606 ἔχειν
1383 3525 1650 3588 πιστικοὺς
1711 3523 1795 3578 ἐπὶ
1865 3527 1943 3594 τῷ

296 3627 604 3691 παρασχεῖν
661 3613 846 3680 αὐτοὺς
912 3616 1074 3689 αύτῷ,
1137 3617 1220 3673 καὶ
1280 3614 1397 3672 λίαν
1437 3613 1715 3690 ἁρμοδίους
1767 3612 1941 3690 ὑπάρ-

297 3723 498 3782 χοντας
566 3705 699 3779 πρὸς
773 3705 832 3760 τὸ
918 3703 1333 3779 ἐπιζητούμενον
1402 3711 1644 3783 πρᾶγμα,
1719 3704 1772 3760 ο’ἱ
1856 3703 1942 3757 καὶ

295 3788 547 3846 ἐνέϐαλόν
605 3793 678 3855 εἱς
709 3793 769 3848 τὸ
821 3793 1019 3873 σκάφος
1061 3795 1122 3850 τὸ
1153 3792 1516 3872 μεγαλότιμον
1545 3792 1794 3868 λείψανον
1850 3797 1942 3847 τοῦ

296 3879 598 3956 ἆγιωτάιου
661 3883 925 3960 μάρτυρος
1003 3884 1291 3955 Βιλεντίου,
1353 3894 1438 3940 καί
1535 3885 1622 3939 lani
1691 3888 1940 3938 τοσοῦτον

293 3982 413 4030 τοῖς
458 3967 814 4044 διαστήμασιν
859 3970 1066 4040 ἤλασαν
1113 3971 1195 4029 ἐπὶ
1226 3974 1286 4028 τὸ
1338 3972 1599 4050 πέλαγος,
1630 3971 1767 4028 ὥστε
1818 3973 1938 4034 τοὺς

294 4058 568 4136 αἷγιαλοὺς
627 4064 713 4116 καὶ
770 4062 834 4118 τᾶ
887 4061 983 4139 ὄρη
1043 4067 1149 4118 τῶν
1209 4061 1494 4140 ὀφθαλμῶν
1545 4060 1682 4137 βολῇ
1729 4058 1938 4117 οἴεσθαι

294 4149 484 4211 αὖτοὺς
544 4148 919 4228 ἀπόκρύπτειν⁶
953 4153 1042 4208 καὶ
1098 4151 1284 4208 λοιπὸν
1343 4149 1816 4225 ἆποκεκμηκότες,
1851 4151 1938 4206 ὅτε

293 4235 466 4301 ἔδοξεν
511 4239 702 4300 ἱκανῶς
761 4238 911 4318 ἔχειν
956 4241 1142 4304 αὐτοὺς
1173 4239 1226 4296 ἐν
1284 4246 1353 4317 τῇ
1395 4240 1634 4316 θαλάσσῃ
1679 4241 1766 4297 καὶ
1821 4237 1938 4295 ἐδε-

2025 3345 2373 3407 conclusum
2407 3347 2634 3424 fuisset,
2681 3367 2815 3409 mox
2864 3347 3022 3409 venit
3072 3363 3205 3406 cum
3252 3345 3448 3406 nautis
3478 3347 3659 3409 homo

2025 3433 2262 3507 quidam
2288 3435 2693 3517 Eumorphius
2711 3437 2976 3507 nomine,
3002 3435 3280 3515 pessimis
3308 3436 3664 3514 moribus,et

2025 3525 2224 3584 animo
2251 3527 2680 3608 sacrilego,qui
2698 3527 3057 3606 promiserat
3077 3533 3323 3605 tyranno
3343 3525 3430 3587 illi
3455 3535 3660 3590 nautas

2024 3629 2090 3672 se
2109 3613 2538 3690 adhibiturum,
2555 3616 2740 3697 quiad
2763 3615 3136 3677 exsecrabile
3159 3614 3357 3675 scelus
3384 3619 3662 3682 commit-

2027 3701 2270 3764 tendum
2288 3705 2516 3781 idonei,
2535 3707 2664 3784 ejus
2686 3704 2971 3766 voluntati
2995 3703 3168 3764 facile
3185 3703 3380 3764 obtem
3394 3709 3659 3781 peraturi

2025 3802 2246 3854 essent.
2292 3794 2496 3876 Itaque
2524 3805 2717 3856 nautas
2746 3792 2828 3856 illi
2864 3792 3322 3873 pretiosissimas
3356 3793 3659 3857 Vincentii

2025 3883 2297 3963 martyris
2311 3885 2667 3966 reliquiasin
2689 3884 2968 3962 scapham
2994 3883 3474 3961 conjecerunt,et
3490 3899 3661 3944 eous-

2023 3990 2139 4052 que
2160 3972 2217 4033 in
2241 3974 2426 4036 altum
2449 3993 2613 4036 mare
2637 3974 3006 4052 navigarunt,
3031 3981 3094 4032 ut
3117 3971 3315 4032 littora
3341 3978 3401 4032 et
3427 3979 3660 4035 montes

2023 4061 2332 4124 oculorum
2360 4065 2548 4125 aciem
2579 4063 2850 4144 fugerent
2882 4084 2896 4132 ;
2925 4079 3182 4141 cumque
3213 4059 3271 4121 id
3304 4060 3499 4121 faecre
3531 4062 3656 4122 vel-

2022 4150 2166 4225 lent,
2193 4152 2350 4232 quod
2369 4154 2523 4232 jussi
2546 4153 2804 4224 fuerant,
2839 4159 3072 4214 sanctas
3093 4149 3378 4230 reliquias
3401 4149 3459 4211 in
3493 4168 3657 4214 mare

2028 4240 2434 4321 projecerunt,
2469 4252 2527 4305 et
2551 4243 2723 4305 hilari
2747 4243 2908 4305 vultu
2931 4242 3000 4303 ad
3036 4238 3344 4302 Datianum
3378 4250 3656 4304 reverte-

295 4324 474 4382 δίεσαν
528 4327 606 4400 μὴ
663 4330 736 4393 εἷς
798 4329 978 4406 ἑτέραν
1037 4330 1193 4387 αὒτὸν
1253 4329 1664 4386 ἆποόαστοίσωσι
1723 4327 1942 4404 πατρίδα

2029 4329 2262 4406 bantur,
2297 4333 2466 4414 quasi
2500 4333 2615 4396 laeti
2646 4333 2808 4394 illius
2840 4331 3030 4393 nuntii
3071 4335 3378 4411 praemium
3413 4330 3661 4394 relaturi

296 4417 372 4478 ὡς
404 4418 499 4472 ούκ
541 4414 852 4485 ἠϐούλοντο,
888 4419 949 4474 τὸ
1007 4419 1342 4499 προσταχθὲν
1375 4420 1558 4483 αὖτοτς
1618 4416 1941 4496 ἒπιτε)οὖσι,

2028 4433 2246 4496 essent,
2283 4422 2485 4502 impiis
2517 4431 2573 4483 et
2604 4421 3020 4501 incompositis
3052 4419 3293 4482 vocibus
3317 4426 3492 4500 atque
3515 4421 3661 4482 irri-

298 4506 393 4563 καί
454 4504 695 4563 ἐϐύθισαν
743 4508 900 4564 αὐτὸν
955 4509 1409 4588 παραπέμψαντες
1462 4506 1784 4587 ὑποϐρύχιον
1825 4521 1942 4573 τοῖς

2028 4509 2298 4573 sionibus
2333 4518 2593 4587 utentes,
2645 4515 3154 4591 exsultantesque,
3220 4528 3290 4570 eo
3320 4509 3476 4590 quod
3508 4509 3661 4572 Vin-

299 4596 518 4670 κύμασι.
582 4599 676 4653 Καὶ
725 4595 914 4654 λοιπὸν
955 4599 1258 4674 ὶπανῄεσαν
1301 4599 1431 4675 πρὸς
1481 4600 1735 4654 Δατιανὸν
1775 4597 1944 4674 ἱλαροὶ

2029 4601 2209 4662 centii
2230 4618 2446 4681 corpus
2470 4602 2768 4682 perditum
2811 4601 3040 4662 fuisset.
3076 4599 3194 4662 Sed
3221 4599 3565 4680 priusquam
3597 4601 3663 4663 in

297 4698 416 4750 τοῖς
475 4686 803 4759 προσώποις,
834 4686 908 4752 ὥς
965 4687 1400 4762 ἐπικομιζόμενοι
1431 4693 1604 4767 χαρᾷς
1663 4687 1943 4765 εὐαγγέλια

2028 4689 2255 4751 aridam
2281 4699 2499 4754 terram
2522 4689 2750 4752 reversi
2773 4698 2996 4762 essent,
3018 4690 3122 4770 qui
3148 4691 3424 4767 martyris
3445 4707 3666 4772 corpus

300 4772 552 4850 μέγιστα,
591 4783 1085 4852 καταστρηνῶντες,
1131 4779 1206 4838 ὡς
1255 4777 1438 4838 είωθὸς
1481 4776 1693 4837 ναύταις
1727 4777 1942 4834 εἰκότως

297 4859 598 4936 δυσσεεεϊν,
631 4878 836 4942 φωναῖς
888 4865 1135 4929 ἀτάκτοις
1166 4866 1254 4921 καὶ
1297 4867 1502 4942 κρότοις
1559 4873 1941 4946 συναπηχοῦν-

301 4971 414 5016 σεςο
450 4950 610 5008 πλέον
669 4951 723 5008 δὲ
782 4961 874 5011 τοῦ
949 4952 1150 5015 δέοντος
1213 4956 1538 5032 κατήπειγον
1596 4955 1810 5020 ἑαυτοὺς
1869 4964 1944 5031 τῷ

303 5041 457 5121 τάχει
503 5042 588 5096 επὶ
638 5043 728 5098 τὸν
787 5042 1047 5122 ἄρχοντα,
1083 5043 1278 5117 μήπως
1325 5042 1491 5119 ἕτεροι
1548 5043 1943 5123 ὓποφοᾶταντες

2030 4780 2086 4840 in
2116 4799 2276 4841 mare
2300 4781 2705 4860 projecerant,
2728 4779 2876 4842 illud
2900 4779 3124 4860 ipsum,
3149 4777 3307 4860 quod
3334 4780 3665 4858 proiectum

2027 4867 2239 4942 fuerat,
2292 4869 2512 4933 Christi
2565 4887 2742 4932 manu
2792 4871 2865 4931 ad
2919 4878 3138 4930 terram
3183 4869 3498 4949 appulsam
3531 4871 3664 4947 fuit,

2029 4958 2309 5039 quoique
2366 4957 2808 5022 arbitrabantur
2837 4959 2897 5019 in
2947 4959 3128 5019 altum
3184 4967 3242 5018 et
3301 4958 3664 5022 immensum

2029 5047 2273 5127 pelagus
2303 5048 2646 5109 demersum
2679 5047 2882 5122 fuisse,
2917 5047 3063 5109 illud
3116 5066 3249 5108 cum
3295 5054 3432 5107 ante
3459 5048 3662 5110 oculos

300 5131 362 5185 τὸ
421 5132 562 5203 αὗτῷ
618 5130 969 5208 ἁποργείλωσι
1028 5132 1371 5206 καταθύμιόν,
1404 5135 1464 5187 τὸ
1500 5133 1830 5212 ἀνάρπαστον
1886 5137 1944 5193 ἐκ

2028 5156 2167 5198 suos
2201 5138 2532 5217 expositum
2560 5137 2868 5212 vidissiznt,
2901 5138 3065 5216 quasi
3099 5135 3367 5198 debitum
3401 5137 3662 5217 sepulcri

296 5225 402 5274 τῶν
433 5219 720 5297 όφθαλμὼν
753 5222 966 5279 πάντων
997 5221 1271 5300 γεγονέναι
1329 5222 1418 5275 τὸν
1454 5223 1739 5282 Βικέοτιον.
1778 5225 1944 5283 Ἀλλὰ

2028 5225 2316 5287 honorem
2370 5225 2730 5304 postularet,
2783 5235 3026 5306 stupore
3077 5235 3134 5286 et
3182 5233 3336 5286 metu
3371 5227 3660 5308 correpti,

296 5309 396 5386 γὰρ
439 5310 560 5365 καθ’
617 5309 644 5364 ὃ
675 5307 872 5366 δίκαιον
929 5310 1145 5390 ὑπῆρχέ
1189 5329 1244 5365 τε
1303 5311 1411 5366 καὶ·
1446 5308 1614 5392 ὅσιον⁷
1651 5319 1781 5392 πρὶν
1838 5315 1941 5373 ἐπ-

2028 5315 2144 5377 illis
2169 5315 2313 5397 ipsis
2335 5315 2608 5396 reliquiis
2637 5315 2962 5390 derelictis,
2999 5315 3293 5378 abierunt.

301 5573 473 5718 ΕΙ)ξέ
506 5572 902 5722 giqamultum
958 5576 1142 5641 variat
1173 5581 1356 5644 codex
1389 5587 1594 5643 noster
1623 5583 1696 5647 ab
1728 5584 1893 5648 edito
1941 5584 2171 5661 Latino,
2209 5591 2269 5646 et
2299 5583 2516 5668 passim
2550 5585 2783 5650 auctior
2812 5591 2902 5648 cst
2952 5604 3140 5670 usque
3169 5585 3242 5648 ad
3277 5587 3458 5649 ﬁnem
3489 5583 3665 5656 Vitae.
