4104 6198
1006 657 1188 768 DE
1286 658 1400 781 S.
1519 654 2256 767 TIMOTHEO
2364 661 3086 772 APOSTOLO

1424 887 1790 955 EPISCOPO
1834 888 2224 968 EPHESINO,
2271 889 2660 955 MABTYRE.

652 1071 818 1143 (Anno
850 1069 1038 1140 Christi
1070 1067 1162 1142 97,
1195 1069 1280 1126 die
1308 1069 1379 1125 22
1408 1069 1636 1128 Januarii
1667 1069 1796 1142 apud
1828 1069 2053 1132 Graecos,
2082 1067 2212 1141 apud
2254 1068 2460 1126 Latinos
2489 1068 2569 1126 die
2598 1070 2669 1127 24
2703 1092 2716 1137 ;
2751 1071 2987 1132 Bolland.
3019 1073 3080 1130 ad
3113 1076 3241 1131 hanc
3271 1074 3448 1144 diem.)

770 1433 798 1512 §
834 1433 882 1495 Ι.
926 1431 990 1496 S.
1026 1429 1322 1494 Timothei
1352 1430 1602 1495 natalis.

454 1543 475 1606 l
515 1540 704 1603 Latini
739 1539 1008 1621 plerique
1033 1540 1182 1619 (non
1214 1548 1434 1614 tamen,
1469 1537 1627 1620 quod
1653 1534 2011 1599 existimavit

363 1630 685 1702 Baronius,
718 1646 953 1702 omnes,
991 1637 1052 1690 ut
1084 1646 1218 1689 mox
1269 1627 1566 1709 dicemus)
1611 1625 1674 1690 S.
1708 1624 2008 1688 Timothei

369 1721 626 1784 natalem
649 1717 829 1782 XXIV
851 1718 1118 1780 Januarii
1143 1715 1449 1779 celebrant
1468 1766 1481 1781 .
1511 1717 1727 1796 Opera
1749 1712 2006 1795 pretium

369 1819 459 1874 est
485 1829 554 1873 ex
585 1809 810 1890 aliquot
837 1807 1296 1889 Martyrologiis,
1322 1825 1452 1888 qua
1482 1805 1555 1868 de
1579 1823 1649 1867 eo
1675 1802 2010 1884 pradican-

371 1910 490 1975 tur,
526 1899 910 1980 depromere,
937 1897 1154 1979 quibus
1186 1895 1419 1978 reliqua
1443 1895 1519 1958 de
1553 1914 1623 1956 eo
1655 1894 1909 1956 dicenda
1935 1892 2010 1953 il-

367 1992 720 2055 lustrantur.
755 1988 942 2049 Vetus
975 2005 1116 2066 ergo
1158 1988 1496 2050 Romanum
1530 1982 2009 2065 Martyrologium

370 2081 455 2141 ita
493 2077 672 2141 habet
709 2100 722 2140 :
765 2099 792 2137 ‹
826 2076 1050 2156 Ephesi
1081 2074 1381 2140 Timothei
1411 2073 1685 2155 apostoli.
1727 2099 1746 2128 ι
1790 2070 2009 2134 Eadem

374 2169 435 2231 in
480 2167 658 2230 variis
690 2185 834 2231 mss.
869 2166 1173 2247 leguntur,
1208 2182 1461 2246 quorum
1511 2161 1780 2245 quaedam
1831 2159 2011 2222 Beda

369 2258 965 2340 praferuntnomen.
1023 2263 1084 2318 et
1133 2255 1194 2316 in
1246 2253 1553 2316 nonnullis
1601 2252 1714 2315 sub
1764 2249 2010 2340 nomine

367 2339 624 2415 Usuardi
647 2346 851 2420 editis;
875 2346 932 2406 in
952 2345 1188 2408 Bellino
1210 2361 1470 2424 quoque,
1492 2339 2005 2415 Babano,Adone:

366 2450 458 2502 ast
488 2438 587 2500 hic
620 2438 678 2498 in
709 2435 918 2498 libello
963 2434 1041 2496 de
1085 2432 1499 2496 festivitatibus
1537 2430 2004 2512 Apostolorum:

372 2551 400 2589 ι
432 2527 662 2594 Natalis
693 2525 756 2588 S.
791 2523 1092 2587 Timothei
1125 2521 1406 2605 discipuli
1436 2521 1504 2585 B.
1531 2519 1698 2583 Pauli
1729 2517 2004 2598 apostoli,

365 2618 468 2699 qui
517 2616 673 2698 apud
720 2614 1021 2696 Ephesum
1053 2632 1086 2675 a
1137 2612 1313 2677 beato
1346 2611 1637 2693 Apostolo
1689 2609 2010 2699 episcopus

2027 1433 2066 1482 Α
2092 1443 2289 1490 rorem
2321 1437 2632 1513 arguebat,
2660 1447 2714 1501 et
2746 1445 2807 1500 ut
2838 1456 2871 1499 a
2903 1449 3018 1500 tam
3052 1438 3225 1500 radis
3256 1438 3426 1501 factis
3473 1440 3730 1503 desiste-

2091 1529 2228 1582 rent
2261 1522 2626 1593 hortabatur.
2663 1527 2848 1602 Quem
2873 1526 3039 1608 impii
3070 1527 3328 1588 fustibus
3359 1536 3670 1590 contusum
3700 1547 3733 1590 e

2095 1611 2292 1675 medio
2322 1617 2715 1679 sustulerunt.
2751 1617 3134 1679 Postmodum
3166 1626 3364 1678 autem
3392 1636 3576 1679 sacra
3599 1618 3731 1698 ejus

2093 1700 2363 1782 reliquia
2413 1706 2986 1786 Constantinopolim
3032 1707 3330 1768 translata
3370 1716 3529 1781 sunt,
3581 1709 3731 1769 etin

2095 1793 2315 1872 templo
2371 1792 2726 1856 Sanctorum
2781 1797 3199 1876 Apostolorum
3253 1795 3589 1872 collocatae,
3630 1794 3731 1857 ubi

2095 1879 2386 1943 solemnis
2418 1884 2548 1964 ejus
2585 1886 2781 1965 agitur
2813 1893 3122 1948 memoria.

2176 1998 2233 2058 3.
2271 1998 2486 2062 Eadem
2524 2001 3140 2084 babetAnthologium
3177 2003 3513 2067 Gracorum
3540 2023 3570 2067 a
3602 2005 3735 2068 Cle-

2097 2095 2296 2150 mente
2326 2088 2454 2153 VIII
2495 2092 2905 2172 approbatum,
2941 2103 3000 2156 et
3041 2092 3323 2156 Maximus
3355 2093 3730 2173 Cytheraus.

2092 2178 2170 2239 At
2200 2178 2362 2257 quod
2387 2182 2820 2262 conscripsisse
2843 2183 3225 2263 Evangelium
3262 2183 3500 2258 dicitur,
3525 2184 3581 2245 id
3607 2185 3736 2264 qui-

2094 2265 2228 2327 dem
2262 2267 2405 2330 alibi
2438 2270 2592 2332 haud
2626 2273 2896 2352 legimus.
2934 2271 3156 2334 Citatur
3181 2273 3585 2354 apocryphum
3620 2276 3731 2338 Ni-

2095 2356 2328 2418 codemi
2366 2358 2747 2438 Evangelium
2782 2384 2794 2425 :
2827 2362 2960 2424 aliis
2989 2380 3228 2442 quoque
3273 2362 3529 2442 ascripta
3560 2363 3727 2445 olim,

2093 2464 2225 2525 qua
2274 2449 2346 2508 ab
2407 2451 2614 2512 otiosis
2668 2453 2999 2533 composita
3050 2452 3396 2514 hominibus
3427 2461 3618 2519 erant,
3653 2453 3729 2515 de

2093 2535 2312 2614 quibus
2355 2539 2483 2600 fuse
2532 2541 2823 2602 Baronius
2857 2551 2998 2603 tom.
3033 2545 3054 2604 I
3086 2542 3155 2603 ad
3192 2561 3291 2603 an.
3325 2542 3438 2614 44;
3479 2549 3540 2602 at
3577 2543 3726 2604 nihil

2091 2623 2269 2686 isthic
2293 2627 2368 2689 de
2392 2627 2731 2691 Timotheo.
2760 2630 3051 2692 Fortassis
3086 2631 3395 2712 Evangelii
3427 2632 3733 2712 conscrip-

365 2697 695 2812 ordinatus,
731 2714 864 2786 post
907 2704 1126 2766 multos
1173 2700 1589 2812 proHCbristq‘
1617 2717 1839 2812 agones
1867 2697 2007 2759 dor-

2095 2715 2770 2812 Ξοΐηῇἰνςσυγγρκφεύς,
2818 2720 3059 2812 dicitur,
3119 2697 3284 2812 quod
3332 2740 3465 2784 cum
3499 2697 3730 2812 Joanrie

365 2799 554 2860 mivit.
589 2797 774 2874 Cujus
809 2812 1028 2882 corpus
1059 2811 1194 2854 cum
1227 2791 1529 2882 reliquiis
1547 2791 1615 2851 Β.
1663 2788 1922 2882 Andreae
1952 2796 2008 2848 et
2030 2797 2070 2849 Β
2093 2788 2467 2860 familiariter
2493 2788 2784 2862 ’ὑένέδτυέ
2814 2788 3058 2882 Ephesi,
3095 2788 3272 2863 ιιείυηι
3327 2802 3724 2882 evangelista-

368 2888 570 2958 Luca,
602 2885 888 2946 vicesimo
921 2881 1253 2946 Constantii
1283 2900 1441 2944 anno
1492 2877 2002 2957 Constantinopo-

365 2976 470 3037 lim
499 2974 851 3036 translatum
880 2981 990 3034 est.
1021 2994 1048 3030 ι
1075 2970 1297 3034 Eadem
1324 2970 1504 3033 habet
1532 2968 1693 3032 Beda
1717 2967 2002 3044 vulgatus,

363 3064 688 3140 Notkerus,
723 3072 783 3125 et
815 3079 958 3124 mss.
1013 3060 1296 3141 plurima.
1353 3057 1831 3140 Martyrologium
1883 3054 2004 3116 Ro-

370 3172 655 3218 manum:
701 3178 726 3206 α
755 3150 981 3216 Natalis
1012 3148 1075 3211 S.
1110 3147 1408 3210 Timothei
1442 3147 1722 3228 discipuli
1745 3146 1817 3209 B.
1841 3144 2009 3207 Pauli

363 3242 645 3324 apostoli,
679 3241 781 3322 qui
815 3241 887 3301 ab
918 3237 1135 3300 eodem
1173 3237 1395 3319 Ephesi
1429 3236 1736 3298 ordinatus
1766 3235 2005 3314 episco-

368 3351 500 3412 pus,
526 3339 660 3414 post
691 3329 911 3392 multos
943 3347 1047 3410 pro
1074 3327 1309 3392 Christo
1341 3343 1589 3406 agones,
1624 3342 1758 3386 cum
1807 3324 2009 3414 Diana

364 3413 747 3484 immulantes
795 3426 1099 3499 argueret,
1153 3415 1456 3497 lapidibus
1507 3413 1778 3487 obrutus,
1833 3413 2006 3491 paulo

366 3520 501 3594 post
530 3509 893 3572 obdormivit
926 3510 982 3570 in
1021 3506 1296 3594 Domino.
1335 3528 1364 3565 ›

446 3602 509 3664 2.
542 3597 730 3663 Graci
771 3615 908 3658 vero
951 3595 1108 3659 XXII
1137 3593 1427 3665 Januarii,
1464 3613 1579 3674 quo
1612 3593 2010 3672 interemptus

365 3700 481 3764 est,
509 3689 583 3750 de
611 3709 682 3750 eo
713 3695 914 3763 agunt.
950 3687 1079 3759 Quo
1104 3685 1202 3747 die
1223 3684 1447 3747 Menaa
1486 3703 1500 3744 :
1539 3704 1568 3742 ‹
1601 3681 1800 3745 Sancti
1833 3699 2009 3763 apos-

374 3778 504 3840 tolli
535 3774 862 3852 Timothei,
895 3773 1170 3853 discipuli
1205 3775 1267 3836 S.
1302 3770 1467 3833 Pauli
1498 3770 1778 3851 apostoli.
1813 3790 1840 3828 ›

446 3889 679 3947 Amore
710 3885 1075 3945 divinarum
1109 3880 1460 3943 Timotheus
1490 3894 1885 3956 coronarum,

445 3965 737 4028 Fastibus
765 3981 958 4026 casus
990 3964 1181 4024 tinxit
1216 3968 1446 4023 terram
1478 3959 1803 4036 sanguine.

368 4074 548 4136 Ortus
581 4070 676 4131 bic
706 4069 814 4131 fuit
845 4087 915 4130 ex
949 4069 1150 4148 Lystra
1177 4065 1353 4144 urbe,
1379 4074 1547 4148 patre
1567 4063 1795 4144 gentili,
1819 4071 2010 4125 matre

2088 2901 2218 2946 rum
2253 2887 2631 2969 aliorumque
2678 2900 3023 2952 sanctorum
3073 2892 3337 2953 virorum
3393 2892 3468 2955 de
3513 2891 3730 2955 Christi

2088 2977 2268 3037 rebus
2298 2983 2482 3054 gestis
2518 2981 3000 3051 commentarios,
3038 2981 3368 3060 collegerit,
3402 3001 3551 3062 quos
3593 2982 3732 3044 dein

2089 3067 2507 3144 recognovisse
2538 3087 2606 3130 ac
2637 3068 2955 3148 digessisse
2989 3071 3251 3132 Joannes
3291 3069 3526 3132 dicitur.

2171 3183 2229 3245 4.
2264 3181 2486 3246 Eodem
2535 3183 2692 3248 XXII
2745 3185 2844 3248 die
2886 3185 3152 3249 Januarii
3212 3206 3346 3249 eum
3399 3186 3732 3262 Usuardus,

2090 3271 2484 3351 Mavrolycus,
2518 3272 2880 3347 Galesinius,
2914 3277 3212 3348 Canisius,
3249 3277 3468 3358 aliique
3491 3276 3736 3338 Latino-

2090 3379 2218 3421 rum
2237 3361 2527 3444 referunt;
2557 3365 2795 3444 quidam
2835 3375 3086 3447 utroque
3128 3367 3245 3430 die.
3291 3367 3598 3428 Usuardus
3623 3370 3730 3430 ista

2092 3449 2291 3512 habet:
2316 3476 2341 3506 α
2361 3453 2583 3514 Natalis
2611 3457 2673 3517 S.
2699 3453 2998 3517 Timothei
3019 3456 3299 3538 discipuli
3323 3457 3390 3518 Β.
3419 3458 3601 3519 Pauli.
3623 3458 3733 3520 Hic

2090 3540 2164 3602 ab
2195 3540 2409 3626 eodem
2445 3543 2730 3626 Apostolo
2762 3545 3078 3626 episcopus
3108 3546 3345 3626 Epheso
3394 3547 3733 3618 ordinatus,

2093 3630 2203 3683 est.
2235 3645 2257 3677 υ
2287 3622 2626 3685 Calesinius
2657 3622 2916 3687 breviter
2942 3622 3182 3686 omnem
3215 3627 3346 3705 ejus
3376 3628 3551 3688 vitam
3577 3647 3736 3689 com-

2093 3710 2302 3789 plexus
2323 3719 2450 3774 est:
2484 3711 2734 3791 «Ephesi
2758 3715 2820 3776 S.
2851 3713 3175 3790 Timothei,
3199 3715 3268 3778 Β.
3295 3715 3459 3778 Pauli
3481 3716 3734 3796 apostoli

2098 3798 2400 3879 discipuli.
2429 3803 2484 3863 Is
2514 3801 2734 3881 Lystris
2767 3803 2825 3863 in
2864 3804 3154 3882 Lycaonia
3187 3813 3383 3884 natus,
3416 3825 3449 3865 a
3482 3805 3736 3884 pueritia

2093 3888 2152 3949 in
2175 3889 2364 3949 sacris
2387 3889 2604 3951 litteris
2636 3901 2691 3952 et
2717 3891 2936 3972 pietate
2959 3893 3227 3953 eruditus
3254 3913 3269 3966 ;
3301 3913 3420 3975 quo
3464 3901 3735 3972 tempore

2092 3977 2397 4056 apostolus
2419 3979 2632 4040 Paulus
2657 3999 2724 4040 eo
2749 3980 2930 4061 venit,
2957 3981 3316 4058 religionem
3339 3980 3732 4045 Christianam

2093 4067 2315 4142 coluit;
2350 4076 2551 4147 utpote
2573 4087 2707 4129 cum
2735 4078 2985 4131 matrem
3013 4068 3296 4132 Eunicem
3325 4071 3735 4150 haberet,mu-

360 4162 588 4232 Judaa,
616 4159 712 4219 cui
738 4158 968 4219 Eunice
1001 4176 1241 4218 nomen.
1271 4155 1615 4234 Discipulus
1637 4151 1704 4216 Β.
1738 4152 2004 4232 apostolo
2023 4152 2066 4207 α
2091 4157 2296 4218 lierem
2316 4155 2456 4220 Jesu
2481 4157 2852 4222 Christiﬁdei
2878 4161 3075 4220 studio
3102 4162 3474 4236 ﬂagrantem.
3498 4160 3737 4224 Pervul-

364 4251 548 4315 Paulo
569 4250 782 4321 lactus,
803 4248 1180 4326 conscriptor
1203 4244 1385 4306 divini
1416 4242 1716 4321 Evangelii
1736 4251 1792 4302 et
1811 4259 2005 4322 praco

363 4339 589 4403 exstitit
617 4356 631 4401 :
661 4337 873 4401 Joanni
896 4355 1136 4417 quoque
1157 4354 1278 4416 pra
1300 4346 1402 4395 cat
1417 4332 1536 4393 eris
1554 4350 1587 4392 a
1607 4330 1839 4393 Christo
1859 4330 2009 4392 dile-

363 4439 458 4492 cto
485 4428 744 4491 convixit
776 4447 788 4489 :
819 4437 1002 4503 atque
1026 4427 1098 4486 ab
1127 4425 1255 4505 ipso
1284 4421 1556 4501 apostolo
1580 4420 1761 4482 Paulo
1783 4418 2006 4499 Ephesi

364 4519 686 4599 episc0pus
716 4515 1030 4577 ordinatus
1061 4525 1172 4576 est.
1213 4515 1533 4592 Pestqtzam
1564 4508 1722 4571 enim
1762 4509 1849 4588 (ut
1881 4511 2004 4571 Ire-

366 4626 532 4669 naus
564 4603 980 4684 Lugdunensis
1021 4609 1341 4683 epicopus
1394 4599 1658 4678 tradidit,
1701 4609 1762 4659 et
1795 4599 2008 4676 passim

363 4715 648 4759 sermone
669 4693 1036 4771 celebratur)
1053 4691 1320 4755 Joannes
1338 4709 1369 4751 e
1394 4689 1538 4750 mari
1559 4688 2012 4768 ejectus,Ephe-

366 4805 555 4868 soque
612 4783 887 4846 redditus
940 4790 1072 4852 est;
1135 4799 1202 4842 ac
1256 4779 1478 4840 deinde
1531 4778 1652 4868 sub,
1677 4776 2010 4839 Domitiano

367 4865 638 4955 principe
691 4873 748 4933 in
806 4875 1072 4934 I’atmum
1123 4869 1378 4931 insulam
1427 4865 1592 4928 exsul
1623 4865 2006 4946 deportatus;

364 4967 581 5028 Beatus
605 4965 699 5026 hic
723 4961 1075 5023 Timotheus
1102 4957 1423 5039 Ephesina
1445 4955 1728 5018 Ecclesia
1750 4957 2006 5036 prafuit.

364 5057 508 5120 Cum
525 5071 664 5113 vero
691 5049 1046 5112 idololatria
1065 5049 1222 5110 diem
1249 5047 1570 5127 quemdam
1591 5045 1829 5120 festum,
1848 5047 2005 5120 quod

367 5144 742 5221 Καταγώγιον,
801 5140 859 5201 id
919 5151 1034 5211 est,
1098 5137 1544 5208 deductionem,
1607 5133 2002 5212 appellabant,

366 5233 549 5296 Ehesi
585 5238 772 5310 patrio
805 5229 919 5290 ritu
955 5229 1290 5307 agitarent;
1340 5223 1500 5285 idola
1550 5223 1790 5303 quidem
1827 5243 2008 5285 manu

365 5330 689 5402 gestantes,
727 5329 784 5379 et
812 5319 989 5379 larvis
1036 5314 1397 5398 quibusdam
1451 5320 1551 5372 aut
1602 5314 1877 5391 personis
1909 5314 2006 5374 in-

253 5438 262 5443 '
366 5401 517 5484 duti,
551 5418 609 5470 et
642 5410 699 5470 in
744 5408 836 5471 his
869 5408 1277 5480 decantantes,
1312 5413 1491 5484 atque
1522 5401 1583 5463 in
1631 5401 1785 5462 viros
1817 5422 1885 5464 ac
1915 5406 2007 5464 fe-

2090 4255 2221 4326 gata
2269 4246 2398 4325 ejus
2431 4247 2830 4309 adolescentis
2867 4256 3142 4311 virtutum
3182 4251 3362 4323 fama,
3401 4251 3567 4312 illum
3620 4251 3734 4312 sibi

2091 4335 2369 4398 comitem
2399 4337 2896 4417 peregrinationis
2914 4352 2972 4401 et
2995 4341 3223 4402 socium
3246 4341 3516 4402 laborum
3547 4343 3735 4421 Apos-

2092 4426 2246 4486 tolus
2269 4426 2538 4504 adjunxit
2569 4445 2582 4489 :
2620 4428 2826 4508 sicque
2849 4429 3181 4508 adjutorem
3209 4432 3409 4510 operis
3443 4431 3500 4491 in
3535 4431 3734 4492 Evan-

2094 4515 2249 4593 gelio
2288 4515 2510 4576 Christi
2541 4518 2820 4578 eumdem
2855 4518 3077 4599 ubique
3102 4520 3397 4582 adhibuit.
3425 4520 3732 4600 Siquidem

2096 4605 2191 4666 hic
2225 4622 2342 4665 una
2371 4624 2502 4666 cum
2537 4607 2663 4679 illo,
2698 4609 3096 4687 propaganda
3146 4609 3281 4670 Iidei
3315 4628 3522 4690 causa,
3557 4611 3735 4671 modo

2094 4693 2416 4772 Ephesum,
2437 4696 2612 4757 modo
2625 4696 2973 4759 Corinthum
2990 4697 3309 4776 profectus.
3331 4697 3732 4761 Macedoniam

2097 4785 2302 4854 etiam,
2325 4783 2549 4844 Italiam
2574 4793 2753 4864 atque
2781 4785 3121 4848 universam
3139 4796 3383 4860 terram,
3409 4788 3735 4869 pradican-

2096 4872 2170 4934 do
2207 4876 2560 4953 peragravit.
2591 4871 2727 4934 Fuit
2757 4883 2950 4936 autem
2984 4876 3326 4938 admirabili
3361 4878 3549 4938 indoli
3582 4879 3734 4940 ado-

2095 4962 2327 5024 lescens
2355 4984 2366 5024 :
2398 4963 2614 5043 pudice
2640 4972 2697 5023 et
2724 4973 3189 5046 casteperpetuo
3216 4967 3387 5028 vixit:
3419 4967 3737 5047 prudentia

2093 5052 2501 5133 sapientiaque
2522 5053 2599 5114 ita
2625 5053 2920 5131 prastitit,
2949 5062 3011 5114 ut
3041 5073 3222 5116 omne
3252 5056 3645 5117 ministerium
3681 5058 3737 5118 ei

2093 5142 2414 5221 Apostolus
2436 5143 2857 5224 concrederet;
2881 5145 2938 5203 in
2954 5144 3426 5221 Macedoniaque
3449 5163 3653 5206 curam
3671 5147 3738 5206 il-

2093 5231 2287 5291 lorum
2319 5231 2602 5307 traderet,
2629 5231 2730 5311 qui
2757 5231 3132 5312 Evangelium
3169 5243 3578 5314 susceperant.
3616 5237 3734 5298 De-

2094 5339 2250 5380 mu-n
2273 5321 2670 5402 Ephesiorum
2696 5323 2882 5385 factus
2904 5324 3242 5404 episcopus,
3272 5322 3413 5384 dum
3438 5324 3510 5386 ab
3537 5326 3740 5389 Diana

2093 5410 2250 5472 cultu
2272 5412 2554 5493 populum
2570 5430 2826 5474 avocare
2839 5422 3109 5486 conatur,
3133 5412 3739 5493 Domitianoimpera-

369 5500 561 5561 minas
589 5499 885 5560 latronum
925 5514 1090 5558 more
1122 5496 1444 5568 irruentes,
1480 5491 1800 5571 omniaque
1828 5495 2006 5557 cadi-
2032 5506 2078 5566 ι
2101 5507 2250 5578 tore,
2279 5491 2574 5580 lapidibus
2592 5519 2625 5562 a
2649 5501 3033 5564 multitudine
3059 5520 3235 5575 poene
3256 5491 3739 5575 obrutus,Chris-

365 5589 476 5651 bus
509 5588 834 5650 miscentes
865 5607 880 5667 ;
919 5586 984 5648 B.
1013 5585 1363 5648 Timotheus
1395 5591 1510 5643 tam
1540 5579 1734 5642 dirum
1764 5591 1824 5645 et
1847 5594 2010 5647 atrox

367 5678 598 5744 facinus
630 5677 852 5741 intueri
885 5695 1003 5739 non
1036 5677 1358 5751 sustinens,
1397 5670 1641 5734 stultum
1675 5689 1885 5737 eorum
1921 5695 2010 5740 er-

2099 5589 2392 5653 tianorum
2429 5611 2542 5673 ope
2573 5611 2644 5654 eo
2679 5591 2941 5672 periculo
2973 5591 3280 5668 liberatus,
3310 5592 3384 5655 ad
3416 5593 3737 5656 ﬁnitimum

2097 5693 2387 5761 montem,
2413 5683 2512 5767 qui
2538 5682 2688 5748 Pion
2715 5682 2953 5761 dicitur,
2977 5682 3161 5764 venit,
3192 5682 3292 5746 ubi
3315 5684 3577 5747 animam
3614 5684 3735 5749 Deo
