4054 6204
452 335 571 405 759

1756 339 2038 404 MENSIS
2076 341 2533 406 JANUARIUS.

3688 337 3797 405 760

445 469 893 553 reddidit.Ejus
913 490 1135 554 corpus
1157 471 1736 554 Constantinopolim
1759 480 1892 548 post
1913 473 2150 536 Cons-1t
2177 475 2424 539 Photius
2470 485 2696 552 tamen,
2750 493 2885 539 cum
2937 473 3156 553 legisse
3200 490 3264 536 se
3298 472 3633 553 passionem
3664 474 3801 538 hanc

453 564 681 624 tantino
714 565 984 642 Augusto
1021 569 1402 642 procurante,
1440 563 1788 626 translatum
1821 572 1932 626 est.
1985 587 2008 621 ι»

532 652 592 715 5.
633 651 747 714 Alii
779 651 912 713 aliis
940 650 1154 712 diebus
1183 651 1315 732 ejus
1337 651 1691 714 memoriam
1715 658 2092 716 consecrant.

453 739 920 805 Wandelbertus
949 739 1079 802 XVI
1109 739 1244 802 Maii
1279 758 1293 804 :

531 881 811 958 Septima
839 878 1135 943 Timothei
1167 899 1304 944 cum
1337 882 1493 944 dena
1513 884 1760 945 nomine
1784 881 1968 958 lucet,

537 974 820 1037 Veiidz'ea
846 975 1082 1038 Paulus
1111 975 1312 1038 docuit
1344 993 1523 1057 quem
1553 994 1693 1040 voce
1711 978 1956 1041 beatus.

449 1107 618 1173 XXII
644 1108 894 1188 Augusti
923 1108 1034 1169 ista
1062 1107 1242 1171 habet
1278 1117 1681 1190 pervetustum
1710 1111 2089 1174 Rhinawien.

450 1216 568 1261 ms.
610 1219 638 1258 ι
672 1199 882 1262 Roma}
912 1198 1208 1261 Timothei
1243 1199 1526 1280 discipuli
1575 1199 1635 1262 8.
1685 1199 1869 1264 Pauli.
1911 1226 1932 1257 ι
1974 1199 2093 1264 Sed

451 1297 774 1370 postremae
809 1297 930 1351 tres
959 1307 1134 1350 voces
1165 1289 1444 1351 videntur
1473 1309 1505 1350 a
1534 1290 1775 1352 librario
1805 1291 2088 1370 adjectae:

450 1380 668 1441 colitur
716 1378 985 1456 alioquin
1039 1397 1109 1439 eo
1163 1380 1259 1440 die
1305 1378 1366 1441 S.
1401 1378 1756 1441 Timotheus
1787 1381 2094 1443 Romanus

449 1470 687 1550 Martyr.
717 1468 984 1548 Denique
1004 1465 1221 1531 XXVII
1244 1469 1618 1550 Septembris
1652 1488 1762 1531 ms.
1795 1472 2085 1552 Martyro-

2178 565 2406 642 scribit,
2434 576 2738 630 auctorem
2773 565 3001 628 nullum
3029 563 3320 626 nominat.
3355 562 3678 626 Aulbertus
3702 564 3800 626 Mi-

2176 674 2332 719 raeus
2356 660 2416 719 in
2447 657 2826 721 Bibliotheca
2850 655 3317 725 Ecclesiastica,
3353 677 3382 709 α
3401 653 3497 715 Fit
3516 653 3573 714 in
3598 673 3663 716 ea
3683 655 3802 717 Pas-

2176 745 2368 819 sione,
2399 747 2618 829 inquit,
2647 745 2870 808 mentio
2892 743 3106 806 Irenzei
3133 741 3557 820 Lugdunensis
3586 743 3804 824 episco-

2178 835 2237 914 pi
2275 856 2287 894 :
2321 854 2391 898 ex
2425 856 2540 918 quo
2573 837 2772 916 colligi
2815 834 3012 908 datur,
3059 852 3178 894 non
3213 850 3392 913 posse
3422 850 3550 892 eam
3583 831 3802 894 attribui

2176 924 2934 1004 Polycrati,quiTimotheo
2954 931 3086 1004 post
3101 923 3457 986 Onesimum
3478 922 3796 984 successit.»

2176 1016 2254 1076 At
2275 1034 2566 1098 nusquam
2590 1015 2812 1078 dicitur
2833 1013 3184 1076 immediate
3205 1011 3580 1074 successisse
3609 1009 3804 1074 Onesi-

2177 1123 2296 1178 mo,
2328 1107 2425 1188 qui
2456 1105 2566 1168 sub
2599 1104 2858 1185 Trajano
2891 1122 3104 1184 passus
3137 1102 3416 1177 traditur,
3457 1111 3522 1162 ut
3553 1098 3800 1188 16Febr,

2173 1183 2468 1259 dicemus.
2522 1195 2658 1275 Ipse
2706 1183 2944 1258 Miraeus
2985 1195 3278 1256 Irenaeum
3318 1209 3483 1254 anno
3516 1195 3593 1253 40
3623 1183 3804 1253 Severi

2177 1287 2301 1366 (qui
2337 1296 2462 1349 erat
2483 1285 2705 1350 Christi
2737 1285 2878 1358 902,
2902 1291 3022 1345 aut.
3050 1282 3192 1359 203,
3222 1282 3436 1362 viginti
3460 1282 3583 1362 jam
3609 1279 3804 1342 diebus

2173 1375 2510 1449 inchoatus)
2565 1383 2914 1437 coronatum
2964 1371 3234 1435 asserit:
3296 1373 3362 1435 S.
3419 1370 3804 1450 Hieronymus

2175 1465 2540 1545 Polycratem
2599 1488 2620 1520 ι
2674 1461 2956 1524 ﬂoruisse
3003 1460 3375 1540 temperibus
3409 1460 3620 1523 Severi
3657 1458 3802 1540 prin-

446 1548 669 1636 logiu'm
703 1560 763 1622 8.
797 1557 1150 1638 Hieronymi
1187 1578 1200 1620 :
1259 1580 1281 1614 α
1326 1548 1389 1619 In
1421 1558 1659 1638 Epheso
1691 1548 2017 1622 Timothei.
2060 1585 2087 1617 υ
2170 1554 2383 1634 cipis»
2411 1564 2475 1616 ut
2507 1552 2682 1615 facile
2708 1551 2970 1633 potuerit
3001 1550 3499 1627 lrenaei,aaqualis
3526 1548 3641 1624 sui,
3661 1567 3806 1610 com-

448 1649 719 1730 Hujusne
743 1647 768 1709 ?
792 1647 876 1710 Ita
903 1647 1092 1709 sensit
1111 1648 1330 1708 veteris
1366 1649 1625 1728 scriptor
1665 1647 2086 1729 Martyrulogii,

451 1737 612 1816 quod
634 1737 695 1799 in
713 1737 1097 1804 monasteriis
1114 1736 1390 1799 Laetiensi
1416 1746 1471 1798 et
1490 1737 1552 1800 S.
1579 1739 1814 1800 Martini
1836 1737 2088 1804 Tornaci

2177 1643 2532 1706 mentarium
2566 1643 2981 1724 aliquem,imo
3006 1640 3500 1719 omnesJegisse.

2253 1731 2387 1814 Ipse
2418 1751 2482 1794 se
2514 1732 2880 1812 Polycratem
2925 1739 3134 1792 auctor
3179 1738 3351 1792 vocat
3387 1730 3471 1810 (α)
3501 1749 3517 1804 ;
3550 1728 3650 1810 qui
3679 1745 3810 1790 sane

448 1837 807 1908 asservatur,
845 1827 903 1889 in
932 1847 1048 1907 quo
1080 1827 1194 1888 ista
1224 1827 1505 1906 leguntur
1549 1847 1618 1888 eo
1662 1827 1762 1890 die
1794 1847 1807 1891 :
1860 1854 1886 1885 α
1923 1828 1993 1891 Et
2023 1829 2084 1893 S.
2115 1841 2154 1892 Β
2176 1821 2470 1903 impostor
2499 1822 2815 1885 habendus
2846 1829 3029 1895 esset,
3057 1821 3103 1882 si
3126 1819 3308 1882 alieni
3342 1819 3610 1881 nominis
3643 1817 3810 1878 bono-

449 1917 752 1983 Timothei
783 1915 1061 1996 discipuli
1096 1916 1257 1978 Pauli
1287 1916 1561 1996 apostoli,
1599 1937 1771 1996 quem
1800 1919 1958 1980 idem
1993 1938 2094 1984 vas

451 2007 762 2072 electionis
785 2024 1123 2079 assumens,
1159 2024 1398 2067 omnem
1425 2005 1889 2068 ecclesiasticam
1918 2008 2095 2071 disci-

450 2098 667 2180 plinam
688 2097 916 2176 docuit,
932 2105 988 2157 et
1010 2114 1115 2174 per
1135 2114 1344 2156 manus
1365 2094 1840 2174 impositionem,
1861 2117 2095 2161 accom-

451 2184 814 2248 modabilem
859 2183 1144 2247 Ecclesiis
1190 2183 1351 2246 fecit.
1400 2181 1510 2244 Hic
1544 2183 1798 2264 pudicus
1841 2194 1899 2248 et
1933 2187 2093 2268 virgo

450 2294 835 2359 permanens,
869 2275 1024 2354 apud
1052 2275 1354 2354 Ephesum
1387 2273 1448 2334 in
1491 2283 1692 2336 monte
1721 2276 1822 2355 qui
1854 2286 2097 2339 vocatur

451 2368 622 2441 Pion,
651 2384 786 2428 cum
814 2383 1026 2441 magno
1053 2365 1283 2426 honore
1308 2365 1580 2443 sepultus
1606 2365 1881 2446 quiescit.
1917 2391 1940 2422 ι)
1979 2367 2098 2430 Cur

448 2474 589 2518 vero
625 2479 651 2511 α
675 2452 1206 2517 accommodabilis
1233 2451 1520 2514 Ecclesiis
1557 2454 1746 2516 factus
1786 2481 1806 2512 υ
1846 2455 2097 2521 dicitur?

449 2565 522 2608 an
551 2544 695 2626 quia
723 2543 1039 2625 episcopus
1068 2551 1449 2606 consecratus
1475 2543 1771 2624 principio
1796 2553 1907 2618 est,
1946 2547 2092 2609 nulli

449 2649 632 2697 certa;
678 2633 811 2697 sedi
859 2633 1164 2707 astrictus,
1219 2632 1322 2694 sed
1358 2641 1418 2694 ut
1453 2652 1669 2694 munus
1700 2635 2090 2714 apostolicum

447 2724 768 2806 perfectius
790 2722 983 2785 ubivis
1005 2723 1258 2804 exsequi
1289 2729 1539 2802 posset?

611 2853 641 2932 §
670 2852 740 2913 Il.
774 2853 923 2914 Acta
955 2851 1018 2915 S.
1056 2849 1384 2924 Timothei,
1430 2858 1661 2932 tempus
1691 2854 1931 2916 mortis.

532 2981 569 3041 6
606 3001 634 3039 (ι
662 2979 996 3061 Polycrates
1025 2979 1427 3059 Ephesiorum
1462 2981 1859 3062 episcopus...
1896 2985 2096 3045 floruit

452 3068 823 3148 temporibus
845 3070 1048 3132 Severi
1082 3068 1392 3150 principis,
1430 3095 1452 3127 ι
1487 3079 1547 3132 ut
1578 3079 1833 3134 testatur
1859 3071 1918 3136 S.
1942 3072 2091 3136 Hie-

2174 1931 2300 1974 rem
2333 1912 2450 1974 sibi
2480 1913 2625 1974 falso
2672 1918 3004 1990 arrogaret,
3061 1917 3120 1970 at
3157 1909 3454 1990 scriptum
3507 1926 3683 1987 grave
3727 1914 3806 1968 est

2175 2001 2332 2083 quod
2360 2002 2432 2064 ad
2484 2021 2609 2064 rem
2661 2001 2896 2074 attinet,
2929 1999 3073 2062 licet
3102 1999 3254 2079 stylo
3302 1999 3547 2061 humile
3601 2002 3814 2059 asserat

2175 2090 2473 2171 Photius),
2538 2100 2746 2171 estque
2802 2097 3267 2151 consentaneum
3323 2089 3400 2151 iis
3453 2107 3592 2166 quae
3629 2086 3812 2150 cmteri

2177 2199 2421 2263 quoque
2478 2182 2553 2244 de
2611 2181 2934 2242 Timotheo
3005 2178 3410 2242 tradiderunt.
3473 2176 3813 2241 Vincentius

2175 2269 2619 2334 Bellovacensis
2651 2271 2760 2332 lib.
2812 2289 2872 2348 x,
2924 2288 3055 2350 cap.
3094 2268 3194 2346 38,
3231 2287 3298 2331 ex
3344 2269 3651 2350 Polycrate
3681 2269 3813 2330 Acta

2175 2360 2443 2440 quaedam
2476 2360 2780 2423 Timothei
2811 2362 3062 2436 recitat;
3098 2379 3128 2418 ‹
3160 2377 3293 2440 quas
3332 2359 3488 2441 stylo
3524 2377 3630 2420 suo
3671 2387 3690 2414 ι
3724 2359 3811 2420 in-

2176 2451 2324 2531 quit,
2359 2449 2572 2512 Petrus
2619 2449 2846 2512 Hallois
2901 2458 3106 2511 noster
3155 2449 3214 2510 in
3269 2447 3471 2511 Notat.
3519 2449 3590 2510 ad
3621 2466 3747 2529 cap.
3775 2449 3806 2509 7

2174 2539 2324 2602 Vitae
2345 2539 2408 2603 S.
2436 2540 2770 2622 Polycarpi,
2803 2561 2826 2597 α
2855 2541 2998 2601 satis
3020 2541 3278 2601 clamant
3297 2557 3362 2600 se
3384 2559 3419 2602 e
3443 2539 3666 2603 Graecis
3690 2556 3811 2600 esse

2177 2630 2460 2691 translata
2491 2648 2507 2707 ;
2545 2655 2571 2686 ι
2604 2638 2781 2711 atque
2810 2630 3057 2692 omnino
3089 2629 3381 2709 Polycrati
3416 2629 3549 2711 ipse
3581 2629 3679 2690 illa
3708 2629 3808 2690 tri-

2179 2719 2323 2780 buit.
2360 2719 2437 2782 Ea
2471 2737 2541 2780 ex
2571 2719 2819 2782 vetustis
2868 2718 3181 2781 codicibus
3219 2719 3719 2782 monasteriorum
3749 2719 3804 2780 8.

2177 2808 2440 2887 Maximi,
2471 2817 2530 2872 et
2559 2808 2618 2871 S.
2643 2808 2843 2872 Mariae
2888 2807 2963 2871 de
3008 2808 3314 2889 Ripatorio
3355 2809 3802 2890 descripsimus,

2179 2901 2668 2984 contulimusque
2699 2920 2832 2962 cum
2866 2905 3098 2964 excusis
3125 2901 3422 2979 agonibus
3473 2909 3805 2982 martyrum,

2180 3009 2294 3053 ms.
2329 2992 2558 3054 Nicolai
2589 2991 2877 3064 Belfortii,
2914 3000 2969 3052 et
3001 2990 3212 3054 Graeca
3242 3009 3354 3054 ms.
3380 2991 3629 3054 historia
3652 3007 3800 3052 mar—

2182 3090 2397 3162 tyrum,
2434 3100 2544 3142 ms.
2605 3079 2828 3142 Nicolai
2881 3081 3172 3150 Belfortii,
3203 3088 3260 3143 et
3293 3079 3504 3143 Grazca
3556 3099 3664 3142 ms.
3697 3079 3808 3140 his-

449 3157 855 3253 ronymuslib.
884 3156 974 3220 De
992 3159 1392 3253 scriptoribus
1405 3160 1832 3253 ecclesiasticis
1851 3164 2091 3246 cap/45,
2109 3196 2154 3253 ο
2176 3156 2263 3230 ria
2299 3156 2559 3250 martyrii
2582 3171 2643 3233 S.
2665 3168 2986 3244 Timothei,
3013 3188 3144 3250 quae
3169 3170 3294 3249 ipsa
3318 3169 3589 3232 fortassis
3610 3180 3696 3232 est
3717 3167 3811 3230 Po-

451 3247 554 3310 ubi
586 3247 873 3310 nonnulla
894 3249 1107 3309 recitat
1134 3266 1200 3309 ex
1227 3246 1524 3330 Synodica
1546 3250 1678 3330 ejus
1703 3251 1955 3332 epistola
1985 3272 2092 3334 pro

451 3340 567 3401 ritu
593 3338 654 3399 in
679 3337 789 3399 ista
809 3336 1079 3399 Ecclesia
1105 3356 1140 3400 a
1163 3340 1224 3402 S.
1252 3339 1503 3401 Joannis
1528 3337 1914 3420 Evangelistae
1938 3351 2094 3404 tem-

451 3427 700 3510 poribus
723 3425 1059 3501 observato,
1087 3427 1436 3491 celebrandi
1468 3448 1584 3492 una
1632 3448 1730 3492 xw
1760 3431 2092 3494 Paschalis.

449 3519 534 3582 De
561 3535 631 3579 eo
659 3515 1007 3597 Sigebertus
1037 3535 1171 3598 cap.
1220 3517 1278 3582 3.
1318 3544 1342 3574 «
1391 3519 1728 3601 Polycrates
1755 3520 2093 3602 passionem

449 3609 512 3671 8.
546 3606 847 3669 Timothei
877 3607 1135 3687 apostoli
1169 3608 1431 3690 scripsit,
1486 3619 1544 3671 et
1574 3609 1689 3672 alia
1722 3611 1943 3683 multa;
1985 3635 2006 3670 ο
2039 3619 2096 3674 at

447 3697 741 3762 Baronius
791 3698 849 3760 in
897 3694 1064 3758 Notis
1111 3697 1185 3758 ad
1239 3699 1755 3778 Martyrologium,
1810 3699 1887 3762 de
1915 3719 1984 3762 ea
2014 3700 2094 3762 ita

449 3788 797 3868 pronuntiat
839 3805 852 3849 :
914 3809 938 3843 α
996 3787 1342 3850 Passionem
1389 3787 1688 3851 Timothei
1722 3807 1755 3850 a
1787 3790 2094 3871 Polycrate

449 3877 930 3960 scriptamfuisse
942 3885 1154 3940 auctor
1167 3886 1256 3941 est
1271 3876 1620 3957 Sigebertus
1633 3879 1881 3942 Deviris
1894 3881 2088 3943 itlust.

449 3990 503 4034 c.
538 3971 597 4048 3,
629 3969 734 4033 sed
769 3971 1033 4049 ignotum
1067 3969 1125 4031 id
1161 3988 1404 4050 prorsus
1433 3970 1695 4033 Eusebio
1730 3979 1909 4052 atque
1946 3971 2090 4035 Hie-

450 4078 725 4139 ronymo,
755 4059 853 4141 qui
883 4068 1062 4139 agunt
1093 4059 1168 4122 de
1197 4059 1524 4142 Polycrate.
1574 4081 1602 4122 )
1640 4061 1863 4124 Verum
1894 4071 1953 4124 et
1982 4063 2096 4125 alia

454 4147 528 4209 ab
579 4149 653 4208 iis
711 4149 1112 4228 praetermissa
1163 4149 1417 4212 altorum
1475 4159 1785 4214 auctorum
1845 4151 2090 4232 scripta.

539 4341 713 4420 (a)_S.
746 4342 1027 4420 Timothei
1059 4343 1242 4401 Vitam
1300 4354 1534 4420 auctore
1549 4419 1557 4420 ί
1582 4347 1886 4420 Polycrate
1937 4347 2098 4420 dedi-

465 4428 594 4473 mus
639 4416 699 4472 in
740 4413 1064 4487 Patrotogiw
1106 4427 1309 4474 nostrae
1333 4427 1486 4477 tomo
1523 4419 1583 4488 V,
1615 4413 1725 4477 col.
1753 4419 2100 4477 t302.1\'unc

2178 3259 2438 3340 lycratis,
2473 3259 2579 3321 sed
2608 3279 2641 3320 a
2675 3259 2954 3338 quopiam
2982 3269 3113 3339 post
3139 3259 3455 3321 translatas
3480 3260 3808 3322 Constanti-

2179 3348 2444 3429 nopolim
2489 3349 2775 3428 reliquias
2798 3348 3123 3427 recognita,
3153 3348 3373 3410 omisso
3398 3349 3674 3420 exordio,
3707 3364 3811 3428 quo

2179 3455 2402 3498 nomen
2422 3456 2592 3498 suum
2623 3438 2960 3518 Polycrates
2982 3440 3314 3518 proﬁtetur;
3341 3448 3398 3500 et
3428 3442 3665 3518 merito,
3691 3454 3810 3499 cum

2177 3529 2484 3589 recentior
2526 3527 2626 3588 ille
2672 3527 2933 3608 scriptor
2966 3528 3277 3608 periodum
3314 3529 3688 3609 interjecerit
3743 3526 3810 3587 de

2178 3616 2476 3678 translatis
2498 3616 2896 3699 reliquiis,cui
2923 3618 3173 3697 proinde
3208 3618 3519 3697 praeﬁgere
3553 3618 3804 3698 Polycra-

2177 3705 2251 3767 tis
2271 3724 2487 3768 nomen
2505 3725 2620 3767 non
2639 3715 3141 3788 poterat;atsuum
3161 3707 3289 3788 ipso
3301 3709 3660 3783 reticuit,ch
3683 3715 3808 3768 mtas

2175 3793 2558 3857 librariorum
2569 3814 2635 3857 ve
2649 3795 3012 3875 negligentia
3031 3794 3394 3858 oblitteravit
3416 3819 3429 3856 :
3449 3798 3667 3859 vixisse
3681 3806 3806 3857 ante

2173 3883 2492 3947 Justiniani
2520 3895 2788 3966 tempora
2812 3886 2954 3948 inde
2999 3886 3434 3965 conjectamus,
3476 3888 3580 3968 qui
3617 3882 3806 3964 templi

2175 3973 2249 4034 ab
2283 3992 2352 4035 eo
2385 3974 2613 4036 conditi
2648 3995 2765 4037 non
2799 3974 3091 4038 meminit.
3127 3975 3569 4058 Metaphrastes
3601 3984 3805 4058 martyj

2176 4063 2359 4137 rium,
2390 4063 2859 4142 translationem,
2886 4065 3205 4146 templivel
3237 4055 3695 4129 aediﬁcationem
3727 4055 3806 4123 vel

2177 4153 2704 4229 restaurationem,
2736 4153 3084 4234 complexus
3114 4164 3229 4220 est.

2181 4347 2435 4425 ejusdem
2451 4357 2587 4425 acta
2626 4349 2974 4425 a_Symeone
3006 4351 3386 4424 Metaphraste
3414 4353 3624 4425 scripta
3659 4347 3808 4408 exhi-

2182 4419 2405 4478 bemus.
2449 4419 2610 4478 Em'r.
2652 4419 2832 4478 PATB.
