4104 6198
1694 286 1881 351 VITA
1919 287 1978 350 S.
2028 287 2430 353 TIMOTHEI.

3640 291 3756 356 762

751 846 925 933 ΕΙΣ
1062 847 1289 936 TON
1420 847 1757 936 ΑΓΙΟΝ
1886 848 2582 937 ΑΠΩΣΤΟΛΟΝ
2717 845 3353 937 ΤΙΜΟΘΕΟΝ.

1489 1258 2627 1371 COMMEMORATIO

1286 1515 1374 1608 S.
1507 1511 2132 1600 THIMOTHEI

2265 1514 2813 1602 APOSTOLI

429 1697 635 1769 (Latine
659 1699 792 1774 apud
820 1699 1057 1758 Bollantl.
1089 1698 1151 1757 ad
1180 1698 1248 1756 24
1276 1699 1396 1759 Jan.
1436 1719 1450 1766 ;
1483 1701 1658 1758 Graeca
1685 1697 2051 1771 descripsimus
2079 1714 2142 1755 ex
2171 1701 2280 1756 cod.
2314 1699 2442 1772 Reg.
2477 1700 2640 1757 Paris.
2675 1719 2727 1760 ο.
2764 1701 2922 1768 ηδτ,
2957 1703 3131 1761 saeculi
3155 1715 3229 1759 χι.
3267 1701 3423 1757 Em'r.
3457 1698 3662 1766 Pera.)

1871 2029 2118 2096 CAPUT
2163 2029 2213 2093 Ι.

1357 2195 1706 2261 Timotheus
1735 2194 1805 2260 S.
1844 2191 2028 2259 Pauli
2065 2191 2403 2274 discipulus
2429 2201 2488 2257 et
2515 2209 2734 2258 comes.

437 2376 523 2436 A’.
569 2378 820 2453 Τιμόθεον
866 2377 960 2436 τὸν
996 2377 1168 2456 μέγαν
1223 2376 1417 2455 ἤνεγκε
1476 2378 1572 2453 μὲν
1603 2379 1636 2446 ἡ
1679 2378 1988 2447 Λυκαόνων,

2157 2369 2203 2435 Ι.
2239 2374 2516 2452 Magnum
2549 2373 2926 2439 Timotheum
2959 2377 3096 2439 tulit
3138 2373 3380 2456 quidem
3417 2372 3736 2453 Lycaonia,

356 2466 617 2543 ἰθρέψατο
661 2464 715 2524 δὲ
744 2471 843 2524 κα¹ι
902 2466 1140 2535 ἤσκησεν
1165 2471 1202 2540 ἡ
1259 2467 1424 2524 πάλαι
1457 2470 1752 2550 περιφανὴς
1799 2467 1854 2524 ὲν
1896 2468 2002 2524 πό-

354 2555 471 2614 λεσι
516 2557 749 2636 Λύστρα,
795 2559 899 2636 οὐχ
948 2557 1087 2615 οὕτω
1143 2558 1362 2636 καρπῶν
1401 2559 1617 2637 εὐφοριᾳ
1660 2559 1744 2614 καὶ
1789 2558 2004 2638 ἀφθονίᾳ

354 2646 462 2703 τῶν
514 2645 839 2724 ἀναγκαίων,
900 2645 1010 2721 ὅσῳ
1071 2645 1166 2704 Eni
1243 2650 1320 2721 τῷ
1385 2645 1584 2722 ἡδίστῳ
1659 2655 1803 2726 φυτῷ
1869 2645 2003 2720 τῷδε

355 2736 746 2811 σεμνυνομένη,
790 2736 878 2792 καὶ
919 2749 1036 2798 τοῖς
1093 2735 1412 2796 ἐπανθοῦσιν
1451 2736 1597 2811 αὐτῴ
1650 2739 1749 2806 τῆς
1807 2737 2000 2808 ἀρετῆς

353 2824 576 2883 κάλλεσι
633 2826 729 2882 καί
759 2827 1098 2902 κοσμήμασι,
1144 2828 1378 2906 καίτοιγε
1409 2825 1546 2903 μηδὲ
1603 2840 1727 2893 ταῖς
1752 2834 1844 2884 τοῦ
1902 2827 2000 2905 γέ-

356 2938 474 2979 νους
533 2915 698 2993 ῥίζαις
744 2916 1067 2995 κεχρημένῳ
1121 2920 1379 2995 καθαραῖς
1423 2938 1481 2974 τε
1532 2919 1620 2975 καὶ
1661 2915 1994 2991 ἀκιϐδῆλοις,

358 3003 494 3062 ἀλλὰ
527 3007 614 3061 καὶ
646 3004 781 3061 πολὺ
813 3007 871 3061 τὸ
901 3005 962 3061 ἐκ
1007 3011 1115 3062 τῶν
1144 3005 1383 3064 ἀκανθῶν
1424 3007 1520 3075 τῆς
1557 3007 1799 3072 ἀπιστίας
1828 3009 1998 3088 ἒχού-

363 3117 480 3160 σαις
538 3093 843 3170 ἐπίμικτον,
876 3096 1177 3173 Προμῆτωρ
1221 3096 1320 3170 μὲν
1361 3097 1461 3174 γὰρ
1505 3097 1646 3171 αὐτῷ
1680 3103 1834 3177 Λοτς,
1869 3097 2004 3176 γυνη

356 3183 606 3262 θεοφιλὴς
661 3185 747 3240 καὶ
780 3183 973 3261 ἀρετῆς
1003 3184 1248 3265 ἀτεχνῶς
1308 3184 1789 3267 δπιμίελουμ]ένης
1822 3189 2003 3265 μήτηρ

350 3274 542 3339 Εὐνίκη
615 3272 666 3338 ἐξ
710 3271 973 3331 Ἰουδαίων
1043 3273 1470 3352 ἐκκεντρισθεῐσα
1514 3274 1680 3331 πάλαι
1754 3278 1827 3341 είς
1903 3278 2002 3343 τὴν

351 3361 643 3434 εὐσέϐειαν,
680 3365 768 3419 καὶ
811 3363 976 3426 ὅντως
1029 3363 1082 3420 ἐν
1129 3364 1415 3441 ἀκηράτοις
1466 3365 1670 3441 ἀρετῶν
1728 3366 2002 3436 ἀνθήσασα

351 3454 572 3522 κήποιςο
626 3455 804 3531 πατὴρ
835 3451 890 3508 δὲ
950 3445 1188 3526 ”Ελλην,
1227 3455 1313 3510 καὶ
1370 3455 1437 3510 τὰ
1483 3445 1756 3524 Ἐλλήνων
1806 3457 2000 3522 ἐπιση-

347 3543 607 3619 μότατος,
661 3543 817 3599 οἱονεί
875 3565 928 3600 τι
980 3543 1209 3615 ζιζάνιον
1260 3546 1314 3600 ἓν
1373 3545 1523 3619 σίτῳ,
1577 3552 1653 3619 τῷ
1709 3543 1858 3619 καλῷ
1920 3556 2005 3604 Τι-

349 3632 542 3708 μοθέου
613 3631 755 3710 γένει
789 3681 802 3705 ,
879 3632 972 3688 καί
1047 3633 1216 3711 ῥόδοις
1285 3632 1481 3690 ἄκανθα
1559 3636 1843 3714 παραφὺς,
1916 3636 2004 3692 καὶ

2087 2460 2230 2522 aluit
2251 2473 2449 2525 autem
2475 2473 2533 2526 et
2555 2464 2967 2547 instituit,quae
2993 2467 3133 2528 olim
3160 2465 3320 2525 inter
3342 2463 3612 2524 civitates
3630 2461 3739 2522 fuit

2085 2550 2686 2633 inclyta,Ly.~tra:nou
2710 2564 2932 2617 tantum
2959 2556 3072 2616 sibi
3099 2555 3341 2635 placens
3364 2551 3438 2614 de
3461 2553 3738 2614 ubertate

2087 2648 2146 2700 et
2184 2641 2545 2704 abundantia
2577 2662 2774 2706 rerum
2826 2649 3629 2722 necessariarum,quantum
3661 2639 3738 2701 de

2086 2730 2195 2792 hac
2224 2733 2419 2811 planta
2447 2734 2622 2814 longe
2643 2735 3082 2816 suavissima,et
3111 2735 3185 2796 de
3214 2733 3289 2796 iis
3310 2751 3441 2814 qum
3465 2731 3526 2792 in
3549 2749 3620 2792 eo
3653 2730 3737 2792 ef-

2084 2819 2560 2903 ﬂorent,virtutis
2581 2825 3088 2888 ornamentis.etsi
3112 2844 3186 2886 ne
3211 2843 3387 2905 puras
3403 2821 3645 2903 quidem
3679 2829 3742 2882 et

2085 2911 2356 2974 sinceras
2385 2917 2632 2988 generis
2663 2915 2943 2978 habuerit
2981 2915 3253 2989 radices;
3287 2915 3390 2974 sed
3425 2931 3492 2973 ex
3543 2910 3736 2991 spinis

2084 3019 2322 3081 quoque
2351 3003 2728 3065 inﬁdelitatis
2751 3004 3074 3086 plurimum
3093 3003 3368 3065 habuerit
3386 3000 3730 3061 admistum.

2086 3087 2232 3150 Nam
2261 3102 2385 3152 erat
2412 3092 2650 3172 quidem
2681 3094 2736 3154 ei
2768 3095 2895 3154 avia
2926 3093 3084 3166 Lois,
3123 3091 3338 3152 mulier
3369 3098 3488 3171 pia,
3522 3100 3583 3151 et
3605 3107 3738 3170 quas

2087 3197 2300 3241 revera
2321 3199 2520 3242 curam
2555 3181 2800 3260 gerebat
2831 3181 3288 3256 virtutis;mater
3319 3176 3570 3257 Eunica,
3605 3196 3733 3258 quae

2087 3277 2146 3329 et
2174 3268 2399 3332 Judaeis
2429 3272 2668 3351 quidem
2703 3272 2844 3333 olim
2897 3273 3089 3333 fuerat
3118 3270 3290 3330 insita
3323 3269 3382 3329 in
3424 3269 3731 3347 pietatem,

2087 3367 2145 3420 et
2197 3359 2258 3420 in
2310 3360 2552 3438 integris
2603 3361 2883 3422 virtutum
2935 3361 3123 3423 hortis
3178 3378 3388 3421 revera
3432 3359 3727 3420 ﬂoruerat.

2087 3446 2260 3509 Pater
2308 3459 2503 3509 autem
2538 3451 2798 3528 geutilis,
2837 3460 2895 3510 et
2929 3453 2986 3510 in
3029 3449 3338 3526 gentilium
3373 3449 3556 3508 rebus
3604 3465 3733 3507 ma-

2086 3539 2244 3599 xime
2276 3538 2738 3618 iusignis.veluti
2763 3540 3058 3621 quoddam
3087 3539 3145 3599 in
3178 3539 3477 3599 frumento
3500 3537 3732 3618 lolium,

2088 3647 2302 3705 nempe
2354 3629 2604 3689 honesto
2637 3639 2694 3691 et
2730 3640 3017 3710 praeclaro
3069 3626 3364 3690 Timothei
3395 3645 3640 3706 genere,
3675 3638 3735 3691 et

347 3720 581 3796 τοσούτῳ
611 3719 872 3802 διαφανὴς
916 3723 1014 3789 τὴν
1044 3724 1233 3780 κακίαν
1293 3724 1600 3800 γενόμενος,
1632 3724 1756 3780 ὅσον
1787 3730 1814 3780 ὁ
1871 3737 1998 3786 παῖς

2087 3719 2238 3777 rosis
2297 3719 2468 3796 Spina
2516 3720 2788 3792 adnatus,
2851 3729 2908 3779 et
2968 3719 3108 3777 vitio
3172 3725 3396 3776 tantum
3456 3716 3730 3798 insignis,

345 3812 642 3890 περιφανὴς
715 3813 815 3881 τὴν
886 3810 1180 3889 εὐσέϐειαν,
1247 3815 1338 3870 καὶ
1407 3813 1508 3880 τὴν
1561 3814 1754 3892 ἀρετην
1826 3814 1998 3892 ἀπαρ-

343 3900 601 3976 άμιλλος.

427 3989 511 4054 Β’.
571 3976 666 4056 τ’ος
711 3989 786 4046 ἔτι
818 3992 1008 4061 νήπιος
1065 3991 1164 4070 ὢν,
1196 3993 1286 4047 καὶ
1328 3992 1428 4048 ὑπὸ
1490 3997 1558 4068 τῇ
1587 3993 1748 4069 μητρὶ
1809 3992 1998 4068 Εὐνίκῃ

348 4077 856 4158 παιδαγωγούμενος
925 4083 1023 4147 τῆν
1079 4079 1355 4151 Ἑλλήνων
1416 4081 1532 4154 ἅμα
1591 4083 1679 4139 καὶ
1737 4081 1997 4140 Ἰουδαίων

349 4168 543 4236 ἰπίσης
595 4169 810 4236 ἀπάτην
866 4169 1120 4244 ίξὲκλινε,
1171 4175 1258 4228 καὶ
1329 4170 1524 4246 Παόλῳ
1576 4179 1866 4238 τηνικαῦτα
1935 4175 2004 4249 τῇ

343 4263 443 4326 τῆς
519 4258 843 4325 Ἐκκλησίας
928 4264 1149 4338 λαμπρᾷ
1230 4260 1486 4338 σάλπιγγι
1572 4263 1835 4341 πρὸσεισι,
1912 4264 2005 4319 σὺν

344 4348 460 4424 ἅμα
513 4345 758 4421 Βαρνάϐᾳ
784 4356 862 4424 τῷ
911 4354 1004 4407 τοὸ
1034 4357 1259 4429 Χριστοῦ
1310 4354 1523 4428 μαθητῇ
1556 4353 1644 4408 καὶ
1692 4351 1999 4427 ἀποστόλων

347 4438 470 4495 καθ’
544 4437 573 4494 8
643 4460 806 4519 φησιν
871 4441 899 4496 ὃ
953 4445 1096 4504 Octo:
1171 4445 1378 4503 Λουκᾶς
1436 4440 1490 4496 ἐν
1549 4455 1671 4504 ταῖς
1717 4441 1994 4520 Πράξεσιν,

344 4524 769 4602 ἐπιδεδημηκότι
823 4534 893 4605 τῇ
953 4531 1263 4604 Λυκαόνων,
1304 4529 1424 4597 ἥτις
1481 4529 1678 4610 ὅμορος
1708 4532 1803 4608 μέν
1860 4524 1999 4588 ἐστιν

344 4615 552 4691 Ἰκονίῷ
605 4617 695 4674 καὶ
753 4617 952 4697 Γὲρϐῃ,
1002 4621 1255 4698 μεγίστου
1297 4617 1354 4675 δὲ
1411 4618 1676 4696 θαύματος
1735 4621 1854 4678 τότε
1899 4628 1996 4688 τῆς

342 4715 436 4765 τοῦ
506 4705 717 4766 Παύλου
771 4705 1064 4782 ἐπιδημίας
1132 4707 1494 4784 ἀπολελαύκε,
1545 4714 1634 4767 καὶ
1692 4709 1886 4791 χωλὴν
1945 4711 1997 4778 ἐξ

347 4798 510 4871 αὐτῇς
565 4793 680 4853 εἶδε
712 4801 811 4864 τῆς
839 4797 910 4860 εἰς
941 4802 1052 4876 φῶς
1099 4795 1324 4874 προόδου
1356 4798 1423 4877 (ὣ
1449 4799 1590 4863 θείας
1642 4799 1942 4868 ἐπισκοπης
1977 4795 1991 4857 ί

339 4883 384 4942 ὢ
441 4883 737 4964 παραδόξου
793 4885 1059 4961 θαύματος
1091 4885 1132 4962 Ξ)
1190 4893 1316 4965 υγιᾶ
1373 4893 1440 4961 τῇ
1485 4887 1684 4946 ἐκείνου
1737 4891 1996 4967 παρουσίᾳ

340 4974 726 5052 γεγενημένον,
789 4977 880 5032 καὶ
949 4977 1104 5052 ποσὶν
1176 4976 1388 5040 οἶκείοις
1449 4978 1664 5042 ἀλύπως
1736 4977 1845 5052 ἅμα
1906 4976 1992 5037 καὶ

2086 3814 2369 3886 quantum
2419 3807 2532 3868 fuit
2564 3809 2728 3868 illius
2757 3809 2914 3869 ﬁlius
2946 3808 3169 3888 pietate
3200 3806 3396 3867 clarus
3428 3813 3484 3865 et
3514 3805 3732 3867 virtute

2084 3895 2589 3976 incomparabilis.

2153 3985 2691 4048 Comessetautem
2743 3986 3160 4048 adhucint‘uns
3206 3981 3585 4056 Timotheus,
3612 3989 3734 4046 eta

2087 4085 2273 4138 matre
2299 4075 2580 4157 EunicaU
2599 4077 3371 4156 linstitueretur,genti|ium
3400 4083 3458 4135 et
3485 4073 3728 4136 Judan-

2088 4184 2217 4227 rum
2248 4185 2512 4227 errorem
2537 4168 2710 4228 simul
2741 4188 2808 4229 ex
2829 4185 2997 4248 aequo
3028 4164 3433 4228 declinavitzet
3463 4175 3603 4226 tunc
3624 4182 3730 4226 ac-

2089 4258 2246 4318 cedit
2270 4257 2340 4317 ad
2369 4258 2986 4338 Paulum,praeclaram
3007 4256 3291 4318 Ecclesiae
3315 4252 3729 4329 tubam,simul

2088 4366 2220 4408 cum
2243 4345 2512 4408 Barnaba
2535 4348 2750 4410 Christi
2776 4347 3067 4427 discipulo
3093 4357 3149 4406 et
3170 4345 3620 4426 apostolo,sicut
3643 4343 3731 4403 di-

2083 4437 2252 4497 vinus
2273 4439 2458 4498 Lucas
2479 4437 2624 4498 dicit
2649 4438 2704 4498 in
2731 4437 2898 4501 Actis
2920 4438 2966 4514 4;
2992 4437 3198 4497 cumis
3230 4435 3492 4496 venisset
3523 4434 3580 4494 in
3615 4433 3728 4513 Ly-

2082 4528 2522 4608 caoniam,quae
2545 4536 2635 4588 est
2656 4528 2909 4588 ﬁnitima
2929 4527 3171 4608 quidem
3197 4524 3400 4587 Iconio
3419 4531 3475 4586 et
3494 4523 3726 4602 Derbas,

2085 4635 2154 4678 ex
2180 4615 2350 4678 Pauli
2376 4635 2517 4679 vero
2541 4617 2800 4678 adventu
2826 4635 3104 4695 magnum
3129 4623 3256 4677 erat
3277 4623 3600 4677 consecuta
3620 4613 3731 4677 mi-

2083 4708 2378 4785 raculum,
2415 4719 2472 4770 et
2503 4709 2779 4771 claudum
2811 4710 2886 4772 ab
2919 4709 3049 4791 ipso
3079 4718 3210 4769 ortu
3243 4705 3308 4786 (Ο
3342 4707 3601 4769 divinam
3632 4708 3726 4769 vi-

2081 4797 2417 4860 sitationem
2455 4807 2466 4860 ι
2519 4818 2552 4860 o
2580 4798 2938 4862 admirabile
2988 4799 3391 4880 spectaculum
3431 4797 3478 4876 3)
3509 4816 3720 4860 sanum

2079 4888 2354 4950 etfectum
2390 4887 2550 4950 illius
2583 4891 2925 4968 praesentia.
2959 4898 3016 4953 et
3047 4887 3299 4969 pedibus
3330 4886 3454 4948 suis
3498 4887 3726 4968 absque

2079 4977 2446 5054 molestia,et
2476 4995 2690 5040 secure
2715 4986 3006 5041 utentem.
3040 4978 3150 5051 Qui
3182 4977 3424 5054 quidem
3460 4994 3587 5049 eos,
3621 4979 3724 5056 qui

338 5049 590 5143 ἀσιραλῶς
663 5064 974 5144 χρώμενον,
1044 5049 1140 5128 ’.ος
1223 5073 1477 5124 τοσοῦτον
1549 5049 1800 5134 ἐξέπληξε
1867 5071 1989 5134 τοὺς

2085 5067 2322 5130 erantin
2347 5049 2605 5160 civitate,
2631 5068 2698 5160 in,
2728 5077 2946 5160 tantam
2970 5049 3219 5160 adduxit
3237 5049 3721 5160 admirationem,

339 5153 484 5211 κατὰ
552 5151 737 5226 πόλιν,
797 5155 868 5220 ὡς
922 5154 1066 5211 εἶναι
1133 5155 1221 5211 καὶ
1294 5154 1429 5231 πέρα
1509 5156 1737 5219 πίστεως
1808 5160 1990 5220 αὐτοῖς

336 5241 396 5297 τὸ
451 5242 849 5320 γεγενημένον,
905 5245 1202 5311 καὶηθεούς
1269 5244 1473 5302 οἴεσθαι
1530 5245 1650 5309 τοὺς
1708 5245 1988 5326 σφετέρους

336 5329 598 5410 ἀνθρώπῳ
655 5333 756 5400 τὴν
798 5333 921 5391 θέαν
969 5335 1326 5410 ὁμοιωθέντας
1385 5333 1482 5401 τὴν
1544 5334 1700 5391 πόλιν
1758 5358 1988 5412 περιπο-

331 5420 481 5501 λετν,
511 5425 589 5477 ὦν
621 5421 774 5502 ἔργον
832 5425 920 5482 καὶ
947 5424 1046 5491 τὴν
1093 5432 1184 5482 τοῦ
1229 5422 1416 5504 χωλοῦ
1442 5425 1722 5500 θεραπείαν
1779 5427 1988 5504 λογίζε-

429 5544 443 5583 ί
472 5540 607 5604 Act.
643 5559 762 5606 τιν.

2076 5167 2141 5219 ut
2166 5165 2322 5218 esset
2347 5157 2432 5219 eis
2465 5157 2524 5220 id
2547 5159 2702 5239 quod
2735 5159 2950 5221 factum
2976 5157 3188 5230 fuerat,
3214 5173 3397 5235 supra
3428 5154 3629 5226 fidem,
3665 5163 3728 5217 et

2072 5265 2211 5310 suos
2243 5247 2390 5309 deos
2420 5247 2838 5310 existimarent
2865 5247 3057 5311 forma
3107 5243 3456 5310 hominibus
3477 5243 3720 5306 assimi-

2072 5336 2224 5399 latos
2272 5336 2439 5400 obire
2469 5337 2787 5410 civitatem,
2821 5345 2884 5400 et
2929 5355 3134 5400 eorum
3166 5354 3300 5398 esse
3331 5354 3481 5416 Opus
3525 5333 3724 5396 claudi

2071 5425 2465 5491 curationem.
2527 5427 2844 5510 Postquam
2903 5439 3128 5502 autem,
3189 5425 3467 5508 quisnam
3532 5432 3716 5505 esset,

411 5649 501 5739 (1).
521 5649 814 5739 Miramur
845 5653 993 5717 duas
1024 5653 1130 5716 has
1159 5658 1402 5724 sanctas
1455 5651 1712 5718 feminas
1742 5653 1988 5720 Laidem
2023 5662 2082 5720 et
2111 5655 2410 5734 Eunicen,
2444 5673 2560 5720 nec
2589 5655 2654 5721 in
2701 5659 3072 5739 Graecorum,
3101 5675 3215 5723 nec
3246 5657 3307 5722 in
3364 5657 3719 5728 Latinorum

346 5725 537 5796 Fastis
564 5732 842 5815 reperiri.
