4054 6204
416 313 534 381 763

1711 319 1993 384 MENSIS
2031 322 2486 387 JANUARIUS.

3671 316 3780 387 ’164

415 458 845 530 cognoverunt,
873 459 931 515 et
958 451 1116 535 quod
1150 453 1257 516 Dei
1275 451 1386 514 vivi
1410 460 1568 516 esset
1591 451 1789 535 potius
1817 460 2057 534 aposto-

2148 459 2292 520 σθαι.
2361 455 2510 516 Ἐπεὶ
2573 454 2629 514 δὲ
2701 455 2938 535 ἔγνωσαν
2996 453 3145 520 ὅστις
3202 453 3289 529 ἧν,
3362 453 3457 510 καὶ
3520 450 3604 510 ὅτι
3664 454 3790 510 Θεοῦ

416 539 535 610 lus,
556 549 613 602 et
637 542 880 618 horum,
910 543 1012 619 qui
1035 542 1176 603 falso
1211 541 1766 614 dicuntur,deorum
1795 544 2066 605 adversa-

416 628 566 704 rius,
606 630 679 690 ad
719 631 831 691 hoc
866 631 1057 710 ipsum
1081 631 1410 703 missus,ub
1436 631 1510 692 ab
1528 651 1734 693 eorum
1759 651 1967 695 errore
1985 633 2061 695 li-

415 717 771 780 berarentur
800 721 1103 798 homines,
1127 732 1187 782 et
1217 721 1375 802 quod
1403 723 1686 800 pradicat
1719 724 1928 798 Deum,
1963 723 2067 803 qui

413 826 534 870 non
557 809 752 869 solum
782 817 972 889 potest
997 809 1300 887 corrigere
1323 811 1472 873 tales
1493 831 1808 894 corporum
1836 813 2063 875 mutila'

413 897 743 968 tiones,sed
766 898 946 959 etiam
966 900 1256 963 suscitare
1277 902 1740 976 mortuos;multi
1768 901 1842 964 ab
1860 921 2065 966 errore

413 984 768 1048 deﬁcientes
813 999 1197 1051 accesserunt
1228 990 1302 1050 ad
1355 991 1657 1070 pietatem.
1689 989 1854 1070 Opus
1905 992 2064 1055 illius

413 1074 964 1148 miraculi,l'uerunt
991 1079 1168 1140 etiam
1200 1080 1378 1158 hujus
1400 1079 1768 1142 admirabilis
1785 1081 2060 1162 discipuli

412 1172 471 1228 et
491 1167 749 1247 apostoli
776 1179 1075 1247 parentes,
1104 1175 1203 1250 qui
1239 1188 1353 1231 ma-
1378 1189 1453 1231 no
1485 1169 1684 1230 studio
1705 1179 1765 1232 et
1795 1170 2064 1233 liberali-

413 1262 530 1318 tate
575 1254 822 1317 Paulum
849 1257 1012 1319 domi
1038 1277 1160 1320 sua:
1177 1267 1630 1338 acceperuntzet
1663 1260 1900 1338 pietatis
1929 1261 2066 1342 qui-

414 1342 550 1406 dem
602 1345 792 1408 lucem
829 1345 902 1408 ab
941 1366 1011 1408 eo
1045 1348 1401 1420 habuerunt,
1443 1348 1601 1428 pium
1643 1363 1842 1409 autem
1873 1359 1929 1411 et
1963 1352 2070 1414 Dei

412 1447 713 1496 amantem
750 1436 1338 1510 Timotheum,veluti
1361 1438 1619 1499 vicissim
1653 1439 2065 1517 reddiderunt,

413 1525 518 1600 qui
541 1534 667 1586 erat
690 1525 1139 1605 adhucjuvenis
1170 1536 1229 1587 et
1253 1535 1444 1601 tener,
1474 1536 1532 1588 et
1563 1536 1734 1606 aptus
1767 1529 1838 1588 ad
1871 1529 2070 1590 susci-

415 1613 631 1693 pienda
660 1616 889 1676 semina
925 1616 1354 1696 pietatis,quod
1377 1617 1619 1696 quidem
1651 1615 1787 1677 licet
1810 1621 2070 1698 apertius

417 1701 652 1765 discere
685 1723 753 1768 ex
779 1705 932 1766 libro
951 1707 1205 1768 Actuum
1241 1707 1644 1787 apostolorum
1667 1706 1716 1770 9.
1750 1708 1896 1768 Nam
1931 1723 2066 1767 cum

2147 545 2350 620 μᾶλλον
2421 546 2636 615 ἀληθῶς
2705 543 3026 620 ἀπόστολος,
3095 545 3183 602 καὶ
3255 549 3366 601 τῶν
3437 541 3792 618 ψευδωνύμων

2145 639 2346 694 τούτων
2415 641 2547 694 θεῶν
2619 637 2906 710 ἀντίθετος,
2966 637 3100 714 πρὸς
3152 636 3280 692 αὐτὸ
3342 632 3414 700 δὴ
3480 639 3635 691 τοῦτο
3692 633 3794 688 ἀπο

2149 726 2498 806 εσταλμένος,
2545 727 2684 784 ὥστε
2727 729 2827 795 τῆς
2880 727 3054 784 αὐτῶν
3125 723 3336 792 πλάνης
3397 723 3613 800 ῥύεσθαι
3681 724 3795 786 τοὺς

2149 816 2481 895 ἀνθρώπους,
2517 817 2604 873 καὶ
2660 818 2734 880 ὡς
2793 816 3041 894 κηρύττει
3092 815 3246 889 Θεὸν,
3283 813 3345 871 ού
3397 814 3656 874 τοιαύτας
3698 815 3798 885 μό-

2149 929 2236 963 νον
2285 907 2557 984 πηρώσεις
2615 905 2861 984 ἀνορθοῦν
2907 904 3194 980 σωμάτων,
3254 901 3398 960 ἀλλὰ
3442 901 3542 958 καῖ
3594 903 3799 980 νεκροὺς

2145 995 2363 1068 ἀνιστᾷν
2422 993 2732 1075 δυνάμενον,
2793 993 2993 1052 πολλοῖ
3036 999 3136 1062 τῆς
3195 993 3414 1062 ἀπάτης
3479 992 3801 1059 ἀποστάντες

2141 1091 2212 1162 τῇ
2297 1083 2538 1157 εὐσεϐείᾳ
2607 1084 2950 1160 προσέθεντο.
3038 1081 3280 1142 Ἐκείνου
3357 1089 3460 1141 τοῦ
3546 1083 3801 1158 θαύματος

2149 1173 2302 1251 ἔργον
2369 1176 2456 1230 καὶ
2527 1177 2578 1231 αἱ
2645 1181 2738 1230 τοῦ
2807 1174 3105 1248 θαυμασίου
3177 1171 3326 1230 τοῦδε
3403 1175 3655 1248 ιιαθητοῦ
3723 1172 3802 1230 καὶ

2150 1263 2453 1321 ἀποστόλου
2507 1265 2784 1341 πρόγονοι,
2817 1270 2886 1340 τῇ
2943 1263 3080 1336 οἰκίᾳ
3123 1266 3329 1339 θερμῶς
3378 1283 3443 1318 τε
3499 1263 3593 1318 καὶ
3649 1259 3803 1342 φιλο-

2150 1354 2320 1427 τίμως
2376 1355 2469 1410 τὸν
2536 1352 2742 1411 Παῦλον
2812 1350 3222 1428 ὑποδεξάμεναι,
3279 1353 3369 1409 καὶ
3448 1350 3658 1430 φέγγος
3713 1350 3804 1426 μὶν

2153 1439 2419 1506 εὐσεϐείας
2465 1441 2588 1519 παρ’
2645 1443 2808 1500 αὐτοῦ
2866 1439 3145 1520 λαϐοῦσαι,
3206 1443 3362 1498 οἱονεὶ
3427 1439 3486 1497 δὲ
3541 1441 3636 1497 τὸν
3688 1443 3806 1498 θεο-

2150 1533 2277 1609 φιλῆ
2328 1533 2586 1606 Τιμόθεον
2633 1530 2959 1606 ἀντιδοῦσαι,
2997 1533 3182 1609 νεαρὸν
3228 1530 3302 1587 ἔτι
3356 1531 3492 1588 ὄντα
3521 1532 3613 1588 καὶ
3666 1531 3806 1586 ἄπα-

2149 1621 2264 1700 λὸν,
2329 1624 2418 1679 καὶ
2481 1622 2764 1701 σπέρματα
2821 1619 3117 1686 θεοσεϐείας
3192 1619 3512 1690 ἐπιπήδειον
3575 1616 3808 1697 παραδέ-

2149 1711 2354 1787 ξασθαι,
2411 1712 2542 1790 ὅπερ
2599 1711 2689 1769 οῦν
2744 1713 2831 1768 καὶ
2890 1709 2984 1767 ἀπ’
3051 1712 3215 1778 αὐτῆς
3264 1719 3366 1770 ποῦ
3427 1709 3810 1790 εὗσαφέστερόν

414 1793 659 1866 Paulus,
724 1796 939 1876 inquit,
971 1795 1168 1856 obiret
1217 1797 1482 1876 Lystram
1541 1804 1602 1856 et
1649 1794 1911 1871 Derben,
1942 1803 2061 1856 eral

2151 1801 2262 1858 ἔστι
2317 1806 2510 1876 μαθεῖν
2542 1804 2640 1868 της
2705 1802 2812 1859 τῶν
2877 1799 3121 1878 Πράξεων
3177 1797 3387 1876 βίϐλου.
3444 1800 3550 1859 ιὀὖ
3611 1799 3812 1855 Παύλου

418 1881 542 1944 illic
576 1884 900 1964 discipulus
938 1885 1204 1965 quidam,
1238 1885 1480 1944 nomine
1511 1883 1884 1962 Timotheus,
1913 1884 2069 1944 ﬁlius

418 1971 691 2033 mulieris
747 1972 970 2036 Judazae
1029 1973 1246 2048 ﬁdelis,
1310 1973 1490 2051 patris
1546 1980 1742 2034 autem
1803 1974 2063 2050 gentilis.

421 2061 830 2123 testimonium
897 2063 1118 2123 bonum
1180 2061 1538 2136 reddebant,
1599 2061 1700 2142 qui
1763 2063 1822 2123 in
1881 2062 2069 2142 Lytris

411 2160 584 2211 erant
615 2160 671 2211 et
703 2151 903 2214 Iconio
937 2153 1173 2213 fratres.

489 2237 589 2304 IlI.
627 2239 771 2303 Cum
805 2243 890 2302 sic
923 2261 1063 2321 ergo
1083 2241 1263 2304 Paulo
1290 2242 1539 2304 traditus
1571 2242 1825 2304 fuisset3
1853 2240 2064 2304 Timo-

411 2328 614 2406 theus,
650 2331 810 2394 Patri
844 2331 1095 2412 spiritali
1127 2332 1288 2394 ﬁlius
1331 2332 1517 2411 magis
1549 2331 1848 2413 proprius,
1885 2349 2062 2412 quam

405 2419 538 2499 ejus
568 2420 673 2496 qui
726 2430 852 2483 erat
881 2431 1049 2502 pater
1078 2421 1410 2483 secundum
1459 2440 1726 2496 carnem,
1765 2431 1822 2483 et
1851 2440 1920 2483 ex
1971 2420 2062 2482 ci-

407 2509 582 2572 vitate
613 2529 730 2572 una
763 2520 922 2574 esset
953 2529 1335 2585 excessurus,
1367 2511 1441 2573 ab
1485 2530 1554 2573 eo
1613 2510 2063 2573 circumciditur

407 2606 649 2678 propter
713 2599 1004 2681 quosdam
1039 2599 1300 2669 Judazos,
1339 2600 1559 2682 quibus
1591 2601 1766 2682 plena
1793 2611 1919 2663 erat
1971 2599 2061 2660 ci-

409 2687 583 2760 vitas,
643 2698 702 2750 et
760 2690 962 2751 omnia
1016 2690 1454 2752 circumcirca:
1518 2690 1800 2770 quoniam
1849 2707 2062 2751 omnes

406 2776 678 2839 sciebant
741 2778 909 2840 illum
965 2797 1102 2842 esse
1135 2789 1333 2842 natum
1389 2789 1553 2860 patre
1583 2779 1812 2858 gentili.
1862 2780 2060 2858 Atque

407 2867 682 2929 civitates
714 2868 955 2949 quidem
989 2868 1189 2930 obibat
1221 2869 1438 2932 Paulus
1493 2869 1799 2930 seminans
1831 2868 2059 2948 praedi-

407 2958 728 3031 cationem,
792 2959 1230 3039 veritatemque
1287 2958 1675 3032 annuntians,
1733 2967 1794 3018 et
1851 2975 2061 3018 omnes

407 3045 622 3124 Spiritu
681 3063 1068 3123 regenerans.
1122 3047 1268 3109 Eum
1326 3061 1525 3109 autem
1582 3046 2063 3127 consequebatur

409 3135 564 3196 sicut
594 3136 763 3198 stella
810 3137 998 3199 solem
1032 3137 1383 3200 Timotheus
1419 3159 1432 3201 :
1468 3137 1764 3197 deductus
1815 3136 2056 3216 quidem

407 3243 443 3287 a
474 3226 840 3307 parentibus,
875 3245 1081 3289 eorum
1115 3237 1311 3289 autem
1345 3245 1450 3288 cor
1495 3245 1613 3286 non
1645 3225 1900 3288 obscure
1929 3243 2061 3286 sau-

409 3317 578 3379 cians
629 3327 871 3398 prapter
902 3318 1368 3397 separationem.
1431 3314 1651 3388 Quidni
1701 3315 1887 3387 enim,
1923 3333 2058 3375 cum

408 3416 611 3468 essent
665 3417 940 3488 parentes
999 3407 1130 3468 talis
1189 3406 1320 3480 ﬁlii,
1356 3415 1414 3467 et
1461 3405 1564 3484 qui
1617 3403 1886 3466 scatebat
1943 3414 2058 3464 tam

406 3499 566 3558 suavi
628 3496 775 3558 ﬁore
809 3496 1084 3558 virtutis?
1116 3497 1248 3571 ipse
1280 3514 1416 3557 vero
1469 3513 1538 3556 ex
1573 3512 1778 3555 eorum
1826 3493 2064 3573 sejunc-

405 3585 570 3647 tione
603 3585 751 3648 nihil
789 3587 946 3647 visus
972 3594 1062 3647 est
1090 3585 1270 3661 aﬂici,
1293 3584 1394 3645 sed
1431 3583 1868 3664 quodammodo
1895 3582 2057 3645 Pauli

407 3674 710 3736 desiderio
765 3685 1082 3755 contegere
1129 3693 1302 3736 suam
1363 3674 1420 3734 in
1456 3681 1732 3755 parentes
1789 3672 2058 3734 affectio-

407 3782 569 3837 nem,
608 3774 666 3826 et
713 3766 1036 3828 ostendere
1066 3765 1125 3827 id
1184 3763 1436 3826 naturali
1469 3763 1825 3825 necessitate
1886 3761 2060 3840 longe

409 3871 544 3917 esse
599 3854 914 3917 valentius.
950 3855 1108 3919 Hinc
1143 3854 1203 3916 in
1251 3853 1580 3914 litterarum
1615 3851 1930 3932 disciplina
1986 3849 2060 3912 ab

406 3944 512 4006 illo
545 3945 898 4021 instituitur,
927 3945 1110 4027 ﬁtque
1142 3945 1198 4006 ei
1229 3941 1696 4015 contubernalis,
1725 3952 1784 4004 et
1812 3941 2059 4002 omnino

409 4034 590 4098 simul
642 4052 775 4096 cum
811 4053 880 4096 eo
913 4035 1165 4096 vivebat.
1213 4033 1440 4096 Deinde
1472 4033 1604 4110 ejus
1661 4049 1897 4112 quoque
1926 4030 2058 4090 dia-

409 4142 596 4187 conus
639 4125 1044 4196 constituitur,
1084 4131 1144 4186 et
1192 4125 1264 4184 ad
1296 4123 1693 4204 apostolatum
1746 4121 2060 4182 conﬁrma-

410 4219 525 4273 tur.
563 4213 965 4290 periculorum
1005 4222 1183 4294 atque
1234 4211 1504 4273 laborum
1561 4211 1810 4272 effectus
1861 4211 2060 4271 socius

409 4310 468 4363 et
493 4301 642 4362 nihil
673 4301 918 4362 omnino
953 4301 1274 4381 impeditus
1302 4301 1376 4362 ab
1408 4301 1595 4362 aetatis
1626 4299 2054 4371 teneritudine,

409 4391 511 4472 qui
564 4390 758 4452 minus
789 4393 1102 4454 resisteret
1157 4389 1500 4453 laboribus:
1535 4389 1640 4450 sed
1703 4405 2055 4466 generosam

407 4481 702 4544 inducens
760 4484 1147 4549 voluntatem.
1183 4501 1314 4564 quae
1370 4490 1546 4544 atate
1576 4482 1709 4560 plus
1769 4485 2057 4558 poterat;

2150 1892 2272 1968 γὰρ,
2326 1894 2480 1970 φησὶ,
2538 1891 2638 1958 τὴν
2695 1891 2933 1969 Λύστραν
2984 1891 3075 1946 καὶ
3134 1888 3336 1964 Δέρϐην
3385 1891 3714 1969 περιιόντος,
3750 1888 3810 1955 ἦν

2151 1980 2268 2036 inst
2325 1981 2570 2055 μαθητὴς
2620 1981 2841 2054 ὀνόματι
2895 1982 3172 2060 Τιμόθεος,
3206 1981 3620 2060 υἱὸςῌγυναικὸς
3672 1979 3810 2036 ’ἰου-

2149 2069 2294 2135 δαίας
2327 2053 2559 2144 πιστῆς,
2594 2053 2794 2147 πατρὸς
2845 2067 2898 2125 δὲ
2944 2053 3246 2136 Ἕλληνος.
3457 2067 3809 2148 ἐμαρτυρεῖτο

2149 2161 2250 2216 ὑπὸ
2280 2160 2386 2216 τῶν
2417 2159 2472 2215 ἐν
2517 2159 2724 2237 Λύστρᾳ
2753 2160 2842 2215 καὶ
2872 2158 3076 2232 Ἰκονίῳ
3105 2157 3375 2224 ἀδελφῶν,

2230 2247 2310 2309 Γ’.
2362 2249 2513 2306 Οὕτω
2564 2249 2842 2326 τοιγαροῦν
2885 2248 3235 2328 ἐγχειρισθεὶς
3265 2255 3342 2323 τῷ
3386 2247 3590 2323 Παύλῳ
3633 2247 3800 2322 τιμόο

2147 2344 2290 2410 θεος,
2325 2340 2482 2416 πατρὶ
2538 2345 2890 2413 πνευματικῷ
2948 2351 3082 2402 παῖς
3127 2337 3260 2396 πολὺ
3305 2347 3397 2399 τοῦ
3441 2339 3585 2395 κατὰ
3637 2338 3801 2414 σάρκα

2148 2431 2347 2506 πατρὸς
2413 2429 2756 2507 οἰκειότερος,
2832 2429 2920 2484 καὶ
2990 2434 3287 2506 συναπᾶραι
3362 2427 3596 2504 μᾶλλων
3666 2426 3802 2499 αότῳ

2146 2525 2246 2586 τῆς
2306 2517 2545 2597 πόλεως,
2575 2517 2946 2595 περιτέμνεται
2998 2515 3088 2574 ὑπ’
3152 2517 3312 2575 αὐτοῦ
3341 2515 3434 2574 διὰ
3479 2518 3609 2582 τοὺς
3667 2514 3800 2574 ἰου-

2145 2608 2346 2688 δαίους,
2393 2610 2467 2664 ὠν
2516 2609 2551 2676 ἡ
2604 2606 2760 2672 πόλις
2807 2607 2925 2664 τότε
2968 2611 3060 2664 καὶ
3108 2608 3175 2662 τὰ
3229 2613 3358 2684 περί
3407 2607 3580 2675 αὐτὴν
3634 2606 3801 2666 πάντα

2145 2700 2495 2776 πεπλήρωτο,
2530 2697 2644 2753 ἐπεὶ
2705 2698 2793 2754 καὶ
2836 2698 3030 2761 πάντες
3079 2696 3280 2754 ἐκεῖνοι
3326 2696 3533 2773 ᾔδεσαν
3585 2698 3660 2760 ὡς
3709 2695 3804 2772 ἄρα

2145 2786 2412 2854 Ἕλληνος
2464 2785 2557 2853 εἴη
2595 2787 2818 2863 πατρὸς.
2870 2786 3085 2864 Περιῄει
3117 2787 3218 2862 μὲν
3279 2790 3370 2846 οὖν
3399 2788 3502 2851 τὰς
3546 2785 3735 2848 πόλεις
3774 2785 3800 2840 ὁ

2145 2876 2349 2940 Παῦλος
2407 2877 2468 2932 τὸ
2511 2877 2764 2953 κήρυγμα
2828 2877 3222 2954 κατασπείρων,
3257 2877 3345 2932 καὶ
3396 2876 3497 2943 τὴν
3551 2875 3804 2944 ἀλήθειαν

2143 2964 2550 3043 καταγγέλλων,
2612 2967 2700 3022 καὶ
2759 2965 3060 3042 ἀναγεννών
3119 2966 3321 3030 πάντας
3366 2969 3444 3038 τῷ
3510 2965 3800 3040 Πνεύμστι.

2143 3057 2428 3112 Συνείπετο
2501 3053 2555 3111 δὲ
2612 3058 2754 3128 αὖτῷ
2799 3057 3034 3134 καθάπερ
3086 3055 3258 3133 ἀστὴρ
3309 3053 3448 3128 ἡλίῳ
3525 3056 3798 3130 Τιμόθεος,

2143 3145 2592 3222 προπεμπόμενος
2649 3145 2748 3220 μὲν
2801 3145 2900 3201 ὕπὸ
2957 3167 3066 3200 των
3111 3143 3372 3201 τεκόντων
3433 3142 3696 3215 πλήττων
3747 3139 3800 3198 δὲ

2145 3235 2314 3289 αὐτῶν
2375 3234 2470 3290 οὐκ
2511 3231 2726 3301 ἀδήλως
2790 3233 2889 3300 τὴν
2946 3231 3165 3310 καρδίαν
3221 3233 3308 3290 ἐπὶ
3368 3236 3446 3306 τῷ
3507 3237 3793 3315 χωρισμιῖκ

2144 3323 2249 3384 Καὶ
2305 3329 2420 3385 πῶς
2494 3322 2596 3399 γὰρ
2667 3323 2764 3378 οὐκ
2820 3321 3048 3394 ἔμελλον
3116 3321 3338 3400 πατέρες
3409 3321 3560 3388 ὄντες
3616 3317 3796 3383 παιδὸς

2143 3412 2410 3483 τοιαύτου,
2444 3413 2532 3466 καὶ
2587 3409 2753 3472 οὕτως
2785 3408 2985 3484 ἡδίστῳ
3011 3415 3110 3478 τῆς
3159 3410 3354 3489 ἀρὶτῇς
3409 3411 3558 3468 ἄνθει
3607 3409 3793 3486 βρύον-

2144 3520 2274 3580 τοςς
2340 3501 2505 3564 Αὐτὸς
2563 3498 2619 3556 δὲ
2691 3501 2822 3578 πρὸς
2881 3503 2981 3565 τὴν
3038 3500 3254 3556 ἐκείνων
3314 3498 3592 3556 διάστασιν
3652 3495 3794 3556 οὐδὲν

2142 3591 2331 3656 ἐοικὼς
2388 3591 2644 3670 πάσχειν,
2677 3588 2799 3646 ἀλλ’
2858 3589 3040 3668 ὥσπερ
3084 3602 3202 3654 τοῖς
3263 3596 3356 3646 τοῦ
3407 3589 3619 3646 Παύλου
3675 3586 3790 3661 ἱμέ·

2143 3703 2254 3759 ροις
2312 3680 2412 3748 τὴν
2463 3681 2592 3759 πρὸς
2638 3682 2760 3745 τοὺς
2819 3679 3069 3745 τέκοντας
3123 3680 3479 3757 ἀποκρύπτων
3535 3677 3788 3756 στοργήν,

2143 3771 2230 3826 καὶ
2273 3767 2527 3826 δεικνύων
2582 3768 2770 3832 αὐτοὺς
2831 3767 3019 3843 πολλῷ
3071 3773 3302 3847 φυσικῆς
3333 3768 3579 3846 ἀνάγκης
3635 3770 3790 3845 ἰσχυ-

2142 3861 2409 3936 ροτέρους.
2473 3859 2746 3917 Ἐντεῦθεν
2813 3860 2943 3938 πρὸς
3005 3860 3238 3934 μάθησιν
3309 3861 3644 3937 γραμμάτων
3709 3850 3792 3910 ὑπ’

2143 3950 2329 4023 ἐκείνῳ
2385 3947 2844 4026 παιδαγωγεϊται,
2909 3951 2996 4004 καὶ
3069 3949 3270 4024 γίνεται
3343 3949 3607 4014 σύσκηνος
3662 3942 3794 4016 αὐτῷ

2144 4041 2230 4094 καὶ
2293 4039 2352 4094 τὸ
2419 4044 2522 4094 πᾶν
2585 4035 2916 4112 ὁμοδίαιτος.
2974 4040 3109 4095 Εῐτα
3167 4039 3253 4094 καὶ
3315 4034 3558 4102 διάκονος
3615 4035 3794 4094 τούτου

2143 4129 2474 4207 καθίσταται,
2532 4126 2628 4183 καὶ
2683 4129 2813 4203 πρὸς
2875 4127 2976 4194 τὴν
3029 4125 3337 4191 ἀποστολὴν
3396 4125 3788 4205 ἰπιῤῥώννυται,

2145 4217 2398 4272 κοινονῶν
2441 4217 2584 4286 αύτῷ
2631 4215 2718 4269 καὶ
2774 4213 3027 4270 κινδύνων
3084 4215 3177 4270 καὶ
3217 4215 3503 4295 καμάτων,
3549 4216 3641 4272 καὶ
3691 4211 3791 4269 πό-

2141 4322 2272 4360 νων’
2329 4303 2416 4358 καὶ
2447 4300 2613 4377 μηδὲν
2673 4301 2810 4366 ὅλως
2869 4299 3293 4376 ἐμποδιζόμενος
3349 4303 3454 4359 ὑπὸ
3503 4314 3596 4363 τοῦ
3653 4303 3789 4358 ἀπα-

2143 4400 2239 4469 γοῦ
2284 4397 2382 4459 τῆς
2431 4393 2685 4460 νεότητος
2747 4393 2874 4470 πρὸς
2929 4392 3028 4460 την
3091 4399 3199 4448 τῶν
3249 4393 3426 4449 πόνων
3468 4392 3787 4466 ἀντιτυπίαν,

2141 4481 2263 4538 ἀλλ’
2349 4482 2612 4558 εὐγένειαν
2696 4481 3058 4559 προαιρέσεως
3169 4481 3499 4559 ἀντεισάγων
3581 4483 3785 4550 ἡλικίας

408 4572 557 4633 adeo
581 4581 645 4633 ut
677 4571 813 4634 boni
844 4576 973 4652 ejus
1003 4573 1187 4634 animi
1220 4581 1276 4633 et
1297 4575 1526 4652 piorum
1558 4587 1805 4650 operum
1843 4575 2050 4630 testem

2148 4570 2358 4628 πλείονα
2411 4569 2731 4646 δυναμένην,
2778 4570 2918 4628 ὥστε
2977 4573 3066 4628 καὶ
3138 4572 3379 4649 μάρτυρα
3433 4577 3533 4638 τῆς
3592 4568 3784 4650 ἀγαθῆς

408 4660 600 4741 ipsum
631 4662 903 4725 habuerit
935 4663 1305 4741 magistrum,
1340 4661 1425 4722 sic
1456 4659 1778 4720 dicentem:
1819 4657 2052 4728 Videte,

409 4768 488 4811 ne
537 4751 670 4831 quis
700 4752 894 4832 ipsum
949 4759 1287 4813 contemnat
1313 4753 1362 4811 4.
1415 4748 1580 4829 Opus
1608 4747 1770 4808 enim
1818 4746 2056 4808 Domini

406 4851 714 4922 operatur,
756 4842 910 4902 sicut
938 4860 1072 4923 ego.

486 5020 586 5084 IV.
615 5019 759 5085 Cum
796 5029 994 5083 autem
1028 5021 1100 5083 ad
1134 5027 1352 5082 tantam
1383 5015 1756 5100 pervenisset
1785 5015 2057 5077 virtutem

409 5121 470 5175 et
499 5121 724 5174 tantum
771 5111 858 5174 eis
891 5121 1102 5176 testem
1133 5109 1529 5182 adhibuisset,
1564 5126 1679 5168 non
1730 5105 1828 5168 hic
1861 5105 2058 5166 solum

406 5208 512 5272 sed
538 5208 711 5269 etiam
745 5210 801 5269 in
829 5207 1031 5269 multis
1048 5206 1180 5268 aliis
1202 5205 1532 5268 locis.Nam
1562 5202 1770 5265 «Modo
1789 5199 2059 5282 quidem,

406 5296 602 5380 inquit
624 5297 899 5360 scribens
922 5298 994 5360 ad
1028 5295 1372 5360 Corinthios
1393 5291 1616 5355 Paulus
1635 5292 1834 5360 5,misi
1865 5291 1936 5351 ad
1963 5307 2063 5350 vos

411 5387 791 5450 Timotheum
852 5390 1094 5448 fratrem
1152 5404 1378 5459 meum,
1413 5386 1510 5463 qui
1565 5391 1655 5444 est
1685 5382 1843 5443 ﬁlius
1895 5397 2063 5441 meus

410 5475 663 5539 dilectus
695 5486 754 5538 et
785 5477 980 5538 ﬁdelis
1006 5476 1063 5537 in
1099 5475 1374 5550 Domino,
1410 5472 1511 5553 qui
1543 5471 1714 5534 vobis
1746 5471 1805 5531 in
1839 5488 2061 5531 memo-

1022 5647 1053 5697 3
1083 5644 1268 5722 lbid.,
1299 5662 1363 5722 ιι,
1399 5644 1455 5708 3.

490 5646 522 5699 3
551 5646 686 5709 Act.
715 5662 842 5722 xvt,
880 5647 936 5711 l.
1022 5644 1268 5722 51bid.,
1299 5662 1363 5722 ιι,
1399 5644 1455 5708 3.
1545 5644 1625 5707 41
1657 5642 1793 5710 Cor.
1831 5657 1947 5708 xvx.

2143 4662 2339 4727 ταύτης
2385 4661 2630 4737 γνώμης⁶
2683 4663 2769 4717 καὶ
2828 4667 2940 4717 τῶν
3001 4659 3169 4738 ἔργων
3228 4666 3335 4717 τῶν
3378 4658 3609 4718 εὗσεϐὡν
3641 4658 3786 4720 at}th

2141 4753 2436 4826 κτςισασθαι
2506 4752 2597 4806 τὸν
2662 4747 2979 4807 διδάσκαλον
3049 4748 3189 4806 οὕτω
3255 4749 3503 4828 λέγοντα·
3567 4742 3785 4807 Βλέπετέ

2143 4841 2221 4913 μή
2278 4860 2356 4900 τις
2390 4839 2548 4898 αὐτὸν
2608 4837 2958 4916 ἐξουδενώσῃο
2993 4845 3054 4896 τῦ
3105 4841 3204 4916 γὰρ
3263 4837 3418 4917 ἔργον
3472 4847 3568 4897 τοῦ
3611 4837 3786 4914 Κυρίου

2144 4928 2417 5006 ἐργάζεται
2444 4931 2517 4992 ὡς
2564 4928 2739 5006 κάγώ.

2223 5017 2313 5075 A’.
2375 5019 2458 5082 Εἰς
2519 5027 2674 5076 τουτο
2724 5017 2779 5074 δὲ
2829 5019 3024 5097 ἀρετῆς
3069 5016 3292 5092 ἐλάσας,
3338 5019 3425 5074 καὶ
3475 5017 3786 5086 τηλικοῦτον

2144 5109 2383 5186 μάρτυρα
2438 5109 2633 5176 ταύτης
2695 5109 3086 5183 πεποιημένος,
3148 5107 3244 5165 οὐκ
3318 5106 3538 5164 ἐνταῦθα
3610 5104 3786 5182 μόνον,

2145 5197 2283 5254 ἀλλᾶ
2326 5198 2414 5254 καὶ
2463 5197 2710 5278 ὄύλαχοῦ
2758 5197 3066 5280 πολλαχοῦ·
3131 5219 3155 5253 ε
3197 5206 3300 5256 Νῦν
3359 5198 3455 5271 μὲν
3513 5198 3636 5275 γὰρ,
3671 5191 3788 5276 φησί

2147 5287 2437 5364 Κορινθίοις
2497 5289 2712 5369 γράφων
2779 5289 2806 5344 δ
2862 5287 3096 5362 Παῦλος,
3165 5287 3381 5362 ἔπεμψα
3437 5290 3568 5363 ὑμῖν
3629 5284 3786 5362 Τιμό-

2143 5384 2260 5436 θεον
2330 5380 2422 5434 τὸν
2479 5377 2704 5450 ἀδελφόν
2766 5401 2892 5455 μου,
2949 5378 3008 5443 ὃς
3072 5380 3187 5434 ἔστι
3255 5377 3440 5434 τέκνον
3497 5401 3599 5452 μου
3657 5378 3786 5453 ἀγα-

2143 5472 2314 5536 πητὸν
2355 5472 2440 5524 καὶ
2486 5471 2674 5524 πιστὸν
2719 5467 2774 5524 ἐν
2823 5479 3015 5543 Κυριῳ,
3070 5469 3128 5532 ὃς
3175 5468 3313 5544 ὑμᾶς
3359 5466 3654 5543 ἀναμνήσει
3707 5463 3787 5526 τὰς

2032 5641 2063 5691 5
2091 5641 2112 5704 l
2142 5640 2287 5702 Cor.
2323 5652 2404 5714 tv,
2442 5637 2542 5700 l‘l.
