4104 6198
357 321 473 388 765
1671 322 1858 386 VITA
1902 323 1963 385 S.
2020 322 2427 388 TIMOTHEI.
3611 329 3730 394 766

356 457 505 520 ὀδοὺς
538 478 640 533 μου
668 457 762 520 τὰς
795 455 849 514 έν
880 461 1128 538 Χριστῷ.“
1156 479 1181 512 ο
1233 457 1334 518 Καὶ
1389 455 1551 515 πάλιν
1579 472 1593 488 °
1655 479 1676 514 ε
1712 455 1841 516 Ἐὰν
1871 456 1987 533 ἔλθῃ

2083 455 2230 517 riam
2251 455 2484 535 rediget
2519 456 2636 518 vias
2661 472 2822 518 meas
2846 456 2903 518 in
2929 457 3308 521 Christo.»Et
3331 461 3722 526 rursuanSi

357 548 641 626 Τιμόθεος,
696 547 923 625 βλέπετε
980 550 1074 604 ἳνα
1103 547 1318 628 ἀφόϐως
1349 547 1571 623 γένηται
1603 550 1733 622 πρὸς
1767 550 1926 622 ὑμᾶς.
1964 571 1987 602 α

2078 547 2312 607 venerit
2341 545 2716 614 Timotheus.
2754 548 2948 608 videte
3005 558 3063 610 ut
3091 549 3221 610 sine
3267 561 3430 612 metu
3462 552 3534 612 sit
3564 553 3722 631 apud

359 647 462 699 Νῦν
492 637 548 696 δὲ
593 640 679 695 καὶ
722 637 1108 705 Φιλιππησίοις
1156 636 1510 718 ἱπιστέλλων,
1545 641 1808 696 κοινωνὸν
1841 640 1987 694 αύτὸι

2081 655 2234 696 νος.»
2269 642 2428 698 Modo
2445 652 2628 697 autem
2655 642 2720 696 ad
2752 642 3724 714 Philippensps'quoquescribeus,

358 742 595 786 ποιεῖται
656 727 958 808 ἐπιγραφῆς
990 746 1005 760 ο
1045 750 1071 781 α
1111 727 1316 793 Παῦλος
1370 729 1456 783 καὶ
1503 729 1760 804 Τιμόθεος
1817 726 1987 785 δοῦλοι

2079 726 2316 786 asciscit
2342 726 2572 787 socium
2595 726 3027 804 inscriptionis:
3045 728 3292 789 «Paulus
3312 729 3727 795 etTimotheus

358 815 535 886 Ἰησοῦ
566 818 816 896 Χριστοῦ.
853 841 879 873 ι
920 819 1015 876 Καὶ
1042 817 1166 885 ἑξῆς
1195 821 1296 886 τῆς
1319 817 1612 885 ἐπιστολῆς
1642 836 1657 852 °
1705 842 1726 874 ε
1765 817 1998 888 Ἐλπίζω

355 906 410 965 δὲ
462 910 521 965 ἓν
583 909 754 986 Κυρίῳ
812 908 1066 983 Τιμόθεον
1137 906 1352 987 ταχέως
1423 908 1633 984 πέμψαι
1688 909 1848 983 ὑμῖν,
1909 907 2002 963 ἵνα

352 997 506 1076 καγὼ
562 1001 808 1077 εὔψυχῶ,
871 997 1027 1075 γνοὺς
1097 996 1162 1055 τὰ
1239 1000 1356 1074 περὶ
1417 999 1591 1071 ὑμῶν.
1639 996 1838 1056 Οὐδένα
1901 998 2001 1075 γὰρ

351 1087 468 1168 ἔχω
515 1087 806 1168 ἰσόψυχον,
871 1086 1018 1149 ὅστις
1078 1086 1314 1165 γνησίως
1357 1088 1423 1143 τὰ
1469 1089 1586 1157 περὶ
1649 1089 1795 1162 δμῶν
1839 1108 1997 1162 μεριο

351 1178 566 1252 μνήσει.
637 1200 658 1232 ι
726 1175 946 1250 Συνῳδα
1000 1175 1056 1232 δὲ
1112 1177 1320 1240 τούτοις
1367 1177 1454 1233 καὶ
1508 1176 1984 1234 Θεσσαλονικεῦσι·

357 1290 385 1322 σ
417 1264 623 1330 Παῦλος
653 1267 741 1323 καὶ
792 1265 1053 1342 Τιμόθεος
1097 1263 1274 1322 δοῦλοι
1329 1262 1508 1333 Ἰησοῦ
1552 1273 1805 1346 Χριστοῦ,
1844 1289 1868 1324 ι
1929 1271 1997 1341 τῇ

351 1360 448 1424 τῆς
535 1355 838 1436 ἐπιγραφῆς
921 1359 1008 1411 καὶ
1092 1354 1313 1412 ἐνταῦθα
1388 1357 1638 1430 κοινωνίᾳ
1707 1355 1991 1432 τιμήσαςν

357 1468 386 1501 α
418 1445 682 1517 νΕπεμψα
737 1447 869 1520 ὑμῖν
901 1444 1157 1520 Τιμόθεον
1187 1447 1280 1501 τὸν
1311 1443 1539 1525 ἀδελφὸν
1571 1449 1728 1521 ἡμῶν
1756 1448 1844 1502 καὶ
1873 1443 1995 1502 διά-

350 1556 506 1592 κονον
537 1541 692 1613 Θεοῦ,
740 1535 829 1591 καὶ
886 1537 1145 1613 συνεργὸν
1200 1535 1254 1592 ἰν
1286 1542 1363 1608 τῷ
1398 1535 1705 1613 Εὖαγγελίῳ
1737 1543 1829 1593 τοῦ
1863 1543 1996 1603 Χρι-

353 1632 477 1684 στοῦ
507 1629 592 1689 εἰς
621 1625 681 1680 τὸ
712 1623 950 1702 στηρίξαι
982 1625 1077 1681 καί
1097 1625 1462 1701 παρακαλέσαι
1487 1628 1606 1702 περὶ
1636 1627 1735 1694 τῆς
1766 1627 1994 1691 πίστεως

2087 815 2242 876 servi
2267 819 2408 876 Jesu
2441 814 2722 876 Christi.»
2759 815 2828 876 Et
2875 817 3162 896 deinceps
3191 831 3638 900 consequenter
3667 823 3727 884 in

2083 903 2380 984 Epistola:
2411 904 2632 984 «Spero
2657 914 2854 966 autem
2876 906 2935 967 in
2961 907 3209 968 Domino
3237 910 3722 973 meTimotheum

2084 995 2202 1055 cito
2226 995 2298 1056 ad
2331 1013 2433 1056 vos
2468 995 2815 1066 missurum,
2842 1006 2906 1056 ut
2931 1005 2987 1056 et
3013 1017 3119 1076 ego
3146 996 3300 1058 bono
3349 1000 3550 1060 animo
3583 999 3724 1073 sim,

2083 1085 2334 1163 cognitis
2358 1105 2490 1167 qua:
2509 1087 2668 1147 circa
2696 1104 2793 1146 vos
2816 1095 2953 1146 sunt
3009 1089 3322 1151 Neminem
3345 1090 3502 1150 enim
3532 1091 3724 1153 habeo

2081 1181 2196 1236 tam
2221 1177 2594 1249 unanimem,
2628 1177 2727 1257 qui
2768 1177 3008 1239 sincere
3047 1197 3151 1259 pro
3193 1178 3362 1239 vobis
3385 1180 3458 1240 sit
3483 1181 3723 1243 sollici-

2081 1272 2234 1327 tus.»
2265 1265 2370 1327 His
2393 1284 2533 1326 vero
2556 1267 2950 1344 congruentia
2983 1267 3196 1330 scribit
3220 1268 3395 1329 etiam
3420 1270 3492 1329 ad
3517 1271 3720 1333 Thes-

2079 1352 2489 1415 salonicenses
2511 1355 2542 1405 8
2578 1375 2591 1417 :
2625 1379 2646 1409 ιι
2689 1355 2906 1417 Paulus
2939 1355 3372 1418 etTimotheus
3395 1359 3548 1420 servi
3577 1359 3722 1424 Jesu

2080 1440 2356 1514 Christi,»
2389 1463 2520 1505 eum
2555 1444 2652 1505 hic
2673 1464 2910 1526 quoque
2941 1447 3246 1508 honorans
3271 1447 3560 1510 societate
3592 1449 3720 1511 ins-

2079 1532 2394 1611 criptionis
2426 1555 2439 1594 ι
2481 1555 2505 1589 ε
2542 1535 2665 1595 Misi
2692 1535 2764 1595 ad
2799 1555 2900 1594 vos
2929 1534 3312 1598 Timotheum
3338 1537 3578 1599 fratrem
3609 1558 3720 1601 no-

2079 1631 2264 1685 strum
2288 1632 2347 1684 et
2379 1623 2714 1685 ministrum
2743 1623 2936 1698 Dei,et
2968 1635 3420 1705 cooperatorem
3448 1627 3506 1688 in
3534 1626 3724 1690 Evan-

350 1718 530 1795 ἡμῶν,
563 1721 659 1771 τοῦ
689 1712 892 1789 μηδένα
923 1716 1190 1770 σαίνεσθαι
1223 1713 1276 1769 ἓν
1307 1729 1429 1776 ταῖς
1465 1715 1675 1792 θλίψεσι
1706 1717 1987 1780 ταύταις..

2080 1714 2233 1793 gelio
2263 1714 2404 1778 Jesu
2441 1713 2770 1791 Christi,ad
2797 1716 3243 1779 confirmandos
3274 1736 3377 1778 vos
3409 1727 3466 1778 et
3497 1723 3718 1780 exhor-

353 1807 450 1865 Kxi
511 1803 759 1886 ἀλλαχοῦ
796 1823 810 1836 ’

349 1896 429 1954 ὅτι
489 1896 561 1958 ὡς
619 1896 780 1969 πατρὶ
838 1893 1026 1951 τέκνον
1083 1895 1176 1950 σὺν
1239 1893 1357 1968 ἐμοὶ
1421 1892 1728 1953 ἰδούλευσεν
1791 1897 1863 1961 εἷς
1933 1899 1994 1954 τὸ

344 1984 670 2064 Εὗαγγέλιον
706 2003 718 2017 ·
756 2008 784 2040 ε
821 1985 1095 2062 μάρτυρας
1125 1983 1406 2046 κάκείνους
1454 1985 1613 2042 οἱονεὶ
1644 1985 1741 2053 τῆς
1793 1987 1992 2062 ἀρετῆς

344 2084 436 2135 τοῦ
490 2076 760 2152 Τιμοθέου
817 2072 1280 2152 παραλαμϐάνων.
1342 2073 1574 2132 ’Ἔπειτα
1627 2073 1804 2132 δὲκαὶ
1860 2080 1990 2155 πρὸς

345 2165 686 2231 Κολασσαετς
722 2185 739 2202 ο
820 2185 842 2220 ε
912 2163 1121 2229 Παόλος
1180 2162 1477 2229 ἀπόστολος
1541 2163 1721 2230 Ἰησοῦ
1763 2173 1991 2244 Χριστοῦ

347 2255 430 2316 διὰ
456 2254 760 2333 θελήματος
793 2263 950 2335 Θεοῦ,
985 2256 1072 2310 καὶ
1103 2253 1361 2331 Τιμόθεος
1389 2255 1417 2311 ὁ
1449 2252 1696 2335 ἀδελφός.
1741 2278 1764 2313 ι
1833 2287 1835 2290 ‹

876 1829 900 1860 ιι
937 1808 1048 1870 Τὴν
1095 1803 1149 1859 δὲ
1204 1803 1436 1879 δοκιμὴν
1479 1806 1641 1862 αὐτοῦ
1677 1806 1991 1884 γινώσκετε,

2077 1805 2292 1864 tandos
2317 1823 2424 1884 pro
2448 1804 2566 1864 (ide
2596 1810 2821 1875 nostra,
2857 1814 2913 1866 et
2947 1825 3122 1867 nemo
3158 1818 3469 1868 moveatur
3503 1811 3558 1869 in
3594 1808 3723 1872 istis

2077 1892 2509 1955 aﬂlictionibus
2528 1895 2643 1956 δ’.»
2672 1893 2740 1955 Εῑ
2761 1894 2904 1955 alibi
2927 1895 2959 1945 9
2989 1916 3002 1955 :
3039 1895 3491 1958 aProbationem
3521 1908 3717 1961 autem

2075 1985 2210 2064 ejus
2266 1985 2648 2063 cognoscitis.
2684 1985 2842 2064 quod
2895 1986 3050 2046 sicut
3101 1985 3261 2046 filius
3296 1989 3446 2065 patri
3486 2005 3721 2049 mecum

2075 2073 2286 2135 serviit
2313 2074 2368 2136 in
2391 2073 2750 2154 Evangelia:
2784 2100 2801 2127 ι
2833 2074 2966 2136 illos
2989 2094 3228 2156 quoque
3266 2095 3585 2138 assumens
3615 2095 3720 2138 ve-

2076 2165 2182 2226 luti
2205 2172 2388 2224 testes
2407 2163 2638 2224 virtutis
2656 2162 2954 2226 Timothei
3018 2166 3245 2227 Deinde
3277 2185 3416 2227 vero
3442 2167 3620 2228 etiam
3645 2166 3719 2228 ad

2075 2254 2464 2318 Colossenses
2485 2253 2560 2311 *0:
2594 2254 2848 2316 «Paulus
2870 2254 3175 2334 apostolus
3195 2255 3337 2316 Jesu
3364 2256 3586 2319 Christi
3613 2274 3723 2337 per

2072 2344 2441 2405 voluntatem
2475 2341 2607 2418 Dei,
2633 2350 2692 2405 et
2720 2343 3075 2406 Timotheus
3102 2341 3306 2406 frater.
3348 2369 3376 2401 υ

1848 2476 2094 2540 CAPUT
2139 2478 2214 2540 II.

1848 2476 1891 2540 C
1950 2477 1987 2540 P

1073 2585 1145 2649 S.
1197 2585 1496 2650 Timothei
1539 2585 1716 2649 zelus
1742 2633 1760 2661 ,
1804 2478 1987 2667 math

2078 2477 2094 2540 Γ
2139 2478 2214 2542 II.

2078 2589 2208 2648 ’um.
2255 2584 2323 2648 S.
2368 2586 2628 2648 Joannis
2669 2586 2985 2650 exsilium.

425 2693 516 2759 E'.
565 2693 715 2754 Οὕτω
770 2701 1057 2772 τοιγαροῦν
1099 2695 1203 2751 ὑπὸ
1253 2697 1347 2750 τοῦ
1401 2690 1720 2750 διδασκάλου
1775 2717 1985 2773 μαρτυ-

340 2785 628 2863 ρούμενος,
692 2785 777 2841 καὶ
830 2791 985 2841 τοῦτο
1015 2785 1112 2860 μὲν
1143 2784 1328 2840 τέκνον
1359 2782 1414 2839 ἓν
1459 2784 1631 2861 Κυρίῳ
1659 2785 1850 2840 πιστὸν
1899 2785 1987 2840 καὶ

339 2875 652 2952 ἀγαπητὸν,
686 2881 842 2931 τοῦτο
871 2872 926 2930 δὲ
977 2876 1065 2929 καὶ
1110 2872 1337 2952 ἀδελφὸς
1389 2873 1548 2930 αὐτοῦ
1593 2875 1678 2929 καὶ
1735 2876 1985 2953 συνεργὸς

2151 2691 2416 2755 V.Porro
2435 2700 2631 2754 autem
2660 2711 2796 2754 cum
2825 2711 2858 2753 a
2880 2705 3253 2774 praeceptore
3278 2701 3502 2758 tantum
3527 2697 3716 2760 ferret

2071 2785 2508 2857 testimonium,
2540 2791 2596 2843 et
2620 2783 2798 2845 modo
2821 2784 3063 2864 quidem
3088 2784 3245 2846 filius
3277 2786 3333 2846 in
3367 2785 3625 2848 Domino
3653 2789 3717 2850 fi-

2071 2874 2224 2936 delis
2248 2887 2306 2934 et
2331 2873 2590 2934 dilectus
2617 2893 2631 2932 :
2653 2873 2828 2934 modo
2845 2882 3042 2934 autem
3069 2874 3201 2953 ejus
3228 2873 3410 2936 frater
3431 2884 3489 2938 et
3513 2881 3714 2941 Evan-

339 2975 432 3026 τοῦ
509 2963 834 3043 Εύαγγελίου
889 2962 1171 3020 καλεῖσθαι
1230 2962 1551 3038 ἠξιωμένος,
1585 2964 1672 3019 καὶ
1719 2965 1985 3020 τοσούτων

2078 2965 2209 3044 gelii
2245 2971 2600 3044 cooperator
2618 2961 2818 3024 vocari
2845 2962 3065 3042 dignus
3096 2963 3462 3043 haberetur;
3499 2975 3556 3028 et
3585 2987 3716 3029 sus-

342 3055 453 3114 t'z'vw
482 3058 570 3113 καὶ
602 3056 750 3110 κάτω
779 3052 905 3130 παρ’
938 3057 1079 3126 αύτῷ
1107 3054 1194 3109 καὶ
1224 3052 1364 3110 οὕτω
1422 3051 1671 3130 μεγάλων
1701 3051 1986 3110 ἀπολαύων

338 3145 445 3203 τῶν
477 3145 784 3223 ὶγκωμίων,
819 3141 967 3218 ὅμως
1013 3141 1130 3199 οὐδὲ
1189 3141 1355 3205 οὕτως
1408 3142 1535 3222 εἶχε
1585 3141 1797 3221 θαρῤεϊν
1853 3145 1984 3222 ὑπὲρ

340 3234 528 3293 ἑαυτοῦ
583 3235 670 3290 καὶ
729 3233 806 3308 μὴ
865 3231 1086 3288 δεδιέναι
1118 3248 1133 3264 ⁶
1175 3230 1314 3288 ἀλλὰ
1373 3233 1510 3306 μετὰ
1559 3233 1825 3300 τοσαύτης
1889 3233 1980 3306 ἔζη

337 3330 437 3390 τῆς
495 3321 788 3401 ἀκριϐείας,
821 3325 909 3378 xxi
955 3320 1123 3387 οὕτως
1175 3322 1471 3400 ὲναγώνιος
1528 3322 1618 3378 καὶ
1675 3320 1979 3402 φιλοπόνως

332 3416 418 3472 καὶ
471 3412 803 3481 τηλικαύτην
855 3411 1110 3490 εἰσφέρων
1171 3413 1270 3478 τὴν
1313 3407 1694 3492 κακοπὶθειαν,
1757 3416 1830 3478 ὡς
1891 3417 1980 3472 καὶ

330 3502 694 3582 παρακλήσεις
750 3504 894 3576 αὒτῴ
919 3503 1011 3559 τὸν
1041 3501 1358 3560 διδάσκαλον
1409 3502 1728 3581 προσάγειν,
1782 3504 1978 3575 μηκέτι

330 3591 643 3670 ὑδροποτεῖν
725 3595 802 3666 τῷ
879 3596 1096 3667 μαθητῇ
1187 3597 1572 3666 παραινοῦντα,
1666 3590 1787 3647 ἀλλ’
1844 3592 1981 3668 οἴνῳ

334 3684 498 3760 ὀλίγῳ
528 3683 762 3763 χρῆσθαι
799 3704 821 3738 ιι
875 3682 970 3737 Διὰ
1011 3682 1102 3738 τὸν
1148 3680 1431 3760 στόμαχόν
1489 3701 1605 3752 σου,
1668 3679 1829 3760 φησῖ,
1879 3686 1976 3738 καλι

335 3773 432 3836 τὰς
461 3773 661 3829 πυκνάς
694 3794 788 3829 σου
819 3771 1112 3835 ἀσθενείας.
1154 3795 1180 3826 ιο

415 3862 527 3938 ς’¹.
571 3860 742 3919 Ἀλλὰ
787 3863 872 3918 καὶ
924 3860 1092 3922 οὕτως
1150 3859 1311 3916 αύτοῦ
1367 3859 1662 3933 κάμνοντος
1721 3861 1822 3916 ὑπὸ
1878 3861 1976 3930 τῆς

335 3958 594 4033 συνεχοῦς
624 3949 915 4031 ἀρρωστίας
947 3953 1006 4007 τὸ
1051 3954 1231 4022 σῶμα,
1267 3947 1362 4006 καὶ
1397 3949 1493 4016 τὴν
1547 3973 1639 4006 του
1697 3951 1978 4031 στομάχου

334 4041 553 4116 δύναμιν
611 4039 1090 4118 περιϐεϐλημένου,
1139 4042 1200 4096 τὸ
1246 4053 1492 4116 γενναῖον
1541 4039 1827 4114 ἀπέλαμπε
1875 4043 1976 4107 τῆς

335 4135 544 4212 ψυχῆς,
606 4135 679 4190 0-3
730 4133 829 4210 γὰρ
872 4129 1112 4187 ἀσθένεια
1171 4129 1418 4205 σώματος
1478 4131 1807 4198 τηλικαύτην
1867 4136 1974 4207 Ψυ-

2071 3073 2186 3136 que
2219 3053 2420 3130 deque
2459 3061 2543 3113 tot
2572 3060 2628 3113 et
2690 3061 2806 3112 tam
2845 3071 3056 3128 magna
3088 3065 3570 3135 consequeretur
3606 3075 3716 3117 en-

2067 3143 2303 3218 comia;
2336 3150 2536 3203 tamen
2572 3161 2647 3203 ne
2699 3141 2788 3204 sic
2820 3143 3068 3220 quidem
3105 3144 3221 3205 sibi
3251 3144 3362 3224 ipsi
3410 3147 3717 3211 confidere

2067 3242 2125 3296 et
2150 3252 2269 3295 non
2299 3233 2514 3295 timere
2541 3240 2813 3312 poterat:
2850 3233 2955 3296 sed
2990 3242 3105 3295 tam
3139 3244 3413 3298 accurate
3449 3235 3710 3313 vivebat,

2065 3333 2122 3386 et
2145 3339 2262 3384 tam
2297 3323 2620 3401 diligenter
2647 3342 2714 3385 se
2747 3323 3094 3399 exercebat,
3129 3335 3187 3386 et
3225 3335 3338 3387 tam
3394 3328 3620 3388 acriter
3650 3347 3716 3390 se

2062 3413 2384 3493 afﬂigebat.
2439 3420 2501 3473 ut
2552 3431 2684 3473 cum
2742 3414 2920 3476 etiam
2972 3415 3392 3479 exhortaretur
3448 3434 3713 3498 przecep~

2065 3513 2180 3577 tor,
2209 3502 2473 3564 suadens
2503 3500 2799 3580 discupqu
2830 3504 2908 3584 11,
2959 3523 3034 3566 ne
3065 3523 3276 3585 aquam
3312 3507 3566 3584 amplius
3617 3507 3714 3569 bi-

2063 3594 2256 3666 beret,
2292 3592 2398 3653 sed
2433 3592 2569 3652 vino
2604 3591 2839 3653 modico
2873 3601 3144 3654 uteretur
3181 3615 3193 3653 :
3235 3619 3260 3650 α
3311 3593 3562 3674 Propter
3594 3607 3715 3659 sto-

2065 3683 2340 3744 machum
2383 3690 2573 3756 tuum,
2611 3680 2824 3762 inquit,
2878 3688 2938 3742 et
2988 3683 3343 3763 frequentes
3377 3691 3505 3746 tuas
3537 3685 3710 3749 inﬁr-

2065 3771 2332 3833 mitates.
2374 3795 2400 3826 ι)

2143 3861 2360 3924 VLSed
2386 3859 2658 3942 quamvis
2687 3859 2772 3920 sic
2795 3859 3094 3922 laboraret
3119 3862 3252 3941 ejus
3283 3879 3502 3940 corpus
3521 3866 3708 3925 conti-

2065 3970 2183 4013 nua
2200 3951 2628 4019 infirmitate,et
2647 3949 3208 4029 haberetdejectam
3227 3952 3516 4012 stomachi
3531 3952 3705 4013 facul.

2063 4051 2238 4104 tatem
2278 4041 2352 4104 i3.
2409 4058 2742 4118 generosus
2806 4041 3233 4118 reSplendebat
3281 4042 3540 4104 animus.
3574 4042 3706 4106 Non

2060 4141 2289 4213 poterat
2323 4134 2478 4193 enim
2515 4131 2790 4208 corporis
2841 4131 3157 4193 infirmitas
3211 4132 3556 4211 deprimere
3589 4143 3706 4197 tam

335 4226 445 4302 χῆς
499 4221 763 4300 εὐγένειαν
821 4221 977 4287 ἱκαν·ὶ⁸
1037 4221 1255 4299 γέγονεν
1287 4217 1522 4298 ἐλέγξαι,
1557 4219 1775 4287 ἀλλ’ἧν
1834 4244 1974 4278 παν-

2078 4240 2415 4301 generosum
2431 4221 2724 4282 animum:
2743 4221 2848 4283 sed
2882 4222 3030 4284 celei
3051 4222 3101 4284 is
3120 4224 3226 4283 zeli
3249 4241 3445 4299 penna
3468 4241 3708 4286 omnem

331 4318 504 4391 ταχοῦ
552 4313 732 4392 κούφῳ
775 4311 851 4386 τῷ
892 4316 984 4368 τοῦ
1039 4309 1202 4381 ζήλου
1237 4314 1416 4388 πτερῷ
1467 4309 1838 4382 διιπτάυενος,
1888 4312 1974 4367 καὶ

2086 4331 2119 4373 ιι
2157 4324 2382 4391 partem
2409 4311 2604 4392 pervol
2629 4311 2770 4381 .bat,
2805 4318 2863 4372 et
2909 4331 3002 4372 mo
3029 4315 3083 4370 to
3107 4312 3351 4392 quidem
3379 4311 3702 4392 Ephesum,

330 4410 418 4460 νῦν
474 4402 571 4475 μὲν
623 4400 878 4480 Ἔρεσον,
941 4402 1026 4454 νῦν
1089 4398 1143 4455 δὲ
1180 4403 1450 4478 Κόρινθιον
1509 4403 1561 4456 αἱ
1615 4403 1713 4465 τῆς
1773 4401 1976 4456 ἐκείνου

2078 4402 2242 4463 nodo
2270 4419 2404 4461 Vero
2420 4399 2770 4463 Corinthum
2797 4399 2955 4461 illius
2979 4400 3198 4480 lingua;
3217 4399 3462 4464 Sirenes
3479 4402 3711 4465 demul-

330 4488 580 4568 γλώττης
641 4495 884 4566 σειρῆνες
916 4487 1130 4567 ’ἐθελγον
1163 4508 1179 4524 ο
1231 4491 1320 4546 καὶ
1375 4487 1702 4546 Μακεδονίαν
1735 4487 1790 4544 δὲ
1835 4498 1975 4545 πολ-

2078 4489 2676 4554 :ebat.Macedoniam
2703 4508 2940 4570 quoque
2965 4508 3128 4570 saepe
3159 4501 3214 4551 et
3243 4491 3472 4555 Italiam
3497 4499 3556 4553 et
3583 4493 3711 4554 uni-

333 4578 512 4654 λάκκ,
566 4581 654 4636 καὶ
712 4578 968 4652 Ἰταλίαν,
1029 4581 1116 4634 καὶ
1175 4578 1275 4656 γῆν
1335 4585 1510 4635 πᾶσαν
1568 4582 1654 4635 καὶ
1707 4577 1974 4635 θάλασσαν

2078 4597 2286 4641 versam
2338 4590 2555 4641 terram
2610 4598 2744 4638 cum
2787 4588 3160 4658 praeceptore
3193 4581 3712 4661 complectebatur

335 4670 470 4745 μετα
523 4679 616 4728 τοῦ
664 4667 982 4727 διδασκάλου)
1037 4672 1111 4740 νῷ
1154 4671 1458 4746 κηρύγματι
1517 4666 1860 4746 περιέλαϐον.
1917 4669 1978 4726 Τί

2078 4669 2510 4731 medicatione.
2547 4667 2698 4741 Quid
2734 4679 2928 4729 autem
2973 4669 3225 4740 dixeris,
3262 4688 3440 4746 quam
3493 4671 3710 4734 multos

334 4757 380 4815 δ’
437 4761 498 4815 ἂν
557 4759 734 4822 εἴποις
798 4757 1026 4821 ὁπόσους
1086 4758 1387 4831 ἐπιθυμίαις
1439 4757 1807 4835 ἀλογωτοὶτοις
1879 4759 1970 4813 καί

2078 4759 2483 4837 :upiditatibus
2500 4778 2530 4818 ιι
2553 4757 2786 4818 ratione
2821 4759 3084 4819 maxime
3106 4758 3324 4821 alienis
3348 4772 3402 4820 et
3430 4760 3712 4824 absurdis

333 4846 552 4912 ἀτόποις
603 4846 941 4910 δουλεύοντας
997 4852 1096 4915 τῆς
1150 4848 1398 4928 χαλεπῆς
1455 4849 1652 4913 ταύτης
1696 4846 1972 4917 ἀπήλλαξε

2078 4849 2491 4919 .ervientes,ah
2519 4849 2631 4910 hoc
2656 4847 2816 4927 gravi
2839 4847 3112 4909 liberavit
3137 4848 3508 4910 ministerio?
3527 4853 3707 4912 [tecte

329 4936 712 5018 λειτουργίας;
760 4934 921 4995 Οἶδεν
981 4935 1219 5015 ἀκριϐῶς
1281 4938 1309 4993 ὃ
1367 4936 1536 5016 λέγω,
1583 4938 1639 5001 ὃς
1675 4935 1776 5013 ἄρα
1833 4935 1967 5012 μηδέ

2078 4936 2402 5017 tovit,quod
2427 4937 2581 5009 dico,
2616 4938 2665 4998 is
2688 4937 2791 5017 qui
2811 4938 2938 5018 ejus
2959 4937 3062 5017 qui
3085 4938 3356 5000 Corinthi
3390 4948 3483 5000 est
3507 4940 3703 5000 forni-

329 5027 420 5084 τοῦ
449 5027 503 5083 ἓν
535 5028 767 5106 Κορίνθῳ
810 5029 1232 5103 πεπορνευκότος
1265 5027 1504 5105 ἠγνόησε
1564 5027 1624 5082 τὸ
1684 5025 1967 5102 ἀνόμημα.

2078 5033 2222 5089 :atus
2245 5044 2364 5088 non
2384 5025 2674 5103 ignoravit
2692 5026 3157 5091 delictum.Erat
3175 5029 3336 5089 enim
3361 5027 3599 5089 divinus
3615 5029 3710 5092 Ti-

331 5118 430 5176 Καὶ
486 5117 586 5196 γὰρ
629 5115 691 5184 ἦν
765 5118 793 5172 ὁ
864 5118 1009 5178 θεῖος
1069 5115 1326 5192 Τιμόθεος
1388 5117 1512 5196 οὐχὶ
1553 5117 1748 5183 νοῆσαι
1807 5118 1970 5190 μόνον

2078 5116 2330 5178 notbeus
2349 5133 2464 5177 non
2485 5116 2554 5178 ad
2587 5115 3052 5194 intelligendum
3074 5115 3269 5178 solum
3293 5117 3703 5197 acutissimus,

328 5205 600 5279 ὀξύτατος,
634 5204 770 5263 ἂλλᾶ
796 5207 883 5262 xxi
911 5209 1085 5262 είπεϊν
1118 5227 1570 5287 προχειροτατος,
1635 5204 1724 5260 καὶ
1781 5226 1968 5276 περιτ-

2078 5207 2156 5267 .ed
2181 5207 2252 5265 ad
2273 5207 2583 5267 dicendum
2602 5211 2775 5268 etian.
2806 5207 3298 5280 promptissimus.
3332 5219 3381 5264 et
3408 5208 3475 5263 ad
3500 5209 3704 5268 facun-

329 5301 432 5362 τῶς
459 5301 528 5372 τῇ
558 5295 895 5373 εὖρημοσύνῃ
939 5295 1245 5375 χρήσασθαι
1290 5293 1629 5368 δεξιώτατος,
1667 5295 1733 5350 τά
1760 5315 1818 5350 τε
1848 5299 1971 5352 θεῖα

2078 5294 2154 5357 lia
2177 5299 2422 5375 egregie
2446 5295 2735 5359 utendum
2762 5293 3258 5364 dexterrimus,et
3283 5293 3339 5354 in
3365 5291 3584 5357 divinis
3609 5313 3707 5358 ex-

326 5385 711 5464 εὶσηγήσασθαι
769 5385 1153 5466 χαριέστατος,
1215 5386 1303 5442 καὶ
1366 5386 1439 5447 εἷς
1494 5385 1780 5459 εὐκοσμίαν
1839 5381 1969 5442 Ἐκ-

2078 5383 2352 5447 ponendis
2374 5384 2876 5464 jucundissimus,
2904 5391 2960 5446 et
2992 5383 3066 5446 ad
3101 5383 3433 5449 Ecclesiam
3463 5403 3703 5466 campo.

398 5570 651 5654 QICor.
686 5590 804 5648 xw,
841 5573 939 5636 10.
983 5653 993 5654 7
1024 5573 1055 5624 7
1085 5572 1238 5634 Phil.
1274 5590 1316 5648 ι,
1353 5577 1376 5633 4
1417 5593 1432 5649 ;
1466 5579 1616 5654 et_n_,
1653 5573 1754 5654 t9.
1839 5571 1987 5654 81o

2078 5571 2330 5635 iThess.
2368 5588 2410 5634 ι.
2495 5573 2549 5623 8¹
2581 5574 2602 5633 Ι
2633 5572 2848 5645 Thess,
2897 5589 2980 5645 ιιι,
3015 5570 3074 5634 ‘2.
3159 5571 3192 5622 9
3221 5569 3441 5654 Philip.
3475 5588 3540 5654 ιι,
3591 5570 3691 5638 22.

321 5651 376 5703 ¹⁰
407 5651 641 5718 Coloss.
669 5671 708 5731 ι,
749 5660 804 5718 t.
890 5654 937 5699 ¹¹
975 5653 994 5716 [
1026 5653 1186 5718 Tim.
1225 5671 1278 5734 ν,
1311 5655 1416 5716 23.
1501 5651 1555 5697 ¹⁹
1585 5650 1609 5716 Ι
1639 5652 1795 5715 Tim.
1827 5670 1890 5730 v,
1926 5652 2030 5716 23.
