  <div class='ocr_page' id='page_1' title='image "/cluster/home/n/w/nwhite01/storage/ocr_20150623/114/hvd.32044073502254/389.png"; bbox 0 0 4104 6198; ppageno 0'>
   <div class='ocr_carea' id='block_1_1' title="bbox 452 274 567 341">
    <p class='ocr_par' dir='ltr' id='par_1_1' title="bbox 452 274 567 341">
     <span class='ocr_line' id='line_1_1' title="bbox 452 274 567 341; baseline 0.009 -2"><span class='ocrx_word' id='word_1_1' title='bbox 452 274 567 341; x_wconf 88' lang='lat'><strong>767</strong></span> 
     </span>
    </p>
   </div>
   <div class='ocr_carea' id='block_1_2' title="bbox 1737 271 2515 343">
    <p class='ocr_par' dir='ltr' id='par_1_2' title="bbox 1737 271 2515 343">
     <span class='ocr_line' id='line_1_2' title="bbox 1737 271 2515 343; baseline 0.003 -3"><span class='ocrx_word' id='word_1_2' title='bbox 1737 275 2020 341; x_wconf 88' lang='lat' dir='ltr'><strong>MENSIS</strong></span> <span class='ocrx_word' id='word_1_3' title='bbox 2057 271 2515 343; x_wconf 75' lang='lat' dir='ltr'><strong>JANUARIUS.</strong></span> 
     </span>
    </p>
   </div>
   <div class='ocr_carea' id='block_1_3' title="bbox 450 408 2085 499">
    <p class='ocr_par' dir='ltr' id='par_1_3' title="bbox 450 409 2082 476">
     <span class='ocr_line' id='line_1_3' title="bbox 450 409 2082 476; baseline -0.001 -3"><span class='ocrx_word' id='word_1_4' title='bbox 450 413 708 476; x_wconf 87' lang='lat' dir='ltr'><strong>nendam</strong></span> <span class='ocrx_word' id='word_1_5' title='bbox 741 420 801 476; x_wconf 89' lang='lat' dir='ltr'><strong>et</strong></span> <span class='ocrx_word' id='word_1_6' title='bbox 848 411 1300 476; x_wconf 80' lang='lat' dir='ltr'><strong>custodiendam</strong></span> <span class='ocrx_word' id='word_1_7' title='bbox 1359 411 1454 474; x_wconf 88' lang='lat' dir='ltr'><strong>vel</strong></span> <span class='ocrx_word' id='word_1_8' title='bbox 1515 409 1771 472; x_wconf 81' lang='lat' dir='ltr'><strong>maxime</strong></span> <span class='ocrx_word' id='word_1_9' title='bbox 1799 409 2082 472; x_wconf 87' lang='lat' dir='ltr'><strong>idoneus.</strong></span> 
     </span>
    </p>
   </div>
   <div class='ocr_carea' id='block_1_4' title="bbox 2167 408 3803 499">
    <p class='ocr_par' dir='ltr' id='par_1_4' title="bbox 2170 408 3803 499">
     <span class='ocr_line' id='line_1_4' title="bbox 2170 408 3803 499; baseline 0.007 -32"><span class='ocrx_word' id='word_1_10' title='bbox 2170 408 2398 480; x_wconf 86' lang='grc' dir='ltr'>κλησίας</span> <span class='ocrx_word' id='word_1_11' title='bbox 2459 415 2548 473; x_wconf 78' lang='grc' dir='ltr'><strong>καὶ</strong></span> <span class='ocrx_word' id='word_1_12' title='bbox 2602 415 2927 476; x_wconf 79' lang='grc' dir='ltr'>κατάστασιν</span> <span class='ocrx_word' id='word_1_13' title='bbox 2977 418 3203 499; x_wconf 77' lang='grc' dir='ltr'>ἀγαγεϊν</span> <span class='ocrx_word' id='word_1_14' title='bbox 3252 417 3599 487; x_wconf 76' lang='grc' dir='ltr'><strong>ἱκανώτατος,</strong></span> <span class='ocrx_word' id='word_1_15' title='bbox 3659 417 3803 479; x_wconf 84' lang='grc' dir='ltr'>Ἐπεὶ</span> 
     </span>
    </p>
   </div>
   <div class='ocr_carea' id='block_1_5' title="bbox 448 499 2086 579">
    <p class='ocr_par' dir='ltr' id='par_1_5' title="bbox 448 499 2086 579">
     <span class='ocr_line' id='line_1_5' title="bbox 448 499 2086 579; baseline -0.003 -12"><span class='ocrx_word' id='word_1_16' title='bbox 448 503 599 567; x_wconf 87' lang='lat' dir='ltr'><strong>Nam</strong></span> <span class='ocrx_word' id='word_1_17' title='bbox 638 513 694 566; x_wconf 86' lang='lat' dir='ltr'><strong>et</strong></span> <span class='ocrx_word' id='word_1_18' title='bbox 720 504 1115 576; x_wconf 69' lang='lat' dir='ltr'><strong>copiosiorem</strong></span> <span class='ocrx_word' id='word_1_19' title='bbox 1175 510 1532 562; x_wconf 75' lang='lat' dir='ltr'><strong>consecutus</strong></span> <span class='ocrx_word' id='word_1_20' title='bbox 1586 508 1675 560; x_wconf 84' lang='lat' dir='ltr'><strong>est</strong></span> <span class='ocrx_word' id='word_1_21' title='bbox 1704 499 1979 579; x_wconf 80' lang='lat' dir='ltr'><strong>gratiam,</strong></span> <span class='ocrx_word' id='word_1_22' title='bbox 2026 511 2086 562; x_wconf 88' lang='lat' dir='ltr'><strong>et</strong></span> 
     </span>
    </p>
   </div>
   <div class='ocr_carea' id='block_1_6' title="bbox 448 589 2087 668">
    <p class='ocr_par' dir='ltr' id='par_1_6' title="bbox 448 589 2087 668">
     <span class='ocr_line' id='line_1_6' title="bbox 448 589 2087 668; baseline -0.005 -10"><span class='ocrx_word' id='word_1_23' title='bbox 448 594 738 658; x_wconf 86' lang='lat' dir='ltr'><strong>doctrinae</strong></span> <span class='ocrx_word' id='word_1_24' title='bbox 768 593 1032 655; x_wconf 83' lang='lat' dir='ltr'><strong>fontibus</strong></span> <span class='ocrx_word' id='word_1_25' title='bbox 1065 610 1209 652; x_wconf 90' lang='lat' dir='ltr'><strong>usus</strong></span> <span class='ocrx_word' id='word_1_26' title='bbox 1241 599 1328 650; x_wconf 90' lang='lat' dir='ltr'><strong>est</strong></span> <span class='ocrx_word' id='word_1_27' title='bbox 1351 589 1736 668; x_wconf 78' lang='lat' dir='ltr'><strong>duplicibus;</strong></span> <span class='ocrx_word' id='word_1_28' title='bbox 1770 609 1886 651; x_wconf 93' lang='lat' dir='ltr'><strong>non</strong></span> <span class='ocrx_word' id='word_1_29' title='bbox 1921 589 2087 652; x_wconf 84' lang='lat' dir='ltr'><strong>Pauli</strong></span> 
     </span>
    </p>
   </div>
   <div class='ocr_carea' id='block_1_7' title="bbox 446 680 2083 761">
    <p class='ocr_par' dir='ltr' id='par_1_7' title="bbox 446 680 2083 761">
     <span class='ocr_line' id='line_1_7' title="bbox 446 680 2083 761; baseline -0.004 -13"><span class='ocrx_word' id='word_1_30' title='bbox 446 684 823 748; x_wconf 75' lang='lat' dir='ltr'><strong>solummodo</strong></span> <span class='ocrx_word' id='word_1_31' title='bbox 885 680 1225 744; x_wconf 88' lang='lat' dir='ltr'><strong>admirabili</strong></span> <span class='ocrx_word' id='word_1_32' title='bbox 1284 681 1406 761; x_wconf 79' lang='lat' dir='ltr'><strong>lyra</strong></span> <span class='ocrx_word' id='word_1_33' title='bbox 1453 680 1711 744; x_wconf 65' lang='lat' dir='ltr'><strong>Spiritus</strong></span> <span class='ocrx_word' id='word_1_34' title='bbox 1767 699 1834 742; x_wconf 90' lang='lat' dir='ltr'><strong>se</strong></span> <span class='ocrx_word' id='word_1_35' title='bbox 1871 680 2083 742; x_wconf 82' lang='lat' dir='ltr'><strong>oblec-</strong></span> 
     </span>
    </p>
   </div>
   <div class='ocr_carea' id='block_1_8' title="bbox 449 771 2084 846">
    <p class='ocr_par' dir='ltr' id='par_1_8' title="bbox 449 771 2084 846">
     <span class='ocr_line' id='line_1_8' title="bbox 449 771 2084 846; baseline -0.002 -10"><span class='ocrx_word' id='word_1_36' title='bbox 449 781 603 846; x_wconf 87' lang='lat' dir='ltr'><strong>tans,</strong></span> <span class='ocrx_word' id='word_1_37' title='bbox 638 774 740 834; x_wconf 90' lang='lat' dir='ltr'><strong>sed</strong></span> <span class='ocrx_word' id='word_1_38' title='bbox 775 774 952 834; x_wconf 84' lang='lat' dir='ltr'><strong>etiam</strong></span> <span class='ocrx_word' id='word_1_39' title='bbox 1010 789 1249 832; x_wconf 90' lang='lat' dir='ltr'><strong>versans</strong></span> <span class='ocrx_word' id='word_1_40' title='bbox 1295 789 1430 833; x_wconf 86' lang='lat' dir='ltr'><strong>cum</strong></span> <span class='ocrx_word' id='word_1_41' title='bbox 1477 771 1709 834; x_wconf 83' lang='lat' dir='ltr'><strong>Joanne</strong></span> <span class='ocrx_word' id='word_1_42' title='bbox 1739 771 1956 834; x_wconf 86' lang='lat' dir='ltr'><strong>eximie</strong></span> <span class='ocrx_word' id='word_1_43' title='bbox 1985 771 2084 832; x_wconf 87' lang='lat' dir='ltr'><strong>di-</strong></span> 
     </span>
    </p>
   </div>
   <div class='ocr_carea' id='block_1_9' title="bbox 446 861 2086 943">
    <p class='ocr_par' dir='ltr' id='par_1_9' title="bbox 446 861 2086 943">
     <span class='ocr_line' id='line_1_9' title="bbox 446 861 2086 943; baseline -0.001 -17"><span class='ocrx_word' id='word_1_44' title='bbox 446 863 597 926; x_wconf 90' lang='lat' dir='ltr'><strong>lecto</strong></span> <span class='ocrx_word' id='word_1_45' title='bbox 628 861 950 943; x_wconf 88' lang='lat' dir='ltr'><strong>discipulo,</strong></span> <span class='ocrx_word' id='word_1_46' title='bbox 984 869 1044 922; x_wconf 92' lang='lat' dir='ltr'><strong>et</strong></span> <span class='ocrx_word' id='word_1_47' title='bbox 1100 861 1172 922; x_wconf 91' lang='lat' dir='ltr'><strong>ab</strong></span> <span class='ocrx_word' id='word_1_48' title='bbox 1228 880 1300 924; x_wconf 90' lang='lat' dir='ltr'><strong>eo</strong></span> <span class='ocrx_word' id='word_1_49' title='bbox 1353 863 1666 943; x_wconf 65' lang='lat' dir='ltr'><strong>praefectus</strong></span> <span class='ocrx_word' id='word_1_50' title='bbox 1697 862 2086 924; x_wconf 88' lang='lat' dir='ltr'><strong>administra-</strong></span> 
     </span>
    </p>
   </div>
   <div class='ocr_carea' id='block_1_10' title="bbox 448 949 2088 1031">
    <p class='ocr_par' dir='ltr' id='par_1_10' title="bbox 448 949 2088 1031">
     <span class='ocr_line' id='line_1_10' title="bbox 448 949 2088 1031; baseline 0.001 -18"><span class='ocrx_word' id='word_1_51' title='bbox 448 953 590 1013; x_wconf 80' lang='lat' dir='ltr'><strong>tioni</strong></span> <span class='ocrx_word' id='word_1_52' title='bbox 624 949 786 1012; x_wconf 87' lang='lat' dir='ltr'><strong>sedis</strong></span> <span class='ocrx_word' id='word_1_53' title='bbox 833 950 1255 1031; x_wconf 86' lang='lat' dir='ltr'><strong>Ephesiorum,</strong></span> <span class='ocrx_word' id='word_1_54' title='bbox 1319 970 1454 1014; x_wconf 88' lang='lat' dir='ltr'><strong>cum</strong></span> <span class='ocrx_word' id='word_1_55' title='bbox 1505 951 1580 1013; x_wconf 91' lang='lat' dir='ltr'><strong>ab</strong></span> <span class='ocrx_word' id='word_1_56' title='bbox 1635 970 1706 1012; x_wconf 93' lang='lat' dir='ltr'><strong>eo</strong></span> <span class='ocrx_word' id='word_1_57' title='bbox 1733 951 1998 1015; x_wconf 74' lang='lat' dir='ltr'><strong>audisset</strong></span> <span class='ocrx_word' id='word_1_58' title='bbox 2028 959 2088 1015; x_wconf 84' lang='lat' dir='ltr'><strong>et</strong></span> 
     </span>
    </p>
   </div>
   <div class='ocr_carea' id='block_1_11' title="bbox 444 1040 1848 1124">
    <p class='ocr_par' dir='ltr' id='par_1_11' title="bbox 444 1040 1848 1124">
     <span class='ocr_line' id='line_1_11' title="bbox 444 1040 1848 1124; baseline -0.002 -19"><span class='ocrx_word' id='word_1_59' title='bbox 444 1040 775 1123; x_wconf 76' lang='lat' dir='ltr'><strong>didicisset,</strong></span> <span class='ocrx_word' id='word_1_60' title='bbox 808 1059 943 1122; x_wconf 71' lang='lat' dir='ltr'><strong>quae</strong></span> <span class='ocrx_word' id='word_1_61' title='bbox 973 1041 1078 1104; x_wconf 91' lang='lat' dir='ltr'><strong>ille</strong></span> <span class='ocrx_word' id='word_1_62' title='bbox 1107 1059 1317 1104; x_wconf 87' lang='lat' dir='ltr'><strong>rursus</strong></span> <span class='ocrx_word' id='word_1_63' title='bbox 1348 1059 1381 1104; x_wconf 87' lang='lat' dir='ltr'><strong>a</strong></span> <span class='ocrx_word' id='word_1_64' title='bbox 1411 1041 1570 1105; x_wconf 86' lang='lat' dir='ltr'><strong>bono</strong></span> <span class='ocrx_word' id='word_1_65' title='bbox 1601 1040 1848 1124; x_wconf 87' lang='lat' dir='ltr'><strong>Spiritu.</strong></span> 
     </span>
    </p>
   </div>
   <div class='ocr_carea' id='block_1_12' title="bbox 524 1220 2088 1302">
    <p class='ocr_par' dir='ltr' id='par_1_12' title="bbox 524 1220 2088 1302">
     <span class='ocr_line' id='line_1_12' title="bbox 524 1220 2088 1302; baseline -0.001 -16"><span class='ocrx_word' id='word_1_66' title='bbox 524 1221 814 1286; x_wconf 81' lang='lat' dir='ltr'><strong>Vll.Nam</strong></span> <span class='ocrx_word' id='word_1_67' title='bbox 833 1239 968 1283; x_wconf 89' lang='lat' dir='ltr'><strong>cum</strong></span> <span class='ocrx_word' id='word_1_68' title='bbox 989 1221 1288 1302; x_wconf 89' lang='lat' dir='ltr'><strong>Nero,qui</strong></span> <span class='ocrx_word' id='word_1_69' title='bbox 1305 1221 1458 1284; x_wconf 89' lang='lat' dir='ltr'><strong>male</strong></span> <span class='ocrx_word' id='word_1_70' title='bbox 1473 1221 1545 1284; x_wconf 90' lang='lat' dir='ltr'><strong>ad</strong></span> <span class='ocrx_word' id='word_1_71' title='bbox 1571 1221 1649 1282; x_wconf 93' lang='lat' dir='ltr'><strong>im</strong></span> <span class='ocrx_word' id='word_1_72' title='bbox 1661 1220 2088 1302; x_wconf 86' lang='lat' dir='ltr'><strong>perium,male</strong></span> 
     </span>
    </p>
   </div>
   <div class='ocr_carea' id='block_1_13' title="bbox 451 1310 2089 1396">
    <p class='ocr_par' dir='ltr' id='par_1_13' title="bbox 451 1310 2089 1396">
     <span class='ocr_line' id='line_1_13' title="bbox 451 1310 2089 1396; baseline -0.001 -22"><span class='ocrx_word' id='word_1_73' title='bbox 451 1314 508 1396; x_wconf 92' lang='grc' dir='ltr'>(ο</span> <span class='ocrx_word' id='word_1_74' title='bbox 557 1311 793 1392; x_wconf 88' lang='lat' dir='ltr'><strong>justitia</strong></span> <span class='ocrx_word' id='word_1_75' title='bbox 853 1317 912 1371; x_wconf 91' lang='lat' dir='ltr'><strong>et</strong></span> <span class='ocrx_word' id='word_1_76' title='bbox 958 1310 1066 1373; x_wconf 88' lang='lat' dir='ltr'><strong>Dei</strong></span> <span class='ocrx_word' id='word_1_77' title='bbox 1120 1311 1504 1392; x_wconf 83' lang='lat' dir='ltr'><strong>tolerantia!)</strong></span> <span class='ocrx_word' id='word_1_78' title='bbox 1563 1317 1923 1385; x_wconf 79' lang='lat' dir='ltr'><strong>accesserat,</strong></span> <span class='ocrx_word' id='word_1_79' title='bbox 1987 1311 2089 1373; x_wconf 79' lang='lat' dir='ltr'><strong>lini</strong></span> 
     </span>
    </p>
   </div>
   <div class='ocr_carea' id='block_1_14' title="bbox 447 1399 2086 1482">
    <p class='ocr_par' dir='ltr' id='par_1_14' title="bbox 447 1399 2086 1482">
     <span class='ocr_line' id='line_1_14' title="bbox 447 1399 2086 1482; baseline -0.004 -15"><span class='ocrx_word' id='word_1_80' title='bbox 447 1401 710 1482; x_wconf 84' lang='lat' dir='ltr'><strong>martyrii</strong></span> <span class='ocrx_word' id='word_1_81' title='bbox 747 1401 1046 1482; x_wconf 86' lang='lat' dir='ltr'><strong>principes</strong></span> <span class='ocrx_word' id='word_1_82' title='bbox 1075 1400 1784 1480; x_wconf 86' lang='lat' dir='ltr'><strong>apostolorum,Petrum,</strong></span> <span class='ocrx_word' id='word_1_83' title='bbox 1817 1399 2086 1481; x_wconf 90' lang='lat' dir='ltr'><strong>inquam,</strong></span> 
     </span>
    </p>
   </div>
   <div class='ocr_carea' id='block_1_15' title="bbox 450 1491 2115 1572">
    <p class='ocr_par' dir='ltr' id='par_1_15' title="bbox 450 1491 2115 1572">
     <span class='ocr_line' id='line_1_15' title="bbox 450 1491 2115 1572; baseline -0.003 -14"><span class='ocrx_word' id='word_1_84' title='bbox 450 1495 510 1558; x_wconf 86' lang='lat' dir='ltr'><strong>et</strong></span> <span class='ocrx_word' id='word_1_85' title='bbox 535 1494 800 1560; x_wconf 84' lang='lat' dir='ltr'><strong>Paulum.</strong></span> <span class='ocrx_word' id='word_1_86' title='bbox 837 1491 1218 1570; x_wconf 90' lang='lat' dir='ltr'><strong>subjecisset,</strong></span> <span class='ocrx_word' id='word_1_87' title='bbox 1249 1500 1306 1552; x_wconf 91' lang='lat' dir='ltr'><strong>et</strong></span> <span class='ocrx_word' id='word_1_88' title='bbox 1325 1491 1424 1553; x_wconf 82' lang='lat' dir='ltr'><strong>alii</strong></span> <span class='ocrx_word' id='word_1_89' title='bbox 1445 1491 1547 1570; x_wconf 91' lang='lat' dir='ltr'><strong>qui</strong></span> <span class='ocrx_word' id='word_1_90' title='bbox 1577 1510 1713 1554; x_wconf 92' lang='lat' dir='ltr'><strong>cum</strong></span> <span class='ocrx_word' id='word_1_91' title='bbox 1744 1491 1890 1572; x_wconf 89' lang='lat' dir='ltr'><strong>ipsis</strong></span> <span class='ocrx_word' id='word_1_92' title='bbox 1919 1498 2115 1555; x_wconf 78' lang='lat' dir='ltr'><strong>erant</strong></span> 
     </span>
    </p>
   </div>
   <div class='ocr_carea' id='block_1_16' title="bbox 449 1581 2084 1664">
    <p class='ocr_par' dir='ltr' id='par_1_16' title="bbox 449 1581 2084 1664">
     <span class='ocr_line' id='line_1_16' title="bbox 449 1581 2084 1664; baseline -0.003 -16"><span class='ocrx_word' id='word_1_93' title='bbox 449 1583 728 1664; x_wconf 86' lang='lat' dir='ltr'><strong>discipuli</strong></span> <span class='ocrx_word' id='word_1_94' title='bbox 754 1601 820 1643; x_wconf 87' lang='lat' dir='ltr'><strong>se</strong></span> <span class='ocrx_word' id='word_1_95' title='bbox 838 1581 959 1643; x_wconf 87' lang='lat' dir='ltr'><strong>alio</strong></span> <span class='ocrx_word' id='word_1_96' title='bbox 991 1581 1430 1644; x_wconf 81' lang='lat' dir='ltr'><strong>convertissem</strong></span> <span class='ocrx_word' id='word_1_97' title='bbox 1457 1601 1473 1658; x_wconf 88' lang='lat'><strong>;</strong></span> <span class='ocrx_word' id='word_1_98' title='bbox 1497 1581 1714 1643; x_wconf 80' lang='lat' dir='ltr'><strong>accidit</strong></span> <span class='ocrx_word' id='word_1_99' title='bbox 1736 1589 1798 1643; x_wconf 90' lang='lat' dir='ltr'><strong>ut</strong></span> <span class='ocrx_word' id='word_1_100' title='bbox 1829 1582 1927 1644; x_wconf 91' lang='lat' dir='ltr'><strong>hic</strong></span> <span class='ocrx_word' id='word_1_101' title='bbox 1955 1600 2084 1643; x_wconf 90' lang='lat' dir='ltr'><strong>ma-</strong></span> 
     </span>
    </p>
   </div>
   <div class='ocr_carea' id='block_1_17' title="bbox 447 1671 2082 1756">
    <p class='ocr_par' dir='ltr' id='par_1_17' title="bbox 447 1671 2082 1756">
     <span class='ocr_line' id='line_1_17' title="bbox 447 1671 2082 1756; baseline -0.002 -18"><span class='ocrx_word' id='word_1_102' title='bbox 447 1694 600 1756; x_wconf 85' lang='lat' dir='ltr'><strong>gnus</strong></span> <span class='ocrx_word' id='word_1_103' title='bbox 629 1671 992 1752; x_wconf 74' lang='lat' dir='ltr'><strong>evangelista</strong></span> <span class='ocrx_word' id='word_1_104' title='bbox 1023 1680 1080 1733; x_wconf 90' lang='lat' dir='ltr'><strong>et</strong></span> <span class='ocrx_word' id='word_1_105' title='bbox 1100 1672 1438 1749; x_wconf 83' lang='lat' dir='ltr'><strong>Theologus</strong></span> <span class='ocrx_word' id='word_1_106' title='bbox 1459 1671 1682 1751; x_wconf 85' lang='lat' dir='ltr'><strong>Ephesi</strong></span> <span class='ocrx_word' id='word_1_107' title='bbox 1714 1674 2082 1749; x_wconf 88' lang='lat' dir='ltr'><strong>constiteret,</strong></span> 
     </span>
    </p>
   </div>
   <div class='ocr_carea' id='block_1_18' title="bbox 2169 501 3802 591">
    <p class='ocr_par' dir='ltr' id='par_1_18' title="bbox 2169 501 3802 591">
     <span class='ocr_line' id='line_1_18' title="bbox 2169 501 3802 591; baseline 0.006 -33"><span class='ocrx_word' id='word_1_108' title='bbox 2169 503 2256 558; x_wconf 79' lang='grc' dir='ltr'><strong>καὶ</strong></span> <span class='ocrx_word' id='word_1_109' title='bbox 2342 501 2729 585; x_wconf 80' lang='grc' dir='ltr'>δαψιλεστέρας</span> <span class='ocrx_word' id='word_1_110' title='bbox 2806 508 3077 570; x_wconf 79' lang='grc' dir='ltr'><strong>ἀπέλαυσε</strong></span> <span class='ocrx_word' id='word_1_111' title='bbox 3133 509 3384 591; x_wconf 79' lang='grc' dir='ltr'>χάριτος,</span> <span class='ocrx_word' id='word_1_112' title='bbox 3443 511 3534 568; x_wconf 76' lang='grc' dir='ltr'>καὶ</span> <span class='ocrx_word' id='word_1_113' title='bbox 3590 507 3802 579; x_wconf 73' lang='grc' dir='ltr'>διπλαῖς</span> 
     </span>
    </p>
   </div>
   <div class='ocr_carea' id='block_1_19' title="bbox 2169 593 3802 678">
    <p class='ocr_par' dir='ltr' id='par_1_19' title="bbox 2169 593 3802 678">
     <span class='ocr_line' id='line_1_19' title="bbox 2169 593 3802 678; baseline 0.006 -29"><span class='ocrx_word' id='word_1_114' title='bbox 2169 593 2442 672; x_wconf 78' lang='grc' dir='ltr'>ἐχρήσατο</span> <span class='ocrx_word' id='word_1_115' title='bbox 2491 609 2615 662; x_wconf 75' lang='grc' dir='ltr'>ταῖς</span> <span class='ocrx_word' id='word_1_116' title='bbox 2659 599 2760 664; x_wconf 76' lang='grc' dir='ltr'>τῆς</span> <span class='ocrx_word' id='word_1_117' title='bbox 2803 595 3144 665; x_wconf 68' lang='grc' dir='ltr'>διδασκαλίας</span> <span class='ocrx_word' id='word_1_118' title='bbox 3200 613 3411 678; x_wconf 74' lang='grc' dir='ltr'>πηγαῖς</span> <span class='ocrx_word' id='word_1_119' title='bbox 3447 619 3462 635; x_wconf 82' lang='grc'><strong><em>⁸</em></strong></span> <span class='ocrx_word' id='word_1_120' title='bbox 3511 601 3571 656; x_wconf 75' lang='grc' dir='ltr'>οὗ</span> <span class='ocrx_word' id='word_1_121' title='bbox 3602 601 3802 658; x_wconf 79' lang='grc' dir='ltr'>Παύλου</span> 
     </span>
    </p>
   </div>
   <div class='ocr_carea' id='block_1_20' title="bbox 2167 686 3804 770">
    <p class='ocr_par' dir='ltr' id='par_1_20' title="bbox 2167 686 3804 770">
     <span class='ocr_line' id='line_1_20' title="bbox 2167 686 3804 770; baseline 0.006 -30"><span class='ocrx_word' id='word_1_122' title='bbox 2167 686 2576 765; x_wconf 78' lang='grc' dir='ltr'>κατατρυφήσας</span> <span class='ocrx_word' id='word_1_123' title='bbox 2636 687 2822 764; x_wconf 84' lang='grc' dir='ltr'>μόνον,</span> <span class='ocrx_word' id='word_1_124' title='bbox 2869 693 2930 748; x_wconf 72' lang='grc' dir='ltr'>οὔ</span> <span class='ocrx_word' id='word_1_125' title='bbox 2985 695 3086 758; x_wconf 79' lang='grc' dir='ltr'>τῆς</span> <span class='ocrx_word' id='word_1_126' title='bbox 3131 693 3443 758; x_wconf 74' lang='grc' dir='ltr'>θαυμαστῆς</span> <span class='ocrx_word' id='word_1_127' title='bbox 3504 689 3662 770; x_wconf 81' lang='grc' dir='ltr'>λόρας</span> <span class='ocrx_word' id='word_1_128' title='bbox 3716 701 3804 751; x_wconf 82' lang='grc' dir='ltr'>τοῦ</span> 
     </span>
    </p>
   </div>
   <div class='ocr_carea' id='block_1_21' title="bbox 2171 775 3800 861">
    <p class='ocr_par' dir='ltr' id='par_1_21' title="bbox 2171 775 3800 861">
     <span class='ocr_line' id='line_1_21' title="bbox 2171 775 3800 861; baseline 0.005 -31"><span class='ocrx_word' id='word_1_129' title='bbox 2171 775 2478 850; x_wconf 85' lang='grc' dir='ltr'>Πνεύματος</span> <span class='ocrx_word' id='word_1_130' title='bbox 2513 795 2527 810; x_wconf 76' lang='grc'><strong>⁸</strong></span> <span class='ocrx_word' id='word_1_131' title='bbox 2577 776 2714 835; x_wconf 84' lang='grc' dir='ltr'><strong>ἀλλά</strong></span> <span class='ocrx_word' id='word_1_132' title='bbox 2755 779 2845 836; x_wconf 85' lang='grc' dir='ltr'>καὶ</span> <span class='ocrx_word' id='word_1_133' title='bbox 2875 776 3098 858; x_wconf 69' lang='grc' dir='ltr'>Ἰωάννῃ</span> <span class='ocrx_word' id='word_1_134' title='bbox 3151 785 3229 854; x_wconf 83' lang='grc' dir='ltr'><strong>τῷ</strong></span> <span class='ocrx_word' id='word_1_135' title='bbox 3269 778 3630 861; x_wconf 75' lang='grc' dir='ltr'>διαφερόντως</span> <span class='ocrx_word' id='word_1_136' title='bbox 3663 780 3800 859; x_wconf 78' lang='grc' dir='ltr'>ἠγα-</span> 
     </span>
    </p>
   </div>
   <div class='ocr_carea' id='block_1_22' title="bbox 2169 864 3803 947">
    <p class='ocr_par' dir='ltr' id='par_1_22' title="bbox 2169 864 3803 947">
     <span class='ocr_line' id='line_1_22' title="bbox 2169 864 3803 947; baseline 0.002 -25"><span class='ocrx_word' id='word_1_137' title='bbox 2169 864 2397 940; x_wconf 79' lang='grc' dir='ltr'>πημένῳ</span> <span class='ocrx_word' id='word_1_138' title='bbox 2454 867 2844 946; x_wconf 76' lang='grc' dir='ltr'><strong>συγγενόμενος</strong></span> <span class='ocrx_word' id='word_1_139' title='bbox 2904 872 3142 947; x_wconf 73' lang='grc' dir='ltr'>μαθητῇ,</span> <span class='ocrx_word' id='word_1_140' title='bbox 3202 871 3290 927; x_wconf 79' lang='grc' dir='ltr'><strong>καὶ</strong></span> <span class='ocrx_word' id='word_1_141' title='bbox 3346 866 3434 927; x_wconf 67' lang='grc' dir='ltr'><strong>ὄπ’</strong></span> <span class='ocrx_word' id='word_1_142' title='bbox 3488 873 3649 929; x_wconf 74' lang='grc' dir='ltr'>αὐτοῦ</span> <span class='ocrx_word' id='word_1_143' title='bbox 3715 871 3803 926; x_wconf 82' lang='grc' dir='ltr'><strong>τὸν</strong></span> 
     </span>
    </p>
   </div>
   <div class='ocr_carea' id='block_1_23' title="bbox 2167 953 3804 1040">
    <p class='ocr_par' dir='ltr' id='par_1_23' title="bbox 2167 953 3804 1040">
     <span class='ocr_line' id='line_1_23' title="bbox 2167 953 3804 1040; baseline 0.002 -28"><span class='ocrx_word' id='word_1_144' title='bbox 2167 960 2267 1024; x_wconf 80' lang='grc' dir='ltr'>τῆς</span> <span class='ocrx_word' id='word_1_145' title='bbox 2321 953 2582 1036; x_wconf 75' lang='grc' dir='ltr'><strong>Ἐφεσίων</strong></span> <span class='ocrx_word' id='word_1_146' title='bbox 2625 957 2806 1035; x_wconf 83' lang='grc' dir='ltr'>θρόνον</span> <span class='ocrx_word' id='word_1_147' title='bbox 2857 959 3233 1040; x_wconf 77' lang='grc' dir='ltr'>ἐγχειρισθεὶς,</span> <span class='ocrx_word' id='word_1_148' title='bbox 3277 960 3365 1016; x_wconf 81' lang='grc' dir='ltr'><strong>καὶ</strong></span> <span class='ocrx_word' id='word_1_149' title='bbox 3395 959 3625 1023; x_wconf 78' lang='grc' dir='ltr'>ἀκούσας</span> <span class='ocrx_word' id='word_1_150' title='bbox 3681 959 3804 1038; x_wconf 86' lang='grc' dir='ltr'>παρ’</span> 
     </span>
    </p>
   </div>
   <div class='ocr_carea' id='block_1_24' title="bbox 2169 1046 3804 1130">
    <p class='ocr_par' dir='ltr' id='par_1_24' title="bbox 2169 1046 3804 1130">
     <span class='ocr_line' id='line_1_24' title="bbox 2169 1046 3804 1130; baseline 0.004 -30"><span class='ocrx_word' id='word_1_151' title='bbox 2169 1046 2327 1105; x_wconf 75' lang='grc' dir='ltr'>αὒτοῠ</span> <span class='ocrx_word' id='word_1_152' title='bbox 2369 1047 2459 1104; x_wconf 82' lang='grc' dir='ltr'><strong>καὶ</strong></span> <span class='ocrx_word' id='word_1_153' title='bbox 2509 1049 2691 1125; x_wconf 83' lang='grc' dir='ltr'>μαθὼν</span> <span class='ocrx_word' id='word_1_154' title='bbox 2750 1048 2782 1106; x_wconf 82' lang='grc' dir='ltr'><strong>ἃ</strong></span> <span class='ocrx_word' id='word_1_155' title='bbox 2825 1048 2986 1106; x_wconf 82' lang='grc' dir='ltr'>πάλιν</span> <span class='ocrx_word' id='word_1_156' title='bbox 3049 1049 3257 1116; x_wconf 74' lang='grc' dir='ltr'>ἰκεϊνος</span> <span class='ocrx_word' id='word_1_157' title='bbox 3312 1051 3417 1108; x_wconf 78' lang='grc' dir='ltr'>ὑπὸ</span> <span class='ocrx_word' id='word_1_158' title='bbox 3473 1057 3570 1110; x_wconf 78' lang='grc' dir='ltr'>τοῦ</span> <span class='ocrx_word' id='word_1_159' title='bbox 3613 1049 3804 1130; x_wconf 83' lang='grc' dir='ltr'>ἀγαθοῦ</span> 
     </span>
    </p>
   </div>
   <div class='ocr_carea' id='block_1_25' title="bbox 2173 1135 2480 1210">
    <p class='ocr_par' dir='ltr' id='par_1_25' title="bbox 2173 1135 2480 1210">
     <span class='ocr_line' id='line_1_25' title="bbox 2173 1135 2480 1210; baseline 0.013 -19"><span class='ocrx_word' id='word_1_160' title='bbox 2173 1135 2480 1210; x_wconf 74' lang='grc' dir='ltr'>Πνεύματος</span> 
     </span>
    </p>
   </div>
   <div class='ocr_carea' id='block_1_26' title="bbox 2249 1225 3802 1310">
    <p class='ocr_par' dir='ltr' id='par_1_26' title="bbox 2249 1225 3802 1310">
     <span class='ocr_line' id='line_1_26' title="bbox 2249 1225 3802 1310; baseline 0 -28"><span class='ocrx_word' id='word_1_161' title='bbox 2249 1225 2328 1290; x_wconf 81' lang='grc' dir='ltr'><strong>Ζ’.</strong></span> <span class='ocrx_word' id='word_1_162' title='bbox 2386 1227 2626 1308; x_wconf 72' lang='grc' dir='ltr'>Νέρωνος</span> <span class='ocrx_word' id='word_1_163' title='bbox 2683 1229 2783 1310; x_wconf 79' lang='grc' dir='ltr'><strong>γὰρ</strong></span> <span class='ocrx_word' id='word_1_164' title='bbox 2839 1236 2932 1286; x_wconf 77' lang='grc' dir='ltr'>τοῦ</span> <span class='ocrx_word' id='word_1_165' title='bbox 2975 1236 3156 1296; x_wconf 84' lang='grc' dir='ltr'>κακῶς</span> <span class='ocrx_word' id='word_1_166' title='bbox 3210 1232 3286 1298; x_wconf 77' lang='grc' dir='ltr'>εἷς</span> <span class='ocrx_word' id='word_1_167' title='bbox 3347 1231 3442 1299; x_wconf 73' lang='grc' dir='ltr'><strong>τὴν</strong></span> <span class='ocrx_word' id='word_1_168' title='bbox 3509 1229 3802 1310; x_wconf 75' lang='grc' dir='ltr'>βασιλείαν,</span> 
     </span>
    </p>
   </div>
   <div class='ocr_carea' id='block_1_27' title="bbox 2168 1319 3804 1402">
    <p class='ocr_par' dir='ltr' id='par_1_27' title="bbox 2168 1319 3804 1402">
     <span class='ocr_line' id='line_1_27' title="bbox 2168 1319 3804 1402; baseline 0.001 -28"><span class='ocrx_word' id='word_1_169' title='bbox 2168 1319 2353 1382; x_wconf 79' lang='grc' dir='ltr'>κᾶκῶς</span> <span class='ocrx_word' id='word_1_170' title='bbox 2378 1322 2442 1397; x_wconf 84' lang='grc' dir='ltr'><strong>(ὦ</strong></span> <span class='ocrx_word' id='word_1_171' title='bbox 2487 1319 2608 1386; x_wconf 77' lang='grc' dir='ltr'>ὀίκη</span> <span class='ocrx_word' id='word_1_172' title='bbox 2652 1321 2742 1378; x_wconf 78' lang='grc' dir='ltr'><strong>καὶ</strong></span> <span class='ocrx_word' id='word_1_173' title='bbox 2782 1320 2962 1402; x_wconf 85' lang='grc' dir='ltr'>ἀνοχη</span> <span class='ocrx_word' id='word_1_174' title='bbox 3007 1319 3165 1401; x_wconf 81' lang='grc' dir='ltr'>Θεοῦ)</span> <span class='ocrx_word' id='word_1_175' title='bbox 3226 1321 3608 1400; x_wconf 75' lang='grc' dir='ltr'>παρελθόντος,</span> <span class='ocrx_word' id='word_1_176' title='bbox 3665 1342 3804 1396; x_wconf 89' lang='grc' dir='ltr'>μαρ-</span> 
     </span>
    </p>
   </div>
   <div class='ocr_carea' id='block_1_28' title="bbox 2169 1408 3807 1491">
    <p class='ocr_par' dir='ltr' id='par_1_28' title="bbox 2169 1408 3807 1491">
     <span class='ocr_line' id='line_1_28' title="bbox 2169 1408 3807 1491; baseline -0.001 -26"><span class='ocrx_word' id='word_1_177' title='bbox 2169 1408 2536 1486; x_wconf 82' lang='grc' dir='ltr'>τυρικῷ-τέλει</span> <span class='ocrx_word' id='word_1_178' title='bbox 2579 1411 2701 1476; x_wconf 78' lang='grc' dir='ltr'>τοὺς</span> <span class='ocrx_word' id='word_1_179' title='bbox 2757 1411 2930 1488; x_wconf 73' lang='grc' dir='ltr'>ἱεροὺς</span> <span class='ocrx_word' id='word_1_180' title='bbox 2991 1411 3304 1491; x_wconf 76' lang='grc' dir='ltr'>κορυφαίους</span> <span class='ocrx_word' id='word_1_181' title='bbox 3357 1418 3464 1468; x_wconf 88' lang='grc' dir='ltr'><strong>τῶν</strong></span> <span class='ocrx_word' id='word_1_182' title='bbox 3495 1409 3807 1469; x_wconf 80' lang='grc' dir='ltr'>ἀποστόλων</span> 
     </span>
    </p>
   </div>
   <div class='ocr_carea' id='block_1_29' title="bbox 2170 1498 3805 1577">
    <p class='ocr_par' dir='ltr' id='par_1_29' title="bbox 2170 1498 3805 1577">
     <span class='ocr_line' id='line_1_29' title="bbox 2170 1498 3805 1577; baseline 0.001 -22"><span class='ocrx_word' id='word_1_183' title='bbox 2170 1498 2371 1577; x_wconf 83' lang='grc' dir='ltr'>Πέτρου</span> <span class='ocrx_word' id='word_1_184' title='bbox 2433 1501 2526 1558; x_wconf 78' lang='grc' dir='ltr'><strong>καὶ</strong></span> <span class='ocrx_word' id='word_1_185' title='bbox 2585 1499 2796 1558; x_wconf 77' lang='grc' dir='ltr'>Παύλου</span> <span class='ocrx_word' id='word_1_186' title='bbox 2826 1498 3213 1575; x_wconf 76' lang='grc' dir='ltr'>ὑποϐαλόντος,</span> <span class='ocrx_word' id='word_1_187' title='bbox 3245 1508 3354 1558; x_wconf 88' lang='grc' dir='ltr'><strong>τῶν</strong></span> <span class='ocrx_word' id='word_1_188' title='bbox 3399 1523 3454 1558; x_wconf 86' lang='grc' dir='ltr'><strong>τε</strong></span> <span class='ocrx_word' id='word_1_189' title='bbox 3487 1501 3582 1558; x_wconf 78' lang='grc' dir='ltr'><strong>σὺν</strong></span> <span class='ocrx_word' id='word_1_190' title='bbox 3629 1504 3805 1562; x_wconf 73' lang='grc' dir='ltr'>αὐτοῖς</span> 
     </span>
    </p>
   </div>
   <div class='ocr_carea' id='block_1_30' title="bbox 2168 1589 3802 1670">
    <p class='ocr_par' dir='ltr' id='par_1_30' title="bbox 2168 1589 3802 1670">
     <span class='ocr_line' id='line_1_30' title="bbox 2168 1589 3802 1670; baseline 0.001 -25"><span class='ocrx_word' id='word_1_191' title='bbox 2168 1592 2423 1664; x_wconf 80' lang='grc' dir='ltr'>μαθητῶν</span> <span class='ocrx_word' id='word_1_192' title='bbox 2455 1589 2633 1647; x_wconf 76' lang='grc' dir='ltr'>ἄλλων</span> <span class='ocrx_word' id='word_1_193' title='bbox 2697 1589 2920 1669; x_wconf 84' lang='grc' dir='ltr'>ἀλλαχῆ</span> <span class='ocrx_word' id='word_1_194' title='bbox 2980 1591 3072 1648; x_wconf 75' lang='grc' dir='ltr'>τὸν</span> <span class='ocrx_word' id='word_1_195' title='bbox 3128 1591 3240 1669; x_wconf 89' lang='grc' dir='ltr'>βίον</span> <span class='ocrx_word' id='word_1_196' title='bbox 3297 1591 3802 1670; x_wconf 83' lang='grc' dir='ltr'>καταστρεψάντων,</span> 
     </span>
    </p>
   </div>
   <div class='ocr_carea' id='block_1_31' title="bbox 2168 1677 3804 1760">
    <p class='ocr_par' dir='ltr' id='par_1_31' title="bbox 2168 1677 3804 1760">
     <span class='ocr_line' id='line_1_31' title="bbox 2168 1677 3804 1760; baseline 0 -26"><span class='ocrx_word' id='word_1_197' title='bbox 2168 1677 2449 1747; x_wconf 75' lang='grc' dir='ltr'>ἔπιστῆναί</span> <span class='ocrx_word' id='word_1_198' title='bbox 2505 1703 2635 1738; x_wconf 88' lang='grc' dir='ltr'>ποτε</span> <span class='ocrx_word' id='word_1_199' title='bbox 2693 1678 2888 1748; x_wconf 78' lang='grc' dir='ltr'>συνέϐη</span> <span class='ocrx_word' id='word_1_200' title='bbox 2944 1681 3034 1737; x_wconf 78' lang='grc' dir='ltr'><strong>τὸν</strong></span> <span class='ocrx_word' id='word_1_201' title='bbox 3083 1681 3255 1759; x_wconf 85' lang='grc' dir='ltr'>μέγαν</span> <span class='ocrx_word' id='word_1_202' title='bbox 3297 1691 3484 1742; x_wconf 82' lang='grc' dir='ltr'>τοῦτον</span> <span class='ocrx_word' id='word_1_203' title='bbox 3519 1679 3804 1760; x_wconf 68' lang='grc' dir='ltr'>εὐαγγελι-</span> 
     </span>
    </p>
   </div>
   <div class='ocr_carea' id='block_1_32' title="bbox 445 1762 2085 1853">
    <p class='ocr_par' dir='ltr' id='par_1_32' title="bbox 445 1762 2084 1853">
     <span class='ocr_line' id='line_1_32' title="bbox 445 1762 2084 1853; baseline -0.002 -25"><span class='ocrx_word' id='word_1_204' title='bbox 445 1785 479 1828; x_wconf 91' lang='lat' dir='ltr'><strong>a</strong></span> <span class='ocrx_word' id='word_1_205' title='bbox 507 1769 862 1844; x_wconf 67' lang='lat' dir='ltr'><strong>tempestate</strong></span> <span class='ocrx_word' id='word_1_206' title='bbox 889 1770 948 1824; x_wconf 90' lang='lat' dir='ltr'><strong>et</strong></span> <span class='ocrx_word' id='word_1_207' title='bbox 979 1762 1284 1842; x_wconf 75' lang='lat' dir='ltr'><strong>naufragio</strong></span> <span class='ocrx_word' id='word_1_208' title='bbox 1316 1763 1572 1853; x_wconf 84' lang='lat' dir='ltr'><strong>ejectus,</strong></span> <span class='ocrx_word' id='word_1_209' title='bbox 1606 1770 1671 1823; x_wconf 87' lang='lat' dir='ltr'><strong>ut</strong></span> <span class='ocrx_word' id='word_1_210' title='bbox 1726 1769 1786 1824; x_wconf 90' lang='lat' dir='ltr'><strong>et</strong></span> <span class='ocrx_word' id='word_1_211' title='bbox 1813 1762 2084 1825; x_wconf 80' lang='lat' dir='ltr'><strong>referunt</strong></span> 
     </span>
    </p>
   </div>
   <div class='ocr_carea' id='block_1_33' title="bbox 2167 1762 3806 1853">
    <p class='ocr_par' dir='ltr' id='par_1_33' title="bbox 2167 1769 3806 1853">
     <span class='ocr_line' id='line_1_33' title="bbox 2167 1769 3806 1853; baseline 0.001 -28"><span class='ocrx_word' id='word_1_212' title='bbox 2167 1771 2300 1840; x_wconf 69' lang='grc' dir='ltr'>στήν</span> <span class='ocrx_word' id='word_1_213' title='bbox 2355 1791 2414 1828; x_wconf 88' lang='grc' dir='ltr'><strong>τε</strong></span> <span class='ocrx_word' id='word_1_214' title='bbox 2471 1771 2565 1828; x_wconf 78' lang='grc' dir='ltr'>καί</span> <span class='ocrx_word' id='word_1_215' title='bbox 2604 1770 2868 1850; x_wconf 86' lang='grc' dir='ltr'>Θεολόγον</span> <span class='ocrx_word' id='word_1_216' title='bbox 2901 1784 3018 1838; x_wconf 74' lang='grc' dir='ltr'>τοῖς</span> <span class='ocrx_word' id='word_1_217' title='bbox 3051 1771 3106 1829; x_wconf 68' lang='grc' dir='ltr'>ἓν</span> <span class='ocrx_word' id='word_1_218' title='bbox 3137 1769 3367 1851; x_wconf 82' lang='grc' dir='ltr'>Ἐφέσῳ,</span> <span class='ocrx_word' id='word_1_219' title='bbox 3403 1773 3504 1828; x_wconf 62' lang='grc' dir='ltr'><strong>ὕπὸ</strong></span> <span class='ocrx_word' id='word_1_220' title='bbox 3535 1771 3806 1853; x_wconf 81' lang='grc' dir='ltr'>χειμῶνος</span> 
     </span>
    </p>
   </div>
   <div class='ocr_carea' id='block_1_34' title="bbox 442 1852 2086 1938">
    <p class='ocr_par' dir='ltr' id='par_1_34' title="bbox 442 1852 2086 1938">
     <span class='ocr_line' id='line_1_34' title="bbox 442 1852 2086 1938; baseline -0.002 -20"><span class='ocrx_word' id='word_1_221' title='bbox 442 1875 574 1938; x_wconf 62' lang='lat' dir='ltr'><strong>quas</strong></span> <span class='ocrx_word' id='word_1_222' title='bbox 623 1853 697 1915; x_wconf 86' lang='lat' dir='ltr'><strong>ab</strong></span> <span class='ocrx_word' id='word_1_223' title='bbox 727 1856 954 1917; x_wconf 63' lang='lat' dir='ltr'><strong>Irenaeo</strong></span> <span class='ocrx_word' id='word_1_224' title='bbox 986 1852 1369 1932; x_wconf 84' lang='lat' dir='ltr'><strong>Lugdunensi</strong></span> <span class='ocrx_word' id='word_1_225' title='bbox 1424 1852 1644 1933; x_wconf 87' lang='lat' dir='ltr'><strong>scripta</strong></span> <span class='ocrx_word' id='word_1_226' title='bbox 1690 1861 1827 1914; x_wconf 92' lang='lat' dir='ltr'><strong>sunt</strong></span> <span class='ocrx_word' id='word_1_227' title='bbox 1861 1853 1967 1934; x_wconf 62' lang='grc' dir='ltr'><strong>(ἓ),</strong></span> <span class='ocrx_word' id='word_1_228' title='bbox 2028 1861 2086 1916; x_wconf 92' lang='lat' dir='ltr'><strong>et</strong></span> 
     </span>
    </p>
   </div>
   <div class='ocr_carea' id='block_1_35' title="bbox 443 1943 2086 2025">
    <p class='ocr_par' dir='ltr' id='par_1_35' title="bbox 443 1943 2086 2025">
     <span class='ocr_line' id='line_1_35' title="bbox 443 1943 2086 2025; baseline -0.003 -15"><span class='ocrx_word' id='word_1_229' title='bbox 443 1949 601 2010; x_wconf 84' lang='lat' dir='ltr'><strong>fama</strong></span> <span class='ocrx_word' id='word_1_230' title='bbox 626 1943 919 2007; x_wconf 88' lang='lat' dir='ltr'><strong>tradit.Ex</strong></span> <span class='ocrx_word' id='word_1_231' title='bbox 942 1943 1253 2023; x_wconf 87' lang='lat' dir='ltr'><strong>discipulis</strong></span> <span class='ocrx_word' id='word_1_232' title='bbox 1273 1952 1474 2006; x_wconf 90' lang='lat' dir='ltr'><strong>autem</strong></span> <span class='ocrx_word' id='word_1_233' title='bbox 1498 1943 1562 2018; x_wconf 90' lang='lat' dir='ltr'><strong>ii,</strong></span> <span class='ocrx_word' id='word_1_234' title='bbox 1589 1947 1687 2025; x_wconf 85' lang='lat' dir='ltr'><strong>qui</strong></span> <span class='ocrx_word' id='word_1_235' title='bbox 1719 1945 2086 2006; x_wconf 75' lang='lat' dir='ltr'><strong>secutisunt</strong></span> 
     </span>
    </p>
   </div>
   <div class='ocr_carea' id='block_1_36' title="bbox 441 2033 2084 2115">
    <p class='ocr_par' dir='ltr' id='par_1_36' title="bbox 441 2033 2084 2115">
     <span class='ocr_line' id='line_1_36' title="bbox 441 2033 2084 2115; baseline -0.004 -13"><span class='ocrx_word' id='word_1_236' title='bbox 441 2038 592 2102; x_wconf 85' lang='lat' dir='ltr'><strong>alios</strong></span> <span class='ocrx_word' id='word_1_237' title='bbox 617 2034 1018 2113; x_wconf 87' lang='lat' dir='ltr'><strong>evangelistas</strong></span> <span class='ocrx_word' id='word_1_238' title='bbox 1068 2043 1128 2097; x_wconf 90' lang='lat' dir='ltr'><strong>et</strong></span> <span class='ocrx_word' id='word_1_239' title='bbox 1174 2034 1496 2114; x_wconf 88' lang='lat' dir='ltr'><strong>apostolos,</strong></span> <span class='ocrx_word' id='word_1_240' title='bbox 1553 2052 1622 2096; x_wconf 88' lang='lat' dir='ltr'><strong>ea</strong></span> <span class='ocrx_word' id='word_1_241' title='bbox 1651 2052 1784 2115; x_wconf 61' lang='lat' dir='ltr'><strong>quas</strong></span> <span class='ocrx_word' id='word_1_242' title='bbox 1837 2033 1910 2096; x_wconf 90' lang='lat' dir='ltr'><strong>ab</strong></span> <span class='ocrx_word' id='word_1_243' title='bbox 1963 2033 2084 2096; x_wconf 85' lang='lat' dir='ltr'><strong>illis</strong></span> 
     </span>
    </p>
   </div>
   <div class='ocr_carea' id='block_1_37' title="bbox 445 2124 2080 2206">
    <p class='ocr_par' dir='ltr' id='par_1_37' title="bbox 445 2124 2080 2206">
     <span class='ocr_line' id='line_1_37' title="bbox 445 2124 2080 2206; baseline -0.004 -15"><span class='ocrx_word' id='word_1_244' title='bbox 445 2128 686 2191; x_wconf 86' lang='lat' dir='ltr'><strong>diversa</strong></span> <span class='ocrx_word' id='word_1_245' title='bbox 713 2125 911 2204; x_wconf 91' lang='lat' dir='ltr'><strong>lingua</strong></span> <span class='ocrx_word' id='word_1_246' title='bbox 935 2129 1264 2206; x_wconf 87' lang='lat' dir='ltr'><strong>composita</strong></span> <span class='ocrx_word' id='word_1_247' title='bbox 1295 2125 1554 2201; x_wconf 83' lang='lat' dir='ltr'><strong>fuerant,</strong></span> <span class='ocrx_word' id='word_1_248' title='bbox 1592 2124 1883 2206; x_wconf 89' lang='lat' dir='ltr'><strong>(nondum</strong></span> <span class='ocrx_word' id='word_1_249' title='bbox 1920 2124 2080 2187; x_wconf 88' lang='lat' dir='ltr'><strong>enim</strong></span> 
     </span>
    </p>
   </div>
   <div class='ocr_carea' id='block_1_38' title="bbox 445 2213 2082 2297">
    <p class='ocr_par' dir='ltr' id='par_1_38' title="bbox 445 2213 2082 2297">
     <span class='ocr_line' id='line_1_38' title="bbox 445 2213 2082 2297; baseline -0.003 -17"><span class='ocrx_word' id='word_1_250' title='bbox 445 2219 624 2280; x_wconf 91' lang='lat' dir='ltr'><strong>unius</strong></span> <span class='ocrx_word' id='word_1_251' title='bbox 647 2213 808 2276; x_wconf 87' lang='lat' dir='ltr'><strong>vocis</strong></span> <span class='ocrx_word' id='word_1_252' title='bbox 834 2232 1114 2278; x_wconf 89' lang='lat' dir='ltr'><strong>sermone</strong></span> <span class='ocrx_word' id='word_1_253' title='bbox 1136 2216 1230 2276; x_wconf 91' lang='lat' dir='ltr'><strong>usi</strong></span> <span class='ocrx_word' id='word_1_254' title='bbox 1253 2215 1503 2288; x_wconf 81' lang='lat' dir='ltr'><strong>fuerant)</strong></span> <span class='ocrx_word' id='word_1_255' title='bbox 1535 2234 1674 2278; x_wconf 89' lang='lat' dir='ltr'><strong>cum</strong></span> <span class='ocrx_word' id='word_1_256' title='bbox 1701 2215 1772 2278; x_wconf 87' lang='lat' dir='ltr'><strong>ad</strong></span> <span class='ocrx_word' id='word_1_257' title='bbox 1796 2214 2082 2297; x_wconf 90' lang='lat' dir='ltr'><strong>Ephesio-</strong></span> 
     </span>
    </p>
   </div>
   <div class='ocr_carea' id='block_1_39' title="bbox 443 2305 2081 2379">
    <p class='ocr_par' dir='ltr' id='par_1_39' title="bbox 443 2305 2081 2379">
     <span class='ocr_line' id='line_1_39' title="bbox 443 2305 2081 2379; baseline -0.003 -7"><span class='ocrx_word' id='word_1_258' title='bbox 443 2328 574 2372; x_wconf 89' lang='lat' dir='ltr'><strong>rum</strong></span> <span class='ocrx_word' id='word_1_259' title='bbox 608 2307 906 2370; x_wconf 82' lang='lat' dir='ltr'><strong>civitatem</strong></span> <span class='ocrx_word' id='word_1_260' title='bbox 941 2305 1317 2379; x_wconf 88' lang='lat' dir='ltr'><strong>detulissent,</strong></span> <span class='ocrx_word' id='word_1_261' title='bbox 1353 2305 1408 2367; x_wconf 88' lang='lat' dir='ltr'><strong>ei</strong></span> <span class='ocrx_word' id='word_1_262' title='bbox 1441 2305 1702 2367; x_wconf 89' lang='lat' dir='ltr'><strong>tradunt.</strong></span> <span class='ocrx_word' id='word_1_263' title='bbox 1725 2305 1894 2369; x_wconf 90' lang='lat' dir='ltr'><strong>Illum</strong></span> <span class='ocrx_word' id='word_1_264' title='bbox 1918 2323 2081 2378; x_wconf 83' lang='lat' dir='ltr'><strong>vero,</strong></span> 
     </span>
    </p>
   </div>
   <div class='ocr_carea' id='block_1_40' title="bbox 447 2395 2081 2475">
    <p class='ocr_par' dir='ltr' id='par_1_40' title="bbox 447 2395 2081 2475">
     <span class='ocr_line' id='line_1_40' title="bbox 447 2395 2081 2475; baseline -0.004 -13"><span class='ocrx_word' id='word_1_265' title='bbox 447 2407 510 2462; x_wconf 92' lang='lat' dir='ltr'><strong>ut</strong></span> <span class='ocrx_word' id='word_1_266' title='bbox 542 2398 718 2462; x_wconf 89' lang='lat' dir='ltr'><strong>etiam</strong></span> <span class='ocrx_word' id='word_1_267' title='bbox 746 2397 980 2458; x_wconf 89' lang='lat' dir='ltr'><strong>videtur</strong></span> <span class='ocrx_word' id='word_1_268' title='bbox 1009 2396 1269 2459; x_wconf 89' lang='lat' dir='ltr'><strong>Eusebio</strong></span> <span class='ocrx_word' id='word_1_269' title='bbox 1323 2395 1618 2475; x_wconf 81' lang='lat' dir='ltr'><strong>Pamphili</strong></span> <span class='ocrx_word' id='word_1_270' title='bbox 1653 2398 1780 2458; x_wconf 66' lang='lat' dir='ltr'><strong>haec</strong></span> <span class='ocrx_word' id='word_1_271' title='bbox 1806 2402 2081 2469; x_wconf 87' lang='lat' dir='ltr'><strong>tractant,</strong></span> 
     </span>
    </p>
   </div>
   <div class='ocr_carea' id='block_1_41' title="bbox 447 2485 2080 2568">
    <p class='ocr_par' dir='ltr' id='par_1_41' title="bbox 447 2485 2080 2568">
     <span class='ocr_line' id='line_1_41' title="bbox 447 2485 2080 2568; baseline -0.004 -17"><span class='ocrx_word' id='word_1_272' title='bbox 447 2490 618 2552; x_wconf 91' lang='lat' dir='ltr'><strong>aiunt</strong></span> <span class='ocrx_word' id='word_1_273' title='bbox 650 2506 721 2550; x_wconf 88' lang='lat' dir='ltr'><strong>ea</strong></span> <span class='ocrx_word' id='word_1_274' title='bbox 750 2486 1017 2566; x_wconf 89' lang='lat' dir='ltr'><strong>quidem,</strong></span> <span class='ocrx_word' id='word_1_275' title='bbox 1045 2506 1176 2568; x_wconf 71' lang='lat' dir='ltr'><strong>quaa</strong></span> <span class='ocrx_word' id='word_1_276' title='bbox 1207 2487 1426 2566; x_wconf 72' lang='lat' dir='ltr'><strong>Scripta</strong></span> <span class='ocrx_word' id='word_1_277' title='bbox 1460 2487 1714 2562; x_wconf 86' lang='lat' dir='ltr'><strong>fuerant,</strong></span> <span class='ocrx_word' id='word_1_278' title='bbox 1742 2485 2080 2559; x_wconf 89' lang='lat' dir='ltr'><strong>admisisse,</strong></span> 
     </span>
    </p>
   </div>
   <div class='ocr_carea' id='block_1_42' title="bbox 449 2576 2083 2642">
    <p class='ocr_par' dir='ltr' id='par_1_42' title="bbox 449 2576 2083 2642">
     <span class='ocr_line' id='line_1_42' title="bbox 449 2576 2083 2642; baseline -0.004 0"><span class='ocrx_word' id='word_1_279' title='bbox 449 2581 525 2642; x_wconf 90' lang='lat' dir='ltr'><strong>de</strong></span> <span class='ocrx_word' id='word_1_280' title='bbox 555 2596 760 2640; x_wconf 89' lang='lat' dir='ltr'><strong>eorum</strong></span> <span class='ocrx_word' id='word_1_281' title='bbox 797 2577 1045 2639; x_wconf 84' lang='lat' dir='ltr'><strong>veritate</strong></span> <span class='ocrx_word' id='word_1_282' title='bbox 1102 2576 1351 2639; x_wconf 85' lang='lat' dir='ltr'><strong>ferendo</strong></span> <span class='ocrx_word' id='word_1_283' title='bbox 1393 2576 1847 2638; x_wconf 88' lang='lat' dir='ltr'><strong>testimonium:</strong></span> <span class='ocrx_word' id='word_1_284' title='bbox 1888 2577 2083 2637; x_wconf 84' lang='lat' dir='ltr'><strong>anim-</strong></span> 
     </span>
    </p>
   </div>
   <div class='ocr_carea' id='block_1_43' title="bbox 445 2665 2081 2731">
    <p class='ocr_par' dir='ltr' id='par_1_43' title="bbox 445 2665 2081 2731">
     <span class='ocr_line' id='line_1_43' title="bbox 445 2665 2081 2731; baseline -0.004 0"><span class='ocrx_word' id='word_1_285' title='bbox 445 2670 514 2731; x_wconf 85' lang='lat' dir='ltr'><strong>ad</strong></span> <span class='ocrx_word' id='word_1_286' title='bbox 527 2668 774 2731; x_wconf 82' lang='lat' dir='ltr'><strong>vertisse</strong></span> <span class='ocrx_word' id='word_1_287' title='bbox 796 2676 993 2728; x_wconf 89' lang='lat' dir='ltr'><strong>autem</strong></span> <span class='ocrx_word' id='word_1_288' title='bbox 1020 2669 1076 2728; x_wconf 89' lang='lat' dir='ltr'><strong>in</strong></span> <span class='ocrx_word' id='word_1_289' title='bbox 1101 2667 1189 2728; x_wconf 91' lang='lat' dir='ltr'><strong>eis</strong></span> <span class='ocrx_word' id='word_1_290' title='bbox 1212 2667 1398 2727; x_wconf 91' lang='lat' dir='ltr'><strong>solam</strong></span> <span class='ocrx_word' id='word_1_291' title='bbox 1419 2676 1648 2729; x_wconf 90' lang='lat' dir='ltr'><strong>restare</strong></span> <span class='ocrx_word' id='word_1_292' title='bbox 1681 2665 2081 2727; x_wconf 78' lang='lat' dir='ltr'><strong>narrationem</strong></span> 
     </span>
    </p>
   </div>
   <div class='ocr_carea' id='block_1_44' title="bbox 445 2753 2084 2840">
    <p class='ocr_par' dir='ltr' id='par_1_44' title="bbox 445 2753 2084 2840">
     <span class='ocr_line' id='line_1_44' title="bbox 445 2753 2084 2840; baseline -0.004 -19"><span class='ocrx_word' id='word_1_293' title='bbox 445 2759 520 2821; x_wconf 89' lang='lat' dir='ltr'><strong>de</strong></span> <span class='ocrx_word' id='word_1_294' title='bbox 552 2759 624 2820; x_wconf 92' lang='lat' dir='ltr'><strong>iis</strong></span> <span class='ocrx_word' id='word_1_295' title='bbox 655 2777 786 2840; x_wconf 66' lang='lat' dir='ltr'><strong>qum</strong></span> <span class='ocrx_word' id='word_1_296' title='bbox 815 2759 870 2818; x_wconf 92' lang='lat' dir='ltr'><strong>in</strong></span> <span class='ocrx_word' id='word_1_297' title='bbox 907 2757 1118 2835; x_wconf 89' lang='lat' dir='ltr'><strong>primis</strong></span> <span class='ocrx_word' id='word_1_298' title='bbox 1144 2765 1202 2818; x_wconf 91' lang='lat' dir='ltr'><strong>et</strong></span> <span class='ocrx_word' id='word_1_299' title='bbox 1234 2757 1290 2818; x_wconf 89' lang='lat' dir='ltr'><strong>in</strong></span> <span class='ocrx_word' id='word_1_300' title='bbox 1323 2758 1616 2837; x_wconf 89' lang='lat' dir='ltr'><strong>principio</strong></span> <span class='ocrx_word' id='word_1_301' title='bbox 1641 2753 2084 2836; x_wconf 64' lang='lat' dir='ltr'><strong>praedicationis</strong></span> 
     </span>
    </p>
   </div>
   <div class='ocr_carea' id='block_1_45' title="bbox 445 2842 2080 2927">
    <p class='ocr_par' dir='ltr' id='par_1_45' title="bbox 445 2842 2080 2927">
     <span class='ocr_line' id='line_1_45' title="bbox 445 2842 2080 2927; baseline -0.006 -15"><span class='ocrx_word' id='word_1_302' title='bbox 445 2870 478 2911; x_wconf 77' lang='grc' dir='ltr'><strong>ιι</strong></span> <span class='ocrx_word' id='word_1_303' title='bbox 503 2849 741 2912; x_wconf 87' lang='lat' dir='ltr'><strong>Christo</strong></span> <span class='ocrx_word' id='word_1_304' title='bbox 764 2847 916 2909; x_wconf 84' lang='lat' dir='ltr'><strong>facta</strong></span> <span class='ocrx_word' id='word_1_305' title='bbox 941 2848 1197 2910; x_wconf 71' lang='lat' dir='ltr'><strong>fuerant.</strong></span> <span class='ocrx_word' id='word_1_306' title='bbox 1226 2849 1296 2909; x_wconf 86' lang='lat' dir='ltr'><strong>Et</strong></span> <span class='ocrx_word' id='word_1_307' title='bbox 1319 2864 1462 2908; x_wconf 91' lang='lat' dir='ltr'><strong>vera</strong></span> <span class='ocrx_word' id='word_1_308' title='bbox 1483 2847 1724 2927; x_wconf 87' lang='lat' dir='ltr'><strong>quidem</strong></span> <span class='ocrx_word' id='word_1_309' title='bbox 1757 2853 1845 2905; x_wconf 89' lang='lat' dir='ltr'><strong>est</strong></span> <span class='ocrx_word' id='word_1_310' title='bbox 1867 2842 2080 2905; x_wconf 90' lang='lat' dir='ltr'><strong>oratio.</strong></span> 
     </span>
    </p>
   </div>
   <div class='ocr_carea' id='block_1_46' title="bbox 444 2934 2085 3015">
    <p class='ocr_par' dir='ltr' id='par_1_46' title="bbox 444 2934 2085 3015">
     <span class='ocr_line' id='line_1_46' title="bbox 444 2934 2085 3015; baseline -0.004 -14"><span class='ocrx_word' id='word_1_311' title='bbox 444 2939 719 3001; x_wconf 87' lang='lat' dir='ltr'><strong>Invenies</strong></span> <span class='ocrx_word' id='word_1_312' title='bbox 755 2937 938 3008; x_wconf 87' lang='lat' dir='ltr'><strong>enim,</strong></span> <span class='ocrx_word' id='word_1_313' title='bbox 994 2939 1042 2999; x_wconf 88' lang='lat' dir='ltr'><strong>si</strong></span> <span class='ocrx_word' id='word_1_314' title='bbox 1074 2937 1394 3015; x_wconf 83' lang='lat' dir='ltr'><strong>diligenter</strong></span> <span class='ocrx_word' id='word_1_315' title='bbox 1424 2934 1926 3006; x_wconf 84' lang='lat' dir='ltr'><strong>consideraveris,</strong></span> <span class='ocrx_word' id='word_1_316' title='bbox 1965 2942 2085 2994; x_wconf 86' lang='lat' dir='ltr'><strong>tres</strong></span> 
     </span>
    </p>
   </div>
   <div class='ocr_carea' id='block_1_47' title="bbox 446 3025 2083 3108">
    <p class='ocr_par' dir='ltr' id='par_1_47' title="bbox 446 3025 2083 3108">
     <span class='ocr_line' id='line_1_47' title="bbox 446 3025 2083 3108; baseline -0.005 -16"><span class='ocrx_word' id='word_1_317' title='bbox 446 3028 835 3108; x_wconf 83' lang='lat' dir='ltr'><strong>evangelistas</strong></span> <span class='ocrx_word' id='word_1_318' title='bbox 860 3045 930 3088; x_wconf 90' lang='lat' dir='ltr'><strong>ea</strong></span> <span class='ocrx_word' id='word_1_319' title='bbox 950 3027 1141 3088; x_wconf 90' lang='lat' dir='ltr'><strong>solum</strong></span> <span class='ocrx_word' id='word_1_320' title='bbox 1167 3025 1765 3105; x_wconf 56' lang='lat' dir='ltr'><strong>conscripsissequze</strong></span> <span class='ocrx_word' id='word_1_321' title='bbox 1787 3041 1904 3084; x_wconf 93' lang='lat' dir='ltr'><strong>uno</strong></span> <span class='ocrx_word' id='word_1_322' title='bbox 1927 3041 2083 3084; x_wconf 88' lang='lat' dir='ltr'><strong>anno</strong></span> 
     </span>
    </p>
   </div>
   <div class='ocr_carea' id='block_1_48' title="bbox 2167 1857 3806 1940">
    <p class='ocr_par' dir='ltr' id='par_1_48' title="bbox 2167 1857 3806 1940">
     <span class='ocr_line' id='line_1_48' title="bbox 2167 1857 3806 1940; baseline -0.001 -24"><span class='ocrx_word' id='word_1_323' title='bbox 2167 1857 2520 1939; x_wconf 77' lang='grc' dir='ltr'>ὲκϐρασθέντα</span> <span class='ocrx_word' id='word_1_324' title='bbox 2569 1860 2667 1917; x_wconf 79' lang='grc' dir='ltr'>καῖ</span> <span class='ocrx_word' id='word_1_325' title='bbox 2727 1863 3000 1940; x_wconf 72' lang='grc' dir='ltr'>ναυαγίου,</span> <span class='ocrx_word' id='word_1_326' title='bbox 3059 1863 3132 1925; x_wconf 80' lang='grc' dir='ltr'>ὡς</span> <span class='ocrx_word' id='word_1_327' title='bbox 3189 1861 3324 1920; x_wconf 73' lang='grc' dir='ltr'>αὐτά</span> <span class='ocrx_word' id='word_1_328' title='bbox 3352 1883 3410 1918; x_wconf 91' lang='grc' dir='ltr'><strong>τε</strong></span> <span class='ocrx_word' id='word_1_329' title='bbox 3453 1862 3520 1918; x_wconf 76' lang='grc' dir='ltr'>τὰ</span> <span class='ocrx_word' id='word_1_330' title='bbox 3552 1861 3654 1918; x_wconf 74' lang='grc' dir='ltr'>ὑπὸ</span> <span class='ocrx_word' id='word_1_331' title='bbox 3717 1861 3806 1916; x_wconf 65' lang='grc' dir='ltr'><strong>Εἰ-</strong></span> 
     </span>
    </p>
   </div>
   <div class='ocr_carea' id='block_1_49' title="bbox 2165 1947 3807 2030">
    <p class='ocr_par' dir='ltr' id='par_1_49' title="bbox 2165 1947 3807 2030">
     <span class='ocr_line' id='line_1_49' title="bbox 2165 1947 3807 2030; baseline -0.002 -24"><span class='ocrx_word' id='word_1_332' title='bbox 2165 1952 2384 2021; x_wconf 87' lang='grc' dir='ltr'>ρηναίου</span> <span class='ocrx_word' id='word_1_333' title='bbox 2433 1960 2527 2011; x_wconf 81' lang='grc' dir='ltr'>τοῦ</span> <span class='ocrx_word' id='word_1_334' title='bbox 2582 1949 2920 2030; x_wconf 79' lang='grc' dir='ltr'>Λουγδούνων</span> <span class='ocrx_word' id='word_1_335' title='bbox 2979 1950 3274 2008; x_wconf 75' lang='grc' dir='ltr'>ἐπισκόπου</span> <span class='ocrx_word' id='word_1_336' title='bbox 3355 1947 3807 2029; x_wconf 76' lang='grc' dir='ltr'>συγγεγραμμένα</span> 
     </span>
    </p>
   </div>
   <div class='ocr_carea' id='block_1_50' title="bbox 2164 2039 3804 2120">
    <p class='ocr_par' dir='ltr' id='par_1_50' title="bbox 2164 2039 3804 2120">
     <span class='ocr_line' id='line_1_50' title="bbox 2164 2039 3804 2120; baseline -0.002 -24"><span class='ocrx_word' id='word_1_337' title='bbox 2164 2041 2391 2117; x_wconf 74' lang='grc' dir='ltr'>ἱστορεῖ,</span> <span class='ocrx_word' id='word_1_338' title='bbox 2448 2041 2538 2096; x_wconf 81' lang='grc' dir='ltr'><strong>καὶ</strong></span> <span class='ocrx_word' id='word_1_339' title='bbox 2579 2042 2607 2096; x_wconf 89' lang='lat'><strong>6</strong></span> <span class='ocrx_word' id='word_1_340' title='bbox 2650 2039 2811 2118; x_wconf 83' lang='grc' dir='ltr'>λόγος</span> <span class='ocrx_word' id='word_1_341' title='bbox 2848 2040 2998 2120; x_wconf 79' lang='grc' dir='ltr'>ἔχει.</span> <span class='ocrx_word' id='word_1_342' title='bbox 3033 2047 3149 2099; x_wconf 84' lang='grc' dir='ltr'>Τῶν</span> <span class='ocrx_word' id='word_1_343' title='bbox 3205 2039 3389 2116; x_wconf 82' lang='grc' dir='ltr'>μέντοι</span> <span class='ocrx_word' id='word_1_344' title='bbox 3448 2043 3706 2116; x_wconf 79' lang='grc' dir='ltr'>μαθητῶν</span> <span class='ocrx_word' id='word_1_345' title='bbox 3759 2040 3804 2093; x_wconf 82' lang='grc' dir='ltr'>οἱ</span> 
     </span>
    </p>
   </div>
   <div class='ocr_carea' id='block_1_51' title="bbox 2166 2127 3801 2209">
    <p class='ocr_par' dir='ltr' id='par_1_51' title="bbox 2166 2127 3801 2209">
     <span class='ocr_line' id='line_1_51' title="bbox 2166 2127 3801 2209; baseline -0.002 -22"><span class='ocrx_word' id='word_1_346' title='bbox 2166 2143 2285 2194; x_wconf 74' lang='grc' dir='ltr'>τοῖς</span> <span class='ocrx_word' id='word_1_347' title='bbox 2339 2128 2529 2194; x_wconf 75' lang='grc' dir='ltr'>ἀλλοτς</span> <span class='ocrx_word' id='word_1_348' title='bbox 2585 2129 2998 2209; x_wconf 73' lang='grc' dir='ltr'>εὒαγγελισταῐς</span> <span class='ocrx_word' id='word_1_349' title='bbox 3053 2135 3152 2187; x_wconf 71' lang='grc' dir='ltr'>καὶ</span> <span class='ocrx_word' id='word_1_350' title='bbox 3213 2128 3540 2193; x_wconf 83' lang='grc' dir='ltr'>ἀποστόλοις</span> <span class='ocrx_word' id='word_1_351' title='bbox 3573 2127 3801 2186; x_wconf 79' lang='grc' dir='ltr'>ἀκολου-</span> 
     </span>
    </p>
   </div>
   <div class='ocr_carea' id='block_1_52' title="bbox 2168 2217 3804 2300">
    <p class='ocr_par' dir='ltr' id='par_1_52' title="bbox 2168 2217 3804 2300">
     <span class='ocr_line' id='line_1_52' title="bbox 2168 2217 3804 2300; baseline -0.002 -24"><span class='ocrx_word' id='word_1_352' title='bbox 2168 2221 2425 2289; x_wconf 81' lang='grc' dir='ltr'>θήσαντες</span> <span class='ocrx_word' id='word_1_353' title='bbox 2481 2219 2548 2278; x_wconf 79' lang='grc' dir='ltr'><strong>τὰ</strong></span> <span class='ocrx_word' id='word_1_354' title='bbox 2598 2217 2686 2276; x_wconf 76' lang='grc' dir='ltr'><strong>ὕπ’</strong></span> <span class='ocrx_word' id='word_1_355' title='bbox 2759 2220 2975 2276; x_wconf 69' lang='grc' dir='ltr'>ἐκείνων</span> <span class='ocrx_word' id='word_1_356' title='bbox 3047 2217 3282 2300; x_wconf 84' lang='grc' dir='ltr'>διαφόρῳ</span> <span class='ocrx_word' id='word_1_357' title='bbox 3338 2217 3562 2298; x_wconf 75' lang='grc' dir='ltr'>γλώττῃ</span> <span class='ocrx_word' id='word_1_358' title='bbox 3619 2239 3804 2275; x_wconf 85' lang='grc' dir='ltr'>συντε-</span> 
     </span>
    </p>
   </div>
   <div class='ocr_carea' id='block_1_53' title="bbox 2169 2305 3800 2389">
    <p class='ocr_par' dir='ltr' id='par_1_53' title="bbox 2169 2305 3800 2389">
     <span class='ocr_line' id='line_1_53' title="bbox 2169 2305 3800 2389; baseline -0.002 -23"><span class='ocrx_word' id='word_1_359' title='bbox 2169 2310 2406 2386; x_wconf 87' lang='grc' dir='ltr'>ταγμένα</span> <span class='ocrx_word' id='word_1_360' title='bbox 2469 2307 2640 2388; x_wconf 70' lang='grc' dir='ltr'>(οὔπω</span> <span class='ocrx_word' id='word_1_361' title='bbox 2691 2309 2792 2387; x_wconf 76' lang='grc' dir='ltr'>γὰρ</span> <span class='ocrx_word' id='word_1_362' title='bbox 2848 2309 2986 2377; x_wconf 72' lang='grc' dir='ltr'>ἦσαν</span> <span class='ocrx_word' id='word_1_363' title='bbox 3044 2308 3310 2388; x_wconf 68' lang='grc' dir='ltr'>ὁμοφώνῳ</span> <span class='ocrx_word' id='word_1_364' title='bbox 3367 2309 3640 2389; x_wconf 78' lang='grc' dir='ltr'>χρώμενοι</span> <span class='ocrx_word' id='word_1_365' title='bbox 3684 2305 3800 2363; x_wconf 88' lang='grc' dir='ltr'>δια-</span> 
     </span>
    </p>
   </div>
   <div class='ocr_carea' id='block_1_54' title="bbox 2170 2396 3802 2481">
    <p class='ocr_par' dir='ltr' id='par_1_54' title="bbox 2170 2396 3802 2481">
     <span class='ocr_line' id='line_1_54' title="bbox 2170 2396 3802 2481; baseline -0.002 -25"><span class='ocrx_word' id='word_1_366' title='bbox 2170 2397 2394 2481; x_wconf 84' lang='grc' dir='ltr'>λέκτῳ),</span> <span class='ocrx_word' id='word_1_367' title='bbox 2453 2401 2528 2462; x_wconf 78' lang='grc' dir='ltr'><strong>εἰς</strong></span> <span class='ocrx_word' id='word_1_368' title='bbox 2582 2399 2679 2466; x_wconf 78' lang='grc' dir='ltr'>τὴν</span> <span class='ocrx_word' id='word_1_369' title='bbox 2729 2397 2988 2477; x_wconf 75' lang='grc' dir='ltr'>Ἐφεσίων</span> <span class='ocrx_word' id='word_1_370' title='bbox 3044 2397 3202 2456; x_wconf 92' lang='grc' dir='ltr'>πόλιν</span> <span class='ocrx_word' id='word_1_371' title='bbox 3257 2399 3605 2474; x_wconf 87' lang='grc' dir='ltr'>κομίσαντες,</span> <span class='ocrx_word' id='word_1_372' title='bbox 3665 2396 3802 2470; x_wconf 74' lang='grc' dir='ltr'>αὒτῷ</span> 
     </span>
    </p>
   </div>
   <div class='ocr_carea' id='block_1_55' title="bbox 2165 2485 3800 2570">
    <p class='ocr_par' dir='ltr' id='par_1_55' title="bbox 2165 2485 3800 2570">
     <span class='ocr_line' id='line_1_55' title="bbox 2165 2485 3800 2570; baseline -0.004 -23"><span class='ocrx_word' id='word_1_373' title='bbox 2165 2491 2570 2570; x_wconf 75' lang='grc' dir='ltr'>ἐγχειρίζουσιν.</span> <span class='ocrx_word' id='word_1_374' title='bbox 2607 2490 2710 2547; x_wconf 80' lang='grc' dir='ltr'><strong>Τὸν</strong></span> <span class='ocrx_word' id='word_1_375' title='bbox 2771 2487 2849 2568; x_wconf 76' lang='grc' dir='ltr'>δὲ,</span> <span class='ocrx_word' id='word_1_376' title='bbox 2909 2488 3045 2545; x_wconf 85' lang='grc' dir='ltr'><strong>καθά</strong></span> <span class='ocrx_word' id='word_1_377' title='bbox 3100 2490 3187 2545; x_wconf 79' lang='grc' dir='ltr'><strong>καὶ</strong></span> <span class='ocrx_word' id='word_1_378' title='bbox 3223 2485 3455 2561; x_wconf 77' lang='grc' dir='ltr'>Εὒσεϐίῳ</span> <span class='ocrx_word' id='word_1_379' title='bbox 3484 2493 3562 2563; x_wconf 84' lang='grc' dir='ltr'><strong>τῷ</strong></span> <span class='ocrx_word' id='word_1_380' title='bbox 3596 2486 3800 2566; x_wconf 77' lang='grc' dir='ltr'>Παμφίσ</span> 
     </span>
    </p>
   </div>
   <div class='ocr_carea' id='block_1_56' title="bbox 2165 2575 3804 2653">
    <p class='ocr_par' dir='ltr' id='par_1_56' title="bbox 2165 2575 3804 2653">
     <span class='ocr_line' id='line_1_56' title="bbox 2165 2575 3804 2653; baseline -0.005 -16"><span class='ocrx_word' id='word_1_381' title='bbox 2165 2580 2260 2638; x_wconf 85' lang='grc' dir='ltr'><strong>λου</strong></span> <span class='ocrx_word' id='word_1_382' title='bbox 2301 2578 2451 2636; x_wconf 71' lang='grc' dir='ltr'>δοκεῖ</span> <span class='ocrx_word' id='word_1_383' title='bbox 2494 2575 2907 2651; x_wconf 70' lang='grc' dir='ltr'>διαλαμϐάνοντι</span> <span class='ocrx_word' id='word_1_384' title='bbox 2959 2576 3152 2651; x_wconf 70' lang='grc' dir='ltr'>οὕτως,</span> <span class='ocrx_word' id='word_1_385' title='bbox 3210 2575 3568 2644; x_wconf 72' lang='grc' dir='ltr'>ἀποδέξασθαι</span> <span class='ocrx_word' id='word_1_386' title='bbox 3601 2577 3698 2653; x_wconf 81' lang='grc' dir='ltr'>μὲν</span> <span class='ocrx_word' id='word_1_387' title='bbox 3742 2575 3804 2630; x_wconf 83' lang='grc' dir='ltr'><strong>τά</strong></span> 
     </span>
    </p>
   </div>
   <div class='ocr_carea' id='block_1_57' title="bbox 2164 2666 3803 2749">
    <p class='ocr_par' dir='ltr' id='par_1_57' title="bbox 2164 2666 3803 2749">
     <span class='ocr_line' id='line_1_57' title="bbox 2164 2666 3803 2749; baseline -0.002 -23"><span class='ocrx_word' id='word_1_388' title='bbox 2164 2670 2534 2749; x_wconf 68' lang='grc' dir='ltr'>γεγραμμένα,</span> <span class='ocrx_word' id='word_1_389' title='bbox 2594 2670 2775 2749; x_wconf 85' lang='grc' dir='ltr'>φασὶν,</span> <span class='ocrx_word' id='word_1_390' title='bbox 2851 2666 3105 2742; x_wconf 75' lang='grc' dir='ltr'>ἀλήθειαν</span> <span class='ocrx_word' id='word_1_391' title='bbox 3189 2667 3372 2732; x_wconf 68' lang='grc' dir='ltr'>αὐτοῖς</span> <span class='ocrx_word' id='word_1_392' title='bbox 3435 2667 3803 2744; x_wconf 69' lang='grc' dir='ltr'>ἐπιμαρτυρή-</span> 
     </span>
    </p>
   </div>
   <div class='ocr_carea' id='block_1_58' title="bbox 2167 2755 3802 2834">
    <p class='ocr_par' dir='ltr' id='par_1_58' title="bbox 2167 2755 3802 2834">
     <span class='ocr_line' id='line_1_58' title="bbox 2167 2755 3802 2834; baseline -0.006 -18"><span class='ocrx_word' id='word_1_393' title='bbox 2167 2782 2357 2833; x_wconf 81' lang='grc' dir='ltr'>σαντα,</span> <span class='ocrx_word' id='word_1_394' title='bbox 2413 2757 2645 2816; x_wconf 77' lang='grc' dir='ltr'>συνιδεῖν</span> <span class='ocrx_word' id='word_1_395' title='bbox 2703 2756 2758 2814; x_wconf 78' lang='grc' dir='ltr'>δὲ</span> <span class='ocrx_word' id='word_1_396' title='bbox 2805 2758 2977 2834; x_wconf 89' lang='grc' dir='ltr'>μόνην</span> <span class='ocrx_word' id='word_1_397' title='bbox 3014 2755 3068 2812; x_wconf 69' lang='grc' dir='ltr'><strong>έν</strong></span> <span class='ocrx_word' id='word_1_398' title='bbox 3100 2756 3287 2822; x_wconf 72' lang='grc' dir='ltr'>αὐτοῖς</span> <span class='ocrx_word' id='word_1_399' title='bbox 3319 2755 3653 2830; x_wconf 84' lang='grc' dir='ltr'>λειπομένην</span> <span class='ocrx_word' id='word_1_400' title='bbox 3709 2755 3802 2822; x_wconf 75' lang='grc' dir='ltr'>τὴν</span> 
     </span>
    </p>
   </div>
   <div class='ocr_carea' id='block_1_59' title="bbox 2165 2846 3801 2928">
    <p class='ocr_par' dir='ltr' id='par_1_59' title="bbox 2165 2846 3801 2928">
     <span class='ocr_line' id='line_1_59' title="bbox 2165 2846 3801 2928; baseline -0.002 -22"><span class='ocrx_word' id='word_1_401' title='bbox 2165 2851 2286 2926; x_wconf 81' lang='grc' dir='ltr'>περὶ</span> <span class='ocrx_word' id='word_1_402' title='bbox 2337 2850 2444 2906; x_wconf 84' lang='grc' dir='ltr'><strong>τῶν</strong></span> <span class='ocrx_word' id='word_1_403' title='bbox 2501 2849 2556 2904; x_wconf 74' lang='grc' dir='ltr'>ἐν</span> <span class='ocrx_word' id='word_1_404' title='bbox 2602 2847 2834 2926; x_wconf 86' lang='grc' dir='ltr'>πρώτοις</span> <span class='ocrx_word' id='word_1_405' title='bbox 2893 2849 2981 2904; x_wconf 81' lang='grc' dir='ltr'><strong>καὶ</strong></span> <span class='ocrx_word' id='word_1_406' title='bbox 3009 2847 3129 2903; x_wconf 86' lang='grc' dir='ltr'>κατ’</span> <span class='ocrx_word' id='word_1_407' title='bbox 3162 2846 3342 2928; x_wconf 71' lang='grc' dir='ltr'>ἀρχήν</span> <span class='ocrx_word' id='word_1_408' title='bbox 3371 2856 3466 2906; x_wconf 81' lang='grc' dir='ltr'><strong>τοῦ</strong></span> <span class='ocrx_word' id='word_1_409' title='bbox 3519 2847 3801 2926; x_wconf 77' lang='grc' dir='ltr'>κηρύγμα-</span> 
     </span>
    </p>
   </div>
   <div class='ocr_carea' id='block_1_60' title="bbox 2165 2935 3801 3016">
    <p class='ocr_par' dir='ltr' id='par_1_60' title="bbox 2165 2935 3801 3016">
     <span class='ocr_line' id='line_1_60' title="bbox 2165 2935 3801 3016; baseline -0.002 -23"><span class='ocrx_word' id='word_1_410' title='bbox 2165 2961 2256 3002; x_wconf 88' lang='grc' dir='ltr'><strong>τος</strong></span> <span class='ocrx_word' id='word_1_411' title='bbox 2312 2941 2412 2995; x_wconf 75' lang='grc' dir='ltr'><strong>δπὸ</strong></span> <span class='ocrx_word' id='word_1_412' title='bbox 2470 2940 2563 2996; x_wconf 69' lang='grc' dir='ltr'>τοῦ</span> <span class='ocrx_word' id='word_1_413' title='bbox 2620 2937 2849 3015; x_wconf 72' lang='grc' dir='ltr'>Χριστοῦ</span> <span class='ocrx_word' id='word_1_414' title='bbox 2907 2936 3296 3016; x_wconf 82' lang='grc' dir='ltr'>πεπραγμένων</span> <span class='ocrx_word' id='word_1_415' title='bbox 3369 2935 3671 3015; x_wconf 71' lang='grc' dir='ltr'>διήγησινσ.</span> <span class='ocrx_word' id='word_1_416' title='bbox 3707 2935 3801 2994; x_wconf 79' lang='grc' dir='ltr'>Καὶ</span> 
     </span>
    </p>
   </div>
   <div class='ocr_carea' id='block_1_61' title="bbox 2165 3023 3798 3107">
    <p class='ocr_par' dir='ltr' id='par_1_61' title="bbox 2165 3023 3798 3107">
     <span class='ocr_line' id='line_1_61' title="bbox 2165 3023 3798 3107; baseline -0.002 -23"><span class='ocrx_word' id='word_1_417' title='bbox 2165 3028 2370 3098; x_wconf 74' lang='grc' dir='ltr'>ἀληθής</span> <span class='ocrx_word' id='word_1_418' title='bbox 2401 3050 2463 3106; x_wconf 79' lang='grc' dir='ltr'><strong>γε</strong></span> <span class='ocrx_word' id='word_1_419' title='bbox 2513 3029 2541 3084; x_wconf 85' lang='lat'><strong>6</strong></span> <span class='ocrx_word' id='word_1_420' title='bbox 2598 3026 2757 3105; x_wconf 88' lang='grc' dir='ltr'>λόγος</span> <span class='ocrx_word' id='word_1_421' title='bbox 2792 3042 2806 3057; x_wconf 83' lang='grc'><strong>⁹</strong></span> <span class='ocrx_word' id='word_1_422' title='bbox 2863 3028 3105 3106; x_wconf 66' lang='grc' dir='ltr'>εὑρήσεις</span> <span class='ocrx_word' id='word_1_423' title='bbox 3165 3027 3291 3107; x_wconf 79' lang='grc' dir='ltr'>γὰρ,</span> <span class='ocrx_word' id='word_1_424' title='bbox 3349 3031 3522 3103; x_wconf 73' lang='grc' dir='ltr'>ἥνπερ</span> <span class='ocrx_word' id='word_1_425' title='bbox 3577 3023 3798 3106; x_wconf 79' lang='grc' dir='ltr'>ἀκριϐῶς</span> 
     </span>
    </p>
   </div>
   <div class='ocr_carea' id='block_1_62' title="bbox 443 3111 2085 3198">
    <p class='ocr_par' dir='ltr' id='par_1_62' title="bbox 443 3111 2080 3198">
     <span class='ocr_line' id='line_1_62' title="bbox 443 3111 2080 3198; baseline -0.006 -15"><span class='ocrx_word' id='word_1_426' title='bbox 443 3138 478 3182; x_wconf 88' lang='lat' dir='ltr'><strong>a</strong></span> <span class='ocrx_word' id='word_1_427' title='bbox 498 3119 810 3182; x_wconf 84' lang='lat' dir='ltr'><strong>Servatore</strong></span> <span class='ocrx_word' id='word_1_428' title='bbox 830 3127 991 3196; x_wconf 88' lang='lat' dir='ltr'><strong>gesta</strong></span> <span class='ocrx_word' id='word_1_429' title='bbox 1009 3125 1166 3180; x_wconf 85' lang='lat' dir='ltr'><strong>sunt.</strong></span> <span class='ocrx_word' id='word_1_430' title='bbox 1199 3125 1507 3198; x_wconf 86' lang='lat' dir='ltr'><strong>postquam</strong></span> <span class='ocrx_word' id='word_1_431' title='bbox 1531 3114 1793 3177; x_wconf 88' lang='lat' dir='ltr'><strong>Joannes</strong></span> <span class='ocrx_word' id='word_1_432' title='bbox 1818 3111 2080 3193; x_wconf 85' lang='lat' dir='ltr'><strong>Baptista</strong></span> 
     </span>
    </p>
   </div>
   <div class='ocr_carea' id='block_1_63' title="bbox 2167 3111 3798 3198">
    <p class='ocr_par' dir='ltr' id='par_1_63' title="bbox 2167 3115 3798 3196">
     <span class='ocr_line' id='line_1_63' title="bbox 2167 3115 3798 3196; baseline -0.004 -22"><span class='ocrx_word' id='word_1_433' title='bbox 2167 3118 2466 3194; x_wconf 77' lang='grc' dir='ltr'>σκοπήσης,</span> <span class='ocrx_word' id='word_1_434' title='bbox 2503 3118 2624 3183; x_wconf 79' lang='grc' dir='ltr'>τοὺς</span> <span class='ocrx_word' id='word_1_435' title='bbox 2655 3130 2799 3194; x_wconf 77' lang='grc' dir='ltr'>τρεῖς</span> <span class='ocrx_word' id='word_1_436' title='bbox 2835 3115 3244 3196; x_wconf 80' lang='grc' dir='ltr'>εὖαγγελιστάς,</span> <span class='ocrx_word' id='word_1_437' title='bbox 3279 3116 3416 3192; x_wconf 88' lang='grc' dir='ltr'>μόνα</span> <span class='ocrx_word' id='word_1_438' title='bbox 3444 3118 3510 3174; x_wconf 82' lang='grc' dir='ltr'><strong>τά</strong></span> <span class='ocrx_word' id='word_1_439' title='bbox 3541 3117 3678 3193; x_wconf 81' lang='grc' dir='ltr'>μετὰ</span> <span class='ocrx_word' id='word_1_440' title='bbox 3706 3117 3798 3181; x_wconf 83' lang='grc' dir='ltr'>τὴν</span> 
     </span>
    </p>
   </div>
   <div class='ocr_carea' id='block_1_64' title="bbox 442 3203 2082 3284">
    <p class='ocr_par' dir='ltr' id='par_1_64' title="bbox 442 3203 2082 3284">
     <span class='ocr_line' id='line_1_64' title="bbox 442 3203 2082 3284; baseline -0.005 -12"><span class='ocrx_word' id='word_1_441' title='bbox 442 3211 556 3272; x_wconf 82' lang='lat' dir='ltr'><strong>fuit</strong></span> <span class='ocrx_word' id='word_1_442' title='bbox 585 3213 893 3283; x_wconf 73' lang='lat' dir='ltr'><strong>coniectus</strong></span> <span class='ocrx_word' id='word_1_443' title='bbox 925 3210 982 3269; x_wconf 90' lang='lat' dir='ltr'><strong>in</strong></span> <span class='ocrx_word' id='word_1_444' title='bbox 1008 3205 1527 3284; x_wconf 84' lang='lat' dir='ltr'><strong>carcerem,idque</strong></span> <span class='ocrx_word' id='word_1_445' title='bbox 1555 3223 1656 3266; x_wconf 92' lang='lat' dir='ltr'><strong>eos</strong></span> <span class='ocrx_word' id='word_1_446' title='bbox 1678 3211 1842 3264; x_wconf 91' lang='lat' dir='ltr'><strong>recte</strong></span> <span class='ocrx_word' id='word_1_447' title='bbox 1863 3203 2082 3282; x_wconf 84' lang='lat' dir='ltr'><strong>signiﬁ-</strong></span> 
     </span>
    </p>
   </div>
   <div class='ocr_carea' id='block_1_65' title="bbox 443 3293 2078 3381">
    <p class='ocr_par' dir='ltr' id='par_1_65' title="bbox 443 3293 2078 3381">
     <span class='ocr_line' id='line_1_65' title="bbox 443 3293 2078 3381; baseline -0.004 -20"><span class='ocrx_word' id='word_1_448' title='bbox 443 3321 579 3364; x_wconf 84' lang='lat' dir='ltr'><strong>rare</strong></span> <span class='ocrx_word' id='word_1_449' title='bbox 602 3301 659 3361; x_wconf 91' lang='lat' dir='ltr'><strong>in</strong></span> <span class='ocrx_word' id='word_1_450' title='bbox 689 3299 983 3381; x_wconf 85' lang='lat' dir='ltr'><strong>principio</strong></span> <span class='ocrx_word' id='word_1_451' title='bbox 1006 3317 1128 3359; x_wconf 72' lang='lat' dir='ltr'><strong>sum</strong></span> <span class='ocrx_word' id='word_1_452' title='bbox 1151 3293 1594 3358; x_wconf 74' lang='lat' dir='ltr'><strong>historize.Nam</strong></span> <span class='ocrx_word' id='word_1_453' title='bbox 1623 3303 1757 3375; x_wconf 91' lang='lat' dir='ltr'><strong>post</strong></span> <span class='ocrx_word' id='word_1_454' title='bbox 1777 3293 2078 3372; x_wconf 87' lang='lat' dir='ltr'><strong>jejunium</strong></span> 
     </span>
    </p>
   </div>
   <div class='ocr_carea' id='block_1_66' title="bbox 446 3381 2081 3466">
    <p class='ocr_par' dir='ltr' id='par_1_66' title="bbox 446 3381 2081 3466">
     <span class='ocr_line' id='line_1_66' title="bbox 446 3381 2081 3466; baseline -0.006 -13"><span class='ocrx_word' id='word_1_455' title='bbox 446 3389 665 3453; x_wconf 83' lang='lat' dir='ltr'><strong>Christi</strong></span> <span class='ocrx_word' id='word_1_456' title='bbox 686 3387 1076 3466; x_wconf 76' lang='lat' dir='ltr'><strong>quadraginta</strong></span> <span class='ocrx_word' id='word_1_457' title='bbox 1099 3385 1426 3453; x_wconf 60' lang='lat' dir='ltr'><strong>diei-umet</strong></span> <span class='ocrx_word' id='word_1_458' title='bbox 1446 3402 1574 3444; x_wconf 88' lang='lat' dir='ltr'><strong>eam</strong></span> <span class='ocrx_word' id='word_1_459' title='bbox 1596 3401 1726 3462; x_wconf 66' lang='lat' dir='ltr'><strong>qum</strong></span> <span class='ocrx_word' id='word_1_460' title='bbox 1747 3383 1805 3442; x_wconf 91' lang='lat' dir='ltr'><strong>in</strong></span> <span class='ocrx_word' id='word_1_461' title='bbox 1825 3382 1953 3462; x_wconf 88' lang='lat' dir='ltr'><strong>ipso</strong></span> <span class='ocrx_word' id='word_1_462' title='bbox 1974 3381 2081 3444; x_wconf 80' lang='lat' dir='ltr'><strong>fuit</strong></span> 
     </span>
    </p>
   </div>
   <div class='ocr_carea' id='block_1_67' title="bbox 443 3473 2080 3554">
    <p class='ocr_par' dir='ltr' id='par_1_67' title="bbox 443 3473 2080 3554">
     <span class='ocr_line' id='line_1_67' title="bbox 443 3473 2080 3554; baseline -0.003 -14"><span class='ocrx_word' id='word_1_463' title='bbox 443 3477 1169 3547; x_wconf 68' lang='lat' dir='ltr'><strong>tentationem,llatthaaus</strong></span> <span class='ocrx_word' id='word_1_464' title='bbox 1193 3473 1432 3554; x_wconf 90' lang='lat' dir='ltr'><strong>quidem</strong></span> <span class='ocrx_word' id='word_1_465' title='bbox 1460 3473 1817 3551; x_wconf 79' lang='lat' dir='ltr'><strong>signiﬁcavit</strong></span> <span class='ocrx_word' id='word_1_466' title='bbox 1841 3485 2080 3552; x_wconf 83' lang='lat' dir='ltr'><strong>tempus</strong></span> 
     </span>
    </p>
   </div>
   <div class='ocr_carea' id='block_1_68' title="bbox 441 3563 2075 3647">
    <p class='ocr_par' dir='ltr' id='par_1_68' title="bbox 441 3563 2075 3647">
     <span class='ocr_line' id='line_1_68' title="bbox 441 3563 2075 3647; baseline -0.004 -16"><span class='ocrx_word' id='word_1_467' title='bbox 441 3589 563 3632; x_wconf 63' lang='lat' dir='ltr'><strong>sua;</strong></span> <span class='ocrx_word' id='word_1_468' title='bbox 586 3566 1168 3647; x_wconf 66' lang='lat' dir='ltr'><strong>sv;riptionis.dicens</strong></span> <span class='ocrx_word' id='word_1_469' title='bbox 1190 3565 1276 3624; x_wconf 65' lang='lat' dir='ltr'><strong>l5:</strong></span> <span class='ocrx_word' id='word_1_470' title='bbox 1305 3564 1488 3626; x_wconf 73' lang='lat' dir='ltr'><strong>«Cum</strong></span> <span class='ocrx_word' id='word_1_471' title='bbox 1513 3573 1711 3624; x_wconf 82' lang='lat' dir='ltr'><strong>autem</strong></span> <span class='ocrx_word' id='word_1_472' title='bbox 1731 3563 2075 3638; x_wconf 82' lang='lat' dir='ltr'><strong>audivisset,</strong></span> 
     </span>
    </p>
   </div>
   <div class='ocr_carea' id='block_1_69' title="bbox 444 3652 2079 3738">
    <p class='ocr_par' dir='ltr' id='par_1_69' title="bbox 444 3652 2079 3738">
     <span class='ocr_line' id='line_1_69' title="bbox 444 3652 2079 3738; baseline -0.002 -19"><span class='ocrx_word' id='word_1_473' title='bbox 444 3658 597 3738; x_wconf 88' lang='lat' dir='ltr'><strong>quod</strong></span> <span class='ocrx_word' id='word_1_474' title='bbox 623 3659 890 3722; x_wconf 84' lang='lat' dir='ltr'><strong>Joannes</strong></span> <span class='ocrx_word' id='word_1_475' title='bbox 921 3663 1040 3716; x_wconf 89' lang='lat' dir='ltr'><strong>erat</strong></span> <span class='ocrx_word' id='word_1_476' title='bbox 1081 3655 1356 3725; x_wconf 82' lang='lat' dir='ltr'><strong>traditus,</strong></span> <span class='ocrx_word' id='word_1_477' title='bbox 1392 3672 1426 3713; x_wconf 92' lang='lat' dir='ltr'><strong>a</strong></span> <span class='ocrx_word' id='word_1_478' title='bbox 1455 3652 1663 3716; x_wconf 61' lang='lat' dir='ltr'><strong>.ludaia</strong></span> <span class='ocrx_word' id='word_1_479' title='bbox 1712 3653 1962 3714; x_wconf 80' lang='lat' dir='ltr'><strong>recessit</strong></span> <span class='ocrx_word' id='word_1_480' title='bbox 2021 3655 2079 3715; x_wconf 88' lang='lat' dir='ltr'><strong>in</strong></span> 
     </span>
    </p>
   </div>
   <div class='ocr_carea' id='block_1_70' title="bbox 443 3743 2081 3822">
    <p class='ocr_par' dir='ltr' id='par_1_70' title="bbox 443 3743 2081 3822">
     <span class='ocr_line' id='line_1_70' title="bbox 443 3743 2081 3822; baseline -0.005 -10"><span class='ocrx_word' id='word_1_481' title='bbox 443 3747 999 3812; x_wconf 70' lang='lat' dir='ltr'><strong>Galilmamn&#39;Lucas</strong></span> <span class='ocrx_word' id='word_1_482' title='bbox 1016 3762 1256 3821; x_wconf 78' lang='lat' dir='ltr'><strong>quoque</strong></span> <span class='ocrx_word' id='word_1_483' title='bbox 1273 3743 1611 3822; x_wconf 80' lang='lat' dir='ltr'><strong>priusquam</strong></span> <span class='ocrx_word' id='word_1_484' title='bbox 1636 3743 2081 3814; x_wconf 84' lang='lat' dir='ltr'><strong>inciperetnar-</strong></span> 
     </span>
    </p>
   </div>
   <div class='ocr_carea' id='block_1_71' title="bbox 443 3832 2078 3916">
    <p class='ocr_par' dir='ltr' id='par_1_71' title="bbox 443 3832 2078 3916">
     <span class='ocr_line' id='line_1_71' title="bbox 443 3832 2078 3916; baseline -0.007 -17"><span class='ocrx_word' id='word_1_485' title='bbox 443 3857 578 3901; x_wconf 82' lang='lat' dir='ltr'><strong>rare</strong></span> <span class='ocrx_word' id='word_1_486' title='bbox 611 3840 759 3899; x_wconf 80' lang='lat' dir='ltr'><strong>facta</strong></span> <span class='ocrx_word' id='word_1_487' title='bbox 795 3832 1246 3902; x_wconf 86' lang='lat' dir='ltr'><strong>Jesu,similiter</strong></span> <span class='ocrx_word' id='word_1_488' title='bbox 1276 3832 1775 3896; x_wconf 82' lang='lat' dir='ltr'><strong>ostendit.dicens</strong></span> <span class='ocrx_word' id='word_1_489' title='bbox 1808 3834 1885 3912; x_wconf 75' lang='grc' dir='ltr'>η,</span> <span class='ocrx_word' id='word_1_490' title='bbox 1921 3837 2078 3916; x_wconf 80' lang='lat' dir='ltr'><strong>quod</strong></span> 
     </span>
    </p>
   </div>
   <div class='ocr_carea' id='block_1_72' title="bbox 443 3922 2080 4008">
    <p class='ocr_par' dir='ltr' id='par_1_72' title="bbox 443 3922 2080 4008">
     <span class='ocr_line' id='line_1_72' title="bbox 443 3922 2080 4008; baseline -0.002 -19"><span class='ocrx_word' id='word_1_491' title='bbox 443 3925 1013 4008; x_wconf 78' lang='lat' dir='ltr'><strong>adjiciensllerodes</strong></span> <span class='ocrx_word' id='word_1_492' title='bbox 1030 3923 1104 3983; x_wconf 86' lang='lat' dir='ltr'><strong>iis</strong></span> <span class='ocrx_word' id='word_1_493' title='bbox 1120 3941 1252 4002; x_wconf 65' lang='lat' dir='ltr'><strong>quae</strong></span> <span class='ocrx_word' id='word_1_494' title='bbox 1274 3922 1496 3982; x_wconf 81' lang='lat' dir='ltr'><strong>fecerat</strong></span> <span class='ocrx_word' id='word_1_495' title='bbox 1512 3922 2080 3995; x_wconf 78' lang='lat' dir='ltr'><strong>,inclusitloannem</strong></span> 
     </span>
    </p>
   </div>
   <div class='ocr_carea' id='block_1_73' title="bbox 442 4012 2082 4093">
    <p class='ocr_par' dir='ltr' id='par_1_73' title="bbox 442 4012 2082 4093">
     <span class='ocr_line' id='line_1_73' title="bbox 442 4012 2082 4093; baseline -0.002 -14"><span class='ocrx_word' id='word_1_496' title='bbox 442 4018 502 4079; x_wconf 92' lang='lat' dir='ltr'><strong>in</strong></span> <span class='ocrx_word' id='word_1_497' title='bbox 529 4015 1152 4090; x_wconf 75' lang='lat' dir='ltr'><strong>custodia.Propterea</strong></span> <span class='ocrx_word' id='word_1_498' title='bbox 1179 4031 1319 4091; x_wconf 90' lang='lat' dir='ltr'><strong>ergo</strong></span> <span class='ocrx_word' id='word_1_499' title='bbox 1343 4012 1870 4084; x_wconf 83' lang='lat' dir='ltr'><strong>dicunt,.loannem</strong></span> <span class='ocrx_word' id='word_1_500' title='bbox 1904 4033 2082 4093; x_wconf 88' lang='lat' dir='ltr'><strong>apos-</strong></span> 
     </span>
    </p>
   </div>
   <div class='ocr_carea' id='block_1_74' title="bbox 442 4102 2083 4184">
    <p class='ocr_par' dir='ltr' id='par_1_74' title="bbox 442 4102 2083 4184">
     <span class='ocr_line' id='line_1_74' title="bbox 442 4102 2083 4184; baseline 0 -19"><span class='ocrx_word' id='word_1_501' title='bbox 442 4107 628 4165; x_wconf 90' lang='lat' dir='ltr'><strong>tolum</strong></span> <span class='ocrx_word' id='word_1_502' title='bbox 660 4109 1198 4184; x_wconf 74' lang='lat' dir='ltr'><strong>rngatum.tempus</strong></span> <span class='ocrx_word' id='word_1_503' title='bbox 1233 4102 1388 4181; x_wconf 88' lang='lat' dir='ltr'><strong>quod</strong></span> <span class='ocrx_word' id='word_1_504' title='bbox 1423 4102 1524 4163; x_wconf 70' lang='lat' dir='ltr'><strong>fuit</strong></span> <span class='ocrx_word' id='word_1_505' title='bbox 1550 4103 1794 4164; x_wconf 89' lang='lat' dir='ltr'><strong>silentio</strong></span> <span class='ocrx_word' id='word_1_506' title='bbox 1821 4110 2083 4181; x_wconf 68' lang='lat' dir='ltr'><strong>praeteri-</strong></span> 
     </span>
    </p>
   </div>
   <div class='ocr_carea' id='block_1_75' title="bbox 445 4190 2083 4270">
    <p class='ocr_par' dir='ltr' id='par_1_75' title="bbox 445 4190 2083 4270">
     <span class='ocr_line' id='line_1_75' title="bbox 445 4190 2083 4270; baseline 0.001 -16"><span class='ocrx_word' id='word_1_507' title='bbox 445 4203 566 4254; x_wconf 91' lang='lat' dir='ltr'><strong>tum</strong></span> <span class='ocrx_word' id='word_1_508' title='bbox 599 4213 633 4253; x_wconf 89' lang='lat' dir='ltr'><strong>a</strong></span> <span class='ocrx_word' id='word_1_509' title='bbox 662 4190 963 4268; x_wconf 87' lang='lat' dir='ltr'><strong>prioribus</strong></span> <span class='ocrx_word' id='word_1_510' title='bbox 1015 4192 1420 4270; x_wconf 83' lang='lat' dir='ltr'><strong>evangelistis,</strong></span> <span class='ocrx_word' id='word_1_511' title='bbox 1456 4201 1513 4253; x_wconf 85' lang='lat' dir='ltr'><strong>et</strong></span> <span class='ocrx_word' id='word_1_512' title='bbox 1555 4211 1686 4270; x_wconf 67' lang='lat' dir='ltr'><strong>quas</strong></span> <span class='ocrx_word' id='word_1_513' title='bbox 1715 4193 1775 4253; x_wconf 89' lang='lat' dir='ltr'><strong>in</strong></span> <span class='ocrx_word' id='word_1_514' title='bbox 1810 4212 1881 4254; x_wconf 90' lang='lat' dir='ltr'><strong>eo</strong></span> <span class='ocrx_word' id='word_1_515' title='bbox 1930 4194 2083 4256; x_wconf 87' lang='lat' dir='ltr'><strong>facta</strong></span> 
     </span>
    </p>
   </div>
   <div class='ocr_carea' id='block_1_76' title="bbox 444 4281 2086 4362">
    <p class='ocr_par' dir='ltr' id='par_1_76' title="bbox 444 4281 2086 4362">
     <span class='ocr_line' id='line_1_76' title="bbox 444 4281 2086 4362; baseline 0.001 -17"><span class='ocrx_word' id='word_1_516' title='bbox 444 4283 679 4345; x_wconf 82' lang='lat' dir='ltr'><strong>fuerant</strong></span> <span class='ocrx_word' id='word_1_517' title='bbox 700 4300 733 4341; x_wconf 91' lang='lat' dir='ltr'><strong>a</strong></span> <span class='ocrx_word' id='word_1_518' title='bbox 756 4281 1096 4348; x_wconf 81' lang='lat' dir='ltr'><strong>Servatore.</strong></span> <span class='ocrx_word' id='word_1_519' title='bbox 1124 4300 1194 4343; x_wconf 90' lang='lat' dir='ltr'><strong>ea</strong></span> <span class='ocrx_word' id='word_1_520' title='bbox 1216 4290 1412 4342; x_wconf 90' lang='lat' dir='ltr'><strong>autem</strong></span> <span class='ocrx_word' id='word_1_521' title='bbox 1439 4289 1727 4362; x_wconf 73' lang='lat' dir='ltr'><strong>suntquae</strong></span> <span class='ocrx_word' id='word_1_522' title='bbox 1758 4282 1911 4344; x_wconf 84' lang='lat' dir='ltr'><strong>facta</strong></span> <span class='ocrx_word' id='word_1_523' title='bbox 1943 4292 2086 4346; x_wconf 89' lang='lat' dir='ltr'><strong>sunt</strong></span> 
     </span>
    </p>
   </div>
   <div class='ocr_carea' id='block_1_77' title="bbox 441 4372 2080 4452">
    <p class='ocr_par' dir='ltr' id='par_1_77' title="bbox 441 4372 2080 4452">
     <span class='ocr_line' id='line_1_77' title="bbox 441 4372 2080 4452; baseline -0.001 -16"><span class='ocrx_word' id='word_1_524' title='bbox 441 4382 758 4452; x_wconf 86' lang='lat' dir='ltr'><strong>antequam</strong></span> <span class='ocrx_word' id='word_1_525' title='bbox 781 4372 1037 4449; x_wconf 82' lang='lat' dir='ltr'><strong>Baptista</strong></span> <span class='ocrx_word' id='word_1_526' title='bbox 1061 4373 1120 4433; x_wconf 93' lang='lat' dir='ltr'><strong>in</strong></span> <span class='ocrx_word' id='word_1_527' title='bbox 1134 4390 1438 4434; x_wconf 89' lang='lat' dir='ltr'><strong>carcerem</strong></span> <span class='ocrx_word' id='word_1_528' title='bbox 1462 4373 1886 4451; x_wconf 86' lang='lat' dir='ltr'><strong>conjiceretur,</strong></span> <span class='ocrx_word' id='word_1_529' title='bbox 1900 4374 1957 4434; x_wconf 91' lang='lat' dir='ltr'><strong>in</strong></span> <span class='ocrx_word' id='word_1_530' title='bbox 1973 4393 2080 4435; x_wconf 91' lang='lat' dir='ltr'><strong>suo</strong></span> 
     </span>
    </p>
   </div>
   <div class='ocr_carea' id='block_1_78' title="bbox 2163 3205 3796 3285">
    <p class='ocr_par' dir='ltr' id='par_1_78' title="bbox 2163 3205 3796 3285">
     <span class='ocr_line' id='line_1_78' title="bbox 2163 3205 3796 3285; baseline -0.001 -22"><span class='ocrx_word' id='word_1_531' title='bbox 2163 3207 2217 3263; x_wconf 78' lang='grc' dir='ltr'>ἒν</span> <span class='ocrx_word' id='word_1_532' title='bbox 2253 3211 2331 3282; x_wconf 78' lang='grc' dir='ltr'>τῷ</span> <span class='ocrx_word' id='word_1_533' title='bbox 2372 3207 2704 3285; x_wconf 80' lang='grc' dir='ltr'>δεσμοτηρίῳ</span> <span class='ocrx_word' id='word_1_534' title='bbox 2755 3205 3005 3264; x_wconf 75' lang='grc' dir='ltr'>Ἰωάννου</span> <span class='ocrx_word' id='word_1_535' title='bbox 3073 3213 3166 3264; x_wconf 83' lang='grc' dir='ltr'>τοῦ</span> <span class='ocrx_word' id='word_1_536' title='bbox 3228 3214 3530 3266; x_wconf 77' lang='grc' dir='ltr'>Βαπτιστοῦ</span> <span class='ocrx_word' id='word_1_537' title='bbox 3587 3207 3796 3282; x_wconf 82' lang='grc' dir='ltr'>κάθειρ-</span> 
     </span>
    </p>
   </div>
   <div class='ocr_carea' id='block_1_79' title="bbox 2164 3296 3796 3378">
    <p class='ocr_par' dir='ltr' id='par_1_79' title="bbox 2164 3296 3796 3378">
     <span class='ocr_line' id='line_1_79' title="bbox 2164 3296 3796 3378; baseline -0.003 -23"><span class='ocrx_word' id='word_1_538' title='bbox 2164 3298 2238 3364; x_wconf 81' lang='grc' dir='ltr'>ξιν</span> <span class='ocrx_word' id='word_1_539' title='bbox 2296 3298 2377 3378; x_wconf 84' lang='grc' dir='ltr'><strong>ἐφ’</strong></span> <span class='ocrx_word' id='word_1_540' title='bbox 2437 3297 2528 3355; x_wconf 77' lang='grc' dir='ltr'>ἕνα</span> <span class='ocrx_word' id='word_1_541' title='bbox 2587 3298 2826 3354; x_wconf 77' lang='grc' dir='ltr'>ἐνιαυτὸν</span> <span class='ocrx_word' id='word_1_542' title='bbox 2887 3296 3343 3374; x_wconf 72' lang='grc' dir='ltr'>πεπραγμένατῷ</span> <span class='ocrx_word' id='word_1_543' title='bbox 3374 3302 3590 3374; x_wconf 80' lang='grc' dir='ltr'>Σωτῆρι</span> <span class='ocrx_word' id='word_1_544' title='bbox 3619 3315 3796 3374; x_wconf 87' lang='grc' dir='ltr'>συγγε-</span> 
     </span>
    </p>
   </div>
   <div class='ocr_carea' id='block_1_80' title="bbox 2164 3385 3795 3468">
    <p class='ocr_par' dir='ltr' id='par_1_80' title="bbox 2164 3385 3795 3468">
     <span class='ocr_line' id='line_1_80' title="bbox 2164 3385 3795 3468; baseline -0.001 -23"><span class='ocrx_word' id='word_1_545' title='bbox 2164 3389 2458 3468; x_wconf 80' lang='grc' dir='ltr'>γραφότας,</span> <span class='ocrx_word' id='word_1_546' title='bbox 2519 3388 2606 3444; x_wconf 84' lang='grc' dir='ltr'><strong>καὶ</strong></span> <span class='ocrx_word' id='word_1_547' title='bbox 2664 3389 2790 3446; x_wconf 75' lang='grc' dir='ltr'>αὐτὸ</span> <span class='ocrx_word' id='word_1_548' title='bbox 2850 3394 3004 3444; x_wconf 78' lang='grc' dir='ltr'>τοῦτο</span> <span class='ocrx_word' id='word_1_549' title='bbox 3033 3385 3212 3451; x_wconf 80' lang='grc' dir='ltr'>καλῶς</span> <span class='ocrx_word' id='word_1_550' title='bbox 3272 3386 3795 3462; x_wconf 73' lang='grc' dir='ltr'>ἐπισημαινομένους</span> 
     </span>
    </p>
   </div>
   <div class='ocr_carea' id='block_1_81' title="bbox 2161 3476 3792 3558">
    <p class='ocr_par' dir='ltr' id='par_1_81' title="bbox 2161 3476 3792 3558">
     <span class='ocr_line' id='line_1_81' title="bbox 2161 3476 3792 3558; baseline -0.003 -24"><span class='ocrx_word' id='word_1_551' title='bbox 2161 3478 2280 3534; x_wconf 85' lang='grc' dir='ltr'>κατ’</span> <span class='ocrx_word' id='word_1_552' title='bbox 2339 3479 2510 3558; x_wconf 57' lang='grc' dir='ltr'>ἀρχὰς</span> <span class='ocrx_word' id='word_1_553' title='bbox 2571 3483 2670 3544; x_wconf 80' lang='grc' dir='ltr'>τῆς</span> <span class='ocrx_word' id='word_1_554' title='bbox 2735 3479 2906 3534; x_wconf 70' lang='grc' dir='ltr'>αὐτῶν</span> <span class='ocrx_word' id='word_1_555' title='bbox 2992 3478 3252 3556; x_wconf 79' lang='grc' dir='ltr'>ἱστορίας.</span> <span class='ocrx_word' id='word_1_556' title='bbox 3312 3478 3459 3534; x_wconf 80' lang='grc' dir='ltr'>Μετά</span> <span class='ocrx_word' id='word_1_557' title='bbox 3514 3485 3643 3556; x_wconf 74' lang='grc' dir='ltr'>γοῦν</span> <span class='ocrx_word' id='word_1_558' title='bbox 3697 3476 3792 3542; x_wconf 72' lang='grc' dir='ltr'>τὴν</span> 
     </span>
    </p>
   </div>
   <div class='ocr_carea' id='block_1_82' title="bbox 2161 3567 3798 3646">
    <p class='ocr_par' dir='ltr' id='par_1_82' title="bbox 2161 3567 3798 3646">
     <span class='ocr_line' id='line_1_82' title="bbox 2161 3567 3798 3646; baseline -0.004 -22"><span class='ocrx_word' id='word_1_559' title='bbox 2161 3569 2722 3646; x_wconf 73' lang='grc' dir='ltr'>τεσσαρακονθήμερον</span> <span class='ocrx_word' id='word_1_560' title='bbox 2776 3574 2866 3624; x_wconf 80' lang='grc' dir='ltr'><strong>τοῦ</strong></span> <span class='ocrx_word' id='word_1_561' title='bbox 2931 3574 3156 3646; x_wconf 76' lang='grc' dir='ltr'>Χριστοῦ</span> <span class='ocrx_word' id='word_1_562' title='bbox 3232 3568 3504 3639; x_wconf 77' lang='grc' dir='ltr'>νηστείαν,</span> <span class='ocrx_word' id='word_1_563' title='bbox 3569 3568 3657 3624; x_wconf 83' lang='grc' dir='ltr'><strong>καὶ</strong></span> <span class='ocrx_word' id='word_1_564' title='bbox 3711 3567 3798 3621; x_wconf 70' lang='grc' dir='ltr'><strong>τὸν</strong></span> 
     </span>
    </p>
   </div>
   <div class='ocr_carea' id='block_1_83' title="bbox 2162 3655 3796 3736">
    <p class='ocr_par' dir='ltr' id='par_1_83' title="bbox 2162 3655 3796 3736">
     <span class='ocr_line' id='line_1_83' title="bbox 2162 3655 3796 3736; baseline -0.004 -22"><span class='ocrx_word' id='word_1_565' title='bbox 2162 3657 2247 3714; x_wconf 79' lang='grc' dir='ltr'><strong>ἐπ’</strong></span> <span class='ocrx_word' id='word_1_566' title='bbox 2281 3658 2413 3735; x_wconf 68' lang='grc' dir='ltr'>αὐτῇ</span> <span class='ocrx_word' id='word_1_567' title='bbox 2447 3657 2769 3734; x_wconf 81' lang='grc' dir='ltr'>πειρασμὸν,</span> <span class='ocrx_word' id='word_1_568' title='bbox 2825 3657 2853 3712; x_wconf 98' lang='lat'><strong>6</strong></span> <span class='ocrx_word' id='word_1_569' title='bbox 2897 3655 2996 3730; x_wconf 79' lang='grc' dir='ltr'>μὲν</span> <span class='ocrx_word' id='word_1_570' title='bbox 3051 3659 3321 3719; x_wconf 80' lang='grc' dir='ltr'>Ματθαῐος</span> <span class='ocrx_word' id='word_1_571' title='bbox 3353 3657 3443 3712; x_wconf 76' lang='grc' dir='ltr'>τὸν</span> <span class='ocrx_word' id='word_1_572' title='bbox 3475 3657 3672 3736; x_wconf 83' lang='grc' dir='ltr'>χρόνον</span> <span class='ocrx_word' id='word_1_573' title='bbox 3703 3658 3796 3720; x_wconf 76' lang='grc' dir='ltr'>τῆς</span> 
     </span>
    </p>
   </div>
   <div class='ocr_carea' id='block_1_84' title="bbox 2161 3743 3791 3824">
    <p class='ocr_par' dir='ltr' id='par_1_84' title="bbox 2161 3743 3791 3824">
     <span class='ocr_line' id='line_1_84' title="bbox 2161 3743 3791 3824; baseline -0.004 -20"><span class='ocrx_word' id='word_1_574' title='bbox 2161 3746 2294 3812; x_wconf 73' lang='grc' dir='ltr'>ἰδίας</span> <span class='ocrx_word' id='word_1_575' title='bbox 2337 3751 2546 3824; x_wconf 76' lang='grc' dir='ltr'>γραφῆς</span> <span class='ocrx_word' id='word_1_576' title='bbox 2576 3744 2738 3813; x_wconf 76' lang='grc' dir='ltr'>δηλοῖ</span> <span class='ocrx_word' id='word_1_577' title='bbox 2767 3743 2941 3822; x_wconf 80' lang='grc' dir='ltr'>λέγων</span> <span class='ocrx_word' id='word_1_578' title='bbox 2974 3759 2988 3774; x_wconf 84' lang='grc'><em>’</em></span> <span class='ocrx_word' id='word_1_579' title='bbox 3026 3743 3078 3799; x_wconf 76' lang='grc' dir='ltr'>ἰ</span> <span class='ocrx_word' id='word_1_580' title='bbox 3108 3744 3371 3808; x_wconf 80' lang='grc' dir='ltr'>Ἀκούσας</span> <span class='ocrx_word' id='word_1_581' title='bbox 3403 3743 3457 3800; x_wconf 73' lang='grc' dir='ltr'>δὲ</span> <span class='ocrx_word' id='word_1_582' title='bbox 3489 3745 3574 3802; x_wconf 75' lang='grc' dir='ltr'>’ότι</span> <span class='ocrx_word' id='word_1_583' title='bbox 3608 3743 3791 3802; x_wconf 74' lang='grc' dir='ltr'>Ἰωάν-</span> 
     </span>
    </p>
   </div>
   <div class='ocr_carea' id='block_1_85' title="bbox 2163 3833 3794 3914">
    <p class='ocr_par' dir='ltr' id='par_1_85' title="bbox 2163 3833 3794 3914">
     <span class='ocr_line' id='line_1_85' title="bbox 2163 3833 3794 3914; baseline -0.002 -23"><span class='ocrx_word' id='word_1_584' title='bbox 2163 3860 2259 3904; x_wconf 84' lang='grc' dir='ltr'><strong>νης</strong></span> <span class='ocrx_word' id='word_1_585' title='bbox 2323 3835 2610 3914; x_wconf 77' lang='grc' dir='ltr'>παρεδόθη,</span> <span class='ocrx_word' id='word_1_586' title='bbox 2673 3835 3024 3914; x_wconf 79' lang='grc' dir='ltr'>ἀνεχώρησεν</span> <span class='ocrx_word' id='word_1_587' title='bbox 3070 3833 3176 3890; x_wconf 86' lang='grc' dir='ltr'><strong>ἀπὸ</strong></span> <span class='ocrx_word' id='word_1_588' title='bbox 3256 3839 3354 3901; x_wconf 78' lang='grc' dir='ltr'>τῆς</span> <span class='ocrx_word' id='word_1_589' title='bbox 3424 3833 3682 3898; x_wconf 75' lang='grc' dir='ltr'>Ἰουδαίας</span> <span class='ocrx_word' id='word_1_590' title='bbox 3724 3835 3794 3896; x_wconf 78' lang='grc' dir='ltr'><strong>εἰς</strong></span> 
     </span>
    </p>
   </div>
   <div class='ocr_carea' id='block_1_86' title="bbox 2162 3921 3794 4004">
    <p class='ocr_par' dir='ltr' id='par_1_86' title="bbox 2162 3921 3794 4004">
     <span class='ocr_line' id='line_1_86' title="bbox 2162 3921 3794 4004; baseline -0.003 -22"><span class='ocrx_word' id='word_1_591' title='bbox 2162 3928 2260 3993; x_wconf 75' lang='grc' dir='ltr'>τὴν</span> <span class='ocrx_word' id='word_1_592' title='bbox 2304 3924 2588 3982; x_wconf 85' lang='grc' dir='ltr'>Γαλιλαίαν</span> <span class='ocrx_word' id='word_1_593' title='bbox 2622 3940 2637 3955; x_wconf 87' lang='grc'>⁶</span> <span class='ocrx_word' id='word_1_594' title='bbox 2672 3944 2700 3984; x_wconf 69' lang='grc' dir='ltr'><strong><em>ι</em></strong></span> <span class='ocrx_word' id='word_1_595' title='bbox 2749 3925 2838 3980; x_wconf 82' lang='grc' dir='ltr'>καὶ</span> <span class='ocrx_word' id='word_1_596' title='bbox 2893 3926 2920 3980; x_wconf 85' lang='lat'><strong>6</strong></span> <span class='ocrx_word' id='word_1_597' title='bbox 2976 3929 3180 3989; x_wconf 82' lang='grc' dir='ltr'>Λουκᾶς</span> <span class='ocrx_word' id='word_1_598' title='bbox 3223 3921 3301 3996; x_wconf 77' lang='grc' dir='ltr'>δὲ,</span> <span class='ocrx_word' id='word_1_599' title='bbox 3374 3926 3494 4003; x_wconf 89' lang='grc' dir='ltr'>πρὶν</span> <span class='ocrx_word' id='word_1_600' title='bbox 3554 3923 3794 4004; x_wconf 77' lang='grc' dir='ltr'>ἄρξασθαι</span> 
     </span>
    </p>
   </div>
   <div class='ocr_carea' id='block_1_87' title="bbox 2162 4012 3794 4096">
    <p class='ocr_par' dir='ltr' id='par_1_87' title="bbox 2162 4012 3794 4096">
     <span class='ocr_line' id='line_1_87' title="bbox 2162 4012 3794 4096; baseline -0.002 -26"><span class='ocrx_word' id='word_1_601' title='bbox 2162 4023 2270 4074; x_wconf 84' lang='grc' dir='ltr'><strong>τῶν</strong></span> <span class='ocrx_word' id='word_1_602' title='bbox 2326 4023 2420 4073; x_wconf 78' lang='grc' dir='ltr'>τοῦ</span> <span class='ocrx_word' id='word_1_603' title='bbox 2499 4015 2680 4082; x_wconf 83' lang='grc' dir='ltr'>ἰησοῦ</span> <span class='ocrx_word' id='word_1_604' title='bbox 2758 4012 3022 4094; x_wconf 71' lang='grc' dir='ltr'>πράξεων,</span> <span class='ocrx_word' id='word_1_605' title='bbox 3081 4012 3474 4091; x_wconf 85' lang='grc' dir='ltr'>παραπλησίως</span> <span class='ocrx_word' id='word_1_606' title='bbox 3527 4016 3794 4096; x_wconf 73' lang='grc' dir='ltr'>ὅποφαίνει</span> 
     </span>
    </p>
   </div>
   <div class='ocr_carea' id='block_1_88' title="bbox 2163 4101 3796 4188">
    <p class='ocr_par' dir='ltr' id='par_1_88' title="bbox 2163 4101 3796 4188">
     <span class='ocr_line' id='line_1_88' title="bbox 2163 4101 3796 4188; baseline -0.004 -24"><span class='ocrx_word' id='word_1_607' title='bbox 2163 4107 2382 4188; x_wconf 74' lang='grc' dir='ltr'>φάσκων</span> <span class='ocrx_word' id='word_1_608' title='bbox 2441 4106 2514 4170; x_wconf 81' lang='grc' dir='ltr'>ὡς</span> <span class='ocrx_word' id='word_1_609' title='bbox 2564 4103 2664 4182; x_wconf 67' lang='grc' dir='ltr'><strong>ἄρα</strong></span> <span class='ocrx_word' id='word_1_610' title='bbox 2723 4105 2966 4176; x_wconf 80' lang='grc' dir='ltr'>προσθεὶς</span> <span class='ocrx_word' id='word_1_611' title='bbox 3022 4106 3049 4160; x_wconf 92' lang='lat'><strong>6</strong></span> <span class='ocrx_word' id='word_1_612' title='bbox 3102 4101 3345 4175; x_wconf 83' lang='grc' dir='ltr'>Ἡρώδης</span> <span class='ocrx_word' id='word_1_613' title='bbox 3370 4105 3459 4168; x_wconf 79' lang='grc' dir='ltr'>οἷς</span> <span class='ocrx_word' id='word_1_614' title='bbox 3488 4103 3796 4184; x_wconf 81' lang='grc' dir='ltr'>διεπράξατο</span> 
     </span>
    </p>
   </div>
   <div class='ocr_carea' id='block_1_89' title="bbox 2163 4192 3794 4274">
    <p class='ocr_par' dir='ltr' id='par_1_89' title="bbox 2163 4192 3794 4274">
     <span class='ocr_line' id='line_1_89' title="bbox 2163 4192 3794 4274; baseline -0.002 -21"><span class='ocrx_word' id='word_1_615' title='bbox 2163 4194 2476 4253; x_wconf 82' lang='grc' dir='ltr'>κατέκλεισε</span> <span class='ocrx_word' id='word_1_616' title='bbox 2533 4197 2623 4250; x_wconf 74' lang='grc' dir='ltr'>τὸν</span> <span class='ocrx_word' id='word_1_617' title='bbox 2654 4193 2910 4260; x_wconf 82' lang='grc' dir='ltr'>Ἰωάννην</span> <span class='ocrx_word' id='word_1_618' title='bbox 2962 4193 3014 4250; x_wconf 71' lang='grc' dir='ltr'>ἐν</span> <span class='ocrx_word' id='word_1_619' title='bbox 3074 4199 3141 4270; x_wconf 80' lang='grc' dir='ltr'><strong>τῇ</strong></span> <span class='ocrx_word' id='word_1_620' title='bbox 3186 4192 3419 4274; x_wconf 79' lang='grc' dir='ltr'>φυλακῇ.</span> <span class='ocrx_word' id='word_1_621' title='bbox 3481 4195 3580 4250; x_wconf 80' lang='grc' dir='ltr'>Διά</span> <span class='ocrx_word' id='word_1_622' title='bbox 3638 4201 3794 4251; x_wconf 78' lang='grc' dir='ltr'>ταῦτα</span> 
     </span>
    </p>
   </div>
   <div class='ocr_carea' id='block_1_90' title="bbox 2165 4281 3791 4364">
    <p class='ocr_par' dir='ltr' id='par_1_90' title="bbox 2165 4281 3791 4364">
     <span class='ocr_line' id='line_1_90' title="bbox 2165 4281 3791 4364; baseline -0.002 -22"><span class='ocrx_word' id='word_1_623' title='bbox 2165 4293 2288 4364; x_wconf 75' lang='grc' dir='ltr'>γοῦν</span> <span class='ocrx_word' id='word_1_624' title='bbox 2371 4286 2460 4340; x_wconf 79' lang='grc' dir='ltr'><strong>τὸν</strong></span> <span class='ocrx_word' id='word_1_625' title='bbox 2531 4281 2833 4340; x_wconf 78' lang='grc' dir='ltr'>ἀπόστολόν</span> <span class='ocrx_word' id='word_1_626' title='bbox 2901 4305 3060 4363; x_wconf 85' lang='grc' dir='ltr'>φασιν</span> <span class='ocrx_word' id='word_1_627' title='bbox 3161 4281 3418 4351; x_wconf 75' lang='grc' dir='ltr'>Ἰωάννην</span> <span class='ocrx_word' id='word_1_628' title='bbox 3505 4283 3791 4363; x_wconf 82' lang='grc' dir='ltr'>παρακλη-</span> 
     </span>
    </p>
   </div>
   <div class='ocr_carea' id='block_1_91' title="bbox 2163 4372 3795 4452">
    <p class='ocr_par' dir='ltr' id='par_1_91' title="bbox 2163 4372 3795 4452">
     <span class='ocr_line' id='line_1_91' title="bbox 2163 4372 3795 4452; baseline -0.001 -21"><span class='ocrx_word' id='word_1_629' title='bbox 2163 4375 2342 4447; x_wconf 80' lang='grc' dir='ltr'>θέντα,</span> <span class='ocrx_word' id='word_1_630' title='bbox 2401 4376 2491 4430; x_wconf 74' lang='grc' dir='ltr'><strong>τὸν</strong></span> <span class='ocrx_word' id='word_1_631' title='bbox 2545 4375 2646 4430; x_wconf 70' lang='grc' dir='ltr'>ὑπὸ</span> <span class='ocrx_word' id='word_1_632' title='bbox 2703 4379 2810 4429; x_wconf 79' lang='grc' dir='ltr'><strong>τῶν</strong></span> <span class='ocrx_word' id='word_1_633' title='bbox 2861 4372 3132 4452; x_wconf 79' lang='grc' dir='ltr'>προτέρων</span> <span class='ocrx_word' id='word_1_634' title='bbox 3177 4373 3568 4451; x_wconf 72' lang='grc' dir='ltr'>εὐαγγελιστῶν</span> <span class='ocrx_word' id='word_1_635' title='bbox 3626 4395 3795 4452; x_wconf 83' lang='grc' dir='ltr'>παρα-</span> 
     </span>
    </p>
   </div>
   <div class='ocr_carea' id='block_1_92' title="bbox 443 4460 2085 4544">
    <p class='ocr_par' dir='ltr' id='par_1_92' title="bbox 443 4460 2082 4541">
     <span class='ocr_line' id='line_1_92' title="bbox 443 4460 2082 4541; baseline 0.001 -19"><span class='ocrx_word' id='word_1_636' title='bbox 443 4461 760 4524; x_wconf 84' lang='lat' dir='ltr'><strong>tradidisse</strong></span> <span class='ocrx_word' id='word_1_637' title='bbox 773 4460 1238 4539; x_wconf 79' lang='lat' dir='ltr'><strong>Evangelio.etsi</strong></span> <span class='ocrx_word' id='word_1_638' title='bbox 1265 4460 1429 4538; x_wconf 82' lang='lat' dir='ltr'><strong>prius</strong></span> <span class='ocrx_word' id='word_1_639' title='bbox 1445 4480 1562 4521; x_wconf 92' lang='lat' dir='ltr'><strong>non</strong></span> <span class='ocrx_word' id='word_1_640' title='bbox 1587 4463 1806 4541; x_wconf 86' lang='lat' dir='ltr'><strong>scripta</strong></span> <span class='ocrx_word' id='word_1_641' title='bbox 1829 4481 1973 4524; x_wconf 89' lang='lat' dir='ltr'><strong>usus</strong></span> <span class='ocrx_word' id='word_1_642' title='bbox 1993 4481 2082 4524; x_wconf 86' lang='lat' dir='ltr'><strong>es-</strong></span> 
     </span>
    </p>
   </div>
   <div class='ocr_carea' id='block_1_93' title="bbox 2167 4460 3796 4544">
    <p class='ocr_par' dir='ltr' id='par_1_93' title="bbox 2168 4462 3796 4544">
     <span class='ocr_line' id='line_1_93' title="bbox 2168 4462 3796 4544; baseline -0.001 -22"><span class='ocrx_word' id='word_1_643' title='bbox 2168 4463 2504 4532; x_wconf 82' lang='grc' dir='ltr'>σιωτιηθέντα</span> <span class='ocrx_word' id='word_1_644' title='bbox 2553 4463 2772 4543; x_wconf 89' lang='grc' dir='ltr'>χρόνον,</span> <span class='ocrx_word' id='word_1_645' title='bbox 2835 4465 2923 4520; x_wconf 83' lang='grc' dir='ltr'><strong>καὶ</strong></span> <span class='ocrx_word' id='word_1_646' title='bbox 2978 4465 3044 4520; x_wconf 79' lang='grc' dir='ltr'><strong>τὰ</strong></span> <span class='ocrx_word' id='word_1_647' title='bbox 3091 4462 3212 4520; x_wconf 78' lang='grc' dir='ltr'>κατ’</span> <span class='ocrx_word' id='word_1_648' title='bbox 3261 4465 3418 4520; x_wconf 79' lang='grc' dir='ltr'>αὑτὸν</span> <span class='ocrx_word' id='word_1_649' title='bbox 3448 4464 3796 4544; x_wconf 82' lang='grc' dir='ltr'>πεπραγμένα</span> 
     </span>
    </p>
   </div>
   <div class='ocr_carea' id='block_1_94' title="bbox 444 4550 2080 4633">
    <p class='ocr_par' dir='ltr' id='par_1_94' title="bbox 444 4550 2080 4633">
     <span class='ocr_line' id='line_1_94' title="bbox 444 4550 2080 4633; baseline 0.002 -22"><span class='ocrx_word' id='word_1_650' title='bbox 444 4559 535 4612; x_wconf 88' lang='lat' dir='ltr'><strong>set</strong></span> <span class='ocrx_word' id='word_1_651' title='bbox 559 4550 1076 4630; x_wconf 75' lang='lat' dir='ltr'><strong>praedicatione,et</strong></span> <span class='ocrx_word' id='word_1_652' title='bbox 1099 4551 1214 4612; x_wconf 91' lang='lat' dir='ltr'><strong>hoc</strong></span> <span class='ocrx_word' id='word_1_653' title='bbox 1236 4551 1432 4620; x_wconf 87' lang='lat' dir='ltr'><strong>ipsum</strong></span> <span class='ocrx_word' id='word_1_654' title='bbox 1452 4551 1842 4630; x_wconf 76' lang='lat' dir='ltr'><strong>signiﬁcasse.</strong></span> <span class='ocrx_word' id='word_1_655' title='bbox 1865 4556 2080 4633; x_wconf 90' lang='lat' dir='ltr'><strong>partim</strong></span> 
     </span>
    </p>
   </div>
   <div class='ocr_carea' id='block_1_95' title="bbox 446 4639 2080 4719">
    <p class='ocr_par' dir='ltr' id='par_1_95' title="bbox 446 4639 2080 4719">
     <span class='ocr_line' id='line_1_95' title="bbox 446 4639 2080 4719; baseline 0.003 -19"><span class='ocrx_word' id='word_1_656' title='bbox 446 4639 686 4716; x_wconf 88' lang='lat' dir='ltr'><strong>quidem</strong></span> <span class='ocrx_word' id='word_1_657' title='bbox 703 4639 1047 4703; x_wconf 48' lang='lat' dir='ltr'><strong>dicendo”:</strong></span> <span class='ocrx_word' id='word_1_658' title='bbox 1065 4639 1216 4702; x_wconf 60' lang='lat' dir='ltr'><strong>&#39;Hoc</strong></span> <span class='ocrx_word' id='word_1_659' title='bbox 1241 4639 1602 4719; x_wconf 86' lang='lat' dir='ltr'><strong>principium</strong></span> <span class='ocrx_word' id='word_1_660' title='bbox 1622 4640 2080 4719; x_wconf 85' lang='lat' dir='ltr'><strong>fecitsignorum</strong></span> 
     </span>
    </p>
   </div>
   <div class='ocr_carea' id='block_1_96' title="bbox 442 4729 2082 4814">
    <p class='ocr_par' dir='ltr' id='par_1_96' title="bbox 442 4729 2082 4814">
     <span class='ocr_line' id='line_1_96' title="bbox 442 4729 2082 4814; baseline 0.001 -20"><span class='ocrx_word' id='word_1_661' title='bbox 442 4729 644 4806; x_wconf 86' lang='lat' dir='ltr'><strong>Jesus,</strong></span> <span class='ocrx_word' id='word_1_662' title='bbox 681 4754 708 4784; x_wconf 66' lang='grc' dir='ltr'><strong><em>κ</em></strong></span> <span class='ocrx_word' id='word_1_663' title='bbox 748 4735 963 4810; x_wconf 88' lang='lat' dir='ltr'><strong>partim</strong></span> <span class='ocrx_word' id='word_1_664' title='bbox 993 4737 1190 4791; x_wconf 89' lang='lat' dir='ltr'><strong>autem</strong></span> <span class='ocrx_word' id='word_1_665' title='bbox 1225 4729 1501 4792; x_wconf 79' lang='lat' dir='ltr'><strong>faciendo</strong></span> <span class='ocrx_word' id='word_1_666' title='bbox 1533 4730 1896 4792; x_wconf 89' lang='lat' dir='ltr'><strong>mentionem</strong></span> <span class='ocrx_word' id='word_1_667' title='bbox 1922 4735 2082 4814; x_wconf 87' lang='lat' dir='ltr'><strong>Bap-</strong></span> 
     </span>
    </p>
   </div>
   <div class='ocr_carea' id='block_1_97' title="bbox 446 4819 2082 4904">
    <p class='ocr_par' dir='ltr' id='par_1_97' title="bbox 446 4819 2082 4904">
     <span class='ocr_line' id='line_1_97' title="bbox 446 4819 2082 4904; baseline 0.002 -23"><span class='ocrx_word' id='word_1_668' title='bbox 446 4821 601 4882; x_wconf 78' lang='lat' dir='ltr'><strong>tistae</strong></span> <span class='ocrx_word' id='word_1_669' title='bbox 621 4819 777 4880; x_wconf 90' lang='lat' dir='ltr'><strong>inter</strong></span> <span class='ocrx_word' id='word_1_670' title='bbox 799 4819 1066 4881; x_wconf 80' lang='lat' dir='ltr'><strong>actiones</strong></span> <span class='ocrx_word' id='word_1_671' title='bbox 1085 4819 1323 4889; x_wconf 85' lang='lat' dir='ltr'><strong>Jesu,ut</strong></span> <span class='ocrx_word' id='word_1_672' title='bbox 1369 4819 1468 4898; x_wconf 90' lang='lat' dir='ltr'><strong>qui</strong></span> <span class='ocrx_word' id='word_1_673' title='bbox 1495 4829 1632 4882; x_wconf 91' lang='lat' dir='ltr'><strong>tunc</strong></span> <span class='ocrx_word' id='word_1_674' title='bbox 1657 4821 1852 4883; x_wconf 88' lang='lat' dir='ltr'><strong>adhuc</strong></span> <span class='ocrx_word' id='word_1_675' title='bbox 1885 4822 2082 4904; x_wconf 91' lang='lat' dir='ltr'><strong>bapti-</strong></span> 
     </span>
    </p>
   </div>
   <div class='ocr_carea' id='block_1_98' title="bbox 443 4909 2082 4992">
    <p class='ocr_par' dir='ltr' id='par_1_98' title="bbox 443 4909 2082 4992">
     <span class='ocr_line' id='line_1_98' title="bbox 443 4909 2082 4992; baseline 0.001 -20"><span class='ocrx_word' id='word_1_676' title='bbox 443 4919 607 4972; x_wconf 78' lang='lat' dir='ltr'><strong>xaret</strong></span> <span class='ocrx_word' id='word_1_677' title='bbox 628 4910 687 4972; x_wconf 93' lang='lat' dir='ltr'><strong>in</strong></span> <span class='ocrx_word' id='word_1_678' title='bbox 706 4909 900 4972; x_wconf 69' lang='lat' dir='ltr'><strong>Enon</strong></span> <span class='ocrx_word' id='word_1_679' title='bbox 930 4928 1113 4992; x_wconf 91' lang='lat' dir='ltr'><strong>prope</strong></span> <span class='ocrx_word' id='word_1_680' title='bbox 1144 4909 1654 4973; x_wconf 71' lang='lat' dir='ltr'><strong>Salim.Prazterea</strong></span> <span class='ocrx_word' id='word_1_681' title='bbox 1682 4930 1822 4974; x_wconf 89' lang='lat' dir='ltr'><strong>vero</strong></span> <span class='ocrx_word' id='word_1_682' title='bbox 1847 4913 1959 4975; x_wconf 92' lang='lat' dir='ltr'><strong>hoc</strong></span> <span class='ocrx_word' id='word_1_683' title='bbox 1981 4932 2082 4974; x_wconf 86' lang='lat' dir='ltr'><strong>os-</strong></span> 
     </span>
    </p>
   </div>
   <div class='ocr_carea' id='block_1_99' title="bbox 446 4998 2086 5078">
    <p class='ocr_par' dir='ltr' id='par_1_99' title="bbox 446 4998 2086 5078">
     <span class='ocr_line' id='line_1_99' title="bbox 446 4998 2086 5078; baseline 0.001 -17"><span class='ocrx_word' id='word_1_684' title='bbox 446 4998 637 5062; x_wconf 87' lang='lat' dir='ltr'><strong>tendit</strong></span> <span class='ocrx_word' id='word_1_685' title='bbox 665 4998 1212 5078; x_wconf 86' lang='lat' dir='ltr'><strong>apertius,dicens:</strong></span> <span class='ocrx_word' id='word_1_686' title='bbox 1280 4999 1557 5063; x_wconf 90' lang='lat' dir='ltr'><strong>Nondum</strong></span> <span class='ocrx_word' id='word_1_687' title='bbox 1587 5002 1741 5062; x_wconf 91' lang='lat' dir='ltr'><strong>enim</strong></span> <span class='ocrx_word' id='word_1_688' title='bbox 1767 5003 2086 5064; x_wconf 83' lang='lat' dir='ltr'><strong>eratJoan-</strong></span> 
     </span>
    </p>
   </div>
   <div class='ocr_carea' id='block_1_100' title="bbox 445 5089 2080 5171">
    <p class='ocr_par' dir='ltr' id='par_1_100' title="bbox 445 5089 2080 5171">
     <span class='ocr_line' id='line_1_100' title="bbox 445 5089 2080 5171; baseline 0.001 -21"><span class='ocrx_word' id='word_1_689' title='bbox 445 5107 552 5150; x_wconf 90' lang='lat' dir='ltr'><strong>nes</strong></span> <span class='ocrx_word' id='word_1_690' title='bbox 574 5089 887 5167; x_wconf 83' lang='lat' dir='ltr'><strong>coniectus</strong></span> <span class='ocrx_word' id='word_1_691' title='bbox 913 5091 972 5150; x_wconf 91' lang='lat' dir='ltr'><strong>in</strong></span> <span class='ocrx_word' id='word_1_692' title='bbox 990 5107 1360 5152; x_wconf 78' lang='lat' dir='ltr'><strong>carcerem.»</strong></span> <span class='ocrx_word' id='word_1_693' title='bbox 1380 5089 1463 5152; x_wconf 79' lang='lat' dir='ltr'><strong>Ex</strong></span> <span class='ocrx_word' id='word_1_694' title='bbox 1486 5090 1581 5152; x_wconf 89' lang='lat' dir='ltr'><strong>his</strong></span> <span class='ocrx_word' id='word_1_695' title='bbox 1597 5109 1740 5170; x_wconf 79' lang='lat' dir='ltr'><strong>ergo</strong></span> <span class='ocrx_word' id='word_1_696' title='bbox 1763 5098 1968 5171; x_wconf 78' lang='lat' dir='ltr'><strong>aperte</strong></span> <span class='ocrx_word' id='word_1_697' title='bbox 1990 5110 2080 5152; x_wconf 85' lang='lat' dir='ltr'><strong>os-</strong></span> 
     </span>
    </p>
   </div>
   <div class='ocr_carea' id='block_1_101' title="bbox 443 5176 2083 5263">
    <p class='ocr_par' dir='ltr' id='par_1_101' title="bbox 443 5176 2083 5263">
     <span class='ocr_line' id='line_1_101' title="bbox 443 5176 2083 5263; baseline 0.002 -23"><span class='ocrx_word' id='word_1_698' title='bbox 443 5176 1040 5257; x_wconf 81' lang='lat' dir='ltr'><strong>tendit,Theologum</strong></span> <span class='ocrx_word' id='word_1_699' title='bbox 1057 5197 1126 5240; x_wconf 91' lang='lat' dir='ltr'><strong>ea</strong></span> <span class='ocrx_word' id='word_1_700' title='bbox 1144 5179 1205 5240; x_wconf 90' lang='lat' dir='ltr'><strong>in</strong></span> <span class='ocrx_word' id='word_1_701' title='bbox 1224 5198 1331 5241; x_wconf 92' lang='lat' dir='ltr'><strong>suo</strong></span> <span class='ocrx_word' id='word_1_702' title='bbox 1345 5178 1661 5260; x_wconf 87' lang='lat' dir='ltr'><strong>Evangelio</strong></span> <span class='ocrx_word' id='word_1_703' title='bbox 1682 5180 2083 5263; x_wconf 73' lang='lat' dir='ltr'><strong>tradere,quaa</strong></span> 
     </span>
    </p>
   </div>
   <div class='ocr_carea' id='block_1_102' title="bbox 444 5266 2080 5350">
    <p class='ocr_par' dir='ltr' id='par_1_102' title="bbox 444 5266 2080 5350">
     <span class='ocr_line' id='line_1_102' title="bbox 444 5266 2080 5350; baseline 0.002 -21"><span class='ocrx_word' id='word_1_704' title='bbox 444 5285 479 5329; x_wconf 88' lang='lat' dir='ltr'><strong>a</strong></span> <span class='ocrx_word' id='word_1_705' title='bbox 529 5266 767 5329; x_wconf 88' lang='lat' dir='ltr'><strong>Christo</strong></span> <span class='ocrx_word' id='word_1_706' title='bbox 820 5267 975 5330; x_wconf 85' lang='lat' dir='ltr'><strong>facta</strong></span> <span class='ocrx_word' id='word_1_707' title='bbox 1031 5276 1194 5344; x_wconf 88' lang='lat' dir='ltr'><strong>sunt,</strong></span> <span class='ocrx_word' id='word_1_708' title='bbox 1244 5268 1475 5332; x_wconf 87' lang='lat' dir='ltr'><strong>Joanne</strong></span> <span class='ocrx_word' id='word_1_709' title='bbox 1503 5270 1768 5332; x_wconf 90' lang='lat' dir='ltr'><strong>nondum</strong></span> <span class='ocrx_word' id='word_1_710' title='bbox 1804 5273 2080 5350; x_wconf 84' lang='lat' dir='ltr'><strong>conjecto</strong></span> 
     </span>
    </p>
   </div>
   <div class='ocr_carea' id='block_1_103' title="bbox 444 5356 2082 5440">
    <p class='ocr_par' dir='ltr' id='par_1_103' title="bbox 444 5356 2082 5440">
     <span class='ocr_line' id='line_1_103' title="bbox 444 5356 2082 5440; baseline 0.004 -24"><span class='ocrx_word' id='word_1_711' title='bbox 444 5356 506 5418; x_wconf 91' lang='lat' dir='ltr'><strong>in</strong></span> <span class='ocrx_word' id='word_1_712' title='bbox 538 5375 844 5419; x_wconf 83' lang='lat' dir='ltr'><strong>carcerem</strong></span> <span class='ocrx_word' id='word_1_713' title='bbox 881 5373 896 5418; x_wconf 89' lang='lat'>:</span> <span class='ocrx_word' id='word_1_714' title='bbox 955 5357 1224 5438; x_wconf 89' lang='lat' dir='ltr'><strong>reliquos</strong></span> <span class='ocrx_word' id='word_1_715' title='bbox 1273 5367 1472 5421; x_wconf 91' lang='lat' dir='ltr'><strong>autem</strong></span> <span class='ocrx_word' id='word_1_716' title='bbox 1534 5371 1654 5422; x_wconf 74' lang='lat' dir='ltr'><strong>tres</strong></span> <span class='ocrx_word' id='word_1_717' title='bbox 1687 5361 2082 5440; x_wconf 85' lang='lat' dir='ltr'><strong>evangelistas</strong></span> 
     </span>
    </p>
   </div>
   <div class='ocr_carea' id='block_1_104' title="bbox 2165 4550 3795 4632">
    <p class='ocr_par' dir='ltr' id='par_1_104' title="bbox 2165 4550 3795 4632">
     <span class='ocr_line' id='line_1_104' title="bbox 2165 4550 3795 4632; baseline -0.001 -20"><span class='ocrx_word' id='word_1_718' title='bbox 2165 4562 2241 4629; x_wconf 84' lang='grc' dir='ltr'>τῷ</span> <span class='ocrx_word' id='word_1_719' title='bbox 2301 4559 2534 4632; x_wconf 75' lang='grc' dir='ltr'>Σωτῆρι,</span> <span class='ocrx_word' id='word_1_720' title='bbox 2594 4559 2760 4610; x_wconf 69' lang='grc' dir='ltr'><strong>ταῦτα</strong></span> <span class='ocrx_word' id='word_1_721' title='bbox 2789 4550 2844 4609; x_wconf 70' lang='grc' dir='ltr'>δὲ</span> <span class='ocrx_word' id='word_1_722' title='bbox 2877 4553 2978 4629; x_wconf 83' lang='grc' dir='ltr'><strong>πρὸ</strong></span> <span class='ocrx_word' id='word_1_723' title='bbox 3009 4553 3104 4622; x_wconf 81' lang='grc' dir='ltr'><strong>τῆς</strong></span> <span class='ocrx_word' id='word_1_724' title='bbox 3136 4563 3228 4614; x_wconf 77' lang='grc' dir='ltr'><strong>τοῦ</strong></span> <span class='ocrx_word' id='word_1_725' title='bbox 3260 4554 3559 4611; x_wconf 82' lang='grc' dir='ltr'>Βαπτιστοῦ</span> <span class='ocrx_word' id='word_1_726' title='bbox 3587 4554 3795 4631; x_wconf 55' lang='grc' dir='ltr'>καθείρξ-</span> 
     </span>
    </p>
   </div>
   <div class='ocr_carea' id='block_1_105' title="bbox 2167 4641 3792 4723">
    <p class='ocr_par' dir='ltr' id='par_1_105' title="bbox 2167 4641 3792 4723">
     <span class='ocr_line' id='line_1_105' title="bbox 2167 4641 3792 4723; baseline -0.002 -21"><span class='ocrx_word' id='word_1_727' title='bbox 2167 4645 2296 4712; x_wconf 80' lang='grc' dir='ltr'>ξεως</span> <span class='ocrx_word' id='word_1_728' title='bbox 2347 4650 2423 4718; x_wconf 88' lang='grc' dir='ltr'>τῷ</span> <span class='ocrx_word' id='word_1_729' title='bbox 2469 4641 2586 4700; x_wconf 83' lang='grc' dir='ltr'>κατ’</span> <span class='ocrx_word' id='word_1_730' title='bbox 2645 4644 2804 4700; x_wconf 66' lang='grc' dir='ltr'>αὺτὸν</span> <span class='ocrx_word' id='word_1_731' title='bbox 2861 4642 3170 4720; x_wconf 76' lang='grc' dir='ltr'>Εὖαγγελίῳ</span> <span class='ocrx_word' id='word_1_732' title='bbox 3225 4643 3569 4723; x_wconf 82' lang='grc' dir='ltr'>παραδοῦναι,</span> <span class='ocrx_word' id='word_1_733' title='bbox 3626 4643 3792 4702; x_wconf 85' lang='grc' dir='ltr'>καίτοι</span> 
     </span>
    </p>
   </div>
   <div class='ocr_carea' id='block_1_106' title="bbox 2166 4733 3794 4814">
    <p class='ocr_par' dir='ltr' id='par_1_106' title="bbox 2166 4733 3794 4814">
     <span class='ocr_line' id='line_1_106' title="bbox 2166 4733 3794 4814; baseline -0.002 -21"><span class='ocrx_word' id='word_1_734' title='bbox 2166 4737 2422 4812; x_wconf 86' lang='grc' dir='ltr'>πρότερον</span> <span class='ocrx_word' id='word_1_735' title='bbox 2475 4733 2696 4812; x_wconf 78' lang='grc' dir='ltr'>ἀγράφῳ</span> <span class='ocrx_word' id='word_1_736' title='bbox 2742 4733 3083 4812; x_wconf 79' lang='grc' dir='ltr'>κεχρημένον</span> <span class='ocrx_word' id='word_1_737' title='bbox 3140 4735 3467 4814; x_wconf 69' lang='grc' dir='ltr'>κηρ-Ζγματι,</span> <span class='ocrx_word' id='word_1_738' title='bbox 3531 4735 3618 4792; x_wconf 79' lang='grc' dir='ltr'><strong>καὶ</strong></span> <span class='ocrx_word' id='word_1_739' title='bbox 3674 4733 3794 4792; x_wconf 69' lang='grc' dir='ltr'>αὖτε)</span> 
     </span>
    </p>
   </div>
   <div class='ocr_carea' id='block_1_107' title="bbox 2167 4822 3795 4904">
    <p class='ocr_par' dir='ltr' id='par_1_107' title="bbox 2167 4822 3795 4904">
     <span class='ocr_line' id='line_1_107' title="bbox 2167 4822 3795 4904; baseline -0.004 -22"><span class='ocrx_word' id='word_1_740' title='bbox 2167 4832 2319 4882; x_wconf 79' lang='grc' dir='ltr'>τοῦτο</span> <span class='ocrx_word' id='word_1_741' title='bbox 2376 4823 2830 4897; x_wconf 71' lang='grc' dir='ltr'>ἐπισημήνασθαι,</span> <span class='ocrx_word' id='word_1_742' title='bbox 2884 4822 3004 4878; x_wconf 73' lang='grc' dir='ltr'>τοτὲ</span> <span class='ocrx_word' id='word_1_743' title='bbox 3053 4823 3152 4897; x_wconf 75' lang='grc' dir='ltr'>μὲν</span> <span class='ocrx_word' id='word_1_744' title='bbox 3195 4824 3442 4904; x_wconf 80' lang='grc' dir='ltr'>φήσαντα</span> <span class='ocrx_word' id='word_1_745' title='bbox 3474 4839 3488 4854; x_wconf 84' lang='grc'><em>’</em></span> <span class='ocrx_word' id='word_1_746' title='bbox 3531 4846 3558 4878; x_wconf 78' lang='grc' dir='ltr'><strong>ε</strong></span> <span class='ocrx_word' id='word_1_747' title='bbox 3593 4823 3795 4889; x_wconf 75' lang='grc' dir='ltr'>Ταύτην</span> 
     </span>
    </p>
   </div>
   <div class='ocr_carea' id='block_1_108' title="bbox 2165 4909 3793 4993">
    <p class='ocr_par' dir='ltr' id='par_1_108' title="bbox 2165 4909 3793 4993">
     <span class='ocr_line' id='line_1_108' title="bbox 2165 4909 3793 4993; baseline -0.003 -21"><span class='ocrx_word' id='word_1_748' title='bbox 2165 4917 2264 4982; x_wconf 73' lang='grc' dir='ltr'>τὴν</span> <span class='ocrx_word' id='word_1_749' title='bbox 2294 4913 2472 4993; x_wconf 73' lang='grc' dir='ltr'>ἀρχὴν</span> <span class='ocrx_word' id='word_1_750' title='bbox 2505 4911 2724 4979; x_wconf 72' lang='grc' dir='ltr'>ἐποίησε</span> <span class='ocrx_word' id='word_1_751' title='bbox 2756 4919 2862 4968; x_wconf 86' lang='grc' dir='ltr'><strong>τῶν</strong></span> <span class='ocrx_word' id='word_1_752' title='bbox 2910 4911 3220 4990; x_wconf 77' lang='grc' dir='ltr'>παραδόξων</span> <span class='ocrx_word' id='word_1_753' title='bbox 3264 4914 3291 4969; x_wconf 89' lang='lat'><strong>6</strong></span> <span class='ocrx_word' id='word_1_754' title='bbox 3321 4909 3528 4980; x_wconf 77' lang='grc' dir='ltr'>Ἰησοῦς</span> <span class='ocrx_word' id='word_1_755' title='bbox 3563 4929 3577 4944; x_wconf 86' lang='lat'><strong><em>°</em></strong></span> <span class='ocrx_word' id='word_1_756' title='bbox 3614 4933 3643 4972; x_wconf 70' lang='grc' dir='ltr'><strong>ιι</strong></span> <span class='ocrx_word' id='word_1_757' title='bbox 3679 4911 3793 4969; x_wconf 80' lang='grc' dir='ltr'>τοτέ</span> 
     </span>
    </p>
   </div>
   <div class='ocr_carea' id='block_1_109' title="bbox 2167 5002 3794 5078">
    <p class='ocr_par' dir='ltr' id='par_1_109' title="bbox 2167 5002 3794 5078">
     <span class='ocr_line' id='line_1_109' title="bbox 2167 5002 3794 5078; baseline -0.004 -18"><span class='ocrx_word' id='word_1_758' title='bbox 2167 5004 2221 5060; x_wconf 78' lang='grc' dir='ltr'>δὲ</span> <span class='ocrx_word' id='word_1_759' title='bbox 2307 5003 2755 5078; x_wconf 77' lang='grc' dir='ltr'>μνημονεύσαντα</span> <span class='ocrx_word' id='word_1_760' title='bbox 2853 5002 2944 5059; x_wconf 78' lang='grc' dir='ltr'><strong>τοῦ</strong></span> <span class='ocrx_word' id='word_1_761' title='bbox 3032 5010 3333 5061; x_wconf 79' lang='grc' dir='ltr'>Βαπτιστοῦ</span> <span class='ocrx_word' id='word_1_762' title='bbox 3429 5002 3626 5078; x_wconf 77' lang='grc' dir='ltr'>μεταξὺ</span> <span class='ocrx_word' id='word_1_763' title='bbox 3694 5003 3794 5058; x_wconf 86' lang='grc' dir='ltr'><strong>τῶν</strong></span> 
     </span>
    </p>
   </div>
   <div class='ocr_carea' id='block_1_110' title="bbox 2162 5091 3795 5171">
    <p class='ocr_par' dir='ltr' id='par_1_110' title="bbox 2162 5091 3795 5171">
     <span class='ocr_line' id='line_1_110' title="bbox 2162 5091 3795 5171; baseline -0.003 -22"><span class='ocrx_word' id='word_1_764' title='bbox 2162 5092 2344 5161; x_wconf 79' lang='grc' dir='ltr'>Ἰησοῦ</span> <span class='ocrx_word' id='word_1_765' title='bbox 2391 5091 2650 5171; x_wconf 70' lang='grc' dir='ltr'>πράξεων,</span> <span class='ocrx_word' id='word_1_766' title='bbox 2712 5093 2786 5153; x_wconf 86' lang='grc' dir='ltr'>ὠς</span> <span class='ocrx_word' id='word_1_767' title='bbox 2829 5091 2908 5148; x_wconf 75' lang='grc' dir='ltr'>ἔτι</span> <span class='ocrx_word' id='word_1_768' title='bbox 2952 5093 3074 5150; x_wconf 84' lang='grc' dir='ltr'>τότε</span> <span class='ocrx_word' id='word_1_769' title='bbox 3128 5093 3477 5166; x_wconf 81' lang='grc' dir='ltr'>βαπτίζοντος</span> <span class='ocrx_word' id='word_1_770' title='bbox 3521 5092 3576 5148; x_wconf 83' lang='grc' dir='ltr'>ὲν</span> <span class='ocrx_word' id='word_1_771' title='bbox 3631 5094 3795 5150; x_wconf 74' lang='lat' dir='ltr'><strong>Alvth</strong></span> 
     </span>
    </p>
   </div>
   <div class='ocr_carea' id='block_1_111' title="bbox 2163 5178 3791 5262">
    <p class='ocr_par' dir='ltr' id='par_1_111' title="bbox 2163 5178 3791 5262">
     <span class='ocr_line' id='line_1_111' title="bbox 2163 5178 3791 5262; baseline -0.004 -21"><span class='ocrx_word' id='word_1_772' title='bbox 2163 5184 2323 5261; x_wconf 75' lang='grc' dir='ltr'>ἔγγὺς</span> <span class='ocrx_word' id='word_1_773' title='bbox 2366 5185 2462 5239; x_wconf 81' lang='grc' dir='ltr'>τοῦ</span> <span class='ocrx_word' id='word_1_774' title='bbox 2504 5181 2726 5257; x_wconf 70' lang='grc' dir='ltr'>Σαλήμ.</span> <span class='ocrx_word' id='word_1_775' title='bbox 2761 5178 2883 5240; x_wconf 77' lang='grc' dir='ltr'>’Ἔτι</span> <span class='ocrx_word' id='word_1_776' title='bbox 2915 5180 2969 5238; x_wconf 78' lang='grc' dir='ltr'>δὲ</span> <span class='ocrx_word' id='word_1_777' title='bbox 3001 5181 3323 5262; x_wconf 74' lang='grc' dir='ltr'>σαφέστερον</span> <span class='ocrx_word' id='word_1_778' title='bbox 3369 5190 3524 5241; x_wconf 73' lang='grc' dir='ltr'>τοῦτο</span> <span class='ocrx_word' id='word_1_779' title='bbox 3567 5181 3791 5240; x_wconf 77' lang='grc' dir='ltr'>δείκνυσι</span> 
     </span>
    </p>
   </div>
   <div class='ocr_carea' id='block_1_112' title="bbox 2163 5270 3793 5350">
    <p class='ocr_par' dir='ltr' id='par_1_112' title="bbox 2163 5270 3793 5350">
     <span class='ocr_line' id='line_1_112' title="bbox 2163 5270 3793 5350; baseline -0.002 -20"><span class='ocrx_word' id='word_1_780' title='bbox 2163 5272 2336 5350; x_wconf 81' lang='grc' dir='ltr'>λέγων</span> <span class='ocrx_word' id='word_1_781' title='bbox 2372 5287 2385 5302; x_wconf 92' lang='grc'>⁶</span> <span class='ocrx_word' id='word_1_782' title='bbox 2425 5292 2453 5332; x_wconf 70' lang='grc' dir='ltr'>ι</span> <span class='ocrx_word' id='word_1_783' title='bbox 2489 5271 2651 5331; x_wconf 67' lang='grc' dir='ltr'>Οὔπω</span> <span class='ocrx_word' id='word_1_784' title='bbox 2692 5271 2794 5350; x_wconf 78' lang='grc' dir='ltr'>γὰρ</span> <span class='ocrx_word' id='word_1_785' title='bbox 2844 5271 2911 5340; x_wconf 74' lang='grc' dir='ltr'>ἦν</span> <span class='ocrx_word' id='word_1_786' title='bbox 2955 5273 2983 5328; x_wconf 89' lang='lat'><strong>6</strong></span> <span class='ocrx_word' id='word_1_787' title='bbox 3024 5271 3282 5340; x_wconf 73' lang='grc' dir='ltr'>Ἰωάννης</span> <span class='ocrx_word' id='word_1_788' title='bbox 3335 5270 3666 5349; x_wconf 78' lang='grc' dir='ltr'>βεϐλημένος</span> <span class='ocrx_word' id='word_1_789' title='bbox 3725 5272 3793 5334; x_wconf 85' lang='grc' dir='ltr'>εἷς</span> 
     </span>
    </p>
   </div>
   <div class='ocr_carea' id='block_1_113' title="bbox 2162 5359 3795 5443">
    <p class='ocr_par' dir='ltr' id='par_1_113' title="bbox 2162 5359 3795 5443">
     <span class='ocr_line' id='line_1_113' title="bbox 2162 5359 3795 5443; baseline -0.003 -24"><span class='ocrx_word' id='word_1_790' title='bbox 2162 5362 2429 5443; x_wconf 77' lang='grc' dir='ltr'>φυλακήν.</span> <span class='ocrx_word' id='word_1_791' title='bbox 2509 5385 2535 5416; x_wconf 75' lang='grc' dir='ltr'><strong><em>ι</em></strong></span> <span class='ocrx_word' id='word_1_792' title='bbox 2598 5359 2870 5419; x_wconf 75' lang='grc' dir='ltr'>Δέδεικται</span> <span class='ocrx_word' id='word_1_793' title='bbox 2957 5359 3046 5417; x_wconf 74' lang='grc' dir='ltr'>οὖν</span> <span class='ocrx_word' id='word_1_794' title='bbox 3103 5363 3343 5442; x_wconf 75' lang='grc' dir='ltr'>φανερῶς</span> <span class='ocrx_word' id='word_1_795' title='bbox 3416 5360 3476 5419; x_wconf 69' lang='grc' dir='ltr'>ἐκ</span> <span class='ocrx_word' id='word_1_796' title='bbox 3517 5362 3714 5420; x_wconf 80' lang='grc' dir='ltr'>τούτων</span> <span class='ocrx_word' id='word_1_797' title='bbox 3769 5359 3795 5414; x_wconf 89' lang='lat'><strong>6</strong></span> 
     </span>
    </p>
   </div>
   <div class='ocr_carea' id='block_1_114' title="bbox 527 5529 2194 5614">
    <p class='ocr_par' dir='ltr' id='par_1_114' title="bbox 527 5529 2194 5614">
     <span class='ocr_line' id='line_1_114' title="bbox 527 5529 2194 5614; baseline 0.005 -22"><span class='ocrx_word' id='word_1_798' title='bbox 527 5529 580 5572; x_wconf 70' lang='grc'><strong>’⁸</strong></span> <span class='ocrx_word' id='word_1_799' title='bbox 607 5530 814 5593; x_wconf 87' lang='lat' dir='ltr'><strong>Matth.</strong></span> <span class='ocrx_word' id='word_1_800' title='bbox 848 5549 927 5606; x_wconf 80' lang='grc' dir='ltr'><strong>ιν,</strong></span> <span class='ocrx_word' id='word_1_801' title='bbox 965 5532 1062 5592; x_wconf 73' lang='grc'><strong>12.</strong></span> <span class='ocrx_word' id='word_1_802' title='bbox 1149 5530 1200 5574; x_wconf 70' lang='grc'>¹⁴</span> <span class='ocrx_word' id='word_1_803' title='bbox 1234 5531 1376 5594; x_wconf 87' lang='lat' dir='ltr'><strong>Luc.</strong></span> <span class='ocrx_word' id='word_1_804' title='bbox 1408 5549 1495 5608; x_wconf 85' lang='lat' dir='ltr'><strong>ut,</strong></span> <span class='ocrx_word' id='word_1_805' title='bbox 1526 5533 1626 5598; x_wconf 70' lang='grc'><strong>20.</strong></span> <span class='ocrx_word' id='word_1_806' title='bbox 1712 5535 1764 5578; x_wconf 81' lang='grc'>¹⁵</span> <span class='ocrx_word' id='word_1_807' title='bbox 1795 5537 1963 5601; x_wconf 82' lang='lat' dir='ltr'><strong>Joan.</strong></span> <span class='ocrx_word' id='word_1_808' title='bbox 1996 5555 2061 5614; x_wconf 81' lang='grc' dir='ltr'><strong>ιι,</strong></span> <span class='ocrx_word' id='word_1_809' title='bbox 2097 5537 2194 5601; x_wconf 76' lang='lat' dir='ltr'><strong>li.</strong></span> 
     </span>
    </p>
   </div>
   <div class='ocr_carea' id='block_1_115' title="bbox 526 5649 1833 5738">
    <p class='ocr_par' dir='ltr' id='par_1_115' title="bbox 526 5649 1833 5738">
     <span class='ocr_line' id='line_1_115' title="bbox 526 5649 1833 5738; baseline 0.004 -23"><span class='ocrx_word' id='word_1_810' title='bbox 526 5651 615 5729; x_wconf 78' lang='lat'><strong>(‘2)</strong></span> <span class='ocrx_word' id='word_1_811' title='bbox 647 5649 874 5714; x_wconf 81' lang='lat' dir='ltr'><strong>Contra</strong></span> <span class='ocrx_word' id='word_1_812' title='bbox 906 5652 1130 5716; x_wconf 77' lang='lat' dir='ltr'><strong>haeres.</strong></span> <span class='ocrx_word' id='word_1_813' title='bbox 1162 5650 1272 5715; x_wconf 90' lang='lat' dir='ltr'><strong>lib.</strong></span> <span class='ocrx_word' id='word_1_814' title='bbox 1307 5669 1396 5730; x_wconf 76' lang='grc' dir='ltr'>ιιι,</span> <span class='ocrx_word' id='word_1_815' title='bbox 1431 5671 1604 5738; x_wconf 90' lang='lat' dir='ltr'><strong>capp.</strong></span> <span class='ocrx_word' id='word_1_816' title='bbox 1645 5656 1700 5732; x_wconf 82' lang='lat' dir='ltr'><strong>t,</strong></span> <span class='ocrx_word' id='word_1_817' title='bbox 1737 5659 1833 5720; x_wconf 82' lang='lat' dir='ltr'><strong>lt.</strong></span> 
     </span>
    </p>
   </div>
   <div class='ocr_carea' id='block_1_116' title="bbox 3689 273 3907 354">
    <p class='ocr_par' dir='ltr' id='par_1_116' title="bbox 3689 273 3907 354">
     <span class='ocr_line' id='line_1_116' title="bbox 3689 273 3907 354; baseline 0.018 -4"><span class='ocrx_word' id='word_1_818' title='bbox 3689 287 3799 354; x_wconf 87' lang='lat'>768</span> <span class='ocrx_word' id='word_1_819' title='bbox 3903 273 3907 278; x_wconf 79' lang='grc'><strong>’</strong></span> 
     </span>
    </p>
   </div>
  </div>
