4054 6204
354 371 476 448 769

1661 373 1849 452 VITA
1894 387 1954 448 s.
2003 376 2406 448 TIMOTHEI.

3605 382 3726 446 770

348 516 638 596 Θεολόγος.
703 516 756 573 ἔν
787 525 854 594 τῇ
914 524 1002 574 τοῦ
1035 516 1156 573 κατ’
1216 519 1373 574 αὑτὸν
1408 517 1727 597 Εὑαγγελίου
1786 528 1986 601 γραφῇ,

2078 519 2424 581 meminisse
2455 537 2686 592 eorum,
2708 536 2838 599 quae
2859 517 3010 580 facta
3031 525 3190 590 sunt,
3218 524 3524 598 postquam
3551 521 3720 582 Joan-

341 607 409 662 τὰ
468 604 694 681 μηδέπω
752 613 844 662 τοῦ
905 614 1200 664 Βαπτιστοῦ
1242 605 1572 683 βεϐλημένου
1631 611 1701 674 εἰς
1752 610 1994 690 φυλακὴν

340 688 444 751 ὑπὸ
502 701 728 755 Χριστοῦ
802 697 1111 775 πραχθέντα
1185 695 1523 773 παραδιδοὺς,
1585 699 1630 754 οἱ
1703 688 1775 754 δὲ.
1815 699 1994 757 λοιποί

339 797 488 862 τρεῖς
535 782 908 864 εὑαγγελισταὶ
938 787 1001 842 τα
1059 787 1193 859 μετᾶ
1243 785 1337 852 τῆν
1394 788 1467 850 εἷς
1510 789 1571 842 τὸ
1628 786 1993 865 δεσμωτήριον

341 873 602 948 κὰθειρξιν
674 880 766 930 τοῦ
838 878 1137 931 Βαπτιστοῦ
1209 877 1658 950 μνημονεύοντες,
1737 879 1836 942 Οἷς
1908 882 1993 935 καὶ

339 960 692 1031 ἐπιστήσαντι
749 961 921 1020 οῦκέτι
983 961 1044 1017 ἂν
1121 960 1322 1028 δόξαιεν
1380 961 1666 1044 διαφωνεῖν
1734 964 1992 1036 ἀλλήλοις

338 1051 407 1105 τὰ
455 1050 775 1128 Εὖαγγέλια,
809 1057 886 1126 τῷ
912 1053 975 1107 τὸ
1027 1051 1124 1124 μὲν
1154 1054 1291 1108 κατὰ
1345 1053 1600 1121 Ἰωάννην
1627 1055 1692 1110 τά
1740 1058 1993 1132 πρότερον

336 1141 442 1195 ὑπὸ
497 1139 592 1196 τοῦ
623 1147 846 1209 Χριστοῦ
900 1140 1207 1220 πραχθέντα
1255 1139 1581 1219 διηγεῖσθαι,
1624 1145 1688 1200 τὰ
1719 1143 1774 1200 δέ
1831 1144 1994 1202 λοιπὰ

341 1229 440 1296 τὴν
501 1228 587 1286 ἐπὶ
617 1228 757 1285 τέλει
799 1237 892 1286 τοῦ
931 1237 1153 1298 Χριστοῦ
1199 1233 1338 1304 αὑτῴ
1390 1235 1686 1311 γενομένην
1736 1237 1985 1312 ἱστορίαν,

344 1318 579 1380 Εἰκότως
642 1318 731 1375 οὖν
763 1320 859 1374 τὶν
906 1319 1002 1395 μὲν
1047 1326 1146 1386 τῆς
1175 1323 1371 1398 σαρκὸς
1419 1328 1510 1378 τοῦ
1543 1325 1794 1402 Σωτῆρος
1842 1326 1994 1400 ἡμῶν

342 1407 727 1487 γενεαλογίαν,
815 1410 906 1465 ἃτε
991 1412 1240 1484 Ματθαίῳ
1322 1414 1407 1467 καὶ
1494 1416 1669 1486 Λουκᾷ
1752 1436 1994 1491 προγρα-

343 1510 537 1576 φεῖσαν
582 1497 966 1565 ἀποσιωπῆσαι
1021 1500 1109 1556 τὸν
1154 1499 1435 1580 Ἰωάννην,
1470 1502 1563 1569 τῆς
1621 1501 1674 1558 δὲ
1725 1503 1995 1581 θεολογίας

2078 628 2183 669 nes
2202 609 2409 669 fuisset
2427 609 2735 688 conjectus
2755 608 2812 668 in
2838 607 3238 678 vincula.Qua3
3253 606 3352 686 qui
3375 608 3716 680 attenderit,

2079 717 2194 759 non
2225 699 2480 777 amplius
2512 704 2565 759 ei
2602 699 2960 758 videbuntur
2992 697 3336 776 discrepare
3368 697 3718 775 Evangelia;

2075 789 2234 864 quod
2268 787 2324 848 id
2358 786 2598 867 quidem
2632 786 2788 866 quod
2820 797 2908 847 est
2934 786 3262 847 secundum
3286 784 3572 846 Joannem
3604 786 3723 864 pri-

2076 895 2203 938 mas
2234 875 2451 939 Christi
2483 877 2750 937 continet
2781 877 3063 948 actiones,
3101 876 3332 954 reliqua
3362 886 3585 948 autem,
3623 876 3718 937 hi-

2076 967 2316 1027 storiam
2351 984 2480 1044 qua;
2511 966 2664 1029 facta
2695 973 2785 1026 est
2813 966 2872 1026 in
2910 966 3038 1046 ipso
3075 966 3190 1027 fine
3225 963 3466 1026 Christi.
3516 964 3722 1028 Merito

2077 1074 2215 1135 ergo
2239 1055 2434 1116 carnis
2458 1057 2694 1135 quidem
2720 1054 3051 1117 Servatoris
3075 1056 3256 1115 nostri
3286 1055 3720 1133 genealogiam,

2076 1156 2139 1206 ut
2171 1163 2302 1225 quae
2329 1163 2364 1206 a
2399 1145 2671 1207 Mattbaeo
2721 1154 2779 1206 et
2829 1144 2979 1207 Luca
3012 1145 3178 1224 prius
3225 1144 3442 1224 scripta
3492 1145 3718 1220 fuisset,

2075 1234 2337 1299 Joannes
2367 1235 2606 1296 silentio
2643 1234 2929 1314 praeteriit
2969 1255 2981 1293 :
3020 1253 3052 1294 a
3085 1232 3380 1310 theologia
3408 1243 3603 1296 autem
3629 1235 3721 1297 in-

2079 1325 2242 1406 cipit,
2267 1334 2331 1385 ut
2348 1344 2479 1406 quae
2501 1325 2579 1397 ei,
2606 1331 2809 1404 utpote
2833 1323 3251 1404 prmstantiori,
3281 1323 3489 1384 fuisset
3510 1343 3543 1385 a
3567 1324 3723 1387 bono

2079 1412 2304 1493 Spiritu
2359 1422 2720 1475 conservata.
2777 1413 2846 1475 Et
2897 1422 2982 1475 sic
3036 1413 3276 1492 quidem
3324 1411 3620 1478 Eusebius
3651 1415 3725 1475 tie

2076 1501 2306 1566 Joanne
2336 1511 2393 1564 et
2421 1505 2554 1565 aliis
2585 1513 2781 1564 narrat
2816 1504 3211 1582 evangelistis.

342 1589 616 1667 ἀρξασθαι,
663 1595 735 1658 ὡς
793 1591 854 1646 ἃν
913 1593 1055 1666 αὒτῷ
1131 1594 1274 1671 παρὰ
1339 1601 1431 1650 τοῦ
1493 1597 1690 1674 ἀγαθοῦ
1750 1598 2056 1673 Πνεύματος
2111 1597 2208 1654 οἶα
2277 1600 2532 1676 κρείττονι
2597 1596 3178 1678 παραπεφυλαγμένης·
3263 1597 3346 1652 καὶ
3421 1598 3558 1654 οὕτω
3628 1599 3724 1673 μὲν

344 1682 593 1749 Εὐσέϐιος
628 1688 747 1766 περί
783 1685 1032 1743 Ἰωάννου
1065 1689 1150 1744 καὶ
1180 1693 1284 1744 τῶν
1314 1687 1494 1744 ἄλλων
1525 1689 1714 1754 ἔξεισιν
1746 1689 2156 1771 εὖαγγελιστῶν.

425 1778 514 1839 Η’.
550 1783 658 1838 Οῦκ
687 1782 755 1846 ἦν
799 1779 852 1836 δὲ
907 1780 1007 1859 ἀρα
1037 1785 1132 1848 τῆς
1186 1781 1566 1849 αὖτοαληθείας
1597 1790 1822 1863 Χριστοῦ
1876 1792 1996 1848 τοῦς

2161 1780 2312 1844 Vill.
2350 1784 2505 1846 Fieri
2530 1802 2671 1864 ergo
2695 1802 2812 1844 non
2847 1790 3100 1863 poterat,
3137 1782 3408 1863 utipsius
3431 1783 3719 1859 veritatis,

339 1867 536 1946 λόγους
588 1868 890 1945 διαπεσεῖν,
944 1895 970 1925 ι
1005 1870 1096 1928 Ἐν
1153 1878 1230 1945 τῷ
1279 1879 1468 1948 κοσμῶ
1524 1872 1701 1948 θλίψιν
1756 1873 1922 1954 ἕξετε,
1966 1897 1986 1929 ι

2078 1871 2294 1936 Christi
2328 1873 2594 1954 inquam,
2630 1873 2808 1935 verba
2838 1873 3214 1945 exciderent,
3265 1874 3361 1952 qui
3415 1873 3724 1953 discipulis

338 1961 473 2037 πρὸς
532 1961 650 2023 τοὺς
683 1959 1014 2024 ἀποστόλους
1047 1961 1168 2026 τοὺς
1231 1964 1391 2018 αὑτοῦ
1448 1964 1745 2030 εἰρηκότος*
1807 1964 1992 2020 οὒκυῦν

337 2047 458 2106 οῦδὲ
547 2047 813 2130 διέπεσον,
889 2049 1026 2106 ἀλλὰ
1112 2049 1340 2115 πολλοῖς
1418 2050 1636 2117 ἕκαστος
1716 2051 1989 2124 ὑπεϐλήθη

334 2151 455 2201 τοῖς
519 2137 807 2216 λυπηροῖς.
873 2149 1200 2215 Δομετιανοῦ
1255 2141 1354 2219 γὰρ
1409 2143 1546 2199 κατὰ
1607 2141 1814 2210 πολλὴν
1872 2147 1992 2199 τότε

334 2233 435 2296 τῆς
507 2229 693 2292 κακίας
751 2229 908 2308 Euxino
969 2229 1335 2307 εἷσφθαρέντος
1394 2237 1462 2306 τῇ
1519 2231 1786 2307 βασιλείᾳ,
1865 2234 1992 2307 μίαν

335 2321 444 2373 τῶν
508 2316 789 2376 Κυκλάδων
823 2320 906 2375 κάῖ
971 2319 1122 2383 οὗτος
1155 2319 1324 2375 οἰκεῖν
1381 2321 1772 2399 κατακρίνεται,
1814 2335 1989 2396 Δομε-

334 2414 521 2464 τιανοῦ
575 2415 667 2464 τοῦ
700 2409 836 2484 μετὰ
887 2409 1101 2486 Νέρωνα
1156 2409 1252 2483 μὲν
1304 2411 1390 2465 καὶ
1447 2411 1570 2475 τοῦς
1602 2411 1794 2485 μεταξὺ
1849 2411 1990 2468 πολ-

335 2493 462 2560 λοὺς
519 2495 736 2572 ’ὅστεροθ
793 2497 1009 2576 χρόνοις
1051 2497 1147 2566 τήν
1197 2497 1378 2578 ἀρχὴν
1434 2500 1827 2576 πιστευθέντος,
1875 2525 1991 2576 μη-

336 2583 426 2641 δὲν
483 2583 537 2641 δὲ
596 2591 691 2653 τῆς
750 2585 952 2644 ἐκείνου
1010 2589 1313 2668 μοχθηρίας
1367 2588 1803 2669 ἀπολειφθέντος,
1867 2589 1988 2647 ἀλλ’

335 2675 420 2732 ἀεὶ
476 2677 606 2752 πρὸς
667 2676 822 2733 αὑτὸν
881 2678 1134 2755 ὁρῶντος,
1193 2677 1229 2745 ἢ
1288 2679 1374 2734 καὶ
1430 2677 1816 2754 ὑπερϐαλόντος
1873 2693 1989 2743 τοῖς

339 2766 708 2846 ἀτοπῆμασιν,
770 2765 908 2822 οὕτω
965 2788 1020 2823 τε
1093 2779 1213 2830 ταῖς
1278 2765 1396 2823 καθ’
1461 2767 1652 2847 ’ἐτέρων
1712 2767 1990 2830 διαϐολαῖς

337 2855 436 2917 τας
481 2855 643 2918 ἀκοὰς
687 2853 854 2924 ἡδέως
907 2855 1232 2935 ὑπέχοντος,
1277 2858 1350 2918 ὡς
1385 2855 1501 2916 οὐδὲ
1549 2871 1671 2922 ταῖς
1704 2860 1777 2922 εἰς
1833 2858 1990 2915 αὑτὸν

338 2944 658 3024 εὐφημιαις,
699 2944 810 3002 εἴθε
858 2943 924 3013 δὴ
968 2944 1250 3010 κολακείας
1315 2955 1568 3004 τοσοῦτον
1627 2946 1878 3028 ἴσχυσεν,
1914 2951 1987 3012 ὡς

338 3037 427 3091 καὶ
479 3041 792 3109 Δομετιανῷ
830 3035 1045 3092 ἐπαίνου
1100 3058 1150 3092 τι
1197 3035 1513 3111 μεταδοῦναι
1562 3039 1648 3094 καὶ
1700 3039 1985 3118 εὐφημίας

335 3131 493 3180 τοῦτο
538 3127 664 3202 γοῦν
724 3126 784 3181 τὸ
855 3126 988 3203 πρὸς
1059 3122 1309 3190 διαϐολὰς
1381 3126 1583 3184 ἐκείνου
1639 3134 1746 3184 τῶν
1813 3129 1990 3184 ἀκοῶν

335 3212 554 3271 εὔκολον
627 3215 902 3293 ὑπερορίαν
946 3215 1042 3283 τὴν
1116 3216 1187 3278 εἷς
1254 3216 1469 3292 Πάτμον
1538 3218 1838 3294 κατακρίνει
1899 3218 1991 3275 τοῦ

337 3301 608 3362 Ἰωάννου.
683 3303 834 3360 Πῧτω
904 3305 1005 3384 γὰρ
1083 3308 1119 3376 ἡ
1185 3306 1281 3374 τῆς
1353 3308 1635 3387 ὑπερορίας
1704 3307 1989 3383 ὠνόμαστο

331 3397 521 3461 νῆσος.
569 3391 736 3451 ’Ἔνθα
792 3391 856 3461 δὴ
916 3395 1001 3449 καὶ
1072 3395 1275 3471 ἀτίμως
1332 3397 1610 3476 ὑπερορίου
1664 3406 1758 3456 τοῦ
1814 3399 1990 3473 τιμίου

333 3480 542 3550 δηλαδὴ
592 3483 897 3564 γενομένου,
929 3483 1185 3550 Τιμόθεος
1240 3486 1336 3554 τῆς
1391 3486 1691 3554 ἐπισκοπῆς
1732 3485 1989 3568 Ἐφεσίων

336 3572 682 3644 ἀντοποεττο,
754 3573 854 3628 κᾶν
924 3571 1038 3630 οὑδὲ
1111 3574 1270 3631 αὑτὸν
1345 3573 1622 3632 ἐπιϐιῶναι
1685 3582 1762 3650 τῷ
1824 3576 1990 3655 θρόνῳ

337 3662 536 3743 χρόνον
577 3663 756 3718 ἱκανὸν
787 3664 814 3718 ὁ
858 3661 1048 3742 ἐχθρὸς
1078 3661 1288 3725 εἴασεν,

425 3833 508 3902 θ’.
568 3836 668 3901 Ἠν
727 3844 827 3922 γὰρ
869 3864 950 3906 τις
1009 3842 1135 3917 παρ’
1180 3841 1442 3924 Ἐφεσίοις
1501 3843 1683 3923 ἑορτὴ,
1735 3843 1991 3921 Καταγώ⁶

341 3955 461 4011 γιον
515 3933 604 3989 ὑπ’
653 3933 826 3992 αὑτῶν
877 3931 1208 4008 καλουμένη⁸
1259 3934 1397 3992 κατὰ
1457 3941 1584 4012 γοῦν
1641 3933 1838 3999 ταύτην
1895 3933 1987 4011 ῥό-

339 4022 486 4079 παλά
525 4044 573 4078 τε
605 4022 996 4102 ἀναιρούμενοι,
1047 4025 1132 4079 καὶ
1159 4021 1359 4094 εἴδωλα
1403 4023 1486 4078 διὰ
1526 4023 1710 4102 χειρὸς
1742 4021 1988 4102 ἔχοντες,

339 4114 426 4168 καί
477 4135 594 4168 τινα
664 4112 1016 4191 περιτιθέντες
1102 4113 1316 4176 ἑαυτοῖς
1389 4126 1706 4190 προσωπεῖα
1775 4113 1875 4178 τῆς
1933 4134 1989 4168 τε

335 4203 550 4266 πόλεως
621 4203 837 4270 ἀναίδην
919 4203 986 4258 τὰ
1054 4201 1418 4280 ἐπισημοτερα
1477 4201 1616 4281 μέρη
1694 4223 1986 4282 περιιοντες

335 4295 424 4347 καὶ
495 4314 614 4350 τινα
671 4293 880 4355 τούτοις
953 4290 1260 4364 ἐπᾴδοντες,
1322 4290 1540 4369 ἀνδράσι
1625 4311 1680 4347 τε
1738 4293 1825 4347 καὶ
1885 4315 1985 4370 γυ-

335 4381 468 4447 ναιξὶ
527 4380 826 4461 λῃστρικῶς
897 4380 1159 4455 ἑπιοντες,
1220 4380 1388 4438 πολὺν
1459 4383 1630 4438 αὑτῶν
1685 4383 1988 4460 εἰργάζοντο

336 4493 517 4550 φονον,
551 4470 718 4548 ταύτῃ
777 4474 870 4528 τὸν
902 4473 1102 4530 οἰκεῖον
1144 4473 1434 4549 ἡγούμενοι
1484 4469 1704 4532 δαίμονα
1735 4478 1892 4546 τιεθᾷν
1944 4472 1990 4526 οἱ

337 4562 737 4635 κατάπτυστοι,
822 4561 916 4617 ἵνα
1000 4563 1288 4641 φαίνωνται
1371 4563 1640 4625 τοιούτους
1725 4560 1990 4636 ἂνθρωποι

2075 1963 2199 2024 suis
2232 1962 2384 2023 dixit
2415 1980 2431 2026 :
2473 1988 2494 2021 ι
2529 1962 2595 2024 In
2620 1964 2845 2024 mundo
2876 1963 3257 2024 aliiictionem
3287 1961 3584 2024 habebitis
3603 1961 3732 2030 16.»

2075 2051 2280 2134 Neque
2312 2071 2452 2132 ergo
2487 2054 2868 2126 exciderunt,
2903 2051 3009 2113 sed
3037 2060 3286 2132 uterque
3312 2052 3524 2114 multas
3545 2052 3729 2114 subiit

2074 2143 2403 2205 molestias.
2423 2142 2568 2205 Cum
2605 2143 2764 2204 enim
2793 2142 3160 2205 Domitianus
3185 2161 3292 2224 per
3315 2162 3585 2220 magnam
3611 2143 3725 2204 vim

2075 2233 2325 2294 sceleris
2376 2241 2515 2293 tunc
2548 2233 2863 2293 invasisset
2898 2233 3240 2312 imperium,
3292 2235 3732 2294 condemnatur

2075 2321 2172 2383 hic
2205 2341 2441 2402 quoque
2478 2321 2746 2383 habitare
2795 2339 2971 2383 unam
3006 2341 3073 2382 ex
3109 2321 3482 2401 Cycladibus.
3519 2324 3727 2385 Domi-

2077 2413 2293 2487 tianus,
2331 2410 2597 2492 inquam,
2633 2418 2724 2472 cui
2760 2419 2891 2491 post
2920 2408 3217 2472 Neronem
3253 2417 3314 2471 et
3359 2429 3462 2472 eos
3494 2412 3595 2491 qui
3628 2412 3724 2472 in-

2077 2501 2393 2564 tercedunt
2454 2501 2795 2562 mandatum
2830 2500 2936 2561 fuit
2992 2500 3350 2579 imperium;
3414 2501 3468 2560 ei
3527 2511 3724 2562 autem

2077 2590 2476 2671 improbibate
2525 2589 2713 2651 nihilo
2767 2589 2877 2650 fuit
2924 2589 3194 2664 inferior,
3245 2589 3349 2650 sed
3384 2607 3625 2669 semper
3652 2591 3723 2651 ad

2074 2679 2271 2761 ipsum
2323 2679 2705 2760 respiciebat,
2741 2694 2841 2740 aut
2874 2679 3049 2739 etiam
3099 2679 3436 2740 cceleribus
3468 2685 3528 2739 et
3555 2678 3726 2758 ﬂagi-

2076 2771 2172 2831 tiis
2223 2768 2565 2849 superabat,
2600 2779 2654 2831 et
2685 2767 2926 2830 structis
2958 2769 3018 2828 in
3055 2767 3200 2830 alios
3231 2767 3552 2829 calumniis
3605 2777 3722 2828 tam

2076 2859 2361 2922 lubenter
2389 2877 2565 2921 aures
2595 2858 3111 2934 accommodabat,
3148 2877 3324 2939 quam
3369 2856 3494 2919 suis
3539 2856 3728 2936 ipsius

2073 2948 2348 3011 laudibus
2383 2967 2396 3011 :
2433 2949 2728 3029 siquidem
2767 2956 2992 3009 tantum
3029 2948 3206 3009 valuit
3255 2947 3602 3019 assentatio,
3665 2954 3727 3008 ut

2073 3040 2254 3101 etiam
2290 3038 2692 3100 Domitianum
2727 3039 2902 3100 laude
2931 3038 3132 3118 aliqua
3167 3037 3504 3118 impertiret
3537 3044 3594 3098 et
3624 3053 3724 3097 ce-

2074 3121 2354 3192 lebraret.
2389 3127 2555 3191 Illius
2585 3147 2726 3208 ergo
2751 3127 2822 3189 ad
2845 3127 3020 3189 facile
3044 3127 3375 3189 audiendas
3395 3125 3728 3188 calumnias

2074 3217 2424 3299 propensio,
2457 3217 2750 3282 Joannem
2786 3218 3169 3288 condemnat,
3221 3226 3284 3278 ut
3333 3216 3637 3294 relegetur
3666 3215 3727 3276 in

2073 3307 2348 3373 Patmon.
2405 3305 2504 3370 Sic
2557 3308 2716 3370 enim
2751 3308 3057 3368 nominata
3089 3314 3178 3367 est
3208 3307 3422 3379 insula,
3455 3306 3518 3368 in
3551 3324 3725 3386 quam

2076 3395 2185 3458 fuit
2215 3397 2533 3477 relegatus.
2591 3395 2780 3468 Quem
2834 3397 3076 3477 quidem
3113 3395 3172 3457 in
3205 3395 3400 3457 locum
3447 3413 3586 3457 cum
3625 3413 3730 3475 per

2072 3484 2463 3563 ignominiam
2486 3486 2782 3564 relegatus
2803 3485 3014 3548 fuisset
3032 3486 3410 3548 venerandus
3440 3485 3726 3559 Joannes,

2071 3574 2422 3638 Timotheus
2463 3575 2598 3654 ejus
2624 3575 2758 3637 loco
2796 3575 3059 3654 suscepit
3103 3581 3507 3655 episc0patum
3535 3573 3730 3656 Ephe-

2075 3664 2299 3726 siorum
2335 3686 2349 3724 :
2387 3683 2728 3745 quanquam
2783 3684 2892 3726 nec
2943 3666 3139 3745 ipsum
3176 3683 3418 3745 quoque
3471 3665 3531 3725 in
3583 3664 3730 3726 sede

2075 3752 2251 3832 longo
2285 3763 2556 3834 tempore
2585 3754 2786 3815 vivere
2819 3754 3096 3834 permisit
3131 3754 3433 3814 inimicus.

2141 3842 2241 3907 IX.
2262 3842 2401 3905 Erat
2423 3844 2583 3906 enim
2608 3843 2848 3924 quidem
2872 3843 3001 3904 dies
3020 3841 3208 3904 festus
3225 3844 3379 3922 apud
3408 3842 3724 3922 Ephesios,

2076 3933 2176 4014 qui
2207 3933 2280 3994 ab
2315 3933 2403 3996 eis
2434 3933 2756 3995 vocabatur
2803 3933 3210 4013 Catagegium
3244 3949 3262 3992 :
3295 3938 3354 3993 in
3387 3949 3458 3993 eo
3495 3949 3636 4010 ergo
3670 3950 3734 4003 et

2075 4023 2269 4085 clavas
2289 4023 2591 4098 tollentes,
2613 4033 2673 4085 et
2695 4022 3014 4084 simulacra
3040 4023 3100 4082 in
3125 4020 3401 4082 manibus
3424 4029 3725 4096 tenentes,

2072 4121 2132 4176 et
2157 4113 2268 4175 sibi
2291 4113 2577 4194 quasdam
2603 4113 2985 4193 imponentes
3011 4129 3322 4190 personas,
3354 4120 3413 4172 et
3437 4109 3730 4189 insignio-

2068 4220 2168 4265 res
2215 4212 2410 4282 partes
2460 4201 2716 4264 civitatis
2764 4201 3146 4282 impudenter
3189 4200 3504 4274 obeuntes,
3559 4210 3618 4262 et
3649 4199 3723 4262 iis

2071 4294 2339 4374 quaedam
2359 4292 2623 4355 carmina
2651 4293 3332 4372 decantantes,virosque
3355 4301 3413 4352 et
3441 4291 3724 4353 mulieres

2073 4401 2240 4445 more
2273 4384 2618 4464 praedonum
2653 4382 3023 4457 invadentes,
3053 4400 3326 4459 magnam
3363 4385 3586 4442 caedem
3619 4401 3721 4442 eo-

2071 4491 2203 4534 rum
2231 4472 2534 4534 faciebant
2560 4493 2572 4532 :
2603 4491 2672 4534 ea
2701 4473 2931 4533 ratione
2955 4480 3233 4552 putantes
3257 4471 3634 4546 exsecrandi,
3658 4488 3724 4533 se

2073 4581 2244 4624 suum
2278 4563 2576 4624 honorare
2607 4563 2968 4633 daemonem,
3003 4571 3068 4623 ut
3097 4580 3199 4622 eos
3231 4560 3579 4621 viderentur
3609 4561 3720 4622 ho-

337 4656 620 4726 τιμῶντες,
678 4653 754 4708 ῶν
810 4653 845 4720 ἡ
916 4652 1144 4729 μεγίστη
1213 4651 1464 4730 θεραπεία
1539 4649 1648 4706 τῶν
1705 4650 1984 4726 τιμώντων

2078 4652 2265 4714 mines
2283 4653 2605 4724 honorare,
2630 4671 2889 4732 quorum
2921 4651 3209 4712 maximus
3230 4650 3425 4712 cultus
3447 4660 3539 4714 est
3563 4670 3725 4712 mors

341 4743 369 4798 ὁ
400 4744 645 4806 θανατος.
696 4745 948 4815 Τιμοθεος
994 4741 1165 4799 τοίνυν
1221 4743 1248 4798 ὁ
1277 4744 1422 4803 θεῖος
1477 4739 1660 4802 δεινῶς
1694 4739 1779 4796 ἐπὶ
1822 4742 1991 4815 τούτῳ

340 4828 539 4904 ἀλύων,
587 4833 673 4888 καὶ
705 4831 870 4902 ζήλου
929 4832 1051 4908 πυρὶ
1094 4831 1161 4887 τὰ
1217 4829 1508 4908 σπλάγγνα
1562 4851 1870 4905 καιομενος,
1905 4834 1992 4888 καὶ

339 4927 498 4978 τοῦτο
543 4922 641 4996 μὲν
670 4919 1000 4996 συμϐουλαῦς
1057 4919 1316 4984 πολλάκις
1348 4923 1434 4978 καὶ
1487 4921 1805 4994 ὑποθήκαις,
1835 4929 1993 4979 τοῦτο

340 5006 397 5066 δὲ
450 5010 791 5091 παραινέσεσι
823 5011 918 5068 καὶ
969 5008 1330 5073 διδασκαλίαις
1383 5010 1749 5090 χρησάμενος,
1782 5014 1869 5067 καὶ
1915 5012 1992 5088 μὴ

339 5112 528 5157 πεῖσαι
601 5098 837 5167 δυνηθεὶς
898 5102 1086 5165 αὑτοὺς
1157 5099 1490 5179 ἀποσχέσθτι
1557 5100 1656 5166 τῆς
1738 5103 1990 5167 τοιαύτης

337 5191 554 5269 μανίας,
601 5213 871 5267 προσεισιν
944 5187 1130 5255 αὑτοῖς
1176 5189 1261 5245 ἐπὶ
1333 5211 1501 5264 μεσης
1572 5187 1810 5270 ἀμφόδου
1877 5193 1991 5270 ἁρτι

419 5385 474 5429 ιθ
506 5386 678 5452 Joan.
711 5400 836 5462 1m,
867 5383 968 5449 33.

408 5548 491 5617 (t)
524 5546 650 5604 Non
715 5546 995 5617 successit
1020 5546 1232 5604 Joanni
1284 5544 1625 5603 Timotheus
1657 5565 1671 5612 ;
1713 5544 1809 5602 hic
1841 5545 1996 5604 enim

336 5616 451 5678 fuit
511 5620 730 5690 primus
768 5616 1159 5690 Ephesiorum
1218 5620 1547 5690 episcopus,
1587 5617 1688 5676 sed
1739 5618 2000 5690 quandtu

339 5687 544 5752 aderat
597 5687 878 5760 Joannes,
907 5691 1211 5766 apostolus
1258 5687 1476 5750 Christi
1528 5698 1582 5749 et
1621 5687 1999 5768 evangelista,

2076 4761 2280 4803 eorum
2307 4743 2409 4820 qui
2435 4743 2754 4805 honorant.
2771 4741 3015 4802 Divinos
3039 4759 3178 4819 ergo
3193 4741 3586 4803 Thinmtheus
3614 4741 3725 4804 hoc

2076 4850 2232 4911 aegre
2264 4831 2485 4907 ferens,
2523 4839 2581 4892 et
2611 4832 2746 4910 igne
2776 4831 2888 4892 zeli
2919 4831 3248 4892 visceribus
3293 4831 3719 4906 inﬂammatus,

2076 4931 2135 4983 et
2154 4921 2365 5002 partim
2389 4921 2631 5002 quidem
2652 4921 2919 4983 consiliis
2949 4940 3092 4982 usus
3113 4929 3172 4982 et
3189 4920 3720 4994 admonitionibus,

2076 5029 2208 5072 cum
2244 5010 2490 5072 minime
2515 5013 2804 5091 potuisset
2829 5015 2917 5072 eis
2941 5009 3324 5092 persuadere.
3349 5019 3414 5070 ut
3437 5029 3471 5072 a
3497 5010 3596 5070 tali
3619 5010 3724 5070 de-

2075 5101 2359 5162 sisterent
2382 5100 2636 5174 insania,
2655 5103 2888 5162 accedit
2905 5103 2976 5163 ad
3000 5119 3102 5163 eos
3128 5101 3188 5160 in
3217 5099 3414 5160 media
3438 5100 3721 5178 compita,

2075 5209 2208 5252 cum
2233 5191 2353 5270 jam
2382 5192 2599 5252 festum
2622 5201 2922 5271 ageretur,
2948 5209 3156 5253 rursus
3178 5190 3515 5252 admonens
3535 5189 3726 5250 incre-

2081 5548 2150 5622 is,
2185 5547 2320 5608 licet
2351 5562 2481 5622 non,
2507 5549 2608 5605 uni
2642 5549 2763 5607 sedi
2788 5549 3080 5620 astrictus,
3105 5548 3385 5622 primaria
3411 5555 3600 5606 tamen
3627 5561 3726 5606 va-

2081 5618 2232 5680 lebat
2265 5621 2627 5680 auctoritate.
