4054 6204
359 334 468 404 771

1648 327 1928 398 ΜΕΝὸΙὸ
1976 333 2424 400 JANUARIUS.

3610 328 3730 398 772

362 492 533 556 pans,
563 470 809 540 docens,
837 468 976 550 quid
1004 487 1122 529 non
1153 467 1377 528 faciens
1407 485 1475 528 ex
1509 467 1731 548 iisquae
1751 477 1982 548 possent

2077 475 2173 537 τῆς
2233 472 2424 551 ἐορτῆς
2453 539 2456 542 ,
2487 473 2786 551 ἀγομένης,
2849 470 3172 546 παρακαλων
3233 471 3400 550 αὖθις,
3447 470 3732 550 ἐπιτιμῶν,

362 564 670 626 dimovere
705 560 1007 622 hominem
1043 577 1075 618 a
1107 559 1204 620 tali
1234 558 1484 619 insania.

437 743 511 806 Χ.
561 742 646 803 Illi
680 748 875 802 autem
911 737 1040 817 ejus
1067 736 1307 798 dicendi
1339 737 1672 799 libertatem
1707 756 1875 816 aegrae
1908 738 1999 800 fe-

356 843 582 905 rentes,
617 846 994 910 quaecunque
1035 826 1335 888 habebant
1367 829 1426 888 in
1459 827 1756 902 manibus,
1790 828 1860 888 iis
1889 828 2001 890 ad-

356 939 559 985 versus
592 937 724 981 eum
760 919 850 979 usi
883 925 1043 990 sunt,
1079 935 1213 976 eum
1248 917 1531 979 ferientes
1562 926 1619 978 et
1652 935 1757 996 per
1783 927 1999 978 terram

359 1013 663 1074 trahentes
696 1028 828 1070 cum
867 1025 1042 1088 quam
1083 1027 1335 1067 mamma
1365 1007 1483 1067 dici
1516 1017 1708 1086 potest
1737 1008 2002 1068 crudeli-

361 1111 480 1164 tate
528 1109 585 1162 et
632 1098 1030 1170 humanitate,
1090 1106 1147 1157 et
1200 1097 1436 1157 tandem
1481 1096 2001 1175 humijacentem,

357 1210 492 1255 cum
517 1191 711 1252 omnis
729 1189 913 1249 virtus
935 1187 1133 1248 vitalis
1153 1195 1208 1246 et
1234 1187 1498 1266 operatio
1527 1205 1659 1247 eum
1689 1187 2000 1260 deficeret,

359 1282 602 1363 quidam
636 1278 959 1342 Christiani
987 1295 1124 1338 eum
1161 1277 1459 1348 tollentes,
1495 1294 1697 1355 parum
1727 1276 1920 1338 adhuc
1947 1282 2004 1337 et

2083 557 2364 634 διδάσκων,
2425 561 2476 618 τί
2548 562 2625 636 μὴ
2697 566 2864 618 ποιῶν
2936 567 3041 616 τῶν
3110 559 3411 628 ἀποστῆσαι
3482 560 3736 627 τοιαύτης

2082 649 2264 714 ἀνοίας
2309 651 2584 728 ἄνθρωπον
2613 649 2934 717 δυναμένων,

2166 730 2228 813 1’,
2286 743 2345 797 Οἱ
2389 739 2442 796 δὲ
2502 739 2703 819 βαρέως
2749 740 3054 818 ἑνεγκόδτες
3113 741 3209 807 τὴν
3248 738 3568 819 παρρησίαν,
3615 740 3734 797 κατ’

2085 829 2245 886 αὺτοῦ
2286 836 2450 886 πᾶσιν
2483 831 2569 893 οἶς
2614 830 2667 886 ἐν
2713 833 2897 910 χερσὶν
2931 834 3092 910 εἰχον
3134 831 3453 909 ἐκέχρηντο,
3491 841 3736 891 παίοντες

2088 919 2245 976 αὐτὸν
2320 922 2403 975 καὶ
2463 921 2596 976 κατὰ
2655 921 2754 996 γῆς
2808 919 3054 980 ἕλκοντες
3100 915 3216 992 μεθ’
3274 917 3407 985 ὅσης
3453 919 3514 974 ἂν
3557 917 3734 976 εἴποις

2086 1014 2185 1076 τῆς
2223 1011 2504 1079 ὠμότητος
2561 1009 2645 1066 ιιαῖ
2690 1011 2790 1076 τῆς
2835 1009 3254 1084 μισανθρωπίας,
3289 1010 3376 1065 καὶ
3433 1007 3586 1074 τέλος
3638 1011 3730 1065 ὶπί

2085 1103 2189 1174 γῆς
2241 1100 2507 1173 κείμενον,
2562 1098 2657 1156 καί
2722 1100 2899 1166 πάσης
2964 1097 3120 1154 αὐτὸν
3175 1096 3446 1172 δυνάμεως
3500 1099 3731 1168 ζωτικῆς

2085 1187 2172 1243 καὶ
2232 1189 2496 1266 ἐνεργείας
2560 1188 2938 1260 ἐπιλιπούσης,
2972 1189 3274 1265 Χριστιανοί
3327 1209 3466 1250 τινες
3525 1185 3730 1265 ἀφελό-

2087 1297 2234 1351 μενοι
2300 1277 2479 1355 ὀλίγον
2552 1277 2627 1334 ἔτι
2672 1280 2760 1335 καὶ
2830 1275 3064 1353 ἀδρανῶς
3139 1278 3225 1332 καὶ
3293 1281 3450 1336 αὐτοῦ
3502 1277 3727 1333 θανάτου

359 1389 517 1450 aegre
545 1369 898 1448 spirantem,
921 1376 980 1428 et
1003 1367 1126 1445 jam
1157 1366 1330 1426 murti
1364 1365 1646 1440 vicinum,
1674 1365 1829 1426 ultra
1848 1364 1982 1427 civi-

2075 1369 2390 1445 παραψαῦον
2447 1367 2762 1442 ἐκπνέοντα,
2804 1369 2967 1445 πέραν
3012 1375 3104 1423 τοῦ
3154 1371 3254 1432 τῆς
3301 1365 3507 1430 πόλεως
3563 1363 3728 1440 λιμέ-

353 1463 485 1522 tatis
510 1468 739 1540 portum
770 1459 1216 1536 deposuerunt:
1251 1455 1351 1517 ubi
1373 1474 1505 1515 cum
1540 1454 1660 1515 Deo
1692 1471 1982 1517 commen-

2075 1477 2164 1518 νος
2209 1455 2522 1513 κατέθεσαν·
2600 1457 2733 1514 ὅπου
2805 1458 2919 1530 Θεῷ
2978 1458 3036 1513 τὲ
3110 1464 3316 1530 πνεῦμα
3361 1455 3726 1534 παραθεμένου

353 1549 554 1613 datum
611 1548 911 1610 emisisset
962 1545 1264 1625 spiritum,
1319 1563 1536 1625 corpus
1565 1563 1776 1605 rursus
1811 1545 1904 1624 pie
1937 1554 1982 1606 et

2075 1548 2135 1601 τὸ
2169 1551 2325 1620 σῶμα
2374 1546 2531 1603 πάλιν
2563 1545 2801 1610 εὐλαϐῶς
2856 1548 2944 1603 καὶ
2975 1547 3132 1610 ὁσίως
3177 1545 3257 1608 εἴς
3290 1567 3407 1602 τινα
3437 1545 3723 1622 κρύπτουσι

351 1649 555 1703 sancte
607 1639 666 1699 in
717 1637 973 1714 quodam
1032 1636 1163 1696 loco
1217 1634 1504 1710 condunt,
1552 1634 1653 1713 qui
1684 1635 1839 1717 apud
1893 1651 1982 1696 eos

2078 1636 2269 1715 τόπον,
2305 1637 2469 1693 Πίονα
2511 1636 2639 1715 παρ’
2671 1636 2934 1702 Ἐφεσίοις
2963 1634 3311 1712 ιιλούμενον,

353 1731 524 1805 Pion,
560 1729 618 1790 id
652 1736 764 1803 est,
798 1725 1056 1807 pinguis,
1091 1725 1334 1786 dicitur.

1381 1938 1448 2001 S.
1505 1938 1806 2001 Timothei
1851 1937 2270 2017 reliquiarum
2314 1941 2667 2003 translatio.

438 2104 535 2168 ΧΙ.
568 2106 772 2184 Longo
805 2109 999 2164 autem
1035 2109 1304 2181 tempore
1328 2108 1556 2180 postea,
1584 2097 1912 2162 Constantii
1933 2097 1982 2158 in

2158 2099 2271 2162 IA’.
2334 2103 2518 2179 Χρόνῳ
2576 2101 2758 2176 μέντοι
2818 2100 3002 2176 πολλῴ
3053 2101 3266 2178 ὕστερον
3322 2099 3515 2178 ἔρωτες
3582 2104 3720 2160 θεῖοι

351 2215 490 2258 eum
553 2212 810 2266 amores,
847 2191 950 2272 qui
982 2192 1138 2252 filius
1187 2191 1297 2252 fuit
1352 2188 1720 2253 Constantini
1777 2187 1982 2267 Magni,

2075 2196 2167 2246 τοὺ
2215 2192 2602 2265 Κωνσταντίου,
2661 2192 2720 2255 ὃς
2779 2193 2885 2256 υίὸς
2945 2192 3006 2259 ἧν
3066 2191 3484 2264 Κωνσταντίνου,
3542 2192 3714 2269 φημί,

339 2285 580 2366 inquam
595 2334 610 2360 ,
631 2283 794 2346 illius
811 2298 872 2342 et
895 2281 1070 2361 primi
1090 2280 1469 2360 imperatoris
1491 2278 1982 2354 Christianorum,

2075 2286 2164 2336 τοῦ
2209 2279 2478 2360 Μεγάλου,
2524 2283 2618 2338 καί
2664 2280 2876 2359 πρώτου
2941 2280 3268 2359 Χριστιανῶν
3325 2278 3610 2356 βασιλέως,
3654 2283 3716 2338 τὸ

339 2371 506 2433 illinc
560 2379 874 2451 exportant
926 2367 1233 2449 reliquias,
1293 2367 1582 2430 desiderii
1633 2366 1982 2428 administro

2075 2367 2323 2444 λείψανον
2381 2370 2585 2427 ἐκεῖθεν
2644 2371 3051 2446 ἀνακομίζουσιν
3106 2372 3352 2448 ὑπουργῷ
3405 2379 3502 2428 τοῦ
3553 2371 3716 2427 πόθου

344 2470 580 2524 utentes
599 2460 870 2522 Artemio
896 2477 910 2522 ;
937 2459 1031 2520 cui
1057 2477 1194 2520 cum
1223 2458 1477 2537 egregiae
1499 2457 1660 2518 illius
1684 2455 1986 2518 Timothei

339 2554 402 2613 in
435 2551 694 2614 dicendo
745 2548 1034 2612 libertatis
1063 2547 1274 2610 fuisset
1304 2545 1593 2621 imitator,
1648 2546 1704 2607 ei
1747 2562 1986 2626 quoque

346 2650 547 2722 postea
581 2641 687 2702 fuit
719 2638 1046 2703 conformis
1080 2636 1290 2700 mortis
1321 2636 1740 2706 similitudine,
1778 2643 1838 2697 et
1877 2637 1985 2697 fuit

341 2732 609 2812 martyrii
641 2737 991 2792 ornamento
1025 2737 1270 2809 propter
1301 2726 1602 2788 Christum
1639 2725 1978 2787 decoratus.

336 2820 667 2903 Reponitur
688 2829 885 2883 autem
919 2819 979 2880 in
1001 2836 1169 2879 sacra
1189 2835 1290 2879 ara
1316 2818 1470 2895 ejus,
1497 2815 1653 2896 quod
1674 2815 1985 2903 cognomi-

338 2902 512 2972 natur
543 2911 827 2990 templum
852 2908 1276 2988 Apostolorum
1306 2907 1435 2986 (t’uit
1457 2924 1595 2967 vero
1619 2904 1673 2964 id
1694 2902 1980 2966 Constan-

338 3001 400 3060 tii
436 3017 647 3060 manus
678 3017 827 3078 opus
859 3006 915 3058 et
953 2997 1136 3072 fidei),
1173 2994 1285 3058 sub
1317 2995 1442 3073 ipsa
1478 3011 1687 3055 mensa
1713 2995 1980 3072 mystica,

341 3088 758 3168 suppeditator
779 3085 1619 3164 miraculorum,dispensator
1633 3084 1979 3161 gratiarum,

338 3177 658 3239 thesaurus
680 3175 784 3257 qui
808 3194 925 3236 non
952 3181 1146 3254 potest
1170 3172 1698 3241 exinaniri,divitiaa
1721 3189 1984 3252 quaanon

337 3274 808 3339 conSumuntur,
839 3275 901 3325 et
931 3283 1064 3325 cum
1097 3262 1258 3324 Luca
1287 3271 1346 3324 et
1374 3261 1620 3324 Andrea
1650 3272 1981 3323 connume-

337 3367 551 3417 ratur:
587 3357 710 3417 Deo
742 3353 992 3416 fortasse
1036 3352 1150 3413 hoc
1197 3352 1457 3430 benigne
1509 3349 1885 3430 providente,
1922 3360 1984 3412 ut

2069 2455 2332 2536 Ἀρτεμίῳ
2374 2457 2734 2538 χρησάμενοι·
2797 2461 2854 2522 ὃς
2899 2460 2986 2516 καὶ
3043 2456 3288 2530 ζηλωτὴς
3320 2455 3560 2534 Τιμοθέῳ
3613 2463 3714 2525 τῆς

2068 2547 2236 2613 καλῆς
2332 2551 2538 2616 ὲκείνης
2617 2547 2910 2627 παρῤησίας
3005 2549 3318 2628 γενόμενος,
3403 2549 3712 2629 σύμμορφος

2065 2638 2208 2712 αὐτῴ
2280 2639 2415 2715 μετὰ
2476 2639 2637 2696 ταῦτα
2715 2661 2948 2705 κατεστη
3018 2640 3106 2695 καὶ
3175 2645 3268 2695 τοῦ
3343 2639 3570 2697 θανάτου
3636 2645 3713 2714 τῷ

2065 2729 2398 2804 ὁμοιώματι,
2456 2730 2543 2785 καὶ
2596 2735 2672 2802 τῷ
2729 2726 2814 2786 διὰ
2873 2729 3100 2805 Χριστὸν
3157 2729 3424 2805 μαρτυρίῳ
3477 2748 3711 2785 κατεκο-

2071 2820 2276 2888 σμήθη,
2349 2818 2747 2875 Ἐναποτίθεται
2790 2816 2844 2873 δὲ
2905 2824 2980 2892 τῷ
3034 2821 3157 2892 ἱερῷ
3213 2819 3568 2896 θυσιαστηρίῳ
3620 2825 3713 2876 τοῦ

2075 2908 2402 2985 περιωνύμου
2458 2915 2562 2968 τῶν
2607 2907 2950 2965 Ἀποστόλων
3006 2915 3134 2966 ναοῦ
3174 2909 3380 2987 (χειρὸς
3435 2909 3505 2975 ἦν
3563 2910 3712 2974 οὗτος

2068 2997 2162 3064 τῆς
2219 2991 2584 3055 Κωνσταντίου
2638 2997 2724 3053 καὶ
2756 2997 2983 3062 πίστεως
3042 2996 3241 3077 ἔργον),
3304 2997 3395 3053 ὑπ’
3455 2997 3590 3074 αὐτῇ
3647 2996 3711 3065 τῆ

2068 3093 2296 3163 μυστικῇ
2351 3087 2605 3165 τραπέζῃ,
2654 3089 2897 3167 χορηγὸς
2959 3088 3268 3165 θαυμάτων,
3316 3087 3553 3166 χαρίτων
3606 3109 3710 3144 τα-

2067 3177 2214 3250 μίας,
2262 3177 2522 3254 θησαυρὸς
2578 3176 2838 3251 ἆκέωτος,
2890 3184 3119 3239 πλοῦτος
3178 3177 3255 3250 μὴ
3305 3173 3708 3258 δαπανώμενος,

2066 3266 2152 3322 καὶ
2224 3271 2400 3338 Λουκᾷ
2466 3266 2554 3322 καὶ
2611 3265 2827 3344 Ἀνδρέᾳ
2899 3270 3327 3346 συναριθμεῖται*
3378 3273 3509 3323 Θεοῦ
3567 3267 3712 3346 τάχα

2065 3353 2447 3434 φιλανθρώπως
2532 3355 2985 3432 οἱκονομάσαντος
3017 3402 3034 3432 ,
3119 3353 3197 3411 τἔν’
3281 3355 3461 3434 ὥσπερ
3546 3356 3708 3424 αὐτῆς

337 3445 492 3508 sicut
515 3445 603 3506 eis
627 3444 828 3505 omnia
848 3443 1015 3505 fuere
1039 3439 1974 3522 communia,mores.disciplina,

2075 3447 2217 3502 κοινὰ
2261 3446 2446 3524 γέγονε
2502 3447 2698 3526 πάντα,
2731 3449 2757 3503 ὁ
2813 3447 3034 3526 τρόπος,
3082 3448 3113 3514 ἦ
3163 3447 3448 3521 μαθητεία,
3481 3449 3544 3502 τὸ
3594 3446 3704 3516 κή-

341 3535 714 3615 prazdicatio;
765 3550 1086 3595 commune
1135 3551 1369 3612 quoque
1401 3540 1558 3593 esset
1607 3530 1971 3608 sepulcrum,

341 3626 622 3706 quoniam
659 3626 746 3686 eis
777 3641 1015 3703 quoque
1045 3631 1135 3683 est
1166 3623 1287 3682 illic
1317 3623 1488 3702 quies
1520 3619 1878 3682 communis.

417 3711 543 3778 XlI.
592 3712 906 3794 Templum
941 3721 1139 3774 autem
1175 3713 1568 3785 Justinianus,
1603 3728 1739 3770 cum
1797 3727 1975 3772 manu

336 3815 541 3886 postea
566 3804 1060 3882 magniﬁcentiori
1079 3820 1317 3880 quoque
1339 3809 1466 3862 arte
1487 3799 1978 3878 adhibita,3plen-

334 3895 472 3956 dide
503 3894 757 3956 aedificat
790 3902 848 3953 et
881 3890 1286 3964 transformat,
1315 3901 1373 3950 et
1394 3890 1444 3950 ei
1471 3888 1977 3968 pulchritudinem

335 3994 392 4046 et
425 3984 920 4062 magnitudinem,
950 4000 1082 4063 qua;
1112 3999 1272 4041 nunc
1297 3988 1386 4040 est
1409 3988 1467 4040 et
1492 3980 1777 4050 cernitur,
1807 3979 1978 4039 exhi-

335 4072 456 4147 liet,
494 4083 883 4152 praeterquam
919 4071 1221 4151 mysticam
1275 4081 1334 4130 et
1381 4069 1644 4129 divinam
1679 4085 1975 4128 mensam.

334 4162 425 4224 Ab
457 4180 525 4223 ea
557 4163 716 4222 enim
750 4163 874 4222 Sula
893 4159 1206 4234 abstinuit,
1233 4161 1347 4220 hoc
1381 4159 1630 4239 pultlire
1659 4169 1864 4219 sancte
1887 4160 1978 4218 fa-

336 4253 505 4313 ciens
523 4262 761 4331 propter
779 4251 1214 4325 depositionem
1239 4269 1357 4311 saci
1373 4268 1542 4310 arum
1563 4249 1978 4327 reliquiarum.

335 4341 629 4414 Quocirca
679 4339 871 4420 posita
920 4353 1010 4400 est
1068 4340 1146 4400 im
1201 4340 1402 4400 medio
1437 4338 1660 4418 templo
1697 4357 1888 4418 usque
1923 4346 1979 4398 in

337 4431 699 4494 liodiernum
732 4430 917 4502 diem,
951 4448 1085 4490 cum
1119 4448 1385 4490 mensam
1421 4449 1488 4490 ex
1526 4430 1850 4507 purissimo
1882 4447 1981 4489 ar-

340 4531 519 4600 gento
547 4521 1000 4594 construxisset,
1036 4529 1094 4581 et
1122 4539 1254 4581 cum
1288 4538 1498 4600 magna
1527 4520 1619 4579 sui
1660 4519 1720 4580 in
1765 4518 1976 4580 Chris-

337 4622 462 4673 tum
524 4613 745 4673 amoris
799 4610 1281 4691 significatione,
1345 4609 1563 4672 Christi
1626 4617 1975 4670 sanctorum

337 4701 740 4782 apostolorum
773 4711 976 4763 sancta
1005 4718 1258 4781 corpora
1289 4698 1752 4762 recondidisset.

416 4789 568 4855 Xlll.
607 4792 749 4882 Cum
774 4807 971 4882 autem
1000 4792 1219 4871 impius
1243 4788 1618 4850 Domitianus
1639 4785 1981 4849 sceleratis-
2001 4828 2050 4882 ο

336 4882 486 4944 sime
513 4881 752 4962 quidem
784 4881 1162 4962 imperasset,
1202 4881 1539 4940 miserrime
1575 4892 1774 4938 autem
1809 4877 1978 4939 vitam

340 4972 616 5046 finiisset,
667 4969 860 5032 Nerva
911 4969 1245 5050 suscipiens
1293 4970 1638 5049 imperium,
1693 4974 1752 5026 et
1784 4968 1978 5027 statim

335 5073 466 5144 post
487 5065 680 5142 ipsum
709 5060 1000 5140 Trajanus
1025 5077 1284 5140 quoque,
1313 5076 1447 5120 cum
1467 5075 1532 5119 se
1557 5067 1615 5118 et
1644 5074 1820 5135 quam
1848 5057 1978 5118 fieri

341 5161 541 5232 posset
574 5151 1076 5213 clementissimos
1106 5161 1164 5210 et
1193 5148 1566 5228 aequissimus
1597 5146 1816 5206 vellent
1873 5166 1975 5208 os-

337 5243 609 5316 tendere,
669 5260 804 5302 cum
853 5238 1052 5301 multis
1085 5239 1220 5300 aliis
1249 5236 1626 5315 evangelistae
1659 5253 1892 5316 quoque
1924 5248 1982 5299 et

335 5331 638 5410 TtieOIOgo
689 5330 1018 5392 dissolvunt
1066 5327 1366 5390 cxsrliuin.
1429 5324 1533 5386 llle
1590 5336 1786 5385 autem
1843 5348 1977 5391 cum

334 5422 636 5504 Ephesum
694 5426 748 5494 (ο
797 5439 930 5481 cum
979 5427 1198 5498 quanto
1249 5415 1470 5478 dixerit
1510 5417 1645 5504 quis
1673 5421 1893 5494 gaudio
1925 5421 1982 5484 et

337 5512 564 5573 honore
589 5511 628 5581 Ξ)
662 5511 966 5578 rediisset.
994 5525 1049 5570 et
1075 5509 1340 5570 divinum
1360 5507 1479 5586 jam
1505 5503 1883 5572 Timotheum
1909 5513 1981 5573 ad

336 5600 761 5682 .lesum,quem
791 5599 1190 5673 desiderabat,
1222 5597 1550 5659 excessisse
1572 5599 1902 5675 didicisset,
1925 5611 1986 5665 et

338 5693 457 5753 line
489 5691 751 5770 martyrii
778 5709 1016 5750 cursum
1043 5687 1349 5769 Evangelii
1371 5689 1743 5768 obsignasse,
1769 5705 1986 5759 etesse

2061 3558 2260 3615 ρυγμα,
2294 3537 2469 3599 κοινὸς
2527 3535 2744 3612 γένηται
2801 3537 2894 3592 καὶ
2922 3539 2949 3592 ὁ
3005 3536 3198 3614 τάφος,
3232 3534 3345 3592 ἐπεὶ
3372 3535 3528 3603 κοινὴ
3575 3535 3704 3592 τού-

2059 3639 2176 3686 τοῖς
2208 3627 2295 3681 καὶ
2325 3627 2358 3692 ἡ
2390 3624 2593 3681 ἐκεῖθεν
2634 3625 2988 3689 κατάπαυσις.

2141 3703 2244 3775 ΙΒ’.
2304 3716 2405 3772 Τὸν
2449 3714 2627 3788 μέντοι
2681 3717 2805 3771 ναὸν
2862 3713 3231 3780 Ἰουστινιανὸς
3291 3714 3706 3797 φιλοτιμοτέραν

2062 3806 2198 3882 μετὰ
2267 3809 2366 3870 τῆς
2439 3807 2625 3884 χειρὸς
2682 3803 2896 3884 ὕστερον
2966 3808 3055 3863 καὶ
3114 3805 3319 3884 τέχνην
3392 3806 3704 3883 εἰσενεγκὼδ

2059 3893 2406 3969 ἀνοικοδομεῖ
2463 3895 2721 3972 λαμπρῶς
2779 3897 2864 3951 καὶ
2921 3897 3324 3974 μετασκευάζει,
3372 3899 3461 3951 καὶ
3501 3893 3702 3957 κάλλος

2063 3987 2204 4060 αῦτῴ
2259 3987 2347 4041 καὶ
2403 3984 2626 4063 μέγεθος
2678 3986 2739 4041 τό
2801 4007 2862 4062 γε
2919 3988 3105 4063 περιὸν
3159 3993 3244 4043 νῦν
3298 3987 3389 4043 καὶ
3431 3985 3704 4064 ὁρώμενον

2063 4073 2372 4148 ἀποδίδωσι,
2407 4077 2549 4142 πΑην
2607 4080 2703 4141 τῆς
2769 4083 3032 4152 μυστικῆς
3077 4077 3166 4133 καὶ
3219 4077 3362 4140 θείας
3419 4075 3716 4154 τραπέζης’

2064 4170 2258 4232 ταύτης
2319 4167 2418 4244 γὰρ
2475 4165 2751 4244 ἀπέσχετο
2795 4167 2991 4240 μόνης,
3028 4165 3206 4230 καλῶς
3265 4165 3384 4223 ἐκεῖ
3425 4167 3514 4222 καὶ
3556 4167 3716 4228 ὁσίως

2065 4262 2234 4312 ποιῶν
2279 4253 2364 4310 διὰ
2407 4255 2503 4322 τὴν
2563 4255 2668 4310 τῶν
2719 4255 2876 4331 ἱερῶν
2940 4255 3209 4330 λειψάνων
3252 4256 3556 4315 κατάθεσιν.
3621 4255 3718 4310 Διὸ

2066 4347 2154 4401 καὶ
2214 4346 2348 4401 κατὰ
2391 4346 2555 4419 μέσον
2613 4347 2686 4410 είς
2745 4343 2894 4422 δεῦρο
2951 4346 3073 4402 ναὸν
3129 4343 3337 4422 ἵδρυται
3380 4344 3432 4410 ἐξ
3489 4343 3716 4422 ἀργύρου

2068 4436 2165 4502 τὴν
2235 4439 2498 4514 τράπεζαν
2570 4443 2661 4492 τοῦ
2733 4433 3106 4513 καθαρωτάτου
3177 4435 3601 4512 κατασκευάσας,
3657 4433 3712 4488 ἐν

2064 4529 2199 4601 αὔτῇ
2246 4546 2305 4580 τε
2375 4524 2734 4606 φιλοχρίστως
2805 4526 2872 4582 τὰ
2942 4526 3047 4582 τῶν
3109 4523 3426 4581 ἀποστόλων
3489 4529 3714 4602 Χριστοῦ

2065 4615 2547 4692 ἑναποθησαυρίσρς
2578 4614 2706 4693 ἅγια
2749 4617 3000 4691 σώματα.

2149 4795 2256 4856 ιΓ¹,
2325 4794 2652 4869 Δομετιᾶνυῦ
2679 4791 2736 4850 δὲ
2785 4795 2877 4851 τοῦ
2933 4792 3210 4858 δυσσεϐοῦς
3244 4793 3563 4871 ἀνομώτατα
3611 4789 3708 4866 μὲν

2065 4885 2503 4964 βασιλεύσαντος,
2537 4883 2872 4941 ἐλεεινότατα
2919 4883 2973 4940 δὲ
3027 4896 3124 4952 την
3175 4885 3320 4956 ζωὴν
3370 4880 3708 4940 καταλύσαν-

2067 5000 2182 5054 τος,
2257 4975 2535 5054 παρελθὼν
2580 4977 2652 5037 εἰς
2698 4975 2795 5042 τὴν
2853 4975 3029 5054 ἀρχὴν
3088 4977 3117 5032 ὁ
3173 4975 3430 5055 Νερούας,
3465 4973 3611 5032 εὐθὺς
3655 4967 3711 5027 δὲ

2065 5066 2186 5146 μετ’
2244 5065 2403 5122 αὐτὸν
2448 5069 2537 5120 καὶ
2597 5066 2881 5146 Τραϊανὸς,
2913 5067 3000 5121 καὶ
3057 5063 3582 5145 φιλανθρωποτέρους
3637 5063 3712 5126 ὡς

2067 5160 2187 5217 οἶόν
2245 5179 2302 5212 τε
2350 5157 2437 5212 καὶ
2501 5159 2892 5231 εὐνομωτεροδς
2939 5155 3153 5220 ἑαυτοῦς
3198 5155 3458 5235 παρέχειν
3513 5150 3712 5230 βουλό-

2065 5270 2239 5326 μενοι,
2281 5246 2459 5301 λύουσι
2530 5245 2665 5318 μετᾶ
2707 5243 2923 5326 πολλῶν
2979 5243 3156 5301 ἄλλων
3215 5251 3294 5317 τῷ
3359 5241 3713 5321 εὖαγγελιστῇ

2065 5324 2119 5398 τε
2168 5324 2258 5395 καὶ
2293 5335 2543 5412 Θεολόγῳ
2572 5334 2800 5413 ὲΞορίαν.
2859 5324 2916 5392 ⁸Ο
2968 5333 3022 5390 δὲ
3071 5339 3139 5412 τῇ
3168 5331 3423 5414 Ἐφεσίων
3485 5332 3552 5414 (ὢ
3597 5331 3713 5394 πῶς

2066 5430 2126 5488 ἂν
2184 5426 2362 5490 εἴποις
2392 5423 2560 5492 ἡδέως
2592 5426 2679 5481 καὶ
2708 5425 2843 5502 πε-τὰ
2872 5430 3030 5500 τιμᾶς
3075 5424 3280 5489 ὁπόσης
3315 5423 3364 5502 l)
3405 5421 3715 5500 ἀποδοθεῖς,

2066 5523 2154 5578 καὶ
2224 5516 2448 5593 Τιμόθεν
2518 5512 2621 5583 ἤδη
2693 5500 2786 5572 τὸν
2843 5518 2989 5572 θεῖον
3039 5517 3170 5594 πρὸς
3229 5500 3348 5571 τὸν.
3390 5513 3717 5588 ποθούμενον

2071 5610 2278 5678 Ἰησοῦν
2351 5605 2757 5682 ἐκδεδημηκότα
2824 5606 3028 5681 μαθὼν,
3075 5607 3165 5663 καὶ
3233 5606 3372 5662 τέλει
3431 5602 3716 5683 μαρτυρίου

2071 5708 2165 5760 τοῦ
2224 5696 2549 5777 Εὖαγγελίου
2603 5695 2798 5776 δρόμον
2861 5695 3334 5778 ἐπισφραγίσαντα,
3396 5693 3598 5776 ἔρημόν
3655 5713 3712 5750 τε
