4104 6198
346 329 470 401 773

1493 338 1677 403 VITA
1727 337 1785 403 S.
1837 339 2248 404 ANASTASII
2296 341 2581 404 PERS/E.

3610 353 3726 417 774

349 474 512 528 οὖσαν
555 472 655 540 την
714 471 1051 539 Ἐκκλησίαν
1109 473 1200 530 τοῦ
1240 477 1579 549 προεστῶτος
1628 475 1812 551 εὑρὼν,
1848 476 1991 533 ἀντι-

2079 475 2408 540 Ecclesiam
2471 477 2728 559 praesule
2800 476 3094 542 defectam
3170 480 3539 557 invenisset,
3600 505 3729 550 eam

349 575 588 617 ποιεῖται
623 563 708 618 καὶ
737 562 900 618 πάλιν
929 566 1119 630 αὒτῆς,
1155 564 1230 622 ὡς
1260 563 1407 618 εἶναι
1441 564 1531 617 τὸν
1564 565 1722 621 αὐτὸν
1743 567 1830 620 καὶ
1855 565 1996 642 πάρ-

348 673 484 731 οχον
516 651 760 725 Τιμοθέῳ
813 653 907 706 τοῦ
947 651 1136 726 θρόνου
1182 652 1271 706 καὶ
1301 650 1464 709 πάλιν
1495 649 1773 731 διάδοχον,
1823 653 1999 732 "Amp

347 739 622 820 ἀμφότερα
666 748 758 796 τοῦ
789 741 927 796 κατὰ
958 742 1090 796 Θεὸν
1135 739 1304 810 ζήλου
1340 743 1426 796 καὶ
1477 746 1574 807 τῆς
1631 742 1840 808 πολλῆς
1879 745 1998 822 περὶ

348 829 444 895 τὴν
477 827 746 884 εύσεϐείαν
799 830 1001 885 ἐκείνου
1045 828 1284 898 σπουδῆς
1343 833 1432 886 καὶ
1491 832 1848 906 θερμότητος,
1898 831 1998 896 ’Ὃς

347 918 444 974 καὶ
503 916 798 974 διετέλεσεν
853 918 992 975 οὕτω
1051 921 1257 996 μακροῦ
1286 919 1484 996 γ-ούνου
1526 923 1626 987 τῆς
1669 919 1998 988 Ἐκκλησίας

345 1006 766 1087 ἐπιμελόμενος,
810 1011 897 1064 καὶ
954 1011 1017 1064 τὸ
1087 1013 1186 1073 τῆς
1247 1009 1502 1075 ἀληθείας
1547 1010 1798 1086 κήρυγμα
1857 1032 1996 1066 κατ-

346 1096 646 1175 αγγέλλων,
702 1099 776 1159 εἷς
835 1096 1068 1155 ἐπίδοσιν
1113 1097 1206 1164 τῆς
1253 1095 1545 1166 εὐσεϐείας,
1609 1101 1683 1160 είς
1728 1102 1997 1176 σωτηρίαν

345 1188 563 1266 ψυχῶν,
599 1193 671 1248 είς
699 1182 858 1253 δόξαν
916 1196 1010 1245 τοῦ
1067 1189 1256 1265 Κυρίου
1301 1191 1458 1256 ἡμῶν
1516 1189 1698 1255 Ἰησοῦ
1743 1197 1993 1268 Χριστοῦ,

350 1277 468 1351 μεθ’
501 1279 564 1332 οὗ
604 1282 682 1350 τῷ
725 1279 892 1356 Πατρὶ
949 1278 1041 1333 σὺν
1102 1285 1178 1351 τῷ
1234 1278 1371 1356 ἁγίῳ
1417 1279 1706 1352 Πνεύματι,
1773 1280 1992 1358 κράτος,

346 1367 505 1441 τιμὴ,
565 1369 653 1422 καὶ
710 1368 1071 1445 προσκύνησις
1129 1374 1216 1423 νῦν
1271 1369 1359 1423 καὶ
1421 1366 1535 1440 ἀεὶ,
1602 1371 1692 1424 καὶ
1749 1370 1824 1432 είς
1876 1371 1996 1435 τοὺς

347 1457 546 1518 αἰῶνας
579 1459 684 1510 τῶν
715 1456 946 1514 αἰώνων.
983 1455 1184 1530 Ἀμήν.

2083 585 2292 628 rursus
2324 567 2614 646 suscipit:
2651 568 2803 629 adeo
2835 575 2896 626 ut
2929 570 3086 630 idem
3113 580 3171 631 et
3191 574 3394 634 sedem
3419 576 3730 640 Timotheo

2085 656 2426 734 praebuerit,
2463 665 2524 716 et
2555 656 2613 718 ei
2633 658 3016 720 successerit.
3045 660 3188 733 Quae
3211 664 3452 741 quidem
3476 675 3733 744 utraque

2083 751 2222 806 sunt
2253 745 2384 824 ejus
2413 743 2521 805 zeli
2557 745 2616 806 in
2650 744 2861 819 Deum,
2925 749 3244 828 magnique
3276 751 3434 812 illius
3464 743 3647 816 studii
3673 766 3733 818 et

2079 833 2316 894 ardoris
2349 833 2407 893 in
2455 833 2760 913 pietatem.
2823 835 2936 908 Qui
2987 835 3231 915 quidem
3292 839 3469 918 longo
3527 855 3732 924 postea

2083 931 2356 1001 tempore
2387 937 2678 1001 perpetuo
2715 942 2917 985 curam
2949 930 3126 1002 gessit
3156 925 3460 1007 Ecclesiae,
3493 942 3556 996 et
3584 935 3732 996 veri.

2083 1013 2216 1101 tatis
2247 1011 2623 1101 annuntiavit
2657 1012 3170 1092 praedicationem,
3220 1018 3292 1077 ad
3346 1035 3726 1101 augmentum

2083 1099 2342 1179 pietatis,
2365 1101 2438 1161 ad
2464 1100 2718 1163 salutem
2748 1102 3107 1179 animarum,
3127 1105 3196 1166 ad
3221 1099 3469 1184 gloriam
3491 1115 3730 1178 Domini

2082 1189 2270 1250 nostri
2326 1187 2468 1251 Jesu
2525 1208 2537 1253 :
2595 1209 2726 1252 cum
2777 1210 2895 1272 quo
2943 1190 3098 1254 Patri
3159 1215 3276 1258 una
3331 1218 3464 1261 cum
3523 1215 3728 1267 sancto

2082 1276 2307 1371 Spiritu
2351 1289 2440 1340 est
2490 1280 2691 1371 omnis
2746 1279 2945 1371 honor
2994 1301 3152 1345 nunc
3183 1295 3242 1348 et
3275 1306 3514 1371 semper
3563 1305 3623 1356 et
3665 1294 3727 1356 in

2079 1367 2294 1439 saecula
2325 1369 2708 1432 saculorum.
2746 1368 2960 1432 Amen.

1203 1633 3717 1661 ω

2808 1651 3717 1661 κκὴ-

803 1778 1452 1865 ΜΑΡΤΥΡΙΟΝ
1525 1779 1750 1866 ΤΟΥ
1813 1781 2154 1868 ΑΓΙΟΥ
2220 1783 3270 1876 ΜΕΓΑΛΟΜΑΡΤΥΡΟΣ

886 2004 2012 2137 ΑΝΑΣΤΑΣΙΟΥ
2075 2011 2422 2141 ΤΟΥ
2486 2014 3192 2146 ΠΕΡΣΟΥ

700 2318 1372 2406 MAR'I‘YRIUM
1506 2319 1903 2406 SANCTI

2039 2325 2172 2407 ET
2308 2326 2658 2412 MAGNI

2794 2329 3366 2421 MARTYRIS

1367 2548 2107 2660 ANASTASII
2209 2554 2686 2666 PERSE

1583 2781 1787 2861 (Anno
1839 2782 1983 2858 610,
2032 2784 2298 2847 Januarii
2348 2786 2479 2867 29.)

407 2941 606 3018 [Graece
633 2959 769 3001 nunc
795 2942 1012 3016 primum
1051 2939 1216 3014 prodit
1241 2957 1306 2997 ex
1337 2940 1450 2998 cod.
1484 2941 1613 3015 Reg.
1648 2943 1819 3001 Paris.
1851 2959 1903 3000 n.
1959 2943 2099 3002 1457
2128 2952 2320 3013 notato,
2353 2964 2471 3005 saec.
2508 2963 2586 3006 ιι.
2621 2950 2800 3009 Latine
2829 2955 2961 3024 apud
2992 2955 3222 3016 Surium.
3257 2958 3410 3020 Eutr.
3448 2963 3646 3040 Pun]

425 3283 512 3356 A'.
570 3296 679 3361 Τῆς
722 3291 969 3371 μεγάλης
1030 3291 1242 3356 πόλεως
1304 3282 1710 3371 Ἱεροσολύμων,
1745 3295 1847 3351 ὑπὸ
1889 3301 1980 3351 τοῦ
2006 3302 2042 3353 Β

348 3385 564 3461 Περσῶν
621 3382 886 3460 βασιλέως
942 3382 1203 3463 ἀλούσης,
1276 3385 1364 3439 καὶ
1429 3383 1536 3439 τῶν
1593 3386 1749 3461 ἱερῶν
1807 3383 1987 3440 τόπων

343 3472 586 3548 ἐκείνων,
641 3473 697 3530 οἳ
757 3472 843 3528 καὶ
902 3469 1172 3551 διατριϐὰς
1231 3470 1383 3529 εἶδον
1426 3479 1520 3530 τοῦ
1564 3473 1695 3548 ἐμοῦ
1738 3480 1986 3547 Χριστοῦ,

345 3563 436 3619 καὶ
479 3563 798 3642 σταύρωσιν,
858 3563 948 3618 καὶ
1003 3563 1200 3641 ταφὴν,
1249 3563 1336 3618 καὶ
1380 3561 1700 3641 ἀνάστασιν,
1766 3560 1990 3636 Μηδικῷ

344 3650 525 3728 δόρατι
584 3652 675 3708 καί
738 3652 884 3732 πυρὶ,
916 3651 1138 3723 τρόποις
1183 3651 1270 3717 οἷς
1321 3650 1479 3707 αὖτὸς
1515 3649 1630 3707 οἶδε
1661 3650 1988 3729 παραδοθέν-

343 3764 474 3816 των,
522 3739 660 3798 ἅλλα
703 3763 760 3798 τε
811 3740 990 3798 πολλὰ
1034 3747 1102 3817 τῇ
1131 3741 1286 3798 πόλει
1318 3739 1766 3821 καγκατελήφθη,
1801 3742 1890 3799 καὶ
1921 3739 1987 3809 δὴ

341 3833 429 3889 καὶ
489 3831 550 3888 τὸ
608 3831 704 3899 τῆς
763 3833 1030 3910 σωτηρίας
1090 3830 1246 3906 ἡμῶν
1305 3838 1584 3909 τρύτιαιον,
1632 3833 1791 3898 ἡτοῦ
1820 3831 1986 3889 θανά-

339 3943 434 3978 του
495 3920 669 3994 λύσις,
715 3919 751 3987 ἡ
800 3926 900 3988 τῆς
952 3922 1213 3998 ἁμαρτιας
1265 3920 1530 3999 ἀναίρεσις
1566 3938 1579 3953 ·
1619 3923 1676 3976 τὸ
1721 3921 1813 3978 τοῦ
1844 3930 1984 3992 ζωο-

341 4013 520 4091 nmo-3,
554 4012 716 4091 φημὶ,
754 4018 980 4090 σταυροῦ
1011 4010 1165 4076 ξύλον
1207 4013 1414 4067 ἐκεῖθεν
1475 4013 1546 4074 είς
1583 4009 1806 4088 Περσίδα
1853 4032 1986 4086 μετ-

335 4101 596 4176 εκομίσθη
636 4121 653 4140 ο
686 4100 713 4156 ὃ
746 4102 833 4156 καὶ
865 4101 1091 4180 χάριτος
1131 4099 1315 4178 ἔμοιγε
1359 4097 1510 4157 δοκεῖ
1551 4101 1852 4176 θειοτέρας,
1901 4103 1988 4158 καὶ

333 4190 509 4266 μόνης
567 4195 665 4256 τῆς
721 4190 813 4246 τοῦ
853 4190 1257 4266 ἐσταυρωμένου
1311 4191 1616 4264 οἰκονομίας
1651 4206 1667 4222 ⁸
1701 4190 1736 4258 ἢ
1769 4189 1986 4247 πλέκειν

336 4279 455 4336 οἶδε
511 4282 598 4336 καὶ
656 4277 742 4335 διὰ
786 4282 892 4336 τῶν
937 4279 1190 4337 ἐναντίων
1235 4278 1496 4342 πολλάκις
1541 4281 1606 4336 τὰ
1661 4279 1986 4357 βελτιώτερα

341 4371 428 4426 καὶ
486 4369 850 4451 χρηστότερα.
913 4369 1066 4427 Ἐπεὶ
1126 4371 1224 4447 γὰρ
1269 4371 1295 4425 ὁ
1355 4370 1619 4447 σωτήριος
1663 4377 1753 4426 τοῦ
1800 4369 1986 4442 Κυρίου

339 4461 562 4537 σταυρὸς
622 4462 783 4539 χερσὶ
827 4459 1112 4534 πολεμίαις
1159 4457 1303 4515 ἰάλω
1333 4460 1419 4515 καὶ
1477 4461 1550 4522 είς
1597 4460 1692 4527 τὴν
1746 4464 1986 4536 Περσῶν,

2147 3296 2190 3396 l.
2248 3295 2392 3398 cum
2447 3303 2891 3398 magna‘civitas
2938 3304 3488 3388 Hierosolymorum
3541 3325 3714 3398 capta

2072 3384 2281 3488 fuisset
2307 3386 2389 3488 (ί)
2412 3407 2445 3488 a
2470 3407 2610 3488 rege
2644 3393 2981 3469 Persarum,
3012 3405 3069 3458 et
3092 3384 3258 3458 sacra
3285 3399 3387 3462 illa
3411 3403 3562 3481 loca,
3587 3384 3719 3488 quae

2073 3474 2191 3535 mei
2209 3474 2427 3539 Christi
2447 3479 2646 3542 videre
2668 3484 3206 3559 conversationem,
3226 3497 3283 3548 et
3306 3493 3471 3552 cruci
3493 3474 3718 3558 afui-tio-

2076 3581 2212 3665 nem
2244 3575 2302 3626 et
2332 3572 2856 3665 resurrectionem,
2891 3572 3198 3636 Medorum
3251 3579 3474 3643 lanceae
3505 3593 3564 3645 et
3592 3585 3716 3665 igni

2077 3655 2171 3744 iis,
2197 3674 2348 3732 quos
2369 3655 2498 3736 ipse
2523 3660 2698 3735 novit,
2731 3661 2922 3720 modis
2943 3673 3148 3726 essent
3178 3667 3415 3744 tradita,
3449 3685 3505 3731 et
3534 3655 3716 3737 multa

2071 3742 2186 3803 alia
2211 3755 2378 3823 capta
2402 3754 2540 3807 sunt
2561 3767 2692 3808 cum
2716 3751 2984 3841 civitate,
3009 3759 3071 3812 et
3093 3753 3306 3815 salutis
3332 3742 3570 3841 quoque
3602 3784 3715 3828 no-

2072 3841 2208 3894 stne
2236 3841 2545 3913 trOpazum,
2580 3844 2787 3898 mortis
2811 3840 3052 3912 solutio,
3086 3845 3311 3920 peccati
3340 3840 3708 3914 internecio:

2072 3920 2321 4000 lignum,
2349 3924 2615 4004 inquam,
2650 3927 2892 3988 Vivilicae
2921 3931 3137 4003 crucis,
3168 3931 3336 3994 illinc
3361 3939 3710 4002 translatum

2074 4021 2163 4073 est
2197 4012 2254 4072 in
2284 4015 2631 4080 Persidem:
2665 4019 2820 4098 quod
2847 4016 3088 4098 qmdem
3125 4022 3266 4083 mihi
3294 4024 3531 4089 videtur
3558 4029 3715 4091 divi-

2075 4100 2259 4194 nioris
2283 4121 2417 4194 esse
2440 4106 2666 4194 gratim,
2683 4119 2740 4166 et
2761 4107 2913 4186 ejus,
2933 4108 3032 4188 qui
3053 4118 3144 4170 est
3161 4114 3507 4194 cruciﬁxus,
3530 4120 3715 4183 solius

2070 4190 2560 4282 dispensationis,
2588 4215 2716 4275 quae
2741 4215 2898 4277 saepe
2923 4197 3081 4258 novit
3107 4202 3286 4263 etiam
3317 4223 3424 4282 per
3445 4190 3716 4272 adversa-

2070 4281 2190 4342 rios
2222 4301 2289 4343 ca
2321 4293 2660 4358 contexere,
2695 4305 2828 4367 quae
2858 4298 2994 4348 sunt
3041 4290 3290 4353 meliora
3319 4281 3400 4357 iet
3448 4299 3709 4365 utiliora.

2070 4369 2387 4451 Postquam
2423 4380 2582 4436 enim
2617 4377 2892 4437 salutaris
2937 4397 3081 4440 crux
3115 4379 3345 4443 Domini
3399 4387 3715 4452 hostilibus

2071 4470 2239 4550 capta
2259 4462 2368 4550 fuit
2388 4463 2684 4550 manibus,
2717 4472 2859 4550 etin
2883 4467 3157 4550 Perside,
3186 4484 3248 4529 ut
3271 4471 3618 4550 diximus,in
3644 4499 3714 4542 ea

338 4549 520 4628 ὥσπερ
573 4548 805 4629 ἔφημεν,
850 4549 1170 4628 ἀπηνέχθη,
1227 4549 1474 4615 τοιαύτην
1536 4546 1989 4629 αἰχμαλωτισθεὶς

2077 4543 2416 4622 captivitate
2436 4545 2667 4624 captiva
2690 4546 2943 4608 abducta
2971 4556 3062 4609 est
3087 4569 3115 4609 ει
3138 4543 3715 4622 Barbaris.in.itatur

338 4640 440 4695 ὕπὸ
497 4636 782 4717 Βαρϐάρων
841 4637 1246 4718 αἰχμαλωσίαν,
1281 4651 1530 4713 μιμεῖται
1588 4640 1678 4694 τὸν
1738 4637 1791 4692 ἐν
1847 4637 1989 4708 αὒτῴ

2077 4633 2462 4729 euquui‘in
2495 4653 2562 4696 ea
2593 4635 3298 4729 fuit_affixus,_Christum
3338 4666 3350 4702 :
3391 4647 3483 4708 vel
3516 4651 3713 4729 potius

342 4730 580 4806 παγέντα
628 4731 878 4807 Χριστόν.
917 4729 1016 4787 Καὶ
1080 4727 1288 4804 μᾶλλον
1348 4730 1505 4792 αὒτὸς
1561 4728 1662 4795 τὴν
1723 4728 1988 4807 Περσικὴν

2077 4723 2201 4800 ipsa
2229 4721 2526 4820 Persicam
2553 4726 2760 4786 evertit
2791 4727 3080 4820 etSpoliat
3097 4729 3300 4792 falsam
3328 4721 3704 4820 religionem,

345 4817 625 4892 ἀνατρέπει
697 4821 786 4876 καὶ
845 4817 1088 4875 σκυλεύει
1155 4818 1461 4897 θρησκείαν,
1507 4819 1590 4873 καὶ
1654 4819 1836 4898 ψυχὰς
1896 4819 1989 4878 τὰς

347 4908 507 4964 αὐτοῦ
549 4904 694 4973 ἀξίας
753 4907 1141 4988 αἰχμαλωτίςει
1208 4907 1307 4974 τὴν
1367 4906 1650 4975 ἐπαινετὴν
1692 4907 1860 4971 ὄντως
1902 4909 1990 4963 καὶ

347 4996 642 5064 καλλίστην
700 4996 1103 5077 αἰχμαλωσίαν,
1161 4996 1219 5066 ἢ,
1253 4996 1378 5074 τόγε
1421 4995 1739 5072 οἰκειότερον
1787 4998 1984 5077 εἰπεῖν,

342 5092 441 5156 τῆς
475 5085 851 5167 αἷγμαλωσίας
884 5086 1262 5161 ἀνακαλεῖται,
1296 5088 1385 5142 καὶ
1415 5087 1514 5152 τὴν
1546 5086 1766 5163 πρώτην
1800 5088 1987 5146 αὐταῖς

342 5175 630 5235 ἀποδίδωσι
684 5175 838 5235 πάλιν
879 5175 1202 5253 ἐλευθερίαν.
1262 5167 1429 5251 Ὀμοῦ
1485 5196 1540 5231 τε
1574 5183 1672 5252 γὰρ
1703 5180 1802 5242 τῆς
1847 5181 1988 5253 Περ-

345 5266 452 5323 σῶν
483 5263 766 5340 ἐπιϐαίνει,
815 5288 904 5323 και
946 5272 1120 5322 πᾶσαν
1157 5265 1321 5330 αὐτὴν
1364 5262 1552 5327 εύθέως
1582 5276 1704 5327 ταῖς
1750 5268 1852 5330 τῆς
1902 5266 1984 5319 οἶ-

342 5358 488 5419 κείας
517 5356 741 5436 χάριτος
800 5355 984 5412 ἀκτῖσι
1050 5355 1435 5434 περιαυγάσας,
1467 5351 1692 5422 πλήττει
1751 5353 1850 5428 μὲν
1891 5355 1985 5418 τὰς

346 5447 453 5503 τῶν
512 5447 750 5502 ἀπίστων
835 5447 1015 5526 ψυχὰς
1091 5445 1327 5522 καθάπερ
1401 5441 1674 5524 ὀφθαλμὸν
1731 5454 1986 5502 νοσοῦντα

343 5533 665 5614 προσϐαλὼν
702 5533 850 5601 ἥλιος
887 5551 900 5564 ⁶
950 5535 1070 5599 τοὺς
1117 5532 1170 5590 δὲ
1216 5535 1459 5604 πιστοὺς,
1507 5531 1686 5611 ὥσπερ
1741 5532 1984 5612 ἀστραπή

2074 4818 2130 4873 et
2161 4831 2291 4906 quae
2319 4831 2383 4906 se
2418 4815 2611 4906 dignae
2653 4825 2853 4906 erant,
2888 4819 3153 4898 captivas
3183 4822 3428 4885 abducit
3454 4815 3706 4906 animas,

2071 4921 2210 4964 vere
2241 4902 2527 4966 laudabili
2559 4912 2616 4964 et
2651 4905 2824 4984 longe
2869 4907 3269 4986 pulcherrima
3304 4916 3643 4993 captivitate

2073 5001 2173 5054 aut
2204 5001 2266 5084 ut
2299 4994 2482 5072 magis
2515 4994 2754 5074 pruprie
2786 4994 3005 5072 dicam,
3030 5001 3417 5080 acaptivitate
3442 5015 3702 5084 revocat,

2073 5091 2125 5143 et
2161 5083 2247 5143 eis
2278 5101 2513 5143 rursum
2551 5084 2802 5162 primam
2836 5085 3093 5146 restituit
3125 5087 3479 5153 libertatem.
3515 5083 3704 5156 Simul

2069 5190 2138 5233 ac
2165 5173 2320 5234 enim
2351 5171 2686 5252 ingreditur
2709 5174 3044 5248 Persidem,
3068 5195 3196 5236 eam
3221 5182 3419 5240 statim
3440 5190 3618 5243 totam
3641 5183 3712 5245 il-

2071 5262 2329 5324 lustrans
2350 5262 2532 5323 radiis
2555 5281 2676 5324 sua;
2699 5265 3066 5342 gratim,ferit
3089 5268 3327 5345 quidem
3353 5271 3586 5334 animas
3609 5272 3708 5335 in-

2072 5352 2363 5432 fidelium,
2392 5371 2509 5413 non
2536 5371 2711 5414 secus
2729 5371 2797 5415 ac
2820 5357 2930 5427 sol,
2959 5362 3057 5434 qni
3078 5355 3446 5421 laborantem
3467 5362 3705 5424 oculum

2069 5442 2419 5522 ingreditur:
2438 5442 2646 5503 ﬁdeles
2668 5452 2863 5504 autem
2886 5463 3001 5504 non
3025 5464 3199 5507 secus
3220 5467 3288 5509 ac
3311 5448 3711 5531 fulgurquod-

2072 5533 2206 5594 dam
2238 5551 2533 5613 apparens
2563 5532 2624 5594 in
2660 5532 2944 5607 tenebris,
2969 5546 3227 5599 revocat.
3253 5536 3334 5599 Ex
3359 5540 3577 5620 quibus
3598 5549 3708 5608 tuit

425 5697 507 5778 (l)
539 5696 659 5766 Au.
685 5696 804 5757 6M
834 5702 1003 5780 capta
1023 5703 1113 5758 est
1139 5692 1552 5775 Hierosolyma
1584 5710 1619 5756 a
1646 5691 1914 5757 Cbosroe
1943 5697 2260 5759 Persarum
2292 5711 2458 5776 rege,
2487 5703 2546 5757 et
2578 5713 2721 5757 crux
2752 5701 2956 5756 sancta
2975 5694 3037 5756 in
3067 5693 3373 5762 Persidem
3398 5702 3702 5768 translata.
