4104 6198
488 279 615 344 ’775

1790 268 2074 340 MENSIS
2109 263 2568 339 IANUARIUS.

3708 269 3813 342 776

459 431 461 433 ‘
489 433 648 478 unus
680 413 753 487 is,
777 413 875 494 qui
899 411 1072 474 nobis
1096 428 1255 473 nunc
1277 417 1364 471 est
1391 411 1729 491 propositus
1751 410 2119 482 Anastasius,

2211 432 2287 471 τις
2321 412 2376 467 ἐν
2409 414 2588 487 σκότῳ
2617 426 2848 495 φανεῖσα
2894 410 3308 488 μετακαλεῖται.
3341 399 3433 468 τΩν
3473 414 3540 476 εἷς
3581 414 3644 479 ἦν
3684 414 3812 469 καὶὸ

491 508 602 568 etsi
636 505 900 565 nondum
934 503 1176 582 quidem
1209 501 1392 563 cultu.
1447 502 1548 561 sed
1599 503 1724 580 jam
1781 501 2044 562 moribus
2077 509 2136 561 et

490 595 764 657 instituto
801 614 814 654 :
849 595 947 673 qui
981 591 1268 670 processit
1298 591 1540 669 quidem
1574 609 1606 650 e
1638 591 1786 664 vico,
1821 592 1921 671 qui
1957 609 2132 650 voca-

489 684 666 746 batur
690 682 954 744 Rasnuni
986 701 998 742 :
1025 689 1115 740 est
1139 697 1274 740 vero
1299 681 1558 757 regionis
1586 680 1839 748 Razech.
1868 698 1999 760 quze
2023 681 2134 740 sita

490 782 580 835 est
610 772 668 831 in
703 768 966 830 Perside.
1024 767 1162 828 Erat
1193 778 1390 830 autem
1438 788 1657 830 nomen
1704 770 1834 848 ejus
1869 768 2132 829 moribus

487 859 874 927 conveniens,
899 865 959 918 et
982 877 1048 918 ex
1077 876 1143 918 re
1163 857 1293 938 ipsa
1326 859 1515 937 magis
1541 860 1867 937 cognitum.
1897 859 1948 919 ls
1971 859 2128 918 enim

485 947 806 1011 vocabatur
836 946 1171 1025 Magundat.
1235 950 1372 1009 Erat
1416 949 1572 1008 enim
1606 949 1769 1010 illius
1794 947 1916 1009 Bau
1950 948 2130 1018 filius,

490 1039 592 1120 qui
627 1047 753 1101 erat
782 1039 838 1098 in
874 1056 940 1099 re
975 1038 1201 1117 magica
1235 1039 1759 1116 praastautissimus
1805 1051 1865 1099 et
1920 1036 2126 1098 erudi-

492 1127 788 1189 tissimus.
825 1127 938 1199 Qui
970 1146 1104 1187 cum
1142 1138 1423 1206 praeesset
1454 1128 1762 1188 communi
1797 1127 1934 1188 ludo
1968 1127 2130 1188 litte-

482 1224 665 1291 rario,
700 1225 761 1277 et
794 1217 1010 1277 multos
1038 1216 1284 1277 haberet
1303 1215 1716 1278 adolescentes
1740 1218 1809 1278 ad
1836 1236 1969 1276 eum
1995 1235 2130 1277 ven-

483 1313 752 1376 titantes.
809 1312 1014 1384 captos
1062 1323 1266 1366 amore
1315 1307 1766 1386 prazstigiarum,
1805 1314 2024 1367 etcum
2071 1307 2129 1367 in

481 1397 597 1458 hoc
625 1398 817 1458 solum
861 1413 1038 1456 omne
1069 1413 1238 1455 suum
1296 1396 1553 1455 studium
1590 1403 1856 1474 poneret,
1914 1414 2130 1474 nempe

484 1488 545 1548 in
577 1486 666 1548 rei
702 1485 948 1562 magicae
979 1485 1428 1564 exercitatione,
1462 1486 1522 1545 in
1556 1485 1676 1546 tilio
1711 1484 1964 1546 maxime
1996 1495 2129 1547 arte

482 1579 691 1649 utitur,
719 1585 776 1637 et
801 1593 928 1635 rem
966 1575 1252 1653 magicam
1286 1593 1420 1635 eum
1449 1584 1563 1634 tam
1586 1574 1904 1653 diligenter
1929 1577 2124 1649 docet,

483 1676 546 1728 ut
578 1671 636 1727 in
674 1667 804 1746 ejus
835 1667 1179 1742 cognitione
1214 1666 1365 1744 patri
1415 1665 1564 1725 nihil
1618 1675 1775 1727 esset
1833 1666 2125 1746 reliquum

481 1755 640 1837 quod
678 1775 794 1816 non
833 1761 1040 1814 notum
1073 1773 1314 1834 quoque
1344 1763 1505 1815 esset
1537 1753 1684 1816 tilio.

561 1844 636 1908 ΙΙ.
669 1843 814 1907 Cum
846 1842 1273 1904 adulescentiae
1299 1853 1494 1904 autem
1525 1853 1759 1905 aetatem
1784 1843 1908 1923 jam
1943 1843 2128 1906 attin-

479 1944 668 2013 geret,
704 1943 762 1996 et
789 1952 891 1995 rex
915 1931 1182 1996 Chosroe
1206 1934 1279 2007 (“2i
1303 1951 1522 1994 novum
1547 1942 1871 1995 exercitum
1895 1935 1954 1995 in
1981 1937 2126 1996 Per-

475 2024 605 2086 side
636 2024 971 2103 colligeret.
1009 2021 1143 2104 Ipse
1174 2041 1417 2101 quoque
1447 2042 1583 2084 cum
1616 2023 1749 2084 aliis
1775 2023 2036 2085 refertur
2068 2026 2125 2087 in

472 2133 794 2176 numerum
827 2113 1112 2175 tironum.
1139 2112 1431 2185 Quoniam
1455 2131 1592 2174 vero
1609 2114 1952 2174 veneranda
1979 2133 2122 2176 crux

472 2203 709 2266 Domini
736 2212 918 2264 totum
943 2203 1202 2283 agitabat
1219 2213 1274 2264 et
1295 2201 2121 2283 perturbabatPersidem,in-

475 2293 758 2356 ﬁdelibus
788 2293 1026 2374 quidem
1055 2293 1366 2354 horrorem
1391 2302 1451 2353 et
1482 2302 1773 2354 terrorem
1796 2293 2116 2372 incutiens,

474 2383 754 2446 ﬁdelibus
782 2393 977 2444 autem
1011 2389 1271 2444 suaviter
1298 2382 1618 2442 admodum
1644 2392 1700 2443 et
1723 2383 1953 2463 placide
1975 2385 2118 2446 illu-

473 2491 760 2537 cescens:
798 2473 872 2535 de
905 2492 974 2535 ea
1004 2473 1246 2554 quidem
1279 2473 1434 2534 fama
1465 2473 1735 2554 quasdam
1774 2492 1880 2554 per
1909 2493 2119 2537 omnes

473 2563 896 2644 persuadebat,
916 2565 1091 2634 fama,
1121 2565 1390 2644 inquam.
1421 2582 1554 2644 quas
1579 2563 1752 2644 paulo
1777 2567 2036 2627 crassius
2062 2574 2119 2626 et

465 2654 768 2716 indoctius
794 2652 1175 2733 praedicabat,
1196 2651 1670 2715 Christianorum
1696 2655 1884 2714 Deum
1908 2654 2119 2718 adesse

468 2742 791 2806 Persis.Ad
809 2761 984 2822 quam
1013 2743 1109 2804 hic
1131 2742 1490 2804 adolescens
1512 2750 1759 2822 repente
1788 2742 1897 2804 fuit
1913 2763 2120 2806 accen-

469 2831 943 2894 susanimo..lam
965 2832 1126 2895 enim
1149 2833 1380 2893 occulte
1399 2852 1534 2894 eum
1553 2831 1829 2908 tangebat
1847 2832 2117 2911 illeignis

474 2939 651 3001 quem
685 2920 964 2983 Christus
995 2922 1156 2982 venit
1200 2921 1408 3000 jacere
1439 2939 1622 3001 super
1653 2930 1868 2982 terram
1906 2925 1922 2972 Ι
1963 2943 1977 2982 :
2011 2923 2116 2999 qui

469 3009 714 3090 quidem
739 3029 856 3070 non
879 3008 1440 3089 sinebatquiescere
1460 3010 1766 3090 pulchram
1796 3011 1951 3073 illius
1975 3013 2118 3074 ado-

2217 509 2304 557 νῦν
2336 505 2471 575 ἡμῖν
2516 506 2789 580 προτεθεὶς
2824 503 3176 565 Ἀναστάσιος
3216 521 3229 535 ⁶
3265 503 3423 557 εἶκαὶ
3463 503 3536 576 μὴ
3565 505 3621 558 τὸ
3648 500 3807 574 σέϐας,

2216 591 2354 647 ἀλλὰ
2408 597 2500 649 τὸν
2531 595 2724 671 τρόπον
2756 592 2860 660 ἤδη
2893 595 2988 649 καί
3031 593 3132 659 τὴν
3162 592 3485 668 προαίρεσιν.
3518 591 3610 656 Ὃς
3640 595 3809 666 κώμης

2215 682 2313 755 μὲν
2371 682 2630 760 προῆλθε,
2694 675 2982 749 Ῥασνουνὴ
3068 681 3402 755 καλουμένης
3438 701 3450 715 ·
3503 681 3677 760 χώρας
3739 678 3806 760 δὲ,

2213 771 2416 849 Ῥαζὴί
2472 774 2573 828 ὑπὸ
2635 770 2703 838 τῆ
2756 770 2965 847 Περσίδι
3027 774 3282 846 κειμένης
3319 791 3331 804 '
3381 769 3544 844 ὄνομα
3585 769 3635 824 δὲ
3687 774 3810 842 αὒτῷ

2213 860 2330 923 τοῖς
2375 860 2594 938 τρόποις
2629 858 2948 938 συμϐαῖνον,
2983 863 3069 915 καὶ
3111 858 3318 934 μᾶλλον
3362 859 3422 915 ἐκ
3466 866 3553 915 τοῦ
3582 857 3810 935 πράγμα-

2212 969 2300 1012 τος
2331 947 2462 1028 ἕχον
2493 952 2553 1005 τὸ
2598 951 2893 1028 γνώριμον.
2934 953 3028 1006 Καὶ
3059 951 3160 1027 γὰρ
3204 947 3340 1005 οὕτω
3373 945 3667 1025 Μανγουδὰτ
3697 947 3808 1001 ἑκα-

2213 1036 2386 1103 λεῖτο,
2449 1046 2556 1095 Βαῦ
2609 1041 2711 1118 γάρ
2753 1061 2898 1102 τινος
2943 1040 3010 1107 ἦν
3067 1038 3268 1097 ἐκείνω
3311 1039 3422 1100 υἱὸς
3454 1044 3614 1116 σοφοῦ
3639 1033 3810 1111 κομιδῇ

2216 1131 2300 1183 καὶ
2329 1128 2543 1205 ἀρίστου
2576 1132 2642 1187 τὰ
2667 1131 2874 1206 μαγικά
2908 1146 2921 1160 ⁸
2970 1130 3025 1194 ὃς
3082 1126 3448 1184 διδασκαλείου
3483 1133 3652 1182 κοινοῦ
3693 1148 3809 1202 προ-

2213 1219 2541 1299 καθήμενος,
2599 1220 2686 1272 καὶ
2730 1217 2959 1278 πολλοὺς
3019 1216 3165 1295 ἔχων
3224 1223 3329 1271 τῶν
3361 1216 3491 1271 νέων
3520 1214 3634 1270 κατ’
3665 1212 3815 1290 ἔρωτα

2212 1308 2461 1382 γοητείας
2506 1307 2800 1372 φοιτῶντας
2837 1323 2849 1336 °
2887 1307 2970 1362 καὶ
3003 1314 3182 1376 τοῦτο,
3216 1305 3343 1383 φεῦὲ
3379 1303 3695 1378 ἐπιτήδευμα
3722 1301 3813 1373 μό-

2211 1417 2300 1450 νον
2359 1396 2458 1463 τὴν
2505 1398 2606 1453 τῶν
2663 1404 2909 1474 μαγικῶν
2965 1397 3282 1471 ποιούμενος
3334 1394 3581 1466 ἄσκησιν,
3634 1394 3713 1450 ἐπὶ
3751 1399 3815 1464 τῷ

2211 1489 2307 1559 υἱῷ
2352 1486 2586 1561 μάλιστα
2625 1491 2830 1566 χρῆται
2881 1493 2950 1561 τῇ
2999 1486 3170 1565 τέχνῃ
3207 1505 3222 1521 ο
3271 1508 3359 1541 και
3408 1486 3469 1542 τὰ
3521 1483 3621 1538 τῶν
3653 1482 3819 1559 μάγων

2214 1573 2352 1632 οὕτω
2404 1575 2706 1655 φιλοπόνως
2767 1576 2926 1631 αὐτὸν
2983 1572 3306 1652 ἑκπαιδεύει,
3343 1573 3480 1629 ὥστε
3513 1568 3673 1645 μηδὲν
3699 1571 3822 1625 ὓπο-

2211 1664 2487 1745 λειφθῆναι
2520 1673 2596 1740 τῷ
2655 1663 2818 1744 πατρί
2877 1666 3009 1744 πρὸς
3043 1665 3240 1744 γνῶσιν
3271 1665 3300 1718 ’ὁ
3330 1663 3410 1739 μὴ
3441 1668 3516 1735 τῷ
3559 1661 3650 1734 υἱῷ
3702 1659 3826 1736 γνώο

2149 1773 2188 1824 Β
2210 1753 2376 1833 ριμον
2393 1753 2481 1821 ἧν.

2294 1845 2381 1904 Β’.
2430 1845 2764 1920 Ἀπτομένου
2807 1843 2861 1900 δὲ
2921 1843 3024 1913 ἤδη
3081 1851 3174 1900 τοῦ
3225 1840 3414 1906 παιδὸς
3447 1840 3621 1913 ἀκμῆς
3651 1859 3703 1897 τε
3743 1838 3827 1893 καί

2209 1935 2445 2010 ἡλικίας,
2493 1940 2581 1993 καὶ
2626 1938 2863 2013 Χοσρόου
2907 1943 3000 1993 τοῦ
3043 1933 3308 2011 βασιλέως
3367 1929 3623 2008 νεωτέραν
3676 1949 3826 2003 στρα-

2205 2029 2322 2083 τιὰν
2368 2026 2421 2082 ἒν
2465 2025 2673 2101 Περσίδι
2705 2026 3082 2105 συλλέγοντος,
3117 2026 3192 2088 εἰς
3239 2024 3447 2101 τόρωνα
3490 2018 3605 2096 μεθ’
3653 2017 3825 2094 ἑτέρων

2206 2119 2292 2173 καὶ
2347 2117 2506 2181 αὒτὸς
2564 2115 2908 2195 ὰπολέγεται.
2961 2111 3122 2171 Ἐπεί
3172 2111 3226 2168 δὲ
3273 2115 3299 2165 ὸ
3332 2113 3506 2184 τίμιος
3536 2111 3624 2166 τοῦ
3657 2107 3825 2184 Κυρίου

2203 2209 2425 2280 σταυρὸς
2481 2209 2581 2274 τὴν
2627 2213 2840 2284 Περσῶν
2895 2203 3104 2261 ὶκλόνει
3165 2206 3252 2258 καὶ
3309 2201 3655 2278 συνετάραττε
3721 2195 3822 2252 πᾶ-

2205 2320 2292 2354 σαι
2324 2316 2339 2334 ⁸
2374 2310 2491 2359 τοῖς
2524 2297 2622 2372 μὲν
2650 2297 2892 2359 ἀπίστοις
2939 2291 3194 2374 φρικῶδές
3223 2313 3281 2349 τε
3309 2293 3398 2349 καὶ
3454 2287 3670 2370 φοϐερὸν
3709 2286 3822 2342 ὶπι-

2204 2388 2382 2456 σείωδ,
2436 2399 2552 2451 τοῖς
2613 2384 2668 2442 δὲ
2727 2396 2944 2446 πιστοῖς
3012 2382 3147 2460 ἄγαν
3207 2380 3302 2449 ἦδυ
3362 2379 3689 2458 προλάμπων
3740 2375 3822 2432 καὶ

2201 2476 2465 2555 προσηνές
2505 2496 2516 2508 ⁸
2565 2477 2724 2555 φήμη
2757 2498 2836 2538 τις
2867 2473 2996 2547 περῗ
3027 2476 3188 2531 αὐτοῦ
3229 2469 3309 2526 διὰ
3351 2473 3568 2526 πάντων
3612 2466 3821 2546 ἐχώρει·

2199 2569 2289 2623 καὶ
2318 2569 2352 2634 ἡ
2407 2566 2588 2646 φήμη,
2649 2564 2956 2644 παχύτερόν
2987 2584 3103 2623 πως
3144 2561 3277 2641 εἶχε
3323 2561 3414 2617 καὶ
3457 2557 3822 2646 ἀμαθέστερον,

2201 2659 2292 2713 τὸν
2333 2645 2439 2712 τῶν
2499 2661 2829 2734 Χριστιανῶν
2889 2655 3044 2733 Θεὸν,
3091 2652 3318 2729 Πέρσαις
3351 2653 3604 2724 παρεῖναι
3635 2645 3828 2724 κηρύτ-

2199 2768 2386 2808 τουαα,
2420 2747 2557 2822 Πρὸς
2587 2746 2654 2813 ἢν
2714 2747 2740 2800 6
2786 2743 2901 2808 νέος
2942 2741 3093 2822 ἄφνω
3135 2745 3234 2809 τήν
3285 2741 3477 2819 ψυχὴν
3511 2735 3826 2816 ἀνεφλέχθη.

2201 2834 2345 2903 ’Ήδη
2403 2837 2504 2914 γὰρ
2561 2837 2726 2900 αὒτῆς
2792 2833 2989 2899 ἥπτετο
3048 2830 3276 2909 κρυφίως
3337 2829 3520 2885 ἐκεῖνο
3569 2829 3626 2883 τὸ
3659 2823 3832 2900 πῦρ,ὃ

2203 2927 2427 3004 Χριστὸς
2457 2923 2584 2991 ἦλθε
2635 2922 2823 3000 βαλεῖν
2873 2921 2958 2978 ἐπὶ
3013 2924 3141 2998 γῆς.
3175 2917 3351 2996 ’Ὅπερ
3379 2917 3471 2974 οὖν
3502 2918 3589 2974 καὶ
3618 2915 3832 2993 ἠρεμεῖν

2200 3015 2295 3072 οὒκ
2323 3013 2411 3070 εἶα
2455 3014 2553 3080 τὴν
2583 3011 2760 3079 καλὴν
2790 3012 2993 3068 ἐκείνου
3025 3011 3279 3082 νεότητα,
3312 3005 3431 3064 ἀλλ’
3469 3007 3614 3067 εὗθὺς
3660 3005 3832 3060 ἁπαν-

467 3097 843 3174 lescentiam,
870 3099 977 3161 sed
1002 3100 1200 3160 statim
1231 3118 1444 3161 omnes
1465 3099 1667 3161 obibat
1700 3110 1921 3180 partes,
1945 3102 2021 3164 de
2044 3121 2114 3164 eo

2202 3111 2374 3184 ταχοῦ
2403 3103 2616 3181 περιῄει
2674 3103 3037 3177 πυθανόμενος
3096 3100 3215 3178 περὶ
3274 3098 3489 3170 τούτου,
3546 3094 3661 3171 μεθ’
3707 3092 3830 3160 ὅσης

465 3188 780 3250 sciscitans
802 3207 978 3269 quam
998 3189 1526 3251 vehementissime
1549 3199 1777 3269 poterat
1795 3191 2116 3271 etdiligen-

2202 3181 2510 3255 ἃνηεῗποις
2569 3197 2668 3260 τῆς
2724 3192 3056 3270 θερμότητος
3113 3210 3172 3244 τε
3256 3189 3344 3244 καὶ
3405 3185 3507 3254 τῆς
3578 3181 3828 3249 σπουδῆς,

462 3277 718 3342 tissime.
746 3278 892 3341 Cum
924 3277 1160 3340 audiret
1185 3291 1384 3340 autem
1413 3277 1488 3340 ab
1513 3278 1956 3353 omnibus,eain
1981 3299 2116 3344 esse

464 3385 734 3442 crucem,
756 3367 815 3429 in
843 3386 958 3448 qua
984 3367 1255 3430 Christus
1280 3367 1385 3430 Dei
1408 3368 1620 3442 Filius,
1647 3370 1747 3450 qui
1770 3389 1804 3430 a
1825 3370 2110 3433 Christia-

461 3457 558 3519 nis
579 3457 884 3531 adoretur,
914 3457 1025 3519 fuit
1049 3460 1392 3533 crucifixus,
1423 3457 1613 3520 veluti
1642 3457 1842 3537 ignem
1863 3460 1990 3541 igni
2012 3461 2114 3524 ad-

459 3545 638 3627 jecit,
663 3556 724 3608 et
744 3546 1060 3628 quaastioni
1084 3547 1398 3627 conjunxit
1418 3549 1835 3629 quaestionem,
1859 3561 1914 3610 et
1936 3569 2008 3612 ex
2026 3569 2116 3613 re-

461 3637 792 3716 sponsione
825 3638 1057 3718 accepit
1086 3641 1468 3700 occasionem
1502 3638 1751 3702 alterius
1773 3639 2111 3720 interroga-

463 3727 735 3802 tionis,et
763 3727 951 3788 multo
978 3729 1164 3807 magis
1186 3727 1423 3790 sitiebat
1449 3727 2111 3810 discere,quemadmo-

463 3816 604 3879 dum
641 3835 709 3878 ex
741 3818 893 3880 caelo
925 3818 1168 3899 quidem
1203 3819 1618 3892 descenderit,
1653 3839 1788 3880 cum
1814 3819 1892 3880 sit
1923 3823 2108 3883 Deus:

468 3916 527 3968 et
577 3908 1088 3988 quemadmodum
1141 3908 1321 3970 etiam
1354 3908 1544 3970 factus
1573 3910 1652 3971 sit
1683 3909 1888 3986 homo,
1921 3920 1978 3971 et
2008 3929 2114 3974 cur

468 3997 649 4058 etiam
681 3996 855 4058 sitad
887 4015 1126 4059 crucem
1161 4000 1616 4072 condemnatus,
1646 4007 1705 4060 et
1733 4018 1766 4060 a
1794 3999 2030 4080 quibus,
2057 4010 2114 4062 et

466 4104 542 4147 an
574 4084 650 4146 sit
681 4085 751 4146 ad
787 4086 1001 4147 coelum
1034 4105 1308 4149 revvrsus
1340 4089 1501 4149 unde
1521 4087 1939 4151 descenderat.
1967 4089 2110 4152 Cum

465 4184 667 4236 autem
703 4174 759 4235 ei
792 4193 824 4235 a
859 4174 972 4255 piis
998 4178 1460 4238 annuntiaretur
1489 4178 1688 4240 carnis
1709 4189 2002 4253 susceptae
2023 4179 2112 4239 ιΙὶο

463 4264 582 4324 vini
615 4264 855 4326 consilii
889 4266 1262 4344 mysterium,
1291 4285 1466 4327 aures
1495 4266 1735 4348 quidem
1764 4268 1998 4347 pietatis
2021 4287 2108 4330 se-

461 4354 625 4414 mina
656 4353 937 4416 lubenter
956 4354 1367 4435 suscipiebant
1393 4377 1408 4417 :
1442 4357 1640 4418 anima
1663 4376 1799 4418 vero
1823 4359 2114 4438 produce-

2196 3282 2433 3340 Ἀκοῦων
2465 3279 2519 3337 δὲ
2549 3281 2692 3358 παρὰ
2724 3281 2963 3354 πάντων,
2997 3281 3069 3340 ὡς
3120 3276 3221 3356 ἄρα
3251 3276 3402 3341 οὗτός
3434 3275 3582 3332 ἐστιν
3615 3277 3641 3331 6
3671 3294 3826 3330 σταυ-

2196 3373 2284 3452 ρὸς
2336 3371 2391 3428 ὲν
2423 3372 2467 3445 ᾧ
2519 3371 2748 3450 Χριστὸς
2797 3371 2823 3425 6
2856 3371 2948 3426 τοῦ
2982 3376 3116 3426 Θεοῦ
3146 3367 3266 3430 ι’ίὸς
3297 3368 3325 3423 6
3358 3366 3445 3422 καὶ
3493 3373 3828 3443 Χριστιανοῖς

2195 3462 2654 3541 προσκυνούμενος
2706 3459 3034 3537 ἐσταυρώθη,
3097 3459 3199 3534 πῦρ
3246 3457 3428 3534 ὥσπερ
3475 3453 3607 3534 πυρΐ
3664 3475 3830 3529 προσ-

2196 3555 2376 3626 ετίθει,
2409 3554 2498 3608 καὶ
2539 3551 2766 3622 ζητήσει
2826 3551 3062 3616 συνῆπτε
3107 3548 3357 3619 ζήτησιν,
3403 3548 3494 3603 καὶ
3543 3544 3638 3606 τὰς
3695 3543 3828 3598 ἀπο-

2193 3643 2393 3720 κρίσεις
2440 3639 2646 3716 μᾶλλον
2709 3638 2893 3718 ἑτέρας
2951 3637 3266 3711 ἐρωτήσεως
3311 3635 3560 3716 ἀφορμὰς
3615 3631 3780 3690 επυίει
3813 3650 3827 3666 ⁸

2194 3730 2292 3788 καί
2332 3729 2520 3804 πολλῷ
2576 3728 2738 3786 πλέον
2785 3727 2942 3804 ἐδίψα
2975 3730 3167 3803 μαθεῖν
3201 3745 3216 3761 ’
3265 3724 3413 3789 ὅπως
3443 3725 3548 3800 μὲν
3589 3721 3645 3788 EE
3677 3725 3833 3797 οὖρα-

2197 3824 2286 3878 νοῦ
2324 3820 2570 3878 κατέλθοι
2600 3821 2728 3882 Θεὸς
2761 3818 2833 3876 ὤν
2869 3833 2883 3848 ⁸
2921 3815 3066 3881 ὅπως
3098 3816 3152 3873 δὲ
3181 3817 3270 3873 καὶ
3297 3813 3577 3893 ἅνθρωπος
3605 3813 3833 3891 γένοιτο.

2201 3912 2352 3968 Διατί
2395 3907 2450 3964 δὲ
2504 3911 2592 3966 καὶ
2636 3910 2858 3987 σταυρὸν
2910 3907 3278 3983 κατακριθείη,
3315 3908 3405 3962 καὶ
3468 3905 3618 3982 παρὰ
3660 3902 3834 3975 τίνων,

2197 4002 2285 4057 καὶ
2314 4001 2358 4055 εἰ
2404 3999 2536 4076 πρός
2597 4000 2847 4077 οὖρανοῦς
2907 3996 3187 4054 ἐπανέλθοι
3246 3995 3432 4066 πάλιν,
3465 3994 3586 4051 ὅθεν
3643 3990 3843 4061 ἐλήλυ-

2197 4093 2307 4153 θεν,
2346 4080 2436 4155 εΩς
2480 4088 2534 4144 δὲ
2579 4086 2960 4167 ἀπηγγέλλετο
3012 4087 3151 4166 παρὰ
3196 4091 3302 4142 τῶν
3335 4081 3570 4141 εὖσεϐὦν
3601 4087 3744 4153 αὒτῷ
3785 4079 3843 4136 τὸ

2195 4181 2296 4246 τῆς
2353 4180 2656 4256 οἰκονομίας
2699 4179 3012 4256 μυστήριον,
3059 4179 3093 4246 ἡ
3154 4175 3250 4252 μὲν
3279 4175 3420 4242 ἀκοὴ
3465 4175 3534 4230 τὰ
3567 4175 3843 4250 σπέρματα

2196 4271 2291 4338 τῆς
2329 4267 2596 4333 εὗσεϐείας
2631 4267 2800 4337 ἡδέως
2857 4267 3081 4348 ἒδέχετο
3116 4283 3129 4297 ⁸
3165 4267 3200 4334 ἡ
3235 4265 3392 4346 ψυχὴ
3423 4261 3478 4319 δὲ
3511 4265 3689 4341 ἤρεμα
3745 4265 3839 4327 τῆς

2196 4361 2424 4421 πίστεως
2485 4363 2576 4415 τὸν
2640 4364 2844 4438 στάχυν
2901 4356 3279 4435 ἐκαρποφόρει,
3325 4352 3420 4410 καῖ
3479 4357 3645 4416 πόθος
3712 4354 3842 4425 αὖτῇ

459 4440 561 4541 bat
590 4445 811 4541 sensim
836 4444 1060 4541 spicam
1087 4444 1251 4538 fidei,
1279 4455 1337 4507 et
1360 4451 1412 4508 ei
1435 4446 1802 4541 desiderium
1831 4450 2109 4527 paulatim

2202 4458 2427 4527 Χριστοῦ
2467 4450 2605 4504 κατὰ
2636 4451 2823 4526 μικρὸν
2852 4447 3123 4525 ἓνεφῦετο,
3157 4447 3243 4501 καὶ
3296 4442 3455 4515 ζῆλος
3516 4443 3680 4501 αὐτοῦ
3735 4440 3840 4497 τῶν

458 4531 1278 4615 innascebatur,subihatque
1301 4535 1600 4597 aemulatio
1626 4536 1754 4616 ejus
1780 4539 2111 4618 perpessio-

2202 4540 2528 4615 παθημάτων
2558 4539 2724 4614 είσῂει
2760 4553 2772 4567 ·

461 4639 602 4682 num
631 4639 644 4684 :
681 4642 816 4699 quae
834 4642 977 4687 cum
1004 4625 1063 4684 in
1097 4625 1229 4704 ejus
1259 4625 1456 4686 anima
1477 4638 1650 4688 aucta
1673 4639 1728 4687 et
1751 4630 2111 4706 ampliﬁcata

459 4719 688 4784 essent,
726 4731 861 4774 eum
895 4713 1219 4775 informant
1249 4727 1308 4775 et
1335 4716 1658 4777 instituunt
1700 4717 1772 4776 ad
1819 4716 2108 4798 Optimum

456 4798 600 4863 vita)
616 4821 828 4881 genus,
857 4803 1208 4884 clarumque
1231 4818 1280 4866 et
1313 4804 1606 4882 insignem
1633 4815 1874 4886 testem,
1897 4815 2110 4888 marty-

455 4893 1393 4974 rem,iuquam,eﬂiciunt,utjam
1423 4895 1758 4974 procedens
1785 4895 2111 4958 declarabit

456 4981 668 5046 oratio.
703 4981 844 5044 Erat
867 4984 1026 5044 enim
1054 4983 1109 5044 ei
1129 4985 1371 5065 quidam
1406 4985 1594 5047 frater
1620 5003 1842 5062 genere
1872 4997 1930 5046 et
1950 5005 2111 5047 com-

455 5071 686 5134 milito:
719 5072 896 5134 ambo
930 5086 1128 5136 autem
1160 5073 1330 5136 relati
1362 5074 1423 5134 in
1459 5093 1775 5136 numerum
1810 5076 2110 5140 exercitus

456 5160 624 5238 Sain,
660 5175 1072 5244 veneruntque
1107 5182 1295 5244 usque
1334 5163 1408 5224 ad
1442 5164 1725 5244 inclytam
1776 5164 2109 5228 Chalcedo-

454 5268 615 5312 nem.
634 5250 778 5315 Cum
801 5264 998 5315 autem
1023 5253 1262 5315 divinus
1275 5251 1585 5316 Heraclius
1602 5254 1936 5335 irruptione
1959 5258 2111 5322 facta

535 5431 554 5473 ¹
588 5431 732 5497 Luc.
769 5449 872 5509 ιιι,
907 5431 1008 5496 49.

2836 4535 2868 4592 ἃ
2927 4539 3016 4593 καὶ
3045 4535 3461 4610 συνακμάσαντα
3517 4532 3584 4604 δή
3631 4554 3736 4590 που
3778 4531 3842 4606 τῇ

2197 4637 2286 4687 τοῦ
2345 4629 2462 4685 νέου
2522 4633 2677 4708 ψυχῇ
2732 4628 2822 4684 καὶ
2879 4624 3290 4703 συναυξηθέντα,
3356 4624 3485 4700 πρὸς
3527 4624 3753 4702 ἀρίστην
3784 4640 3836 4674 τε

2193 4721 2352 4776 αὐτὸν
2411 4720 2680 4797 στοίγειοῖ
2748 4715 3045 4794 πολιτείαν,
3117 4715 3206 4770 καὶ
3268 4714 3506 4791 μάρτυρα
3570 4708 3838 4791 περιφανῆ

2194 4811 2330 4883 μετὰ
2374 4818 2539 4866 ταῦτα
2583 4807 2889 4886 ἐργάζεται,
2951 4807 3023 4866 ὡς
3059 4802 3162 4876 ὃδῷ
3193 4803 3402 4878 προϊὼν
3432 4799 3538 4869 ἤδη
3589 4803 3617 4858 6
3675 4799 3837 4878 λόγος

2193 4897 2449 4965 δηλώσει.
2501 4893 2600 4954 Ἦν
2644 4919 2743 4974 γαρ
2768 4917 2849 4959 τις
2881 4893 3105 4974 ἀδελφὸς
3141 4894 3276 4948 κατὰ
3323 4893 3477 4970 γένος
3536 4891 3707 4966 αῦτῷ,
3755 4889 3842 4945 καὶ

2193 4990 2592 5066 συστρατιώτης
2632 5008 2646 5023 ⁸
2681 4986 2973 5066 ἀμφότεροι
3024 4982 3078 5039 δὲ
3123 4988 3192 5058 τῇ
3223 4989 3315 5038 τοῦ
3345 4981 3480 5037 Σάϊν
3508 4979 3842 5054 ἓξεταζόμεο

2193 5102 2271 5135 νοι
2307 5084 2527 5158 στρατιᾷ
2558 5077 2721 5159 μέχρι
2755 5072 3102 5159 Χαλκηδόνος
3140 5077 3231 5140 τῆς
3283 5078 3607 5150 περιφανοῦς
3652 5067 3842 5138 ἦλθον.

2194 5171 2348 5227 Ἐκεῖ
2376 5157 2444 5226 δὲ
2498 5172 2524 5226 6
2583 5157 2730 5231 θεῖος
2795 5157 3110 5244 Ἡράκλειος
3147 5164 3222 5227 εἷς
3251 5161 3352 5230 τὴν
3387 5160 3617 5239 Περσίδα
3665 5177 3846 5237 παρα-

2192 5256 2371 5317 ϐαλὼν
2425 5256 2932 5333 ἀντιπερισπάσοιτο
2975 5255 3067 5310 τὸν
3111 5254 3247 5308 Σάϊν
3281 5267 3296 5283 ⁸
3343 5253 3431 5309 καὶ
3489 5250 3832 5330 δποστροφῆς

533 5603 617 5683 (ἒ)
650 5602 782 5665 Fuit
802 5604 900 5666 hic
928 5603 1228 5669 Chosroes
1245 5604 1481 5684 junior,
1513 5603 1849 5672 Hormisdae
1878 5610 2039 5690 regis
2069 5610 2254 5690 ﬁlius,
2291 5617 2354 5674 ut
2382 5616 2548 5674 notat
2577 5607 2867 5672 Baronius
2897 5607 2958 5670 in
2989 5604 3426 5689 Martyrologio.
