4104 6198
475 375 588 449 779

1787 381 2063 446 MENSIS
2089 373 2544 448 JANUARIUS.

3692 369 3800 444 780

463 518 749 600 quidnam
782 519 858 581 de
885 538 950 580 se
981 516 1271 597 deinceps
1306 517 1467 579 velit.
1502 516 1608 581 Ille
1639 527 1834 580 autem
1858 519 2085 599 rogavit

2169 518 2378 576 ηθάνετο
2405 518 2562 573 αὐτοῦ
2618 519 2646 572 'o
2687 519 2833 578 θεῖος
2896 503 3107 590 Ἠλίας,
3143 510 3170 565 'o'
3221 510 3270 566 τί
3312 530 3436 566 ποτε
3465 513 3577 589 περὶ
3630 513 3798 574 ἑαυτοῦ

463 619 528 672 ιιι
551 609 823 671 habitum
843 615 1320 687 consequeretur
1345 610 1766 670 monasticum.
1799 610 1946 672 Cum
1972 627 2112 671 vero

465 699 538 758 ad
570 701 682 760 hoc
710 714 947 777 quoque
976 694 1284 758 annuisset
1306 695 1618 778 presbyter
1640 697 1782 778 (jam
1810 695 1972 759 enim
1996 697 2114 760 vel-

463 792 543 851 uti
571 809 640 853 ex
671 788 926 871 quadam
952 788 1254 869 pellucida
1277 796 1464 866 veste,
1489 799 1550 852 et
1570 810 1641 854 ex
1666 791 1888 854 decoro
1905 792 2112 853 habitu

462 889 518 942 et
541 887 696 941 statu
720 877 1156 942 ostendebatur
1171 880 1453 943 nobilitas
1476 880 1713 956 animae,
1734 890 1792 944 et
1813 880 1976 960 quali
2001 881 2112 944 vir-

462 977 586 1032 tute
616 968 854 1030 futurus
885 977 1047 1031 esset
1075 971 1434 1032 Anastasius
1467 992 1481 1029 :
1518 981 1578 1034 et
1610 971 1746 1032 ideo
1777 970 1907 1051 ipse
1938 971 2112 1034 facile

461 1058 644 1121 cessit
665 1057 798 1138 ejus
819 1057 1320 1140 precibus),venit
1344 1077 1478 1121 cum
1500 1078 1573 1122 eo
1597 1067 1729 1141 post
1747 1059 1932 1124 divini
1957 1079 2112 1143 mys-

461 1149 599 1210 terii
622 1149 1095 1211 celebrationem
1121 1148 1195 1211 ad
1228 1150 1666 1212 monasterium
1693 1147 2108 1213 SanctiAnas-

457 1238 680 1322 tasii,ut
706 1238 836 1317 ejus
857 1256 1099 1322 quoque
1117 1237 1287 1322 fieret
1308 1238 1644 1322 mansionis
1671 1239 1990 1322 particeps,
2007 1258 2108 1322 cu-

448 1318 551 1400 jus
577 1319 812 1381 futurus
838 1327 966 1380 erat
988 1318 1226 1381 virtutis
1255 1319 1480 1396 socius,
1515 1318 1684 1382 sicut
1704 1320 1882 1382 etiam
1901 1318 2104 1382 ἰιοωί-

454 1408 572 1472 nis.
599 1409 791 1490 Atque
823 1407 1254 1470 monasterium
1281 1409 1524 1490 quidem
1550 1408 1623 1471 ad
1646 1417 1925 1490 quartum
1959 1409 2102 1490 lapi-

455 1499 590 1561 dem
627 1506 754 1560 erat
800 1507 1101 1561 remotum
1155 1516 1187 1558 a
1235 1507 1440 1560 sancta
1491 1498 1730 1561 civitate
1765 1521 1779 1562 :
1815 1499 1872 1561 ei
1898 1508 2098 1561 autem

452 1601 709 1674 praeerat
735 1587 1028 1664 Justinus,
1054 1587 1147 1650 vir
1164 1596 1224 1652 et
1241 1589 1469 1667 alioqui
1489 1589 1712 1661 clarus,
1734 1587 1946 1651 etboni
1968 1587 2100 1670 Spi-

451 1680 606 1743 ritus
637 1678 815 1741 variis
850 1677 1023 1740 donis
1057 1687 1327 1741 ornatus.
1362 1677 1552 1752 Quem
1583 1697 1720 1740 cum
1752 1676 1932 1740 simul
1963 1697 2099 1741 cum

451 1770 656 1831 multis
674 1788 916 1850 quoque
937 1768 1072 1830 aliis
1091 1776 1360 1848 rogasset
1377 1766 1709 1849 presbyter,
1725 1769 1786 1830 in
1807 1776 2101 1830 monaste-

2200 609 2257 665 τὸ
2313 609 2498 663 λοιπὸν
2532 604 2630 684 ἄρα
2673 603 2945 681 βούλοιτο,
2998 593 3054 659 Ὀ
3086 599 3140 656 δὲ
3169 598 3315 667 ἠξίου
3348 600 3431 657 καὶ
3459 607 3549 656 τοῦ
3574 607 3671 657 τῶν
3710 626 3796 672 μο.

2195 703 2380 777 ναχῶν
2434 709 2628 776 τυχεῖν
2673 690 2987 774 σχήματός.
3037 690 3442 751 Ἐπινεύσαντος
3484 687 3536 746 δὲ
3565 693 3645 748 καὶ
3683 694 3796 770 πρὸς

2196 794 2348 844 τοῦτο
2390 793 2482 842 τοῦ
2528 783 2880 866 πρεσϐυτέρου
2917 777 3325 862 (παραδείκνδτο
3383 779 3480 857 γὰρ
3529 777 3624 846 ἤδη
3650 781 3799 837 καθά-

2197 897 2294 954 περ
2325 875 2384 933 ἔκ
2413 896 2554 939 τινος
2586 873 2872 955 διαφανοῦς
2935 871 3161 940 ἐσθῆτος
3190 875 3285 925 τοῦ
3338 869 3613 946 εὐπρεποῦς
3669 871 3802 949 σχή-

2194 967 2361 1041 ματός
2407 986 2463 1020 ἰε
2521 966 2616 1022 καί
2675 964 3093 1038 καταστήματος
3151 961 3186 1027 ἡ
3228 957 3465 1036 εὒγένεια
3492 957 3586 1024 τῆς
3616 962 3798 1037 ψυχῆς,

2192 1053 2280 1114 καὶ
2337 1059 2529 1119 ὁποῖος
2571 1055 2670 1122 τὴν
2728 1054 2920 1130 ἀρετὴν
2967 1050 3175 1129 γένοιτο
3228 1047 3597 1120 Ἀναστάσιος,
3630 1047 3704 1102 val
3735 1045 3804 1102 διὰ

2193 1148 2351 1203 τοῦτο
2387 1148 2479 1203 καὶ
2536 1145 2694 1207 αὐτὸς
2740 1142 3020 1206 ὲνδοτικῶς
3085 1139 3218 1220 ἔσχε
3251 1139 3382 1216 πρὸς
3422 1137 3516 1205 τὴν
3566 1136 3799 1216 ἆξίωσιν),

2191 1235 2495 1316 ἀφικνεῖται
2549 1236 2640 1291 σὺν
2705 1236 2850 1307 αῦτῴ
2909 1231 3047 1308 μετὰ
3104 1232 3207 1296 τὴν
3274 1228 3416 1285 θείαν
3458 1226 3800 1304 μυσταγωγίαν

2188 1315 2263 1389 εἰς
2305 1326 2402 1394 τὴν
2459 1325 2630 1400 μονὴν
2665 1329 2758 1380 τοῦ
2818 1322 2872 1378 ἒν
2914 1322 3087 1399 ἁγίοις
3121 1317 3474 1376 Ἀναστασίου
3505 1333 3517 1345 ·
3563 1315 3635 1370 ἶν’
3662 1316 3802 1373 αὗτοῦ

2186 1414 2272 1470 καὶ
2331 1419 2502 1490 μονῆς
2559 1413 2765 1490 γένοιτο
2810 1411 3087 1483 κοινωνὸς,
3147 1408 3208 1464 οὗ
3236 1407 3486 1468 κοινωνὸς
3517 1402 3694 1490 ἔμελλε
3717 1424 3798 1482 γε·

2182 1483 2358 1560 νέσθαί
2416 1505 2506 1560 καὶ
2550 1483 2745 1582 αρετῆς
2803 1501 2986 1579 ὥσπερ
3035 1497 3140 1566 ἤδη
3193 1499 3280 1554 καὶ
3319 1495 3578 1566 κλήσεως.
3614 1483 3673 1551 Ἠ
3712 1493 3800 1568 μὲν

2183 1594 2273 1648 οῦν
2315 1593 2455 1668 μονή
2510 1595 2762 1671 τέσσαρσι
2805 1595 2904 1658 τῆς
2968 1589 3122 1667 ἁγίας
3186 1585 3397 1650 πόλεως
3429 1585 3660 1660 σημείοις
3693 1582 3789 1639 ἄπ-

2183 1683 2314 1762 εἶχε
2350 1701 2364 1716 ·
2425 1684 2769 1762 προειστήκει
2828 1679 2882 1737 δὲ
2936 1680 3102 1746 «sua;
3149 1677 3464 1752 ἰουστῖνος,
3498 1675 3622 1752 ἀνὴρ
3663 1673 3723 1731 τά
3748 1694 3798 1728 τε

2182 1769 2321 1829 ἄλλα
2352 1771 2641 1853 ἐπιφανὴς,
2688 1772 2776 1828 καὶ
2833 1772 3134 1851 χαρίσμασι
3165 1773 3259 1825 τοῦ
3289 1767 3489 1845 ἀγαθοῦ
3518 1763 3796 1853 Πνεῦματος

452 1861 607 1922 rium
631 1858 931 1919 admissus
948 1867 1036 1919 est
1053 1857 1430 1933 Anastasius,
1455 1875 1615 1919 anno
1636 1858 1869 1920 decimo
1888 1857 1976 1938 (4)
1995 1863 2086 1919 ἰηι·

2182 1851 2909 1938 ποικίλοιςνκεκοσμημὲνος.
2959 1861 3032 1917 Οὗ
3081 1858 3216 1931 μετᾶ
3275 1855 3492 1914 πολλῶν
3519 1855 3604 1910 καὶ
3643 1851 3799 1914 ἄλλων

454 1946 880 2028 periilleraclii
903 1947 1068 2008 illius
1083 1947 1304 2027 egregii
1321 1955 1378 2009 et
1393 1945 1823 2011 fidelis.Tradit
1845 1948 2024 2011 vero!
2036 1967 2086 2009 u-

2181 1949 2457 2019 δεηθέντος
2538 1959 2653 2014 τοῦ,
2687 1947 3069 2031 πρεσϐυτέρου,
3133 1944 3384 2027 είσδὲχθη
3463 1949 3531 2021 τῇ
3584 1946 3715 2031 μονῇ
3777 1943 3801 1996 ὁ

451 2039 645 2100 stinus
667 2035 1046 2098 Anastasium
1073 2036 1177 2098 uni
1199 2058 1218 2093 ι
1234 2056 1267 2098 x
1289 2037 1419 2100 suis
1439 2035 1908 2116 discipulis,viro
1928 2037 2098 2100 valde

451 2127 730 2210 prudenti
751 2135 811 2189 et
842 2124 1078 2188 virtutis
1109 2126 1357 2191 amanti.
1389 2125 1500 2200 Qui
1531 2144 1668 2188 cum
1693 2145 1829 2189 eum
1850 2134 1907 2189 et
1925 2129 2093 2191 Grae-

449 2215 1114 2279 casdocuissetlitteras
1127 2223 1184 2278 et
1204 2215 1580 2297 psalterium,
1598 2217 2096 2298 ejusqueinstitu-

448 2309 674 2371 tionem
724 2305 1272 2382 animadvertisset,
1300 2307 1425 2386 jam
1449 2314 1616 2371 recte
1648 2325 1716 2369 se
1766 2306 1989 2370 habere
2020 2308 2092 2372 ad

451 2396 629 2458 vitam
656 2395 1074 2470 monasticam,
1092 2401 1282 2458 tonsis
1302 2396 1500 2460 statim
1526 2397 1658 2478 ejus
1681 2396 1938 2477 capillis.
1955 2406 2011 2459 et
2032 2398 2094 2460 in

448 2505 520 2548 eo
547 2485 722 2548 factis
754 2484 1036 2547 omnibus
1085 2504 1218 2568 qum
1268 2485 1363 2548 lex
1397 2485 1681 2566 postulat,
1718 2504 1853 2549 eum
1887 2484 2094 2550 habitu

445 2575 640 2638 induit
656 2575 1166 2650 monastico,etex
1184 2574 1390 2638 habitu
1405 2576 1520 2638 hoc
1533 2575 1671 2638 facit
1683 2575 2089 2652 Anastasium,

443 2665 603 2747 quod
633 2667 796 2746 prius
813 2683 880 2727 re
906 2673 1034 2727 erat
1059 2673 1119 2728 et
1141 2663 1453 2729 moribus:
1492 2665 1578 2728 vel
1610 2666 1804 2747 potius
1823 2663 2093 2727 moribus

2177 2040 2316 2118 ίερός
2376 2022 2747 2116 Ἀναστάσιος,
2782 2039 2886 2096 ἔτει
2931 2022 3137 2113 δεκᾶτῷ
3184 2022 3586 2112 τῆς-’βασιλείας
3647 2022 3798 2106 Ἠρα-

2179 2129 2355 2187 κλείοῡ
2413 2130 2507 2188 τοῦ
2564 2131 2804 2209 γενναίου
2859 2127 3067 2198 δηλαδὴ
3095 2129 3184 2185 καὶ
3225 2125 3414 2183 πιστοῦ
3449 2141 3462 2156 ⁸
3500 2119 3799 2200 παραδίδωσι

2178 2218 2232 2276 δὲ
2289 2221 2380 2276 τὸν
2443 2220 2790 2277 Ἀναστᾶσιον
2836 2217 3123 2281 Ἰουστῖνος
3171 2217 3245 2272 ἑνί
3289 2222 3399 2272 τῶν
3430 2215 3617 2271 ἑαυτοῦ
3644 2213 3802 2288 μαθη-

2175 2313 2304 2380 τῶν,
2368 2309 2511 2386 ἀνδρὶ
2555 2315 2757 2383 συνετῷ
2810 2307 2957 2383 μάλα
3019 2309 3108 2364 καὶ
3135 2305 3405 2386 φιλαρέτῳ
3440 2323 3453 2337 ·
3509 2304 3567 2368 ’ὃς
3614 2301 3697 2359 καὶ
3741 2300 3802 2356 τὰ

2174 2401 2282 2456 τῶν
2341 2391 2612 2470 Ἐλλήνων
2650 2402 2939 2476 γράμματα
2991 2399 3082 2455 καὶ
3111 2398 3171 2454 τὸ
3207 2394 3516 2474 Ψαλτήριον
3547 2387 3799 2455 ἑκδιδάξας

2175 2489 2357 2566 αὐτὸν,
2419 2489 2644 2568 ἀγωγήν
2729 2510 2784 2544 τε
2863 2487 3022 2545 αὐτοῦ
3097 2484 3380 2546 πολιταίαν
3451 2483 3507 2540 εῦ
3583 2481 3799 2562 ἔχουσαν

2176 2578 2280 2647 ἤδη
2313 2581 2444 2656 πρὸς
2475 2581 2567 2636 τὸν
2611 2584 2717 2634 τῶν
2761 2583 3021 2657 μοναχῶν
3051 2577 3166 2653 βίον
3222 2576 3586 2651 κατανοήσας,
3635 2572 3798 2648 κείρας

2175 2670 2319 2735 εὐθὺς
2365 2671 2448 2726 καὶ
2488 2670 2703 2748 τρίχας,
2737 2667 2821 2724 καί
2875 2666 2974 2724 ὅσα
3021 2667 3182 2742 νόμος
3234 2663 3322 2722 ἐπ’
3380 2667 3524 2735 αῦτῷ
3566 2658 3795 2733 τελέσας,

440 2757 902 2818 convenientem
935 2763 995 2816 et
1037 2764 1357 2834 cognatum
1392 2755 1577 2818 tradit
1605 2753 1902 2830 habitum,
1939 2765 1998 2817 et
2027 2754 2086 2816 in

2173 2761 2234 2816 τὸ
2291 2766 2396 2816 τῶν
2441 2762 2700 2838 μοναχῶν
2732 2754 3040 2835 περιϐάλλει
3085 2755 3313 2836 σχῆμαο
3353 2757 3448 2811 καί
3489 2761 3639 2812 τοῦτο
3665 2768 3796 2806 ποιει

441 2863 578 2908 eum
608 2846 902 2924 deinceps
933 2851 1062 2905 erat
1087 2842 1363 2916 affectus,
1388 2851 1453 2905 ut
1476 2843 1537 2905 in
1571 2844 1755 2906 filium
1777 2863 1809 2904 e
1837 2843 1958 2904 suis
1977 2863 2086 2923 ge-

2169 2849 2261 2903 τδν
2319 2848 2665 2905 Ἀναστάσιον
2711 2846 2771 2903 ἔκ
2829 2853 2921 2903 τοῦ
2950 2846 3263 2926 σχήματος,
3297 2843 3328 2900 θ
3363 2843 3551 2922 πρώην
3580 2840 3683 2897 ἀπὸ
3711 2843 3798 2894 τοῦ

438 2935 626 2994 nitum
659 2932 1013 2996 visceribus.
1047 2932 1219 2995 Adeo
1246 2933 1497 3013 pulchra
1528 2951 1626 2995 res
1652 2942 1739 2995 est
1775 2934 1991 3008 virtus,
2025 2943 2086 2995 ut

2169 2940 2364 3016 τρόπου
2408 2940 2500 2994 καί
2554 2946 2646 2996 τοῦ
2701 2936 3016 3015 πράγματος
3077 2933 3144 3001 ἧν
3178 2953 3194 2968 ·
3247 2930 3458 3008 μᾶλλον
3517 2928 3570 2987 δὲ

439 3041 572 3101 quae
602 3041 735 3083 cum
767 3021 902 3082 aliis
935 3029 992 3082 et
1015 3022 1254 3084 virtutis
1283 3022 1588 3084 studiosos
1618 3022 1678 3083 in
1710 3040 1917 3084 amore
1947 3040 2085 3085 con-

2169 3027 2412 3101 τοιούτῳ,
2454 3028 2542 3082 καὶ
2586 3031 2781 3106 σχῆμα
2825 3023 3079 3102 συγγενὲς
3110 3019 3400 3080 ἀποδίδωσι
3439 3037 3456 3054 ⁶
3491 3020 3579 3078 καὶ
3609 3019 3669 3076 τὸ
3700 3015 3799 3074 λοι-

432 3113 711 3191 jungere,
744 3119 805 3171 et
835 3118 1055 3172 tantam
1089 3111 1276 3190 possit
1306 3110 1664 3190 ingenerare
1708 3111 2080 3175 benevoleno

2169 3116 2264 3174 πὺν
2308 3117 2450 3190 αῦτῷ
2481 3116 2712 3192 καθάπερ
2760 3117 2856 3190 υἱῷ
2913 3119 3019 3172 τῶν
3055 3114 3244 3171 ἑαυτοῦ
3287 3117 3440 3192 φύντι
3477 3108 3797 3188 σπλάγχνων

437 3172 607 3282 tiam,
641 3209 919 3282 quantam
953 3172 1119 3261 nulla
1148 3172 1406 3262 omnin;
1425 3198 1544 3263 alia
1574 3201 1873 3281 cognatio.

2169 3172 2495 3285 προσέκειτο.
2529 3172 2696 3263 Οὕτω.
2735 3172 3025 3260 κάλλιστόν
3067 3225 3118 3259 τι
3157 3172 3351 3284 χρῆμα
3401 3202 3436 3268 ἡ
3470 3172 3802 3280 ἄρετὴᾚετὰ

433 3300 540 3350 τῶν
596 3291 798 3370 ἅλὶων,
829 3291 918 3346 καί
977 3290 1258 3348 σννάπτειν
1314 3291 1388 3354 εἷς
1433 3292 1596 3349 πόθον
1654 3293 1774 3357 τοῦς
1820 3292 2162 3375 φιλαρὲτους,
2191 3295 2282 3353 καί
2330 3317 2589 3362 τοσαυτην
2647 3294 2897 3370 ἐμποιεῖν
2955 3291 3183 3367 εὔνοιαν,
3216 3291 3346 3360 ὅσην
3393 3291 3488 3349 οῦκ
3537 3286 3674 3354 ἄλλη
3729 3305 3802 3350 τις

434 3381 715 3461 συγγένεια
747 3385 807 3436 τὸ
838 3401 1087 3457 παραπαν
1116 3379 1427 3455 δυνάμενον,

519 3474 558 3526 ν
571 3521 584 3534 .
605 3471 691 3532 Ex
715 3469 816 3530 illo
839 3476 1112 3550 tempore
1129 3469 1288 3551 apud
1305 3469 1735 3533 monasterium
1751 3469 1927 3532 vitam
1945 3491 2081 3534 cum

2250 3474 2330 3538 E'.
2369 3475 2455 3542 Ἐξ
2512 3476 2714 3533 ἐκείνου
2760 3477 2932 3534 τοίνυν
2992 3473 3144 3552 διῆγε
3190 3472 3332 3550 παρὰ
3383 3477 3449 3548 τῇ
3499 3475 3641 3547 μονῇ
3671 3463 3800 3542 μετὰ

435 3569 732 3624 conventu
761 3557 886 3635 egit
913 3559 1293 3623 Anastasius.
1318 3556 1502 3621 Porro
1525 3567 1722 3622 autem
1757 3558 1810 3621 ei
1843 3578 2084 3640 quoque

2169 3569 2262 3632 τῆς
2321 3563 2561 3625 συνοδίας
2619 3567 2646 3620 ὁ
2704 3563 3055 3628 Ἀναστάσιος
3084 3579 3098 3593 '
3153 3563 3240 3620 καὶ
3275 3559 3461 3637 μέντοι
3497 3559 3585 3616 καὶ
3613 3552 3798 3634 διαφό-

432 3651 678 3713 fuerunt
706 3648 944 3710 diversa
965 3649 1193 3710 credita
1218 3648 1576 3710 ministeria:
1600 3668 1711 3710 nec
1735 3659 1860 3712 erat
1883 3650 2077 3712 solum

2169 3675 2282 3733 ρους
2325 3654 2605 3722 ἐπιστεύθη
2636 3652 2902 3718 διακονίας
2933 3669 2946 3683 °
2977 3653 3069 3711 καὶ
3098 3653 3164 3722 ἧν
3194 3651 3255 3708 οὗ
3299 3651 3466 3726 μόνον
3526 3647 3646 3725 περὶ
3700 3645 3796 3700 αῦ-

430 3741 491 3802 ἰη
516 3745 603 3803 eis
627 3737 1118 3819 utilissimus,sed
1144 3740 1324 3800 etiam
1359 3739 1421 3799 in
1449 3738 1683 3801 actione
1711 3739 1950 3801 virtutis
1979 3739 2078 3801 di-

2169 3744 2256 3808 τὰς
2289 3745 2741 3824 εὐχρηστότατος,
2777 3743 2913 3800 ἀλλὰ
2945 3745 3033 3801 καὶ
3078 3743 3204 3822 πρὸς
3252 3740 3353 3808 τὴν
3409 3739 3662 3820 ἐργασίαν
3702 3738 3795 3824 τῆς

428 3829 888 3909 ligentissimus.
907 3829 1058 3890 Nam
1083 3847 1218 3890 cum
1245 3828 1530 3890 etculinaa
1547 3838 1607 3891 et
1625 3828 1784 3892 horti
1807 3828 2077 3893 ministe-

426 3919 517 3981 rio
546 3938 715 3980 suam
749 3919 920 3978 daret
951 3936 1221 3994 operam,
1249 3927 1307 3978 et
1336 3931 1501 3981 recte
1532 3936 1596 3979 se
1628 3927 1865 3997 gereret
1895 3920 1958 3980 in
1981 3919 2072 3981 la-

429 4009 578 4071 bore
615 4026 924 4080 manuum,
953 4024 983 4070 a
1008 4007 1252 4067 fratrum
1280 4007 1487 4088 synaxi
1510 4027 1812 4088 nunquam
1841 4009 2071 4086 aberat,

429 4107 640 4159 etante
653 4097 804 4156 alios
816 4114 1123 4156 sacrorum
1147 4098 1562 4177 mysteriorum
1579 4098 1970 4162 celebrationi
1985 4099 2074 4162 in-

428 4185 744 4247 tererat.In
761 4186 1099 4246 divinarum
1116 4197 1312 4247 autem
1328 4186 1775 4267 Scripturarum
1794 4187 2070 4257 lectione.

426 4285 485 4339 et
509 4279 764 4336 maxime
789 4274 938 4336 Vitm
955 4284 1294 4336 sanctorum
1321 4275 1584 4352 Patrum,
1613 4285 1768 4338 totus
1789 4286 1918 4340 erat
1937 4279 2070 4341 affi-

424 4385 555 4441 xus,
587 4374 644 4426 et
667 4383 864 4440 aures,
892 4373 956 4426 ut
977 4365 1221 4441 dicitur,
1250 4365 1552 4443 arrigebat
1578 4366 1650 4427 ad
1674 4367 2067 4445 audiendum,

424 4470 658 4529 eratque
680 4469 873 4516 mente
895 4459 1146 4530 vigilans
1159 4469 1210 4516 et
1229 4459 1424 4518 omnia
1440 4461 1715 4518 memoria
1738 4459 2066 4534 colligebat:

423 4552 487 4606 ut
505 4544 742 4606 etiamsi
758 4544 1237 4626 quitldiceretur,
1255 4544 1415 4622 quod
1437 4543 1664 4624 ingenii
1679 4545 1808 4625 ejus
1831 4555 2066 4627 captum

421 4647 758 4718 superaret,
784 4657 902 4699 non
927 4637 1729 4718 negligeret,nequelucrum
1747 4657 2070 4719 persocor-

2158 3823 2359 3912 ἀρετῆς
2380 3823 2788 3910 ίὶμμελέστατος
2818 3848 2833 3864 ⁶
2869 3839 2935 3910 τῇ
2962 3855 3019 3890 τε
3052 3833 3152 3912 γὰρ
3211 3838 3304 3888 τοῦ
3350 3828 3660 3910 μαγειρείου
3713 3823 3795 3881 καὶ

2156 3923 2224 3998 τῇ
2274 3932 2367 3983 τοῦ
2421 3925 2601 3994 κήπου
2644 3922 2882 3997 διακονίᾳ
2939 3922 3250 4003 προσέχων,
3301 3922 3386 3978 καὶ
3422 3925 3504 3995 τῷ
3539 3923 3638 3976 τῶν
3671 3933 3792 3996 χει-

2155 4015 2261 4092 ρῶν
2313 4011 2453 4092 ἔργῳ
2502 4013 2970 4091 κατευθυνόμενος,
3044 4011 3161 4070 οῦδέ
3219 4015 3320 4078 τῆς
3388 4017 3498 4066 τῶν
3558 4005 3792 4085 ἀδελφῶν

2156 4101 2416 4168 συνάξεως
2472 4101 2851 4183 ἀπολέλειπτο,
2913 4103 3000 4159 καὶ
3043 4101 3145 4181 πρό
3203 4121 3265 4180 γε
3307 4101 3413 4158 τῶν
3461 4096 3642 4156 ἄλλων
3699 4093 3792 4162 τῆς

2152 4193 2291 4250 κατὰ
2349 4191 2447 4259 τὴν
2476 4193 2642 4270 ἱερὰν,
2677 4191 2842 4272 λέγω,
2889 4192 3290 4271 μυσταγωγίαν.
3326 4188 3426 4247 ’Ἑν
3458 4211 3520 4269 γε
3565 4188 3674 4264 μὴν
3725 4189 3795 4272 τῇ

2151 4283 2259 4338 τῶν
2287 4281 2439 4339 θείων
2471 4287 2692 4362 Γραφῶν
2726 4271 3042 4363 ἀναγνώσει,
3089 4283 3173 4338 καὶ
3222 4278 3457 4357 μάλιστα
3511 4288 3632 4342 τοῖς
3687 4271 3792 4331 τῶν

2153 4371 2310 4427 ὁσίων
2351 4371 2550 4449 ἀνδρῶν
2609 4372 2769 4448 βίοις,
2833 4373 2920 4428 καὶ
2977 4371 3323 4452 προσετήκει,
3375 4368 3475 4426 καί
3531 4369 3600 4424 τὰ
3653 4367 3787 4436 ὦτα,

2151 4462 2212 4518 τὸ
2269 4468 2361 4518 τοῦ
2414 4459 2596 4540 λόγου,
2649 4461 2781 4529 ’ίστη
2835 4463 2966 4542 πρὸς
2995 4461 3093 4529 τὴν
3126 4459 3404 4540 ἀκρόασιν,
3435 4459 3526 4516 καὶ
3553 4458 3644 4514 τὸν
3675 4459 3792 4510 νοῦν

2151 4548 2366 4617 ἔξυπνος
2419 4554 2509 4624 ἦν,
2557 4551 2646 4607 καὶ
2693 4552 2766 4616 είς
2795 4551 2893 4620 τὴν
2922 4552 3144 4627 μνήμην
3178 4548 3387 4606 ἅπαντα
3418 4545 3738 4624 συνελέγετο
3773 4559 3790 4580 ο

2153 4642 2227 4704 ὡς
2273 4639 2329 4696 εἴ
2355 4662 2405 4697 τι
2445 4641 2534 4698 καὶ
2586 4640 2716 4719 ὑπὲρ
2779 4643 2878 4704 τὴν
2934 4641 3092 4701 αῦτοῦ
3133 4639 3357 4720 λεχθείη
3416 4636 3679 4710 διάνοιαν,
3716 4633 3790 4709 μὴ

420 4727 580 4791 diam
604 4727 907 4790 amitteret
927 4750 938 4792 :
957 4729 1063 4791 sed
1081 4728 1692 4808 potiusaccederetad
1712 4730 1946 4805 fratres,
1967 4731 2068 4812 qui

2169 4729 2401 4808 ὶμελεῖν,
2459 4729 2596 4806 μηδὲ
2651 4731 2869 4809 ῥᾳθυμίᾳ
2927 4732 2988 4788 τὸ
3055 4730 3236 4810 κέρδος
3300 4729 3578 4801 παίεσθαι,
3656 4721 3792 4780 ἀλλὰ

419 4837 553 4880 eum
579 4819 851 4881 doctrina
873 4819 1263 4899 superabant,
1293 4825 1352 4881 et
1370 4818 1472 4901 qui
1498 4827 1741 4899 possent
1775 4819 1913 4882 talia
1956 4838 2068 4881 ex-

417 4908 691 4990 planare,
709 4920 771 4970 et
793 4909 1074 4971 lubenter
1088 4927 1219 4971 cum
1235 4926 1306 4970 eo
1330 4908 1659 4990 inquirere,
1686 4908 1845 4971 etsic
1869 4909 2067 4972 medi-

417 5000 606 5060 tando
629 5002 929 5073 venerari,
948 4997 1246 5079 quidquid
1271 5016 1407 5060 eum
1433 4996 1677 5060 latebat.
1697 4997 1840 5061 Cum
1867 5007 2066 5062 autem

416 5087 572 5168 apud
601 5105 666 5148 se
693 5087 916 5166 legeret
939 5087 1213 5148 victorias
1239 5085 1561 5166 insignium
1583 5094 1930 5168 martyrum,
1947 5097 2067 5152 tro-

415 5195 542 5258 paea
568 5185 625 5238 et
654 5175 1009 5253 certamina,
1047 5174 1230 5237 libros
1261 5173 1614 5256 aspergebat
1650 5177 1945 5258 lacrymis,
1979 5180 2066 5242 si-

415 5267 706 5346 gnificans
728 5285 898 5328 suum
925 5266 986 5328 in
1011 5263 1292 5346 patiendo
1319 5281 1704 5342 consensum,
1722 5285 1907 5349 seque
1930 5287 2064 5332 cum

412 5356 505 5418 eis
539 5355 813 5418 molestia
853 5355 1012 5418 affici
1056 5364 1115 5417 et
1157 5354 1269 5417 zeli
1298 5372 1434 5416 esse
1467 5354 1740 5421 socium:
1771 5366 1830 5419 et
1859 5357 2066 5423 beatos

413 5447 659 5523 quidem
687 5454 930 5507 sanctos
945 5443 1368 5526 pronuntiabat
1390 5451 1635 5526 propter
1658 5447 1834 5508 linem
1854 5470 1867 5507 :
1891 5450 2065 5513 mira-
2118 5520 2119 5523 η

413 5536 587 5597 batur
604 5553 742 5598 vero
765 5554 973 5598 eorum
990 5533 1363 5597 tolerantiam
1377 5583 1386 5594 .
1398 5533 1633 5597 Deinde
1657 5536 1743 5618 id,
1767 5538 1922 5618 quod
1937 5549 2065 5604 erat

2151 4818 2424 4900 προσιέναι
2483 4819 2689 4895 μᾶλλον
2740 4833 2858 4884 τοῖς
2908 4817 3314 4901 διαφορωτέροις
3361 4818 3458 4885 τὴν
3519 4812 3790 4901 παίδευσιν

2149 4908 2428 4990 ἀδελφοῖς,
2460 4911 2548 4966 καὶ
2577 4923 2696 4975 τοῖς
2748 4931 2808 4990 γε
2854 4911 2919 4967 τὰ
2962 4900 3180 4968 τοιαῦτα
3225 4905 3508 4988 διασαφεῖν
3551 4900 3788 4980 δυναμέ-

2150 5021 2284 5074 νοις,
2313 5001 2399 5056 καὶ
2431 5006 2682 5070 συζητεῖν
2736 4998 2930 5076 ἡδέως,
2966 5001 3053 5058 καὶ
3111 4996 3367 5077 διερωτᾷν
3427 4994 3738 5077 φιλοπόνως
3769 5005 3785 5021 ⁸

2150 5091 2238 5146 καὶ
2293 5087 2459 5153 οὕτως
2519 5089 2661 5146 ἅπαν
2723 5092 2779 5147 τὸ
2812 5088 3091 5171 διαφεῦγον
3123 5089 3280 5146 αὐτὸν
3313 5085 3515 5163 μελέτῃ
3563 5087 3733 5163 θηρᾷν
3767 5098 3785 5118 ⁸

2150 5177 2559 5258 Ἀναγινώσκων
2619 5178 2802 5237 δὲκαὶ
2859 5178 2974 5237 καθ’
3029 5179 3216 5237 ἑαυτὸν
3272 5178 3338 5234 τὰ
3393 5179 3499 5234 τῶν
3541 5172 3789 5232 καλλινί-

2149 5291 2256 5325 κων
2329 5269 2606 5350 μαρτύρων
2666 5271 2894 5349 τρόπαια
2966 5270 3051 5326 καὶ
3129 5269 3248 5334 τοὺς
3309 5265 3526 5346 ἄθλους,
3589 5262 3790 5350 δάκρυα

2147 5364 2253 5417 τῶν
2296 5349 2514 5436 βιϐλίων
2561 5357 2824 5441 κατέῤῥει,
2877 5361 2937 5416 τὸ
3007 5359 3351 5439 συμπάσχειν
3413 5357 3500 5413 καὶ
3562 5349 3787 5411 συνοδυ-

2149 5453 2331 5508 νᾶσθαι
2365 5451 2573 5514 τούτοις
2607 5450 2701 5507 καί
2744 5450 3024 5508 κοινωνεῖν
3057 5450 3152 5507 τοῦ
3182 5449 3346 5522 ζήλου
3394 5445 3783 5522 διασημαίνων·

2147 5544 2232 5600 κάι
2288 5547 2379 5598 τοῦ
2430 5541 2528 5615 μὲν
2585 5541 2794 5621 τέλους,
2827 5539 3108 5620 ἐμακάριζε
3138 5540 3259 5605 τοὺς
3295 5539 3498 5619 ἁγίους,
3562 5540 3668 5602 τῆς
3729 5531 3784 5588 δῖ

497 5705 580 5785 (4)
621 5707 988 5771 Duodectmo
1019 5706 1267 5787 corrigit
1294 5707 1540 5789 Baron.,
1579 5708 1681 5790 qui
1714 5710 1816 5776 fuit
1857 5729 2046 5780 annus
2076 5711 2213 5783 621.
