4104 6198
417 353 535 425 783
1703 359 1985 422 MENSIS
2022 355 2484 426 JANUARIUS.
3667 355 3782 427 784

421 495 580 578 quod
603 493 684 556 sis
706 492 770 554 in
794 494 1109 570 praesentia
1135 501 1499 571 postremum
1545 511 1579 554 a
1612 490 1786 552 nobis
1821 493 2045 554 disces-

2137 495 2197 549 τό
2241 519 2303 572 γε
2353 505 2438 554 νῦν
2473 498 2604 579 ἕχον
2648 500 2745 558 τὴν
2790 497 3097 555 τελευταίαν
3142 494 3476 572 ἐπιδημήσειν
3508 493 3596 575 ἀφ’
3627 496 3785 570 ἡμῶν

421 605 552 648 sum
577 581 993 662 suscepturus?
1021 583 1123 642 Ille
1147 601 1286 642 vero
1311 583 1493 643 refert
1515 589 1566 643 ei
1585 583 1885 644 somnium
1912 603 2045 646 cum

2133 580 2440 668 ἐκδημίαν;
2500 591 2562 647 '0
2621 587 2700 662 δὲ,
2764 591 2857 645 τὸν
2915 589 3120 669 ὄνειρον
3180 592 3324 662 αὐτῷ
3376 585 3492 663 μεθ’
3543 586 3675 654 ὅσης
3720 585 3782 643 ἂν

421 693 597 758 quam
624 673 874 734 maxima
901 671 1516 751 potestaifectione,et
1547 674 1803 736 aflirmat
1823 694 1888 736 se
1920 695 2045 736 om-

2134 675 2319 740 εῗποῒς
2377 678 2648 757 διηγεῖται
2682 679 3054 757 περιπαθείας,
3110 679 3204 734 καί
3249 678 3436 754 ὅτιπερ
3485 677 3783 734 ἀποθανεῖ-

419 765 558 824 nino
583 760 736 822 haud
762 761 836 818 ita
862 760 1043 820 multo
1070 768 1200 837 post
1222 761 1738 833 moriturum,sive
1763 763 1866 824 hac
1893 783 2052 824 com-

420 851 582 914 muni
608 859 665 911 et
688 847 964 910 omnibus
988 849 1200 925 aequali
1236 861 1451 925 morte,
1485 853 1611 912 sive
1635 853 1832 931 aliqua
1852 854 2052 926 alia,et

416 941 532 1003 alio
566 939 765 1014 modo,
805 937 1160 999 moriturum
1203 951 1398 1002 autem
1436 942 1705 1004 omnino.
1745 941 2057 1003 Nesciebat

416 1031 865 1111 enim,quonam
893 1028 1067 1088 modo
1089 1030 1351 1102 aperiret
1371 1049 1677 1103 arcanum,
1703 1031 1862 1112 quod
1886 1033 2051 1093 scili-

415 1129 508 1184 cet
545 1119 805 1199 martyrii
829 1118 1196 1181 desiderium
1224 1121 1355 1200 ejus
1378 1121 1581 1183 animo
1607 1122 2054 1189 inhaesisset.ad

414 1210 572 1292 quod
593 1210 696 1272 ille
717 1209 1015 1271 referebat
1032 1210 1629 1274 somnia.Verebatur
1647 1213 1918 1283 enim,ne
1939 1212 2052 1274 for-

415 1309 472 1363 te
493 1300 568 1364 ad
600 1318 672 1361 eo
717 1299 1144 1378 corriperatur.
1180 1308 1238 1362 et
1286 1300 1374 1361 sic
1409 1301 1834 1381 refrigesceret
1875 1306 2055 1364 ardor

415 1392 545 1472 ejus
565 1389 837 1462 animi,et
859 1408 891 1450 a
913 1388 1089 1450 tantis
1112 1390 1326 1470 opibus
1344 1400 1402 1450 et
1419 1391 1701 1452 thesauro
1725 1392 2047 1457 excideret.

413 1480 582 1543 Tunc
614 1498 753 1558 ergo
805 1480 1181 1552 Anastasius,
1217 1499 1349 1540 cum
1386 1499 1520 1541 eum
1567 1491 1897 1561 praeceptor
1919 1483 2050 1562 ejus

412 1571 616 1632 multis
648 1585 703 1631 et
740 1569 854 1649 piis
885 1569 1123 1630 monitis
1155 1581 1313 1631 esset
1337 1571 1704 1644 consolatus,
1730 1574 2052 1635 matutinas

411 1658 912 1743 psalmodiasDeo
935 1659 1132 1720 reddit
1155 1679 1288 1721 cum
1315 1659 1848 1723 fratribus.l)einde
1871 1662 2047 1726 etiam

411 1769 545 1814 cum
569 1767 802 1812 sacrum
824 1748 1236 1810 celebraretur
1261 1751 1856 1831 tnysteriutn,divinis
1878 1772 1944 1814 co
1957 1772 2048 1814 m-

2137 785 2221 820 ται
2268 770 2478 833 πάντως
2523 769 2582 824 οὗ
2636 770 2769 844 μετὰ
2829 769 2964 824 πολὺ
3021 766 3369 846 διατείνεται,
3403 765 3515 822 εἴτε
3548 768 3642 822 τὸν
3670 785 3784 821 κοι⁸

2139 857 2226 909 νὸν
2280 853 2345 922 δὴ
2399 865 2585 915 τοῦτον
2641 860 2728 914 καὶ
2783 857 2908 913 ’ίσον
2965 869 3084 921 τοῖς
3118 856 3346 920 πολλοῖς
3381 856 3628 933 θάνατον,
3667 853 3782 912 εἴτε

2139 945 2255 1001 τινὰ
2315 945 2477 1002 ἄλλον
2535 950 2620 1006 καὶ
2665 949 2862 1024 τρόπον
2915 946 3120 1023 ἕτερον,
3185 946 3536 1002 ἀποθανεῖται
3585 942 3630 1000 δ’
3689 945 3778 1001 οὖν

2139 1031 2287 1108 ὅμως
2322 1051 2336 1066 ⁸
2385 1038 2445 1092 οὗ
2471 1038 2569 1115 γὰρ
2601 1038 2762 1116 εἶχεν
2822 1035 2971 1100 ὅπως
3024 1035 3403 1114 ἀπογυμνώσει
3434 1040 3672 1114 φανερῶς
3715 1035 3778 1090 τὸ

2138 1123 2461 1202 ἀπόρῤητον,
2507 1130 2700 1190 ὁποῖος
2744 1127 2840 1182 ἀπ’
2899 1127 3077 1206 ἀρχῆς
3139 1124 3269 1204 ἔρως
3314 1125 3456 1198 αὗτῷ
3493 1126 3780 1204 μαρτυρίου

2137 1217 2388 1287 ἐντέτηκε
2451 1225 2517 1296 τῇ
2573 1226 2750 1301 ψυχῇ,
2816 1222 2947 1298 πρὸς
3003 1219 3063 1274 ὃν
3119 1219 3329 1280 ἐκεῖνος
3381 1217 3599 1295 ἀνέφερε
3656 1221 3778 1282 τους

2135 1308 2390 1387 ὀνείρους,
2425 1307 2642 1366 Ἐδεδίει
2689 1311 2789 1388 γὰρ
2821 1309 2899 1384 μὴ
2945 1310 3033 1365 καὶ
3081 1311 3252 1388 τυχὸν
3302 1308 3597 1383 ἐπιτιμηθῇ
3651 1305 3777 1386 παρ’

2134 1398 2318 1472 αὐτοῦ,
2369 1403 2454 1455 καὶ
2495 1407 2594 1468 τήν
2654 1401 2858 1480 θέρμην
2913 1399 3052 1455 οὕτω
3082 1404 3181 1465 τῆς
3213 1402 3401 1478 ψυχῆς
3435 1395 3775 1476 διαψυχραν-

2132 1489 2274 1568 θείη,
2321 1491 2409 1545 καὶ
2470 1488 2702 1547 πλούτου
2745 1489 2997 1546 τοσούτου
3039 1486 3282 1544 διαπέσοι
3338 1489 3428 1543 καὶ
3484 1489 3773 1565 θησαυροῦ.

2134 1577 2265 1635 Τότε
2318 1577 2415 1652 μὲν
2459 1582 2548 1635 οὖν
2581 1579 2941 1657 παρακληθεὶς
3005 1574 3356 1639 Ἀναστάσιος
3416 1576 3514 1642 τὴν
3561 1574 3775 1652 καρδίαν

2133 1665 2368 1732 πολλαῖς
2422 1667 2516 1725 τοῦ
2547 1665 2864 1726 διδασκάλου
2893 1667 2981 1724 καὶ
3041 1664 3302 1744 φιλοθέοις
3359 1677 3479 1726 ταῖς
3513 1663 3773 1740 παραινέ-

2133 1778 2274 1831 σεσι,
2307 1758 2400 1818 τὰς
2434 1759 2654 1822 ἑωθινὰς
2691 1755 3006 1834 ψαλμῳδίας
3060 1756 3177 1830 Θεῷ
3233 1755 3368 1830 μετὰ
3397 1761 3506 1811 τῶν
3534 1752 3776 1834 ἀδελφῶν

413 1841 676 1903 municat
700 1841 1085 1901 sacramentis
1120 1863 1131 1899 :
1179 1850 1236 1901 et
1287 1860 1418 1901 cum
1455 1859 1572 1902 una
1605 1861 1738 1902 cum
1771 1842 2045 1906 fratribus

2137 1845 2478 1909 ἀποδίδωσιν,
2543 1848 2678 1906 Ε’ίτα
2737 1848 2824 1902 καὶ
2880 1848 2978 1912 τῆς
3038 1847 3182 1922 ἱερᾶς
3242 1843 3538 1910 ἐπιστάσης
3599 1865 3774 1918 μυστ-

409 1930 745 1994 communis
797 1948 1020 1992 mensae
1051 1930 1259 1992 fuisset
1291 1929 1617 2012 particeps,
1651 1951 2050 2014 somnumque

411 2039 620 2102 parum
655 2019 901 2082 vidisset
930 2029 988 2081 et
1019 2021 1398 2094 surrexisset,
1427 2022 1709 2100 quoniam
1749 2024 2051 2086 nesciebat

407 2111 908 2194 quemadmodum
938 2121 1136 2190 posset
1156 2115 1537 2191 exstinguere
1555 2113 1859 2192 egregium
1881 2114 2046 2174 illum

403 2217 670 2264 amorem
695 2200 1044 2262 decertandi
1088 2211 1328 2280 propter
1366 2202 1692 2277 Christum,
1734 2203 1838 2264 sed
1871 2203 1944 2264 ab
1977 2221 2048 2265 eo

405 2308 511 2352 cor
540 2291 671 2372 ejus
696 2291 1089 2353 vehementer
1103 2291 1719 2371 accentleretur,clam
1746 2292 2050 2371 egreditur

409 2385 794 2452 monasterio,
831 2379 981 2440 nihil
1015 2398 1220 2441 secum
1252 2380 1453 2442 ferens
1483 2393 1704 2458 praeter
1733 2400 1802 2443 ea
1832 2383 2049 2463 quibus

408 2470 754 2533 necessario
785 2487 933 2550 opus
965 2469 1225 2532 habebat
1253 2470 1324 2533 ad
1378 2477 1788 2550 tegumentum
1833 2491 2045 2552 corpo-

405 2560 591 2636 poris.

442 2647 676 2712 Vlll.Et
699 2648 956 2729 primum
983 2648 1224 2726 quidem
1251 2667 1386 2709 cum
1407 2648 1670 2712 venisset
1690 2649 2042 2730 Diospolim,

405 2746 465 2801 et
498 2739 717 2800 deinde
751 2737 926 2797 etiatn
959 2737 1017 2796 in
1055 2738 1448 2818 montem,qui
1480 2739 1701 2801 dicitur
1724 2738 2040 2819 Charizim,

2137 1937 2398 2014 αγωγίας,
2429 1943 2535 1993 τῶν
2563 1938 2718 1993 θείων
2775 1938 3030 1992 κοινωνεῖ
3085 1935 3414 2012 μυστηρίων,
3467 1933 3556 1990 καὶ
3583 1937 3772 2000 κοινῆς

2133 2039 2250 2092 τοῖς
2309 2025 2566 2105 ἀδελφοῖς
2600 2026 2868 2105 τραπέζης
2899 2024 3255 2105 μεταλαχὼν,
3286 2024 3465 2103 βραχύ
3493 2043 3550 2079 τε
3583 2024 3772 2101 γευσά-

2133 2137 2293 2191 μενος
2351 2116 2540 2192 ῧπνου,
2598 2118 2687 2172 καὶ
2715 2113 3037 2194 Δδιαναστὰς,
3083 2113 3197 2171 ἐπεὶ
3269 2113 3363 2169 οὒκ
3416 2117 3577 2192 εἶχεν
3624 2111 3772 2178 ὅπως

2131 2208 2254 2270 τοὺς
2317 2205 2508 2272 καλοὺς
2567 2206 2800 2270 ἐκείνους
2858 2201 3175 2264 κατασϐέσει
3232 2205 3331 2272 τῆς
3403 2201 3490 2258 διὰ
3551 2205 3776 2282 Χριστὸν

2132 2294 2409 2365 ἀθλήσεως
2452 2294 2678 2374 ἔρωτας,
2711 2294 2850 2351 ἀλλὰ
2881 2293 3119 2375 σφοδρῶς
3171 2291 3259 2350 ὑπ’
3313 2294 3487 2350 αὐτῶν
3517 2291 3776 2368 ἐπίπρατο

2133 2388 2231 2451 την
2311 2383 2551 2466 καρδίαν,
2630 2384 2895 2450 ὑπέξεισιν
2961 2385 3178 2462 ἀφανῶς
3235 2385 3330 2439 τοῦ
3385 2382 3772 2459 μοναστηρίου,

2133 2472 2301 2549 μηδὲν
2360 2475 2696 2552 ἐπαγόμενος
2751 2473 2910 2531 πλέον
2943 2475 2986 2529 εἷ
3019 2474 3094 2548 μὴ
3125 2475 3200 2528 ὢν
3231 2473 3532 2550 ἀναγκαίως
3561 2471 3646 2527 διὰ
3678 2471 3774 2538 τήν

2132 2587 2226 2622 του
2255 2564 2505 2640 σώματος
2537 2561 2892 2642 περιϐεϐλητο
2921 2563 3150 2630 σκέπην,

2211 2649 2302 2717 ΕΓ.
2370 2657 2466 2714 Καὶ
2524 2659 2708 2733 πρῶτα
2763 2654 2862 2712 μὲν
2907 2655 2982 2718 εἰς
3031 2651 3320 2710 Διόσπολιν
3367 2649 3558 2724 ἐλθὼν,
3591 2650 3776 2708 ἔπειτα

2131 2743 2185 2800 δὲ
2242 2747 2330 2802 καὶ
2388 2746 2460 2808 είς
2514 2746 2574 2800 τὸ
2633 2745 2841 2821 Γαριζὶν
2883 2742 3022 2799 οὕτω
3083 2741 3375 2822 λεγομενον
3433 2739 3556 2817 ὄρος
3601 2741 3776 2820 εὐχῆς

403 2827 688 2890 orationis
719 2824 904 2903 gratia
936 2835 993 2886 et
1025 2825 1488 2904 atlorationis,et
1518 2829 1739 2891 deinde
1763 2833 1938 2892 etiam
1972 2830 2044 2892 ad

2133 2835 2290 2914 χάριν
2320 2838 2410 2891 καὶ
2450 2836 2888 2913 προσκυνήσεως,
2924 2835 3011 2890 καὶ
3060 2847 3180 2896 τοῖς
3212 2831 3426 2895 λοιποῖς
3458 2831 3578 2887 ἐκεῖ
3608 2827 3776 2886 σεϐα-

405 2926 784 2996 ceetera,quze
815 2915 932 2975 illic
957 2924 1115 2987 sunt,
1156 2916 1282 2976 loca
1314 2919 1656 2980 veneranda
1687 2923 2044 2982 accessisset

2133 2926 2305 2998 σμίοις
2356 2925 2537 2992 τόποις
2569 2921 2920 3004 παραϐαλὼν,
2957 2925 3044 2979 καὶ
3099 2922 3266 3001 μέχρι
3325 2921 3645 3000 Καισαρείας
3673 2925 3775 2988 τῆς

405 3015 467 3068 et
495 3005 874 3086 pervenisset
905 3024 1092 3084 usque
1119 3007 1190 3068 ad
1222 3005 1557 3070 Caesaream
1600 3009 1950 3083 Palmstinte,
1984 3011 2044 3073 in

2133 3012 2489 3082 Παλαιστίνης
2546 3012 2885 3081 καταλαϐὼν,
3065 3013 3161 3080 τῆς
3197 3010 3461 3087 Παρθένου
3492 3012 3580 3068 καὶ
3638 3017 3773 3068 Θεο-

405 3097 628 3175 tentplo
661 3095 932 3176 Deiparae
963 3097 1206 3176 virginis
1238 3100 1475 3159 duobus
1506 3098 1719 3160 diebus
1746 3112 2040 3165 moratur:

2133 3105 2288 3161 τόκου
2347 3112 2457 3180 ναῷ
2511 3103 2652 3161 δυσὶν
2727 3104 2954 3181 ἡμέραις
3012 3098 3346 3181 ἐνδιατρίϐει.
3427 3101 3687 3159 Κάκεῖθεν
3745 3103 3774 3156 ὁ

407 3195 464 3248 et
482 3186 696 3248 exinde
720 3205 852 3246 eum
877 3188 1313 3264 turSusexcipit
1335 3188 1623 3268 templum
1645 3189 1807 3250 omni
1833 3208 1901 3252 ex
1920 3211 2045 3270 par-

2133 3197 2254 3259 ναὸς
2299 3195 2395 3262 τῆς
2426 3198 2775 3276 πανευφήμου
2827 3193 3046 3276 δέχεται
3079 3191 3241 3250 πάλιν
3274 3193 3432 3252 αὖτὸν
3468 3191 3770 3282 βύφηιείας,

406 3285 462 3338 te
489 3276 799 3338 laudanda:
852 3275 1219 3357 Euphemiaa.
1254 3277 1432 3338 veluti
1466 3276 1720 3355 quodam
1756 3279 1862 3342 vite
1893 3283 2045 3345 duce

2133 3285 2364 3364 καθάπερ
2407 3287 2510 3342 τινὶ
2552 3275 2778 3364 κρυφίως
2833 3283 3016 3363 ὁδηγῷ
3071 3283 3382 3364 χρώμενον,
3441 3279 3772 3339 ὃδοποιοῦντι

401 3374 664 3429 utentem
694 3367 1172 3443 clanculum.qui
1201 3366 1374 3447 plane
1397 3367 1528 3445 ejus
1551 3369 1844 3448 dirigebat
1874 3390 2042 3450 gres-

2133 3373 2246 3432 λίαν
2305 3373 2522 3451 ὁμαλῶς
2552 3378 2696 3433 αὒτω
2726 3375 2792 3431 τα
2835 3375 2966 3453 πρὸς
3015 3375 3076 3430 τὸ
3112 3373 3393 3452 μαρτύριεν
3438 3367 3770 3446 διαδήματα.

401 3476 505 3518 sus
529 3456 604 3518 ad
632 3455 1152 3536 martyrium.Nam
1174 3476 1306 3517 cum
1330 3457 2040 3544 accederet,utdixmius,

2133 3466 2338 3531 Παριὼν
2396 3465 2496 3543 γὰρ
2546 3465 2679 3543 πρὸς
2718 3466 2810 3521 τὸν
2851 3469 2953 3532 τῆς
3007 3463 3362 3543 πανευφήμου
3408 3463 3560 3537 ναὸν,
3593 3459 3774 3538 ὥσπερ

399 3545 472 3608 ad
502 3546 789 3626 templum
823 3545 986 3606 illius
1017 3565 1260 3628 semper
1323 3549 1637 3610 laudandae
1668 3547 2038 3631 Euphemite,

2133 3553 2356 3634 ἔφημεν,
2405 3557 2499 3633 ὁρᾷ
2546 3576 2696 3618 τινας
2761 3557 2871 3610 τῶν
2932 3559 3146 3632 Περσῶν
3203 3553 3409 3630 μάγους
3461 3551 3585 3630 περί
3622 3571 3773 3617 τινας

399 3635 560 3697 videt
589 3637 874 3716 quosdam
915 3635 1234 3699 Persarum
1258 3649 1797 3719 magosoccupatos
1819 3641 1877 3702 in
1905 3643 2042 3721 qui-

2133 3645 2379 3723 γοητείας
2411 3645 2852 3726 ἧσχολημὲνους,
2887 3645 2973 3701 καὶ
3003 3641 3170 3715 ζήλου
3201 3641 3299 3710 τὴν
3349 3641 3534 3721 ψυχὴν
3578 3639 3771 3704 εύθέως

399 3723 650 3787 busdam
683 3725 997 3805 prwstigiis
1030 3744 1042 3788 :
1105 3729 1352 3808 zeloque
1405 3729 1675 3808 protinus
1707 3734 2045 3794 concitatur

2133 3723 2686 3812 bnonlncﬂaieiﬁact
2743 3736 2844 3813 γὰρ
2901 3734 3003 3802 τὴν
3061 3731 3386 3800 ἀνοσιότητα
3437 3734 3525 3788 καὶ
3553 3730 3772 3810 μιαρίαν

399 3817 532 3896 ejus
580 3818 834 3878 animus.
897 3816 1136 3878 Sciebat
1190 3819 1382 3896 enim,
1438 3836 1614 3896 quam
1649 3837 1720 3880 ea
1749 3839 1849 3882 res
1889 3831 2045 3884 esset

2133 3831 2219 3882 τοῦ
2277 3827 2617 3903 πράγματος,
2665 3825 2772 3881 ἀπὸ
2814 3830 2907 3882 τοῦ
2959 3827 3058 3880 καὶ
3121 3821 3280 3886 αὐτός
3335 3841 3467 3879 ποτε
3499 3819 3771 3886 τοιαύταις

399 3907 584 3988 impia
615 3917 673 3966 et
700 3908 1096 3976 scelerata,eo
1129 3907 1288 3984 quod
1321 3912 1445 3984 ipse
1477 3927 1717 3988 quoque
1743 3909 1804 3970 in
1833 3929 1905 3972 ea
1937 3911 2044 3974 im-

399 3997 588 4076 proba
615 4007 740 4055 arte
771 4009 926 4055 esset
957 4004 1246 4056 versatus.
1281 3994 1590 4070 Quaenam,
1627 3997 1847 4080 inquit,
1885 4009 2046 4065 tanta

399 4085 594 4160 caligo
627 4085 837 4144 vestris
867 4083 1054 4144 offusa
1102 4094 1192 4145 est
1253 4085 1469 4159 oculis,
1507 4095 1570 4146 ut
1601 4106 1675 4149 ne
1701 4107 1770 4151 ea
1801 4091 2040 4171 quidem

400 4172 870 4253 aspiciatis,qute
890 4185 1026 4236 ante
1052 4185 1280 4236 vestros
1315 4177 1499 4250 pedes
1522 4175 1634 4238 sita
1657 4189 2040 4262 sunt,quem-

399 4262 720 4324 admodum
757 4265 814 4322 in
851 4264 1190 4352 universum
1222 4265 1453 4327 scilicet
1485 4279 1574 4327 est
1605 4269 2043 4352 deceptioquaa

401 4360 660 4412 vestram
718 4351 1012 4412 levitatem
1071 4351 1409 4415 ludificatur
1469 4363 1527 4415 et
1555 4351 1945 4433 facilitatem,
1986 4369 2044 4422 et

402 4459 633 4514 eorum,
663 4459 810 4520 quos
829 4459 927 4503 vos
951 4461 1154 4503 rursus
1175 4446 1248 4504 ad
1270 4443 1547 4506 eumdem
1573 4445 1877 4510 Vobiscum
1900 4468 2040 4512 cor-

2128 3911 2432 3993 ὲντριϐἧναι
2460 3914 2990 3994 κακοτεχνίαις),ἰ“ίς
3020 3913 3054 3980 ἡ
3088 3911 3346 3985 τοσαύτη,
3375 3911 3564 3992 φησὶν,
3597 3908 3769 3990 ἀχλὺς

2127 4003 2163 4072 ἢ
2222 4012 2328 4062 τῶν
2382 4007 2651 4084 ὑμετέρων
2702 4003 2990 4084 ὀφθαλμῶν
3044 4001 3436 4082 κατακέχυται,
3502 4002 3577 4066 ὡς
3631 3997 3769 4076 μηδὲ

2129 4095 2259 4165 πρὸς
2315 4096 2445 4154 αὔτα
2501 4093 2789 4162 δυνηθῆναί
2840 4115 2970 4152 ποτε
3027 4095 3092 4150 τὰ
3147 4092 3202 4148 ἐν
3273 4091 3398 4149 ποσὶ
3456 4089 3765 4165 διαϐλέψαι,

2125 4184 2274 4248 ὅπως
2333 4185 2514 4252 ἀπάτη
2559 4188 2620 4241 τὸ
2683 4183 2810 4242 ὅλον
2853 4183 2964 4241 ἐστὶ
3021 4188 3118 4250 της
3179 4181 3439 4261 sane?“
3492 4179 3768 4260 εὐχερείας

2125 4275 2212 4330 καὶ
2264 4276 2592 4355 κουφότητος
2649 4275 3070 4345 καταπαίζουσα,
3129 4273 3219 4330 καὶ
3261 4273 3336 4326 ὧν
3392 4269 3555 4328 πάλιν
3611 4271 3769 4344 ὑμεῖς

2127 4365 2256 4442 πρὸς
2300 4364 2398 4432 τὴν
2431 4364 2597 4432 αὒτὴν
2627 4363 2898 4420 ἀπώλειαν
2929 4362 3288 4433 συναρπάζετε
3323 4381 3341 4432 ;
3381 4360 3593 4426 Ταύτην
3625 4358 3770 4416 ἀκεῖ-

2126 4475 2206 4510 νοι
2239 4455 2334 4522 τὴν
2365 4453 2660 4532 παρῥησίαν
2689 4453 3152 4533 καταπλαγεντες,
3181 4460 3258 4517 τίς
3295 4472 3352 4508 τε
3383 4450 3502 4530 εἴη,
3534 4452 3624 4506 καὶ
3652 4447 3769 4506 ὅθεν

401 4529 598 4623 ri‘pitis
651 4532 1004 4594 interitum?
1036 4532 1198 4594 lianc
1249 4534 1333 4594 illi
1377 4533 1658 4598 admirati
1693 4549 1748 4598 in
1783 4539 2040 4601 dicendo

2133 4529 2506 4623 mutumstpr
2535 4545 2721 4610 αύτοίις
2781 4529 2968 4601 εἰπεῖν-
2987 4543 3288 4623 προαχθείη
3337 4529 3766 4599 διεπυνθάνοντο.

403 4620 739 4682 libertatem
771 4629 830 4684 et
859 4623 1190 4697 audaciam,
1218 4632 1508 4703 rogarunt
1545 4625 1818 4705 quisnam
1856 4638 2036 4704 esset,

403 4718 460 4771 et
483 4710 624 4790 quid
645 4730 776 4771 eum
805 4711 1236 4792 impulisset,ut
1259 4716 1382 4776 haec
1405 4714 1637 4776 diceret
1669 4717 1774 4779 [lle
1791 4731 1990 4781 autem
2023 4741 2035 4778 :

398 4799 508 4861 Fui
537 4819 644 4879 ego
667 4821 928 4883 quoque.
963 4804 1508 4884 ittquit,a|iquando
1534 4807 1700 4868 vobis
1718 4809 1957 4885 similis,
1983 4817 2041 4872 et

2129 4625 2186 4693 Ὀ
2229 4632 2308 4708 δὲ,
2357 4621 2454 4691 Ἦν
2483 4656 2613 4692 ποτε
2643 4633 2798 4712 κάγὼ
2825 4633 2943 4692 καθ’
2977 4621 3300 4712 ὑμᾶςξέφη,
3345 4631 3436 4687 καὶ
3473 4630 3571 4698 τὴν
3603 4627 3768 4696 αὐτὴν

2124 4725 2430 4799 ⁴ἦπατώμην
2461 4724 2700 4804 ἀπάτην,
2749 4725 2836 4780 καὶ
2895 4723 3168 4801 γοητείαις
3205 4733 3329 4784 ταῖς
3365 4723 3556 4784 αύταϊς
3588 4739 3767 4796 προσ-

2123 4815 2369 4889 εκείμην.
2417 4816 2590 4872 Ταῦτα
2635 4812 2963 4892 θαῤῥούντως
3011 4812 3115 4887 ἔφη
3153 4832 3163 4844 ·
3214 4809 3385 4887 μηδὲν
3415 4812 3484 4887 τῇ
3512 4809 3574 4866 ἐκ
3636 4807 3768 4865 παί-

403 4889 614 4952 eodem
641 4889 825 4953 falsus
847 4905 1145 4967 errore,et
1167 4895 1396 4956 eisdem
1423 4895 1559 4956 dedi
1585 4915 1828 4976 Operam
1852 4918 2038 4980 pries-

2133 4902 2224 4960 Βων
2281 4901 2494 4976 ἀσεϐείᾳ
2545 4903 2633 4960 καὶ
2686 4889 2804 4970 τοῖς
2838 4911 2933 4962 τοῦ
2989 4901 3245 4982 προτέρου
3287 4902 3404 4978 βίου
3461 4897 3766 4975 μολυσμοτς

403 4982 712 5057 ιίςίἱεᾘωο
733 4985 1005 5043 audacter
1021 4991 1318 5053 dixit,cum
1346 4988 1489 5044 nihil
1509 5006 1634 5046 eum
1653 4991 1887 5061 puderet
1902 5007 2040 5060 suae,

401 5084 573 5140 quam
597 5073 668 5126 ab
693 5073 928 5129 ineunte
949 5081 1106 5128 aetate
1147 5088 1377 5143 accepet
1395 5084 1473 5136 at.
1505 5075 1810 5145 impietatis
1833 5089 1887 5135 et
1916 5094 2042 5136 sor-

402 5153 565 5216 dium
584 5155 720 5217 vitae
743 5157 978 5236 prioris:
1006 5158 1110 5218 sed
1134 5158 1329 5236 potius
1348 5159 1886 5242 gloriareturquod
1905 5165 1960 5225 in
1981 5165 2037 5227 fi.

402 5249 530 5306 dem
553 5258 704 5307 esset
729 5251 1037 5308 translatus
1055 5259 1110 5308 et
1131 5267 1299 5310 Sacro
1348 5267 1460 5309 sset
1480 5254 1762 5323 baptismo
1785 5259 2038 5317 ablutus.

2127 4995 2543 5074 αίσχυνόμενος,
2577 4992 2716 5050 ἄλλα
2764 5000 2832 5072 τῇ
2863 4991 3139 5069 μεταθέσει
3171 4991 3379 5069 μᾶλλον
3408 4989 3505 5058 τῆς
3537 4989 3768 5053 πίστεως

2127 5085 2214 5140 καὶ
2266 5083 2335 5152 τῆ
2391 5081 2643 5140 ἱκπλύσει
2685 5094 2779 5144 τοὺ
2819 5085 2961 5162 ἱεροῦ
3019 5083 3393 5160 βαπτίσματος
3424 5079 3762 5155 σεμνυνόμε-

2129 5195 2242 5239 νος.
2303 5174 2440 5232 Εἶτα
2498 5176 2586 5230 καὶ
2629 5174 2863 5253 μακροὺς
2923 5172 3250 5242 κατατείνειν
3292 5169 3491 5250 ἤρξατο
3546 5166 3763 5245 λόγους,

2125 5266 2186 5321 τὸ
2247 5267 2480 5340 μυσαρὸν
2539 5275 2630 5324 τοῦ
2686 5265 3002 5343 πράγματος
3061 5261 3318 5341 διασύρων
3350 5263 3439 5317 καὶ
3467 5265 3567 5326 τὴν
3595 5258 3765 5335 ὑπερ-

401 5331 633 5395 Deiude
666 5336 890 5414 prolixa
921 5337 1102 5416 cmpit
1130 5335 1213 5396 uti
1245 5337 1672 5403 oratione.rem
1701 5361 1833 5403 esse
1863 5362 2040 5406 exse-

2133 5331 2288 5422 Ξολην
2344 5331 2443 5422 της
2531 5331 2754 5417 ἀτοπίας
2811 5331 3054 5420 ’ἔκδηλον
3111 5331 3388 5430 καθίστᾶς,
3454 5350 3541 5405 καὶ
3597 5331 3767 5410 οὕτως

404 5427 682 5483 orandam
709 5443 961 5499 arguens
986 5444 1018 5486 e
1063 5445 1236 5502 quam
1268 5445 1413 5488 esset
1442 5436 1744 5504 insigniter
1767 5435 2036 5505 absurda,

2133 5443 2300 5523 ἠρέμα
2361 5445 2662 5522 παρατιθεὶς
2721 5444 2908 5500 ἑαυτὸν
2998 5443 3222 5506 ἐκείνοις
3295 5427 3628 5524 ὒπύδειγμα,
3681 5435 3768 5491 καὶ

402 5514 705 5592 aperiens,
751 5522 809 5574 et
851 5514 938 5576 sic
967 5516 1245 5595 paulatim
1280 5516 1544 5596 seipsum
1578 5519 1665 5580 eis
1696 5525 2036 5604 exemplum

2133 5514 2254 5612 πρὸς
2311 5534 2407 5600 τὴν
2437 5514 2597 5600 ’ἴσην
2654 5533 2844 5602 αὐτοὺς
2900 5533 2989 5590 Eni
3045 5533 3111 5588 τὰ
3167 5531 3392 5609 κρείττω
3456 5514 3764 5598 μεταϐολὴν

403 5604 732 5686 adducens,
787 5616 848 5668 et
903 5608 1180 5671 similiter
1207 5628 1308 5671 eos
1341 5611 1596 5675 invitans
1621 5614 1693 5675 ad
1729 5617 2036 5680 meliorem

2133 5604 2542 5700 ίκκαλούμενος.
2592 5626 2652 5680 Οἱ
2707 5621 2763 5678 δὲ
2808 5623 2867 5680 ού
2923 5622 3088 5697 μόνον
3145 5604 3276 5696 πρὸς
3343 5624 3506 5674 ταῦτα
3559 5625 3766 5692 κωφοῖς

409 5699 820 5762 mutationem.
869 5700 963 5763 llli
992 5715 1188 5766 autem
1236 5724 1356 5768 non
1388 5708 1580 5773 solum
1611 5709 1682 5772 ad
1716 5710 1840 5773 hec
1871 5713 2037 5776 fuere

2133 5699 2412 5787 ἑώκεισαν,
2473 5712 2610 5769 ἀλλὰ
2653 5714 2741 5768 καὶ
2784 5709 2957 5779 ἠξίουν
3009 5713 3099 5766 τὸν
3149 5708 3305 5788 ἄνδρα
3361 5705 3506 5784 μάλα
3556 5707 3764 5786 θερμῶς
