4104 6198
341 315 460 380 785
1474 317 1661 380 νΙΤΑ
1725 318 1784 378 8.
1844 317 1996 380 ΑΝΑ

2084 316 2250 378 ἊΒΙΙ
2305 313 2587 378 ΡΕΗΒᾸΞ.
3600 312 3718 381 786

343 453 423 528 μη
483 451 649 517 οὕτως
706 447 926 518 ἀναίδην
984 450 1049 506 τὰ
1104 450 1272 524 σεμνὰ
1319 451 1586 532 φαυλίζειν
1633 457 1848 530 Περσῶν
1905 451 1991 507 καὶ

2084 449 2274 511 surdis
2305 449 2555 528 similes,
2589 447 2695 510 sed
2728 465 2863 509 eum
2915 445 3094 508 etiam
3123 447 3512 510 vehementer
3539 465 3719 528 roga-

342 543 415 608 είς
449 540 656 621 χλεύην
680 553 795 605 τοῖς
830 538 1056 605 πολλοῖς
1087 541 1340 604 τίθεσθαι,
1367 540 1634 603 Ἐντεῦθεν
1664 544 1692 599 ὁ
1721 541 1884 606 καλὸς
1908 547 1984 615 τῷ

2084 545 2226 601 runt.
2266 557 2340 600 ne
2376 547 2491 600 tam
2523 537 2930 617 impudenter,
2965 555 3096 617 quas
3126 545 3265 598 sunt
3293 537 3450 617 apud
3504 539 3722 602 Persas

339 631 452 690 ὄντι
509 632 598 689 καὶ
669 631 913 694 ποθεινὸς
984 628 1334 697 Ἀναστάσιος
1415 636 1547 712 πρὸς
1618 633 1681 690 τὸ
1762 632 1985 711 τερπνὸν

2084 629 2890 710 praeclara,contemneret,et
2915 631 2973 688 in
3007 627 3222 704 Vulgus
3243 628 3545 690 irritlenda
3575 649 3719 709 pro-

339 721 592 800 ἠπείγετο
633 726 726 779 τοῦ
754 720 1036 800 μσρτυρὶου
1066 719 1367 798 κατάλυμα.

423 983 506 1055 ϐ’.
569 990 642 1050 Οὔ
671 989 809 1047 πολὺ
856 989 912 1047 δὲ
956 993 1126 1050 αὒτῶν
1157 988 1417 1048 διεστῶτα
1464 991 1660 1054 ἰδόντες
1703 993 1840 1055 τινὲς
1899 992 1988 1048 τὸν

343 1081 504 1158 ἄνδρα
563 1087 668 1137 τῶν
725 1081 965 1152 συνήθως
1029 1081 1172 1158 παρὰ
1245 1080 1469 1160 Πέρσαις
1527 1081 1832 1162 λεγομένων
1883 1103 1984 1138 κα·

341 1169 642 1249 ϐαλϐαρίων
713 1171 816 1248 πρὸ
872 1169 965 1226 τοῦ
1021 1168 1216 1248 Δέϐρας
1276 1173 1594 1253 καθήμενοι,
1645 1173 1825 1252 ὥσπερ
1867 1178 1992 1250 γοῦν

342 1265 432 1321 καὶ
481 1260 698 1318 εἰώθασι
738 1259 918 1340 (τοῦτο
973 1258 1028 1316 δέ
1055 1263 1170 1318 εστι
1230 1263 1549 1340 πραιτώριον
1583 1270 1672 1320 τοῦ
1722 1261 1991 1336 καλουμέ-

346 1376 442 1410 νου
505 1349 635 1430 παρ’
696 1355 873 1417 αὐτοις
929 1339 1279 1432 σελλαρίου),
1311 1339 1483 1412 Ἠπου
1525 1350 1772 1430 δηλάτωρ
1843 1352 1994 1417 οὗτός

343 1445 514 1522 ἔστιν,
545 1440 749 1520 ἔφησαν
803 1442 933 1519 πρὸς
966 1441 1183 1504 ἑαυτοὺς
1243 1447 1312 1518 τῇ
1355 1449 1571 1517 Περσῶν
1601 1442 1887 1515 διαλέκτῳ,
1935 1441 1993 1500 Ὀ

343 1531 399 1590 δέ
444 1531 540 1589 τοῦ
579 1531 820 1610 ῥήματος
851 1531 1242 1606 ὑπαισθόμενος
1301 1534 1390 1589 καὶ
1447 1533 1546 1600 τὴν
1603 1533 1844 1611 γλῶτταν
1903 1535 1995 1590 οὒκ

344 1621 637 1700 ἀγνοήσας,
674 1621 770 1678 οἷα
832 1619 1037 1700 Πέρσης
1069 1623 1157 1678 καὶ
1201 1623 1358 1687 αὐτὸς
1411 1622 1509 1698 ὢν,
1544 1625 1630 1680 καὶ
1673 1623 1853 1704 φωνὴν
1896 1643 1995 1689 την

347 1711 514 1779 αὒτὴν
575 1710 796 1775 ἐκείνοις
853 1708 1292 1790 πεφαιδευμένος,
1325 1710 1481 1789 δριμύ
1537 1735 1592 1770 τι
1639 1711 1754 1769 λίαν
1809 1714 1993 1774 αἱτοῖς

2070 715 2582 799 poneret.Exinde
2607 717 2706 779 ille
2735 737 2874 780 vere
2898 717 3176 795 egregius
3207 727 3263 776 et
3298 717 3717 782 desiderabilis

2075 806 2424 869 Anastasius
2455 807 2772 871 festinabat
2802 809 2876 870 ad
2909 805 3267 870 delectabile
3298 817 3357 868 et
3379 808 3718 887 jucundum

2075 897 2336 978 martyrii
2371 897 2714 978 hospitium.

2147 991 2232 1049 IX.
2267 991 2404 1048 Cum
2431 1005 2548 1049 non
2573 992 2743 1065 longe
2765 1001 2955 1050 autem
2982 1008 3010 1050 ο
3034 1007 3094 1047 se
3117 1001 3403 1049 remotum
3435 1007 3563 1049 eum
3587 995 3726 1064 qni-

2075 1075 2207 1137 :lam
2234 1075 2522 1138 vidissent
2554 1095 2621 1138 ex
2649 1077 2853 1158 iis,qni
2884 1077 3166 1139 dicuntur
3192 1096 3225 1137 a
3253 1079 3448 1139 Persis
3470 1078 3726 1142 caballa-

2075 1164 2172 1240 rii,
2199 1165 2483 1228 sedentes
2511 1167 2668 1248 apud
2705 1166 2958 1238 Derbos,
2989 1166 3144 1228 sicut
3185 1167 3359 1228 etiam
3388 1187 3723 1231 consnueve-

2077 1269 2212 1316 runt
2241 1260 2368 1328 (hoc
2396 1271 2583 1318 autem
2611 1268 2697 1318 est
2727 1262 3057 1330 pratorium
3090 1259 3234 1330 ejus,
3261 1263 3350 1315 cui
3385 1260 3537 1332 apud
3567 1261 3727 1332 ipsos

2077 1343 2291 1405 dicitar
2315 1344 2610 1414 sellarius)
2637 1366 2653 1420 ;
2705 1348 2884 1406 Certe
2916 1345 3014 1406 hic
3047 1353 3135 1405 est
3165 1345 3419 1426 delator,
3451 1345 3729 1409 dixerunt

2078 1433 2239 1494 inter
2265 1452 2332 1496 se
2364 1452 2644 1497 sermone
2677 1434 2940 1498 Persico.
2974 1433 3081 1496 llle
3112 1452 3250 1495 vero
3279 1453 3416 1496 cum
3479 1435 3727 1498 verbum

2079 1523 2392 1598 sensisset,
2431 1534 2488 1586 et
2520 1525 2782 1603 linguam
2820 1543 2936 1585 non
2990 1525 3342 1602 ignorasset,
3376 1531 3438 1584 ut
3467 1526 3567 1606 qui
3597 1526 3728 1607 ipse

2079 1631 2321 1694 quoque
2364 1622 2523 1676 esset
2554 1618 2755 1692 Persa,
2793 1624 2849 1674 et
2901 1615 2959 1675 in
2993 1613 3200 1675 eadem
3250 1632 3414 1684 voce,
3451 1634 3570 1693 qua
3620 1616 3728 1694 illi,

2082 1703 2488 1774 eruditus,eos
2510 1713 2676 1764 torve
2698 1714 2753 1765 et
2778 1705 2997 1766 acriter
3021 1705 3280 1764 intuens:
3306 1702 3434 1765 Non
3458 1723 3586 1766 sum
3620 1706 3732 1768 de-

343 1803 434 1860 καὶ
467 1802 656 1877 πικρὸν
686 1799 990 1881 ὶμϐλέψας,
1023 1803 1096 1859 Οὐ
1126 1799 1377 1878 δηλάτωρ
1407 1804 1603 1882 ἔγωγε,
1649 1803 1798 1859 εῐπε⁹
1833 1802 1993 1880 γῆρος

2084 1792 2257 1884 lator,
2296 1793 2528 1870 inquit;
2564 1803 2695 1854 sunt
2729 1794 2876 1884 haec,
2914 1793 3128 1874 inquit,
3157 1813 3329 1872 nugze
3361 1803 3418 1856 et
3447 1794 3730 1884 ineptias:

344 1897 504 1949 τοῦτο
557 1892 644 1948 καὶ
677 1889 924 1971 φλυαρία·
960 1889 1142 1956 δοῦλος
1191 1889 1483 1966 δὲμᾶλλον
1529 1891 1706 1960 ἰησοῦ
1751 1895 1995 1972 Χριστοῦ,

347 1983 434 2039 καὶ
507 1979 695 2056 πολλῷ
751 2002 812 2058 γε
866 1979 1089 2057 βελτίων
1146 1983 1317 2057 ὑμῶν,
1379 1984 1422 2038 εί
1479 1983 1572 2039 καῖ
1653 1985 1808 2046 αὐτός
1867 2002 1996 2038 ποτε

349 2070 469 2128 καθ’
528 2071 662 2145 δμᾶς
722 2068 989 2148 ἐγεγόνειν
1043 2071 1126 2126 καὶ
1169 2069 1311 2136 τάξει
1356 2076 1422 2148 τῇ
1465 2077 1572 2128 τῶν
1627 2068 1997 2149 καϐαλλαρίιυν

352 2159 717 2235 ὶξησαζόμην,
795 2160 1006 2218 Τούτων
1077 2159 1276 2217 ἐκεῖνοι
1348 2161 1686 2242 ἀκούσαντες,
1745 2163 1833 2218 καὶ
1895 2163 1996 2227 τῆς

347 2248 600 2328 καθέδρας
659 2251 803 2314 εὖθὺς
863 2248 1178 2324 ἔξαλάμενοι
1239 2250 1508 2330 κατέσχον
1570 2253 1749 2323 αὐτὸν,
1812 2251 1998 2308 ἔπειτα

347 2341 436 2396 καὶ
480 2347 556 2414 τῷ
622 2337 884 2416 σελλαρίῳ
925 2339 1286 2418 είσαγγελθὲν,
1348 2340 1507 2406 ἔξεισι
1581 2343 1834 2406 κάκεῖνος
1906 2349 2001 2399 τοῦ

347 2428 693 2507 πραιτωρίου,
727 2429 815 2484 καὶ
858 2427 1138 2485 ἆνακοίνας
1184 2432 1340 2488 αὐτὸν
1397 2429 1541 2492 ὅστις
1590 2430 1708 2510 εἴη,
1741 2431 1828 2486 καὶ
1885 2431 2001 2488 ὅθεν

344 2519 493 2591 ἧκοι,
525 2520 614 2574 καὶ
671 2519 842 2574 πάντα
887 2519 979 2574 τὺν
1033 2517 1272 2598 ἀκριϐείᾳ
1318 2521 1383 2576 τὰ
1439 2519 1556 2576 κατ’
1604 2521 1760 2577 αὐτὸν
1813 2519 1996 2586 ἐξετα-

350 2630 445 2670 σας
504 2605 684 2663 δίδωσι
718 2611 995 2685 τηρεῖσθαι
1028 2609 1119 2664 τὸν
1167 2607 1521 2666 Ἀναστάσιον
1549 2610 1650 2666 ὑπὸ
1707 2616 1902 2689 φρουρᾷ
1933 2616 1998 2686 τῇ

347 2693 752 2777 ἀσφαλεστάτῃ’
784 2695 837 2751 ἒν
866 2699 902 2773 ᾖ
946 2698 1034 2754 καὶ
1064 2699 1137 2753 εἷς
1169 2697 1352 2772 τρίτην
1381 2698 1609 2776 ἡμέραν,
1643 2695 1766 2764 ἑξῆς
1823 2720 1997 2754 κατα-

350 2785 730 2861 κεκλεισμένος
781 2785 1042 2866 Ιῆν],οότε
1070 2788 1275 2865 βρωτὸν
1325 2786 1440 2844 οὔτε
1471 2789 1636 2844 ποτὸν
1664 2785 1774 2844 οὔδ’
1825 2788 1998 2845 ὁτιοῦν

348 2874 476 2953 παρ’
541 2877 708 2932 οὔτῶν
737 2877 876 2937 ὅλως
907 2877 1193 2955 προσέσθαι
1252 2877 1538 2957 ἠνέσχετο·
1577 2875 1700 2933 ἀλλ’
1749 2877 2000 2956 ἄγευστος

347 2965 488 3023 οὕτω
548 2967 893 3022 παντάπασιν
947 2967 1001 3022 ἐν
1061 2972 1130 3042 τῇ
1187 2966 1398 3046 φυλακῇ
1441 2971 1748 3048 καθεῖρκτο,
1777 2968 1998 3046 προσδο-

341 3057 428 3129 κίᾳ
498 3056 636 3132 μόνῃ
710 3062 812 3112 τῶν
883 3054 1191 3130 μελλοντων
1249 3057 1380 3133 ὑπὲρ
1441 3060 1670 3134 Χριστοῦ
1741 3057 2000 3114 κινδύνων

346 3147 700 3225 τρεφόμενος.
763 3144 900 3213 Ὀδη
958 3143 1012 3202 δὲ
1057 3152 1150 3203 τοῦ
1217 3144 1530 3226 Μαρζαϐανὰ
1583 3153 1684 3216 τῆς
1743 3147 1998 3223 ἐκδημίας

2083 1881 2188 1945 sed
2215 1885 2409 1962 potius
2429 1902 2635 1946 servus
2655 1885 2797 1947 Je>u
2821 1883 3133 1954 Christi,et
3154 1884 3318 1945 vobis
3342 1883 3583 1964 quidem
3613 1905 3736 1948 me-

2083 1971 2231 2036 lior:
2267 1972 2566 2056 siquidem
2596 1993 2833 2054 quoque
2856 1973 2939 2035 fui
2976 1973 3296 2054 aliquando
3324 1974 3482 2035 sicut
3514 1993 3639 2049 vos,
3675 1983 3734 2037 et

2080 2062 2141 2123 in
2176 2061 2638 2124 caballariorum
2670 2082 2983 2126 numerum
3026 2063 3108 2124 fui
3134 2063 3371 2124 relatus.
3407 2062 3546 2126 Ilaac
3593 2083 3732 2127 eum

2082 2151 2166 2213 illi
2194 2153 2590 2225 audissent,et
2614 2172 2646 2214 e
2667 2153 2951 2215 cathedra
2973 2155 3171 2214 statim
3206 2154 3738 2228 exsiliissent,cum

2086 2243 2498 2304 detinuerunt.
2537 2243 2768 2306 Deinde
2799 2263 2932 2306 cum
2975 2244 3215 2306 sellario
3248 2263 3487 2325 quoque
3535 2244 3744 2307 fuisset

2084 2334 2524 2405 annuntiatum,
2563 2337 2873 2412 egreditur
2895 2334 3068 2394 etiam
3094 2333 3194 2394 ille
3226 2352 3294 2394 ex
3320 2334 3598 2412 praetorio
3635 2353 3648 2398 :
3682 2343 3743 2396 et

2085 2440 2245 2503 cum;
2280 2428 2552 2504 quisnam
2581 2425 2629 2484 is
2653 2433 2837 2496 esset,
2872 2423 3321 2498 interrogasset,
3347 2436 3405 2484 et
3433 2424 3741 2484 undenam

2088 2511 2338 2587 veniret,
2375 2522 2434 2572 et
2465 2531 2596 2592 quas
2627 2513 2701 2573 ad
2745 2512 2943 2592 ipsum
2981 2511 3386 2592 pertinebant,
3419 2511 3744 2590 diligenter

2085 2605 2508 2676 examinasset,
2537 2602 3014 2663 datservandum
3045 2601 3421 2662 Anastasium
3448 2601 3508 2662 in
3532 2609 3738 2664 custo-

2084 2691 2182 2753 dio
2211 2692 2530 2754 tutissima.
2561 2691 2623 2754 In
2645 2694 2900 2774 quajam
2931 2706 3054 2753 tres
3074 2692 3203 2754 dies
3227 2691 3514 2768 inclusus,
3539 2711 3736 2773 neque

2083 2781 2309 2855 cibum,
2347 2801 2544 2864 neque
2572 2794 2797 2864 potum,
2837 2801 3035 2862 neque
3073 2781 3298 2863 aliquid
3330 2781 3493 2843 aliud
3538 2781 3612 2843 ab
3647 2783 3734 2844 eis

2086 2872 2331 2933 omnino
2354 2874 2630 2952 accipere
2652 2873 2954 2935 sustinuit:
2982 2875 3084 2934 sed
3109 2872 3197 2934 sic
3227 2871 3736 2951 omninojejunns

2085 2961 2364 3024 detentus
2414 2971 2505 3024 est
2539 2963 2598 3024 in
2651 2965 2944 3038 custodia,
2979 2973 3042 3024 ut
3085 2963 3185 3044 qui
3243 2962 3575 3023 futurorum
3629 2979 3737 3043 pro

2084 3049 2317 3114 Christo
2351 3051 2756 3133 periculorum
2810 3055 3077 3116 aleretur
3106 3053 3232 3115 sola
3264 3051 3735 3132 exspectatione.

2090 3142 2236 3204 Cum
2263 3152 2458 3204 autem
2479 3143 2602 3222 jam
2625 3143 3290 3207 rediissetMarzabanas
3313 3161 3379 3203 ex
3400 3141 3742 3222 peregrina-

344 3234 731 3301 ὶπανελθόντος
790 3233 923 3296 (οὐδὲ
989 3237 1086 3315 γὰρ
1143 3237 1212 3305 ἧν
1254 3235 1531 3312 ἐπιδημῶν
1601 3246 1892 3305 τηνικαῦτα
1936 3247 1996 3317 τῇ

2088 3233 2284 3294 atione
2305 3238 2528 3314 (neque
2557 3234 2714 3294 enim
2742 3242 2863 3294 tum
2890 3244 3018 3295 erat
3046 3236 3444 3310 Ctesareae),et
3473 3233 3549 3295 de
3568 3234 3738 3295 Ana-

355 3325 716 3405 Καισαρέων),
749 3327 837 3382 καὶ
868 3332 960 3383 τοῦ
1003 3325 1278 3404 σελλαρίου
1331 3328 1396 3382 τὰ
1427 3329 1562 3384 κατὰ
1591 3329 1683 3384 τὸν
1736 3328 1996 3386 Ἀναστά-

2089 3322 2267 3382 stasio
2313 3321 2713 3401 signiﬁcasset
2760 3322 3058 3398 sellarius,
3093 3326 3326 3386 vinctus
3378 3323 3574 3385 statim
3625 3323 3739 3385 ad-

347 3438 462 3472 σιον
493 3413 946 3493 ἀπαγγείλαντος,
983 3414 1261 3491 δεσμώτης
1309 3419 1454 3483 εὐθὺς
1486 3420 1512 3474 ὁ
1569 3418 1766 3495 μάρτυς
1811 3421 1882 3479 είς
1946 3421 1996 3475 τὲ

2089 3409 2329 3472 ducitur
2369 3422 2588 3493 martyr
2617 3413 2676 3474 in
2705 3413 3072 3490 praetorium.
3124 3412 3370 3474 Interim
3403 3431 3544 3475 vero
3592 3413 3733 3475 dum

353 3505 677 3582 πραιτώριον
719 3505 936 3584 ἄγεται.
974 3504 1064 3563 Ἐν
1106 3509 1151 3580 ᾧ
1193 3505 1248 3562 δέ
1293 3529 1426 3564 τισιν
1477 3508 1679 3586 ἑτέραις
1724 3511 1752 3564 ὁ
1784 3516 2000 3586 Μαρζα-

357 3593 526 3662 ϐανῆς
575 3594 956 3675 ἆπησχολεῐτο
986 3599 1253 3676 φροντίσιν
1312 3597 1648 3675 ἀναγνωρίζει
1682 3606 1788 3654 τῶν
1845 3603 1995 3658 εὐσε-

353 3682 464 3741 ϐῶν
506 3707 586 3749 τις
619 3687 708 3741 τὸν
767 3683 1140 3742 Ἀναστάσιον·
1178 3688 1234 3747 ὃς
1294 3685 1585 3766 ἐτύγχανεν
1636 3689 1792 3746 αὐτὸν
1823 3688 1875 3744 ἐν
1925 3696 2001 3764 τῷ

346 3772 626 3848 σεϐααστῷ
658 3779 754 3840 τῆς
799 3776 1062 3832 Θεοτόκοο
1092 3776 1299 3848 τεμένει
1332 3776 1672 3850 τεθεαμένος,
1730 3776 2001 3856 Ἀναγνω-

343 3886 494 3942 ρισας
551 3866 831 3942 τοιγαροῦν
888 3864 1040 3928 οὗτος
1104 3867 1258 3922 αὐτὸν
1303 3865 1356 3921 ὲν
1416 3873 1493 3940 τῷ
1554 3871 1855 3944 πραιτωρίῳ
1911 3862 1997 3926 καί

343 3951 470 4032 παρ’
542 3957 700 4012 αὐτοῦ
762 3957 1058 4023 πυθομενος
1134 3955 1258 4015 ὅτου
1311 3956 1483 4037 ’χάριν
1553 3960 1728 4013 ἓκεῖσε
1777 3960 1994 4036 παρείη,

342 4045 641 4120 μακαρίσας
700 4065 754 4098 τε
793 4045 946 4100 αὐτὸν
1004 4048 1096 4101 τοῦ
1154 4049 1376 4118 σκοποῦ,
1423 4045 1674 4123 ῥώννυσιν
1718 4045 1794 4102 ἔτι
1853 4048 1998 4124 μᾶλα-

340 4131 435 4190 λον
494 4132 653 4188 αὖτοῦ
709 4133 810 4198 τὴν
869 4135 987 4209 περὶ
1045 4136 1110 4189 τὰ
1165 4134 1306 4190 δεινὰ
1367 4137 1677 4213 προθυμίαν,
1725 4138 1798 4201 ὡς
1859 4141 1996 4214 μήτε

343 4220 512 4296 δεσμᾶ
552 4219 729 4278 δεῖσαι
782 4220 868 4278 δια
899 4227 1152 4301 Χριστὸν,
1201 4225 1281 4300 μὴ
1311 4226 1595 4301 βασάνους,
1629 4226 1707 4300 μὴ
1756 4231 1999 4287 θάνατον’

346 4311 486 4373 ἄλλα
543 4313 798 4390 γενναίως
831 4314 906 4386 τῷ
944 4311 1260 4390 Μαρζαϐανᾷ
1311 4315 1399 4371 καὶ
1432 4321 1727 4380 νεανικκῶς
1774 4317 1998 4396 ἀποκρί-

346 4405 548 4464 νεσθαι,
596 4399 814 4477 Ἀμέλει
862 4402 1110 4480 καὶπρὸς
1155 4406 1245 4460 τὸν
1276 4406 1522 4480 τύραννον
1553 4406 1841 4485 εἰσαχθεὶς,
1883 4409 1998 4468 οὐδὲ

345 4492 475 4568 γόνδ
517 4489 707 4563 κλίνει,
755 4490 936 4567 ὥσπερ
981 4492 1145 4566 νόμος
1206 4494 1278 4549 ὀεὶ
1337 4493 1586 4572 Πέρσαις,
1641 4499 2000 4572 προσκύνησιν

347 4577 654 4636 ἀποδιδόναι
686 4595 802 4645 τοῖς
834 4582 1094 4654 μείζοσιν,
1132 4581 1268 4638 ἀλλὰ
1326 4586 1385 4639 τὸ
1417 4590 1512 4660 τῇς
1559 4587 1743 4659 ψυψῆς
1782 4589 1995 4666 εὐγενὲς

344 4671 434 4726 καὶ
467 4667 762 4726 ἀδούλωτον
795 4668 878 4725 δια
909 4672 1014 4727 τῶν
1054 4670 1204 4735 ἐκτὸς
1241 4673 1630 4747 ὑπεσήμαινεν.

431 4847 470 4904 ι’
553 4846 730 4906 Ῥι’ί·
822 4849 836 4867 “
974 4850 1069 4884 δ”
1202 4852 1212 4870 ’
1340 4853 1351 4870 '
1705 4860 1726 4870 ’
1826 4856 1838 4872 ’
1952 4859 1960 4873 ’

479 4895 493 4908 .
591 4873 648 4928 Ηρ
722 4870 878 4904 κανον
938 4871 1080 4922 οωιῳ
1134 4871 1360 4906 τοινλνο
1414 4849 1757 4928 Μαρξαόανας
1816 4878 1996 4914 ατενι-

347 4960 467 5018 σας,
504 4946 656 4996 τοῦτο
715 4939 836 5017 μὲν,
873 4940 959 4994 ’ἱνα
1011 4939 1098 4994 καὶ
1158 4937 1351 4996 δειλίαι
1409 4939 1687 5017 ἐμποιήσῃ
1743 4963 1819 4999 τω
1877 4945 2000 5002 ἐπι-

350 5028 500 5102 μόνῳ
559 5035 651 5085 τοῦ
703 5026 1036 5107 βλέμματος,
1071 5030 1222 5084 τοῦτο
1281 5026 1334 5084 δὲ
1392 5029 1483 5084 ’ίνα
1528 5031 1615 5085 καὶ
1661 5034 2001 5111 περιεργότε-

350 5139 444 5192 ραν
519 5116 884 5184 ἂνασκιλπήσοι
946 5119 1037 5172 τὸν
1110 5114 1290 5193 ἄνδρα,
1347 5117 1423 5179 τίς
1469 5139 1525 5172 τε
1585 5116 1677 5185 εἴη
1738 5124 1832 5177 καί
1887 5123 2002 5180 ὅθεν

347 5205 527 5282 ἤρετο,
599 5208 658 5264 '0
718 5205 796 5280 δὲ,
848 5208 1158 5268 Χριστιανός
1219 5208 1324 5281 εἰμι
1379 5203 1606 5279 ἀληθὴς,
1655 5208 1998 5289 ἁπεκρίνατο.

344 5296 406 5352 εἰ
464 5293 517 5350 δὲ
549 5296 724 5371 βούλει
787 5297 875 5351 καὶ
907 5294 1025 5352 ὅθεν
1071 5296 1349 5372 προῆγμαι
1395 5299 1611 5374 μαθεῖν,
1647 5297 1850 5376 Πέρσης
1901 5305 2001 5377 μὲν

2094 3501 2477 3562 Marzabanas
2501 3511 2626 3562 erat
2649 3501 2706 3562 in
2728 3501 3025 3582 aliquibus
3049 3502 3180 3564 aliis
3201 3502 3361 3564 curis
3383 3510 3734 3583 occupatus,

2084 3595 2358 3670 agnoscit
2388 3591 2606 3672 aliquis
2655 3610 2725 3651 ex
2762 3591 2875 3672 piis
2927 3593 3332 3668 Anastasium,
3369 3592 3473 3667 qui
3504 3591 3648 3654 eum
3670 3592 3735 3654 in

2088 3680 2427 3741 venerando
2480 3680 2704 3760 templo
2738 3681 3010 3760 Deiparze
3037 3680 3536 3760 aspexeratCum
3589 3700 3732 3759 ergo

2084 3772 2168 3831 sic
2193 3787 2329 3830 eum
2354 3769 2693 3847 agnovisset
2717 3770 2773 3828 in
2800 3769 3168 3850 praetorio,et
3199 3788 3334 3831 eum
3367 3771 3734 3848 interrogas-

2085 3868 2458 3938 set,quanam
2479 3858 2554 3918 de
2578 3876 2754 3919 causa
2785 3858 2907 3919 illic
2938 3859 3198 3931 adesset,
3233 3861 3364 3936 ejus
3395 3876 3642 3937 scopum
3674 3867 3734 3920 et

2083 3949 2422 4009 institutum
2447 3947 2783 4022 laudens,et
2811 3967 2945 4010 eum
2972 3966 3042 4008 co
3068 3947 3310 4009 nomine
3333 3946 3572 4009 beatum
3599 3965 3729 4027 pro-

2083 4038 2529 4118 nuntians,ejus
2551 4047 2886 4119 promptum
2908 4038 3517 4100 etalacremanimum
3545 4037 3732 4118 magis

2080 4130 2390 4191 conﬁrmat
2435 4129 2494 4188 in
2529 4127 2706 4190 rebus
2735 4128 3014 4205 gravibus
3070 4137 3128 4188 et
3157 4135 3408 4207 aSperis,
3442 4135 3506 4188 ut
3533 4145 3731 4208 neque

2088 4233 2334 4300 pr0pter
2374 4219 2676 4282 Christum
2722 4218 2957 4280 timeret
2988 4218 3240 4292 vincula,
3269 4238 3376 4279 nec
3409 4226 3730 4297 tormenta,

2085 4327 2196 4370 nec
2235 4319 2511 4369 mortem:
2539 4309 2641 4369 sed
2670 4308 3034 4372 Marzabana:
3062 4309 3456 4386 reSponderet
3484 4315 3730 4371 strenue

2084 4407 2142 4460 et
2167 4398 2534 4478 juveniiiter.
2569 4401 2746 4462 Certe
2787 4399 2968 4459 etiam
3002 4417 3138 4459 cum
3172 4399 3280 4458 fuit
3307 4399 3376 4458 ad
3413 4408 3726 4479 tyrannum

2085 4490 2479 4564 introductus,
2515 4509 2626 4550 nec
2675 4509 2835 4567 genu
2865 4489 3103 4570 quidem
3156 4489 3341 4563 ﬂexit,
3377 4497 3438 4548 ut
3489 4507 3731 4571 semper

2024 4562 2213 4639 l‘mos
2253 4589 2342 4640 est
2377 4562 2576 4640 Persis
2613 4562 3021 4640 adorationem
3057 4562 3726 4658 redderemajoribus:

2083 4669 2186 4730 sed
2237 4687 2623 4748 generosum,
2655 4677 2712 4730 et
2765 4669 2864 4749 qui
2901 4669 2954 4729 in
2997 4670 3336 4729 servitutem
3370 4669 3564 4751 redigi
3610 4689 3729 4732 non

2086 4767 2335 4839 poterat,
2369 4759 2631 4820 animum
2668 4777 2776 4839 per
2805 4766 3046 4819 externa
3075 4757 3465 4838 signiﬁcabat.

2163 4847 2236 4911 X.
2263 4850 2411 4912 Cum
2438 4868 2578 4927 ergo
2605 4849 2734 4909 ﬁxis
2757 4848 2947 4910 oculis
2967 4868 3100 4909 eum
3126 4849 3270 4910 satis
3291 4859 3450 4912 esset
3475 4851 3727 4913 intuitus

2086 4938 2716 5019 Marzabanagpartim
2736 4938 3068 5020 quidem.ut
3091 4940 3382 5000 constanti
3405 4949 3647 5020 aspectu
3669 4939 3726 5003 ei

2089 5036 2382 5091 terrorem
2421 5029 2736 5102 incuteret,
2764 5029 2972 5106 partim
2998 5038 3219 5108 autem,
3256 5038 3472 5090 uteum
3517 5030 3722 5091 consi-

2086 5120 2322 5181 deraret
2345 5118 2719 5196 diligentius,
2755 5117 2982 5197 rogavit
3008 5138 3142 5179 eum
3172 5124 3441 5197 quisnam
3478 5126 3636 5180 esset
3665 5129 3726 5183 et

2085 5208 2388 5287 cujas.llle
2411 5226 2572 5272 vero:
2606 5208 2800 5270 Verus
2823 5226 2952 5268 sum
2987 5208 3717 5289 Christianus,respondit,

2085 5298 2254 5371 Quod
2277 5299 2326 5358 si
2354 5298 2492 5359 velis
2524 5302 2700 5359 etiam
2749 5299 2927 5370 scire,
2951 5299 3115 5379 cujas
3146 5299 3284 5378 sim,
3311 5318 3441 5360 sum
3474 5297 3720 5379 quidem

343 5385 404 5440 τὸ
447 5384 595 5461 ...ένος
660 5385 720 5440 ix
777 5384 962 5464 χώρας
1026 5377 1252 5464 Ῥιζὴχ,
1314 5386 1504 5453 κώμης
1551 5383 1604 5440 δὲ
1668 5378 1992 5468 Ῥασμουνὴ,

2084 5386 2262 5449 Persa
2281 5407 2604 5467 genere,ex
2629 5388 2874 5469 regione
2905 5377 3162 5461 Racech,
3187 5377 3316 5451 vico
3340 5377 3540 5451 autem
3565 5387 3719 5451 Ras-

345 5469 697 5550 ϐσόαλλάριος
755 5473 810 5529 δέ
839 5495 969 5530 ποτε
1027 5475 1112 5531 καὶ
1146 5477 1303 5538 αὐτὸς
1355 5476 1590 5553 γεγονὼς
1647 5479 1830 5535 καὶτὰ
1891 5504 1996 5556 μα.

2084 5477 2250 5539 nuni:
2288 5478 2386 5558 qui
2420 5479 2548 5558 ipse
2569 5499 2808 5560 quoque
2835 5480 2914 5540 fui
2936 5478 3256 5561 aliquando
3277 5477 3722 5551 caballarius,et

347 5564 474 5640 γικα
541 5563 765 5635 μετιών·
839 5567 925 5619 καὶ
1011 5565 1232 5628 σκότους
1305 5564 1442 5621 οὕτω
1510 5564 1812 5646 λειτουργὸς
1898 5569 1994 5641 ὢν,

2084 5569 2142 5628 in
2176 5567 2360 5630 rebus
2399 5569 2646 5648 magicis
2675 5569 3040 5632 exercitatus
3069 5587 3083 5633 :
3117 5588 3379 5647 cumque
3407 5569 3495 5631 sic
3525 5587 3720 5634 essem

347 5651 555 5732 ἴσχυσα
600 5654 730 5732 πρὸς
777 5652 836 5708 τὸ
869 5658 1004 5733 φῶς,
1038 5654 1110 5717 ὼς
1145 5655 1320 5731 ὁρᾷς.,
1355 5652 1651 5730 μεταϐῆναι
1683 5663 1769 5714 καὶ
1826 5679 1996 5736 μετα-

2085 5657 2362 5720 minister
2389 5659 2797 5736 tenebrarum,
2827 5661 3012 5740 potui,
3037 5669 3099 5723 ut
3146 5660 3334 5738 vides,
3363 5661 3616 5724 transire
3643 5659 3720 5724 ad
