4104 6198
378 261 496 337 787
1673 268 1964 334 MENSIS
2016 269 2476 332 JANUARIUS.
3489 317 3492 324 .
3642 261 3762 329 788

379 409 578 476 lucem
603 429 636 474 e
658 406 1011 485 tenebris,et
1035 407 1269 470 discere
1291 406 1620 468 veritatem.
1649 403 2030 468 Marzabanas

2125 407 2308 475 μαθεῖν
2338 405 2436 472 τὴν
2481 403 2756 474 ἀλήθειαν,
2808 405 2904 464 Καὶ
2956 406 2983 460 ὃ
3044 400 3388 482 Μαρζαϐανᾶς
3443 399 3590 457 οὔπω
3636 400 3764 456 πέτ-

380 513 582 565 autem
604 523 736 566 cum
763 501 1024 563 nondum
1050 497 1287 558 fecisset
1310 495 1854 575 periculum,quam
1876 499 2033 553 esset

2125 516 2210 551 Dav
2268 493 2502 575 εἰληφὼς
2533 497 2631 561 τῆς
2689 502 2780 552 τοῦ
2809 495 3041 562 ἀθλητοῦ
3071 494 3472 571 γενναιότητος,
3505 487 3624 546 ἀλλ’
3677 492 3761 547 5-3-

381 611 719 674 generosus
741 593 980 662 athleta,
1003 586 1107 647 sed
1135 593 1368 666 putaret
1399 603 1526 645 rem
1553 603 1689 647 esse
1712 584 1948 646 facilem
1976 591 2033 643 et

2125 582 2272 663 ίερές
2318 606 2367 641 τι
2442 591 2662 661 πρᾶγμα
2730 586 2816 640 καὶ
2873 581 3052 661 ῥᾴδιον
3110 583 3255 638 εἶναι
3301 583 3361 638 τὸ
3428 579 3765 657 μεταπείσειν

383 669 744 764 eXpeditam,
777 697 912 740 eum
949 697 981 738 a
1014 695 1118 736 sua
1153 675 1468 740 traducere
1500 676 1822 756 sententia,
1855 674 2031 756 coepit

2125 674 2275 732 αύτὸν
2319 674 2584 753 οἰόμενος,
2641 688 2867 753 μικραῖς
2913 673 3106 753 ἤρξατο
3149 686 3273 738 ταῖς
3333 669 3681 750 ἐπαγγελίαις
3741 671 3766 724 ὁ

383 776 545 836 illius
596 779 853 831 mentem
890 786 1006 828 non
1040 784 1215 827 secus
1260 784 1326 826 ac
1361 767 1522 846 parvi
1575 767 1832 846 alicujus
1864 764 2032 845 puerl

379 860 576 944 parvis
607 867 834 920 tentare
877 855 1377 937 promissionibus
1411 877 1422 917 :
1478 856 1580 918 ille
1613 875 1749 918 vere
1783 855 1941 936 parvi
1979 849 2040 915 el

382 949 599 1029 abjecti
630 946 852 1009 auimi:
903 945 1158 1019 Desiste,
1195 945 1425 1019 dicens,
1462 945 1536 1007 ab
1570 947 1682 1007 hoc
1710 963 1916 1008 errore
1963 946 2032 1029 ad

382 1028 634 1121 patriam
663 1036 1045 1115 religionem.
1073 1034 1135 1098 Si
1169 1035 1330 1095 enim
1364 1036 1448 1097 sic
1473 1036 1715 1106 feceris,
1750 1036 1902 1096 dabo
1929 1028 2034 1094 tibi

380 1146 570 1205 equos
593 1136 648 1188 et
672 1135 1043 1199 nummos,et
1068 1125 1252 1185 multa
1273 1126 1389 1186 alia
1409 1126 1818 1204 bona.Mar'.yr
1836 1135 2034 1187 autem

380 1218 597 1280 ctelum
623 1219 882 1277 intuens:
921 1215 1113 1289 Absit,
1140 1215 1356 1295 inquit,
1378 1233 1480 1276 rex
1509 1215 1766 1289 Christe,
1798 1223 1858 1274 ut
1889 1213 2031 1275 hea-

378 1315 496 1370 tam
527 1317 685 1368 tuam
711 1305 906 1367 fallam
943 1303 1413 1366 confessionem.
1446 1307 1703 1384 Propter
1738 1323 1869 1385 quae
1898 1322 2032 1366 eum

377 1407 658 1478 tanquam
684 1397 892 1457 volens
934 1396 1162 1476 pudore
1187 1395 1423 1456 allicere
1449 1393 1846 1456 Marzabanas:
1883 1392 2031 1464 Quid

379 1495 613 1550 autem?
638 1487 912 1567 plaeetne
940 1484 1292 1563 tibi,inquit,
1328 1485 1442 1545 hoc
1469 1483 1675 1547 habitu
1704 1482 1894 1553 indui,
1920 1503 2034 1562 quo

383 1598 547 1640 nunc
573 1597 636 1638 es
659 1574 1041 1638 indutus?l|le
1069 1591 1229 1635 vero:
1265 1573 1392 1634 Non
1414 1573 2032 1652 minoris,respondit,

391 1686 528 1730 eum
561 1667 734 1740 facio,
760 1685 935 1746 quam
959 1674 1016 1724 tu
1041 1665 1191 1724 hanc
1227 1673 1384 1724 tuam
1411 1662 1784 1743 dignitatem.
1811 1664 2033 1734 Quam-

2124 765 2310 844 μικρὸς
2343 764 2440 832 τὴν
2484 764 2705 843 γνώμην
2736 764 2943 828 ἐκεῖνος
2973 765 3043 830 ὡς
3087 763 3202 828 ἐνὸς
3233 769 3336 820 τῶν
3396 759 3596 817 παίδων
3627 759 3767 815 ἀπο-

2122 857 2421 932 πειρᾶσθαι,
2459 853 2777 926 Ἀπόστηθι,
2814 852 3011 933 λέγων,
3049 856 3147 920 τῆς
3193 851 3402 918 πλάνης
3442 851 3638 916 ταύτης
3683 849 3770 903 καὶ

2122 945 2253 1020 πρὸς
2311 945 2410 1011 τὴν
2468 943 2690 1020 πάτριον
2734 942 2884 1001 αὖθισ
2939 943 3191 1000 ἑπάνελθε
3251 941 3556 1018 θρησκείαν.
3618 937 3770 996 Οὕτω

2120 1033 2218 1108 γαρ
2280 1033 2490 1097 πάντως
2537 1035 2622 1090 καὶ
2666 1031 2898 1111 ἀλόγων,
2965 1034 3051 1090 καὶ
3111 1031 3473 1110 μιλιαρισίων,
3529 1028 3617 1087 καὶ
3673 1031 3770 1086 οὒκ

2122 1121 2318 1200 ὀλίγων
2380 1123 2554 1180 ἄλλων
2586 1127 2796 1201 αγαθῶν
2851 1121 3142 1197 μεταδώσω
3191 1145 3296 1184 σοι.
3362 1121 3459 1180 Καὶ
3499 1122 3525 1176 ὁ
3571 1119 3768 1194 μάρτυς

2121 1212 2229 1268 ἄνω
2259 1215 2390 1284 πρὸς
2436 1213 2654 1291 οὖρανὸν
2685 1211 2909 1286 ἀπιδὼν,
2961 1214 3046 1280 Μὴ
3079 1235 3170 1289 μοι
3213 1213 3443 1292 γένοιτοο
3475 1209 3598 1290 ἔγη,
3631 1207 3766 1283 φάθ’

2121 1305 2307 1360 σασθαί
2367 1327 2458 1363 σου
2501 1305 2598 1371 τὴν
2661 1302 2923 1380 μακαρίαν
2983 1301 3296 1382 ὁμολογίαν,
3357 1300 3548 1378 Χριστὲ
3605 1300 3767 1376 βασι-

2119 1392 2230 1455 λεῦ.
2280 1393 2398 1474 Ἐφ’
2442 1395 2530 1456 οἷς
2589 1393 2768 1471 ὥσπερ
2825 1394 2983 1451 αὐτὸν
3042 1395 3070 1448 ὁ
3118 1389 3462 1470 Μαρζαϐανᾶς
3517 1387 3764 1468 αἰσχῦναι

2119 1482 2465 1558 βουλόμενος·
2504 1485 2558 1542 Τί
2619 1483 2754 1558 δαί;
2816 1481 3024 1559 ἆρὲσκει
3086 1505 3164 1538 σοι
3224 1489 3379 1539 τοῦτο
3433 1481 3764 1556 περικεῖσθαι

2118 1574 2178 1628 τὸ
2223 1579 2415 1652 σχῆμα
2459 1574 2486 1628 ὃ
2517 1595 2576 1650 γε
2623 1579 2710 1628 νῦν
2747 1569 3126 1646 περιϐέϐλησαι
3162 1587 3178 1644 ;
3241 1562 3297 1628 ’0
3331 1568 3409 1644 δὲ,
3447 1567 3622 1632 Οὕτως
3664 1567 3764 1623 ἒπ-

2121 1666 2262 1720 αύτῶ
2307 1664 2660 1742 σεμνύνομαι,
2705 1661 3050 1740 ἀπεκρίνατο,
3104 1663 3177 1725 ὡς
3235 1657 3350 1718 ούδὲ
3405 1659 3470 1714 σύ
3512 1680 3570 1736 γε
3633 1657 3765 1714 τῶδε

385 1757 592 1818 obrem
631 1756 731 1816 ille
768 1742 850 1816 ira
887 1761 1244 1814 commotus:
1279 1751 1455 1813 Certe
1486 1742 1570 1822 tu,
1597 1752 1813 1831 inquit,
1846 1751 2033 1812 uteris

2125 1753 2195 1808 τῶ
2254 1751 2514 1828 ἀξιώματι
2578 1755 2711 1829 Πρὸς
2749 1751 2877 1830 ὅπερ
2909 1751 3115 1814 ἐκεῖνος
3163 1749 3566 1828 ἀγανακτήσας,
3596 1742 3766 1804 Ἠπου

381 1846 764 1909 cohabitante
798 1845 1303 1923 dazmone,neque
1335 1842 1498 1904 aliud
1537 1861 1642 1922 per
1665 1842 1915 1919 teipsum
1943 1841 2032 1900 lo-

380 1937 787 2016 queris,quam
815 1933 967 2012 quod
990 1933 1118 2012 ipse
1148 1932 1250 1992 tibi
1277 1931 1762 2010 suggesserit.Ad
1791 1949 1859 1992 ea
1887 1951 2012 1990 mar

376 2024 749 2105 tyeruando
775 2021 1255 2098 eram,inquit,in
1283 2039 1510 2099 errore,
1543 2021 1695 2081 male
1731 2020 2036 2083 honorans

378 2115 772 2193 impietatem,
803 2121 909 2172 aut
940 2111 1133 2192 potius
1156 2111 1227 2172 ab
1261 2111 1360 2172 illa
1394 2111 1646 2173 affectus
1679 2111 2030 2189 ignominia,

381 2211 524 2264 tuuc
576 2203 767 2280 gravis
820 2202 1054 2262 dazmon
1116 2219 1348 2261 mecum
1402 2199 1803 2261 cohabitabat.
1868 2198 2033 2262 Nunc

378 2292 574 2354 habeo
607 2294 798 2372 ipsum
823 2291 1122 2353 Christum
1153 2290 1622 2363 cahabitantem,
1649 2291 1747 2370 qui
1780 2297 1913 2350 tuos
1935 2307 2001 2349 ex

378 2381 552 2464 pellit
582 2380 914 2442 daemones.
950 2378 1097 2442 Cum
1143 2389 1341 2441 autem
1379 2379 1702 2459 adjecisset
1733 2379 2031 2440 Marzaba-

377 2490 486 2533 nas
519 2493 530 2530 :
559 2469 707 2542 Quid
745 2470 931 2549 ergo?
965 2489 1080 2530 non
1115 2471 1314 2545 times;
1344 2467 1646 2550 inquit,ne
1673 2469 1795 2530 hau:
1827 2468 1898 2529 ad
1934 2486 2033 2529 re-

379 2581 513 2642 gem
546 2562 905 2636 referantur,
943 2561 1046 2622 ille
1076 2579 1216 2622 vero
1245 2570 1302 2622 te
1335 2559 1558 2622 acerbe
1589 2558 1756 2621 cruci
1787 2559 1984 2638 alligat
2013 2561 2038 2618 ἴ)

377 2650 716 2724 Quomodo,
748 2653 962 2732 inquit,
993 2651 1296 2714 hominem
1335 2648 1777 2728 timuerim,qui
1807 2659 1895 2710 est
1928 2667 2032 2728 pa-

379 2741 593 2814 tibilis,
618 2752 675 2804 et
707 2743 766 2802 in
797 2760 974 2821 quem
1000 2741 1161 2802 cadit
1193 2737 1653 2802 interitus?Nam
1675 2739 1785 2799 etsi
1817 2756 2034 2818 corpus

379 2833 704 2912 superavit,
759 2831 890 2912 capi
942 2838 1142 2891 tamen
1195 2849 1312 2890 non
1374 2837 1570 2910 potest
1615 2827 1834 2906 anima,
1872 2837 1929 2888 et
1979 2833 2028 2886 ei

378 2937 500 2982 non
526 2930 772 3001 possunt
805 2919 1051 2981 omnino
1085 2920 1278 3000 parari
1311 2918 1570 2980 insidiae.

447 3013 669 3069 XLHaac
695 3028 831 3083 ergo
853 3027 967 3069 non
1005 3015 1197 3071 ferens
1230 3012 1616 3079 Marzabanas,
1639 3009 1798 3082 jubet
1830 3010 2031 3066 ferreis

2119 1843 2372 1915 συνοίκῳ,
2434 1843 2585 1922 φησὶ,
2650 1841 2911 1907 κέκτησαι
2983 1839 3218 1916 δαίμονι,
3279 1841 3366 1895 καὶ
3438 1841 3496 1896 ού
3565 1836 3770 1913 μᾶλλον

2119 1931 2324 2010 φθέγγῃ
2384 1931 2468 1987 διὰ
2519 1933 2733 2006 σαυτοῦ,
2770 1931 2804 1997 ἢ
2852 1929 2982 1998 άπερ
3028 1929 3090 1985 ἂν
3149 1931 3303 1992 αύτὸς
3358 1926 3600 2004 ὑποϐάλῃ
3659 1949 3764 1988 σοι,

2121 2025 2255 2099 Πρὸς
2281 2028 2442 2078 ταῦτα
2471 2021 2497 2076 δ
2525 2021 2750 2098 μάρτυς,
2773 2020 2903 2077 ’Ὅτε
2926 2019 2990 2086 ἧν
3017 2019 3070 2074 ὲν
3092 2025 3156 2090 τᾷ
3189 2017 3388 2096 πλάνῃ,
3418 2020 3568 2095 φησὶ,
3595 2017 3768 2092 τιμῶν

2118 2119 2296 2175 κακῶς
2357 2113 2454 2177 τὴν
2511 2107 2778 2181 ἀσέϐειαν,
2815 2109 2849 2177 ἢ
2909 2111 2994 2166 καὶ
3034 2107 3129 2164 ὑπ’
3171 2108 3376 2175 ἐκείνης
3438 2108 3766 2183 ἀτιμαζόμε-

2217 2249 2231 2281 ,
2267 2222 2386 2258 τοτε
2429 2221 2517 2275 μοι
2545 2198 2788 2279 χαλεπὸς
2846 2196 3048 2275 δαίμων
3091 2198 3342 2272 συνῴκει.
3401 2205 3501 2256 Νῦν
3533 2197 3585 2253 δὲ
3642 2205 3768 2274 Χρι-

2120 2291 2245 2347 στὸν
2301 2292 2458 2345 αἶτὸν
2524 2287 2640 2369 ἔχω
2687 2289 2952 2362 σύνοικον,
3005 2290 3094 2344 τὸν
3141 2287 3261 2350 τοὺς
3307 2289 3428 2350 σοὺς
3485 2286 3768 2344 ἐλαύνοντα

2119 2379 2393 2454 δαίμονας.
2455 2381 2702 2457 Προσθεὶς
2733 2379 2904 2435 τοίνυν
2966 2373 3336 2456 Μαρζαϐανᾶς,
3371 2377 3431 2434 Τί
3474 2385 3648 2456 γοῦν,
3709 2379 3769 2434 0'3

2123 2467 2285 2550 φοϐῇ,
2321 2470 2440 2548 ἔρη,
2478 2470 2554 2542 μὴ
2587 2469 2898 2549 ἆνετεχθείη
2941 2469 3059 2547 περὶ
3090 2475 3186 2524 σοῦ
3213 2473 3374 2523 ταῦτα
3402 2468 3479 2541 τῷ
3519 2465 3764 2545 βασιλεῖ,

2121 2563 2148 2616 ὁ
2198 2558 2250 2616 δὲ
2284 2561 2491 2635 σταυρῷ
2535 2561 2738 2636 πικρῶς
2797 2557 3083 2636 ἀναρτήσει
3131 2575 3241 2632 σε;
3297 2563 3416 2620 Πῶς
3446 2556 3533 2637 ἂν,
3581 2557 3762 2630 εἶπεν,

2121 2649 2393 2728 ἄνθρωπον
2453 2647 2740 2726 φοϐηθείην
2815 2651 2979 2728 φθορᾷ
3040 2649 3128 2703 καὶ
3185 2647 3406 2706 πάθεσιν
3475 2645 3762 2722 ὑποκείμε-

2119 2762 2204 2794 νον
2242 2759 2258 2813 ;
2307 2741 2362 2796 ΕΞ
2392 2740 2490 2816 γὰρ
2525 2737 2620 2794 καί
2647 2745 2740 2794 τοῦ
2770 2738 3020 2814 σώματος
3054 2735 3351 2814 περιέσται,
3382 2735 3506 2792 ἀλλ’
3548 2737 3582 2804 ἡ
3610 2737 3766 2815 ψυχὴ

2117 2830 2326 2892 πάντως
2361 2827 2600 2893 ἄληπτος
2632 2829 2774 2900 αύτῳ
2805 2829 2889 2883 καὶ
2914 2825 3191 2890 παντελῶς
3237 2823 3600 2892 ἆνεπίϐουλος.

2120 2223 2205 2265 νος

2201 2997 2307 3067 1Λ’.
2345 3009 2450 3062 Οὔκ
2509 3006 2737 3082 ἐνεγκὼν
2783 3007 2952 3062 τοίνυν
3008 3004 3093 3061 ἐπὶ
3150 3005 3355 3069 τούτοις
3398 3003 3767 3084 Μαρζαϐανᾰς,

379 3100 690 3156 cottaribus
724 3098 935 3155 collum
965 3108 1017 3155 et
1049 3101 1297 3155 alterum
1333 3112 1399 3155 ex
1434 3095 1676 3166 pedibus
1707 3095 2030 3167 subjectum

2125 3095 2320 3152 κελεύει
2367 3097 2574 3158 κλοιοτς
2608 3095 2849 3174 σιδηροῦς
2893 3093 3169 3175 τράχηλόν
3225 3115 3283 3150 τε
3325 3095 3411 3151 καὶ
3457 3095 3646 3152 ποδοῖν
3678 3099 3769 3153 τὸν

378 3183 616 3254 vinciri,
644 3191 700 3242 et
723 3181 968 3243 ductum
993 3181 1064 3242 ad
1083 3180 1474 3258 ergastulum,
1503 3179 1624 3242 illic
1649 3179 1876 3260 lapides
1908 3180 2036 3257 cogi

377 3280 542 3342 ferre
563 3275 1150 3354 gravissimosQuod
1173 3275 1417 3356 quidem
1446 3294 1578 3338 cum
1605 3277 1735 3355 ejus
1759 3277 1931 3356 jttssu
1957 3273 2040 3337 fa-

379 3377 537 3433 ctum
568 3377 752 3440 esset,
779 3375 835 3426 et
858 3365 931 3427 ad
963 3365 1246 3427 ferendos
1270 3365 1502 3445 lapides
1533 3383 1776 3446 semper
1795 3373 2040 3426 sanctus

381 3475 596 3520 manus
622 3456 1113 3529 afferret,manus
1138 3462 1612 3528 sanctas,manus
1635 3471 1766 3534 quia
1788 3454 2035 3514 multum

381 3554 658 3630 poterant
713 3544 868 3626 apud
904 3544 1121 3619 Deum,
1157 3543 1465 3624 corporeis
1513 3541 1822 3606 laboribus
1871 3542 2039 3622 plura

379 3649 569 3707 erant,
601 3654 722 3709 quae
758 3638 1120 3696 extrinsecus
1164 3639 1210 3693 ei
1250 3636 1656 3695 atterebantur.
1699 3635 1856 3694 Multi
1883 3635 2034 3692 enim

379 3744 453 3788 ex
474 3723 671 3786 Persis
698 3723 771 3786 ad
807 3740 942 3785 eum
967 3721 1422 3800 accedentes,et
1444 3720 1700 3782 maxime
1722 3738 1791 3782 ex
1832 3719 1906 3780 iis
1937 3722 2033 3801 qui

379 3816 490 3878 orti
532 3822 700 3876 erant
731 3833 798 3874 ex
825 3812 1036 3876 eodem
1081 3812 1234 3884 vico,
1270 3830 1339 3873 ex
1367 3829 1484 3892 quo
1521 3810 1894 3885 Anastasius,
1928 3827 2032 3872 ve-

378 3904 486 3967 luti
518 3903 822 3986 proprium
877 3909 1229 3981 reputantes
1261 3900 1550 3975 dedecus,
1587 3919 1721 3978 quae
1777 3901 1831 3960 in
1865 3898 2032 3960 illum

378 3994 626 4062 ﬁebant.
664 3992 1191 4070 exprobrationem
1245 3989 1532 4051 adversus
1587 3993 1941 4068 proximum,
1975 3997 2038 4050 ut

2124 3185 2300 3264 ἕτερον
2356 3183 2748 3259 ὑποϐληθέντα,
2795 3186 2934 3263 παρὰ
2977 3185 3039 3241 τὸ
3097 3185 3343 3264 φρούριόν
3397 3207 3452 3240 τε
3512 3185 3765 3266 ἀχθέντα,

2123 3275 2292 3342 λίθους
2351 3279 2526 3333 ἒκεῖσε
2558 3278 2688 3353 πρὸς
2748 3276 2865 3350 βίαν
2914 3274 3240 3352 βαρυτάτους
3303 3276 3560 3350 κομίζειν,
3593 3277 3665 3334 Οὒ
3709 3273 3772 3343 δὴ

2122 3368 2208 3421 καὶ
2253 3367 2389 3422 κατὰ
2449 3366 2546 3432 τὴν
2579 3365 2780 3420 ἐκείνου
2833 3363 3119 3442 πρόσταξιν
3170 3365 3476 3443 γεγονότος,
3508 3367 3595 3422 καὶ
3643 3378 3773 3444 χεῖ-

2123 3477 2213 3534 ρας
2261 3455 2341 3511 ἀεὶ
2397 3462 2489 3512 τοὺ
2533 3455 2682 3534 ἁγίου
2721 3461 2788 3530 τῇ
2847 3452 3180 3531 μετακομιδῇ
3238 3456 3344 3511 τῶν
3375 3453 3530 3512 λίθων
3589 3454 3768 3532 εἰσφέ-

2122 3557 2330 3620 ροντος,
2368 3545 2562 3624 χεῖρας
2595 3544 2738 3605 ὁσίας
2799 3557 2998 3624 χεῖρας
3057 3543 3268 3622 μεγάλα
3323 3547 3453 3623 πρὸς
3486 3547 3614 3602 Θεὸν
3673 3543 3770 3600 δυ-

2121 3635 2376 3710 ναμένας,
2437 3636 2604 3690 πλείω
2667 3640 2766 3690 τῶν
2825 3637 3150 3708 σωματικῶν
3222 3635 3406 3691 κόπων
3461 3636 3525 3690 τὰ
3584 3634 3770 3700 ἔξωθεν

2120 3729 2262 3797 αὺτῷ
2334 3724 2639 3801 ἐπαγόμενα
2710 3725 2800 3790 ἠν.
2880 3725 3193 3801 Προσιόντες
3255 3725 3354 3802 γὰρ
3415 3722 3606 3782 πολλοὶ
3663 3730 3770 3780 τῶν

2120 3819 2358 3892 Περσῶν,
2394 3815 2479 3870 καὶ
2542 3812 2772 3887 μάλιστα
2805 3820 2906 3870 τῶν
2963 3813 3021 3869 ἐκ
3081 3815 3180 3882 τῆς
3233 3818 3394 3882 αὐτῆς
3440 3811 3771 3888 Ἀναστασίῳ

2120 3905 2309 3978 κώμης
2381 3902 2742 3980 ὡρμημένων⁹
2816 3904 2903 3960 καὶ
2976 3905 3172 3959 οἰκείαν
3243 3903 3424 3982 ὥσπερ
3508 3907 3768 3984 αίσχύιην

2119 3995 2410 4070 ἡγαύμενοι
2467 3993 2532 4049 τὰ
2587 3995 2660 4058 εἷς
2719 3992 2926 4050 ἐκεῖνον
2983 3995 3262 4069 γινόμενα,
3315 3994 3611 4069 ὀνειδισμὸν
3682 3994 3767 4050 ἐπὶ

382 4102 518 4146 cum
553 4083 752 4143 divino
789 4081 969 4142 David
997 4081 1192 4141 dicam
1210 4079 1611 4152 3,5umebant:
1649 4079 1770 4139 Cur
1799 4077 1913 4140 hoc
1944 4077 2033 4139 fe-

2125 4085 2213 4140 τὸν
2243 4082 2484 4161 ἔγγιστα,
2518 4084 2579 4138 τὸ
2632 4089 2724 4138 τοῦ
2766 4085 2906 4140 θείου
2936 4084 3094 4162 φάναι
3143 4082 3326 4158 Δαϐὶδ,
3360 4082 3682 4162 ὶλάμϐανον,
3716 4087 3778 4142 Τί

381 4173 514 4235 cisti
539 4173 564 4235 ?
594 4173 887 4245 dicentes,
925 4171 1044 4233 Cur
1064 4171 1365 4251 antiquam
1403 4169 1774 4232 nobilitatem
1804 4173 2033 4249 generis

2127 4181 2280 4230 τοῦτο
2331 4171 2548 4252 ἔδρασας
2602 4172 2874 4251 λέγοντες’
2932 4174 2982 4228 τί
3024 4173 3122 4239 τὴν
3173 4171 3407 4230 παλαιὰν
3451 4176 3546 4232 τοῦ
3598 4174 3778 4252 γένους

379 4265 630 4328 affecisti
653 4263 1301 4337 contumelia,eﬂ‘ectus
1321 4261 1716 4341 Christianus,
1743 4270 1799 4322 et
1823 4269 2033 4322 tantam

2127 4263 2392 4340 εὖγένειαν
2467 4260 2705 4338 ὕϐρισας,
2770 4264 3083 4335 Χριστιανὸς
3169 4265 3429 4342 γεγονὼς,
3489 4264 3577 4320 καὶ
3629 4263 3780 4329 τηλι-

381 4355 561 4418 nobis
612 4354 849 4416 inusisti
880 4352 1299 4432 ignominiam,
1337 4361 1656 4433 propterea
1709 4351 1770 4412 in
1804 4351 2033 4412 vincula

2126 4355 2314 4408 κοῦτον
2400 4360 2563 4425 μῦσος
2621 4353 2758 4425 ἡμῖν
2835 4351 3141 4428 ἐπιτρίψας,
3204 4353 3292 4408 καὶ
3349 4351 3433 4409 διὰ
3493 4355 3645 4409 τούτο
3689 4356 3774 4409 καί

381 4445 716 4524 conjectus,
756 4451 816 4504 et
863 4443 1274 4504 maleficorum
1322 4443 1643 4503 damnatus
1686 4439 2033 4533 supplicio?

2125 4441 2408 4517 δεσμώτης
2463 4441 2776 4517 γενόμενος,
2809 4443 2908 4498 καί
2939 4442 3040 4507 τὴν
3099 4448 3205 4498 τῶν
3244 4443 3555 4522 κακούργων
3611 4463 3772 4498 κατα-

381 4535 542 4615 quod
563 4533 808 4614 quidem
839 4533 1031 4594 nostri
1067 4533 1222 4594 ferre
1247 4551 1365 4594 non
1387 4541 1650 4611 possunt
1679 4530 1860 4593 oculi.
1895 4528 2033 4592 Cum

2126 4534 2316 4606 κριθεὶς
2363 4531 2642 4608 τιμωρίαν,
2705 4537 2928 4609 πρᾶγμα
2997 4530 3132 4604 μηδέ
3178 4530 3480 4610 ὀφθαλμοῖς
3549 4531 3774 4588 ἀνεκτὸν

380 4623 476 4684 his
527 4631 723 4683 autem
759 4621 1039 4700 gravibus
1074 4620 1290 4701 lingua:
1342 4620 1724 4694 verberibus,
1758 4638 2037 4682 manuum

382 4716 622 4794 quoque
678 4712 852 4773 beato
911 4711 1160 4773 verbera
1217 4711 1596 4790 indigebant,
1647 4711 2043 4772 vehementer

381 4801 978 4883 verberantes,atque
1006 4801 1253 4864 barbam
1287 4802 1598 4881 vellentes,
1629 4808 1684 4861 et
1709 4800 1836 4881 ejus
1867 4799 2036 4860 vesti-

384 4905 587 4953 menta
619 4894 979 4964 lacerantes,
1017 4900 1077 4952 et
1107 4890 1361 4971 lapides,
1398 4909 1546 4971 quos
1577 4898 1831 4969 quatuor
1859 4888 2035 4950 simul

382 4983 690 5062 conjuncti
710 4982 1120 5053 lerebant,eos
1146 4980 1259 5041 soli
1285 4979 1603 5040 Anastasio
1624 4979 1908 5039 ferendos
1933 4979 2040 5036 im-

384 5073 688 5153 ponebant
715 5095 725 5130 :
762 5072 909 5132 adeo
935 5080 995 5132 ut
1025 5070 1155 5149 ipse
1185 5086 1393 5130 rursus
1417 5068 1576 5148 loqui
1609 5067 1770 5129 visus
1799 5068 1873 5127 sit
1903 5085 2037 5128 cum

382 5162 603 5226 Davide
622 5164 899 5240 3":Supra
922 5161 1163 5221 dorsum
1200 5177 1398 5220 meum
1425 5156 1872 5219 fabricaveruut
1897 5174 2037 5235 pec-

383 5259 644 5332 catores,
677 5253 1193 5333 prolongaverunt
1225 5249 1600 5329 iniquitatem
1631 5263 1820 5307 suam.
1858 5244 2040 5325 quue

383 5362 522 5405 eum
557 5362 631 5406 ne
663 5345 820 5404 ferre
855 5341 1097 5421 quidem
1134 5358 1240 5420 per
1262 5358 1327 5402 se
1361 5348 1560 5420 posset
1592 5337 1841 5410 ferrum,
1879 5337 2036 5414 quod

384 5442 516 5496 erat
571 5434 726 5497 collo
782 5441 840 5494 et
898 5433 1031 5514 pedi
1090 5431 1220 5508 ejus
1278 5429 1676 5510 impositum:
1764 5429 1868 5488 sed
1931 5427 2039 5487 sub

463 5603 498 5653 ὅ
523 5603 676 5665 Psal.
708 5619 828 5679 xrv,
863 5603 922 5664 3.
1009 5602 1061 5653 δ’
1093 5599 1249 5664 Psal.
1283 5615 1524 5676 cxxvm,
1561 5599 1622 5661 3.

2123 4621 2457 4701 ἡμετέροις;
2509 4622 2653 4676 Μετὰ
2697 4618 2750 4675 δὲ
2781 4621 2889 4677 τῶν
2947 4618 3209 4700 χαλεπῶν
3252 4623 3454 4680 τούτων
3511 4622 3618 4678 ἀπὸ
3673 4621 3770 4688 τῆς

2125 4711 2370 4789 γλώττης
2433 4709 2685 4788 πληγῶν,
2721 4709 2797 4766 ἔτι
2827 4711 2922 4766 καί
2953 4710 3049 4773 τὰς
3092 4709 3154 4766 ὲκ
3180 4717 3286 4766 τῶν
3314 4713 3514 4792 χειρῶν
3568 4711 3768 4788 ἐπῆγον

2129 4809 2199 4874 τῷ
2241 4801 2508 4878 μακαρίῳ,
2543 4798 2830 4865 τύπτοντες
2865 4821 2922 4855 τε
2964 4797 3200 4880 σφοδρῶς
3249 4803 3338 4857 καὶ
3371 4801 3607 4878 πώγωσι
3649 4799 3766 4856 τίλ-

2122 4891 2328 4965 λοντες,
2391 4890 2478 4945 καὶ
2520 4889 2702 4962 ἱμάτια
2761 4889 2946 4946 τούτου
3011 4887 3470 4970 περιρρηγνύντες,
3523 4895 3622 4947 καὶ
3679 4889 3766 4946 λί-

2121 4983 2241 5042 θους
2315 4986 2399 5040 οὖς
2473 4980 2620 5036 αὐτοὶ
2689 4978 2898 5052 συνάμα
2959 4979 3206 5054 τέσσαρες
3279 4978 3486 5059 ἔφερον,
3549 4981 3766 5042 τούτους

2124 5068 2458 5140 Ἀναστασίῳ
2529 5069 2678 5143 μόνῳ
2748 5065 2924 5146 φέρειν
2992 5069 3341 5132 ἒπιτιθὲντεςο
3400 5071 3472 5134 ὡς
3541 5070 3768 5126 ὶοικέναι

2125 5158 2282 5216 πάλιν
2333 5159 2489 5215 αύτὸν
2521 5157 2947 5238 συμφθέγγεσθαι
2993 5165 3068 5232 τῷ
3115 5156 3294 5215 Δαϐίδ⁶
3350 5158 3482 5218 Ἐπί
3511 5167 3603 5217 τοῦ
3657 5160 3766 5216 νώ-

2123 5271 2216 5308 τοι)
2274 5270 2376 5324 μου
2436 5247 2758 5323 ἑτέκταινον,
2795 5245 3092 5325 ὲμάκρυναν
3155 5249 3254 5316 τὴν
3299 5249 3525 5324 ἀνομίαν
3570 5251 3765 5306 αύτῶν·

2125 5340 2208 5395 καὶ
2265 5341 2428 5394 ταῦτα
2459 5335 2595 5404 μηδὲ
2644 5337 2732 5395 τὸν
2760 5336 2846 5394 ἐπὶ
2889 5343 2982 5394 τοὺ
3037 5339 3320 5418 τραχήλου
3362 5342 3452 5396 καὶ
3481 5345 3575 5397 τοῦ
3605 5337 3768 5403 ποδὸς

2128 5427 2337 5509 σίδηρον
2369 5427 2508 5484 οὕτω
2564 5427 2681 5484 καθ’
2728 5428 2913 5485 ἑαυτὸν
2962 5425 3226 5508 διαφέρειν
3257 5427 3464 5510 ἔχοντι,
3498 5428 3618 5485 ἀλλ’
3667 5431 3769 5487 ὑπὸ
