4104 6198
369 260 490 326 789

1515 259 1704 323 VITA
1749 258 1808 320 S.
1853 255 2258 320 ANASTASII
2303 255 2588 318 PERSE.

3623 251 3742 319 790

369 405 448 474 τῷ
479 399 624 473 αὒτῴ
655 394 857 476 σιδήρῳ
890 397 980 453 καὶ
1022 393 1188 456 ἄλλου
1234 395 1326 451 σὺν
1357 399 1434 468 τῷ
1490 395 1714 472 μάρτυρι
1744 394 1837 450 τὶν
1886 391 2005 450 πόδε

2107 390 2324 452 eodem
2360 389 2521 452 ferro
2537 389 2688 452 alius
2708 408 2947 470 quoque
2969 405 3106 451 cum
3134 396 3392 472 martyre
3414 387 3626 470 pedem
3649 390 3749 452 hac

368 485 769 562 πεπεδημένου,
836 483 870 542 ἂ
940 486 1027 542 καὶ
1111 482 1460 542 πολλαπλοῦν
1533 482 1724 541 ἕπλεκε
1808 482 2022 546 πάντως

368 578 513 651 αὖτῴ
545 584 636 634 τοῦ
677 576 962 656 μαρτυρίου
993 575 1085 632 τὸν
1131 573 1416 652 στέφανον.
1468 573 1689 654 Ἔχεις,
1725 574 1769 628 εἰ
1817 571 2020 648 βούλει,

366 668 456 724 ναὶ
527 665 695 729 ἄὶλας
755 665 970 740 ὀδύνας,
1030 665 1120 720 καὶ
1177 662 1354 721 ἄλλων
1411 665 1654 744 ἀφορμὰς
1719 661 2016 740 στεφάνων“

367 757 495 814 αὐτὸ
539 754 604 824 δὴ
649 758 806 816 τοῦτό
848 779 1014 836 φημι,
1050 757 1111 812 τὸ
1139 757 1196 810 ἓν
1241 753 1391 832 μέσῳ
1420 754 1704 832 γνωρίμων
1734 750 2022 831 ὀφθαλμῶν

364 848 432 904 τὰ
497 854 720 904 τοιαῦτα
789 846 1050 926 πάσχειν,
1115 844 1206 901 καί
1267 844 1332 901 τὰ
1401 841 1578 904 πολλὰ
1649 839 1775 920 παρ’
1850 842 2023 896 αὐτῶν

367 935 570 1017 ὀνείδη,
604 934 638 991 ἃ
695 933 760 1004 δὴ
792 920 1220 1014 καῖ’προλαόὼν
1267 935 1294 990 ὁ
1337 931 1493 1011 λόγος
1543 929 1835 1003 ἐδήλωσεν.
1901 920 2021 1008 Ὑφ’

364 1029 441 1081 ὧν
477 1025 614 1083 οὕτω
671 1024 932 1097 διέμεινεν
973 1024 1208 1098 ἀπαθὴς,
1254 1024 1330 1087 ὡς
1388 1021 1630 1101 ἐγκώμια
1659 1027 1825 1078 ταῦτα
1872 1019 2020 1096 μᾶλ-

365 1115 462 1174 λον
490 1118 744 1194 ἡγεῖσθαι
776 1113 860 1172 διὰ
904 1117 1160 1194 Χριστὸν,
1193 1113 1228 1182 ἤ
1259 1136 1309 1170 τι
1340 1113 1440 1180 τὴν
1468 1111 1686 1191 καρδίαν
1707 1111 1797 1168 ὑπ’
1843 1115 2016 1171 αὐτῶν

364 1206 682 1282 βάπτεσθαι.

445 1284 554 1356 ΙΒ’.
595 1287 653 1352 Ὀ
695 1294 872 1352 τοίνυν
918 1291 1265 1372 Μαρζαϐανᾶς
1312 1290 1672 1370 (ἀνακλητέον
1727 1291 1828 1369 γὰρ
1871 1293 2016 1355 αὖθις

361 1385 496 1461 πρὸς
553 1384 650 1452 τὴν
709 1381 1024 1440 ἂκολόυθίαν
1081 1382 1171 1440 τὸν
1230 1381 1416 1461 λόγον)
1479 1381 1764 1440 ὁπανεϊναί
1816 1401 1868 1436 τι
1925 1381 2016 1437 τὸν

362 1477 608 1554 μάρτυρα
669 1478 771 1540 τῆς
828 1471 1038 1540 πολλῆς
1100 1471 1304 1539 ξκείνης
1360 1471 1627 1530 ἑστάσεως
1697 1477 1765 1548 τῇ
1823 1469 2018 1547 μεταξὺ

359 1565 692 1638 κακοπαθείᾳ
751 1566 997 1643 νομίσας,
1048 1562 1143 1620 καῗ
1187 1569 1372 1620 τοῦτον
1433 1559 1597 1622 πάλιν
1639 1563 1770 1640 πρὸς
1831 1561 2018 1618 ἑαυτὸν

359 1655 604 1734 ἀγαγὼν,
645 1656 700 1711 Εἰ
748 1653 993 1728 ἀληθῶς,
1027 1653 1196 1734 φησί,
1229 1653 1404 1731 μάγου
1446 1653 1647 1730 πατρὸς
1672 1651 1790 1731 ἕγυς
1839 1651 2017 1728 (τοῦτο

2107 479 2278 542 beret
2309 481 2594 542 vinctum.
2623 480 2766 553 Quae
2795 478 3040 561 quidem
3073 481 3128 542 ei
3152 479 3474 542 nectebant
3504 479 3746 540 omnino

2107 569 2496 652 multiplicem
2521 587 2800 634 coronam
2827 569 3116 649 martyrii.
3150 568 3433 643 Habes,si
3455 567 3564 644 vis,
3597 568 3746 630 alios

2106 679 2344 742 quoque
2376 660 2638 736 dolores,
2675 670 2734 722 et
2792 661 3146 722 occasiones
3203 659 3456 723 aliarum
3489 678 3742 721 corona-

2106 767 2237 813 rum
2272 771 2287 812 :
2326 750 2439 812 hoc
2463 751 2686 833 ipsum,
2723 749 2990 831 inquam,
3016 753 3172 832 quod
3204 749 3266 812 in
3292 757 3618 830 conspectu
3647 769 3746 811 eo-

2105 858 2260 916 rum,
2291 842 2389 922 qui
2424 841 2620 923 ipsum
2655 847 2965 920 noverant,
2998 841 3126 902 haec
3156 847 3215 902 et
3247 840 3428 900 multa
3458 839 3572 901 alia
3600 857 3739 917 pro-

2107 929 2215 992 bra
2245 929 2318 993 ab
2349 931 2437 994 eis
2473 939 2796 1012 pateretur,
2831 947 2963 1012 quae
3007 929 3134 1009 jam
3171 929 3335 1010 prius
3364 928 3520 990 dicta
3552 935 3689 990 sunt
3727 951 3738 992 :

2103 1039 2138 1083 ιι
2169 1021 2384 1102 quibus
2414 1024 2566 1084 adeo
2599 1020 2816 1083 mansit
2853 1020 2999 1082 nihil
3024 1021 3295 1093 allectus,
3316 1031 3383 1082 ut
3415 1037 3484 1082 ea
3512 1026 3744 1099 putaret

2101 1111 2293 1192 potius
2325 1113 2601 1174 encomia
2633 1117 2880 1191 propter
2911 1109 3238 1186 Christum,
3274 1128 3448 1193 quam
3481 1127 3584 1171 cor
3605 1109 3734 1189 ejus

2099 1200 2174 1263 ab
2194 1202 2284 1264 eis
2316 1202 2690 1265 morderetur
2719 1200 2964 1282 aliquid.

2180 1291 2309 1355 ΧΙῙ.
2346 1291 2728 1356 Marzabanas
2755 1310 2896 1371 ergo
2928 1289 3320 1366 iredeun'lum
3353 1297 3442 1352 est
3471 1290 3634 1352 enim
3665 1291 3738 1352 ad

2103 1383 2391 1446 orationis
2435 1383 2979 1462 consequentiam),
3034 1391 3198 1443 ratus
3248 1380 3376 1441 fore
3427 1389 3491 1441 ut
3523 1389 3741 1460 martyr

2100 1471 2326 1553 aliquid
2348 1471 2999 1551 remitteretdemagna
3021 1472 3123 1533 illa
3141 1470 3474 1533 constantia
3498 1481 3742 1550 propter

2102 1578 2256 1637 eam,
2290 1580 2424 1640 quas
2480 1562 2922 1638 intercesserat,
2982 1561 3396 1634 atllictionem,
3433 1579 3566 1622 cum
3601 1577 3734 1622 eum

2099 1668 2309 1714 rursus
2331 1652 2403 1714 ad
2427 1669 2494 1714 se
2513 1652 2897 1732 produxisset
2923 1675 2936 1711 :
2962 1652 3025 1716 Si
3050 1669 3186 1714 vere
3203 1669 3289 1724 es,
3312 1650 3527 1731 inquit,
3567 1669 3734 1731 mago

358 1747 460 1824 γὰρ
511 1745 670 1808 αὐτὸς
705 1744 1042 1819 ξπεσημήνω
1071 1743 1200 1821 περί
1231 1743 1475 1822 σαυτοῦ),
1509 1743 1597 1800 καί
1645 1743 1745 1810 τὴν
1772 1740 2005 1821 γλῶτται

2100 1747 2269 1823 patre
2301 1749 2472 1803 natus
2497 1741 2635 1819 (hoc
2663 1743 2825 1804 enim
2861 1747 2988 1822 ipse
3009 1742 3085 1805 de
3117 1744 3307 1821 teipso
3340 1741 3731 1818 signiﬁcasti),

355 1837 554 1900 ἱκανῶς
598 1847 724 1898 ταῖς
757 1835 974 1891 ἐκείνων
1021 1831 1259 1900 ἤσκησαι
1303 1829 1533 1908 βίϐλοις,
1568 1830 1780 1910 φθέγξαι
1811 1853 1862 1888 τι
1905 1838 2012 1888 τῶν

356 1931 604 2004 μαγικῶν
659 1927 747 1982 καὶ
828 1926 984 2004 ἦμῐν,
1046 1923 1195 1988 ὅπως
1249 1944 1334 1978 σοι
1394 1922 1484 1978 καὶ
1545 1921 1694 1978 αὒτοὶ
1753 1923 2011 2002 μάρτυρες

353 2018 502 2090 ὦμεν
560 2013 656 2082 τῆς
690 2014 1028 2089 ἐπιστήμης.
1080 2004 1138 2071 ’0
1193 2010 1247 2068 δὲ
1301 2013 1390 2068 καὶ
1433 2013 1699 2085 στόματος
1739 2014 1828 2069 καὶ
1881 2033 2007 2093 χει-

355 2103 494 2161 λέων
549 2105 735 2184 ῥύπον,
767 2104 859 2161 καὶ
917 2105 1011 2160 κοῦ
1069 2100 1286 2177 κηλίδα,
1330 2098 1418 2158 καὶ
1464 2102 1742 2178 μολυσμὸν
1799 2102 1861 2159 τὸ
1921 2105 2010 2160 καὶ

360 2195 666 2270 μνησθῆναί
718 2215 862 2258 τινος
901 2192 1102 2250 τούτων
1172 2193 1496 2269 ἡγούμενος,
1540 2197 1723 2272 Σῶτερ
1765 2193 1794 2249 6
1855 2193 2008 2274 ἐμὸς,

362 2284 492 2366 ἔφη,
530 2285 807 2354 Δεσπότης
867 2285 956 2340 καὶ
987 2283 1166 2346 κοινὸς
1218 2280 1470 2340 ἆπάντῶν
1518 2279 1868 2361 δημιουργὰς,
1901 2284 2005 2358 μὴ,

355 2399 450 2451 μοι
504 2373 650 2450 δῴης
679 2382 918 2434 τοιοῦτον
947 2370 1119 2449 μηδὲν
1165 2371 1387 2428 ἀκοῦσαι
1413 2369 1554 2437 ὅλως
1588 2371 1621 2440 ἢ
1669 2370 2004 2451 φθέγξασθοι,

357 2468 494 2545 Πρὸς
540 2464 676 2544 ἅπερ
720 2465 748 2521 6
779 2462 996 2528 σκολιὸς
1028 2462 1238 2523 ἐκεῖνος
1293 2461 1687 2541 ἀπαγορεύσας,
1719 2462 1808 2518 καὶ
1844 2462 2005 2520 οἵκο-

349 2559 439 2614 θεν
477 2557 636 2617 αὐτὸς
684 2555 780 2611 οὐκ
809 2553 957 2635 ἔχων
1015 2551 1044 2608 δ
1074 2576 1125 2609 τι
1186 2553 1274 2608 καὶ
1330 2549 1600 2629 δράσειεν,
1634 2549 1856 2609 επισείει
1915 2554 2002 2610 καὶ

354 2647 500 2710 αὖθις
548 2651 624 2718 τῷ
657 2644 884 2722 μάρτυρι
929 2642 1166 2719 καθάπερ
1197 2663 1247 2698 τι
1307 2639 1704 2720 μορμολυκεῖον
1751 2643 1840 2698 τὸν
1895 2643 2001 2718 βαο

353 2734 531 2806 σιλέα,
557 2736 670 2808 καὶ,
699 2734 782 2812 Τί,
817 2735 1002 2812 φησὶν,
1035 2733 1080 2788 ὦ
1111 2731 1288 2806 οὗτος,
1327 2743 1443 2796 τοῖς
1488 2733 1672 2798 αὖτοτς
1702 2730 1996 2813 ἒπιμένεις;

350 2825 706 2904 Ἐπίστρεψον
759 2825 834 2886 εἰς
892 2823 994 2890 τὴν
1054 2821 1316 2900 προτέραν
1373 2822 1684 2900 θρησκείαν·
1737 2820 1854 2878 ἐπεὶ
1912 2823 2002 2904 καὶ

348 2919 494 2989 αὐτῷ
522 2901 742 2992 βασιλεῖ
777 2913 843 2970 τὰ
872 2913 990 2990 περὶ
1034 2919 1152 2991 σοῦ,
1187 2913 1244 2968 εὗ
1285 2909 1419 2986 ἴσθι,
1460 2913 1904 2990 ἀνενεχθήσεται.
1943 2901 2000 2970 ι0

350 3005 406 3062 δὲ
459 3006 522 3062 τὸ
553 3001 800 3083 διάφορον
831 3001 981 3060 οὒδὲν
1015 3001 1194 3076 είδως,
1227 2998 1342 3060 εἴτε
1401 2998 1527 3081 παρ’
1562 3001 1740 3081 αὐτοῦ,
1773 3001 1888 3058 εἴτε
1936 2998 2000 3068 δὴ

350 3097 438 3151 καί
488 3095 630 3172 παρὰ
687 3100 778 3150 τοῦ
836 3091 1100 3170 βασιλέως
1158 3092 1500 3170 τιμωροθείη,
1543 3089 1666 3148 ἐπεί
1723 3091 1820 3148 καί
1890 3091 2064 3178 ἆμαρ

351 3196 479 3263 φοϊν
522 3185 556 3252 ἦ
592 3182 969 3261 μισανθρωπία
1029 3181 1124 3257 μία
1182 3183 1270 3238 καὶ
1313 3181 1593 3260 ἆγριότηε,
1627 3181 1798 3257 Ποίει,
1830 3185 2003 3260 φησιν

351 3275 382 3330 6
423 3273 628 3350 βούλει’
665 3273 813 3353 τάχα
870 3272 971 3350 γὰρ
1001 3271 1088 3326 καὶ
1117 3268 1224 3338 ἤδη
1284 3270 1495 3348 γράψας
1539 3269 1832 3350 ἀντίγραφα
1876 3270 2004 3328 6x0-

351 3368 515 3440 μίσω.
567 3364 663 3422 Καὶ
717 3363 776 3428 ὃς
837 3358 1092 3440 ἐκφοϐεῖν
1136 3359 1195 3416 ἐκ
1253 3361 1440 3416 τούτου
1498 3357 1653 3427 δῆθεν
1699 3360 1789 3416 τόν
1846 3357 2006 3440 ἄνδρα

351 3455 622 3528 οἰόμενος,
660 3452 810 3530 Ἐγὼ
840 3451 940 3527 μὲν
989 3447 1136 3508 οὐδὲν
1167 3447 1376 3508 οὐδέπω
1428 3452 1552 3526 περὶ
1585 3459 1680 3510 σοῦ
1736 3447 2000 3532 γέγραφα,

351 3541 476 3622 ἔφη’
523 3539 644 3598 ἀλλ’
675 3538 780 3608 ἤδη
812 3541 899 3596 καὶ
930 3539 1177 3620 γράφειν,
1214 3541 1289 3603 ὡς
1319 3541 1468 3616 ὁρᾷς,
1500 3537 1786 3616 ὥρμημαι.
1836 3547 2003 3598 Τοῦτο

349 3635 446 3689 οὒκ
476 3630 640 3688 ἔδωκέ
683 3653 801 3688 τινα
830 3629 1022 3705 σκέψιν
1083 3629 1115 3697 ἢ
1147 3629 1408 3707 μέριμναν
1453 3626 1595 3694 ὅλως
1628 3635 1702 3704 τῷ
1749 3630 1996 3709 μάρτυρι⁶

346 3723 466 3788 πῶς
516 3723 616 3800 γὰρ
656 3723 733 3795 τῷ
761 3720 1006 3800 χαίροντι
1063 3719 1270 3795 μᾶλλον
1327 3717 1382 3774 ὲν
1434 3725 1512 3793 τῷ
1570 3719 1817 3798 πάσχειν
1871 3719 2002 3798 ὑπὲρ

352 3817 601 3891 Χριστοῦ,
664 3812 752 3866 καὶ
805 3811 900 3874 τὰς
961 3809 1057 3871 μὲν
1102 3807 1318 3886 πληγας
1380 3805 1633 3882 ἀμοιϐὰς,
1693 3809 1891 3882 ζημίαν
1947 3807 2002 3865 δὲ

347 3905 444 3964 τὰς
499 3902 706 3964 ἀνέσεις
742 3902 830 3960 καὶ
877 3901 970 3956 τὸν
1001 3905 1107 3954 τῶν
1153 3897 1487 3970 κολαζόντων
1521 3899 1709 3955 οἶκτον
1750 3898 2000 3975 ὑπολαμ-

349 3988 534 4048 εάνοτι
566 4007 582 4064 ;
635 3990 694 4048 Τί
725 3986 780 4044 δὲ
823 3991 911 4045 καὶ
942 3988 1186 4046 τοιούτου
1227 3985 1492 4064 βασιλέως
1526 3985 1630 4043 ἔδει
1683 3988 1999 4066 φροντίζειν,

347 4081 441 4135 τὸν
504 4083 636 4156 πρὸς
669 4079 898 4154 Χριστὸν
955 4074 1224 4153 βλέποντα
1255 4078 1418 4151 μόνον
1479 4078 1565 4133 καὶ
1598 4075 1784 4133 τοῦτον
1826 4076 2000 4145 ἀληθῆ

348 4167 576 4245 βασιλέα
609 4169 696 4224 καὶ
729 4169 859 4225 Θεὸν
883 4166 1027 4223 εἶναι
1052 4167 1476 4231 πεπιστευκότας
1511 4185 1528 4246 ;
1562 4164 1723 4225 Οὐδὲν
1751 4169 1863 4241 οὖν,
1887 4166 1998 4224 ὥσ-

351 4280 451 4336 περ
483 4256 638 4338 ἔφην,
674 4255 1010 4330 ἑπιδοιάσας,
1046 4255 1282 4333 Χρῆσαι,
1316 4261 1513 4334 φησιν,
1547 4258 1732 4318 δποίος
1777 4256 1840 4313 ἂν
1879 4255 1999 4313 toe-

350 4348 466 4412 λοις
515 4351 610 4404 καὶ
645 4346 794 4410 ὅπως
845 4359 962 4410 τοῖς
996 4343 1114 4403 κατ’
1175 4344 1305 4420 ἐμοῦ
1331 4347 1634 4425 γράμμασι·
1693 4347 2000 4424 Χριστιανὸς

346 4440 450 4516 γὰρ
477 4440 606 4516 εγω,
645 4436 737 4493 καί
773 4435 933 4498 πάλιν
958 4434 1235 4515 ὁμολογῶ,
1273 4437 1586 4513 Χριστιανὸς
1619 4437 1752 4512 εἰμι,

431 4616 543 4679 1Γ¹,
589 4613 709 4694 Ἐφ’
743 4616 833 4679 οἷς
891 4620 997 4670 τῶν
1031 4612 1233 4688 ἄλλων,
1269 4614 1368 4672 ὅσα
1413 4612 1622 4683 δηλαδὴ
1661 4618 1790 4694 πρὸς
1833 4619 2002 4674 πειθὼ

349 4707 526 4787 φέρει,
555 4706 769 4762 πάντων
813 4706 840 4761 6
868 4705 1087 4782 ἡγεμὼν
1142 4705 1432 4782 ἁπογνοὺς,
1465 4706 1551 4761 επὶ
1599 4705 1700 4772 τὴν
1728 4706 1846 4782 βίαν
1905 4706 1998 4762 καί

351 4800 492 4861 αὖθις
545 4794 762 4874 ἐχώρει·
804 4794 891 4851 καί
947 4793 1265 4872 προστάττει
1311 4795 1534 4850 ταθέντα
1586 4795 1724 4851 κατᾶ
1753 4795 1853 4872 γῆς
1909 4797 2000 4852 τὸν

346 4885 586 4964 μάρτυρα
629 4883 914 4940 τύπτεσθαι
947 4882 1143 4962 μέχρις
1201 4883 1347 4952 ὅτου,
1387 4884 1538 4961 φησὶ,
1569 4895 1749 4940 ποιεῖν
1792 4882 1995 4959 ὁμολο-

345 4963 506 5053 γήσυι
567 4975 627 5029 τὸ
671 4972 1047 5046 κελευόμενον,
1117 4963 1173 5029 Ὀ
1233 4971 1286 5028 δὲ
1327 4974 1389 5028 τὸ
1452 4972 1552 5047 μὲν
1599 4971 1868 5050 ἐπίταγμα
1912 4969 1998 5029 καὶ

341 5065 528 5141 πράως
588 5062 704 5119 λίαν
746 5062 838 5139 κρί
897 5061 1141 5136 ἀσμένως
1188 5059 1420 5127 ἐδέξατοο
1483 5065 1886 5142 κατασχεθῆναι
1943 5063 1996 5120 δὲ

340 5154 510 5227 μόνον
548 5153 698 5231 χερσὶ
731 5148 939 5226 δημίων
970 5150 1107 5206 ὥστε
1139 5150 1227 5205 καὶ
1259 5151 1351 5208 καὶ
1377 5149 1465 5205 ὑπ’
1499 5149 1717 5208 ἐκείνων
1734 5150 1992 5219 διαταθῆ-

341 5263 427 5297 ναι
459 5241 590 5319 πρὸς
639 5239 742 5318 γῆν
771 5243 866 5298 οὒκ
897 5238 1182 5319 ἠνέσχετο,
1219 5237 1447 5298 Ἐάσατέ
1499 5260 1589 5318 με,
1624 5241 1808 5298 εἰπών·
1846 5241 1993 5300 οὐδε-

341 5335 430 5395 νὸς
475 5332 578 5409 γὰρ
638 5329 723 5386 ἔπ’
796 5329 914 5404 ἐμοὶ
960 5329 1051 5386 τοῦ
1115 5330 1427 5399 καθέξοντος
1475 5330 1656 5409 χρεία,
1717 5329 1832 5387 ἐπεὶ
1906 5334 1991 5388 καὶ

340 5422 469 5480 αὐτὸ
512 5430 664 5480 τοῦτο
722 5420 783 5477 τὸ
833 5419 1070 5497 πάσχειν
1125 5415 1212 5475 διὰ
1271 5419 1499 5490 Χριστὸν
1543 5419 1639 5477 οὒκ
1690 5417 1991 5488 ἀϐούλητον

340 5505 551 5589 ἔμοιγε,
588 5507 723 5564 ἀλλὰ
767 5509 855 5564 γαὶ
909 5506 1022 5564 λίαν
1053 5509 1123 5570 ὼς
1184 5506 1238 5562 ἑν
1282 5507 1424 5588 θέρει
1477 5505 1616 5586 ὕδωρ
1660 5505 1986 5592 διχῶμενον,

2097 1839 2155 1893 et
2183 1830 2446 1912 linguam
2479 1830 2718 1894 illorum
2764 1832 2936 1894 libris
2965 1838 3108 1893 satis
3159 1830 3507 1900 exercuisti,
3561 1830 3734 1892 nobis

2095 1938 2334 2004 quoque
2352 1930 2624 2003 tempore
2647 1921 2872 2004 aliquid
2897 1940 2967 1984 ex
3003 1919 3345 2000 magicis,ut
3368 1939 3476 1981 nos
3498 1939 3736 2001 quoque

2095 2009 2169 2073 de
2193 2019 2290 2074 tua
2310 2013 2562 2075 scientia
2582 2011 2847 2076 feramus
2871 2009 3422 2074 testimonium.llle
3445 2021 3642 2071 autem
3676 2018 3735 2072 et

2095 2119 2165 2163 os
2189 2109 2246 2164 et
2278 2101 2445 2164 labra
2469 2110 2528 2164 et
2562 2113 2829 2166 mentem
2892 2101 3182 2164 maculari
3214 2108 3272 2162 et
3304 2100 3489 2181 pollui
3521 2099 3732 2163 existi-

2093 2207 2283 2264 mans,
2319 2192 2369 2253 si
2391 2192 2606 2254 horum
2638 2191 2892 2272 alicujus
2917 2191 3292 2254 meminisset
3330 2189 3414 2253 :0
3434 2193 3730 2262 Servator,

2092 2277 2417 2360 inquit,qui
2436 2297 2502 2342 es
2523 2298 2692 2342 meus
2711 2281 3443 2352 Dominus,etrommunis
3465 2279 3732 2340 omnium

2093 2368 2315 2448 Opifex,
2347 2387 2423 2430 ne
2465 2369 2612 2432 mihi
2660 2370 2768 2432 des
2799 2369 3148 2445 omnino,ut
3182 2368 3299 2430 tale
3328 2368 3471 2446 quid
3503 2379 3604 2428 aut
3634 2369 3728 2428 lo-

2092 2475 2264 2539 quar,
2288 2468 2388 2522 aut
2417 2458 2684 2522 audiam.
2720 2459 2864 2533 Qua)
2893 2478 3033 2522 cum
3095 2476 3413 2538 perversus
3445 2457 3547 2518 ille
3575 2473 3730 2535 aegre

2091 2547 2348 2626 tulisset,
2382 2559 2443 2612 et
2485 2548 2665 2630 plane
2709 2549 3066 2632 desperans,
3099 2566 3169 2611 ex
3203 2567 3269 2610 se
3301 2547 3447 2610 nihil
3479 2548 3730 2609 haberet

2086 2641 2242 2714 quod
2259 2641 2734 2715 faceret,martyri
2757 2655 2964 2701 rursus
2981 2641 3159 2700 veluti
3181 2640 3489 2714 quamdam
3513 2640 3728 2698 larvam

2086 2743 2288 2806 regem
2320 2726 2596 2790 intentat.
2621 2728 2696 2791 Et
2726 2745 2837 2790 cur
2866 2736 2951 2802 tu,
2978 2725 3194 2810 inquit,
3230 2725 3291 2788 in
3317 2724 3547 2788 eisdem
3585 2743 3726 2805 per-

2086 2816 2247 2879 sistis
2272 2816 2297 2877 1'
2324 2817 2416 2879 Ad
2444 2818 2704 2899 priorem
2738 2826 3089 2881 convertere
3136 2817 3519 2896 religionem.
3555 2814 3723 2878 Scias

2085 2905 2246 2969 enim
2277 2907 2501 2979 fore,ut
2530 2906 2605 2970 de
2635 2915 2694 2970 te
2723 2907 2795 2970 ad
2822 2925 3026 2988 regem
3053 2905 3370 2969 referatur.
3397 2905 3503 2968 llle
3528 2916 3723 2968 autem

2086 2995 2285 3058 sciens
2307 2996 2455 3060 nihil
2473 2997 2806 3073 referre,an
2821 2998 2894 3060 ab
2912 2999 3150 3079 ipso,an
3169 3015 3204 3059 a
3217 3015 3362 3075 rege
3385 2997 3722 3076 puniretur,

2089 3085 2576 3168 quandoquidem
2613 3086 2910 3150 ainbobus
2959 3085 3364 3150 inhumanitas
3397 3105 3517 3148 una
3550 3095 3639 3148 est
3670 3095 3730 3148 et

2090 3175 2311 3238 saevitia
2343 3192 2357 3238 :
2393 3176 2536 3246 Fac.
2596 3176 2812 3260 inquit,
2847 3175 3008 3260 quod
3065 3177 3176 3241 vis.
3204 3174 3383 3240 Forte
3414 3176 3574 3238 enim
3601 3176 3725 3258 jam

2089 3263 2401 3346 scripsisti,
2435 3275 2494 3328 et
2521 3284 2882 3349 responsum
2913 3265 3224 3348 accepisti.
3260 3267 3319 3330 Is
3343 3284 3485 3328 vero
3517 3267 3728 3330 existi-

2089 3371 2260 3416 mans
2288 3372 2353 3417 se
2383 3354 2580 3436 ipsum
2610 3355 2692 3419 ita
2711 3374 2846 3421 esse
2889 3357 3350 3438 perterriturum
3378 3375 3394 3417 :
3427 3355 3548 3436 Ego
3581 3357 3724 3440 qui-

2089 3443 2251 3517 dem,
2277 3443 2495 3526 inquit,
2525 3444 2671 3508 nihil
2705 3447 2780 3509 de
2813 3465 2884 3509 eo
2905 3445 3100 3508 adhuc
3125 3444 3358 3526 scripsi,
3387 3448 3494 3507 sed
3513 3450 3732 3525 jam,ut

2087 3533 2274 3609 vides,
2298 3533 2568 3597 scribere
2593 3534 3070 3616 aggredionHoc
3088 3535 3328 3615 martyri
3351 3537 3572 3597 nullam
3607 3556 3732 3598 om-

2086 3622 2231 3684 nino
2259 3623 2454 3686 attulit
2477 3642 2704 3699 curam,
2739 3632 2842 3686 aut
2885 3623 3381 3687 sollicitudinem.
3414 3625 3732 3699 Quomodo

2088 3712 2274 3790 enim,
2299 3730 2434 3775 cum
2461 3715 2656 3794 potius
2676 3711 2962 3793 gauderet
2991 3730 3058 3775 se
3099 3713 3218 3794 pati
3247 3722 3490 3796 propter
3519 3717 3728 3779 Chris-

2087 3808 2303 3882 tum,et
2335 3801 2536 3883 plagas
2575 3803 2817 3885 quidem
2858 3803 3404 3877 remunerationes,
3440 3804 3726 3867 damnum

2084 3899 2282 3954 autem
2315 3901 2550 3973 putaret
2582 3892 3454 3973 remissionem.eteorum,qui
3485 3899 3729 3971 castiga-

2085 3980 2227 4044 bant
2245 3981 2442 4062 ipsum
2468 3979 2941 4044 misericordiam
2964 3987 2993 4045 ?
3017 3979 3167 4055 Quid
3188 3988 3386 4044 autem
3413 3982 3729 4061 oportebat

2089 4090 2229 4134 eum
2265 4072 2442 4134 talem
2477 4089 2680 4152 regem
2703 4088 2940 4147 curare,
2973 4073 3072 4153 qui
3095 4071 3166 4133 ad
3192 4069 3496 4135 Christum
3529 4073 3723 4136 solum

2085 4161 2437 4244 aspiciebat,
2473 4170 2533 4224 et
2561 4178 2698 4224 eum
2749 4178 2953 4224 verum
3015 4179 3150 4225 esse
3193 4179 3395 4240 regem
3449 4172 3505 4226 et
3534 4163 3721 4226 Deum

2087 4249 2478 4314 crediderat?
2507 4249 2614 4313 llle
2668 4250 2994 4331 erg0,sicut
3052 4249 3357 4326 dixi,nihil
3386 4251 3720 4333 ambigens.

2086 4341 2568 4422 Qualescunque,
2601 4339 2819 4422 inquit,
2865 4340 3221 4418 volueris,et
3261 4342 3722 4423 quomodocun-

2019 4476 2065 4529 ο
2083 4448 2201 4513 que
2229 4431 2306 4494 de
2335 4450 2436 4529 me
2461 4430 2662 4495 scribe
2691 4431 3341 4529 litteras-Christianus
3365 4433 3524 4496 enim
3561 4453 3669 4514 ego
3706 4455 3720 4494 :

2085 4530 2144 4586 et
2173 4539 2380 4585 rursus
2408 4523 2620 4598 fateor,
2650 4540 2783 4586 sum
2815 4523 3212 4589 Christianus.

2160 4609 2720 4686 Xlll.0uamobrem
2745 4632 2881 4676 cum
2907 4614 3029 4676 dux
3051 4633 3220 4696 spem
3245 4613 3569 4696 abjecisset
3600 4635 3724 4678 om-

2086 4700 2419 4783 uium,quee
2442 4711 2685 4784 possent
2715 4701 2881 4764 illum
2908 4703 3299 4783 persuadere,
3331 4705 3404 4766 ad
3434 4705 3550 4766 vim
3587 4725 3720 4766 rur-

2084 4809 2188 4852 sus
2207 4791 2842 4874 revertitur,jubetque
2865 4792 3032 4855 humi
3055 4800 3368 4855 extensum
3404 4805 3720 4878 martyrem

2085 4880 2286 4943 tandiu
2321 4880 2649 4956 verberari,
2679 4881 2871 4946 donec
2905 4883 3288 4964 profiteretur
3317 4884 3534 4959 facere,
3565 4886 3720 4966 quod

2075 4970 2516 5050 jubereturJlle
2541 4973 2916 5053 autemquod
2931 4971 3254 5052 jubebatur
3275 4975 3722 5054 quidem,zequo

2083 5061 2280 5124 animo
2315 5069 2376 5124 et
2407 5061 2640 5125 lubenti
2693 5064 3000 5146 suscepit;
3032 5063 3410 5127 solummodo
3441 5063 3717 5125 lictorum

2082 5149 2381 5226 manibus,
2407 5160 2468 5214 ut
2491 5151 2566 5214 ab
2598 5152 2721 5216 illis
2753 5154 3199 5235 ostenderetur,
3237 5154 3431 5216 teneri
3462 5172 3580 5214 non
3611 5171 3718 5216 su-

2077 5241 2283 5304 stinuit
2311 5261 2326 5302 :
2353 5240 2542 5306 Sinite
2562 5261 2682 5314 me,
2713 5242 2924 5306 dicens
2951 5263 2964 5303 :
3010 5262 3129 5306 non
3163 5261 3315 5324 opus
3346 5241 3538 5304 habeo
3567 5243 3712 5320 ullo,

2076 5331 2176 5412 qui
2198 5349 2292 5393 me
2317 5331 2697 5395 teneat.Nam
2713 5332 2826 5395 hoc
2848 5331 3198 5413 ipsum,pati
3222 5331 3456 5395 scilicet
3479 5341 3723 5414 propter

2078 5419 2791 5503 Christum,nequaquam
2817 5433 2908 5484 est
2922 5419 3409 5499 involuntarium,
3429 5423 3536 5486 sed
3557 5422 3717 5504 quod

2078 5528 2187 5590 ego
2220 5529 2342 5572 non
2376 5511 2598 5586 minus,
2619 5530 2796 5594 quam
2821 5530 3031 5600 aquam
3055 5513 3451 5590 testate,sitio,
3478 5522 3535 5576 et
3557 5515 3716 5598 quod
