4054 6204
430 265 545 337 ⁸791
1724 267 2006 336 MENSIS
2045 272 2087 334 J.

2174 267 2502 336 lUARIUS.
3682 251 3792 318 799

435 409 642 486 magis.
679 429 856 492 quam
888 412 1038 475 ullas
1065 412 1394 492 voluptates
1437 416 1496 471 et
1525 408 1774 470 delicias
1801 407 2068 486 amplec-

2174 408 2240 463 ιαὶ
2288 407 2401 465 ἀντ’
2435 409 2608 476 ἄλλης
2665 410 2808 471 τινὸς
2853 405 3045 476 ἡδονῆς
3078 405 3113 469 ἢ
3157 403 3359 482 τρυφῆς
3418 398 3790 471 ἀσπαζόμενον.

435 503 552 559 tor.
587 486 737 562 Cum
770 519 913 579 ergo
971 486 1219 584 pronus-
1255 499 1425 562 humi
1465 498 1808 566 cecidisset.
1858 505 1917 558 et
1945 496 2075 576 ipse

2174 499 2378 572 Πρηνὴς
2423 501 2600 559 τοίνυν
2674 499 2760 555 ἐπὶ
2822 505 2915 554 τοῦ
2973 493 3193 572 ἐδάφους
3263 491 3472 562 πεσὼν,
3518 489 3605 544 καὶ
3657 486 3797 552 οὗτος

433 587 698 668 seipsum
733 592 958 652 sensim
1003 589 1394 660 extendisset,
1431 597 1545 650 tam
1591 586 1822 649 crebris
1866 595 1924 647 et
1955 595 2071 647 tam

2158 587 2345 643 ἑαυτὸν
2402 588 2576 666 ἡρέμα
2652 588 2938 661 διατείνας,
3003 585 3100 641 ἴσα
3166 583 3254 639 καὶ
3298 580 3456 636 ὑετοῦ
3515 582 3668 655 φορᾷ,
3719 578 3799 632 καὶ

432 667 879 742 continentibus
927 679 1356 743 verberabatur
1407 678 1590 740 clava)
1621 677 1858 740 ictibus.
1895 694 2071 757 quam

2174 677 2296 733 ιετά
2349 683 2450 745 τῆς
2481 679 2640 746 οὒτῆς
2701 676 3005 757 συνεχείας,
3039 685 3157 737 τοῖς
3210 668 3477 748 ῥοπάλοις
3539 667 3795 722 ἐτύπτετο·

434 767 632 829 imber
661 769 922 831 deorsim
947 770 1108 832 cadit
1141 792 1156 834 :
1192 787 1330 832 cum
1363 767 1436 829 ab
1471 767 1732 828 inimicis
1763 767 1949 828 solam
1975 784 2071 845 pe-

435 855 631 918 tiisset
681 859 959 938 gratiam,
993 867 1056 920 ut
1112 867 1362 922 exueret
1404 857 1813 918 venerandum
1875 874 2078 916 mona-

437 947 686 1008 chorum
712 949 1094 1022 amictum,et
1125 949 1302 1012 nudis
1330 948 1751 1009 verberaretor
1770 946 2072 1007 carnibus.

437 1033 522 1098 Ne
549 1043 620 1106 is,
656 1037 872 1118 inquit.
906 1059 1024 1102 una
1046 1058 1180 1102 cum
1208 1039 1360 1100 meis
1392 1036 1678 1099 membris
1707 1035 1925 1116 probro
1956 1037 2078 1096 affi-

438 1125 649 1186 ciatur.
683 1129 780 1190 Sic
813 1129 912 1191 ille
947 1149 1063 1190 non
1091 1127 1280 1190 solam
1333 1127 1466 1188 vitae
1495 1144 1566 1188 ex
1601 1128 1721 1189 Deo
1758 1125 2077 1187 institutio-

437 1233 599 1288 nem,
634 1219 736 1278 sed
771 1220 952 1280 etiam
1013 1219 1148 1299 ejus
1193 1216 1366 1293 signa
1401 1216 1568 1278 omni
1603 1216 1832 1277 honore
1861 1215 2080 1277 afﬁcie-

438 1302 562 1366 bat.
614 1305 729 1368 Sed
763 1308 863 1369 ille
910 1308 1153 1388 quidem
1187 1306 1288 1367 diu
1332 1315 1448 1368 tam
1485 1304 1812 1366 crudeliter
1847 1315 2083 1386 torque-

438 1391 638 1469 batur,
691 1415 825 1458 cum
880 1416 991 1460 nec
1045 1397 1120 1458 ab
1173 1396 1298 1458 ullo
1329 1396 1574 1456 omnino
1606 1403 1932 1467 teneretur,
1970 1414 2080 1458 nec

440 1496 835 1563 premeretur,
870 1495 930 1549 et
960 1506 1078 1549 non
1112 1505 1176 1548 se
1196 1485 1522 1548 transferre
1548 1495 1648 1546 aut
1676 1485 1922 1548 omnino
1960 1504 2081 1548 mo-

439 1593 579 1636 vere
608 1577 1067 1656 prohiberetur:
1104 1577 1209 1639 sed
1241 1577 1370 1656 ipse
1404 1575 1670 1655 seipsum
1705 1575 1897 1636 valide
1924 1584 2077 1639 tene-

442 1674 555 1738 ret,
593 1676 650 1725 et
674 1666 1087 1741 immobiliter,
1122 1685 1241 1729 non
1275 1665 1326 1726 vi
1388 1682 1700 1739 manuum,
1736 1666 1839 1725 sed
1873 1667 2078 1741 animi,

2160 763 2334 840 μόνην
2396 767 2607 834 εκείνην
2677 766 2800 844 πορ’
2832 754 3073 844 γ’ἐχθρῶν
3131 763 3296 840 χάριν
3371 756 3645 844 αἰτήσας,
3676 754 3802 810 ὥστε

2161 857 2222 912 τὸ
2280 854 2570 932 σεϐασμίον
2602 863 2709 914 τῶν
2756 843 3018 935 γμοναχῶν
3072 850 3389 909 ἐκδύσασθαι
3450 843 3797 922 περιϐόλαιον,

2160 947 2248 1002 καὶ
2279 946 2446 1011 οὕτως
2479 948 2572 1005 ὲπί
2604 948 2819 1022 γυμνῶν
2855 946 3134 1002 τύπτεσθαι
3163 947 3268 998 τῶν
3303 943 3542 1016 σαρκῶν·
3577 933 3692 992 Ἵνα
3733 934 3804 1007 μὴ

2161 1037 2250 1091 καὶ
2291 1039 2446 1108 αὐτὸ,
2500 1039 2646 1116 φησὶ,
2696 1049 2812 1102 τοῖς
2861 1035 3018 1111 ἐμοῖς
3070 1027 3556 1110 συγιιαθυϐρίζηται
3607 1023 3800 1116 μέλεσι,

2163 1124 2340 1192 Οὕτως
2385 1131 2444 1186 οὖ
2507 1115 2680 1201 μόνην
2734 1127 2942 1188 ἐκεῖνος
3003 1123 3100 1190 τὴν
3142 1121 3278 1178 κατὰ
3325 1119 3463 1175 Θεον
3522 1115 3802 1192 πολιτείαν,

2161 1213 2300 1270 ἀλλά
2329 1217 2425 1273 καί
2453 1217 2585 1273 αὒτά
2637 1217 2837 1282 ταύτης
2869 1215 2935 1276 τὰ
2977 1210 3220 1286 σάμϐολα
3251 1208 3339 1266 διὰ
3378 1211 3549 1280 τιμῆς
3603 1203 3804 1269 ἀπάσης

2163 1303 2339 1368 ιτίθει,
2374 1305 2526 1363 Ἀλλ’
2570 1309 2597 1364 δ
2630 1307 2727 1378 μὲν
2756 1305 2923 1372 οὕτως
2956 1301 3198 1380 evntes:
3228 1300 3316 1357 ἐπὶ
3351 1297 3524 1357 πολὺν
3557 1297 3646 1353 τὸν
3674 1295 3802 1374 χρό-

2163 1417 2253 1451 νον
2304 1395 2542 1475 ᾐκίζετο,
2575 1399 2636 1454 οὐ
2691 1396 3064 1476 κατεχόμενος
3115 1393 3217 1449 ὑπό
3274 1412 3371 1447 του
3419 1391 3482 1444 τὸ
3542 1386 3802 1464 παράπαν,

2164 1487 2225 1542 οὐ
2281 1485 2618 1559 πιεζόμενος,
2667 1487 2726 1544 οὒ
2794 1485 3110 1565 μεταφέρειν
3154 1482 3346 1538 ἑαυτὸν
3407 1479 3445 1546 ἢ
3503 1487 3806 1554 παρακινεῖν

2164 1572 2303 1632 ὅλως
2361 1577 2692 1653 εἰργόμενος,
2747 1575 2872 1632 ἀλλ’
2925 1576 3080 1638 αὐτὸς
3141 1572 3328 1633 ἑαυτὸς
3387 1571 3642 1648 ἀσφαλῶς
3682 1586 3806 1622 κατ-

2167 1663 2313 1741 έγων
2371 1667 2459 1722 καὶ
2487 1665 2930 1743 ἀμετακινήτως,
2969 1669 3028 1723 οὗ
3071 1663 3159 1740 βίᾴ
3215 1667 3446 1741 χειρῶν,
3483 1655 3624 1713 ἀλλά
3677 1655 3806 1732 γνώ-

446 1763 504 1816 et
536 1765 758 1817 naturae
785 1759 1201 1820 necessitatem
1249 1755 1498 1817 vincens
1528 1755 1881 1816 necessitate
1909 1755 2084 1820 liberi

2174 1775 2278 1827 μης
2336 1753 2431 1810 καί
2484 1755 2689 1831 φύσεως
2762 1755 3001 1831 ἀνάγκας
3060 1753 3269 1829 ἀνάγκῃ
3341 1753 3512 1805 νικῶν
3569 1743 3810 1823 προαιρέ-

447 1844 699 1912 arbitrii.
743 1855 804 1907 et
854 1866 1025 1909 acres
1075 1845 1348 1922 corporis
1398 1843 1637 1904 dolores
1682 1844 1804 1906 arri
1838 1845 2085 1908 vincens

443 1931 548 1994 Dei
580 1935 910 2006 de~iderio,
959 1944 1016 1997 et
1071 1942 1400 2016 praesentes
1431 1934 1734 1996 molestias
1767 1936 2086 1999 consolans

445 2040 551 2101 spe
575 2023 929 2087 futurorum.

523 2111 680 2175 XIV.
717 2113 860 2177 Cum
894 2117 1180 2179 adversus
1232 2116 1358 2177 haec
1409 2113 1624 2175 stultus
1653 2113 1755 2176 ille
1785 2113 1900 2177 dux
1938 2116 2084 2177 nihil

444 2203 774 2275 sapientius
793 2215 989 2284 posset
1011 2205 1533 2286 excogitare,quod
1558 2213 1733 2266 tanta;
1755 2203 2087 2267 fortitudini

452 2303 787 2372 opponeret
819 2305 875 2357 et
901 2294 1252 2360 tolerantite.
1287 2295 1340 2356 ei
1373 2313 1581 2356 rursus
1609 2313 1849 2375 quoque
1883 2311 2083 2374 regem

448 2381 782 2443 intentabat
813 2392 871 2444 et
927 2385 1196 2463 rogabat,
1249 2392 1312 2446 ut
1343 2381 1810 2464 persuaderetur
1833 2385 2079 2446 athleta.

452 2472 600 2535 Nam
627 2473 702 2532 de
726 2475 1026 2556 te,inquit,
1048 2474 1160 2553 ipsi
1186 2475 1310 2554 regi
1334 2472 1704 2551 signiﬁcabo:
1736 2474 1987 2553 perinde
2015 2496 2084 2538 ac

451 2563 496 2622 si
521 2561 622 2622 uni
647 2581 832 2640 puero
856 2575 986 2626 utre
1013 2575 1300 2626 terrorem
1329 2564 1592 2636 afferret,
1623 2572 1685 2624 ut
1715 2563 1956 2629 dicitur.
1984 2565 2090 2628 Ille

451 2660 650 2712 autem
681 2661 916 2725 eadem,
942 2673 1076 2735 qum
1107 2656 1295 2734 prius,
1325 2653 1660 2733 respondit,
1693 2663 1748 2714 et
1775 2655 1930 2733 quod
1963 2656 2093 2736 ejus

449 2741 648 2802 animo
677 2743 1146 2825 placeret,jussit
1177 2743 1699 2817 facere.Quocirca
1732 2743 1834 2804 ille
1855 2764 2092 2826 quoque

452 2850 662 2893 rursus
692 2835 935 2914 rogabat
964 2835 1266 2898 similiter.
1303 2834 1533 2898 Deinde
1557 2834 1770 2896 dicens
1804 2833 1970 2897 :Non
2013 2836 2091 2897 ti-

457 2941 582 2981 mes
613 2922 868 3000 regem?
929 2924 1117 2998 Quam
1169 2925 1246 2987 ob
1302 2942 1455 2999 rem,
1519 2925 1711 3004 inquit
1761 2933 2005 3005 martyr,
2038 2935 2095 2988 et

455 3009 594 3088 quid
625 3012 921 3089 ejusmodi
953 3032 1083 3074 sum
1117 3013 1192 3075 ab
1220 3030 1296 3076 eo
1347 3021 1677 3093 passurus?
1725 3015 1963 3087 Annon,
1999 3021 2094 3076 in-

455 3100 603 3194 quit,
639 3098 771 3194 ipse
796 3120 1038 3182 quoque
1062 3104 1242 3164 homo
1293 3112 1404 3175 est,
1440 3103 1500 3194 in
1539 3121 1715 3184 quem
1749 3102 1905 3164 idem
1936 3104 2158 3194 inte-c

453 3188 606 3248 ritus
641 3189 800 3250 cadit
832 3197 891 3251 et
922 3209 1084 3253 mors
1142 3194 1351 3255 eadem
1374 3199 1402 3256 ‘2
1462 3192 1793 3265 Quemnam
1829 3210 1970 3272 ergo
2004 3212 2098 3254 me

455 3286 690 3357 oportet
716 3281 902 3359 magis
923 3282 1157 3354 timere,
1185 3299 1409 3344 eumne
1432 3281 1534 3364 qui
1566 3298 1753 3362 aequat
1781 3291 1961 3363 atque
1991 3301 2099 3362 ego

456 3367 688 3442 interit,
712 3386 786 3430 an
818 3389 983 3445 eum,
1021 3373 1120 3450 qui
1151 3389 1394 3452 semper
1421 3380 1535 3446 est,
1571 3379 1632 3432 et
1655 3370 1758 3451 qui
1790 3372 2006 3433 uelum
2040 3381 2099 3434 et

457 3462 703 3532 terram,
737 3467 798 3520 et
847 3477 1219 3542 quaecunque
1267 3459 1380 3522 sub
1424 3468 1734 3542 aspectum
1767 3459 1988 3523 cadunt
2040 3465 2098 3523 et

456 3546 870 3626 percipiuntur
899 3549 1316 3630 intelligentia,
1347 3551 1419 3613 ad
1454 3551 1568 3612 hoc
1597 3563 1656 3612 ut
1692 3558 1916 3624 essent,
1953 3570 2095 3630 pro-

456 3633 674 3698 duxit?
718 3637 865 3702 Cum
923 3658 1067 3719 ergo
1117 3640 1362 3703 vidisset
1418 3639 1536 3702 dux
1585 3659 1795 3702 rursus
1824 3641 2096 3704 inutilem

456 3724 642 3788 fuisse
670 3743 844 3790 suum
871 3738 1176 3805 conatum,
1209 3749 1344 3793 cum
1378 3730 1438 3793 in
1469 3731 1802 3793 constantia
1835 3749 1939 3811 pro
1973 3731 2098 3811 pie-

454 3825 576 3877 tate
609 3817 755 3880 nulli
815 3819 1057 3882 cederet
1116 3819 1486 3894 Anastasius,
1539 3839 1748 3884 rursus
1807 3821 2092 3883 athletam

456 3907 806 3972 transmittit
832 3910 888 3970 in
921 3911 1280 3974 custodiam.
1330 3910 1642 3984 Quomodo
1700 3920 1896 3973 autem
1947 3912 2099 3973 solet

457 3996 613 4076 quis,
648 3998 804 4079 quod
843 4001 985 4077 vult,
1042 4000 1219 4062 facile
1270 4008 1648 4082 exspectare,
1706 4009 1840 4080 post
1870 4001 2099 4081 aliquot

458 4086 589 4147 dies
618 4105 825 4149 rursus
853 4099 1123 4151 sanctum
1150 4089 1356 4152 educit
1387 4107 1420 4151 e
1455 4106 1716 4162 carcere,
1751 4089 1948 4150 adhuc
1981 4090 2095 4151 ali-

459 4192 572 4253 qua
597 4176 651 4236 ei
682 4194 788 4251 spe
816 4176 1163 4240 blandiente
1193 4201 1205 4237 :
1236 4177 1307 4242 Et
1336 4179 1624 4258 acceptis,
1661 4178 1872 4258 inquit,
1909 4180 2098 4257 magi-

2171 1862 2328 1914 σεως,
2365 1844 2452 1899 καὶ
2507 1845 2757 1918 σώματος
2789 1841 3026 1922 δριμείας
3084 1840 3267 1901 ὀδύνας
3306 1837 3643 1916 δριμυτέροις
3690 1834 3806 1911 πρὸς

2170 1934 2302 1988 Θεὸν
2329 1934 2510 1998 πόθοις
2555 1934 2876 2014 ἀναψύχων,
2911 1934 3000 1990 καὶ
3052 1933 3118 1988 τὰ
3150 1930 3392 2004 παρόιτα
3438 1926 3652 2004 λυπηρὰ
3701 1935 3809 1986 ταῖς

2169 2028 2275 2078 τῶν
2305 2022 2616 2093 μελλόντωι
2646 2025 2821 2082 ἐλπίσι
2854 2023 3355 2100 παραμυθούμενος.

2253 2111 2364 2170 lA'.
2420 2116 2556 2175 Πρὸς
2591 2124 2755 2174 ταῦτα
2787 2117 2814 2172 ὁ
2845 2114 3071 2178 ἀνόητος
3130 2112 3350 2188 ἡγεμὼν
3385 2108 3600 2171 ἐκεῖνος
3646 2125 3812 2181 σοφωσ

2168 2201 2324 2271 τέραν
2371 2207 2466 2262 οὐκ
2495 2208 2589 2264 οὐκ
2619 2205 2767 2286 ἔχων
2796 2204 3030 2261 ἐπίνοιαν
3075 2203 3310 2277 τοσαύτῃ
3342 2199 3644 2255 ἀντιθεῖναι
3671 2195 3811 2272 ῥώμῃ

2169 2293 2255 2348 καὶ
2299 2294 2570 2372 καρτερίᾳ,
2633 2297 2722 2351 τὸν
2783 2294 3008 2370 βασιλέα
3063 2306 3152 2349 καὶ
3208 2293 3368 2350 πάλιν
3431 2289 3810 2360 ἐπανετείνετο,

2168 2383 2253 2438 καὶ
2302 2387 2582 2451 πεισθῆναι
2637 2385 2781 2451 ἠξίου
2826 2387 2918 2442 τὸν
2960 2383 3225 2451 ἀθλητήν.
3290 2381 3452 2439 Ἐπεί
3514 2380 3604 2436 καὶ
3659 2377 3810 2449 αὐτῶ,

2169 2472 2332 2547 φησί,
2366 2473 2583 2549 βασιλεῖ
2629 2474 2764 2541 δῆλα
2791 2476 2859 2532 τὰ
2889 2475 3008 2552 περὶ
3039 2481 3134 2531 σοῦ
3162 2474 3425 2546 θήσομαι·
3487 2468 3720 2543 καθάπερ
3747 2457 3814 2522 ἑνὶ

2173 2565 2278 2618 τῶν
2321 2562 2524 2621 παίδων
2555 2564 2729 2643 ἀσκῷ,
2762 2567 2825 2622 τὸ
2854 2573 2949 2623 τοῦ
2977 2564 3163 2641 λόγου,
3195 2560 3730 2640 μορμολυττόμενος.
3759 2558 3812 2613 Ὃ

2174 2650 2230 2708 δὲ
2288 2654 2354 2710 τὰ
2405 2653 2501 2710 ἴσα
2546 2668 2663 2717 τοῖς
2715 2651 3039 2733 προλαόοὖσι
3071 2656 3159 2710 καὶ
3218 2660 3307 2708 νῦν
3355 2650 3705 2726 ἀπεκρίνατο,
3735 2647 3813 2703 καὶ

2177 2756 2363 2798 ποιεῖν
2411 2742 2542 2817 ὅπερ
2571 2744 2634 2799 ἂν
2695 2744 2839 2816 αὐτῷ
2867 2746 3005 2800 κατὰ
3060 2743 3283 2820 γνώμην
3327 2740 3644 2818 ἐπέτρεπεν.
3705 2733 3807 2814 Ἐφ’

2176 2836 2260 2895 οἷς
2320 2835 2384 2890 τὰ
2412 2831 2575 2908 ὅμοια
2628 2835 2717 2890 καὶ
2767 2833 2927 2890 πάλιν
2983 2833 3189 2894 ἐκεῖνος
3251 2831 3537 2908 ἐπηρώτα,
3574 2828 3728 2896 Εἶτα,
3759 2828 3811 2882 οὗ

2177 2920 2440 2994 δέδοικας,
2475 2921 2671 3002 λέγων,
2705 2925 2794 2979 τὸν
2825 2921 3051 2999 βασιλέα
3089 2943 3105 2994 ;
3138 2923 3308 2992 Διατί,
3343 2922 3509 2988 φησὶν
3541 2918 3569 2974 ὃ
3602 2917 3810 3013 μέρτυς,

2178 3015 2264 3068 καὶ
2299 3014 2346 3068 τί
2374 3023 2613 3072 τοιοῦτον
2664 3011 2876 3087 μέλλων
2903 3010 3030 3086 παρ’
3074 3013 3234 3070 αὐτοῦ
3261 3013 3540 3068 πείσεσθαι
3575 3030 3592 3082 ;
3636 3004 3685 3068 ’Β
3725 3004 3813 3080 γὰρ

2183 3104 2304 3182 οὐχὶ
2358 3104 2446 3158 καὶ
2476 3104 2631 3167 αὐτὸς
2663 3104 2938 3180 ἅνθρωπός
2999 3102 3135 3176 ἔστι,
3167 3103 3267 3168 τὴν
3311 3102 3481 3167 “tn-hy
3511 3102 3648 3174 ἡμῖν
3695 3099 3814 3175 φθο-

2181 3195 2276 3263 ράν
2324 3195 2411 3250 καὶ
2445 3194 2534 3250 τὸν
2586 3193 2706 3250 ἴσον
2750 3194 2974 3250 θάνατον
3017 3193 3415 3272 ὑφιστάμενοςς
3481 3192 3606 3248 Τίνα
3635 3186 3719 3243 οὖν
3754 3203 3813 3259 με

2180 3281 2265 3339 δεῖ
2321 3281 2528 3356 μᾶλλον
2557 3279 2861 3362 φοϐεῖσθαι,
2898 3285 2988 3340 τὸν
3039 3283 3238 3356 ὁμοίως
3290 3280 3408 3355 ἐμοὶ
3462 3279 3812 3360 φθειρόμενον,

2180 3372 2216 3441 ἢ
2259 3373 2349 3428 τὸν
2405 3372 2508 3452 ἀεὶ,
2562 3373 2651 3429 καί
2705 3373 2894 3436 αὐτοὺς
2966 3375 3134 3448 ἡμᾶς,
3180 3373 3268 3428 καὶ
3339 3372 3562 3442 οὐρανὸν
3618 3366 3671 3423 δὲ
3736 3363 3813 3420 καὶ

2181 3467 2307 3542 γῆν,
2344 3464 2432 3520 καὶ
2462 3464 2632 3520 πάντα
2663 3465 2839 3540 ὁραπά
2873 3465 2961 3520 καὶ
3003 3464 3263 3538 νοούμενα
3307 3463 3378 3526 εἷς
3411 3463 3474 3519 τὸ
3512 3460 3655 3517 εἶναι
3685 3475 3812 3551 παρτ

2181 3554 2455 3630 ἀγαγόντα
2492 3574 2507 3622 ;
2560 3551 2720 3616 Εἰδὼς
2774 3564 2947 3610 τοίνυν
2976 3554 3004 3610 ὁ
3046 3553 3289 3631 ἡγεμὼν,
3326 3553 3400 3615 ὼς
3455 3550 3687 3618 ἀνήνυτα
3735 3550 3811 3598 και

2180 3642 2324 3703 αὖθις
2381 3642 2524 3716 αὐτῷ
2566 3642 2630 3699 τὰ
2671 3643 2766 3710 τῆς
2825 3643 3218 3722 ἐγχειρήσεως,
3251 3641 3419 3701 οὕτως
3477 3634 3812 3696 Ἀναστασὶου

2181 3730 2366 3807 μηδενὶ
2421 3732 2519 3798 τὴν
2570 3732 2836 3796 εὐσεϐείας
2895 3732 3137 3788 ἔνστασιν
3180 3731 3449 3811 εἴκοντος,
3481 3736 3559 3801 τῷ
3605 3722 3814 3811 φρουρίῳ

2179 3824 2266 3878 καὶ
2321 3819 2483 3878 πάλιν
2521 3821 2867 3900 παραπέμπει
2897 3824 2988 3878 τὸν
3032 3820 3295 3891 ἀθλητήν.
3345 3810 3450 3879 Οἷα
3485 3819 3539 3877 δὲ
3595 3810 3810 3898 φιλεῐ,’ὂ

2179 3913 2426 3986 βούλεταί
2473 3935 2577 3991 τις,
2615 3919 2766 3969 τοῦτο
2811 3910 2999 3989 ῥᾳδίως
3029 3913 3117 3969 καὶ
3169 3909 3496 3990 προσδοκᾷν,
3542 3908 3658 3986 ἄγει
3691 3902 3811 3979 μετά

2177 4025 2325 4065 τινας
2372 4002 2575 4081 ἡμέρας
2609 4005 2698 4059 τὸν
2745 4001 2894 4080 ἅγιον
2953 4002 3060 4059 ἀπὸ
3116 4014 3209 4060 τοι)
3264 4002 3532 4080 φρουρίου,
3567 3999 3643 4054 ἔτι
3684 3994 3810 4052 τινὸς

2179 4093 2335 4150 αὺτὸν
2390 4089 2598 4157 ἐλπίδος
2655 4093 3073 4166 ὑποσαινούσης,
3135 4093 3243 4165 καὶ,
3306 4089 3520 4164 Λαϐὼν,
3555 4088 3705 4168 φησὶ,
3754 4083 3810 4138 τὰ

2184 4182 2412 4260 μαγικὰ,
2473 4185 2652 4251 θῦσον,
2699 4182 2775 4252 μὴ
2842 4183 2927 4237 καὶ
2981 4179 3133 4240 τοῦδε
3182 4188 3275 4238 τοῦ
3317 4181 3495 4260 φωτὸς
3557 4179 3614 4233 σὲ
3669 4173 3810 4233 αὑτὸν

457 4259 546 4321 cis
566 4263 859 4335 sacriﬁca,
893 4283 969 4327 ne
999 4275 1059 4328 te
1083 4266 1266 4329 stulte
1299 4267 1410 4328 bac
1452 4265 1587 4328 luce
1618 4266 1836 4346 prives.
1885 4265 2087 4348 Martyt

2183 4259 2426 4340 ἀονήτως
2502 4272 2904 4348 ἀποστερήσῃς.
2971 4273 3066 4328 Καὶ
3123 4276 3151 4327 ὁ
3223 4259 3446 4346 μάρτυς,
3514 4271 3686 4331 Ποίοις
3751 4283 3808 4326 με

457 4357 692 4442 autem:
728 4351 978 4429 Quibus,
1011 4355 1229 4432 inquit,
1256 4375 1350 4418 me
1373 4353 1555 4436 jubes
1584 4354 1702 4416 diis
1729 4356 2087 4422 sacrificare!

2182 4360 2445 4442 κελεύεις,
2473 4360 2599 4441 ἔφη,
2632 4365 2820 4423 θῦσαῖς
2863 4363 3056 4440 θεοῖςς
3115 4352 3174 4418 Ὀ
3218 4359 3297 4417 δέ·
3343 4362 3470 4438 [lupi
3529 4361 3612 4415 ui
3667 4355 3806 4426 ἡλίῳ.
3855 4387 3860 4390 -

462 4439 570 4503 ille
601 4458 790 4506 vero:
849 4443 1004 4523 lgni,
1058 4444 1276 4526 inquit,
1337 4457 1394 4508 et
1446 4443 1585 4526 soli,
1646 4453 1704 4506 et
1735 4444 1909 4508 lunae.
1946 4445 2087 4524 Ergc

2183 4451 2271 4507 καὶ
2327 4448 2551 4526 σελήνῃ,
2589 4451 2673 4506 καὶ
2722 4449 2900 4523 ἵππῳ.
2938 4451 3139 4507 Οὐκοῦν
3192 4449 3285 4505 χαί
3336 4448 3502 4528 ἰίρεσι,
3539 4452 3566 4505 ὁ
3621 4445 3808 4522 μοίρτυς

464 4531 639 4592 etiam
696 4513 1022 4610 montibus,
1085 4513 1281 4617 inquit
1344 4513 1585 4616 martyr,
1645 4543 1701 4597 et
1729 4513 2087 4610 collibus,‘el

2183 4540 2333 4614 εἶπε,
2364 4542 2455 4596 καὶ
2485 4541 2727 4618 βουνοῖς,
2757 4541 2842 4595 καὶ
2901 4541 3152 4618 κτήνεσι,
3184 4541 3272 4596 καὶ
3303 4561 3446 4616 πασῃ
3478 4546 3585 4595 τῶν
3614 4533 3806 4612 ἀνθρώ-

464 4618 871 4702 pecoribus,et
890 4623 1054 4687 omni
1083 4625 1357 4688 servituti
1383 4625 1947 4704 bominum,quibus
1978 4627 2087 4687 im-

2183 4651 2298 4685 πων
2329 4626 2560 4708 δουλείᾳ,
2592 4630 2667 4685 ὦν
2696 4628 2884 4708 ἄρχειν
2913 4630 3014 4684 ὕπὸ
3044 4629 3137 4686 τοῦ
3169 4637 3512 4708 Δημιουργοῦ
3541 4621 3806 4704 κεκέλ]εύο

391 4704 396 4709 ’
471 4727 681 4790 ρει-ατο
710 4711 858 4791 jussi
890 4731 1098 4776 sumus
1121 4713 1197 4776 ab
1219 4714 1471 4792 Opifice,
1498 4732 1616 4778 non
1648 4722 1847 4776 autem
1881 4717 1969 4778 eis
2000 4735 2087 4796 po-

2181 4717 2392 4799 σμ]εθα,
2456 4704 2556 4774 οὐχ’
2613 4704 2874 4799 ἄρχεσθαι
2930 4717 3156 4793 μᾶλλον,
3203 4719 3278 4784 ὡς
3334 4704 3480 4779 abaci
3545 4716 3803 4796 βούλεσθε,

468 4799 585 4861 tius
617 4818 849 4879 parere,
883 4810 948 4865 ut
982 4823 1082 4866 vos
1133 4804 1330 4879 vultis,
1364 4824 1484 4868 non
1529 4812 1810 4886 tanquam
1856 4816 2087 4888 proptel

2182 4809 2420 4877 καθάπερ
2464 4809 2523 4864 οὐ
2596 4807 2664 4864 δι’
2734 4811 2878 4883 ἡμᾶς
2936 4809 3212 4886 γεγονόσιν
3285 4808 3468 4873 αὐτοῖς
3525 4808 3803 4889 χρώμενοι·

467 4908 574 4951 nos
603 4891 771 4953 factis
802 4899 1058 4966 utentes,
1093 4895 1199 4957 sed
1239 4894 1492 4978 perinde
1539 4913 1610 4957 ac
1637 4896 1688 4955 si
1720 4913 1826 4956 nos
1857 4907 2087 4974 proptet

2181 4894 2302 4952 ἀϐν
2336 4897 2517 4972 ὥσπερ
2549 4896 2609 4954 ἂν
2641 4900 2686 4954 εἰ
2731 4896 2814 4954 διὰ
2843 4905 3007 4954 ταῦτα
3039 4897 3242 4972 μᾶλλον
3270 4901 3426 4973 ὑμεῖς
3474 4897 3803 4976 παρήχθητε,

469 4998 539 5041 ea
571 4980 844 5059 producti
885 5002 1178 5060 essemus,
1213 4985 1295 5048 ita
1349 5002 1417 5047 ea
1443 4985 1832 5064 honorantes,
1864 4994 1922 5046 et
1954 4985 2087 5046 deo:

2181 4986 2319 5043 οὕτω
2348 4986 2443 5043 καί
2487 4994 2745 5060 τιμῶντες
2803 4989 2936 5044 αὐτὰ
2987 4989 3080 5044 καί
3124 4989 3271 5045 θεοὺς
3334 4989 3566 5066 ἀγεννῶς
3619 4981 3803 5056 ὀνομά-

463 5072 719 5150 turpiter
746 5072 1151 5137 nominantes.
1185 5077 1333 5138 Cum
1366 5075 1462 5137 his
1494 5073 1694 5136 verbis
1729 5084 1949 5155 martyr
1979 5077 2087 5136 du-

2180 5083 2384 5146 ζοντες.
2433 5079 2650 5139 Τούτοις
2711 5080 2738 5133 ὁ
2796 5077 2993 5152 μάρτυς
3059 5075 3406 5147 καταπλήξας
3452 5093 3567 5144 τοῖς
3621 5077 3802 5154 ῥήμασι

465 5178 595 5222 cem
628 5160 1152 5244 obstupefecisset,
1186 5184 1396 5228 rursus
1423 5162 1718 5226 abductus
1756 5173 1844 5226 est
1874 5171 1931 5224 in
1960 5182 2087 5226 car-

2182 5166 2274 5222 τὸν
2317 5167 2582 5244 ἡγεμόνα,
2615 5167 2712 5235 τὴν
2763 5169 2836 5228 εἰς
2869 5169 2931 5223 τὸ
2961 5167 3208 5246 φρούριου
3240 5169 3323 5223 καὶ
3379 5169 3525 5232 αὖθις
3555 5165 3799 5240 ἀπήγετο,

464 5267 663 5311 cerem
695 5252 806 5314 hoc
837 5262 1145 5332 prietextu.
1181 5253 1352 5336 quasi
1384 5257 1614 5316 deesset
1649 5252 1807 5334 quod
1840 5271 2087 5332 respon-

2183 5259 2452 5336 ωρόφασιν
2511 5261 2609 5323 τῆς
2669 5258 2800 5334 πρὸς
2844 5258 2905 5313 τὸ
2959 5257 3234 5312 ἀντειπεῖν
3294 5256 3516 5335 ἀπορίας
3564 5271 3801 5328 κατακρι-

462 5341 652 5414 deret,
688 5342 1002 5404 damnatus
1027 5343 1100 5405 ad
1123 5361 1452 5406 carcerem.
1481 5343 1793 5405 Abductus
1825 5351 2087 5425 estergo,

2181 5348 2286 5407 θεὶς
2317 5346 2417 5413 τὴν
2472 5347 2723 5426 φρουράν.
2788 5346 3056 5426 Ἀπάγειο
3113 5346 3225 5422 οὖν,
3259 5351 3338 5420 τῷ
3385 5369 3440 5403 τε
3471 5353 3568 5415 τῆς
3615 5339 3800 5418 ὁμολο-

463 5437 523 5492 et
551 5430 770 5492 decore
802 5433 1197 5496 confessionis
1224 5432 1517 5515 glorians,
1551 5442 1608 5492 et
1637 5432 1886 5494 vinculis
1924 5451 2087 5514 prop-

2181 5437 2298 5514 γίσς
2342 5437 2533 5512 κόσμῳ
2560 5438 2646 5494 καὶ
2688 5449 2807 5502 τοῖς
2850 5437 2980 5516 ὑπὲρ
3037 5445 3266 5518 Χριστοῦ
3296 5436 3518 5513 δεσμοῖς
3561 5429 3800 5511 σεμνυνόο

461 5527 553 5581 ter
579 5520 909 5584 Christum.

2180 5547 2360 5602 μενος,

532 5607 814 5674 XV.Cum
833 5621 1032 5679 autem
1055 5613 1131 5677 de
1153 5633 1221 5679 eo
1250 5611 1783 5697 rescivissetis,cui
1806 5611 1865 5674 in
1894 5631 2087 5678 mona-

2259 5615 2369 5678 lE'.
2409 5618 2599 5676 Μαθὼν
2629 5615 2682 5676 δὲ
2733 5618 2796 5675 τὰ
2828 5618 2948 5678 κατ’
2977 5618 3136 5676 αὐτὸν
3175 5620 3199 5676 ὃ
3231 5617 3330 5690 τὴν
3360 5618 3664 5677 ἐπιστασίαν
3713 5613 3796 5676 τῆς
