4104 6198
323 286 442 352 797

1470 283 1658 349 VITA
1703 283 1759 347 S.
1813 277 2224 362 ANASTASII
2267 283 2552 348 PERSE.

3590 286 3702 355 798

323 421 546 499 δύναμιν
604 419 694 481 καὶ
723 421 785 481 τδ
827 419 1019 502 μέτρον
1051 427 1144 480 τοῦ
1200 419 1529 496 ἂξιώματος,
1557 420 1651 478 ὑπ’
1699 421 1821 497 ὄψιν
1881 420 1970 477 τὸν

2058 415 2197 480 dum
2225 417 2560 500 dignitatis,
2584 437 2718 484 cum
2754 418 2993 485 beatum
3024 419 3086 484 in
3107 420 3284 484 siium
3310 431 3699 504 conspectum

325 534 592 590 μακαριον
644 513 890 593 ἀγαγὼν,
953 511 1087 571 ’ἰδοὺ
1146 511 1568 591 προστέταγμαι,
1631 512 1814 589 φησὶν,
1873 511 1974 567 ὑπὸ

323 601 546 680 δεσμοῖς
595 625 654 660 σε
713 601 958 682 σιδηροῖς
1005 605 1078 666 εἰς
1141 600 1360 681 Περσίδα
1405 609 1481 676 τῳ
1523 599 1738 678 βασιλεῖ
1797 622 1973 679 παρα-

324 693 562 770 πέμψαι.
627 693 725 751 Καὶ
783 695 810 750 ὁ
854 695 1076 772 μάρτυς,
1128 692 1295 772 Ἐγὼ,
1359 693 1545 771 φησὶν,
1597 691 1642 747 εἰ
1700 692 1841 770 παρὰ
1885 695 1977 746 σοῦ

323 783 704 863 ιπιτραπείην,
763 785 850 840 καὶ
920 781 1103 848 ἄδετος
1178 782 1241 839 ἂν
1307 783 1488 840 ἐκεῖσε
1549 781 1975 860 παραγενοίμην

322 875 405 938 τίς
466 873 568 950 γὰρ
600 870 690 929 ἄπ’
746 871 866 947 ὶμοὶ
897 873 1057 952 χρεία
1089 870 1326 949 δεσμῶν,
1377 872 1524 950 ᾧπερ
1553 869 1719 941 ἡδονή
1751 868 1862 927 ἐστι
1920 870 1981 925 τὸ

327 961 414 1019 διὰ
445 963 674 1040 Χριστὸν
704 964 920 1032 παθεῖν,
953 961 1038 1042 ἐφ’
1064 962 1111 1037 ᾧ
1140 959 1348 1028 δηλαδή
1375 963 1465 1017 καὶ
1496 959 1780 1036 πέμπομαι
1810 978 1828 1040 ς
1875 957 1980 1018 Οὕ-

324 1073 433 1118 τως
483 1053 574 1108 οὖν
605 1053 764 1108 αὐτὸν
825 1053 855 1108 ὁ
907 1048 1160 1119 δικαστὴς
1204 1049 1328 1108 ίδὼν
1372 1052 1459 1108 καὶ
1516 1051 1581 1107 τὰ
1612 1055 1699 1106 νῦν
1755 1049 1978 1130 ἔχοντα,

327 1140 418 1199 καὶ
474 1143 615 1216 μήτε
645 1139 901 1206 ἀπειλαῖς
962 1141 1204 1216 εἴκοντα,
1240 1141 1381 1217 μήτε
1427 1141 1678 1202 θωπείαις
1723 1136 1976 1210 δελεαζέ-

322 1252 510 1308 μενον,
545 1230 826 1290 ἀνάλωτον
885 1230 1164 1294 παντελῶς
1221 1231 1309 1288 καὶ
1365 1230 1657 1304 ἂῆττητον,
1710 1227 1977 1310 σφραγῖδα

320 1344 379 1379 τε
442 1323 586 1395 αὐτῷ
614 1324 705 1378 καί
761 1343 868 1378 τισι
925 1319 1043 1378 δυσὶ
1093 1324 1198 1379 τῶν
1253 1319 1484 1377 εὐσεϐῶν
1539 1319 1738 1400 ἑτέροις
1783 1316 1978 1376 ἐπιϐα-

320 1409 457 1491 λὼν,
504 1409 736 1486 δημοσίᾳ
793 1410 1006 1491 φυλακῇ
1053 1408 1428 1490 παραδίδωσιν,
1479 1410 1575 1468 οἶα
1638 1411 1776 1486 μετὰ
1829 1407 1977 1483 πέμ-

321 1524 464 1569 πτην
509 1501 719 1579 ἡμέραν
773 1500 992 1582 πορείας
1040 1499 1232 1577 ἅψεθαι
1292 1499 1612 1576 μέλλοντας,
1661 1498 1868 1564 Μεταξὺ
1921 1496 1977 1554 δί

319 1595 420 1658 τῆς
481 1588 774 1663 σεϐασμίας
831 1590 1021 1658 ἒοοτῆς
1081 1587 1488 1657 καταλαϐούσης
1541 1595 1637 1657 τῆς
1681 1597 1778 1647 τοῦ
1833 1597 1976 1660 ζωο-

322 1688 504 1760 ποιοῦ,
536 1680 697 1761 φημὶ,
735 1679 890 1746 ξύλου
933 1689 1028 1739 τοῦ
1056 1686 1281 1758 σταυροῦ
1317 1681 1696 1756 Ἀνυψώσεως,
1731 1678 1890 1744 αὐτός
1917 1698 1976 1734 τε

2057 509 2403 574 adduxisset
2436 533 2450 573 :
2485 513 2642 575 Ecce
2668 512 2872 592 jussus
2900 531 3057 588 sum,
3093 511 3309 595 inquit,
3369 512 3430 574 in
3487 513 3705 577 ferreis

2056 600 2314 663 vinculis
2358 611 2416 664 te
2466 602 2526 664 in
2579 601 2891 664 Persidem
2925 607 3335 666 transmittere
3365 602 3438 666 ad
3471 623 3699 683 regem.

2059 687 2278 772 Martyr
2299 700 2496 754 autem
2527 691 2990 773 :Ego,inquit,si
3011 694 3156 754 mihi
3177 712 3210 754 a
3235 703 3292 755 te
3316 695 3703 774 permittere-

2065 785 2182 855 tur,
2211 781 2387 842 etiam
2419 780 2648 862 absque
2693 781 2830 843 ullis
2857 781 3113 846 vinculis
3144 782 3288 844 illuc
3317 782 3699 848 accederem.

2063 867 2218 942 Quid
2244 871 2402 931 enim
2437 869 2496 931 in
2528 889 2624 932 me
2654 889 2804 951 opus
2835 879 2927 932 est
2983 871 3261 946 vinculis,
3295 873 3396 954 qui
3429 871 3707 936 lubenter

2063 959 2257 1040 patior
2285 968 2531 1042 propter
2560 959 2964 1036 Christum,ad
2983 981 3160 1042 quem
3196 961 3428 1024 scilicet
3459 962 3704 1024 mittor?

2065 1047 2211 1110 Cum
2246 1067 2381 1111 eum
2415 1068 2557 1130 ergo
2584 1058 2728 1113 tunc
2758 1051 3203 1132 quoquejudex
3228 1053 3312 1113 sic
3340 1051 3584 1116 vidisset
3608 1053 3702 1116 af-

2061 1136 2280 1200 fectum
2307 1147 2575 1221 etneque
2599 1141 2776 1203 minis
2798 1139 3346 1223 cedentem,neque
3367 1143 3702 1206 inescatam

2063 1225 2697 1311 blanditiis,planeque
2728 1230 3202 1310 insuperabilem
3237 1241 3297 1295 et
3327 1234 3702 1315 inexpugna-

2060 1315 2269 1393 bilem,
2304 1338 2437 1382 cum
2460 1320 2514 1382 ei
2539 1333 2591 1380 et
2617 1320 2853 1383 duobus
2881 1321 3015 1382 aliis
3045 1341 3116 1384 ex
3145 1322 3257 1402 piis
3288 1323 3594 1404 injecisset
3614 1324 3701 1385 si-

2060 1409 2596 1485 gnaculum,tradit
2613 1411 2671 1472 in
2693 1430 3000 1473 carcerem
3027 1411 3431 1493 publicum,ut
3452 1415 3549 1493 qui
3573 1423 3704 1495 post

2060 1499 2332 1579 quintum
2365 1499 2526 1562 diem
2560 1501 2675 1562 iter
2696 1514 2901 1564 essent
2927 1502 3312 1566 inituri.Cum
3338 1503 3577 1565 interim
3601 1522 3701 1565 au-

2059 1596 2177 1650 tem
2213 1589 2470 1652 venisset
2501 1591 2716 1653 festum
2753 1593 3126 1667 venerabile,
3160 1593 3396 1666 viviﬁci,
3427 1600 3696 1674 inquam,

2061 1677 2206 1758 ligni
2225 1679 2770 1755 exaltationisl5).et
2790 1682 2920 1762 ipse
2933 1682 3004 1744 ad
3015 1681 3306 1746 mirabilis
3321 1685 3693 1758 Anastasius,

320 1771 350 1826 ὁ
407 1771 710 1845 θαυμαστός
742 1769 1116 1838 Ἀναστάσιος,
1151 1768 1206 1825 o'i
1258 1790 1314 1824 τε
1358 1767 1489 1847 πρὸς
1537 1767 1698 1826 αὐτὸν
1728 1764 1972 1846 παραϐα-

2062 1779 2119 1830 et
2140 1769 2258 1831 duo
2281 1788 2352 1832 ex
2375 1769 2788 1851 fratribus,qui
2810 1771 2885 1832 ad
2907 1790 3041 1833 eum
3073 1783 3478 1848 accesserunt,
3513 1781 3572 1835 et
3602 1773 3703 1853 qui

322 1857 510 1926 λόντες
539 1857 628 1917 δύο
659 1865 764 1916 τῶν
794 1856 1062 1940 ἀδελφῶν,
1095 1858 1184 1916 καὶ
1241 1858 1288 1916 οἱ
1325 1859 1424 1925 τὴν
1468 1856 1632 1925 αὐτὴν
1665 1856 1850 1930 ἐκείνῳ
1881 1862 1974 1913 τοῦ

315 1947 569 2008 δικαστοῦ
612 1947 881 2029 σφραγῖδα
939 1946 1244 2024 δεξάμενοι,
1303 1946 1392 2004 καὶ
1449 1969 1591 2012 τινες
1638 1946 1810 2026 ἕτεροι
1865 1945 1973 2003 τῶν

315 2041 371 2098 iv
444 2045 512 2117 τῇ
570 2037 728 2096 πόλει
795 2037 1086 2117 θεοφιλῶν,
1148 2043 1325 2094 πᾶσαν
1383 2037 1482 2100 τὴν
1551 2037 1694 2117 ἱερὰν
1764 2035 1972 2103 ἐκείνην

314 2129 476 2186 νύκτα
534 2129 726 2209 εὖχαῖς
791 2149 849 2185 τε
922 2129 1011 2185 καὶ
1082 2123 1420 2203 ψαλμῳδίαις
1491 2127 1969 2205 πανηγυρίσαντες,

318 2216 661 2276 ὲπιλαθέσθαι
717 2219 838 2284 τοὺς
900 2217 955 2274 iv
1006 2222 1076 2294 τῇ
1143 2215 1356 2297 φυλακῇ
1428 2216 1630 2279 πάντας
1690 2223 1797 2273 τῶν
1857 2213 1974 2271 καθ’

318 2307 538 2370 ἑαυτοὺς
601 2305 786 2363 δεινῶν
875 2308 1263 2384 πεποιήκασιν,
1329 2307 1403 2370 ὡς
1485 2305 1542 2362 iv
1617 2305 1973 2378 ἑορταζόντων

318 2398 461 2472 οἴκῳ
517 2394 726 2472 μᾶλλον
771 2397 866 2455 οὒκ
936 2396 990 2452 iv
1062 2401 1261 2476 φρουρᾷ
1316 2393 1704 2474 διατρίκοντας.
1769 2395 1972 2453 Ἕωθεν

319 2485 376 2547 δὲ
435 2489 568 2567 πρὸς
623 2488 716 2545 τὸν
771 2483 1122 2566 Μαρζαϐανᾶν
1197 2488 1225 2542 ὁ
1282 2485 1630 2565 κομερκιάριο
1700 2483 1969 2560 εἰσελθὼν,

317 2577 456 2658 ἀνὴρ
499 2573 721 2644 εὐσεϐὴς
763 2578 850 2634 καὶ
899 2575 1186 2654 συναλγεῖν
1236 2579 1447 2654 ψυχαῖς
1491 2572 1844 2651 ὀδυνωμεναις
1891 2576 1971 2631 εἷ-

317 2666 424 2732 δὼς
459 2669 549 2725 καὶ
572 2665 910 2747 παρακαλεῖν
941 2669 996 2723 ἱν
1026 2678 1151 2730 ταῖς
1195 2665 1428 2744 θλίψεσι,
1455 2663 1630 2724 δεῦται
1661 2665 1754 2723 τοῦ
1776 2665 1974 2746 ἄρχον-

316 2779 409 2822 τος
461 2757 710 2825 ἀνεθῆναι
740 2765 834 2814 τοῦ
891 2754 1258 2834 δεσμωτηρίου
1289 2755 1381 2812 τὸν
1431 2753 1805 2832 Ἀναστάσιον,
1834 2755 1974 2814 ὥστε

318 2850 407 2906 καὶ
438 2849 594 2908 αὒτὸν
623 2859 878 2926 παρεῖναι
912 2852 982 2924 τῇ
1012 2851 1121 2903 οῶν
1151 2847 1480 2924 Χριστιανῶν
1511 2846 1827 2924 πανηγύρει.

399 2936 508 3014 ΙΘ’,
545 2937 930 3017 Παρασχόντος
992 2935 1048 2992 δὲ
1108 2935 1208 3004 τὴν
1266 2935 1429 3016 χάριν
1471 2933 1694 3011 ἐκείνου,
1732 2937 1826 2992 καὶ
1879 2943 1973 2994 τοῦ

318 3029 586 3107 μᾶρτυρος
642 3027 742 3094 τὴν
802 3025 1094 3092 ἐκκλησίαν
1155 3021 1575 3092 καταλαϐόντος,
1633 3023 1972 3103 παράκλησις

317 3132 442 3184 ταῖς
485 3124 592 3176 τῶν
648 3117 855 3174 πιστῶν
899 3115 1137 3194 ψυχαῖς,
1187 3113 1378 3188 ἡδονὴ,
1441 3111 1752 3192 φαιερότης,
1814 3136 1971 3194 περι-

320 3209 519 3289 εχύθη,
556 3208 832 3286 Κατήφεια
863 3206 964 3284 γὰρ
995 3203 1184 3269 αὐτοὺς
1233 3205 1363 3284 εἶχε
1395 3203 1583 3280 πρώην
1626 3207 1722 3260 καὶ
1754 3203 1967 3280 ἀθυμία,

319 3296 406 3356 διά
459 3298 556 3364 τὴν
608 3299 715 3352 τῶν
769 3294 1058 3370 ἀμυθήτων
1097 3293 1326 3372 ἀνιαρῶν
1379 3292 1594 3350 ἐκείνων
1653 3292 1967 3373 ἐπαγωγὴν,

321 3390 382 3447 Oi
413 3385 604 3446 πολλοὶ
651 3384 707 3442 δί
757 3383 862 3453 ἤδη
909 3385 1001 3441 καὶ
1048 3382 1470 3463 κατεῤῥᾳθύμουν
1530 3386 1628 3451 τῆς
1677 3381 1970 3464 εὐσεϐείας,

316 3479 408 3536 καὶ
465 3476 668 3535 ἁλῶναι
714 3475 837 3532 ὅσον
896 3472 1101 3535 οὐδέπω
1158 3487 1282 3538 ταῖς
1349 3479 1441 3532 τοῦ
1484 3483 1722 3551 πονηροῦ
1773 3474 1972 3552 πάγαις

317 3567 562 3632 ἐλεεινῶς
646 3563 998 3639 ικινδύνευον,
1074 3565 1154 3637 μὴ
1224 3565 1374 3630 ὄντος
1443 3572 1536 3623 τοῦ
1617 3561 1971 3642 λυτρουμένου

315 3655 454 3736 μηδὲ
507 3656 797 3730 σώζοντος,
832 3653 1013 3712 εἴτουν
1073 3653 1452 3718 διανιστῶιτος
1511 3655 1684 3710 αὐτῶν
1715 3653 1808 3719 τὰς
1865 3656 1970 3729 ψύ-

318 3747 425 3828 χᾶς
481 3745 917 3810 καταπιπτούσας
949 3745 1035 3801 καὶ
1090 3742 1430 3818 ἡττωμένοις.
1463 3741 1614 3801 Ἐπεὶ
1663 3740 1717 3799 δὲ
1748 3745 1776 3800 ὁ
1833 3744 1973 3824 ἱερὸς

314 3835 669 3902 ’.ἀναστάσιος
732 3835 854 3892 τότε
906 3833 1006 3902 τήν
1055 3831 1348 3898 ἰκκλησίαν
1406 3831 1664 3907 εἰσέλθοι,
1720 3841 1973 3899 τοσοῦτος

316 3924 558 3990 ἅπαντας
627 3923 793 3997 ζῆλος
862 3923 996 4002 ὑπὲρ
1066 3918 1333 3984 εὐσεϐείας
1397 3919 1588 4001 εἰσεδυ,
1647 3922 1736 3978 καὶ
1806 3919 1977 3988 οὕτως

315 4016 551 4074 ἶκαστοσ
598 4018 772 4074 αὐτῶν
801 4014 891 4071 καὶ
946 4011 1052 4070 ἆπὸ
1083 4013 1257 4088 μόνης
1307 4013 1512 4068 ἑκείνου
1543 4009 1639 4078 τῆς
1669 4008 1846 4088 ὅψεως
1875 4012 1976 4069 τιλν

314 4103 532 4184 καρδίαν
590 4101 965 4180 διεθερμάνθη,
999 4104 1072 4166 ὡς
1132 4101 1211 4178 μὴ
1269 4102 1433 4178 μόνον
1491 4101 1678 4165 αὐτοὺς
1711 4102 1842 4181 πρὸς
1883 4102 1976 4158 τόν

310 4195 446 4274 ὺπὶρ
528 4201 756 4273 Χριστοῦ
822 4193 910 4249 καὶ
982 4191 1083 4259 τῆς
1155 4189 1406 4258 ἀληθείας
1475 4190 1976 4268 παρασκευάσασθαι

311 4285 568 4364 θάνατον,
600 4281 737 4341 ἀλλὰ
779 4283 868 4340 καὶ
926 4282 991 4338 τὰ
1053 4281 1254 4338 ἰκείνου
1306 4277 1729 4360 καταφιλοῦντας
1782 4279 1972 4357 δεσμὰ,

312 4375 401 4431 καὶ
453 4373 620 4432 πόθου
649 4370 872 4452 δάγρυον
915 4373 1103 4434 αὐτοῖς
1168 4369 1580 4444 ἑπιστάζοντας,
1636 4369 1972 4449 παραθαῤῥῡ-

309 4485 396 4520 ναι
453 4463 560 4521 τῶν
589 4461 752 4539 ἄνδρα
781 4473 900 4525 τοῖς
965 4461 1359 4540 ὑκοφωνήμασι
1388 4460 1478 4516 καὶ
1521 4458 1844 4536 κελεύομασι
1876 4460 1974 4518 καὶ

309 4565 435 4616 ταῖς
464 4527 771 4633 εύφῃμίαις,
809 4553 896 4609 καὶ
925 4527 1254 4612 ὑπεκκαῦσαι
1303 4547 1511 4624 μᾶλλον
1541 4552 1684 4623 αὐτῷ
1713 4527 1800 4606 καὶ
1856 4547 1969 4607 δια-
1995 4527 2041 4584 D

308 4646 476 4721 νᾶψαι
502 4644 622 4707 ,τοῦ
649 4640 937 4720 μαρτυρίου
991 4641 1081 4696 τὸν
1117 4637 1316 4712 ἔρωτα·
1358 4640 1445 4696 καὶ
1492 4643 1658 4697 ταῦτά
1688 4639 1824 4703 τίνες
1859 4658 1874 4719 ;
1922 4633 1969 4697 οὶ

311 4734 404 4791 καὶ
458 4745 582 4798 ταῖς
613 4732 890 4807 ὶπηρείαις
947 4730 1032 4787 καὶ
1066 4730 1198 4809 πρὸς
1237 4726 1542 4797 μεταϐολὴν
1584 4727 1688 4798 ἤδη
1723 4731 1810 4786 ναὶ
1843 4752 1972 4808 προ-

312 4822 492 4880 δοσίαν
549 4828 642 4880 τοῦ
699 4822 865 4879 κσλοῦ
921 4817 1241 4900 βλέψαντες,
1278 4825 1373 4876 οὐκ
1415 4817 1594 4898 ἄνδρες
1642 4820 1806 4896 μόνον
1834 4819 1971 4876 ἀλλὰ

309 4913 404 4969 καί
446 4925 721 4990 γυναῖκες’
754 4910 958 4991 φύσεως
1019 4910 1118 4987 γὰρ
1177 4907 1270 4965 οὒκ
1325 4909 1392 4976 ἦν
1444 4907 1664 4966 ἇνταῦθα
1721 4908 1965 4987 διαφορὰ,

309 4999 397 5058 διὰ
467 5003 568 5069 τὴν
627 5001 908 5058 κοινωνίαν
971 4997 1066 5066 τῆς
1124 4996 1509 5076 προαιρέσεως.
1587 4996 1737 5055 Οὕτω
1805 4995 1967 5066 διπλῆ

2060 1859 2360 1940 eamdem,
2393 1879 2570 1940 quam
2606 1860 2734 1936 ille,
2768 1871 2966 1922 notam
2998 1862 3224 1941 judicis
3255 1872 3704 1944 acceperant,et

2057 1948 2298 2030 quidam
2332 1949 2432 2014 alii
2483 1950 2592 2012 viri
2625 1950 2840 2033 pii,qui
2867 1960 3039 2013 erant
3073 1953 3133 2013 in
3166 1953 3568 2033 civitate,cum
3605 1961 3701 2015 to-

2059 2047 2177 2102 tam
2199 2040 2358 2100 illam
2381 2047 2617 2102 noctem
2644 2040 3051 2104 celebrassent
3071 2043 3348 2124 precibus
3370 2057 3426 2107 et
3448 2043 3704 2123 psalmo-

2059 2128 2198 2204 diis,
2228 2130 2578 2206 etl'ecerunt,
2617 2131 2809 2213 utqui
2858 2143 3031 2194 erant
3061 2133 3122 2195 in
3154 2151 3398 2197 carcere
3432 2133 3701 2197 omnium

2057 2236 2301 2280 suorum
2349 2220 2642 2282 malorum
2695 2220 3196 2286 obliviscerentur
3232 2245 3244 2283 :
3278 2223 3530 2304 perinde
3559 2242 3627 2286 ac
3651 2224 3702 2286 si

2056 2316 2446 2372 versarentur
2479 2310 2538 2372 in
2571 2309 2748 2372 domo
2800 2329 3008 2374 eorum
3040 2313 3146 2394 qui
3172 2312 3389 2374 festum
3422 2312 3700 2376 celebra-

2056 2406 2340 2478 rent,non
2395 2397 2456 2460 in
2488 2416 2757 2463 carcere.
2815 2403 2984 2464 Mane
3012 2421 3149 2464 vero
3181 2402 3252 2464 ad
3288 2401 3698 2463 Marzabanam

2055 2487 2366 2566 ingressus
2391 2487 2855 2559 Comerciarius.
2893 2491 2982 2551 vir
3031 2491 3187 2571 pius,
3231 2497 3290 2551 et
3341 2489 3443 2570 qui
3474 2487 3704 2551 sciebat

2057 2576 2329 2639 misereri
2361 2578 2692 2639 animarum
2718 2580 3066 2642 affectarum
3135 2580 3432 2658 molestia,
3468 2587 3525 2640 et
3553 2597 3697 2640 con-

2056 2667 2236 2728 solari
2270 2667 2330 2728 in
2356 2666 2806 2749 amictionibus,
2838 2679 3003 2749 rogat
3029 2669 3446 2751 praesidem,ut
3470 2687 3541 2732 ex
3563 2686 3700 2730 car-

2057 2774 2198 2820 cere
2227 2758 2492 2819 solvatnr
2519 2758 2898 2835 Anastasius,
2936 2765 2998 2822 ut
3037 2759 3168 2843 ipse
3193 2759 3379 2842 possit
3409 2760 3700 2822 interesse

2053 2845 2204 2908 festo
2234 2845 2737 2913 Christianorum.

2125 2939 2259 2998 XIX.
2293 2939 2431 2998 Cum
2455 2939 2769 2999 ineuntem
2810 2942 2919 3000 hoc
2944 2941 3344 3008 concessisset,
3379 2950 3433 3000 et
3456 2943 3702 3000 venisset

2055 3032 2274 3103 martyr
2308 3023 2368 3084 in
2399 3023 3394 3105 ecclesiam,consolatio,gaudium
3419 3033 3478 3087 et
3499 3024 3701 3089 laetitia

1988 3161 2033 3216 ο
2057 3111 2422 3175 circumfusa
2449 3111 2557 3215 fuit
2607 3114 2842 3194 piorum
2890 3114 3132 3177 animis.
3163 3113 3278 3177 Eos
3311 3116 3471 3178 enim
3507 3134 3702 3198 nuper

2057 3203 2351 3264 invaserat
2380 3202 2620 3266 tristitia
2650 3213 2708 3266 et
2756 3223 3004 3282 maeror,
3039 3213 3355 3288 propterea
3382 3206 3542 3286 quod
3571 3225 3702 3288 qua:

2056 3292 2177 3356 dici
2201 3295 2594 3374 nequeunt,ei
2615 3293 3037 3375 iuﬂigerentur
3057 3294 3368 3358 molestiae.
3397 3295 3560 3356 Multi
3587 3314 3700 3358 au-

2055 3389 2176 3444 tem
2195 3382 2325 3464 jam
2349 3390 2520 3446 erant
2543 3385 2832 3448 socordes
2861 3385 2920 3447 in
2946 3385 3187 3468 pietate,
3223 3384 3612 3448 etveniebant
3637 3385 3699 3448 in

2054 3475 2480 3547 periculum,ne
2493 3478 2682 3535 statim
2697 3489 3043 3549 caperentur
3059 3476 3463 3537 miserabiliter
3480 3478 3700 3548 laqueis

2055 3558 2454 3635 inimici,cum
2474 3579 2593 3624 non
2613 3571 2771 3624 esset
2794 3561 2896 3644 qui
2911 3562 3382 3640 redimeret,nec
3404 3562 3508 3645 qui
3530 3561 3700 3624 daret

2054 3649 2332 3725 salutem,
2366 3669 2473 3713 seu
2533 3652 2792 3732 erigeret
2850 3651 3138 3716 cadentes
3168 3661 3227 3715 et
3269 3652 3456 3715 victas
3487 3671 3698 3715 eorum

2055 3738 2317 3802 animas.
2343 3741 2490 3803 Cum
2521 3759 2658 3804 vero
2690 3759 2864 3804 sacer
2897 3740 3396 3805 Anastasiustunc
3426 3748 3584 3804 esset
3610 3741 3698 3804 in-

2057 3847 2296 3909 gressus
2310 3830 2863 3906 ecclesiam,tantus
2881 3849 2985 3893 eos
3001 3831 3163 3894 zelus
3184 3830 3346 3893 subit
3359 3849 3464 3911 pro
3479 3830 3698 3912 pietate

2056 3931 2115 3981 et
2135 3925 2220 3982 vel
2241 3939 2308 3981 ex
2335 3924 2460 3983 solo
2476 3925 2601 3998 ejus
2624 3933 2856 3995 aspectu
2900 3925 2984 3982 sic
3005 3932 3091 3982 est
3115 3937 3215 3982 cor
3236 3939 3435 3982 eorum
3460 3923 3697 3980 inﬂam—

2059 4013 2378 4080 matum,ut
2398 4024 2516 4069 non
2540 4006 2728 4068 solum
2751 4004 2868 4087 ipsi
2892 4006 3077 4086 parati
3118 4011 3322 4067 essent
3345 4003 3420 4066 ad
3445 4010 3696 4066 mortem

2057 4112 2165 4177 pro
2188 4096 2419 4160 Christo
2445 4103 2502 4159 et
2531 4101 2754 4178 pietate
2786 4095 3184 4172 subeundam,
3219 4095 3326 4157 sed
3357 4095 3489 4175 ejus
3522 4093 3699 4156 etiam

2058 4191 2287 4248 vincula
2311 4190 2817 4251 deoscularentur:
2843 4191 3180 4250 etdesiderii
3202 4190 3486 4265 lacrymas
3508 4190 3591 4248 eis
3615 4191 3706 4247 in-

2058 4275 2375 4351 stillantes,
2400 4276 2456 4339 ei
2485 4276 2749 4339 animum
2788 4277 3083 4341 adderent
3106 4276 3387 4339 laudibus
3409 4284 3466 4339 et
3487 4273 3707 4339 adhor-

2059 4363 2409 4440 tationibus,
2441 4366 2689 4448 ejusque
2721 4367 2913 4445 magis
2944 4365 3349 4430 accenderent
3379 4373 3437 4427 et
3464 4366 3704 4428 inﬂam-

2058 4464 2293 4517 marent
2323 4472 2588 4518 amorem
2631 4457 2924 4539 martyrii.
2959 4456 3028 4519 Et
3059 4457 3182 4517 haec
3215 4456 3455 4539 quidem
3489 4455 3700 4536 aliqui,

2057 4545 2160 4626 qui
2183 4545 2306 4626 jam
2340 4555 2510 4608 erant
2541 4545 2881 4610 labefactati
2915 4556 3188 4628 tempore
3213 4554 3270 4608 et
3292 4544 3698 4620 contumeliis,

2055 4643 2116 4698 et
2139 4634 2263 4714 jam
2297 4634 2649 4716 spectabant
2699 4635 3116 4712 mutationem,
3151 4641 3211 4697 et
3259 4635 3388 4714 ejus
3421 4633 3580 4714 quod
3615 4642 3704 4696 est

2053 4724 2371 4786 honestum
2403 4725 2835 4805 proditionem,
2872 4745 2990 4788 non
3023 4725 3216 4787 solum
3249 4723 3497 4798 viri,sed
3522 4724 3698 4786 etiam

2054 4813 2367 4880 mulieres.
2399 4813 2637 4878 Naturae
2685 4816 2849 4878 enim
2903 4834 3020 4877 non
3075 4823 3169 4878 est
3202 4816 3300 4877 hic
3331 4814 3696 4890 differentia,

2053 4917 2352 4980 propterea
2375 4908 2532 4980 quod
2571 4911 2990 4968 sitcommunis
3031 4907 3235 4966 electio
3259 4916 3313 4966 et
3340 4910 3696 4965 institutum.

2050 4994 2148 5059 Sic
2172 5003 2312 5056 tunc
2335 4995 2446 5057 fuit
2469 4995 2688 5077 p0pulo
2710 4995 2924 5058 festum
2951 4994 3172 5076 duplex
3200 5016 3214 5058 :
3237 5013 3425 5056 unum
3451 4993 3693 5070 quidem

310 5089 504 5173 γέγονε
536 5090 657 5148 τότε
717 5097 794 5164 τῷ
838 5090 1031 5157 πλήθει
1089 5087 1412 5165 πανήγυρις,
1459 5089 1521 5144 τὸ
1579 5086 1674 5161 μὲν
1705 5093 1773 5164 τῇ
1828 5109 1963 5164 προ-

2058 5084 2169 5147 diei
2199 5085 2498 5166 praefiniti,
2528 5085 2781 5148 alterum
2817 5093 3018 5148 autem
3063 5084 3360 5147 adventus
3392 5079 3691 5173 martyris.

305 5171 497 5258 θεσμία
539 5185 638 5248 τῆς
670 5179 886 5259 ἑορτῆς,
920 5179 984 5234 τὸ
1028 5175 1082 5233 δὲ
1117 5181 1187 5251 τῇ
1237 5173 1497 5251 ἒπιδημίᾳ
1524 5183 1618 5234 τοῦ
1675 5177 1958 5256 μάρτυρος,

2058 5173 2190 5237 Nam
2218 5183 2528 5258 postquam
2562 5193 2796 5238 sacrum
2855 5175 3096 5258 quidem
3163 5173 3272 5236 fuit
3318 5171 3688 5233 celebratum

309 5276 458 5327 Μετα
514 5269 696 5346 μέντοι
752 5271 851 5336 τὴν
909 5266 1002 5334 τῆς
1064 5266 1206 5344 ἱερᾶς
1265 5272 1643 5344 μυσταγωγίας
1702 5264 1960 5342 συμπλῆ-

2058 5264 2834 5346 mysterium,Comerciario
2859 5284 2977 5326 non
3000 5263 3364 5337 dimittente,
3388 5259 3496 5322 sed
3529 5275 3690 5320 mar-

302 5382 490 5440 ρωσιν,
534 5369 631 5420 τοῦ
660 5354 1049 5436 κομερκιαρίου
1079 5355 1158 5429 μὴ
1216 5354 1478 5435 ἀνιέντος,
1519 5353 1655 5411 ἀλλὰ
1685 5361 1762 5430 τῷ
1818 5356 1959 5435 μάρ-

2058 5367 2233 5437 :yrem
2265 5355 2659 5417 vehementer
2679 5364 2928 5435 urgente
2952 5362 3011 5418 et
3045 5358 3314 5432 rogante,
3349 5348 3501 5440 utad
3533 5347 3696 5440 illius

299 5436 414 5528 τυρι
473 5449 714 5530 σφοδρῶς
775 5445 1114 5526 ίγκειμένου,
1171 5445 1260 5501 καί
1317 5443 1664 5521 λιπαροῦντος
1722 5445 1815 5501 τοῦ
1873 5443 1961 5501 καί

2058 5436 2284 5508 iomum
2311 5445 2539 5507 veniret
2565 5464 2581 5505 :
2603 5443 2849 5529 putabat
2871 5443 3030 5506 enim
3061 5441 3154 5504 Vel
3175 5441 3364 5502 solum
3389 5437 3548 5501 illius
3578 5436 3690 5499 ad-

377 5637 464 5724 (5)
488 5635 638 5702 Nota
667 5637 884 5702 festum
920 5632 1312 5698 Exaltationis
1345 5639 1572 5695 sanctae
1599 5630 1818 5694 crucis.
