4104 6198
321 375 432 451 801
1471 381 1658 450 VITA
1703 384 1764 448 s.
1810 377 2210 450 ANASTASII
2252 384 2530 480 PERSE.
3570 376 3687 443 802

322 521 472 577 Διότι
503 521 569 577 τὰ
613 517 926 596 σεϐάσματα
954 522 1126 597 ὑμῶν,
1171 519 1369 598 λέγων,
1396 519 1572 599 σαφὴς
1601 518 1843 577 ἀπώλεια
1870 520 1956 574 καὶ

2057 515 2244 580 ’alsam
2277 517 2654 598 religionem.
2685 513 3027 594 Respondet
3051 531 3190 590 ergo
3216 531 3231 576 :
3258 513 3572 588 Quoniam,
3599 514 3692 576 di-

315 609 495 676 πλάνη
554 608 822 684 δαιμόνων
867 611 1012 667 ἐστίν
1047 629 1059 642 ο
1108 610 1246 687 ἅπερ
1311 609 1401 666 οὖν
1454 630 1584 666 ποτε
1654 611 1741 666 καὶ
1801 609 1957 673 atto;

2057 624 2206 682 :ens,
2231 625 2426 669 veSter
2447 611 2696 668 deorum
2721 605 2913 666 cultus
2937 611 3025 664 est
3048 605 3423 665 manifestum
3445 605 3688 666 exilium

317 695 646 776 πρεσϐεύων,
703 699 926 761 σκότους
977 699 1094 778 ἄρτι
1139 704 1250 777 φῶς
1320 695 1666 773 ἠλλαξάμην,
1718 701 1804 754 καὶ
1863 721 1957 753 νυ-

2057 705 2099 757 3t
2130 711 2299 757 error
2327 698 2419 758 dze
2446 715 2690 756 nonum.
2730 695 2920 767 Quem
2953 693 3194 774 quidem
3229 713 3362 754 cum
3413 696 3539 773 ipse
3574 694 3688 754 ali-

313 789 444 850 κτὸς
499 788 728 868 ἡμέραν,
762 791 851 846 καὶ
883 788 1086 869 ἀχλύος
1120 789 1384 867 ἀφεγγοῦς
1422 785 1600 858 ἥλιον,
1637 795 1754 861 Θεῳ
1785 809 1958 865 προσ-

2057 788 2279 866 ]ιιειηόο
2305 805 2621 862 sequerer.
2643 802 2836 864 nuper
2856 783 2993 844 luce
3011 784 3368 844 commutavi
3385 782 3684 856 tenebras,

316 877 533 958 ανέχων
585 877 794 953 ἰκτίνῳ,
857 886 934 953 τῷ
983 882 1202 957 ούρανοῦ
1249 879 1332 933 mi
1377 877 1478 955 γῆς
1537 879 1625 933 καὶ
1673 878 1960 956 ὁρωμένων

2057 884 2108 935 et
2130 875 2228 935 die
2255 885 2490 937 noctein
2522 886 2580 936 et
2602 875 2728 934 sole
2747 873 3058 933 abscuram
3087 872 3424 948 caliginem,
3455 871 3538 931 illi
3566 873 3688 932 Deo

316 967 568 1023 ἁπάντων
625 969 718 1024 καί
780 969 1081 1044 νοουμένων
1139 974 1486 1044 Δημιουργῷ.
1553 968 1691 1044 Πρὸς
1738 968 1876 1046 ἅπερ
1934 969 1962 1023 ὁ

318 1054 532 1137 ἄρχων,
594 1055 806 1127 "Abite,
853 1059 1041 1138 φησὶν,
1089 1061 1195 1138 οὐχ
1239 1059 1296 1113 ὃν
1356 1059 1661 1134 Χριστιανοὶ
1691 1054 1960 1131 σέϐονται,

318 1155 507 1205 τοῦτον
566 1146 906 1225 ἐσταύρωσαν
951 1145 1204 1205 Ἰουδαῖοι
1242 1166 1258 1222 ;
1296 1153 1410 1209 πῶς
1469 1149 1560 1204 οὖν
1601 1148 1698 1216 τῆς
1747 1153 1964 1224 Ηερσῶν

320 1237 607 1315 θρησκείας
653 1238 719 1292 τὰ
765 1243 1099 1314 Χριστιανῶν
1151 1237 1550 1314 προτετίμηκας
1586 1259 1602 1307 ;
1641 1238 1736 1294 Καὶ
1767 1239 1796 1292 ὁ
1826 1237 1968 1313 μάρ-

321 1324 600 1402 τυς,-’¹Οτι
632 1326 730 1401 μὲν
752 1325 1084 1404 ἐσταυρώθη,
1115 1327 1299 1406 φησὶν,
1347 1327 1449 1382 ὑπὸ
1505 1325 1790 1400 Ἰουδαίων,
1827 1328 1968 1402 σύμ-

324 1437 466 1496 φημι
499 1417 587 1472 καὶ
648 1417 831 1491 αὐτὸς,
865 1415 1006 1484 πλὴν
1038 1413 1160 1472 ἀλλ’
1212 1417 1468 1480 ἑκουσίως
1513 1417 1600 1472 καὶ
1642 1415 1771 1494 ὑπὲρ
1814 1418 1969 1484 ’ἱμῶν

324 1511 432 1561 τῶν
484 1505 796 1585 ἀχαρίστων
824 1507 918 1563 καὶ
969 1505 1324 1585 ἀγνωμόνων,
1358 1512 1526 1563 Τοῦτο
1556 1507 1656 1584 γὰρ
1685 1505 1780 1574 τῆς
1809 1511 1969 1564 αὐτοῦ

325 1593 726 1674 φιλανθρωπίας
781 1594 895 1652 ἐστὶ
960 1597 1020 1652 τὸ
1064 1594 1492 1674 παραδοξότατον
1527 1613 1542 1626 ⁸
1597 1595 1676 1652 ὅτι
1731 1597 1862 1660 Θεὸς
1892 1595 1967 1654 ὢν

327 1685 417 1741 καὶ
461 1685 654 1762 Σωτὴρ
704 1684 956 1742 ἁπάντων
1008 1699 1096 1742 καὶ
1152 1687 1491 1763 Δημιουργὸς
1523 1685 1672 1742 τοῦδε
1703 1692 1794 1742 τοῦ
1825 1687 1964 1759 σύμ-

325 1795 553 1848 παντος,
609 1778 668 1832 ού
711 1776 878 1849 μόνον
923 1773 1110 1832 δούλου
1171 1776 1378 1854 μορφὴν
1412 1773 1660 1847 ἀνέλαϐε,
1707 1775 1773 1831 δι’
1822 1778 1966 1851 ἡμᾶς

2048 963 2472 1035 mededicans,
2499 965 2601 1045 qui
2631 963 2939 1026 estcmliet
2962 973 3156 1036 terrae,
3185 973 3240 1020 et
3267 962 3530 1022 omnium
3556 979 3690 1038 qua

2047 1053 2325 1115 videntur
2349 1065 2404 1114 et
2432 1066 2631 1115 mente
2670 1052 3104 1133 percipiuntur,
3129 1051 3350 1130 opifex.
3376 1050 3480 1111 Cui
3511 1050 3689 1128 magi-

2047 1152 2303 1207 stratus:
2343 1144 2542 1216 Miser,
2582 1143 2797 1223 inquit,
2834 1162 2950 1202 non
2984 1161 3146 1216 eum,
3180 1160 3358 1217 quem
3389 1159 3488 1201 vos
3515 1140 3689 1202 Chri-

2051 1232 2226 1293 stiani
2249 1234 2467 1298 colitis.
2497 1232 2662 1295 cruci
2691 1233 2885 1294 Judaai
2911 1232 3152 1293 afﬁxere
3169 1238 3196 1294 ?
3219 1229 3524 1302 Quomodo
3550 1248 3688 1308 ergo

2052 1323 2312 1384 Persica:
2343 1323 2615 1402 religioni
2666 1321 3138 1385 Christianorum
3193 1341 3290 1382 res
3336 1318 3692 1400 praetulisti?

2051 1412 2268 1492 Martyr
2314 1427 2512 1474 autem
2561 1436 2574 1472 :
2631 1413 2798 1486 Quod
2856 1412 3034 1473 fuerit
3083 1411 3350 1487 quidem,
3399 1411 3610 1490 inquit,
3658 1426 3694 1470 a

2051 1501 2273 1564 Judaais
2298 1503 2639 1576 cruciﬁxus,
2667 1504 2796 1581 ipse
2816 1520 3056 1581 quoque
3079 1502 3373 1562 assentior
3401 1523 3413 1558 :
3447 1501 3550 1560 sed
3587 1517 3692 1559 sua

2051 1604 2285 1672 sponte,
2322 1602 2378 1654 et
2408 1612 2513 1674 pro
2546 1593 2715 1654 nobis
2749 1593 3020 1669 ingratis,
3053 1602 3112 1652 et
3149 1591 3248 1670 qui
3280 1593 3467 1651 sumis
3499 1590 3690 1649 bene-

2052 1685 2172 1745 ticii
2201 1687 2432 1765 accepti
2466 1688 2855 1746 immemores
2915 1683 3057 1763 Ejus
3103 1685 3261 1745 enim
3312 1682 3693 1760 benignitatis

2052 1785 2108 1834 et
2139 1775 2477 1836 clementiae
2499 1789 2584 1836 est
2609 1777 2720 1836 hoc
2743 1775 2834 1835 vel
2861 1775 3114 1835 maxime
3138 1773 3511 1846 admirabile,
3533 1773 3692 1849 quod

326 1862 378 1929 ἐξ
424 1865 640 1939 ούρανοῦ
698 1862 958 1940 καταϐὰς,
1027 1864 1168 1921 ἀλλὰ
1229 1867 1317 1920 καὶ
1376 1865 1597 1938 σταυρὸν
1640 1867 1774 1944 ὑπὲρ
1813 1868 1968 1940 ἡμῶν

2057 1882 2190 1924 cum
2223 1875 2384 1926 esset
2415 1865 2570 1927 Deus
2619 1875 2678 1926 et
2720 1873 2987 1926 servator
3045 1865 3338 1935 omnium,
3393 1872 3450 1923 et
3500 1864 3697 1941 opifex

323 1955 415 2010 καὶ
458 1953 681 2011 θάνατον
711 1952 920 2034 εἵλετο,
951 1955 1046 2011 ’ίνα
1103 1953 1267 2031 ἀνέλῃ
1311 1954 1412 2022 τῆν
1472 1957 1623 2029 ἡμῶν
1681 1956 1965 2036 ἁμαρτίαν,

326 2042 390 2099 ix
431 2047 531 2109 τῆς
572 2043 664 2100 τοῦ
708 2051 945 2119 πονηροῦ
988 2041 1294 2119 συμϐουλῆς
1358 2046 1447 2100 καὶ
1475 2043 1685 2112 πλάνης
1717 2059 1837 2111 τοῖς
1869 2046 1968 2101 ἀν-

323 2133 560 2212 θρώποις
619 2131 1012 2212 ἒπιτριϐεῖσαν.
1072 2124 1259 2210 Ὑμεῖς
1318 2132 1373 2190 δὲ
1436 2136 1824 2213 προτιμότερον
1880 2137 1968 2191 τὸν

325 2225 522 2303 ὶχθρὸν
569 2225 929 2296 πεποιήκατε,
977 2236 1100 2288 ταῖς
1145 2224 1348 2284 ἐκείνου
1379 2224 1544 2304 μέχρι
1575 2225 1667 2280 καί
1704 2235 1789 2284 νῦν
1820 2225 1968 2282 ἀπά-

324 2334 448 2378 ταις
478 2312 723 2384 ἀνοήτως
756 2313 1040 2390 ἑπόμενοι,
1075 2317 1170 2369 καί
1198 2315 1408 2378 θύοντες
1459 2313 1618 2387 ἡλίῳ,
1672 2315 1770 2372 καί
1827 2317 1971 2394 πυρὶ,

327 2404 418 2462 καὶ
449 2402 679 2480 σελήνῃ,
735 2401 874 2478 μηδὲ
923 2405 1059 2463 αὐτὰ
1091 2401 1516 2477 δυσωπηθέντες,
1551 2405 1594 2460 εἰ
1625 2406 1701 2480 μή
1734 2427 1782 2461 τι
1817 2403 1972 2486 ἄλλο,

325 2494 396 2550 τὰ
426 2499 656 2572 Χριστοῦ
689 2493 914 2572 σφάγια.

419 2749 548 2822 ΚΒ’.
599 2751 914 2818 ’Υπολαϐὼν
942 2757 998 2816 δὲ
1049 2762 1076 2816 ὓ
1120 2759 1330 2841 ἄρχων,
1363 2761 1424 2819 Τί
1453 2783 1534 2818 σοι
1565 2761 1664 2820 καὶ
1694 2775 1812 2828 τοῖς
1841 2762 1971 2821 ἀνο-

332 2850 540 2924 νήτοις,
571 2849 698 2931 ἔφη,
733 2851 941 2914 τούτοις
974 2852 1063 2908 καὶ
1105 2864 1381 2929 περιττοῖς
1413 2851 1648 2929 ῥήμασιν
1685 2871 1702 2927 ;
1732 2851 1843 2908 ίδοὺ
1873 2854 1974 2932 γάρ

331 2959 418 2994 σοι
463 2940 608 3017 παρὰ
649 2946 744 2997 τοῦ
803 2939 1066 3016 βασιλέως
1129 2943 1212 2997 οιαὶ
1273 2941 1482 3016 ἀξίωμα
1525 2945 1630 2999 τῶν
1676 2941 1974 3022 ἰπιφανῶν,

327 3029 418 3084 καὶ
460 3033 621 3100 ζῶναι
649 3041 872 3108 χρυοαῖ,
904 3031 991 3084 καὶ
1033 3028 1222 3104 ἵπποι,
1256 3032 1345 3087 καὶ
1399 3028 1570 3088 τᾶλλα
1624 3032 1828 3104 πάντα,
1877 3031 1976 3088 ὅσα

328 3123 440 3174 τῶν
483 3115 745 3195 λαμπρῶν
788 3139 846 3174 τε
877 3118 976 3176 καί
1006 3117 1286 3194 επιδόξων,
1320 3123 1644 3197 ἡτοίμασται
1669 3136 1685 3152 ⁶
1729 3119 1877 3200 δεῖρο
1909 3120 1975 3190 δὴ

2052 1953 2234 2034 hujus
2257 1956 2550 2029 universi,
2586 1974 2703 2016 non
2735 1955 2926 2015 solum
2962 1965 3214 2035 propter
3247 1972 3356 2014 nos
3386 1952 3538 2014 servi
3575 1953 3700 2013 for-

2051 2062 2206 2104 mam
2233 2044 2485 2125 accepit,
2504 2064 2638 2106 cum
2667 2045 2739 2105 de
2765 2044 2915 2106 caelo
2937 2044 3372 2116 descendisset,
3396 2043 3502 2103 sed
3519 2046 3699 2102 etiam

2052 2151 2159 2214 pro
2185 2134 2357 2196 nobis
2383 2153 2625 2196 crucem
2654 2135 2859 2195 volens
2879 2134 3062 2196 subiit
3097 2144 3152 2194 et
3182 2141 3532 2200 murtem,ut
3558 2147 3701 2192 nos—

2056 2236 2211 2284 trum
2249 2235 2557 2303 peccatum
2596 2224 2862 2300 tolleret,
2894 2225 3053 2303 quod
3090 2243 3158 2284 ex
3194 2222 3434 2300 maligni
3474 2220 3706 2283 insidiis

2059 2322 2117 2374 et
2150 2313 2460 2376 fraudibus
2491 2313 2780 2374 inﬂictum
2813 2331 2941 2374 erat
2968 2315 3330 2374 hominibus.
3360 2310 3478 2372 Vos
3501 2321 3700 2370 autem

2057 2402 2368 2464 inimicum
2403 2401 2768 2484 praetuliSIis,
2803 2405 2900 2483 qui
2937 2403 3116 2463 stulte
3148 2402 3315 2462 illius
3355 2400 3593 2460 fraudes
3640 2397 3704 2458 in

2058 2491 2415 2554 hodiernum
2451 2511 2641 2568 usque
2671 2494 2831 2552 diem
2859 2492 3205 2570 sequimini,
3243 2499 3301 2551 et
3330 2489 3440 2549 Soli
3473 2486 3704 2548 sacriﬁ-

2061 2583 2228 2655 catis,
2264 2583 2498 2658 et‘igni,
2531 2592 2590 2642 et
2622 2582 2799 2650 lunae,
2838 2583 3057 2642 nullam
3091 2600 3165 2641 ne
3196 2578 3416 2642 Christi
3451 2577 3698 2658 quidem

2058 2673 2262 2743 caedis,
2295 2672 2346 2732 si
2376 2691 2490 2733 non
2523 2673 2793 2740 alterius,
2828 2671 3122 2734 ducentes
3151 2680 3469 2730 rationem.

2138 2759 2293 2824 XXII
2336 2762 2728 2841 Restiondens
2744 2769 2940 2822 autem
2971 2761 3375 2838 magistratus:
3404 2756 3554 2828 Quid
3572 2756 3700 2834 tibi,

2058 2851 2278 2931 inquit,
2311 2870 2444 2912 cum
2479 2851 2570 2911 his
2619 2853 2815 2914 stultis
2864 2850 3066 2913 verbis
3101 2857 3159 2911 et
3190 2845 3702 2926 supervacaneis?

2057 2940 2212 3003 Ecce.
2239 2942 2395 3002 enim
2432 2941 2537 3002 tibi
2575 2961 2603 3002 a
2627 2961 2766 3022 rege
2789 2944 3054 3021 insignes
3077 2939 3418 3019 dignitates.
3446 2948 3505 2999 et
3533 2954 3706 2998 zonas

2058 3049 2277 3104 aurem,
2305 3040 2363 3093 et
2385 3032 2546 3112 equi,
2575 3043 2632 3094 et
2655 3051 3024 3113 quaecunque
3049 3030 3309 3091 illustria
3337 3038 3397 3090 et
3420 3029 3711 3107 gloriasa,

2059 3131 2198 3182 sunt
2230 3132 2453 3201 parata.
2489 3125 2754 3200 Agedum
2787 3141 2958 3201 ergo,
2995 3119 3245 3200 patriam
3281 3122 3528 3198 suscipe
3559 3117 3711 3180 reli-

328 3207 446 3284 οὖν,
493 3209 554 3264 τὸ
584 3208 803 3288 πάτρίον
835 3207 930 3265 καί
957 3208 1104 3273 αὖθις
1133 3209 1296 3274 σέϐας
1325 3208 1609 3274 ἐπανελοῠ.
1643 3213 1778 3291 Πρὸς
1808 3219 1968 3269 ταῦτα

2058 3213 2321 3304 gionem.
2355 3214 2449 3277 Ad
2483 3214 2607 3304 hinc
2644 3222 2904 3293 martyr:
2940 3211 3108 3287 Mihi,
3149 3209 3363 3290 inquit,
3392 3225 3708 3304 oprteses,

328 3300 359 3355 ὁ
415 3297 637 3376 μάρτυς.
688 3298 844 3362 Ἐμοὶ
899 3299 965 3354 τὰ
994 3297 1144 3375 τῇδε,
1193 3302 1376 3380 φησὶν,
1435 3303 1480 3355 ὧ
1523 3297 1732 3382 ἅρχων,
1780 3303 1968 3376 τερπνᾶ

2060 3321 2195 3379 qum
2227 3302 2324 3364 hic
2354 3314 2491 3364 sunt
2519 3303 2809 3382 jucunda,
2835 3304 3129 3382 valdeque
3159 3301 3494 3381 espetenda
3522 3309 3584 3360 et
3613 3299 3712 3359 ἰη-

325 3388 418 3444 xci
475 3385 694 3458 ζηλωτὰ
720 3390 811 3445 καὶ
839 3388 1114 3469 ἐπίφθονα,
1148 3389 1315 3466 ὄνομα
1369 3388 1575 3458 δηλαδή
1627 3392 1714 3449 καὶ
1773 3391 1968 3469 τροπὴ,

2058 3393 2290 3454 vidiosa
2327 3410 2342 3454 :
2398 3414 2613 3454 nomen
2663 3394 2921 3466 scilicet,
2957 3392 3215 3461 delicire,
3273 3400 3332 3452 et
3373 3389 3615 3464 divitize,
3651 3395 3714 3450 et

327 3477 416 3533 καὶ
474 3475 702 3540 πλοῦτος
746 3480 834 3534 καὶ
893 3479 1232 3560 περιφάνεια,
1267 3480 1328 3536 ἐκ
1358 3479 1564 3540 πολλοῦ
1593 3481 1769 3540 πάντα
1801 3502 1968 3538 κατα-

2059 3483 2370 3562 splendor,
2401 3485 2527 3560 jam
2561 3493 2698 3544 sunt
2728 3485 2828 3544 diu
2861 3483 3080 3542 abhinc
3113 3483 3505 3560 contemptui,
3531 3480 3716 3560 utqui

327 3565 683 3646 πεφρόνηται,
731 3568 842 3644 βίον
887 3567 1286 3647 ἐπανῃρημένῳ
1345 3571 1584 3650 μονήρη,
1641 3572 1738 3627 καί
1796 3571 1968 3645 μόνων

2059 3573 2234 3634 vitam
2259 3573 2627 3651 susceperim
2655 3573 3063 3634 monasticam.
3097 3579 3205 3632 eta
3229 3570 3352 3632 sola
3375 3589 3501 3650 spe.
3532 3588 3708 3648 quam

327 3662 438 3712 τῶν
498 3655 704 3714 ἐκεῖθεν
761 3656 991 3714 ἐλπίδων
1047 3658 1456 3738 ἐκκρεμαμένῷ.
1517 3661 1715 3717 Τούτου
1772 3657 1828 3716 δέ
1893 3682 1968 3718 σοι

2064 3663 2203 3724 hinc
2219 3664 2494 3741 concepi,
2516 3665 2831 3742 pendeam.
2865 3660 3054 3740 llujus
3077 3661 3164 3721 rei
3189 3663 3365 3721 etiam
3386 3670 3708 3736 antequam

329 3747 419 3805 καὶ
469 3748 570 3825 πρὸ
600 3746 700 3816 τῆς
743 3746 882 3823 ἐμῆς
927 3747 1174 3826 γλώττης
1219 3750 1283 3804 τὸ
1312 3746 1602 3824 σεϐάσμιον
1646 3753 1842 3829 σχῆμα
1872 3755 1968 3806 uin

2063 3751 2296 3833 loquar,
2333 3752 2430 3812 hic
2480 3753 2858 3812 venerandus
2898 3752 3327 3810 monachorum
3362 3749 3620 3824 habitus,
3655 3757 3715 3808 et

330 3843 590 3916 μοναχῶν
621 3838 710 3894 καὶ
751 3840 814 3894 τὸ
857 3837 1067 3899 εὐτελὲς
1098 3839 1244 3895 τουτὶ
1275 3838 1462 3916 ῥάκος,
1517 3836 1754 3915 ἀψευδὴς
1808 3837 1968 3918 ἄγγε-

2064 3843 2163 3904 hic
2193 3842 2328 3902 vilis
2378 3859 2608 3919 pannus
2665 3852 2753 3902 est
2808 3850 3010 3901 certus
3070 3839 3333 3900 nuntius.
3393 3836 3709 3910 Quomodo

333 3923 454 3989 λος.
502 3931 622 3989 [ιὼς
654 3927 743 3984 οὗν
774 3925 911 4006 ἅπερ
940 3930 1062 4003 ἒμοὶ
1092 3928 1323 3986 πάντοτε
1354 3927 1580 4003 σπουδὴ,
1615 3930 1702 3986 καὶ
1745 3931 1968 4008 φροντὶς,

2066 3948 2209 4008 ergo
2243 3948 2340 4003 ea,
2375 3930 2433 3990 in
2471 3950 2586 4010 qua
2611 3947 2788 3990 omne
2818 3928 3084 3988 studium
3119 3944 3484 4006 omnemque
3519 3944 3708 3986 meam

333 4016 422 4071 καὶ
481 4014 708 4091 μελέτη,
771 4019 935 4074 ταῦτα
996 4027 1085 4078 νῦν
1142 4017 1415 4094 ἀτιμάσω,
1500 4020 1589 4074 καὶ
1661 4021 1968 4099 προσκαίροι

2065 4039 2272 4082 curam
2307 4021 2531 4082 contuli
2562 4033 2618 4083 et
2652 4019 3140 4092 sollicitudinem,
3175 4037 3245 4079 ea
3274 4036 3404 4099 quae
3434 4035 3588 4077 nunc
3617 4017 3701 4098 (7)

328 4106 418 4161 καὶ
485 4105 716 4185 φθαρτοῦ
786 4105 1053 4182 βασιλέως
1131 4107 1478 4187 ἐπαγγελίαις
1565 4113 1968 4188 συναρπαφείς;

2064 4109 2300 4173 habebo
2331 4110 2728 4191 contemptui,
2765 4109 2924 4188 regis
2960 4110 3058 4188 qui
3109 4117 3196 4170 est
3248 4109 3318 4169 ad
3354 4118 3614 4186 tempus,
3651 4113 3710 4167 et

330 4195 471 4270 Πρὸς
513 4194 649 4272 ἅπερ
694 4197 788 4252 οὔκ
833 4194 978 4276 ἔχων
1024 4199 1050 4253 ὁ
1114 4195 1298 4277 ἅρχων
1371 4196 1400 4253 8
1440 4220 1488 4254 τι
1537 4198 1623 4255 καὶ
1668 4198 1968 4278 φθέγξαιτο,

2064 4204 2122 4262 in
2152 4220 2330 4281 quem
2354 4201 2512 4263 cadit
2543 4199 2842 4267 interitus,
2872 4199 3150 4260 inductus
3175 4197 3707 4278 promissuonibus?

329 4285 463 4356 πρὸς
497 4286 589 4340 τὸν
621 4284 911 4360 πέμψαντα
953 4287 1114 4343 πάλιν
1163 4289 1269 4344 ἀπὸ
1299 4293 1398 4355 τῆς
1438 4288 1680 4368 φυλακῆς
1711 4290 1968 4361 ἀναστρά-

2061 4291 2152 4355 Ad
2188 4310 2319 4372 qua:
2351 4310 2486 4352 cum
2520 4311 2635 4353 non
2675 4292 2919 4352 haberet
2955 4289 3332 4368 magistratus
3361 4288 3504 4368 quid
3536 4287 3708 4349 dice-

328 4395 416 4454 φει
475 4374 648 4431 πάντα
709 4378 990 4451 σημαίνων
1050 4377 1156 4434 ἀπὸ
1214 4377 1462 4455 γλώττης
1534 4381 1699 4453 αὐτῷ,
1761 4379 1846 4460 ἐφ’
1889 4381 1968 4445 οἷς

2063 4390 2187 4462 ret,
2218 4382 2454 4443 reducit
2482 4383 2552 4442 ad
2587 4399 2747 4448 eum.
2801 4381 2902 4460 qui
2955 4381 3200 4440 miserat
3247 4397 3279 4440 e
3329 4377 3618 4446 custodia,
3653 4376 3711 4437 ei

329 4464 543 4527 iacebo:
602 4465 662 4520 οὗ
716 4466 944 4542 μετρίως
1002 4467 1381 4545 ἀγανακτήσας
1431 4467 1638 4526 κελεύει
1687 4472 1827 4546 μετᾶ
1883 4475 1968 4540 τῆς

2064 4471 2265 4550 lingua
2299 4473 2499 4532 omnia
2529 4471 2893 4547 signiﬁcans.
2929 4468 3053 4541 Qua
3102 4471 3177 4531 de
3228 4488 3406 4531 causa
3453 4468 3554 4528 iilo
3589 4485 3710 4528 non

331 4557 545 4620 πειθοῦς
598 4556 686 4612 καὶ
728 4556 847 4631 βίαν
891 4555 1220 4638 ἐπαγαγεῖν,
1265 4560 1353 4614 καὶ
1396 4572 1514 4622 τοῖς
1567 4559 1770 4637 ῥήμασι
1828 4561 1968 4636 μῖξαι

2066 4561 2278 4622 leviter
2309 4561 2680 4635 indignatus,
2709 4560 2880 4640 jubet
2912 4579 3046 4622 cum
3079 4561 3356 4622 suasione
3395 4559 3507 4618 vim
3551 4577 3706 4639 quo-

336 4645 426 4699 καὶ
469 4644 753 4720 τιμωρίας.
801 4650 880 4722 Τῇ
908 4644 962 4700 δὲ
998 4625 1234 4704 aiataiat;
1287 4649 1462 4726 ἡμέρᾳ
1518 4625 1586 4725 τῆ
1623 4625 1850 4730 quin?

2065 4669 2184 4731 que
2214 4650 2534 4721 adhibere,
2568 4660 2628 4712 et
2658 4625 2856 4712 verbis
2899 4651 3078 4711 etiam
3115 4651 3365 4710 miscere
3394 4625 3707 4729 supplicia.

337 4733 558 4822 πάλινᾷ
606 4733 794 4813 ἄρχων
839 4734 1085 4815 ἐπιστὰς,
1120 4735 1258 4815 ἔργῳ
1310 4739 1374 4792 τὰ
1430 4737 1776 4796 κελευσθέντα
1832 4740 1968 4807 πλη-

2067 4742 2350 4822 Sequenti
2383 4751 2580 4803 autem
2617 4741 2736 4811 die,
2771 4759 2904 4802 cum
2953 4759 3158 4801 rursus
3207 4740 3578 4817 magistratus
3610 4757 3713 4800 ve-

339 4830 462 4900 ροῦν
519 4821 748 4904 ἤρχετο,
807 4826 895 4880 καὶ
954 4826 1282 4904 προσέταττε
1335 4831 1694 4903 συνωθισμοῖς
1755 4835 1842 4887 καὶ
1898 4833 1968 4908 βίᾳ

2069 4821 2255 4892 nisSet
2275 4833 2347 4892 ad
2381 4831 2735 4902 custodiam,
2761 4849 2831 4892 ea
2853 4848 2988 4910 quae
3012 4831 3295 4909 imperata
3319 4830 3571 4899 fuerant,
3598 4848 3716 4890 cm-

339 4915 433 4970 τὸν
492 4912 733 4981 ἀθλητὴν
783 4914 991 4973 ἐκεῖθεν
1054 4915 1353 4993 ἐξάγεσθαι,
1388 4915 1592 4982 πολλὰς
1647 4919 1830 4984 ἔξωθεν
1891 4943 1968 4977 οιαη

2072 4923 2154 5002 pit
2178 4921 2377 5000 reipsa
2408 4921 2680 4998 exsequi,
2717 4928 2774 4981 et
2797 4920 2976 4999 jussit
3010 4929 3071 4980 ut
3104 4937 3205 4999 per
3236 4919 3343 4989 vim
3375 4931 3712 4999 protrusum

340 5005 500 5066 αύτὸς
543 5004 638 5069 τὰς
672 5002 900 5069 ἀπειλὰς
943 5005 1186 5084 ἒπιχὲων
1217 5007 1304 5061 καὶ
1336 5013 1412 5080 τῷ
1444 5005 1656 5086 σφοδρῷ
1685 5009 1780 5076 τῆς
1813 5033 1968 5088 προσ-

2069 5012 2236 5073 illinc
2266 5011 2549 5072 athletam
2603 5008 3006 5073 abducerent:
3044 5012 3172 5090 ipse
3209 5028 3469 5088 quoque,
3505 5009 3716 5067 multas

338 5090 509 5161 ϐολῆς
570 5095 658 5150 καὶ
729 5097 1124 5172 τεταραγμίνῳ,
1189 5093 1526 5176 καταπλῆξαι
1584 5098 1682 5164 τὴν
1741 5103 1968 5176 γενναίαπ

2075 5102 2263 5162 minas
2288 5101 2615 5171 intentans,
2634 5101 3101 5176 vehementique
3125 5099 3297 5159 insul-
3316 5118 3348 5157 u
3375 5108 3429 5156 et
3457 5097 3716 5154 tumultu

337 5182 548 5250 ἐκείνην
580 5180 976 5260 ὑπολαμϐάνων
1019 5185 1228 5264 ψυχήν.
1267 5174 1323 5241 Ὀ
1357 5182 1408 5239 δὲ
1441 5183 1611 5258 μηδὲν
1644 5174 1776 5265 πρὸς
1820 5201 1968 5248 tat-31:

2067 5210 2132 5254 se
2155 5191 2368 5254 fortem
2395 5206 2451 5252 et
2479 5201 2780 5252 strenuam
2801 5192 2958 5250 illam
2976 5174 3230 5250 animam
3260 5184 3718 5266 perterrefactu-

335 5273 470 5340 θῆλυ
521 5275 727 5346 παθὼν,
788 5272 960 5348 μηδὲν
1011 5274 1378 5353 μικρόψυχον,
1421 5272 1560 5348 μηδὲ
1589 5275 1829 5357 ἀγεννὲς,
1863 5303 1968 5353 μη.

2067 5299 2198 5342 rum
2237 5281 2610 5344 existimans.
2642 5282 2746 5342 illa
2772 5299 2906 5339 vero
2933 5280 3077 5340 nihil
3108 5276 3540 5348 eil‘eminatum,
3569 5273 3717 5335 nihil

340 5360 426 5417 δὲν
482 5363 588 5420 τῶν
637 5360 1015 5437 προλαϐόντων
1074 5363 1310 5436 ἀνάξιον,
1373 5365 1508 5436 μετὰ.
1573 5366 1669 5430 τῆς
1721 5370 1968 5438 συνήθους

2061 5371 2313 5452 quodsit
2347 5371 2551 5450 pusilli
2586 5382 2642 5432 et
2669 5370 2892 5449 abjecti
2938 5368 3146 5439 animi,
3183 5377 3239 5428 et
3272 5367 3416 5426 nihil
3451 5364 3610 5446 quod
3647 5364 3722 5424 sit

341 5453 448 5509 τῶν
505 5455 648 5522 ἠθῶν
691 5453 901 5519 ἐκείνης
953 5455 1042 5508 καὶ
1091 5453 1455 5532 χαριεστάτης
1514 5452 1845 5529 ἁπλότητος,
1891 5463 1968 5529 Μὴ

2062 5461 2371 5538 indignum
2427 5461 2500 5522 iis
2555 5479 2688 5541 quae
2743 5466 3194 5540 praecessisrant.
3234 5475 3352 5536 prie
3399 5476 3461 5516 se
3494 5456 3719 5532 ferens,

339 5540 544 5623 κάμῃς,
575 5550 688 5621 χῦρι
723 5544 748 5598 δ
780 5541 989 5623 ἅρχων,
1028 5541 1152 5621 ἔφη,
1188 5544 1263 5616 μὴ
1304 5543 1572 5619 κοπιάσῃς
1611 5561 1625 5574 '
1659 5545 1753 5621 ἐμὲ
1784 5549 1882 5626 γὰρ
1914 5557 1968 5627 τῇ

2058 5571 2193 5614 cum
2228 5551 2332 5613 illa
2352 5540 2647 5614 consueta
2677 5562 2734 5612 et
2763 5548 3198 5629 jucundissima
3231 5565 3461 5606 morum
3497 5545 3726 5626 simpli-

339 5639 433 5688 τοῦ
491 5630 621 5704 ἐμοῦ
681 5638 910 5704 Χριστοῦ
967 5631 1152 5711 χάριτι
1225 5631 1618 5707 δυναμούμενον
1667 5635 1726 5691 ού
1776 5641 1968 5706 πείσεις

2061 5642 2258 5706 citate:
2283 5643 2370 5706 Ne
2389 5643 2628 5705 labores
2643 5642 2858 5721 inquit,
2877 5657 3075 5718 neque
3089 5637 3464 5716 dei‘atigeris,
3481 5638 3725 5705 domine

427 5819 515 5924 (Ἰ)
548 5816 648 5881 Ea
674 5835 866 5897 nario,
900 5818 1083 5882 habet
1109 5817 1431 5882 Baronius.
