4104 6198
391 374 508 441 803
1681 372 1962 442 MENSIS
2003 377 2463 448 JANUARIUS.
2769 390 2776 391 “
3647 377 3763 449 804

389 532 649 596 praeses;
704 512 846 576 mihi
889 513 1072 589 enim,
1127 513 1227 594 qui
1283 525 1412 575 sum
1457 513 1574 575 mei
1598 513 1817 576 Christi
1841 513 2015 594 gratia

2110 513 2320 585 ἀποστῆ
2337 541 2408 576 θαι
2469 524 2567 585 τῆς
2623 516 2860 582 εὒσεϐίας
2899 534 2913 549 °
2960 519 3100 576 ποίει
3146 524 3430 596 τοιγαρουν
3465 517 3499 574 ἂ
3558 518 3759 595 βούλει,

388 604 797 676 confirmatus,
814 621 926 664 non
953 601 1340 683 persuadebis
1358 610 1473 664 uta
1499 609 1715 685 pietate
1727 603 2015 681 deﬁciam,

2115 606 2344 681 μηδενὸς
2389 613 2562 668 αὐτῶν
2593 609 2966 688 ἀπεχόμενος.

388 694 478 756 fac
501 711 643 769 ergo
676 709 1040 773 quaecunque
1071 693 1177 766 vis,
1214 711 1247 754 a
1278 692 1442 756 nullo
1473 691 1806 756 abstinens.

425 831 430 836 ,
466 778 669 843 XXIII.
698 777 865 841 Hanc
893 780 1190 842 Anastasii
1223 800 1363 844 cum
1396 782 1717 863 prudentia
1747 792 2026 848 constan-

387 870 526 933 tiam
567 867 727 930 nulla
753 868 1081 932 moderatio
1115 873 1347 953 excepit
1390 879 1490 935 aut
1522 873 1884 949 humanitas,
1918 874 2025 936 sed

382 959 612 1020 vinctus
640 975 807 1020 more
836 957 1076 1021 Persico
1097 961 1283 1040 virgis
1301 960 1648 1024 credebatur
1669 962 2020 1026 crudeliter.

386 1049 530 1113 Cum
558 1046 608 1109 is
624 1057 824 1109 autem
853 1046 1296 1126 verberaretur,
1322 1051 1449 1114 haec
1470 1050 1821 1114 decantabat
1844 1052 2027 1132 magi-

383 1144 605 1200 stratus
643 1156 656 1198 :
690 1134 836 1198 Cum
870 1137 1143 1200 maximis
1173 1138 1331 1218 regis
1360 1139 1536 1202 donis
1585 1150 1645 1203 et
1695 1141 2026 1204 honoribus

382 1223 730 1310 persuaderi
765 1245 882 1288 non
925 1227 1304 1302 sustinueris,
1355 1229 1428 1292 ad
1475 1230 1600 1292 haec
1629 1230 1712 1292 sis
1742 1230 2026 1312 deinceps

380 1324 642 1399 paratus.
667 1313 764 1378 Sic
779 1317 937 1379 enim
962 1324 1017 1379 te
1038 1318 1304 1399 quotidie
1323 1320 2023 1393 verberans,consumam

379 1405 590 1488 plagis.
634 1404 740 1468 Ille
772 1414 967 1467 autem
1003 1425 1135 1468 cum
1173 1426 1308 1469 eum
1352 1409 1597 1488 juberet
1625 1428 1858 1485 rursus,
1891 1429 2024 1491 quae

381 1494 557 1558 vellet
575 1493 794 1570 facere,
812 1495 982 1575 jubet
1007 1497 1248 1580 martyri
1269 1498 1529 1562 relaxato
1555 1517 1588 1561 a
1603 1499 2022 1575 vinculis,cum

380 1598 650 1647 extensus
669 1589 1102 1661 essetsupinus,
1119 1590 1293 1662 lignis
1309 1593 1810 1665 mcdiasintercipt
1835 1593 2024 1659 tibias,

379 1681 629 1756 utraque
655 1680 851 1734 autem
879 1690 1087 1734 eorum
1117 1683 1388 1738 extrema
1419 1696 1696 1758 premere
1725 1680 1884 1740 viros
1907 1677 2022 1739 ali-

380 1772 524 1844 quot
555 1761 858 1838 robustos,
910 1763 1006 1843 qui
1054 1771 1112 1826 et
1161 1783 1486 1846 corporum
1522 1767 1935 1846 magnitudine
1965 1777 2024 1829 et

2197 778 2323 848 Kl".
2371 790 2580 856 Ταύτην
2623 787 2973 846 Ἀναστασίου
3028 787 3124 854 τὴν
3184 786 3321 862 μετά
3364 785 3623 851 συνέσεως
3667 785 3756 842 ἔν-

2111 897 2295 933 στασιν
2326 877 2587 958 ἐπιεικὲς,
2622 876 2772 938 οὐδὲν
2805 877 2839 946 ἢ
2884 875 3258 957 φιλάνθρωπον
3287 873 3585 956 διεδέχετο,
3621 873 3758 932 ἀλλά

2109 971 2353 1044 Περσικῷ
2407 969 2588 1045 τρόπῳ
2631 967 2793 1033 δεθεὶς
2849 965 3061 1044 ῥάϐδοις
3108 963 3351 1032 ἀνηλεῶς
3412 967 3752 1042 κατῃκίζετο.

2108 1055 2436 1132 Τυπτομὲνῳ
2491 1055 2546 1113 δὲ
2595 1060 2740 1132 αὐτῷ
2797 1065 3016 1115 τοιαὸτα
3068 1056 3156 1111 καὶ
3217 1056 3242 1110 6
3293 1054 3477 1134 ἄρχων
3536 1052 3750 1131 ἔπῇδεν*

2107 1155 2244 1209 Ταῖς
2289 1147 2569 1225 μεγίσταις
2617 1149 2711 1204 τοῦ
2753 1145 3025 1223 βασιλέως
3078 1156 3264 1218 τιματς
3296 1165 3353 1200 τε
3385 1143 3481 1201 καῖ
3525 1142 3753 1222 δωρεαῖς

2109 1240 2392 1304 πεισθῆναι
2436 1237 2513 1312 μὴ
2565 1236 2967 1316 ἀνασχόμενος,
3031 1236 3160 1312 πρὸς
3189 1240 3410 1292 τοιαῦτα
3441 1241 3532 1291 τοῦ
3561 1233 3749 1291 λοιποῦ

2108 1325 2476 1403 παρεσκεύασο
2515 1347 2526 1360 ·
2586 1324 2726 1382 οὕτω
2787 1324 2889 1403 γάρ
2947 1345 3006 1380 σε
3062 1325 3274 1381 τύπτων
3334 1321 3455 1378 καθ’
3516 1323 3750 1389 ἑκάστην

2106 1413 2336 1493 ἡμέραν,
2396 1429 2517 1478 ταῖς
2567 1414 2813 1493 πληγαῖς
2848 1413 3134 1472 ἀναλώσω.
3190 1419 3295 1471 Τοῦ
3343 1410 3399 1468 δὲ
3452 1411 3550 1469 καί
3592 1410 3755 1469 πάλιν

2110 1502 2142 1559 ἃ
2183 1503 2428 1580 βούλοιτο
2463 1520 2640 1562 ποιεῖν
2691 1504 3097 1582 Επιτρέποντος,
3145 1501 3351 1560 κελεύει
3400 1507 3501 1559 τῶν
3545 1499 3756 1578 δεσμῶν

2108 1592 2354 1651 ἀνεθέντα
2408 1595 2499 1650 τόν
2549 1595 2811 1672 μάρτυρα,
2858 1592 3046 1649 ὕπτιόν
3107 1613 3162 1647 τε
3211 1589 3546 1663 διαταθέντα,
3581 1588 3754 1657 ξύλοις

2107 1683 2202 1747 τὰς
2259 1683 2470 1758 κνήμας
2515 1683 2678 1758 μέσον
2721 1683 3148 1761 ἀποληφθῆναι·
3213 1680 3434 1759 ἑκατέρᾳ
3467 1679 3521 1737 δὲ
3551 1681 3754 1738 τούτων

2108 1771 2243 1851 ἄκρα
2295 1775 2562 1848 γενναίους
2621 1773 2769 1837 τινας
2837 1771 3119 1838 ἐπιστῆναι
3183 1767 3373 1849 ἀνδρας
3433 1770 3648 1848 μεγέθει
3695 1789 3752 1826 τε

382 1853 564 1915 aetatis
579 1851 777 1930 vigore
791 1859 1163 1933 praestarent.
1184 1855 1405 1936 Martyr
1417 1864 1614 1918 autem
1640 1857 1876 1938 cum‘sic
1893 1858 2015 1938 ejus

2108 1860 2372 1937 σωμὶτων
2429 1863 2518 1918 καὶ
2561 1859 2774 1930 ἡλικίας
2813 1860 2963 1937 ἀκμῇ
3011 1859 3380 1939 διαφέροντας.
3431 1860 3492 1918 Ὀ
3525 1858 3579 1914 δὶ
3606 1856 3752 1937 μοίρ-

381 1941 542 2005 ιίὺίαι
564 1953 986 2025 premerentur
1007 1961 1194 2025 usque
1209 1944 1280 2006 ad
1305 1961 1460 2018 ossa,
1479 1964 1690 2025 magno
1707 1954 1764 2009 et
1781 1947 2015 2010 excelso

2103 1973 2219 2028 τυς,
2266 1954 2352 2008 καὶ
2415 1952 2678 2016 τοιούτοις
2733 1951 2994 2024 πιέσμασι
3064 1949 3261 2030 μέχρις
3325 1949 3526 2006 ὀστέων
3578 1950 3752 2005 αὐτῶν

377 2033 578 2095 animo
602 2039 662 2095 et
685 2031 859 2113 plane
882 2030 1298 2114 philosophico
1324 2035 1646 2099 tolerabat.
1680 2036 1847 2108 Quod
1880 2038 2014 2118 qui-

2102 2042 2192 2106 τάς
2255 2040 2464 2115 κνήμας
2496 2039 2943 2121 ἀποθλιϐόμενος,
2995 2039 3401 2119 μεγαλοψύχως
3432 2038 3508 2095 ’έτι
3542 2036 3748 2113 μᾶλλον

374 2121 509 2186 dem
539 2141 672 2186 cum
693 2121 938 2185 vidisset
956 2125 1359 2203 magistratus,
1381 2132 1438 2187 et
1455 2125 1830 2205 cognovisset
1859 2145 1925 2189 se
1948 2147 2015 2191 ex

2102 2132 2188 2188 καὶ
2238 2130 2545 2211 φιλοσόφως
2600 2129 2925 2210 διεκαρτέρει
2963 2146 2976 2160 ⁶
3017 2129 3149 2206 ὅπερ
3182 2132 3208 2185 6
3257 2128 3442 2209 ἄχρων
3470 2125 3621 2202 ἰδὼν,
3661 2129 3751 2185 καὶ

375 2231 445 2276 eo
483 2213 669 2292 magis
698 2230 920 2292 augere
951 2212 1081 2292 ejus
1105 2213 1407 2294 patientiae
1429 2222 1487 2277 et
1511 2215 1845 2279 tolerantia;
1866 2235 2016 2280 con-

372 2304 674 2380 stantiam,
709 2319 916 2364 rursus
947 2302 1009 2363 in
1039 2302 1394 2366 tutissimam
1428 2323 1564 2367 eum
1603 2305 1781 2368 tradit
1810 2313 2013 2371 custo-

372 2392 554 2469 diam,
587 2398 651 2454 ut
679 2392 755 2455 de
785 2409 855 2454 eo
878 2409 1088 2454 rursus
1117 2391 1374 2456 referret
1403 2393 1475 2456 ad
1524 2413 1750 2476 regem.
1787 2394 1934 2458 Cum
1967 2396 2019 2459 is

370 2492 566 2546 autem
600 2482 696 2546 cui
727 2488 854 2544 erat
884 2482 1207 2544 commissa
1229 2501 1373 2546 cura
1397 2485 1679 2562 carceris,
1711 2486 2012 2564 sellarius,

373 2585 527 2638 esset
550 2573 841 2655 religione
872 2573 1263 2651 Christianus,
1313 2585 1372 2639 et
1416 2577 1552 2640 ideo
1582 2596 1793 2639 eorum
1827 2579 2011 2641 mise-

372 2673 627 2742 reretur,
661 2665 762 2746 qui
797 2682 904 2746 pro
937 2665 1154 2746 pietate
1185 2664 1535 2728 laborabant
1565 2675 1718 2729 eteo
1744 2668 1901 2748 quod
1926 2679 2018 2730 est

371 2753 591 2818 bonum
619 2764 679 2818 et
708 2755 1053 2830 honestum,
1087 2762 1148 2816 et
1180 2755 1290 2832 eis,
1323 2755 1422 2837 qui
1458 2756 1674 2818 vellent
1700 2775 1774 2818 ex
1806 2758 2016 2820 Chris-

371 2842 571 2921 tianis,
599 2842 961 2906 concederet
986 2843 1347 2922 ingressum,
1374 2844 1636 2907 interdiu
1670 2845 2015 2924 ingrediens

371 2934 506 2994 sine
540 2932 660 2994 ulla
689 2930 1096 3013 prohibitione
1128 2933 1312 2995 frater
1342 2934 1718 3010 monasterii,
1753 2938 1855 3014 qui
1879 2956 2012 2999 cum

371 3030 628 3103 martyre
660 3022 918 3083 solverat
963 3039 1035 3083 ex
1067 3019 1361 3096 Cresarea,
1392 3024 1816 3086 consolabatur
1848 3024 2010 3088 illam

370 3128 643 3192 asperam
661 3117 721 3173 et
745 3119 953 3172 tetram
974 3110 1033 3172 in
1049 3129 1292 3174 carcere
1317 3112 1766 3190 habitationem,
1785 3123 1845 3177 et
1865 3135 1900 3197 q
1913 3135 2014 3178 uos

371 3218 441 3296 ex
478 3200 668 3282 plagis
697 3209 964 3263 senserat
1011 3201 1270 3280 dolores,
1298 3211 1353 3265 et
1382 3221 1531 3284 quas
1569 3221 1644 3265 ex
1671 3205 1922 3267 vinculis
1956 3214 2073 3296 etC

370 3289 486 3353 alia
525 3292 820 3354 malorum
868 3292 1260 3374 perpessione
1311 3301 1630 3374 acceperat
1681 3294 2009 3358 molestias.

364 3379 532 3445 Multi
556 3400 790 3463 quoque
819 3381 921 3443 alii
952 3382 1061 3443 viri
1084 3382 1185 3462 pii,
1204 3400 1335 3444 cum
1351 3381 1570 3463 quibus
1594 3382 1755 3444 illius
1775 3403 2014 3466 quoque

365 3471 561 3535 Iesdin
587 3473 692 3534 filii
711 3473 785 3534 ad
818 3491 954 3534 eum
979 3473 1408 3554 ingredientes,
1441 3473 1514 3535 ad
1550 3474 1853 3555 speciosus
1885 3477 2016 3556 ejus

371 3562 582 3643 pedes,
607 3570 667 3624 et
689 3561 844 3624 bona
866 3571 1068 3643 aperte
1096 3563 1590 3640 evangelizantes,
1625 3563 2015 3644 procidebant

365 3658 424 3712 et
453 3651 689 3713 vincula
717 3650 1224 3713 deosculabantur
1275 3660 1332 3713 et
1378 3652 1702 3732 rogabant,
1737 3663 1797 3715 ut
1829 3654 1902 3716 ab
1935 3673 2014 3717 eo

367 3740 597 3822 aliquas
634 3751 1148 3820 consequerentur
1183 3759 1395 3823 preces
1428 3751 1487 3804 et
1528 3742 2008 3806 benedictiones.

365 3831 510 3892 Cum
566 3832 616 3891 is
664 3841 861 3892 autem
920 3830 1048 3893 huic
1097 3832 1346 3894 omnino
1395 3831 1640 3894 minime
1669 3833 2012 3896 admitteret

370 3921 494 4001 (ille
525 3922 685 3983 enim
723 3928 843 3983 toto
875 3939 1111 4002 semper
1143 3921 1343 3984 animo
1376 3931 1433 3982 et
1479 3932 1701 3998 mente,
1736 3922 2012 3986 humanis

363 4009 591 4089 gloriae,
626 4010 826 4089 hujus,
856 4011 1097 4091 inquam
1127 4027 1319 4091 venre,
1347 4020 1407 4074 et
1431 4010 1654 4087 inﬁdae,
1679 4020 1735 4073 et
1758 4014 2006 4088 fallacis,

364 4107 423 4160 et
453 4117 584 4179 quas
615 4098 764 4160 nihil
817 4102 994 4162 habet
1038 4101 1274 4161 firmum
1321 4119 1389 4162 ac
1423 4101 1664 4177 stabile,
1700 4104 2010 4166 resecabat

363 4189 760 4271 occasiones),
816 4190 928 4271 ipsi
959 4190 1213 4252 vinculis
1245 4207 1447 4251 ceram
1479 4191 1838 4269 immittens,
1876 4212 2011 4274 qua:

364 4296 435 4341 ex
459 4278 577 4340 illis
597 4281 1043 4361 exprimebatur
1059 4279 1341 4357 eﬂigiem,
1369 4289 1648 4360 tanquam
1684 4284 2008 4344 maximum

361 4368 602 4450 aliquod
631 4369 966 4430 remedium
996 4376 1054 4430 et
1075 4375 1334 4429 salutare
1359 4368 1432 4430 ad
1456 4387 1696 4433 omnem
1730 4371 2008 4435 morbum

361 4467 420 4520 et
448 4459 716 4521 dolorem
751 4458 1104 4520 solvendum
1137 4459 1494 4522 efferebant.

444 4546 657 4611 XXIV.
686 4546 812 4610 Non
841 4546 1086 4608 multum
1115 4549 1399 4629 temporis
1421 4548 1784 4626 intercessit,
1808 4556 1866 4612 et
1881 4569 2010 4612 rur-

2033 4601 2081 4655 ο

2100 2221 2258 2298 γνοὺς
2315 2222 2389 2284 ὡς
2451 2221 2702 2277 ἐπιτείνει
2761 2219 2968 2296 μᾶλλον
3033 2220 3175 2294 αύτῷ
3223 2225 3323 2286 τῆς
3353 2219 3632 2294 ὑπομονῆς
3662 2220 3747 2274 εν-

2103 2313 2276 2369 τεῦθεν
2331 2311 2416 2367 καὶ
2474 2310 2753 2388 καρτερίας
2797 2311 2860 2366 τὸ
2905 2311 3177 2383 σύντονον,
3235 2307 3620 2388 ἀσφαλεστάτη
3664 2308 3751 2364 καὶ

2099 2399 2261 2457 πάλιν
2291 2399 2450 2458 αὖτὸν
2505 2406 2705 2481 φρουρᾷ
2761 2397 2973 2455 δίδωσιν
3009 2415 3023 2430 ⁸
3081 2397 3220 2456 ὥστε
3251 2405 3328 2473 τῷ
3357 2396 3579 2475 βασιλεῖ
3632 2398 3752 2476 περὶ

2103 2489 2288 2548 τούτου
2345 2491 2431 2546 καὶ
2475 2489 2621 2554 αὖθις
2666 2489 3004 2566 ἀνενεγκεῖν,
3038 2491 3143 2546 Τοῦ
3188 2487 3240 2543 δὲ
3287 2488 3347 2544 τι
3378 2484 3752 2566 δεσμωτήριον

2100 2579 2556 2658 ἐπιτετραμμένου
2643 2577 2924 2652 σελλαρίου
3026 2585 3346 2658 Χριστιανού
3442 2578 3501 2634 τὸ
3586 2573 3750 2640 σέϐας

2099 2669 2460 2750 ὑπάρχοντος,
2510 2670 2598 2725 καὶ
2641 2669 2783 2748 παρὰ
2814 2674 2971 2725 τοῦτο
3003 2666 3292 2745 συναλγεῖν
3325 2667 3551 2746 ἔχοντος
3611 2665 3745 2747 φιλ-

2101 2759 2392 2837 ανθρώπως
2451 2771 2571 2821 τοῖς
2625 2758 2756 2837 ὑπὲρ
2815 2757 3081 2822 εὖσεόείας
3142 2757 3231 2813 καὶ
3286 2757 3380 2813 τοῦ
3434 2754 3602 2812 καλοῦ
3643 2756 3751 2812 κά-

2101 2870 2312 2923 μνουσι,
2365 2850 2455 2905 καὶ
2513 2853 2846 2926 Χριστιανῶν
2903 2845 2979 2921 τῷ
3021 2844 3338 2921 βουλομένῳ
3391 2850 3492 2913 τῆς
3542 2842 3750 2902 εἰσόδου

2099 2944 2554 3018 παραχωροῦντος
2595 2953 2609 2969 ⁸
2677 2937 2855 2994 εἰσιὼν
2909 2933 3036 3014 παρ’
3095 2937 3300 3013 ἡμέραν
3359 2937 3386 2991 6
3442 2935 3538 3002 τῆς
3577 2939 3748 3010 μονῆς

2097 3025 2320 3107 ἀδελφὸς
2383 3026 2694 3101 ἀκωλύτως,
2754 3029 2781 3083 ὁ
2836 3027 2922 3083 καὶ
2958 3025 3260 3102 συναπαίρας
3321 3025 3380 3081 ἐκ
3429 3024 3745 3099 Καισαρείας

2097 3122 2174 3191 τῷ
2232 3118 2480 3198 μάρτυρι,
2527 3119 2587 3173 τὸ
2632 3115 2866 3192 σκληρὸν
2897 3113 3140 3180 καθαίπαξ
3185 3113 3365 3170 ἐκεῖνο
3408 3114 3497 3170 καὶ
3554 3112 3746 3194 ἄφιλον

2096 3213 2192 3275 τῆς
2237 3206 2292 3263 ἐν
2322 3210 2398 3282 τῷ
2426 3205 2774 3284 δεσμωτηρίῳ
2804 3203 3102 3284 διαγωγῆς,
3137 3204 3233 3267 τὰς
3267 3225 3322 3260 τε
3361 3207 3469 3260 τῶν
3514 3202 3744 3281 πληγῶν

2099 3295 2308 3370 ὀδύνας,
2366 3298 2453 3353 καὶ
2482 3297 2582 3364 τὴν
2614 3295 2717 3353 ἀπὸ
2751 3301 2859 3352 τῶν
2902 3293 3112 3370 δεσμῶν
3138 3293 3238 3350 καῖ
3268 3294 3366 3362 τῆς
3411 3291 3584 3359 ἄλλης
3642 3315 3741 3349 κα·

2097 3386 2383 3448 κοπαθείας
2430 3387 2796 3467 στενοχωρίαν
2853 3389 3240 3462 παρεμυθεῖτο.
3308 3382 3505 3441 Πολλοὶ
3561 3380 3625 3439 δά
3655 3385 3744 3441 καὶ

2097 3476 2251 3535 ἄλλοι
2311 3481 2414 3533 τῶν
2468 3474 2723 3548 εὐσεϐῶν,
2756 3473 2872 3550 μεθ’
2903 3476 2979 3530 ῶν
3007 3474 3097 3530 καὶ
3125 3475 3173 3530 ei
3204 3479 3296 3530 τού
3325 3471 3509 3530 Ἰεσδὶν
3537 3473 3744 3530 ὲκείνου

2097 3565 2229 3642 υἱοί,
2277 3569 2405 3646 πρὸς
2437 3567 2592 3623 αὐτὸν
2626 3565 2905 3639 εἰσιόντες,
2939 3564 3066 3621 ποσί
3095 3565 3152 3620 τε
3182 3562 3345 3620 αὐτοῦ
3381 3576 3498 3628 τοῖς
3527 3562 3744 3641 ὡραίοις

2097 3659 2184 3714 καὶ
2227 3657 2400 3734 ἀγαθὰ
2452 3661 2633 3734 σαφῶς
2687 3652 3187 3733 εὐαγγελιζομένοις
3219 3652 3604 3731 προσέπιπτον,
3651 3655 3745 3709 καὶ

2097 3748 2162 3803 τά
2203 3745 2371 3822 δεσμὰ
2423 3745 2759 3825 κατεφίλουν,
2817 3745 2904 3800 καί
2945 3765 3088 3811 τινος
3131 3740 3261 3822 παρ’
3327 3747 3488 3802 αὐτοῦ
3544 3755 3740 3822 τυχεῖν

2098 3836 2269 3918 εὐχῆς
2325 3859 2382 3894 τε
2438 3837 2529 3893 καὶ
2583 3834 2828 3912 εὐλογίας
2885 3831 3118 3896 ἐδέοντο.
3165 3841 3269 3892 Τοῦ
3311 3831 3365 3888 δὲ
3411 3833 3543 3911 πρὸς
3572 3839 3740 3890 ταῦτα

2097 3930 2184 3984 καὶ
2240 3925 2355 3983 λίαν
2414 3925 2794 4006 ἁπαραδέκτως
2852 3923 3103 4004 ἔχοντος.
3175 3923 3302 4003 (ὅλῃ
3372 3923 3473 4001 γὰρ
3531 3921 3740 3985 ἐκεῖνος

2093 4017 2173 4073 ἀεὶ
2203 4017 2291 4074 καὶ
2323 4016 2545 4094 γνώμης
2594 4016 2683 4072 καὶ
2733 4019 2919 4095 ψυχῆς
2967 4013 3213 4090 προθέσει
3257 4012 3354 4081 τῆς
3405 4011 3741 4087 ἀνθρωπίνης

2093 4105 2276 4177 δόξης,
2309 4111 2406 4173 τῆς
2437 4111 2600 4172 κενῆς
2633 4102 2698 4172 δὴ
2742 4105 2940 4171 ταύτης
2978 4105 3068 4160 καὶ
3097 4103 3322 4160 ἀπίστου
3352 4102 3437 4158 καὶ
3471 4099 3744 4177 ψευδομέ-

2096 4219 2191 4264 νης
2256 4197 2345 4253 καί
2399 4194 2548 4254 οὒδέν
2592 4194 2828 4275 ἐχούσης
2875 4193 3150 4269 ἀ)ι,θινὸν,
3198 4193 3292 4255 τὰς
3321 4191 3566 4272 ἀφορμὰς
3598 4213 3745 4270 παρ-

2094 4285 2335 4366 έκοπτε),
2395 4285 2549 4344 αύτοί
2582 4287 2751 4358 κηρὸν
2795 4296 2915 4347 τοῖς
2963 4280 3186 4357 δεσμοῖς
3218 4278 3627 4357 ἐπιεάλλοντες,
3674 4282 3743 4337 τὸ

2094 4377 2300 4432 ἐκεῖθεν
2357 4374 2649 4450 έκτύπωμα
2706 4372 2780 4436 ὥς
2823 4394 2875 4428 τι
2935 4371 3188 4450 μέγιστον
3239 4370 3607 4450 φυλακτήριον
3651 4370 3742 4427 καὶ

2093 4465 2336 4540 καμάτου
2379 4466 2578 4528 παντὸς
2607 4464 2696 4521 καὶ
2726 4463 2921 4526 πάθους
2952 4459 3201 4540 λυτήριον
3231 4461 3572 4534 ἒκομίζοντο.

2177 4554 2288 4613 ΚΔ¹
2304 4602 2316 4614 .
2365 4554 2437 4611 Οὔ
2467 4552 2602 4610 πολὺ
2633 4556 2694 4609 τὸ
2738 4551 2793 4608 ἔν
2838 4551 2987 4628 μέσῳ
3016 4552 3104 4608 καὶ
3133 4547 3294 4606 πάλιν
3327 4548 3548 4614 ὶπιστᾶς
3580 4550 3608 4604 6
3639 4545 3740 4625 ἄρ-

364 4655 465 4699 sus
485 4638 733 4699 veniens
758 4637 860 4699 ille
885 4637 1264 4716 magistratus
1283 4639 1341 4700 in
1358 4639 1794 4714 custodiam,an
1820 4641 2009 4720 jussis

2102 4669 2212 4726 χων
2263 4649 2332 4721 τῇ
2371 4643 2607 4723 φυλακῇ,
2652 4643 2697 4698 εἰ
2739 4655 2858 4706 τοῖς
2890 4646 2984 4698 τοῦ
3013 4637 3274 4717 βασιλέως
3307 4637 3449 4695 εἴκοι
3495 4637 3742 4718 προστά-

361 4727 604 4791 cederet
657 4726 860 4808 regiis,
916 4727 1135 4790 frustra
1185 4728 1612 4808 interrogabat,
1665 4739 1765 4791 aut
1815 4737 2009 4810 potius

360 4835 640 4900 quaerens
661 4817 1038 4880 occasionem
1058 4820 1430 4897 gratificandi
1445 4820 1645 4881 animo
1663 4819 2012 4881 crudelissi-

364 4926 486 4984 mo,
532 4908 629 4989 qui
682 4925 887 4990 poenas
935 4909 1214 4989 cupiebat
1252 4927 1514 4971 sumere.
1553 4908 1699 4971 Cum
1732 4909 1782 4968 is
1810 4917 2009 4970 autem

362 5016 481 5060 non
507 5016 713 5080 parum
734 5016 890 5078 aegre
913 4998 1144 5060 tulisset
1167 4998 1696 5076 interrogationem
1719 5006 1776 5058 et
1800 5017 2012 5079 magna

363 5089 745 5151 contentione
776 5097 835 5150 et
864 5087 1124 5150 motione
1154 5087 1364 5169 capitis
1385 5087 1446 5149 id
1469 5088 1629 5166 quod
1652 5105 1813 5167 saepe
1833 5088 2004 5152 dixe-

363 5187 641 5256 rat,nunc
656 5195 898 5259 quoque
911 5177 1323 5258 respondisset
1348 5198 1361 5240 :
1387 5175 1548 5239 Scito
1571 5195 1666 5238 me
1689 5177 1925 5241 Christo
1950 5189 2008 5241 et

360 5268 565 5350 pietati
597 5268 747 5330 nihil
778 5286 912 5330 esse
946 5267 1357 5349 praelaturum,
1392 5267 1566 5346 jubet
1619 5285 1753 5330 eum
1799 5287 2008 5332 rursus

360 5379 600 5442 quoque
631 5358 896 5436 clavibus
921 5358 1252 5433 verberari,
1282 5360 1438 5420 sicut
1467 5357 1656 5440 prius.
1695 5358 1840 5420 Cum
1865 5377 2005 5421 vero

360 5451 472 5514 viri
492 5458 743 5513 statuam
777 5450 974 5531 potius
1005 5468 1181 5530 quam
1207 5449 1396 5510 virum
1435 5449 1540 5512 visi
1563 5449 2004 5512 essentverbe-

360 5558 518 5614 rare,
550 5549 836 5621 quantum
868 5539 1036 5602 licuit
1065 5539 1371 5620 conjicere
1405 5558 1475 5602 ex
1508 5557 1606 5615 eo,
1643 5539 1801 5620 quod
1849 5547 2009 5600 esset

362 5631 496 5710 ejus
517 5630 752 5692 animus
780 5629 952 5710 plane
975 5629 1345 5708 inﬂexibilis,
1363 5649 1434 5694 eo
1448 5629 1694 5712 quidem
1721 5629 1926 5691 relicto
1947 5629 2005 5691 in

371 5719 664 5797 custodia,
678 5721 911 5782 recedit
937 5722 1345 5799 magistratus;
1369 5720 1662 5800 etaliquot
1680 5719 2009 5800 interjectis

2094 4725 2292 4814 γμασιν
2338 4735 2410 4796 εἰς
2472 4734 2626 4788 κενὸν
2679 4732 2892 4810 ἠρωτα,
2955 4729 2992 4798 ἢ
3035 4727 3242 4804 μᾶλλον
3285 4725 3531 4807 ἀφορμάς
3566 4725 3740 4798 έκζτβ

2095 4831 2226 4904 τῶν,
2285 4822 2508 4898 ὠμοτάη
2563 4829 2718 4901 ψυχῇ
2763 4821 3073 4902 χαρίζεσθαι
3149 4817 3398 4888 κολάζειν
3453 4815 3735 4896 ἔφιεμένη.

2095 4921 2198 4972 Τοῦ
2255 4912 2308 4969 δὲ
2342 4912 2421 4989 μη
2464 4911 2691 4989 μετρίως
2737 4912 2856 4989 περὶ
2911 4911 3012 4976 τὴν
3066 4908 3334 4986 ἒρώτησιν
3364 4904 3739 4986 δυσχεράναν-

2095 5026 2211 5079 τος,
2249 5005 2336 5060 καὶ
2367 5003 2459 5058 σὺν
2503 5005 2646 5077 ὁρμῃ
2678 5002 2807 5080 πρὸς
2839 5000 2999 5059 αὐτὸν
3049 4998 3136 5054 καὶ
3165 4997 3425 5071 κινὴματι
3471 4993 3738 5076 κεφαλῆς,

2091 5095 2118 5151 ὃ
2163 5092 2424 5152 πολλάκις
2459 5091 2613 5170 εἷπε,
2658 5093 2747 5147 καὶ
2790 5097 2878 5148 νῦν
2933 5086 3386 5167 ἀποκριναμένου,
3442 5091 3516 5148 ὼς
3577 5082 3744 5143 Οὐδὲν

2092 5185 2198 5262 ἐγὼ
2246 5181 2481 5262 ’Χριστοῦ
2523 5183 2610 5238 καὶ
2672 5179 2763 5247 τῆς
2808 5176 3100 5252 εὐσεϐείας,
3155 5179 3213 5233 εὖ
3266 5175 3377 5233 ἴσθι
3409 5174 3739 5262 προτιμότε-

2091 5261 2181 5352 ρον
2235 5261 2526 5347 θήσομαι·
2591 5268 2819 5345 κελεύει,
2879 5268 3132 5345 ῥοπάλοις
3205 5267 3362 5325 αὺτὸν
3425 5265 3512 5322 καὶ
3573 5261 3738 5320 πάλιν

2091 5351 2271 5441 ὥσπερ
2305 5360 2370 5430 δὴ
2410 5363 2499 5417 καὶ
2541 5360 2798 5439 πρότερον
2827 5359 3143 5414 τύπτεσθαι.
3197 5354 3346 5412 Ἐπεὶ
3395 5353 3450 5410 δὲ
3481 5351 3735 5432 ἀδριάντα

2091 5452 2296 5530 μᾶλλον
2353 5451 2390 5520 ἢ
2434 5448 2592 5529 ἄνδρα
2621 5450 2836 5507 τύπτειν
2867 5447 3131 5522 ἐῴκεσαν,
3166 5444 3289 5503 ὅσον
3319 5443 3385 5513 ἧν
3418 5443 3630 5500 εἰκάσαι
3657 5447 3735 5516 τῷ

2091 5545 2336 5618 ἀκαμπεϊ
2377 5546 2470 5599 τοῦ
2525 5541 2868 5621 φρονήματος
2902 5556 2917 5573 °
2990 5536 3125 5600 τέως
3186 5535 3285 5611 μὲν
3341 5535 3501 5621 αὐτὸν
3558 5532 3614 5588 ἐν
3665 5536 3736 5609 τῇ

2091 5633 2305 5713 φυλακῇ
2337 5620 2647 5688 καταλιπὼν
2677 5628 2705 5682 ὃ
2737 5626 2924 5708 ἄρχων
2956 5623 3163 5706 ἄπεισι,
3187 5626 3277 5681 καί
3306 5645 3454 5689 τινας
3485 5620 3734 5702 ἐπισχὼν

2089 5710 2292 5802 ἦμέρας
2356 5723 2574 5805 ἔρχεται
2634 5719 2766 5794 πρὸς
2824 5719 2982 5774 αὐτὸν
3046 5716 3217 5790 αὖθις,
3282 5714 3451 5778 πολὺς
3494 5710 3568 5770 ὢν
3611 5724 3732 5782 τοῖς
