4104 6198
330 327 457 394 805
1477 320 1666 388 VITA
1711 326 1769 386 S.
1820 317 2224 388 ANASTASII
2271 327 2554 391 PERSE.
3590 334 3706 402 806

329 467 670 548 τεχνάσμασι
743 466 832 522 καὶ
874 476 998 528 ταῖς
1050 461 1309 527 ἐπινοίαις
1338 481 1353 500 ⁸
1399 464 1488 520 καὶ
1532 471 1618 519 νῦν
1663 463 1761 530 μὲν
1804 462 1967 519 κολα-

2071 457 2264 523 liebus
2295 461 2365 523 ad
2395 479 2531 524 eum
2564 464 2907 538 revertitur,
2940 465 3133 529 varias
3164 477 3326 530 artes
3359 479 3416 532 et
3446 473 3710 538 rationes

331 559 500 622 κείαις
545 558 632 613 καὶ
673 554 1026 635 ὑποσχέσεσι,
1086 560 1174 610 νῦν
1231 551 1286 609 δέ
1318 552 1569 619 ἀπειλαῖς
1601 555 1690 609 καὶ
1718 551 1973 610 κολάσεσι

2071 553 2398 630 excogitans
2427 571 2438 614 :
2477 558 2534 612 et
2566 571 2766 614 nuunc
2799 553 3040 634 quidem
3075 557 3250 618 minis
3282 567 3341 620 et
3372 562 3707 640 promissis,

332 652 409 715 εἷς
453 649 678 726 ἄρνησιν
706 649 804 714 τῆς
837 644 1102 710 εὐσεϐείας
1149 648 1303 703 αὐτὸν
1363 644 1778 722 ἐκκαλούμενος,
1825 642 1973 700 Ἐπεὶ

2071 659 2217 701 nunc
2250 648 2445 702 autem
2482 641 2661 702 minis
2691 651 2748 704 et
2780 643 3092 724 suppliciis
3125 665 3260 707 eum
3316 667 3604 714 revocans
3632 653 3709 714 ad

331 737 387 796 δὲ
417 741 445 796 ὁ
475 741 632 803 αὖτὸς
679 739 744 806 ἦν
790 735 1168 816 Ἀναστάσιος,
1201 737 1342 812 μήτε
1372 736 1580 798 τούτοις
1616 733 1973 808 ὓποκλινόμε-

2071 730 2392 810 negantiam
2424 731 2727 811 pietatem.
2762 730 2905 795 Cum
2936 742 3132 796 autem
3167 735 3324 798 idem
3359 750 3518 803 esset
3545 743 3709 804 Ana-

333 851 448 908 νος,
501 831 639 905 μήτε
686 828 906 892 ἐκείνοις
958 825 1308 903 θελγόμενος,
1355 839 1475 890 τοῖς
1519 823 1843 904 προλαϐοῦσι
1888 822 1973 879 εε-

2071 821 2282 883 stasius
2307 827 2364 881 et
2386 839 2495 882 nec
2519 821 2612 882 his
2631 820 3040 899 inclinaretur,
3060 843 3170 887 nec
3193 825 3310 888 illis
3333 828 3705 910 deliniretur,

331 931 498 995 σμοτς
543 920 629 975 καὶ
672 931 796 982 ταῖς
840 917 1084 994 πληγαῖς
1129 913 1406 981 ἐξεδίδοτο.
1442 921 1577 974 Εἶτα
1620 916 1726 972 τῶν
1773 913 1973 990 δεσμῶν

2071 910 2368 992 prioribus
2420 910 2672 973 vinculis
2703 921 2759 973 et
2789 912 2976 993 plagis
3026 924 3113 976 est
3163 916 3429 982 traditus.
3481 918 3712 985 Deinde

334 1009 562 1088 ἀνεθεὶς,
606 1013 701 1076 τῆς
740 1006 922 1085 ἑτέρας
970 1008 1155 1086 χειρὸς
1202 1005 1504 1084 ἐξαρτᾶται,
1552 1005 1696 1065 λίθου
1739 1007 1837 1073 τὴν
1881 1002 1982 1059 ὁλ-

332 1098 437 1166 κὴν
467 1097 762 1176 βαρυτάτου
790 1098 1012 1176 θατέρου
1057 1108 1176 1154 τοῖν
1203 1092 1390 1153 ποδοῖν
1425 1094 1751 1156 ἐκδεθέντος.
1800 1091 1982 1156 Οὕτως

331 1187 422 1246 οὖν
477 1189 634 1247 αὒτὸν
679 1185 765 1244 ἐπὶ
809 1184 951 1243 δυσὶν
1009 1184 1172 1264 ὥραις
1227 1185 1565 1265 κρεμάμενόν
1611 1207 1668 1241 τε
1716 1185 1802 1240 καὶ
1856 1182 1977 1241 δια-ν

333 1279 621 1352 σπώμενον
650 1279 678 1333 ὁ
709 1274 893 1355 ἄρχων
924 1275 1264 1353 καταλιπὼν,
1311 1275 1434 1332 ἐπεὶ
1480 1274 1598 1331 κατ’
1647 1273 1795 1330 οὖδὲν
1839 1273 1980 1352 ἐώρα

329 1368 409 1443 τῷ
459 1367 682 1446 μάρτυρι
727 1367 819 1423 τὸν
862 1364 1014 1423 τό¹νον
1060 1365 1424 1442 ὺπολυόμενον
1458 1381 1472 1395 ⁸
1533 1364 1670 1423 ἆλλᾶ
1700 1367 1788 1423 καὶ
1819 1386 1978 1445 σφρι-

331 1465 512 1537 γῶντα
555 1455 761 1533 μᾶλλον
791 1462 860 1533 τῇ
901 1458 1006 1513 τῶν
1051 1455 1296 1533 βασάνων
1349 1455 1582 1533 ἐπιμονῇ
1626 1457 1713 1513 καὶ
1769 1457 1975 1534 ῥωννύ-

331 1568 516 1624 μενον,
551 1545 761 1603 ἐκεῖνον
791 1543 891 1622 μέν
937 1543 1158 1620 πέμψας
1189 1544 1439 1624 κατάγει,
1487 1546 1614 1621 πρὸς
1639 1541 1693 1600 δὲ
1737 1545 1830 1600 τὸν
1873 1543 1975 1620 βα-

331 1634 485 1694 σιλέα
515 1633 845 1716 επανελθὼν,
878 1636 940 1691 τό
980 1655 1039 1691 τε
1071 1631 1330 1714 ἄτρεπτον
1388 1636 1546 1691 αὖτοῦ
1597 1635 1695 1701 τῆς
1752 1631 1977 1712 γνώμης

331 1728 423 1784 καὶ
492 1724 676 1789 δεινῶς
730 1722 974 1804 ἀνδρικὸν
1030 1723 1406 1804 ἀπαγγέλλει,
1465 1725 1564 1782 καί
1633 1721 1976 1800 συμϐουλεύει

2069 1019 2202 1063 cum
2254 999 2465 1062 fuisset
2494 1000 2794 1063 relaxatus
2823 1021 2857 1064 a
2889 1004 3161 1081 vinculis,
3199 1023 3269 1069 ex
3299 1006 3483 1071 altera
3533 1028 3712 1073 manu

2068 1090 2478 1170 suspenditur,
2516 1110 2652 1152 cum
2685 1091 2835 1172 lapis
2861 1094 3190 1171 gravissimi
3223 1097 3506 1178 ponderis
3555 1110 3714 1165 esset

2062 1179 2332 1271 alligatus
2353 1179 2527 1271 alteri
2549 1199 2615 1271 ex
2643 1181 2914 1261 pedibus;
2943 1181 3089 1245 Cum
3115 1202 3250 1246 eum
3276 1204 3414 1268 ergo
3439 1190 3523 1250 sic
3557 1209 3710 1271 pen-

2061 1269 2302 1332 dentem
2336 1279 2395 1332 et
2423 1270 2509 1333 sic
2541 1270 2836 1360 divulsum
2883 1271 3114 1336 duabus
3161 1275 3326 1339 horis
3373 1269 3713 1360 reliquisset

2064 1360 2465 1440 magistratus,
2519 1359 2876 1442 videretque
2906 1363 3090 1426 robur
3121 1384 3188 1426 ac
3221 1359 3560 1430 firmitatem
3591 1369 3711 1431 mi-

2064 1450 2224 1511 nime
2255 1450 2500 1512 dissolvi
2532 1451 2798 1531 martyri,
2835 1452 3001 1515 illum
3038 1453 3278 1535 quidem
3308 1458 3556 1521 remittit
3588 1481 3601 1519 :
3636 1460 3712 1523 ad

2060 1558 2262 1620 regem
2287 1550 2486 1602 autem
2511 1559 2811 1617 reversus,
2833 1540 3265 1607 immutabilem
3290 1547 3418 1628 ejus
3451 1557 3709 1612 mentem

2061 1629 2455 1722 signiﬁcatget
2497 1649 2794 1722 summam
2847 1632 3033 1694 animi
3091 1633 3518 1702 fortitudinem.
3578 1641 3711 1722 ipse

2063 1739 2302 1802 quoque
2335 1719 2389 1783 ei
2422 1720 2677 1784 consulit
2706 1740 2782 1783 ne
2813 1723 3066 1803 amplius
3090 1725 3423 1803 periculum
3453 1719 3630 1791 faciat
3649 1729 3712 1792 in

330 1817 422 1873 καὶ
453 1816 612 1882 αὐτὸς
655 1817 865 1873 οἴκοθεν
927 1813 1126 1892 μηκέτι
1177 1828 1371 1892 πεῖραν
1421 1813 1753 1890 Ἀναστασίῳ
1803 1835 1973 1894 προσ-

2071 1812 2408 1886 Anastasio,
2443 1829 2556 1872 nec
2585 1809 2887 1892 permittat
2919 1820 2982 1874 ut
3013 1819 3178 1876 tanta
3211 1815 3458 1879 altitudo
3489 1827 3550 1880 et
3580 1837 3712 1882 ma—

333 1919 589 1986 αγαγετν,
617 1905 754 1982 μηδέ
777 1903 954 1963 δοῦναι
983 1903 1302 1973 τηλικοῦτον
1335 1904 1510 1984 ἀρχῆς
1542 1903 1675 1978 ὕψος
1701 1905 1790 1962 καὶ
1818 1905 1982 1983 μέγε-

332 2001 450 2074 θος,
481 1998 613 2074 πρὸς
645 1997 764 2061 ἐνὸς
795 1994 980 2076 ἀνδρὸς
1006 1995 1252 2054 ἔνστασιν
1281 1998 1497 2076 ὁρᾶσθαι
1529 1995 1896 2071 νενικημένον,

417 2077 548 2151 κε’.
601 2086 874 2144 Ἐντεῦθεν
910 2085 1176 2165 ἀπογνοὺς
1223 2093 1316 2144 τοῦ
1355 2085 1617 2166 μάρτυρος
1657 2088 1743 2142 καὶ
1789 2088 1816 2142 ὁ
1874 2086 1977 2163 βα-

333 2175 508 2240 σιλεὺς
569 2177 775 2253 πέμπει
839 2177 976 2253 μετὰ
1034 2175 1290 2252 πέμπτην
1344 2177 1434 2233 καὶ
1489 2173 1717 2243 δεκάτην
1773 2174 1980 2255 ἡμέραν

332 2266 494 2324 αὖτόν
550 2289 608 2324 τε
666 2267 758 2325 τὸν
807 2265 1087 2344 εἰρημένον
1142 2264 1405 2347 ἄρχοντα,
1461 2265 1550 2322 καί
1591 2288 1737 2330 τινας
1772 2265 1984 2344 ἑτέρους

334 2358 442 2415 τῶν
471 2358 574 2414 ὑπὸ
617 2369 810 2436 χεῖρα,
850 2356 988 2412 ὥστε
1021 2357 1098 2432 μὴ
1129 2359 1222 2412 τὸν
1259 2355 1412 2434 ἅγιον
1447 2356 1637 2436 μόνον,
1670 2354 1808 2412 ἀλλὰ
1837 2354 1980 2412 πολ-

333 2445 457 2513 λοῦς
508 2447 600 2504 σὺν
657 2451 801 2521 αὐτῷ
852 2447 941 2503 καὶ
998 2445 1191 2510 ἄλλους
1254 2446 1604 2526 Χριστιανοὺς
1650 2444 1887 2509 ἀνελεῖν,
1921 2448 1980 2504 Οἱ

333 2534 391 2594 δέ
441 2535 836 2603 καταλαϐόντες
881 2538 942 2593 τὸ
1009 2534 1402 2616 δεσμῶτήριον,
1465 2533 1782 2593 ἐκϐάλλουσι
1841 2545 1972 2615 Χρι-

2066 1901 2314 1982 gnitudo
2347 1900 2585 1983 imperii
2615 1901 2688 1963 ab
2721 1903 2898 1966 unius
2932 1901 3042 1964 viri
3075 1907 3414 1970 constantia
3443 1908 3716 1973 videatur

2067 2002 2375 2072 superata.

2144 2080 2321 2144 XXV.
2347 2081 2501 2174 iiinc
2532 2101 2666 2145 cum
2691 2102 2932 2174 omnem
2958 2103 3123 2167 spem
3153 2088 3478 2169 superandi
3503 2098 3716 2174 marty-

2064 2172 2148 2235 ris
2178 2190 2281 2235 rex
2312 2171 2656 2253 abjecisset,
2708 2173 2886 2235 mittit
2928 2183 3060 2255 post
3089 2176 3388 2239 decimum
3439 2171 3713 2260 quintum

2065 2263 2223 2327 diem
2257 2271 2318 2324 et
2346 2261 2573 2324 dictum
2607 2262 3018 2342 magistratum
3055 2272 3112 2326 et
3145 2266 3431 2346 quosdam
3463 2269 3610 2332 alios
3641 2288 3713 2332 ex

2064 2352 2437 2429 subditus,ut
2459 2371 2576 2415 non
2599 2350 2790 2414 solum
2808 2354 3217 2428 sanctum,sed
3241 2356 3458 2418 multos
3476 2377 3714 2440 quoque

2063 2441 2212 2504 alios
2242 2441 2614 2504 Christianos
2646 2460 2780 2503 cum
2813 2460 2884 2504 eo
2918 2441 3355 2507 interimerent.
3391 2444 3480 2507 llli
3515 2456 3711 2510 autem

2062 2551 2195 2594 cum
2233 2532 2535 2594 venissent
2565 2530 2625 2592 in
2653 2549 2981 2606 carcerem,
3015 2533 3318 2613 expellunt
3340 2534 3710 2600 Christianos

336 2627 580 2691 στιανοὺς
638 2624 1021 2707 αἰχμαλώτους
1071 2626 1167 2682 οὒκ
1210 2626 1464 2689 ἐλάττους
1515 2627 1550 2693 ἢ
1609 2625 1973 2701 ἑϐδομήκοντα

2071 2623 2318 2704 captivos
2367 2641 2486 2683 non
2537 2623 2866 2703 pauciores,
2924 2639 3099 2702 quam
3145 2625 3556 2704 septuaginta,
3592 2646 3712 2690 una

333 2718 428 2775 σὺν
458 2722 535 2790 τῷ
578 2718 826 2796 μάρτυρι,
885 2717 1003 2793 μεθ’
1061 2719 1135 2772 ὧν
1185 2720 1272 2774 καὶ
1303 2718 1351 2774 οἱ
1383 2716 1480 2784 τὴν
1511 2717 1677 2784 αὖτὴν
1707 2717 1973 2774 Ἀναστα-

2071 2731 2195 2776 cum
2231 2723 2532 2792 martyre:
2564 2732 2698 2774 cum
2745 2709 2968 2791 quibus
3014 2721 3186 2774 erant
3227 2714 3266 2774 ii
3318 2733 3556 2796 quoque
3604 2719 3708 2800 qui

333 2808 432 2882 σίῳ
493 2805 732 2886 φυλακὴν
788 2805 843 2862 ἐν
912 2807 1199 2885 Καισαρείᾳ
1252 2806 1656 2886 κατακριθέντες
1711 2806 1806 2863 καῖ
1879 2807 1973 2875 τῆς

2071 2822 2199 2865 cum
2224 2803 2533 2864 Anastasio
2557 2800 2841 2864 Caesareae
2863 2801 3127 2864 damnati
3159 2803 3390 2866 fuerant
3412 2805 3485 2867 ad
3508 2814 3709 2870 custo-

333 2895 630 2978 σφραγῖδος
691 2895 833 2970 αὒτῷ
889 2898 978 2953 καὶ
1055 2901 1152 2964 τῆς
1207 2894 1330 2954 ὁδοῦ
1387 2896 1817 2965 κοινωνήσαντες
1888 2894 1973 2952 δύο

2071 2893 2244 2969 diam,
2273 2893 2682 2973 signaculique
2707 2901 2764 2953 et
2783 2891 3156 2954 vinculorum
3189 2893 3426 2955 fuerant
3447 2896 3500 2956 ei
3529 2895 3709 2958 sociis

335 2985 518 3066 ἄνδρες
572 2986 896 3067 ἐτύγχανον,
972 2987 1062 3052 οὒς
1106 2987 1196 3043 καὶ
1239 2993 1333 3044 τοῦ
1376 2991 1475 3052 τῆς
1525 2984 1846 3052 Βετσαλώης
1889 2983 1973 3052 ἐξ-

2071 3003 2214 3066 quos
2242 3001 2377 3045 cum
2411 2981 2753 3044 eduxissent
2785 3000 2852 3043 ex
2887 2981 3112 3062 praedio
3136 2982 3463 3060 Betsaloes,
3496 2983 3558 3045 in
3591 3004 3708 3067 quo

334 3076 630 3155 αγαγόντες
661 3075 886 3156 χωρίου,
921 3074 975 3132 ἐν
1007 3079 1054 3151 ᾧ
1096 3077 1184 3133 καὶ
1237 3082 1316 3150 τῷ
1359 3073 1726 3155 δεσμωτήριον
1770 3074 1973 3150 ᾢκοδό-

2071 3073 2256 3135 fuerat
2280 3091 2490 3134 carcer
2513 3071 2858 3146 aediﬁcatus,
2885 3083 2940 3132 et
2964 3071 3036 3132 ad
3060 3071 3306 3134 ﬂuvium
3339 3074 3705 3154 statuissent,

333 3189 505 3248 μητο,
537 3168 624 3224 καὶ
669 3167 873 3232 πάντας
906 3167 1040 3243 πρὸς
1084 3169 1161 3241 τῷ
1204 3169 1432 3242 ποταμῷ
1479 3168 1797 3247 στήσαντες,
1859 3171 1973 3224 εἶτα

2071 3182 2170 3226 eos
2198 3163 2537 3243 singulatim
2573 3161 2908 3223 dividentes
2952 3169 3009 3223 et
3039 3180 3244 3224 eorum
3295 3163 3448 3226 collo
3505 3164 3707 3228 funem

332 3256 454 3314 καθ’
499 3256 591 3314 ἕνα
648 3254 995 3337 διαιροῦντες,
1040 3259 1269 3337 σχοῖνόν
1316 3279 1375 3314 τε
1407 3257 1578 3314 αὐτῶν
1609 3264 1686 3333 τῷ
1717 3255 1973 3338 τραχήλῳ

2071 3253 2424 3334 injicientes,
2477 3261 2534 3314 et
2580 3251 3001 3314 miserabiliter
3028 3261 3164 3314 ante
3194 3253 3402 3316 oculos
3437 3256 3710 3337 martyris

334 3345 720 3427 ἐμϐάλλοντες,
751 3345 847 3403 καὶ
899 3347 1066 3412 οὕτως
1123 3345 1367 3413 ἐλεεινῶς
1421 3347 1522 3405 ὑπὸ
1550 3361 1672 3411 τοῖς
1701 3349 1794 3405 τόῦ
1837 3349 1973 3428 μάρ-

2071 3345 2452 3419 sutl‘ocantes,
2500 3353 2708 3405 sancto
2740 3342 2881 3404 dum
2910 3353 3405 3425 unumquemque
3448 3345 3706 3408 vicissim

332 3459 487 3517 τυρος
533 3435 830 3519 ὀφθαλμοῖς
891 3436 1305 3516 ἀποπνίγοντες,
1363 3435 1620 3515 ἐπέλεγον
1677 3435 1794 3494 καθ’
1850 3436 1973 3496 ἕκα-

2071 3433 2540 3513 submergerent,
2576 3432 2876 3507 dicebant,
2917 3454 2930 3495 :
2967 3434 3082 3496 Cur
3115 3434 3220 3508 vis,
3255 3435 3410 3497 sicut
3449 3456 3602 3498 unius
3634 3455 3706 3499 ex

333 3549 457 3584 στον
501 3533 581 3600 τῷ
633 3527 770 3606 ἁγίῳ
829 3527 980 3583 Διατί
1044 3526 1213 3593 θέλεις
1273 3528 1346 3593 ὡς
1406 3526 1492 3592 εἷς
1534 3531 1736 3585 τούτων
1793 3527 1973 3604 βιαίως

2071 3525 2178 3599 his,
2204 3525 2500 3586 violenter
2519 3523 2649 3585 tolli
2673 3522 2746 3582 de
2769 3521 2964 3583 medio
2991 3530 3048 3582 et
3068 3542 3186 3584 non
3211 3526 3406 3605 potius
3438 3527 3566 3607 regi
3595 3547 3703 3608 pa-

331 3615 696 3696 ἀναιρεθῆναι,
754 3619 842 3673 καὶ
887 3617 965 3694 μὴ
1009 3615 1215 3695 μᾶλλον
1276 3621 1561 3685 πεισθῆναι
1603 3623 1681 3692 τῴ
1735 3617 1973 3695 βασιλεῖ¹

2071 3632 2221 3689 rere,
2257 3622 2314 3676 et
2346 3615 2604 3694 priorem
2639 3612 2924 3692 consequi
2953 3611 3344 3675 felicitatem?
3373 3616 3478 3677 llle
3506 3628 3705 3680 autem

332 3709 423 3766 καὶ
477 3710 576 3775 τῆς
621 3706 896 3784 παρούσης
926 3704 1216 3763 ἀπολαύειν
1246 3705 1530 3786 εὐημερίας
1570 3725 1588 3779 ;
1620 3696 1678 3763 Ὀ
1709 3704 1763 3762 δὲ
1808 3729 1973 3785 προσ-

2071 3723 2196 3766 cum
2231 3703 2324 3764 his
2357 3713 2616 3764 mentem
2664 3701 3034 3762 adhibuisset
3068 3712 3129 3762 et
3158 3703 3218 3763 in
3252 3705 3468 3764 ccelum
3503 3708 3708 3769 oculos

335 3797 491 3878 σχὼν
545 3797 633 3854 ἐπὶ
676 3796 913 3876 τούτοις,
945 3798 1149 3874 οὖρανῷ
1178 3816 1237 3852 τε
1267 3795 1486 3871 ὄμματα
1542 3795 1688 3870 δοὺς,
1718 3799 1808 3854 καὶ
1864 3799 1973 3873 Θεῷ

2071 3793 2406 3857 sustulisset
2430 3800 2488 3854 et
2519 3794 2640 3856 Deo
2672 3790 2944 3869 ingentes
2992 3793 3210 3869 egisset
3255 3794 3494 3870 gratias,
3545 3795 3706 3875 quod

332 3884 731 3962 συντεταμένως
797 3887 1219 3967 εὐχαριστήσας,
1282 3885 1468 3964 ὅτιπερ
1513 3883 1618 3954 ἤδη
1662 3895 1973 3966 παρεστῶτα

2071 3884 2180 3964 iam
2234 3902 2340 3964 pro
2391 3883 2517 3964 ipso
2569 3892 2819 3943 mortem
2871 3881 3098 3942 videret
3145 3900 3274 3943 esse
3306 3883 3704 3961 subeundam,

335 3979 430 4036 τὸν
498 3977 628 4055 ὑπὲρ
689 3976 848 4034 αὐτοῦ
915 3976 1140 4032 θάνατον
1215 3973 1461 4056 ἔϐλεπεν,
1521 3979 1643 4033 εἶτα
1701 3978 1789 4034 καὶ
1847 3980 1973 4055 πρὸς

2071 3974 2283 4036 deinde
2303 3973 2375 4035 ad
2405 3974 2536 4035 illos
2559 3991 2800 4050 quoque
2817 3990 3169 4033 conversus:
3197 3972 3339 4052 Ego,
3362 3973 3577 4054 inquit,
3600 3994 3707 4056 pro

336 4066 567 4132 ἐκείνους
595 4064 970 4146 ἐπιστραφείς,
1006 4065 1169 4143 Ἐγὼ,
1206 4067 1388 4146 φησὶν,
1421 4065 1552 4144 ὑπὲρ
1583 4067 1682 4133 τῆς
1726 4077 1819 4128 τοῦ
1848 4075 1973 4148 Χρι-

2071 4063 2288 4129 Christi
2320 4064 2434 4125 mei
2464 4063 2779 4136 charitate,
2804 4061 3156 4142 ardentique
3187 4073 3244 4124 et
3274 4063 3612 4126 vehementi
3647 4064 3708 4127 in

339 4179 468 4214 στου
523 4177 626 4227 μου
673 4155 885 4233 ἀγάπης
945 4157 1032 4212 καὶ
1082 4163 1174 4212 τοῖν
1228 4159 1422 4235 θερμοῦ
1482 4157 1614 4234 πρὸς
1679 4159 1836 4216 aera»
1893 4159 1973 4216 iui

2071 4173 2203 4217 eum
2236 4171 2463 4230 amore,
2497 4153 2906 4234 exspectabam
2942 4172 3119 4214 omne
3146 4154 3481 4217 membrum
3518 4156 3713 4218 minu-

339 4247 572 4308 ἀπαθοῦς
604 4245 822 4322 ἔρωτος,
856 4243 998 4301 ἅπαν
1051 4249 1464 4320 κατατμηθῆναι
1497 4245 1663 4321 μέλος
1706 4249 1777 4311 είς
1811 4247 1973 4305 λεπτᾶ

2071 4245 2228 4307 latim
2291 4243 2624 4318 conscindi,
2684 4251 3035 4322 exspectans
3082 4263 3289 4306 novam
3343 4245 3602 4326 aliquam
3652 4256 3711 4310 et

338 4333 702 4415 προσεδόκων,
789 4335 1105 4392 καινότατον
1192 4331 1255 4404 δή
1341 4356 1461 4391 τινα
1537 4337 1836 4416 περιμένων
1893 4340 1973 4396 καῖ

2071 4335 2390 4397 inauditam
2427 4344 2701 4398 mortem.
2761 4333 3049 4405 Quoniam
3088 4345 3282 4396 autem
3333 4336 3458 4398 haec
3491 4347 3580 4398 est
3611 4357 3706 4415 ea,

335 4423 537 4504 ἄπηχῆ
566 4424 810 4482 θάνατον.
859 4422 1085 4490 Ἐπειδὴ
1120 4422 1173 4480 δὲ
1208 4425 1363 4488 οὗτος
1392 4427 1537 4482 ἐστιν
1569 4427 1595 4482 ὁ
1653 4426 1780 4506 παρ’
1835 4429 1973 4506 ὑμῶι

2071 4443 2244 4506 quam
2279 4444 2378 4486 vos
2416 4425 2561 4486 mihi
2595 4424 2931 4500 minamini,
2954 4444 3061 4504 ago
3088 4424 3192 4486 tibi
3214 4426 3432 4505 gratias
3453 4428 3564 4490 soli
3585 4429 3708 4492 Deo

336 4513 752 4590 ἀπειλούμενος,
816 4516 1121 4594 εὐχαριστῶ
1170 4536 1253 4570 σοι
1305 4522 1380 4590 τῷ
1409 4513 1559 4590 μόνῳ
1592 4525 1708 4592 θεῷ
1752 4541 1854 4593 μου
1896 4521 1973 4576 καῖ

2071 4533 2200 4578 meo
2234 4523 2292 4577 et
2321 4513 2622 4578 Servatori
2652 4515 2910 4609 Christo,
2946 4515 3103 4596 quod
3137 4525 3497 4598 morte,qua3
3523 4537 3710 4601 usque

337 4606 579 4681 Σωτῆρι,
617 4603 810 4680 Χριστέ
865 4603 1106 4681 βασιλεῦ,
1161 4603 1242 4660 ὅτι
1297 4603 1550 4673 τελευτῆς
1583 4605 1751 4671 οὕτως
1784 4609 1982 4667 ἂπόνου

334 4697 422 4751 καὶ
468 4693 756 4768 ἂνωδύνου,
818 4693 882 4761 ἢν
943 4695 1030 4750 καὶ
1068 4695 1222 4774 φύσις
1283 4696 1416 4762 αὒτῆ
1466 4698 1603 4770 μετὰ
1635 4701 1823 4777 μικρὸν
1879 4702 1981 4756 ἐπ-

342 4798 565 4862 ήνεγκεν
622 4782 710 4858 ἂν,
764 4785 1048 4863 μαρτυρίου
1106 4806 1171 4861 με
1245 4785 1409 4859 τιμὴν
1469 4787 1778 4856 ὠνήσασθαι
1843 4812 1981 4847 κατ-

333 4873 594 4942 ηξίωσας.
629 4879 802 4930 Ταῦτα
859 4874 1046 4951 εἰπὼν,
1077 4875 1166 4930 καὶ
1222 4874 1361 4930 οὕτω
1391 4874 1713 4942 τελευταίοις
1743 4878 1982 4956 ἐπιλαμ-

333 4964 586 5042 πρυνθεῖς
617 4961 871 5042 ῥήμασιν,
910 4963 1018 5036 ’ίσῳ
1045 4961 1254 5037 θανάτῳ
1282 4965 1371 5020 καὶ
1403 4967 1553 5029 οὗτος
1587 4966 1896 5037 ἐτελειώθη,

421 5041 570 5127 [ς’.
635 5055 694 5111 Οἱ
751 5051 935 5129 δήμιοι
989 5050 1044 5108 δὲ
1101 5051 1201 5120 τὴν
1256 5055 1402 5132 ἱερὰν
1484 5055 1692 5124 ἐκείνην
1744 5059 1981 5138 κεφαλὴν

333 5142 680 5223 ἐκτεμόντες,
739 5147 884 5222 σαφῆ
942 5142 1038 5210 τῆς
1085 5140 1408 5217 ἀναιρέσεως
1458 5152 1550 5201 τοῦ
1601 5145 1781 5222 ἀνδρὸς
1831 5150 1978 5206 ἀπο-

334 5229 495 5298 δειξιν
551 5238 628 5306 τῷ
665 5230 882 5308 βασιλεῖ
927 5230 1224 5306 κομίζουσι.
1259 5233 1360 5289 Τὸν
1393 5232 1574 5306 μένωι
1605 5237 1690 5293 ἐπὶ
1749 5238 1843 5306 τῆς
1874 5243 1975 5320 φυ-

334 5319 509 5388 λακῆς
592 5320 872 5400 σελλάριον
961 5322 1274 5400 Χριστιανὸν
1334 5318 1483 5402 ὅντα,
1553 5327 1641 5381 καὶ
1699 5318 1978 5406 μαρτύρων

337 5407 513 5468 εἰδότα
543 5417 706 5488 τιμᾶν
736 5411 987 5491 σώματα,
1019 5409 1296 5467 ἀνελέσθαι
1327 5413 1388 5468 τὸ
1442 5421 1536 5469 τοὺ
1591 5414 1744 5492 ἁγίου
1787 5416 1983 5494 λείψα-

413 5543 494 5614 (8)
524 5543 668 5622 qum
720 5544 828 5622 alii
859 5559 1003 5622 eum
1046 5545 1276 5622 laqueo,
1321 5547 1422 5622 alii
1462 5546 1656 5622 gladio
1712 5552 1985 5612 interem-

382 5623 507 5696 tuin
539 5615 759 5696 dicant,
791 5616 1086 5696 Batonius
1120 5615 1177 5696 in
1211 5621 1365 5696 ngtis
1393 5615 1796 5696 ad'Martyrol.
1820 5627 1983 5687 Rom.

362 5699 402 5744 n
448 5687 586 5745 haec-
631 5687 802 5745 verba
871 5687 1175 5761 Menologii
1251 5689 1580 5755 Graecorum
1637 5687 1925 5759 concludit
1966 5721 1978 5757 :

2066 4605 2217 4667 adeo
2250 4613 2417 4667 vacat
2446 4605 2610 4666 omni
2631 4603 2834 4667 labore
2858 4616 2918 4668 et
2942 4605 3236 4680 molestia,
3264 4626 3440 4688 quam
3467 4612 3708 4689 quidem

2069 4694 2242 4775 paulo
2273 4704 2404 4776 post
2435 4694 2562 4776 ipsa
2590 4713 2828 4776 quoque
2879 4696 3172 4758 attulisset
3204 4707 3438 4773 natura,
3477 4717 3571 4760 me
3600 4718 3708 4762 vo-

2068 4784 2230 4847 luisti
2290 4803 2492 4847 emere
2547 4783 2838 4846 honorem
2895 4786 3160 4868 martyrii
3215 4787 3324 4870 (8).
3388 4788 3532 4851 Cum
3579 4789 3706 4852 haec

2068 4873 2316 4937 dixisset
2348 4883 2408 4937 et
2437 4876 2566 4937 haec
2599 4874 2806 4937 ultima
2837 4875 3018 4937 verba
3046 4879 3328 4956 przeclare
3360 4889 3516 4941 esset
3545 4878 3708 4942 locu-

2072 4973 2189 5038 tus,
2222 4965 2430 5046 zequali
2466 4976 2654 5028 morte
2687 4966 2773 5028 sic
2804 4986 3040 5049 quoque
3071 4980 3164 5029 est
3194 4978 3660 5031 consummatus.

2145 5053 2349 5117 XXVI.
2377 5054 2700 5119 Carniﬁces
2713 5065 2934 5133 autem,
2956 5077 3089 5118 cum
3108 5075 3341 5120 sacrum
3360 5057 3505 5120 illud
3527 5066 3705 5138 caput

2066 5154 2565 5227 amputassent,ut
2588 5165 2724 5208 eum
2748 5165 2878 5208 esse
2899 5148 3272 5209 interfectum
3291 5147 3704 5224 ostenderent,

2064 5237 2134 5299 ad
2184 5253 2388 5314 regem
2423 5235 2725 5299 deferunt.
2770 5235 3085 5299 Sellarium
3121 5253 3287 5314 vero,
3322 5238 3425 5318 qui
3460 5248 3709 5318 praeerat

2063 5325 2350 5388 custodite
2379 5326 2660 5403 carceris,
2686 5344 2821 5389 cum
2847 5333 3005 5388 esset
3028 5325 3418 5400 Christianus,
3447 5336 3507 5390 et
3525 5328 3708 5390 sciret

2069 5423 2397 5497 martyrum
2439 5418 2735 5479 honorare
2764 5434 3036 5497 corpora,
3076 5415 3248 5478 vellet
3278 5426 3472 5479 autem
3517 5418 3708 5482 sancti

2075 5573 2097 5604 ε
2129 5551 2317 5622 Ipsius
2350 5553 2501 5610 collo
2529 5553 2844 5625 itailaqueo
2875 5552 3130 5613 astricto.
3166 5561 3228 5609 ut
3257 5554 3582 5625 respirandi
3616 5555 3706 5612 fa-
3748 5614 3751 5617 .

2069 5627 2340 5703 cultatem
2375 5639 2493 5703 no_n
2530 5624 2785 5703 habere},
2820 5632 3112 5703 postremo
3141 5625 3333 5682 securi
3358 5624 3704 5703 percutitur,

2070 5697 2258 5769 capite
2289 5710 2395 5770 pro
2426 5695 2636 5753 Christi
2673 5694 2789 5751 ﬁde
2826 5694 3104 5754 abscisso.
3138 5717 3162 5748 ι
