4104 6198
264 309 384 383 809

1405 320 1592 388 VITA
1639 322 1698 386 S.
1749 317 2162 386 ANASTASII
2207 316 2490 386 PERSE.

3529 325 3650 392 810

262 454 531 520 λειώσεως
575 458 662 513 καὶ
719 461 819 526 τῆς
878 480 1130 540 σφετερας
1193 457 1509 537 ἐλευθερίας,
1567 465 1665 528 τῆς
1710 481 1770 517 τε
1817 467 1910 517 τοῦ

2000 459 2508 519 consummatione
2530 465 2589 520 et
2607 457 2682 520 de
2705 475 2912 520 eorum
2945 458 3304 522 liberatione
3329 468 3390 523 et
3413 460 3488 524 de
3515 461 3655 523 saevi

264 552 456 621 πικροῦ
512 544 757 616 διώκτου,
835 550 921 604 καὶ
991 550 1240 626 τυρίννου
1284 547 1492 623 μᾶλλον
1555 549 1590 616 ἢ
1635 548 1896 626 βασιλέως

2000 547 2402 617 persecutoris
2436 557 2492 608 et
2515 548 2749 629 tyranni
2783 549 2978 628 potius
3003 569 3177 630 quam
3210 551 3368 632 regis
3400 552 3653 616 interfe-

265 635 608 711 ἀναιρέσεως,
684 636 1048 711 ἀψευδέστατα
1098 640 1402 716 προειρήκει
1468 637 1751 716 διαῤῥήδην
1806 638 1896 694 οὕ-

2000 637 2209 707 :tioue,
2245 637 2556 698 verissime
2589 638 2967 719 praedixerat,
3003 640 3089 702 sic
3127 649 3336 721 aperte
3382 641 3594 704 dicens
3633 660 3648 704 :

262 745 370 788 τως
426 725 586 781 εἰπών
621 743 635 756 ⁸
698 728 1020 808 Γινώσκετε,
1066 725 1280 806 ἀδελφοί
1327 750 1450 802 μου,
1489 726 1569 784 ὅτι
1623 735 1754 785 Θεοῦ
1813 735 1905 783 τοῦ

265 815 465 891 ἀγαθοῦ
516 816 724 896 χάριτι,
759 815 868 894 ἐγὼ
898 817 995 890 μὲν
1027 814 1203 895 αὔριον
1248 816 1554 892 τελειοῦμαι
1591 838 1604 851 ·
1654 820 1808 890 ὀμεῐς
1853 815 1906 871 δὲ

267 904 404 976 μετά
437 927 584 970 τινας
636 905 817 984 ὀλίγας
873 904 1080 984 ἡμέρας
1133 904 1528 976 ἀπολυθήσεσθε
1562 926 1578 943 ο
1611 907 1697 963 ὅτε
1731 906 1908 973 ἄδικος

265 994 356 1049 καὶ
412 996 777 1074 πονηρότατος
839 994 1084 1074 βασιλεύς
1130 995 1560 1074 ἀναιρεθήσεται,
1625 995 1746 1053 ἀλλ’
1777 1000 1908 1072 ὑμῖν

269 1087 402 1137 Θεοῦ
457 1081 512 1138 δὲ
561 1085 772 1144 πάντως
831 1081 1138 1162 κυϐερνήσει
1211 1085 1307 1142 καί
1361 1083 1551 1163 δδηγίᾳ
1610 1088 1738 1164 πρὸς
1812 1087 1908 1153 τὴν

265 1173 421 1249 ἀγίαν
453 1172 606 1230 πόλιν
631 1173 902 1231 ἐπανιοῦσι
947 1175 1172 1250 μελήσει
1218 1176 1306 1231 καὶ
1353 1182 1419 1252 τῇ
1467 1181 1606 1252 μονῇ
1635 1184 1728 1233 τοῦ
1770 1173 1906 1232 ἀϐϐἆ

266 1258 618 1320 ’Λναστασίου
674 1261 1030 1342 παραϐαλεῖν,
1082 1267 1168 1321 καὶ
1222 1263 1348 1342 παρ’
1400 1267 1558 1339 ἡμῶν
1588 1280 1906 1340 προσειπεῖν

266 1351 362 1405 καὶ
409 1353 580 1408 πάντα
610 1360 686 1427 τῷ
721 1375 776 1409 τε
807 1355 964 1424 πατρί
997 1375 1099 1428 μου
1149 1355 1236 1410 καὶ
1283 1368 1402 1418 τοῖς
1435 1353 1687 1433 ἀδελφοῖς
1722 1356 1904 1433 ἀπαγ-

267 1444 472 1517 γεῖλαι,
515 1444 715 1505 Ταύτας
751 1444 810 1499 οὔ
840 1444 1004 1516 μόνον
1034 1443 1232 1500 ἐκεῖνοι
1263 1446 1359 1508 τάς
1391 1444 1709 1523 προῤῥήσεις
1738 1446 1905 1502 ἀκού-

270 1552 480 1604 σαντες,
549 1532 688 1588 ἀλλά
747 1534 831 1590 καὶ
891 1535 962 1595 εἰς
1022 1532 1177 1611 ἔργον
1231 1534 1324 1596 τάς
1384 1533 1625 1600 ἐκϐάσεις
1683 1535 1904 1611 ἰδόντες,

270 1622 364 1682 τὰς
423 1621 729 1685 τελευταίας
780 1631 872 1680 τοῦ
915 1624 1174 1701 μάρτυρος
1229 1622 1446 1687 ἐντολὰς
1489 1624 1585 1681 οὐκ
1617 1627 1904 1706 ἠτίμασαν,

267 1709 408 1768 ἀλλά
465 1712 673 1785 θέμενοι
732 1714 831 1781 τὴν
875 1716 1004 1790 πρὸς
1063 1715 1161 1779 την
1205 1715 1378 1787 μονὴν
1429 1714 1547 1770 ὃόὸν
1595 1721 1683 1772 καί
1743 1717 1908 1783 α-ὂτῆς

1989 723 2448 797 SciatisJ‘ratres
2475 726 2721 801 mei,me
2743 725 2884 788 boni
2913 728 3155 807 quidem
3177 728 3283 792 Dei
3311 731 3501 806 gratia
3523 749 3656 792 cras

1991 832 2125 876 esse
2148 815 2686 877 consummandum
2717 833 2731 878 :
2757 835 2860 877 vos
2882 824 3080 878 autem
3110 819 3318 898 paucis
3353 829 3484 899 post
3515 820 3650 882 die-

1991 903 2106 964 bus
2137 904 2507 980 liberandos,
2538 905 2774 986 quando
2801 925 2903 968 rex
2928 907 3346 984 iniquissimus
3370 917 3431 970 et
3457 910 3649 972 scele-

1991 993 2322 1054 ratissimus
2342 993 2518 1056 fuerit
2537 994 3258 1076 interemptus.Czeterum
3277 1021 3296 1053 ι
3312 999 3463 1074 obis,
3484 1019 3645 1076 cum,

1991 1081 2114 1144 Deo
2136 1085 2377 1144 omnino
2401 1093 2646 1164 regente
2673 1093 2731 1146 et
2748 1085 3102 1160 ducente,in
3123 1098 3385 1149 sanctam
3412 1088 3650 1152 fueritis

1989 1173 2214 1235 reversi
2269 1174 2590 1249 civitatem,
2627 1193 2784 1237 cura;
2813 1179 2928 1237 erit
2956 1175 3030 1237 ad
3061 1175 3296 1238 abbatis
3339 1177 3648 1241 Anastasii

1990 1281 2092 1324 V08
2122 1265 2392 1324 conferre
2430 1264 2856 1326 monasterium
2891 1274 2950 1327 οι
2980 1283 3083 1327 COS
3141 1278 3346 1328 DOSU'O
3405 1275 3650 1331 nomine

1990 1352 2248 1414 salutare
2270 1355 2542 1415 etomnia
2560 1355 2920 1416 annuntiare
2939 1357 3086 1436 patri
3111 1375 3244 1418 meo
3269 1365 3326 1419 et
3342 1356 3646 1420 fratribus.

1993 1443 2109 1502 Has
2141 1443 2564 1518 praedictiones
2593 1463 2728 1504 cum
2764 1444 2845 1504 illi
2879 1463 2998 1506 non
3031 1446 3224 1508 solum
3256 1445 3645 1522 audivissent,

1991 1531 2094 1592 sed
2147 1532 2424 1594 ell‘ectum
2472 1535 2650 1594 etiam
2685 1533 2976 1595 vidissent
3028 1545 3409 1610 consecutas,
3449 1536 3656 1599 ultima

1997 1620 2272 1682 mandata
2292 1622 2566 1702 martyris
2587 1642 2703 1683 non
2730 1624 3081 1703 neglexere:
3102 1628 3205 1686 sed
3222 1624 3428 1686 venire
3445 1627 3516 1686 ad
3535 1645 3656 1688 mo-

1995 1711 2552 1792 nasterium,pluris
2570 1730 2746 1792 quam
2775 1714 2966 1792 ipsum
2992 1714 3284 1776 facientes
3305 1715 3657 1792 reditum,et

268 1799 526 1860 ἐπανόδου
556 1803 941 1881 προτιμοτέραν
982 1818 995 1832 ⁸
1098 1805 1185 1860 καὶ
1216 1803 1392 1880 ῥᾳδίας
1426 1804 1632 1879 μᾶλλον
1660 1804 1716 1862 δὲ
1746 1807 1911 1874 αὗτὴν

2000 1800 2078 1862 ita
2104 1810 2167 1862 ut
2188 1813 2358 1863 erant
2380 1801 2522 1863 fessi
2551 1820 2620 1862 ex
2647 1802 3027 1875 itinere,cum
3054 1807 3388 1867 suoviatico
3416 1806 3656 1868 venien-

269 1894 358 1947 καὶ
416 1892 628 1968 ὁμαλῆς
679 1893 938 1972 τυχόντες
991 1898 1090 1960 τῆς
1151 1892 1431 1966 ἐπανόδου,
1497 1897 1583 1951 καὶ
1643 1901 1708 1972 τῇ
1769 1901 1909 1975 μονῇ

1997 1901 2155 1962 tesin
2175 1892 3657 1973 monasterium.exposueruntomniafraternitati.

267 1983 342 2043 ὡς
375 1983 538 2061 εἶχον
569 1983 711 2057 αὖτῷ
739 1983 967 2057 καμάτῳ
997 1986 1091 2050 τῆς
1121 1983 1423 2062 ὅδοιπορίας
1453 1986 1635 2048 αὐτοῖς
1668 1983 1900 2064 ἐφοδίοις
1945 1985 2369 2068 παραϐαλόντες,
2406 1986 2581 2039 πάντα
2613 1984 2678 2057 τῇ
2710 1981 3032 2062 ἀδελφότητι
3065 1977 3424 2063 ἐξηγήσαντο.

353 2079 468 2133 KH.
519 2064 577 2131 ζΟ
638 2074 824 2148 μέντοι
906 2071 1169 2138 πολλάκις
1245 2077 1628 2150 μνημονευθεὶς
1686 2073 1912 2158 ἀδελφός

272 2160 388 2239 (ἐπ’
431 2163 589 2220 αὐτὸν
618 2164 718 2240 γάρ
745 2163 864 2241 ἄγει
911 2164 1001 2219 καὶ
1059 2162 1222 2220 πάλιν
1263 2165 1327 2220 τά
1356 2167 1454 2229 τῆς
1485 2163 1794 2231 ἀκολουθίας
1826 2168 1919 2222 τὸν

266 2250 458 2329 λόγον)
493 2255 553 2308 τὸ
598 2261 689 2312 τοῦ
730 2254 991 2331 μάρτυρος
1025 2251 1182 2326 σῶμα
1215 2254 1306 2308 ob:
1367 2250 1610 2323 εὐλαϐείᾳ
1653 2257 1740 2311 καὶ
1771 2257 1916 2334 μάρ-

267 2361 382 2396 τυσι
421 2341 742 2418 πρεπούσαις
787 2354 1001 2416 τιμαῖς,
1065 2343 1136 2404 εἰς
1196 2342 1292 2410 τὴν
1353 2351 1443 2399 τοῦ
1493 2342 1730 2421 μεγάλου
1775 2352 1914 2422 Σερ-

266 2430 385 2507 γίου
421 2431 592 2504 μονὴν
658 2429 1034 2507 καταθέμενος,
1099 2433 1295 2510 χρόνον
1325 2431 1424 2507 μέν
1453 2455 1570 2488 τινα
1613 2435 1702 2490 καὶ
1756 2437 1912 2499 αὐτὸς

264 2517 384 2574 ἐκεῖ
440 2518 724 2597 διατρίϐων
754 2522 823 2586 ἦν
862 2539 876 2553 ⁶
911 2522 999 2576 καὶ
1031 2518 1176 2585 ὅπως
1207 2521 1506 2588 ἀνασωθείη
1560 2522 1690 2599 πρός
1735 2545 1791 2579 τε
1822 2526 1911 2580 τὸν

265 2608 556 2684 πέμψαντα
588 2612 675 2665 καὶ
709 2611 829 2672 τοὺς
854 2607 1112 2688 ἀδελφοὺς
1154 2608 1405 2666 κινδύνων
1449 2613 1642 2690 χωρὶς,
1675 2615 1910 2669 σκοπού-

267 2719 452 2771 μενος,
509 2702 721 2774 Δεκάτῃ
810 2697 864 2755 δὲ
922 2700 1061 2772 μετά
1137 2700 1236 2766 την
1294 2697 1548 2774 λειψάνου
1633 2703 1914 2760 κατάθεσιν

265 2787 466 2865 ἡμέρᾳ,
542 2785 936 2862 καταλαμϐάνει
1011 2788 1148 2863 μετά
1204 2791 1303 2855 τῆς
1363 2795 1610 2867 στρατιᾶς
1667 2791 1914 2867 βασιλεὺς

265 2875 470 2956 ἕτερος,
505 2881 619 2957 Οὒχ
681 2879 801 2941 οἷος
853 2881 880 2934 ὁ
936 2879 1318 2956 προειρημένος
1375 2875 1607 2946 διώκτης
1659 2881 1752 2938 καί
1784 2882 1914 2940 ἀπο-

2079 2071 2335 2138 XXVlII.
2387 2069 2594 2133 Frater
2639 2081 2866 2146 autem,
2923 2072 3098 2152 cujus
3152 2091 3313 2153 saepe
3367 2071 3519 2140 facta
3569 2085 3660 2139 est

2003 2168 2230 2228 mentio
2268 2162 2366 2244 (ad
2401 2178 2536 2222 cum
2573 2159 2734 2221 enim
2763 2179 2830 2221 ex
2854 2163 3289 2243 consequentia
3313 2183 3430 2228 non
3454 2181 3661 2230 rursus

1999 2254 2241 2318 reducit
2275 2250 2516 2330 oratio),
2569 2267 2704 2310 cum
2739 2268 2956 2330 corpus
2990 2253 3267 2333 martyris
3304 2255 3400 2334 pie
3429 2267 3490 2321 et
3518 2273 3654 2318 cum

1999 2364 2095 2419 eo,
2131 2362 2250 2422 quo
2307 2357 2412 2420 par
2445 2347 2556 2412 est,
2593 2339 2825 2400 honore
2869 2349 2930 2400 et
2958 2343 3300 2404 reverentia
3333 2344 3657 2424 deposuis-

1999 2446 2091 2496 set
2119 2434 2184 2496 in
2218 2429 2416 2510 magni
2450 2426 2642 2508 Sergii
2678 2431 3066 2498 monasterio.
3101 2431 3230 2511 ipse
3262 2434 3502 2514 quidem
3537 2434 3652 2496 ali-

1998 2532 2284 2604 quantum
2336 2518 2626 2597 temporis
2658 2518 2736 2578 ibi
2771 2526 2861 2579 est
2909 2528 3194 2588 moratus.
3248 2525 3648 2601 quemadmo—

1996 2613 2139 2674 dum
2163 2611 2233 2673 ad
2261 2627 2420 2682 eum,
2443 2607 2545 2688 qui
2569 2608 2754 2682 misit,
2781 2617 2838 2668 et
2858 2607 3070 2671 fratres
3092 2609 3288 2672 salvus
3311 2618 3373 2672 et
3392 2613 3524 2674 sine
3548 2631 3651 2692 pe-

1998 2700 2188 2762 riculo
2215 2699 2580 2780 perveniret,
2599 2697 3014 2762 considerans.
3038 2700 3282 2762 Decimo
3304 2711 3502 2762 autem
3527 2701 3649 2776 die,

2003 2800 2315 2870 postquam
2341 2785 2630 2866 deposita;
2650 2785 2893 2846 fuerunt
2917 2787 3210 2869 reliquiae,
3235 2808 3305 2851 eo
3331 2791 3493 2851 venit
3515 2808 3652 2851 cum

2006 2879 2270 2941 exercitu
2304 2895 2406 2938 rex
2439 2875 2617 2948 alius,
2653 2893 2769 2936 non
2800 2875 2992 2954 qualis
3022 2877 3073 2938 is
3103 2877 3203 2958 qui
3236 2879 3406 2959 prius
3458 2879 3655 2942 dictus

267 2967 468 3033 οτάτης
517 2967 613 3024 καὶ
647 2968 742 3034 τὴν
776 2968 966 3025 κακίαν
999 2971 1245 3041 περιττὸς
1285 2971 1377 3025 καί
1410 2971 1728 3038 ἀνήκεστοςο
1777 2971 1912 3028 ἀλλά

2004 2978 2118 3042 est,
2157 2973 2515 3044 persecutor
2547 2973 2604 3025 et
2637 2963 2917 3042 religioni
2947 2965 3202 3028 infestus
3232 2978 3293 3028 et
3322 2967 3383 3028 in
3419 2968 3656 3029 scelere

266 3058 356 3113 καὶ
404 3055 520 3111 λίαν
580 3056 822 3128 ἐπιεικής
869 3080 925 3114 τε
971 3060 1058 3114 καὶ
1123 3057 1322 3137 ἥμερος
1371 3063 1459 3114 καὶ
1503 3059 1601 3127 τὴν
1644 3058 1912 3118 εὐσέϐειαν

2003 3057 2260 3120 eximius
2292 3065 2349 3118 et
2403 3055 2579 3134 plane
2611 3053 2982 3134 proﬂigatus,
3017 3056 3125 3118 sed
3156 3057 3327 3119 valde
3360 3076 3564 3140 :equus
3595 3069 3657 3120 et

263 3145 455 3217 ὶκείνῳ
483 3145 686 3219 μᾶλλον
719 3148 806 3204 καὶ
855 3148 954 3214 τὴν
997 3145 1394 3212 φιλανθρωπίαν
1436 3148 1701 3213 ἀντίθετος
1741 3170 1754 3188 ο
1822 3149 1912 3213 οὕς

2002 3160 2376 3219 mansuetus,
2430 3145 2773 3224 pietateque
2821 3153 2878 3206 et
2923 3145 3296 3209 humanitate
3346 3148 3430 3210 illi
3482 3147 3656 3228 plane

267 3233 392 3290 ἰδὼν
433 3236 519 3290 hri
573 3234 724 3302 ξένης
782 3235 950 3304 ἡδέως
1011 3239 1037 3291 ὁ
1094 3237 1337 3318 μοναχός
1390 3238 1622 3316 καθάπερ
1653 3241 1799 3302 τινάς
1860 3239 1912 3296 ἰν

356 3321 368 3338 .
479 3323 496 3338 ς
650 3323 698 3338 ,η
866 3326 878 3338 .
980 3326 1007 3336 ..
1188 3327 1201 3338 .
1301 3326 1312 3338 .
1409 3326 1422 3338 .
1492 3327 1502 3338 .
1579 3324 1602 3338 ,ι
1866 3331 1875 3338 .

2000 3235 2360 3299 contrarius.
2395 3231 2556 3304 Quos
2587 3251 2719 3292 cum
2753 3231 3036 3296 lubenter
3055 3235 3302 3297 vidisset
3326 3238 3656 3299 monachus

270 3321 449 3396 σκότῳ
477 3323 762 3399 λαμπάδας
795 3326 903 3399 καὶ,
937 3326 1044 3382 τῶν
1087 3327 1205 3404 περὶ
1260 3326 1359 3393 τὴν
1407 3324 1662 3383 ἐπάνοδον
1693 3331 1911 3408 φροντί-

2000 3326 2058 3388 in
2092 3336 2340 3387 externa
2368 3322 2644 3398 regione,
2673 3330 2952 3402 tanquam
2983 3325 3269 3403 quasdam
3298 3326 3572 3389 lucernas
3593 3327 3655 3388 in

267 3410 373 3469 δων
427 3414 568 3479 εὒθὺς
626 3416 710 3470 καὶ
770 3421 863 3471 τοῦ
905 3419 1003 3481 τῆς
1056 3416 1274 3491 ἀθυμίας
1321 3415 1652 3480 ἀναπνεύσας
1686 3415 1908 3497 ἄχθους,

2000 3413 2345 3487 tenebris,a
2369 3430 2516 3474 cura
2533 3411 2608 3472 de
2631 3409 2826 3472 reditu
2852 3414 3298 3492 etaagritudinis
3319 3433 3504 3478 onere
3523 3435 3657 3478 mox

269 3503 355 3560 καὶ
386 3503 484 3570 τὴν
516 3503 700 3582 ψυιην
731 3505 890 3561 οἱονεὶ
919 3507 1240 3585 κουφισθεὶς,
1278 3505 1376 3562 οἶα
1422 3505 1510 3560 καὶ
1551 3505 1717 3572 αὐτην
1748 3504 1910 3562 ἀδελ-

2000 3507 2305 3584 respirans
2334 3511 2396 3564 et
2426 3500 2615 3562 veluti
2645 3499 2829 3560 animi
2863 3502 3134 3580 pondere
3167 3503 3416 3581 levatus,
3467 3513 3529 3564 ut
3558 3503 3661 3586 qui

270 3593 476 3673 φότητα
506 3595 592 3649 καὶ
622 3595 793 3668 μονὴν
826 3593 922 3650 οὒκ
965 3595 1036 3656 εἷς
1091 3595 1300 3671 μακράν
1351 3593 1570 3669 ὄψεσθαι
1602 3593 1906 3671 προσδοκή-

2000 3593 2439 3655 fraternitatem
2475 3599 2535 3651 et
2569 3593 3012 3650 monasterium
3049 3609 3113 3650 se
3147 3609 3278 3652 esse
3311 3592 3658 3672 propediem

266 3704 389 3758 σας,
425 3687 492 3758 τῇ
537 3673 812 3752 Ἐλλήνων
844 3684 1031 3746 αὐτοὺς
1077 3683 1298 3761 γλώσσῃ
1363 3687 1762 3763 προσαγορεύει,
1823 3687 1914 3742 τὸν

267 3772 673 3851 ἀναγνωρισμὸν
717 3786 837 3836 τοῖς
889 3772 1104 3851 ἀνδράσι
1158 3771 1511 3851 διαφωτίζων.
1561 3776 1622 3830 Οἱ
1664 3771 1719 3829 δὲ
1776 3781 1911 3853 Χρι-

266 3862 480 3918 στιανὸν
547 3863 704 3919 αὒτὸν
762 3864 907 3920 εἶναι
982 3863 1222 3942 γνόντες,
1277 3868 1496 3940 πρᾶγμα
1543 3861 1792 3943 ἐσχάτως
1857 3863 1912 3920 ὲν

268 3949 476 4032 Περσίδι
539 3956 788 4024 σπανίζον
848 3953 1032 4032 (τοῦτο
1089 3953 1189 4031 γὰρ
1247 3953 1334 4008 καὶ
1378 3956 1439 4007 τὸ
1495 3959 1601 4009 τῶν
1652 3960 1912 4033 μοναχῶν

256 4039 452 4118 ἔνδυμα
482 4043 569 4099 καὶ
601 4045 628 4100 ὁ
673 4041 833 4122 λόγος
887 4041 1166 4122 ἐμήνυον),
1217 4041 1412 4122 ἤροντο
1443 4043 1598 4100 αὐτόν
1630 4041 1658 4098 ὅ
1688 4065 1739 4100 τι
1776 4045 1908 4102 ποτὲ

258 4129 353 4199 εἴη
397 4128 678 4212 διατρίϐων
720 4132 964 4194 ἐνταῦθα.
1029 4143 1132 4192 Τοῦ
1181 4130 1235 4188 δὲ
1267 4134 1404 4189 κατά
1435 4132 1599 4210 μέρος
1626 4132 1814 4197 αὐτοῖς
1846 4134 1913 4190 τὰ

259 4222 399 4279 κατά
459 4224 550 4278 τὸν
611 4222 874 4301 μακάριον
930 4221 1385 4301 ἀπαγγείλαντος,
1445 4230 1602 4280 τοῦτο
1661 4222 1783 4298 μὲν,
1837 4223 1910 4287 εἰς

1998 3682 2265 3744 visurum
2299 3688 2596 3759 speraret,
2622 3678 2826 3757 lingua
2857 3697 2960 3739 eos
2983 3682 3188 3742 Graeca
3212 3681 3562 3760 alloquitur,
3588 3701 3660 3745 ea

1996 3776 2230 3835 ratione
2263 3771 2355 3833 sui
2385 3769 2663 3830 notitiam
2694 3767 2998 3849 aperiens.
3033 3768 3121 3830 Illi
3153 3779 3347 3830 autem
3374 3787 3507 3828 cum
3543 3789 3658 3830 no-

1995 3863 2218 3924 vissent
2241 3879 2379 3923 eum
2407 3877 2540 3920 esse
2561 3858 3158 3938 Christianum,quod
3187 3859 3434 3935 quidem
3455 3876 3654 3920 rarum
3747 3928 3749 3930 η

1995 3961 2085 4015 est
2115 3952 2271 4032 apud
2308 3951 2524 4012 Persas
2559 3948 2692 4016 (hoc
2727 3949 2886 4009 enim
2921 3957 2980 4009 et
3011 3948 3444 4009 monachorum
3476 3949 3662 4028 signi-

1995 4041 2212 4104 ﬁcabat
2235 4041 2655 4101 indumentum
2682 4045 2741 4098 et
2771 4045 3000 4116 sermo)
3020 4047 3310 4116 rogarunt
3332 4038 3530 4111 illum,
3552 4056 3664 4100 cur

1993 4131 2118 4193 illic
2151 4139 2518 4192 moraretur.
2557 4126 2702 4188 Cum
2760 4128 2854 4189 his
2885 4145 3028 4189 vero
3061 4129 3152 4189 eis
3202 4126 3554 4206 singulatim
3587 4131 3664 4191 de

1994 4220 2168 4284 beato
2221 4215 2603 4300 exposuisset
2651 4216 2994 4290 Anastasio,
3031 4217 3122 4279 illi
3155 4217 3374 4299 partim
3413 4217 3663 4296 quidem

263 4312 428 4369 πόθον
482 4315 683 4369 ὶκεῖνοι
743 4311 836 4367 τοῦ
879 4313 1171 4392 μάρτυρος,
1225 4319 1380 4369 τοῦτο
1436 4310 1490 4367 δὲ
1535 4313 1621 4370 καὶ
1651 4314 1725 4378 εἷς
1771 4335 1910 4388 συμ-

2000 4309 2307 4372 desiderio
2343 4305 2648 4387 martyris,
2685 4306 2894 4386 partim
2931 4315 3130 4368 autem
3181 4305 3470 4368 monachi
3518 4307 3662 4369 moti

262 4403 486 4459 πάθειαν
542 4409 634 4459 τοῦ
691 4408 938 4482 μοναχοὺ
993 4403 1088 4466 τάς
1143 4403 1327 4482 ψυχὰς
1382 4403 1710 4477 κινηθέντες,
1746 4400 1830 4464 εἵς
1858 4423 1912 4458 τι

2001 4397 2439 4472 misericordia,
2462 4415 2597 4458 cum
2624 4395 2816 4457 virum
2845 4396 2906 4457 in
2930 4415 3036 4457 sua
3063 4397 3441 4476 accepissent
3467 4394 3664 4457 taber-

263 4493 358 4554 τάς
405 4491 602 4556 οἰκείας
634 4493 837 4559 σκηνὰς
871 4494 964 4548 τὸν
997 4488 1156 4569 ἄνδρα
1215 4488 1500 4571 λαϐόντες,
1560 4492 1814 4548 κοινωνόν
1857 4513 1912 4548 τε

2000 4490 2232 4562 uacula,
2270 4489 2538 4568 tectique
2571 4495 2628 4547 et
2664 4504 2888 4548 mensae
2920 4487 3148 4547 socium
3196 4504 3332 4548 eum
3367 4484 3663 4566 deinceps

267 4583 424 4640 αὐτὸν
455 4582 543 4638 καὶ
575 4580 768 4661 στέγης
823 4581 873 4647 ἐξ
931 4581 1132 4637 ἐκείνου
1177 4581 1262 4637 καὶ
1312 4580 1579 4658 τραπέζης
1643 4581 1912 4657 ποιούμε-

2002 4579 2296 4651 fecissint,
2355 4586 2415 4638 et
2465 4586 2528 4638 ut
2571 4574 2746 4636 decet
2797 4573 3165 4636 Christianos
3228 4586 3287 4638 et
3337 4586 3660 4655 martyrum

266 4692 372 4751 νοι,
406 4669 502 4728 καὶ
535 4647 695 4736 ὅπως,
742 4670 842 4727 ἔδει
906 4669 1255 4751 Χριστιανούς
1287 4691 1344 4727 τε
1374 4671 1466 4727 καὶ
1522 4668 1912 4750 φιλομάρτυρας

2000 4647 2292 4739 amantes,
2328 4668 2388 4728 in
2422 4684 2560 4728 eum
2593 4663 2791 4726 affecti
2826 4673 3054 4739 essent,
3089 4666 3430 4726 eduxerunt
3462 4647 3661 4744 ipsum

269 4763 400 4839 πρὸς
458 4763 642 4818 τοῦτον
694 4759 1040 4840 διατεθέντες,
1119 4758 1204 4817 διά
1262 4765 1359 4827 τῆς
1413 4760 1703 4837 ’Λρμενίων
1761 4763 1914 4820 αὒτὸν

274 4847 562 4929 ὶξήγαγον.
595 4847 696 4914 ’Ὃς
727 4850 1046 4909 καταλαϐὼν
1101 4849 1166 4907 δι’
1229 4849 1376 4912 ἔτους
1422 4851 1482 4906 τὸ
1528 4852 1911 4927 μοναστήριον,

273 4946 352 5016 τῷ
408 4961 466 4996 τε
523 4941 820 5019 προεστῶτι
881 4941 968 4997 καὶ
1027 4954 1145 5006 τοῖς
1205 4937 1459 5018 ἀδελφοῖς
1518 4936 1741 5007 ἡδίστην
1798 4943 1915 4998 τινα

275 5029 478 5112 τρυφὴν
536 5032 624 5088 καὶ
667 5030 953 5108 φιλότιμον
999 5029 1232 5109 εὐωχίαν
1293 5029 1392 5096 τὴν
1451 5029 1587 5086 κατά
1636 5033 1726 5087 τὸν
1785 5033 1923 5109 ἱερὸν

277 5117 632 5179 Ἀναστάσιον
721 5120 972 5200 διήγησιν
1059 5119 1380 5196 ἐποιήσατο,
1459 5117 1790 5194 ἀνακομίσας
1847 5119 1922 5178 ἔτι

277 5209 369 5267 καὶ
426 5209 489 5266 τὸ
547 5211 847 5289 μοναγικὸν
890 5209 1090 5266 ἐκείνου
1147 5207 1419 5287 κολόϐιον,
1453 5208 1480 5263 ὃ
1512 5210 1598 5264 καὶ
1631 5211 1760 5287 πρὸς
1792 5215 1926 5288 αὖτῇ

279 5305 351 5378 τῇ
406 5297 654 5356 ἀναλύσει
715 5297 975 5375 ὲνδέδυτο,
1042 5301 1127 5356 καὶ
1185 5299 1515 5371 ἀνακομίσας
1563 5301 1666 5378 οὐχ
1713 5298 1923 5380 ἀπλῶς,

284 5387 422 5462 ἀλλά
465 5391 602 5466 μετά
643 5393 946 5465 θαυμαστοῦ
992 5412 1052 5468 γε
1080 5398 1176 5448 τοῦ
1205 5388 1566 5467 διηγήματος.
1602 5385 1797 5467 ’Ἔλεγε
1828 5391 1926 5470 γάρ

281 5479 356 5546 ὣς
398 5475 494 5544 εἴη
537 5499 620 5543 τις
664 5475 889 5560 ἀδελφὸς
933 5479 988 5534 ἐν
1030 5483 1094 5555 τῇ
1125 5483 1265 5555 μονῇ
1293 5476 1411 5534 καθ’
1454 5475 1520 5542 ἣν
1551 5475 1834 5545 ἀποτεθείη
1866 5487 1926 5536 τὸ

277 5565 560 5647 λείψανον,
604 5576 720 5634 νεος
768 5568 862 5635 τὴν
905 5569 1144 5644 ἠλικίαν,
1196 5571 1421 5646 πονηρῷ
1468 5566 1728 5641 πνεύματι
1789 5589 1924 5628 κατ-

529 5702 791 5770 Ρετιιοι..
842 5703 955 5768 Gn.
1002 5700 1186 5768 CXIV

1995 4778 2104 4841 per
2132 4755 2511 4820 Armeniam.
2549 4752 2663 4826 Qui
2691 4772 2826 4813 cum
2864 4761 3004 4834 post
3033 4771 3255 4814 annum
3291 4755 3666 4835 pervenisset

1995 4849 2066 4910 ad
2102 4844 2564 4917 monasterium,
2591 4841 2874 4922 praelecto
2897 4850 2956 4902 et
2987 4843 3272 4904 fratribus
3284 4843 3665 4923 jucundissi-

1997 4956 2160 5000 mum
2194 4935 2550 5013 lautumque
2583 4939 2640 4991 et
2671 4930 3056 5010 magnificum
3103 4933 3340 4994 exibuit
3389 4932 3662 5012 epulum,

2010 5045 2229 5108 nempe
2280 5024 2356 5086 de
2386 5030 2594 5085 sancto
2623 5021 2948 5084 Anastasio
2979 5022 3418 5095 narrationem,
3471 5029 3534 5080 ut
3563 5021 3666 5100 qui

2011 5125 2190 5181 etiam
2221 5112 2490 5178 attulerit
2543 5111 2942 5172 monasticum
2987 5110 3152 5174 illius
3181 5111 3512 5185 colobium,
3544 5127 3664 5190 quo

2010 5207 2258 5270 indutus
2289 5215 2420 5266 erat.
2453 5202 2516 5263 in
2547 5200 2676 5282 ipsa
2701 5198 3099 5276 resolutione,
3120 5217 3233 5262 nec
3252 5199 3528 5262 attulerit
3560 5219 3663 5261 so-

2010 5299 2162 5371 lum,
2193 5294 2298 5358 sed
2331 5291 2510 5355 simul
2558 5289 2737 5352 etiam
2776 5288 2926 5351 mira
2977 5290 3250 5369 quaedam
3307 5289 3662 5351 narraverit.

2010 5385 2262 5450 Dicebat
2293 5388 2479 5459 enim,
2514 5380 2700 5441 fuisse
2730 5377 3054 5458 quemdam
3092 5379 3337 5440 fratrem
3371 5379 3432 5441 in
3467 5396 3670 5440 mona-

2009 5475 2220 5550 sterio,
2258 5473 2320 5534 in
2352 5489 2470 5553 quo
2507 5469 2713 5549 positae
2746 5476 2915 5528 erant
2945 5465 3242 5547 reliquiae,
3275 5477 3446 5528 aetate
3488 5468 3669 5549 juve-

2012 5583 2149 5628 nem
2175 5564 2332 5646 quia
2357 5560 2620 5638 maligno
2642 5555 2855 5639 spiritu
2873 5554 3280 5619 detinebatur.
3304 5554 3448 5622 Cum
3470 5567 3670 5622 autem

3268 5691 3345 5757 26
