4104 6198
308 308 443 386 813

1390 315 1579 386 VITA
1623 320 1685 386 S.
1731 311 2186 386 CLEMENTISV
2210 321 2632 389 ANCYRANI.

3575 311 3692 394 914

325 476 500 539 cyrie,
535 457 718 520 Lucio
751 457 1025 540 praeside.
1065 475 1274 536 passus
1305 469 1457 519 est.»
1493 460 1617 520 lmo
1647 462 1686 523 ὅ
1712 461 1938 522 Novem
1958 494 1967 502 ~
1991 473 2026 517 Α
2054 460 2138 519 bit
2163 458 2347 520 multa
2381 458 2495 520 sibi
2515 459 2575 520 in
2601 458 2694 521 bis
2720 458 2882 521 Actis
2904 458 3270 540 displicere:
3299 460 3408 522 sed
3425 480 3698 543 quanam

325 549 451 610 bris
485 567 716 630 passus.
753 547 1075 629 Utriusque
1106 556 1321 610 cmtera
1355 548 1763 610 meminerunt
1795 551 1961 612 Grae-

2050 549 2151 609 illa
2182 552 2323 625 sint,
2359 567 2478 610 non
2529 550 2836 630 exprimit.
2889 548 3286 630 Hyperbolica
3337 553 3701 636 quandoque

323 657 531 699 corum
562 639 919 718 Monologia,
972 635 1298 717 Horologia
1355 649 1500 712 etc.,
1535 657 1667 718 quae
1693 639 1968 719 sequitur
2048 639 2424 699 cruciatuum
2476 641 2714 700 auxesis
2766 639 2956 700 videri
2992 640 3201 718 possit,
3239 640 3356 701 nisi
3389 649 3448 702 et
3476 643 3704 708 diaboli

328 728 596 788 Molanus
643 728 704 788 in
731 727 915 791 addit.
951 728 1024 788 ad
1055 726 1390 792 Usua-rdum
1431 748 1444 790 :
1490 756 1508 782 ι
1555 728 1656 790 Die
1684 729 1965 790 vicesima

328 816 526 891 tertia,
573 817 763 878 sancti
813 817 1265 896 hieromartyris
1313 817 1644 879 Clementis
1690 819 1960 898 Ancyrae.

326 915 387 968 et
415 907 602 968 sancti
636 907 908 987 martyris
940 906 1348 986 Agathangeli.
1388 931 1411 964 υ
1449 909 1781 970 Romanum
1814 927 1966 987 quo-

325 1015 446 1077 que
480 996 959 1077 Martyrologium
996 1016 1010 1060 :
1048 1022 1069 1052 ι
1109 999 1362 1079 Ancyra)
1395 997 1455 1058 in
1481 996 1668 1059 Galati
1695 1022 1705 1052 ι
1735 995 1775 1059 S
1833 995 1968 1059 Cle-

332 1086 552 1146 mentis
582 1085 872 1168 episcopi,
933 1087 1035 1167 qui
1093 1088 1312 1167 saepius
1370 1087 1696 1157 cruciatus,
1729 1085 1968 1148 tandem

328 1173 442 1236 sub
475 1173 842 1237 Diocletiano
873 1175 1216 1256 martyrium
1250 1176 1705 1238 consummavit.
1740 1175 1967 1237 Ibidem

331 1263 391 1327 S.
430 1265 847 1345 Agathangeli,
881 1266 981 1347 qui
1013 1265 1226 1327 eodem
1257 1265 1354 1327 die
1388 1267 1496 1326 sub
1545 1266 1726 1328 Lucio
1761 1265 1970 1346 praesi-

331 1353 410 1415 de
464 1373 672 1435 passus
731 1364 840 1417 est.
883 1378 906 1412 ι
968 1357 1054 1418 De
1112 1356 1424 1419 Clemente
1480 1355 1557 1416 ita
1589 1354 1969 1418 Galesinius:

341 1470 360 1499 ι
401 1445 648 1526 Ancyra;
679 1443 735 1508 S.
774 1444 1102 1507 Clementis
1135 1445 1399 1526 episcopi
1448 1455 1505 1506 et
1540 1445 1836 1525 martyris,
1873 1445 1972 1524 qui

333 1534 709 1597 Diocletiano
734 1535 1403 1614 imperatoreinauditis
1436 1535 1808 1597 excruciatus
1839 1553 1973 1613 sup-

333 1624 553 1704 pliciis,
587 1625 783 1706 iisque
818 1625 1018 1686 multis
1049 1644 1118 1686 ac
1153 1625 1356 1698 variis,
1388 1625 1630 1687 demum
1665 1643 1801 1686 cum
1836 1643 1975 1685 con-

331 1723 562 1777 stanter
592 1715 650 1775 in
685 1714 801 1776 [ide
827 1716 1197 1796 persisteret,
1243 1715 1490 1795 praeciso
1519 1713 1714 1795 capite
1747 1729 1968 1795 marty-

333 1806 409 1868 rii
441 1823 724 1868 coronam
758 1806 1010 1886 accepit.
1051 1830 1074 1863 ι

418 1896 479 1962 6.
507 1894 571 1958 In
594 1893 1030 1971 Notationibus,
1065 1895 1565 1975 Christophorum
1611 1904 1668 1957 et
1697 1895 1974 1958 Charito—

333 2003 499 2062 nem,
531 1985 862 2049 Clementis
890 1985 948 2046 in
978 1987 1262 2067 martyrio
1293 1986 1573 2048 obeundo
1603 1986 1819 2056 socios,
1860 2001 1981 2046 me-

336 2084 528 2138 morat
579 2074 945 2139 Galesinius.
1003 2077 1252 2150 Menam,
1291 2074 1690 2154 Menologium
1724 2074 1974 2143 (Iasinii,

333 2176 393 2227 et
423 2165 765 2246 Cytheraeus
793 2165 1064 2229 referunt
1093 2164 1130 2225 9
1161 2163 1540 2244 Septembris
1579 2188 1601 2221 ι
1631 2162 1974 2226 S.Charito-

337 2273 474 2316 nem
497 2255 692 2335 gladio
724 2254 1014 2317 occisum.
1057 2274 1083 2313 »
1118 2253 1235 2316 Sed
1267 2253 1423 2335 quod
1484 2272 1600 2314 non
1653 2253 1707 2314 ei
1739 2252 1978 2314 additus

2049 728 2301 807 ejusque
2324 729 2648 791 satellitum
2675 728 2966 804 furorem,
2995 737 3052 789 et
3085 727 3217 800 Dei,
3244 748 3384 790 suos
3415 741 3704 816 martyres

2049 817 2771 891 conﬁrmantis,virtutem
2797 816 3369 897 cogitemus.Neque
3391 822 3701 888 existima-

2053 925 2116 966 re
2142 907 2597 984 oportetomuia
2640 925 2773 986 qua:
2805 916 3148 981 narrantur,
3185 909 3573 973 continenter
3600 911 3704 974 in-

2055 996 2213 1056 ﬂicta
2243 996 2465 1057 sanctis
2499 1014 2632 1057 esse
2663 996 2995 1077 supplicia;
3023 996 3128 1058 sed
3163 1005 3286 1058 toto
3305 1015 3602 1062 annorum
3627 1001 3703 1065 18

2054 1084 2268 1163 spatio,
2322 1084 2556 1147 indulta
2605 1085 2876 1148 fortassis
2920 1086 3180 1168 plurium
3215 1105 3374 1168 sepe
3406 1091 3703 1154 mensium

2055 1177 2275 1255 quiete,
2313 1176 2453 1237 dum
2488 1177 2622 1238 aliis
2651 1175 2823 1258 Reip.
2854 1177 3108 1256 negotiis
3139 1179 3428 1258 praesides
3457 1178 3705 1244 distine-

2057 1265 2322 1339 bantur;
2357 1286 2697 1348 quanquam
2731 1267 2792 1328 id
2827 1266 3033 1345 negari
3053 1269 3294 1329 videtur
3323 1268 3384 1329 in
3414 1271 3710 1336 Antholo-

2056 1357 2152 1432 gio
2190 1365 2246 1413 et
2278 1358 2546 1420 Menaeis.
2584 1355 2652 1418 Et
2708 1358 2757 1418 si
2808 1357 3047 1436 singula
3089 1357 3552 1422 considerentur
3577 1367 3707 1424 tor-

2061 1455 2282 1518 menta,
2310 1446 2542 1508 nullum
2576 1447 2701 1508 fere
2747 1466 2866 1508 non
2904 1447 3177 1527 pluribus
3213 1450 3571 1529 martyribus
3597 1451 3707 1514 sub

2057 1533 2269 1596 iisdem
2304 1535 2672 1598 Diocletiano
2706 1545 2765 1599 et
2796 1536 3177 1610 Maximiano,
3216 1537 3273 1598 in
3307 1538 3521 1602 iisdem
3546 1540 3707 1605 Asiae

2059 1623 2333 1696 urbibus,
2368 1625 2697 1705 irrogatutn
2734 1645 2748 1687 :
2781 1645 2848 1688 ac
2890 1626 3212 1688 vincuntur
3266 1627 3553 1707 pleraque
3577 1648 3710 1692 mo-

2059 1715 2248 1776 derna
2277 1716 2568 1794 Japonum
2603 1715 2892 1779 adversus
2915 1717 3291 1780 Christianos
3312 1719 3704 1786 immanitate.

2061 1802 2285 1865 Praeter
2314 1809 2490 1866 citata
2523 1805 3076 1886 Martyrologiurum
3129 1807 3495 1885 testimonia,
3521 1818 3712 1874 exstat

2064 1895 2302 1973 egregia
2332 1897 2614 1956 Actorum
2653 1901 2916 1974 epitome
2967 1896 3028 1957 in
3067 1895 3433 1977 Anthologio
3464 1897 3711 1964 Graeco-

2062 2001 2194 2044 rum
2225 2001 2255 2045 a
2279 1983 2591 2047 Clemente
2623 1983 2754 2046 Vill
2785 1985 3145 2066 approbato,
3178 1987 3417 2051 Menaeis
3446 2008 3709 2073 quoque,

2062 2081 2119 2134 et
2148 2074 2388 2136 Maximi
2423 2074 2714 2156 Cythermi
2742 2074 2919 2138 Vitis.

2140 2168 2199 2227 8.
2227 2164 2608 2243 Nicephorus
2632 2164 2913 2227 Callistus
2943 2184 3184 2247 quoque
3207 2167 3323 2230 hoc
3351 2186 3454 2231 eos
3485 2167 3700 2231 illustri

2062 2251 2336 2314 encomio
2365 2253 2690 2315 celebravit
2723 2253 2828 2316 lib.
2863 2272 2918 2316 νι
2950 2254 3114 2319 Hist.
3151 2256 3382 2320 Eccles.
3415 2276 3548 2339 cap.
3583 2258 3700 2322 i4:

335 2364 542 2407 comes
571 2345 1060 2424 Christophorus,
1086 2351 1144 2406 et
1179 2343 1239 2405 hi
1275 2341 1451 2405 ambo
1481 2343 1559 2404 23
1581 2341 1849 2405 Januarii
1883 2359 1975 2403 oc-
2064 2362 2090 2402 α
2127 2341 2250 2404 Hoc
2285 2344 2416 2423 ipso
2448 2361 2604 2404 anno
2638 2343 2920 2406 Clemens
2970 2343 3326 2426 Ancyranus
3357 2348 3701 2428 episcopus,

335 2434 676 2508 cnbuerint,
711 2435 890 2496 alium
930 2453 1162 2498 remur.
1195 2432 1471 2512 Eucarpii
1504 2450 1744 2514 quoque
1779 2433 1978 2510 plures
2061 2451 2200 2494 cum
2255 2432 2665 2510 Agathangelo
2724 2432 3175 2498 nobilissimum
3237 2439 3585 2517 martyrium
3617 2444 3710 2498 est

330 2527 525 2590 fuere.
560 2529 636 2588 At
691 2524 841 2587 nulli
895 2523 1178 2603 Phengna
1237 2523 1531 2604 jungitur,
1584 2541 1694 2583 nec
1747 2521 1885 2582 ullis
1918 2522 1975 2582 in
2062 2539 2335 2583 exorsus.
2380 2520 2613 2598 Viginti
2646 2531 2781 2583 octo
2830 2540 3090 2602 namque
3119 2524 3295 2586 annis
3326 2542 3433 2605 pro
3463 2523 3705 2589 Christo

333 2615 764 2696 Martyrologiis
794 2633 999 2676 eorum
1032 2613 1378 2695 reperimus
1405 2613 1478 2675 ad
1515 2614 1545 2674 Ἰ
1577 2610 1971 2690 Septembris,
2061 2611 2616 2691 splendidissimum
2650 2611 2907 2674 absolvit
2940 2631 3211 2678 cursum.
3232 2613 3541 2694 Siquidem
3573 2621 3709 2696 post

332 2725 458 2782 quo
516 2705 803 2785 perempti
863 2703 1054 2780 fuere,
1111 2703 1394 2782 inscripta
1445 2703 1706 2765 nomina.
1755 2699 1971 2761 Eorum
2063 2701 2350 2762 mundum
2378 2700 2686 2762 conditum
2718 2702 3066 2783 quicunque
3100 2721 3205 2783 pro
3237 2704 3474 2766 Christo
3508 2711 3706 2767 certa-

333 2794 686 2869 certamina,
732 2792 1110 2874 aliorumque
1160 2802 1274 2855 tam
1309 2797 1760 2873 Ancyranorum
1796 2808 1970 2868 quam
2062 2809 2198 2850 men
2234 2791 2390 2867 igne,
2427 2791 2610 2865 ferro,
2648 2791 2968 2874 lapidibus,
3001 2792 3176 2872 lignis
3206 2793 3509 2870 obierunt,
3529 2793 3706 2875 quive

332 2889 770 2962 Romanorum,
829 2887 888 2948 in
948 2887 1108 2948 Actis
1162 2889 1223 2947 S.
1308 2885 1662 2965 Clementis,
1717 2883 1820 2964 qui
1875 2900 1976 2944 eos
2060 2899 2191 2942 cum
2227 2880 2434 2942 bestiis
2462 2881 3315 2962 depugnarunt,ctdiuturnis
3345 2883 3597 2946 vinculis
3625 2883 3708 2946 af-

331 2975 572 3040 Christo
623 2985 934 3056 genuerat,
967 2975 1374 3046 continentur,
1410 2975 1914 3053 celebranturque
1945 2991 1977 3033 a
2061 2970 2201 3032 ilictl
2233 2980 2412 3047 sunt;
2447 2981 2737 3050 praeterea
2770 2970 2870 3051 qui
2902 2971 3159 3033 diversis
3203 2973 3396 3035 modis
3426 2973 3488 3035 in
3519 2981 3704 3048 terra,

336 3066 612 3148 plurimis
639 3068 750 3129 hoc
773 3066 873 3129 die
903 3085 1152 3141 omnes;
1186 3074 1243 3127 et
1276 3066 1558 3147 pleraque
1595 3064 1843 3128 nomina
1871 3069 1978 3128 Ac.
2062 3059 2121 3120 in
2155 3079 2320 3139 aere,
2349 3061 2408 3121 in
2451 3062 2644 3142 aquis,
2679 3080 2815 3122 cum
2851 3061 3164 3141 suppliciis
3194 3073 3334 3123 sunt
3360 3062 3704 3138 colluctati;

338 3157 416 3218 tis
449 3157 694 3237 praeﬁgit
714 3155 978 3220 Joannes
1000 3156 1256 3219 Basilius
1283 3153 1654 3219 Sanctorius.

537 3290 663 3369 θη.
711 3292 856 3354 Acta
885 3289 952 3354 S.
991 3291 1326 3354 Clementis
1356 3299 1416 3354 et
1444 3291 1770 3352 sociorum.

421 3429 479 3486 7.
511 3426 634 3490 Res
663 3442 696 3486 a
728 3423 1036 3486 Clemente
1068 3431 1126 3485 et
1149 3421 1561 3501 Agathangelo
1593 3422 1878 3502 praeclare
1909 3439 1980 3483 ac

336 3514 577 3578 fortiter
593 3512 984 3592 gestas,solita
1011 3511 1288 3574 facundia
1304 3511 1980 3590 composuitllletapltra-

337 3614 484 3680 stes,
513 3623 579 3665 ex
601 3603 863 3683 antiquis
886 3603 1128 3664 haustas
1155 3600 1584 3663 monumentis.
1613 3599 1759 3662 Eum
1791 3600 1979 3662 Meta-

339 3696 600 3775 phrastte
621 3688 1756 3765 commentarium,aGentianoHerveto
1780 3688 1982 3751 Latine

337 3802 600 3862 versum,
629 3783 992 3864 Lipomanus
1023 3779 1316 3844 etSurius
1341 3779 1685 3858 vulgarunt;
1717 3787 1898 3859 atque
1921 3778 1980 3840 in

338 3874 643 3956 epitomen
667 3869 1788 3952 redactum,Lippelous,Ribadeneira,
1826 3867 1980 3931 San-

337 3964 586 4038 ctorius,
611 3961 848 4026 Gabriel
869 3963 1157 4037 Flamma,
1188 3958 1979 4039 Machantius,Rosweydus,

339 4055 584 4136 aliique.
611 4053 902 4116 Beronius
924 4051 986 4114 in
1019 4051 1189 4114 Notat
1217 4049 1291 4112 ad
1329 4048 1807 4129 Martyrologium
1830 4049 1982 4112 scri-

2069 3159 2191 3212 tum
2224 3159 2421 3212 autem
2453 3151 2553 3229 qui
2587 3150 2675 3212 vel
2706 3151 2948 3230 frigore,
2985 3151 3075 3212 vel
3126 3151 3327 3214 calore
3357 3152 3543 3215 nimio
3572 3163 3710 3216 sunt

2070 3241 2430 3321 consumpti,
2460 3248 2562 3303 aut
2617 3241 2718 3322 qui
2766 3241 2898 3304 aliis
2929 3241 3395 3322 quibuscuuque
3418 3244 3616 3325 pmnis
3645 3252 3710 3307 et

2064 3331 2376 3393 tormentis
2409 3331 2581 3392 vitam
2615 3331 2949 3393 amiserunt
2985 3349 2998 3394 :
3033 3350 3138 3394 eos
3168 3351 3549 3410 omnes,meo
3579 3336 3710 3417 qui-

2061 3421 2198 3483 dem
2241 3421 2499 3500 judicio,
2533 3431 2775 3482 sanctus
2828 3421 2931 3483 il!e
2984 3420 3286 3498 Clemens,
3323 3433 3381 3486 et
3410 3442 3548 3487 cum
3580 3425 3710 3506 ipso

2063 3510 2527 3589 Agathangelus,
2567 3510 2742 3589 longe
2773 3511 3079 3588 superavit
3113 3529 3127 3574 :
3165 3513 3426 3592 primum
3461 3513 3705 3596 quidem

2067 3599 2290 3672 Romae,
2323 3600 2541 3661 deinde
2574 3599 2982 3674 Nicomediae;
3017 3619 3151 3662 cum
3216 3602 3454 3666 feritate
3485 3613 3544 3668 et
3573 3622 3717 3666 cru-

2065 3689 2309 3752 delitate
2334 3689 2468 3752 aliis
2501 3698 2849 3769 praestantes
2880 3698 3159 3763 tortores,
3183 3692 3270 3752 eis
3293 3694 3712 3757 excruciandis

2066 3784 2226 3841 vices
2279 3797 2387 3859 per
2439 3779 2887 3841 successionem
2937 3788 3257 3859 mutantes,
3291 3781 3364 3842 ab
3396 3783 3560 3844 omni
3582 3783 3708 3862 jam

2067 3880 2498 3931 tormentorum
2531 3869 2736 3948 specie
2794 3867 3308 3932 destituerentur:
3359 3871 3434 3932 ad
3469 3880 3710 3952 postre-

2069 3977 2226 4020 mum
2259 3967 2455 4019 autem
2491 3957 2689 4033 gladio
2719 3957 2990 4037 percussi
3040 3957 3217 4021 vitam
3266 3961 3424 4023 hanc
3458 3963 3709 4024 immor-

2070 4049 2166 4110 tali
2200 4048 2300 4109 illa
2326 4056 2792 4110 commutarunt.
2830 4073 2855 4103 ι)
