4054 6204
512 315 630 383 815

1807 311 1974 382 ΜΕΝ
1979 319 2092 382 SIS
2130 315 2587 384 JANUARIUS.

3741 322 3836 390 8l6

1345 638 1753 768 ΒΙΟΣ
1860 639 2165 768 ΚΑΙ
2271 640 3050 775 ΑΘΛΗΣΙΣ

1992 885 2122 935 ΤΟΥ
2191 882 2388 935 ΑΙἸΟΥ

460 1059 1838 1198 ΙΕΡΟΜΑΡΤΥΡΟΣ
1934 1060 3042 1197 ΚΛΗΜΕΝΤΟΣ
3121 1064 3870 1198 ΑΓΚΥΡΑΣ

1627 1516 1890 1602 VITA
1958 1515 2094 1598 ET
2164 1513 2765 1606 CERTAMEN

619 1752 730 1858 S.
881 1743 1671 1857 CLEMENTIS
1798 1743 2518 1854 ANCYRANI
2663 1748 2838 1857 ET

2977 1750 3729 1861 SOCIORUM.

863 1970 1104 2039 (Graecus
1132 1975 1308 2025 textus
1335 1982 1473 2024 nunc
1502 1968 1722 2040 primum
1751 1966 1916 2040 prodit
1944 1982 2007 2022 ex
2038 1966 2128 2024 cod

2221 1978 2312 2041 Leg.
2346 1968 2514 2027 Paris.
2547 1985 2603 2029 ε.
2630 1971 2791 2041 1456,
2813 1987 2934 2030 sec.
2967 1971 3226 2030 11.80”.
3257 1975 3533 2043 ΡΑτιιοι..)

2017 2297 2265 2364 CAPUT
2309 2299 2356 2364 l.

1335 2467 1400 2530 S.
1438 2461 1773 2524 Clementis
1799 2467 1974 2524 ortus
2000 2471 2054 2523 et
2086 2460 2400 2530 educatio.
2439 2464 2653 2529 Obitus
2679 2476 3029 2549 parentum.

577 2627 624 2692 Ι.
661 2630 800 2691 Post
829 2626 1308 2688 ducentesimum
1341 2635 1401 2688 et
1431 2624 2000 2705 quinquagesimum
2035 2641 2135 2682 an-

2312 2627 2398 2686 A'.
2446 2631 2590 2686 Μετὰ
2640 2627 3008 2688 διακοσιοστὸν
3061 2635 3150 2688 καὶ
3189 2634 3560 2700 πεντηκοστὸν
3612 2631 3716 2693 ἔτος
3762 2635 3839 2696 τῆς

500 2737 644 2780 num
669 2715 904 2780 Domini
938 2717 1126 2778 nostri
1153 2715 1292 2780 Jesu
1327 2714 1568 2787 Christi,
1596 2733 1752 2776 anno
1785 2712 2140 2773 duodecimo

497 2807 807 2870 Valeriani
839 2806 1242 2882 imperatoris,
1279 2805 1630 2868 consulibus
1659 2805 1788 2884 ipso
1822 2799 2139 2863 Valeriano

500 2907 558 2960 et
592 2898 870 2968 Luciano,
909 2896 1012 2958 ille
1043 2913 1186 2958 vere
1231 2913 1479 2975 magnus
1511 2906 1571 2956 et
1604 2890 1980 2954 admirabilis
2009 2891 2129 2953 Cle-

497 3005 692 3062 mens,
729 2993 996 3065 Ancyrae,
1035 2986 1350 3066 metropoli
1387 2985 1593 3065 primae
1625 2981 1959 3044 Galatarum
1996 2999 2136 3061 pro-

498 3077 729 3149 vinciae,
771 3086 1045 3156 tanquam
1081 3075 1355 3154 egregius
1387 3075 1605 3154 aliquis
1656 3071 1905 3154 palmes,
1938 3069 2140 3131 multis

496 3165 638 3228 boni
664 3165 921 3246 Spiritus
944 3166 1130 3226 botris
1163 3175 1288 3226 erat
1319 3164 1481 3225 omni
1515 3180 1587 3224 ex
1621 3170 1786 3242 patre
1816 3158 2141 3239 plenus.Ea

495 3256 657 3318 enim
712 3275 848 3318 cum
909 3255 1103 3335 ipsum
1159 3254 1416 3327 tulisset,
1466 3262 1525 3314 et
1560 3250 1761 3313 multis
1791 3249 1969 3312 etiam
2003 3249 2139 3310 aliis

493 3345 836 3410 civitatibus
874 3345 1136 3406 misisset
1166 3345 1518 3426 praeclarum
1553 3342 1867 3421 exemplar
1913 3349 2134 3420 marty-

491 3436 589 3513 rii,
625 3438 752 3518 ipsa
803 3455 1045 3516 quoque
1106 3435 1346 3513 collegit
1398 3432 1680 3514 pulchros
1729 3432 1954 3493 fructus
1986 3450 2133 3492 con-

491 3545 623 3588 sum
635 3527 934 3589 mationis.

574 3619 645 3679 II.
672 3616 810 3678 Erat
835 3627 1030 3678 autem
1059 3633 1282 3695 genere
1305 3613 1658 3691 insignis,ex
1684 3611 1870 3674 nobili
1893 3611 2132 3693 quidem

492 3714 552 3768 et
581 3707 700 3769 alto
732 3707 1021 3768 deductus
1075 3707 1388 3784 sanguine.
1429 3703 1568 3767 Erat
1600 3703 1759 3765 enim
1795 3703 1849 3765 ei
1883 3711 2050 3784 pater
2079 3711 2136 3764 et

493 3807 704 3872 mater,
740 3799 866 3860 haec
905 3797 1146 3878 quidem
1177 3817 1246 3858 ex
1270 3795 1564 3857 ambobus
1595 3793 1940 3876 parentibus
1957 3793 2137 3856 claris

491 3898 552 3952 et
578 3889 896 3969 ﬁdelibus;
933 3889 1032 3948 ille
1063 3898 1261 3950 autem
1298 3886 1357 3947 in
1389 3886 1682 3965 religione
1715 3903 1748 3946 a
1786 3883 2012 3968 Sophia
2043 3885 2130 3966 (1)

2225 2725 2315 2772 τοῦ
2403 2719 2588 2795 Κυρίου
2671 2721 2823 2789 ἡμῶν
2885 2721 3060 2788 Ἰησοῦ
3118 2729 3346 2796 Χριστοῦ
3419 2724 3554 2794 πρὸς
3628 2721 3841 2798 οὗρινοῦς

2223 2806 2573 2883 ἀναλήψεως,
2621 2808 2676 2865 ιν
2720 2809 2826 2866 ἔτει
2871 2808 3152 2887 δωδεκάτῳ
3196 2817 3298 2880 τῆς
3345 2812 3620 2890 βασιλείας
3663 2809 3838 2870 0-311:-

2225 2905 2426 2974 ριανοῦ,
2471 2898 2556 2954 ἐπὶ
2615 2904 2712 2966 τῆς
2755 2901 2979 2962 ὑπατίας
3040 2903 3198 2958 αὐτοῦ
3267 2923 3322 2958 τε
3389 2902 3732 2978 Οὗαλεριανοῦ
3769 2901 3839 2956 καὶ

2225 2994 2536 3063 Λουκιανοῦ,
2571 2989 2598 3043 ὁ
2643 2987 2810 3066 μέγας
2857 2988 3024 3055 ὅντως
3055 2993 3141 3047 καὶ
3185 2994 3495 3067 θαυμαστὸς
3551 2992 3758 3064 Κλήμης
3795 2989 3836 3042 ἓν

2224 3077 2452 3154 Ἀγκύρᾳ
2509 3082 2608 3144 τῆς
2671 3077 2922 3135 Γαλατῶν
2991 3080 3284 3163 ἐπαρχίας,
3355 3083 3590 3157 καθάπερ
3657 3079 3836 3156 εὖγενές

2221 3190 2271 3223 τι
2316 3166 2502 3241 βλῆμα
2545 3165 2771 3233 πολλοῖς
2815 3170 3074 3228 πάντοθεν
3135 3172 3305 3247 ἐκόμα
3355 3185 3474 3239 τοῖς
3524 3179 3614 3228 τοῦ
3669 3168 3835 3247 ἀγαθοῦ

2223 3257 2527 3331 Πνεύματος
2579 3255 2845 3335 βότρυσιν.
2881 3260 3024 3328 Αὕτη
3057 3263 3156 3342 γὰρ
3205 3265 3365 3322 αὐτὸν
3426 3263 3722 3340 ἐνεγκοῦσα,
3763 3258 3832 3313 καὶ

2220 3345 2454 3410 πολλαῖς
2499 3345 2687 3404 πόλεσι
2719 3349 2805 3404 καὶ
2836 3349 3023 3415 eum
3053 3352 3216 3409 καλὸν
3260 3351 3561 3430 ὑπόδειγμα
3604 3351 3830 3424 πέμψασα

2220 3437 2532 3514 μαρτυρίας,
2577 3435 2772 3500 καλοὺς
2805 3436 3022 3515 ὕστερον
3053 3440 3212 3499 αὒτοῦ
3257 3443 3344 3499 καὶ
3389 3448 3489 3509 τῆς
3534 3439 3827 3498 τελειώσεως

2220 3526 2476 3604 ἐτρύγησε
2507 3528 2627 3590 τοὺς
2661 3526 2887 3606 καρπούς
2901 3577 2914 3590 ,

2302 3607 2378 3678 Β’.
2430 3618 2502 3675 Τὸ
2558 3615 2612 3672 δὲ
2669 3618 2819 3693 γένος
2852 3618 3115 3694 ἐπίσημος
3145 3622 3235 3692 ἦν,
3285 3620 3336 3687 ἐξ
3383 3623 3623 3700 εὐγενοῦς
3663 3616 3827 3674 ἄνωθεν

2218 3705 2588 3782 καταγόμενος
2634 3706 2866 3782 αἳματος
2904 3725 2917 3739 ’
2972 3710 3197 3783 πατέρες
3242 3713 3344 3789 γὰρ
3377 3712 3546 3786 αὒτῷ,
3579 3711 3613 3777 ἠ
3641 3707 3731 3784 μὲν
3779 3702 3826 3757 ιι

2220 3797 2465 3875 πατέρων
2506 3794 2668 3876 ἄμφω
2723 3801 3024 3877 περιφανῶν
3077 3801 3164 3855 καὶ
3206 3801 3438 3874 πιστῶν,
3473 3803 3502 3857 δ
3556 3797 3609 3855 δὲ
3659 3790 3826 3874 σοόδρι

2217 3888 2335 3966 περὶ
2378 3889 2440 3943 τὸ
2483 3884 2640 3952 σέϐας
2691 3893 2758 3964 τῇ
2805 3893 2970 3964 πιστῇ
3023 3890 3189 3968 Σοφίᾳ
3245 3887 3623 3968 διαφερόμενος
3675 3887 3825 3962 (τοῦτο

492 3979 656 4040 ﬁdeli
683 3978 854 4040 valde
884 3977 1205 4051 dissidens,
1241 3985 1298 4038 et
1327 3976 1536 4056 gentili
1579 3975 1814 4036 deditus
1843 3973 2128 4035 stultitiae.

2221 3979 2317 4056 γὰρ
2359 3977 2424 4045 ἧν
2457 3976 2624 4054 ὄνομα
2655 3979 2722 4053 τῇ
2766 3976 3019 4058 συζύγῳ),
3080 3980 3176 4036 καὶ
3219 3985 3287 4055 τῇ
3336 3971 3630 4046 Ἐλληνικῆ
3683 3969 3825 4049 μωρίᾳ

492 4065 640 4128 Nam
675 4087 808 4128 cum
843 4086 971 4128 eam
1005 4067 1256 4128 haberet
1285 4071 1417 4128 vita:
1451 4065 1672 4127 sociam
1723 4073 1783 4126 et
1813 4063 2131 4125 habitatio-

491 4155 612 4229 nis,
652 4155 838 4217 multa
893 4174 1135 4235 semper
1183 4156 1388 4216 dicens
1434 4164 1493 4216 et
1523 4153 1770 4229 faciens,
1805 4151 2136 4214 conabatur

493 4263 625 4306 eam
655 4244 855 4307 facere
887 4246 1111 4306 sociam
1145 4243 1478 4322 religionis.
1511 4243 1593 4305 Ea
1623 4251 1817 4305 autem
1851 4260 1985 4304 cum
2011 4244 2135 4304 ani-

495 4336 576 4399 mi
610 4335 1015 4416 magnitudine
1052 4336 1330 4397 maritum
1365 4342 1700 4415 superaret,
1754 4333 1868 4395 hoc
1919 4334 2132 4414 majori

492 4427 692 4488 studio
727 4424 1152 4498 contendebat,
1188 4423 1320 4485 utsi
1344 4443 1460 4506 qua
1489 4429 1720 4486 ratione
1743 4423 1873 4486 ﬁeri
1907 4433 2128 4502 posset,

2219 4069 2620 4144 προσκείμενος.
2675 4071 2938 4127 Κοινωνὸν
2980 4069 3080 4148 γὰρ
3140 4071 3305 4129 αὐτὶνν
3349 4071 3469 4147 βίου
3503 4071 3590 4126 καὶ
3618 4067 3826 4123 σύνοικον

2217 4157 2386 4238 ἒχων,
2437 4156 2609 4215 πολλὰ
2654 4159 2740 4216 καὶ
2783 4156 2954 4236 λέγων
2996 4159 3080 4215 ἀεὶ
3129 4161 3214 4216 καὶ
3257 4167 3452 4235 ποιῶν,
3500 4153 3711 4217 ἔσπευδε
3737 4171 3825 4206 κοι-

2218 4237 2383 4304 νώνὸν
2444 4245 2608 4314 αὐτήν
2666 4251 2890 4314 ποιῆσαι
2931 4248 3021 4303 καὶ
3064 4247 3160 4314 τῆς
3201 4251 3512 4327 θρησκείας.
3551 4246 3614 4303 Ἦ
3669 4240 3717 4298 δὲ
3744 4237 3824 4315 ἄρα

2215 4338 2304 4393 καὶ
2376 4338 2468 4394 τὸν
2537 4333 2696 4415 ἄνδρα
2769 4337 2951 4414 ψυγῆς
3029 4336 3430 4414 ὑπερϐάλλουσα
3494 4335 3820 4416 γενναιότητι,

2213 4432 2369 4483 τοῦτο
2398 4425 2602 4501 μᾶλλον
2635 4425 2764 4506 εἶχε
2807 4423 2892 4482 διὰ
2935 4424 3166 4495 σπουδῆς
3211 4427 3367 4501 εἴπερ
3391 4428 3519 4486 οἶόν
3551 4446 3605 4482 τε
3633 4423 3717 4480 καὶ
3741 4416 3820 4474 αὖ·

492 4534 626 4578 eum
659 4515 988 4577 deduceret
1018 4515 1091 4576 ad
1123 4531 1322 4575 veram
1376 4514 1676 4594 pietatem.
1714 4513 1830 4576 Sed
1864 4513 1964 4576 ille
1996 4514 2132 4595 qui-

2221 4518 2303 4573 εὸν
2359 4513 2721 4595 ἒπαγαγὲσθαι
2781 4517 2913 4594 πρὸς
2957 4516 3057 4583 τὴν
3116 4514 3408 4577 εὐσέϐειαν.
3464 4512 3613 4575 Ἀλλ’
3643 4513 3819 4568 ἐκεῖνος

492 4607 629 4669 dem
663 4607 968 4668 dormiens
997 4605 1059 4667 in
1093 4604 1404 4686 profundis
1436 4604 1659 4667 erroris
1693 4604 1985 4682 tenebris,
2006 4615 2133 4668 erat

490 4715 597 4759 sua
627 4707 840 4778 sponte
874 4697 1084 4767 malus,
1122 4705 1179 4757 et
1210 4695 1524 4756 recusabat
1555 4695 1824 4776 aspicere
1856 4715 2128 4775 magnam

489 4788 687 4850 lucem
719 4788 1004 4849 veritatis.
1060 4785 1360 4859 Quocirca
1408 4785 1496 4848 sic
1530 4804 1768 4866 quoque
1803 4787 1985 4847 miser
2014 4787 2130 4848 du-

491 4877 632 4957 plici
692 4885 884 4939 morte
945 4877 1219 4949 moritur,
1258 4895 1474 4957 nempe
1531 4876 1730 4938 carnis
1778 4886 1834 4937 et
1893 4883 2125 4938 animae.

489 4966 668 5030 Solus
699 4976 894 5028 autem
927 4966 1098 5028 uxori
1133 4966 1291 5028 ﬁlius
1323 4967 1420 5028 hic
1478 4964 1754 5029 Clemens
1810 4965 2127 5027 admirabi-

487 5058 563 5120 lis
599 5077 672 5120 ex
730 5057 860 5139 ipso
918 5057 1303 5139 relinquitur,
1356 5058 1552 5120 adhuc
1601 5057 1823 5131 infans,
1858 5067 1919 5118 et
1949 5075 2126 5136 quem

490 5157 681 5211 mater
710 5149 834 5211 suis
865 5146 1105 5213 tenebat
1157 5149 1334 5226 ulnis,
1389 5157 1446 5210 et
1492 5148 1624 5228 ejus
1654 5146 1926 5208 alebatur
1981 5145 2128 5208 ube-

487 5257 577 5300 re.

569 5327 822 5392 Iil.Cum
848 5328 936 5391 sic
959 5349 1099 5410 ergo
1120 5336 1277 5390 esset
1296 5337 1484 5388 mater
1507 5326 1715 5388 marito
1739 5325 1932 5403 vidua,
1959 5326 2125 5388 laba-
2144 5359 2191 5415 α

487 5426 701 5500 reique
720 5420 915 5481 adhuc
937 5438 1076 5498 spes
1099 5422 1231 5498 ejus
1253 5417 1329 5479 de
1370 5435 1576 5498 puero,
1611 5415 1665 5476 ei
1698 5424 1920 5478 tantum
1954 5418 2130 5481 dabat

488 5516 828 5588 operam,et
849 5510 904 5570 ei
927 5517 1046 5571 tam
1071 5508 1388 5587 diligenter
1410 5505 1775 5583 attendebat,
1799 5517 1863 5570 ut
1885 5507 1940 5570 ei
1967 5517 2127 5575 esset
2208 5510 2273 5580 δή

570 5669 645 5752 (1)
679 5669 1070 5753 Euphrosyne
1099 5667 1436 5752 appellatur
1471 5670 1530 5732 in
1562 5670 1862 5754 prioribus
1889 5673 2074 5743 Actis.

2215 4606 2311 4682 μὲν
2367 4607 2468 4662 ὑπὸ
2526 4605 2680 4681 βαθεῖ
2750 4611 2827 4680 τῷ
2901 4605 2997 4674 τῆς
3071 4605 3284 4676 ἀπάτης
3343 4609 3522 4681 σκότῳ
3563 4597 3818 4665 καθεύδων,

2213 4693 2543 4752 ἔθελοκακῶν
2588 4693 2677 4766 ἦν,
2738 4696 2824 4750 κάὶ
2892 4693 3209 4772 ἂπηνῄναεο
3267 4697 3398 4774 πρὸς
3441 4699 3502 4754 τὸ
3558 4693 3688 4771 μέγα
3726 4689 3817 4765 φῶς

2215 4781 2512 4858 ἀναϐλέψαι
2558 4782 2656 4850 τῆς
2689 4781 2962 4850 ἀληθείας.
3014 4786 3107 4842 Διὸ
3140 4789 3226 4842 καὶ
3259 4785 3423 4852 οὕτως
3468 4784 3654 4845 ἀθλίως
3707 4775 3818 4842 θνή·

2213 4895 2328 4931 σκει
2363 4875 2453 4929 τὸν
2497 4871 2736 4948 διπλοῦν,
2800 4873 2853 4930 οῗ
2913 4873 3047 4950 μοιί
3095 4875 3287 4953 σαρκός
3320 4897 3376 4932 τε
3419 4877 3515 4934 καὶ
3547 4870 3716 4951 ψυχῆς
3746 4862 3819 4920 θά·

2215 4985 2395 5026 ναῖον,
2432 4962 2604 5020 Μόνον
2648 4960 2702 5018 δὲ
2737 4968 2804 5038 τῇ
2855 4965 3060 5041 γυναικὶ
3117 4978 3274 5040 παῖς,
3309 4968 3336 5023 δ
3367 4963 3661 5041 θαυμαστὸς
3691 4954 3814 5014 οὗτος

2217 5052 2470 5128 Κλήμης,
2529 5051 2580 5118 ἐξ
2632 5051 2792 5108 αὐτού
2859 5039 3266 5135 καταλείπεται,
3325 5039 3476 5120 παῖς
3521 5055 3595 5111 ἔτι
3650 5039 3816 5121 κομιδῇ

2215 5145 2406 5214 νήπιος
2448 5143 2548 5224 ὢν,
2604 5155 2900 5221 μητρικατς
2930 5163 2986 5199 τε
3018 5146 3220 5224 χαίρων
3253 5144 3542 5225 ἀγκάλαις,
3573 5141 3654 5199 καὶ
3693 5135 3816 5211 μοιζῷ

2213 5234 2563 5316 τρεφόμενος.

2296 5311 2352 5382 ι⁴¹
2368 5374 2382 5389 ,
2419 5317 2482 5383 Ἠ
2513 5331 2640 5404 γοῦν
2671 5325 2855 5402 μήτηρ
2888 5322 3086 5400 ἕρημος
3144 5323 3311 5388 οὕτως
3343 5323 3527 5404 ἀνδρὸς
3557 5311 3808 5401 γενομένη,

2213 5419 2298 5475 καὶ
2352 5418 2446 5482 τὰς
2502 5412 2716 5477 ἐλπίδας
2760 5416 2846 5470 ἔπι
2877 5419 2952 5488 τῷ
2983 5411 3127 5470 παιᾶ
3158 5416 3308 5490 μόνῳ
3362 5414 3666 5480 σαλεύουσα,
3694 5404 3810 5462 οὕτω

2335 5531 2384 5564 τι
2432 5505 2523 5562 καί
2583 5506 2895 5584 προσέκειτο
2955 5502 3286 5587 φιλοπόνως,
3317 5504 3456 5562 ὥστε
3486 5501 3649 5562 πάντα
3688 5492 3807 5552 εἶναι
