4054 6204
237 375 373 442 817

1298 383 1485 446 νΙΤΑ
1540 384 1599 446 S.
1647 386 2084 450 CLEMENTIS
2147 387 2570 454 ANCYRANI.

3509 391 3625 466 818

235 518 420 590 αὐτῷ,
455 517 542 574 καὶ
594 517 774 590 πατὴρ
803 518 891 575 καὶ
940 516 1284 596 παιδαγωγὸς
1317 519 1406 575 καὶ
1437 521 1644 598 μήτηρ.
1706 526 1871 597 Πρῶτε

1983 523 2205 600 omnia,
2236 535 2293 584 et
2315 531 2504 603 paler,
2528 531 2586 585 et
2609 523 2987 604 paedagogus,
3012 532 3072 587 et
3097 532 3309 589 mater.
3335 522 3485 587 Nam
3503 526 3628 607 pri-

235 605 354 679 μὲν
395 606 497 685 γὰρ
548 605 821 682 ἐπιμελῶς
881 606 1090 689 ἔτρεφε,
1119 609 1302 665 καὶτὰ
1347 609 1596 688 μητέρων
1626 609 1713 667 ἐπ’
1755 610 1898 684 αὗτῷ

233 693 443 752 ἰποίει*
506 695 610 764 ἤδη
641 697 695 753 δὲ
751 699 841 754 καὶ
872 698 1086 766 ἡλικίας
1141 698 1443 774 ἁψάμενον,
1482 699 1543 767 ἢν
1603 701 1651 756 οἱ
1709 697 1896 763 παῖδες

231 776 587 861 μαθημάτων
640 785 829 867 ἔχουσι
887 785 1162 861 δεκτικὴν,
1195 790 1288 844 τὸν
1329 788 1482 867 ὐρθὸν
1537 788 1682 863 αὒτῷ
1739 789 1896 867 λόγον

231 879 348 942 τῆς
401 875 657 942 ἀληθείας
706 879 1030 956 εοόφρονοῦσα
1075 877 1340 951 ὑπέτεινι,
1380 876 1668 954 Κλήμεντα
1714 877 1896 942 καλῶς

231 965 587 1041 ὀνομάσασα,
644 965 852 1041 μᾶλλον
906 963 962 1022 δὲ
1009 973 1358 1046 προφητικῶς
1415 966 1510 1024 καί
1562 975 1655 1025 τοῦ
1713 967 1896 1033 τέλους

229 1052 441 1120 ἀξίως’
486 1055 602 1132 ᾔδει
633 1055 734 1134 γὰρ
785 1057 946 1115 αὐτὸν
997 1058 1158 1113 οἷονεί
1196 1077 1248 1112 τι
1299 1055 1488 1131 κλῆμα
1521 1058 1748 1136 Χριστοῦ
1793 1062 1892 1126 τῆς

227 1143 503 1214 ἀληθινῆς
563 1145 808 1220 ἀμπέλου
851 1145 1130 1226 ἰσόμενον,
1164 1146 1252 1202 καὶ
1301 1143 1509 1209 πολλὰς
1553 1148 1697 1222 αὖτῷ
1751 1147 1889 1222 μέλ-

224 1231 409 1291 λοντα
469 1241 880 1316 καρποφορῆσαι
925 1235 1135 1316 ψυχάς,
1169 1236 1332 1292 εἶκαὶ
1376 1235 1565 1292 πολλοὶ
1615 1234 1888 1313 βασιλεῖς,

223 1327 480 1404 καθαπερ
537 1325 682 1388 τινὲς
741 1327 837 1382 οὒκ
887 1325 1072 1403 ἀγαθοὶ
1134 1326 1388 1405 γεωργοὶ,
1441 1323 1675 1391 πολλαῖς
1734 1327 1889 1385 αὐτὸν

224 1414 328 1470 καὶ
401 1412 665 1478 πολλάκις
718 1428 843 1480 ταῖς
915 1416 1195 1495 τιμωρίαις
1253 1414 1590 1495 κατέκειραν,
1635 1417 1708 1482 ὡς
1765 1414 1889 1483 ἑξῆς

228 1503 447 1580 προϊὼν
490 1506 518 1561 ὃ
549 1503 706 1584 λόγος
737 1503 994 1573 δηλώσει,

318 1681 405 1745 A'.
465 1682 557 1742 Ἐν
599 1685 808 1744 τούτοις
865 1683 1017 1748 ὄντος
1066 1692 1160 1742 τοῦ
1205 1682 1541 1764 Κλήμεντος,
1575 1687 1664 1742 καὶ
1719 1685 1884 1751 οὕτως

1985 630 2145 674 mum
2179 613 2425 693 quidem
2457 633 2594 675 eum
2619 615 2888 678 studiose
2919 615 3132 688 alebat,
3160 625 3217 677 et
3239 634 3310 678 ea
3340 614 3620 696 faciebat,

1983 720 2114 782 quae
2148 721 2254 783 par
2282 711 2373 764 est
2401 713 2648 766 matrem
2673 705 2820 767 ﬁlio.
2848 704 2994 766 Cum
3024 713 3218 767 autem
3243 708 3371 784 jam
3395 705 3468 766 ad
3486 724 3618 768 eam

1984 791 2351 871 pervenisset
2397 803 2656 868 aetatem,
2711 793 2771 854 in
2822 813 2938 875 qua
2985 804 3121 855 sunt
3167 794 3335 874 pueri
3369 814 3620 876 capaces

1981 879 2468 961 disciplinarum,
2507 884 2562 944 ei
2593 892 2817 944 rectam
2845 883 3083 963 pietatis
3124 883 3419 946 rationem
3452 894 3620 949 recte

1976 971 2215 1051 sapiens
2243 973 2559 1052 suggessit,
2597 982 2663 1035 ut
2687 992 2822 1054 qum
2851 992 2985 1035 eum
3029 981 3195 1035 recte
3245 973 3620 1037 Clementem

1977 1059 2395 1137 nominaverit,
2445 1063 2536 1123 vel
2587 1063 2782 1142 potius
2831 1063 3203 1143 prophetice,
3261 1072 3319 1124 et
3377 1064 3459 1125 uti
3512 1064 3618 1126 fini

1974 1151 2386 1214 conveniebat.
2435 1152 2676 1215 Sciebat
2723 1152 2885 1214 enim
2932 1171 3066 1214 eum
3123 1153 3385 1214 futurum
3435 1154 3616 1216 veluti

1974 1240 2292 1319 quemdam
2327 1241 2631 1322 palmitem
2657 1243 2732 1318 (2)
2763 1260 2917 1303 verte
2961 1242 3181 1304 Christi
3212 1243 3420 1318 vineae,
3466 1253 3526 1305 et
3555 1245 3614 1306 ei

1973 1328 2402 1410 producturum
2436 1349 2568 1393 esse
2601 1331 2859 1393 fructum
2889 1333 3207 1393 multarum
3243 1334 3606 1410 animarum;

1971 1418 2211 1480 etiamsi
2236 1419 2400 1482 multi
2428 1439 2623 1500 reges,
2651 1423 2833 1484 veluti
2864 1422 3104 1502 quidam
3140 1442 3254 1484 non
3281 1421 3422 1484 boni
3447 1425 3609 1504 agri-

1970 1508 2141 1582 colae,
2175 1527 2314 1572 eum
2345 1528 2511 1591 saepe
2536 1512 2740 1572 multis
2773 1513 3142 1575 totonderint
3173 1514 3508 1594 suppliciis,
3543 1524 3610 1578 ut

1965 1598 2254 1680 deinceps
2285 1600 2619 1680 procedens
2644 1599 2971 1663 declarabit
3001 1602 3212 1664 oratio.

2046 1689 2144 1752 ιν.
2178 1689 2325 1752 Cum
2358 1690 2438 1752 ita
2467 1709 2532 1753 se
2563 1691 2812 1753 haberet
2853 1691 3155 1768 Clemens,
3212 1701 3274 1754 et
3321 1713 3355 1755 a
3415 1703 3607 1757 matre

226 1773 342 1829 ὑπὸ
402 1775 566 1853 μητρὶ
624 1773 964 1853 φιλοστόργῳ
1004 1773 1328 1855 τρεφομένου
1393 1773 1573 1837 καλῶς
1629 1775 1725 1833 καῖ
1783 1777 1871 1831 ἁν-

1965 1776 2260 1841 benevola
2283 1788 2400 1842 tam
2427 1779 2678 1860 pulchre
2709 1781 2976 1843 aleretur
3003 1792 3181 1864 atque
3217 1783 3601 1866 educaretur,

219 1864 525 1940 αγομένου,
581 1863 892 1942 ἐγγίζουσαν
951 1864 1129 1931 ἐκείνη
1174 1863 1574 1941 προαισθομένη
1633 1867 1732 1933 τὴν
1789 1886 1871 1921 τε·

1969 1868 2370 1950 propinquum
2404 1869 2504 1932 illa
2527 1871 2793 1932 sentiens
2823 1863 3163 1947 decessum,
3204 1891 3453 1952 puerum
3489 1863 3602 1937 be;

228 1951 454 2028 λευτὴν,
513 1955 606 2009 τὸν
649 1951 822 2010 παῖδα
876 1959 1164 2032 προσηνῶς
1215 1953 1304 2010 καί
1357 1955 1590 2027 γνησίως
1657 1953 1871 2034 περιϐα-

1964 1957 2145 2037 nigne
2204 1970 2263 2020 et
2313 1969 2588 2022 amanter
2633 1961 2966 2038 complexa,
3020 1961 3122 2042 qui
3176 1963 3598 2026 duodecimum

225 2042 425 2122 λοῦσα,
486 2041 624 2102 οὔτω
691 2041 992 2100 δωδέκατον
1048 2043 1314 2101 ἀνύσαντα
1370 2042 1511 2120 ἔτος,
1562 2048 1622 2104 οὖ
1673 2042 1877 2120 μᾶλλον

225 2131 488 2212 διάδοχον
550 2140 643 2190 τοῦ
684 2133 851 2189 ίκείου
893 2131 1148 2206 πλούτου,
1209 2132 1336 2190 ὅσον
1406 2131 1473 2201 δὴ
1541 2133 1877 2214 κληρονόμον

221 2225 389 2279 αὒτὸν
457 2228 562 2279 τῶν
630 2223 684 2279 ἐν
743 2224 990 2295 οὗρανοῖς
1049 2225 1329 2301 θησαυρῶν
1393 2222 1612 2281 ἔσπευδε
1668 2239 1870 2299 ποιεῖν,

222 2321 449 2371 τοιαῦτα
507 2314 643 2389 μετὰ
692 2310 1036 2390 γλυκυτάτων
1092 2313 1394 2389 ἀσπασμῶν
1438 2315 1580 2388 αὒτῷ
1638 2316 1873 2384 ἐπισκή-

221 2422 462 2460 πτουσαο
523 2403 719 2462 Τέκνον
772 2402 926 2478 ιμὸν,
960 2401 1145 2460 τέκνον
1187 2401 1467 2483 φίλτατον,
1511 2403 1697 2461 τέκνον
1754 2405 1874 2482 πρὶν

217 2494 328 2568 μὲν
381 2493 516 2550 ἰδεῖν
571 2493 666 2550 τὸν
722 2494 815 2549 σὸν
871 2492 1073 2571 πατέρα
1143 2494 1395 2573 ὀρφανίαν
1449 2493 1582 2568 ἱδὸν,
1645 2494 1775 2550 Θεὸν
1819 2493 1874 2550 δὲ

221 2582 437 2661 Πατέρα
485 2581 794 2648 πλουτῆσαν
827 2583 914 2638 καὶ
959 2582 1033 2643 εἷς
1066 2583 1316 2662 εὐτυχίαν
1363 2587 1432 2658 τῇ
1462 2582 1682 2662 ὀρφανίὺ
1720 2603 1866 2662 χρη-

219 2673 484 2746 σάμενον
545 2670 654 2748 ἆγὼ
720 2671 820 2746 μέν
877 2691 937 2726 σε
993 2670 1308 2749 προήγαγον
1365 2669 1600 2751 σώματι,
1647 2673 1872 2751 Χριστὸς

217 2761 279 2818 δὲ
339 2760 426 2818 διὰ
469 2762 777 2835 Πνεύματος
828 2758 1186 2838 ἀπεγέινησε.
1249 2763 1417 2817 Γνῶθι
1467 2763 1559 2817 τὸν
1615 2784 1708 2822 σου
1763 2784 1873 2818 πα-

216 2851 377 2926 τέρα.
437 2851 516 2925 μὴ
547 2851 720 2926 ψεύσῃ
750 2851 811 2906 τὸ
863 2859 957 2908 τοῦ
989 2851 1102 2906 υἷοῦ
1151 2849 1342 2924 ὅνομα’
1397 2854 1608 2928 Χριστῷ
1650 2849 1869 2929 λάτρευι

217 2941 397 3016 μόνῳ,
433 2947 642 3019 Χριστῷ
696 2941 968 3004 πεποιθὼς
1007 2939 1119 2997 ἔσο⁹
1182 2941 1336 3003 οὗτος
1392 2939 1608 3008 ἀληθῶς
1637 2943 1672 3010 ἡ
1730 2941 1866 2998 ἀθα-

215 3031 401 3106 νασία,
435 3032 585 3092 οὗτος
616 3034 652 3101 ἦ
697 3029 959 3107 σωτηρία,
995 3030 1150 3094 οὗτος
1208 3032 1236 3086 ὁ
1286 3028 1355 3086 δι’
1416 3032 1562 3105 ἡμᾶς
1608 3031 1660 3097 ἐξ
1705 3034 1865 3111 οὖρα-

213 3127 312 3177 νοῦ
377 3120 646 3176 κατελθὼν
705 3119 792 3174 καὶ
863 3120 1246 3194 συνανυψώσας
1302 3119 1476 3194 ἑαυτῷ
1545 3123 1632 3177 καὶ
1695 3123 1864 3196 ἡμᾶς,

1963 2047 2227 2109 nondum
2261 2048 2704 2129 compleverat,
2756 2070 2876 2112 non
2925 2052 3118 2129 magis
3165 2071 3299 2114 eum
3356 2071 3597 2115 suarum

1959 2137 2329 2215 facultatum,
2364 2158 2540 2219 quam
2575 2141 2840 2202 thesauri
2871 2143 2973 2222 qui
3007 2149 3097 2202 est
3124 2142 3184 2204 in
3232 2141 3421 2214 cmlis,
3471 2143 3598 2205 hie-

1958 2228 2162 2290 redem
2196 2229 2522 2291 conabatur
2553 2231 2772 2305 facere,
2824 2233 2950 2293 haac
2981 2251 3115 2294 cum
3148 2233 3512 2294 suavissimis
3543 2234 3600 2295 ei

1959 2317 2248 2380 mandans
2278 2319 2700 2400 amplexibus:
2762 2321 2872 2383 Fili
2923 2323 3024 2396 mi,
3079 2321 3160 2382 ﬁli
3216 2323 3592 2397 charissime,

1959 2407 2066 2482 ﬁli,
2103 2407 2202 2488 qui
2234 2409 2399 2489 prius
2429 2428 2607 2489 quam
2644 2419 2809 2472 tuum
2841 2411 3074 2472 videres
3108 2419 3362 2491 patrem,
3396 2412 3597 2473 vidisti

1957 2495 2301 2572 orbitatem,
2329 2497 2436 2560 Dei
2460 2507 2656 2560 autem
2693 2500 2884 2562 Patris
2912 2502 3126 2580 opibus
3169 2518 3233 2560 es
3263 2500 3595 2579 locupleta-

1958 2594 2072 2662 tus,
2108 2595 2167 2648 et
2195 2587 2450 2649 orbitate
2495 2606 2636 2650 usus
2681 2607 2745 2650 es
2773 2589 2845 2650 ad
2895 2589 3285 2661 felicitatem;
3315 2608 3422 2667 ego
3453 2592 3593 2671 qui-

1956 2675 2089 2736 dem
2141 2688 2201 2738 te
2253 2677 2505 2758 produxi
2565 2697 2841 2758 corpore,
2875 2677 3143 2743 Christus
3189 2687 3386 2740 autem
3423 2698 3594 2760 rege-

1955 2767 2184 2827 neravit
2232 2785 2339 2848 per
2395 2765 2706 2847 Spiritum.
2758 2772 3064 2848 Cognosce
3117 2778 3281 2830 tuum
3333 2779 3589 2850 patrem,

1954 2854 2086 2918 vide
2117 2873 2192 2917 ne
2221 2858 2351 2936 ejus
2382 2857 2488 2918 ﬁlii
2518 2857 2929 2920 denominatio
2960 2859 3036 2919 sit
3076 2859 3182 2920 tibi
3215 2859 3360 2920 falso
3391 2862 3592 2940 impo-

1951 2946 2082 3008 sita.
2119 2948 2282 3010 Servi
2317 2945 2430 3008 soli
2462 2948 2724 3021 Christo,
2749 2948 2812 3010 in
2836 2948 3139 3012 Christum
3174 2958 3331 3010 tuam
3363 2949 3594 3012 colloca

1951 3035 2255 3099 fiduciam.
2319 3038 2386 3100 is,
2429 3055 2568 3100 vere
2625 3047 2715 3100 est
2764 3040 3200 3116 immortalitas,
3241 3040 3288 3101 is
3321 3039 3505 3116 salus,
3541 3046 3592 3102 is

1950 3128 2050 3206 qui
2082 3126 2159 3186 de
2185 3127 2337 3188 cmlo
2370 3127 2685 3191 descendit
2736 3137 2981 3210 propter
3025 3148 3157 3205 nos,
3193 3140 3251 3191 et
3283 3147 3393 3191 nos
3434 3149 3592 3211 quo—

213 3211 311 3265 καὶ
368 3210 508 3270 υἱοὺς
539 3211 698 3267 αὕτοῦ
738 3208 827 3263 καὶ
876 3208 1026 3272 θεοὺς
1057 3207 1442 3286 ἐργασάμενος.
1487 3209 1556 3266 ”0
1588 3232 1648 3288 γε
1695 3211 1864 3268 τοίνυν

1959 3234 2066 3297 que
2096 3235 2218 3278 una
2270 3235 2476 3280 secum
2530 3220 2592 3282 in
2642 3207 2825 3281 altum
2848 3207 3136 3295 vextullit,
3177 3228 3234 3280 et
3266 3220 3420 3282 hlios
3449 3207 3591 3283 suos

213 3300 325 3355 ὑπὸ
397 3300 567 3372 τούτῳ
627 3297 877 3373 Δεσπόττ,
921 3298 1270 3372 ταττόμενος,
1321 3299 1536 3354 πάντων
1593 3301 1866 3379 περιέσται

211 3388 327 3444 τῶν
388 3386 673 3467 χαλεπῶν,
707 3388 768 3444 οὒ
823 3389 945 3451 τοὺς
991 3385 1192 3444 εἴδωλα
1247 3388 1409 3464 μόνον
1440 3396 1712 3459 τιμῶντας
1771 3415 1868 3448 τυ-

208 3477 440 3554 ράννους
501 3479 590 3535 καὶ
639 3476 887 3555 βασιλεῖς
933 3475 1310 3550 καταϐάλλων,
1359 3476 1496 3535 ἀλλὰ
1537 3481 1625 3536 καὶ
1679 3480 1866 3545 αὖτοὺς

206 3566 338 3630 τοὺς
415 3563 505 3622 ὑπ’
578 3570 751 3626 αὗτῶν
829 3565 1161 3641 τιμωμένους
1230 3565 1484 3642 δαὶμονας
1557 3571 1864 3649 καταισχύ-

205 3679 346 3728 νων,
381 3657 468 3712 καὶ
525 3657 616 3712 τὸν
677 3656 925 3736 ἀρχηγὸν
973 3655 1147 3712 αὐτῶν
1194 3658 1284 3713 καὶ
1313 3657 1617 3734 προστάτην
1673 3657 1860 3716 διάϐο-

205 3745 332 3805 λον.

300 3834 388 3896 Ε¹.
427 3839 559 3894 Εἶτα
588 3835 785 3910 μεταξὺ
815 3843 919 3891 τῶν
963 3836 1140 3913 λόγων
1169 3834 1584 3904 ὑποπλησθεῖοα
1626 3835 1861 3916 δακρύων

207 3925 338 3986 τοὺς
398 3923 705 4001 ὀφθαλμοὺς
737 3926 825 3981 κᾶὶ
882 3925 1101 4001 θεωρίας
1134 3925 1273 3986 θείας
1334 3926 1435 3981 ὕπὸ
1483 3923 1578 3992 τῆς
1635 3925 1859 4005 χάριτος

205 4012 588 4089 πληρωθεῖσα,
628 4015 714 4069 καὶ
743 4015 806 4070 τὰ
851 4013 1121 4088 μέλλοντα
1175 4011 1439 4088 συμϐἠνοι
1472 4022 1546 4089 τῷ
1593 4013 1863 4088 Κλήμεντι

208 4104 674 4180 τροφητικώτατα
745 4101 964 4180 διεξῄει,
1039 4104 1151 4176 καὶ,
1229 4103 1430 4176 Δέομαί
1497 4126 1615 4177 σου,
1686 4104 1862 4183 ἔλεγε,

1953 3307 2172 3382 eﬂ‘ecit,
2207 3315 2268 3370 et
2297 3309 2464 3370 deos.
2500 3308 2611 3381 Qui
2641 3327 2778 3388 ergo
2811 3307 2953 3371 huic
2985 3318 3152 3388 paret
3177 3309 3456 3386 Domino,
3482 3329 3591 3373 su-

1953 3395 2184 3477 perabit
2223 3415 2600 3478 quascunque
2654 3407 2792 3459 sunt
2839 3398 3128 3474 difficilia,
3191 3418 3311 3460 non
3367 3400 3586 3476 solum,

1949 3487 2051 3562 qui
2079 3486 2403 3549 simulacra
2433 3487 2750 3561 honorant,
2785 3497 3065 3570 tyrannos
3095 3499 3157 3550 et
3187 3507 3362 3568 reges
3393 3489 3594 3570 depri-

1950 3593 2122 3637 mens
2170 3583 2228 3638 et
2273 3577 2591 3656 dejiciens,
2651 3579 2757 3639 sed
2811 3597 2916 3640 eos
2968 3579 3148 3640 etiam
3196 3579 3298 3658 qui
3338 3579 3411 3640 ab
3445 3579 3592 3659 ipsis

1946 3665 2338 3739 honorantur,
2359 3665 2664 3728 daemones
2687 3667 2919 3746 pudore
2943 3667 3231 3742 aiﬂciens,
3254 3685 3590 3750 eorumque

1944 3753 2162 3816 ducem
2199 3763 2257 3816 et
2292 3754 2610 3834 praesidem
2643 3755 2978 3818 diabolum.

2022 3841 2340 3906 V.Deinde
2358 3846 2517 3907 inter
2534 3844 2902 3926 loquendum
2928 3844 3133 3908 oculos
3151 3847 3376 3909 suﬂ‘usa
3399 3847 3594 3927 lacry-

1948 3931 2082 4007 mis,
2117 3941 2176 3995 et
2196 3933 2396 3994 divina
2419 3934 2924 4014 contemplatione
2948 3934 3194 4014 impleta
3215 3953 3246 3995 a
3277 3935 3489 4014 gratia,
3515 3954 3588 3999 ea

1947 4022 2131 4084 etiam
2165 4041 2296 4103 quas
2328 4031 2496 4085 erant
2526 4035 2812 4086 eventura
2835 4024 3154 4098 Clementi,
3183 4025 3584 4108 persequitur,

1948 4112 2040 4174 vel
2067 4111 2326 4174 maxime
2359 4113 2706 4193 prophetice
2736 4137 2751 4192 ;
2787 4122 2866 4188 et,
2903 4115 3072 4191 Rogo
3097 4126 3179 4189 te,
3215 4113 3474 4196 dicebat,
3503 4115 3588 4178 fili

209 4193 435 4271 φίλτατε
495 4206 623 4262 παῖ,
682 4194 860 4268 ὁὲομοί
916 4215 1006 4249 σου
1065 4193 1188 4268 μίαν
1245 4193 1360 4250 ἀντὶ
1418 4194 1630 4250 πάντων
1691 4192 1868 4252 δοῦναί

1959 4201 2326 4275 charissime,
2349 4192 2495 4282 rogo
2513 4210 2594 4277 te,
2620 4211 2684 4264 ut
2707 4203 2851 4264 mihi
2884 4203 2992 4265 des
3013 4221 3186 4264 unam
3210 4192 3586 4286 gratiam'pro

215 4303 312 4353 μοι
370 4283 554 4360 χάριν
613 4282 858 4361 ἕπεὶγέιρ
918 4284 1103 4358 καιρὸς
1161 4281 1423 4362 ἐφέστηκε
1481 4282 1749 4363 χαλεπὸς,
1777 4289 1865 4343 καὶ

1959 4290 2249 4354 omnibus.
2277 4281 2568 4364 Quoniam
2594 4293 2752 4355 enim
2777 4294 2957 4354 instat
2977 4281 3498 4373 tempus'difﬁcile,
3527 4305 3589 4360 et

210 4369 382 4427 δεινὸν
441 4373 468 4428 ὁ
499 4377 594 4437 τῆς
645 4369 889 4436 ἀσεϐείας
935 4385 1062 4428 πνεῖ
1110 4369 1368 4452 διωγμὸς,
1405 4372 1618 4448 μέλλεις
1664 4375 1718 4430 δὲ
1776 4378 1863 4432 καὶ

1959 4381 2332 4443 vehementer
2352 4381 2537 4463 spirat
2558 4381 2885 4464 impietatis
2912 4369 3273 4464 persecutio;
3297 4402 3362 4446 es
3383 4369 3585 4450 autem

215 4462 397 4540 αὒτὸς,
432 4463 606 4524 καθὼς
661 4464 689 4518 ὁ
719 4463 978 4539 ἡμέτερος
1036 4462 1314 4528 Δεσπότης
1345 4485 1527 4543 φησὶν,
1575 4464 1668 4520 ἐπί
1698 4466 1860 4542 βασι-

1969 4489 2077 4550 pse
2106 4488 2368 4551 quoque,
2395 4462 2481 4532 ut
2523 4462 2726 4534 noster
2766 4462 2922 4534 dicit
2958 4472 3271 4546 Dominus,
3306 4475 3380 4536 ad
3412 4494 3587 4556 reges

213 4548 333 4614 λετς
393 4549 461 4605 δι’
519 4551 680 4607 αὺτὸν
737 4553 826 4606 καὶ
886 4553 1158 4627 ἡγεμόνας
1216 4551 1478 4631 ἀχθῆναι,
1536 4554 1756 4628 ταύτην,
1811 4559 1858 4611 ὦ

256 4639 265 4652 .
461 4639 473 4656 .
559 4641 573 4656 .
631 4638 668 4656 κ.
786 4640 801 4656 ε
1000 4644 1008 4656 .
1125 4639 1150 4656 η
1457 4643 1467 4656 .
1595 4644 1606 4656 .
1665 4642 1680 4656 ι
1803 4649 1816 4656 -

1959 4548 2186 4640 iropter
2215 4548 2410 4639 ipsum
2447 4563 2854 4656 praesidesque
2883 4562 3220 4656 ducendus,
3253 4563 3411 4656 hunc
3437 4548 3587 4628 mihi

211 4639 419 4712 τέκνον,
457 4639 576 4712 ἐμοὶ
625 4638 715 4704 δὸς
748 4640 846 4707 τὴν
891 4644 1082 4715 τιμὴν,
1115 4639 1254 4696 ὥστε
1287 4643 1543 4717 γενναίως
1590 4642 1719 4720 ὑπὲρ
1765 4649 1856 4703 αὖ·

210 4735 303 4786 τοῦ
359 4734 573 4802 στῆναι,
608 4731 694 4785 καὶ
725 4729 941 4810 ἀσφαλῆ
986 4729 1070 4786 διὰ
1099 4729 1286 4795 τέλους
1331 4731 1564 4808 τηρῆσαί
1608 4756 1698 4809 μοι
1757 4736 1855 4803 τὴν

211 4817 526 4896 ὁμολογίαν
591 4819 934 4877 καὶπὲποιθα
991 4819 1076 4876 ἐπὶ
1121 4823 1198 4894 τῷ
1249 4819 1365 4894 ἰμῷ
1409 4827 1643 4898 Χριστῷ,
1691 4823 1854 4898 μέλος

208 4908 340 4983 ἐμὸν
394 4907 646 4982 πέποιθα,
683 4908 765 4966 ὅτι
795 4909 892 4967 καί
923 4917 991 4986 τῇ
1023 4916 1093 4985 σῇ
1149 4914 1357 4987 κεγαλῇ
1389 4911 1607 4990 ταχέως
1639 4915 1666 4969 ὁ
1716 4937 1854 4993 μαρ-

209 4999 418 5076 τυρικὸς
463 4996 749 5067 ἰπανθήσει
804 4999 1090 5078 στέφανος.
1134 4999 1418 5072 Ἐτοίμαζε
1474 5000 1562 5057 οὖν
1608 5007 1851 5080 σεαυτὸν,

207 5088 294 5143 καὶ
341 5087 472 5164 πρὸς
515 5086 752 5164 ἀνδρείαν
786 5088 979 5166 ἐρέθιζε
1010 5091 1109 5156 τὴν
1166 5090 1374 5166 ψυχὴν,
1409 5089 1555 5155 ὅπως
1599 5093 1676 5166 μὴ
1705 5093 1852 5152 ἀπα-

209 5177 464 5253 ράσκευος
509 5179 638 5254 πρὸς
692 5179 812 5239 τοὺς
867 5177 1079 5255 ἀγῶνας
1148 5176 1386 5257 ληφθῇς.
1433 5174 1505 5235 Οὖ
1564 5181 1664 5258 γὰρ
1721 5187 1852 5260 πρὸς

208 5265 328 5328 τοός
384 5267 671 5345 τυχόντας,
720 5265 838 5324 οὐδὲ
895 5267 1022 5345 ὅπερ
1078 5273 1184 5322 τῶν
1240 5267 1522 5346 τυχόντων
1581 5271 1613 5338 ἡ
1675 5274 1848 5349 πάλη,

210 5353 346 5410 ἄλλα
379 5358 508 5432 πρὸς
557 5357 657 5431 μὲν
703 5357 1101 5435 ἀνταγωνιστὰς
1161 5357 1252 5412 τὸν
1285 5359 1519 5434 πονηρὸν
1550 5359 1708 5417 αὖτὸν
1766 5368 1854 5423 καὶ

210 5443 328 5505 τοὺς
384 5445 722 5511 ὑπασπιστὰς
754 5445 954 5503 ἐκείνου
1005 5447 1089 5502 καθ
1140 5443 1433 5522 ὑπηρέτας·
1470 5447 1601 5527 ὑπὲρ
1642 5452 1852 5511 αἰωνίου

287 5660 366 5735 t2)
406 5661 626 5738 κλῆμα,
662 5660 968 5745 palmitem
1002 5659 1320 5742 signiticet,
1353 5669 1418 5725 ut
1439 5669 1582 5728 ante
1613 5669 1924 5754 scriptum.

1940 4649 2230 4710 honorem
2261 4650 2668 4725 concede,fili,
2687 4660 2750 4713 ut
2767 4671 2872 4733 pro
2895 4653 3028 4732 ipso
3050 4667 3172 4715 stes
3189 4653 3353 4717 fortis
3370 4664 3588 4718 etstre-

1940 4758 2113 4810 nuus,
2139 4746 2198 4800 et
2223 4739 2369 4800 mihi
2413 4741 2642 4802 firmam
2669 4760 2738 4804 ac
2770 4743 3056 4806 stabilem
3084 4763 3412 4809 conserves
3434 4766 3583 4810 con-

1939 4826 2297 4890 fessionem:
2325 4829 2630 4891 etconfido
2659 4831 2719 4892 in
2744 4831 2981 4894 Christo
3007 4850 3214 4909 meo,o
3243 4834 3581 4898 membrum

1941 4935 2162 5007 meum,
2185 4918 2447 4993 confido,
2471 4921 2629 5000 quod
2654 4921 2774 4982 cito
2802 4923 2860 4983 in
2885 4933 2984 4984 tuo
3007 4943 3243 5005 quoque
3264 4926 3459 5007 capite
3480 4928 3586 4989 ﬂo-

1937 5005 2097 5068 rebit
2137 5025 2362 5069 corona
2409 5011 2696 5090 martyrii.
2745 5013 2894 5073 Para
2927 5031 3068 5090 ergo
3105 5005 3386 5094 teipsum,
3417 5023 3478 5078 et
3505 5017 3578 5076 ad

1941 5095 2140 5175 magni
2172 5097 2356 5157 animi
2386 5104 2667 5162 virtutem
2702 5109 2861 5162 tuam
2897 5103 3082 5165 incita
3111 5111 3396 5180 animam,
3430 5111 3580 5166 nete

1938 5187 2296 5267 imparatum
2329 5189 3003 5256 olfendantcertamina.
3029 5196 3163 5257 Non
3187 5194 3350 5255 enim
3370 5193 3582 5257 adver-

1936 5298 2037 5342 sus
2067 5281 2272 5343 hostes
2305 5286 2804 5362 contemnendos,
2830 5305 3028 5368 neque
3051 5286 3126 5349 de
3145 5286 3324 5348 rebus
3345 5286 3581 5352 levibus

1937 5369 2554 5459 estdecertatio.Sed
2590 5383 2735 5437 sunt
2781 5375 3108 5439 adversarii
3159 5375 3399 5457 quidem
3451 5378 3579 5459 ipse

1937 5457 2255 5538 malignus,
2290 5461 2577 5544 illiusque
2609 5463 2867 5530 ministri
2901 5474 2962 5530 et
2987 5467 3274 5531 satellites
3316 5483 3330 5529 :
3383 5457 3580 5549 agitur
