4104 6198
399 364 520 444 819
1689 375 1972 442 MENSIS
2018 375 2468 442 JANUARIUS.
3661 365 3778 434 820

407 511 610 574 autem
634 509 710 573 de
737 510 854 574 vita
874 520 1100 574 aeterna
1123 517 1182 572 et
1202 510 1454 583 honore,
1479 515 1582 571 aut
1602 526 1808 570 rursus
1839 509 1915 571 de
1945 509 2018 572 de
2035 544 2051 557 -

2148 508 2188 566 ΒΞ
2220 516 2365 581 ζωῆς
2395 512 2484 569 καὶ
2526 515 2717 585 τιμῆς,
2751 508 2786 577 ἢ
2817 509 3095 588 αἰσχύνης·
3143 504 3303 563 πάλιν
3335 505 3424 562 καὶ
3481 502 3780 572 ἀτελευτή-

403 597 650 680 decore,
665 601 823 681 quod
838 617 1142 680 nunquam
1157 598 1514 661 terminatur
1527 609 1584 660 et
1598 598 1917 680 supplicio.
1935 599 2052 664 Aut

2148 608 2224 658 ποῦ
2282 599 2557 664 κολάσεως
2604 601 2632 655 ὁ
2663 598 2834 678 ἁγών,
2881 597 2966 655 ’Ἡ
3007 597 3184 654 τοίνυν
3224 597 3291 651 τᾶ
3330 595 3593 675 χρήματα
3644 614 3778 672 προ-

405 706 549 769 ergo
581 696 638 752 te
669 688 824 752 bona
854 689 1277 764 adhortantur,
1307 698 1406 750 aut
1434 689 1636 767 gravia
1677 689 2047 753 deterreant.

403 777 602 858 Turpe
633 785 747 854 est,
779 797 815 840 ο
846 779 953 854 ﬁli,
989 779 1209 842 milites
1240 779 1484 860 quidem
1532 798 1640 860 pro
1670 798 1960 843 conservo
1994 791 2052 841 et

405 866 646 930 mortali
670 885 814 947 rege
841 868 1125 932 lubenter
1148 877 1404 932 mortem
1435 878 1749 950 oppetere,
1781 888 1890 931 nos
1912 888 2049 931 vero

405 973 526 1019 non
543 956 657 1020 hoc
678 957 833 1021 velle
855 959 1136 1022 similiter
1158 958 1364 1022 subire
1387 978 1492 1040 pro
1515 961 1682 1037 Rege
1703 958 2047 1021 immortali.

409 1045 786 1128 Quamquam
819 1047 935 1130 ipsi
974 1049 1218 1129 quidem
1268 1048 1342 1111 ab
1403 1068 1471 1110 eo
1529 1049 1673 1110 nihil
1727 1048 2050 1128 accipiunt,

405 1134 941 1219 quodrespondeat
963 1139 1192 1202 meritis
1215 1146 1393 1199 tantae
1413 1137 1862 1200 benevolentia}.
1886 1138 2051 1211 Quod

405 1224 569 1289 enim
600 1225 824 1290 donum
861 1229 1008 1292 tanti
1041 1237 1133 1291 est
1166 1229 1479 1300 momenti,
1515 1228 1724 1305 quanti
1755 1226 1924 1288 vita?
1956 1237 2057 1289 aut

403 1314 678 1398 quisnam
709 1327 844 1398 post
875 1327 1129 1380 mortem
1164 1328 1252 1379 est
1271 1336 1484 1380 sensus
1509 1335 1745 1389 eorum,
1783 1336 1915 1398 quae
1946 1316 2044 1377 do-

407 1405 677 1471 nantur?
707 1405 822 1470 Sed
857 1409 906 1470 si
939 1421 1209 1472 mortuus
1253 1408 1441 1470 fueris
1473 1427 1579 1489 pro
1611 1405 1851 1469 Christo
1884 1425 2052 1468 com-

406 1497 576 1558 muni
605 1498 872 1560 omnium
898 1498 1175 1572 Domino,
1213 1517 1320 1578 pro
1350 1497 1467 1559 vita
1505 1515 1635 1577 qua;
1666 1506 1756 1559 est
1784 1497 1856 1558 ad
1894 1506 2046 1556 tem-

406 1603 541 1666 pus,
590 1585 836 1648 habebis
875 1587 1275 1649 immortalem
1312 1608 1328 1662 ;
1372 1605 1477 1667 pro
1511 1586 1746 1648 deliciis
1778 1595 1835 1647 et
1865 1583 2052 1665 gloria

408 1681 467 1739 et
493 1694 627 1758 quae
655 1694 899 1757 semper
919 1677 1111 1739 ﬂuunt
1140 1677 1388 1753 divitiis,
1413 1683 1637 1739 aeterna
1659 1677 1875 1736 frueris
1904 1673 2050 1736 bea-

407 1764 692 1829 titudine.
727 1766 880 1840 Quid
911 1767 1100 1831 vero?
1151 1767 1265 1829 etsi
1316 1786 1472 1827 nunc
1527 1784 1647 1827 non
1701 1764 2050 1836 moriamur,

409 1873 531 1918 non
562 1855 738 1934 paulo
783 1864 915 1936 post
968 1856 1212 1916 omnino
1265 1858 1614 1924 moriemur,
1671 1862 1728 1916 et
1777 1853 2290 1931 omnibusBpsv;

414 1961 734 2005 commune
781 1945 1109 2007 reddemus
1155 1943 1479 2006 debitum?
1536 1943 1604 2005 Et
1652 1944 1875 2024 alioqui
1925 1963 2058 2023 qua:

417 2041 665 2114 propter
694 2035 994 2097 Christum
1031 2053 1191 2096 mors
1223 2034 1572 2115 suscipitur,
1608 2052 1682 2095 ne
1727 2052 1888 2095 mors
1920 2033 2054 2113 qui-

415 2121 552 2185 dem
603 2125 744 2201 jure
801 2125 1263 2187 existimabitur.
1297 2127 1548 2205 Semper
1595 2126 1757 2185 enim
1811 2124 2060 2185 meliore

417 2230 526 2294 spe
554 2213 916 2290 futurorum,
952 2217 1081 2296 ejus
1102 2234 1316 2278 sensus
1349 2215 1661 2279 adimitur.

495 2305 596 2367 VI.
629 2304 784 2367 Ante
815 2307 1014 2369 omnia
1035 2315 1258 2382 autem,
1287 2325 1319 2367 o
1344 2306 1450 2373 fili,
1489 2305 1586 2366 illa
1617 2315 1753 2366 sunt
1785 2305 2059 2368 conside-

2136 691 2394 769 τρεπέτω,
2429 690 2465 758 ἢ
2521 689 2754 746 πτοείτω
2809 709 2869 744 σε
2911 688 2979 744 τὰ
3034 683 3206 745 δεινά.
3267 685 3521 764 Αίσχρὸν,
3553 683 3600 740 ὦ
3656 694 3780 768 παῖ,

2136 781 2464 851 στρατιώτας
2536 779 2636 855 μὲν
2689 778 2820 855 ὑπὲρ
2866 775 3161 854 ὁμοδούλου
3230 777 3321 833 καὶ
3374 779 3569 841 θνητοῦ
3626 773 3784 851 βασι-

2135 869 2274 935 λέως
2331 869 2609 935 ἐθέλοντας
2643 869 3024 946 ἀποθνήσκειν,
3059 869 3205 942 ἡμᾶς
3265 864 3321 922 δὲ
3349 864 3428 940 μή
3457 867 3550 921 τοῦ
3605 883 3783 940 παρα-

2139 959 2381 1026 πλησίως
2439 957 2636 1024 εθέξειν
2695 958 2826 1036 ὑπὲρ
2895 958 3156 1015 ἀθανάτου
3227 954 3500 1017 Βασιλέως
3562 954 3785 1031 Emicu-

2141 1054 2282 1111 σθαι.
2349 1050 2530 1107 Καίτοι
2574 1049 2720 1105 αὒτοὶ
2764 1049 2863 1123 μὲν
2892 1045 3040 1104 οὐδὲν
3096 1045 3221 1124 παρ’
3271 1045 3472 1102 ἐκείνου
3527 1044 3787 1106 τοιαύτης

2142 1141 2342 1201 suac-Tac
2389 1133 2872 1209 ἀντιλαμϐάνουσιν
2926 1135 3094 1202 ἄξιονα
3148 1137 3226 1196 τίς
3279 1135 3380 1213 γὰρ
3430 1138 3572 1205 ζωῆς
3616 1129 3792 1208 ἀντιρο

2137 1230 2299 1307 ῥοπος
2331 1227 2531 1306 δωρεάς
2568 1244 2584 1300 ;
2636 1228 2671 1296 ἢ
2726 1228 2850 1283 ποία
2896 1233 3002 1282 τῶν
3044 1224 3339 1299 διδομένων
3383 1223 3518 1298 μετὰ
3565 1222 3790 1281 θάνατον

2140 1319 2436 1393 αἴσθησις;
2487 1317 2588 1374 ’Ἂν
2619 1315 2674 1372 δὲ
2719 1317 2848 1391 ὑπὲρ
2891 1319 2985 1373 τοῦ
3027 1321 3209 1371 κοινοῦ
3256 1312 3530 1370 Δεσπότου
3576 1313 3791 1368 πάντων

2136 1408 2409 1483 ἀποθάνῃς
2459 1414 2713 1484 Χριστοῦ,
2765 1407 2877 1462 ἐιντἱ
2936 1405 3261 1482 προσκαίρου)
3315 1405 3482 1476 ζωῆς,
3534 1401 3792 1458 ἆθάνατον

2137 1496 2290 1562 ἒξεις⁶
2342 1497 2465 1552 ἀντὶ
2507 1502 2730 1576 τρυφῇς,
2781 1497 2868 1552 καὶ
2916 1493 3097 1568 δόξης,
3128 1495 3218 1549 καὶ
3271 1496 3504 1550 πλούτου
3549 1491 3784 1570 ῥέοντος,

2137 1589 2350 1644 αἳωνίου
2405 1590 2834 1664 κατατρυφῆσεις
2869 1586 3289 1663 μακαριότητος.
3341 1585 3397 1641 Τί
3439 1581 3544 1655 δέ;
3605 1583 3649 1638 εἷ
3703 1573 3791 1637 καί

2137 1680 2215 1751 μὴ
2275 1684 2362 1733 νῦν
2419 1677 2796 1751 ἀποθάνωμεν,
2845 1679 2907 1734 οὗ
2963 1674 3084 1750 μετ’
3143 1673 3326 1751 ὀλίγον
3375 1677 3587 1736 πάντως
3647 1671 3786 1726 ἀπο-

2137 1768 2460 1840 θανούμεθα,
2512 1766 2609 1822 καί
2670 1766 2769 1834 τὴν
2827 1765 3013 1832 κοινὴν
3075 1770 3230 1826 πᾶσις
3291 1760 3481 1842 ὀφειλὴ
3535 1762 3790 1817 ἆποτὶσου

2349 1855 2566 1920 ’Ἄλλως
2623 1877 2680 1911 τε
2746 1854 2823 1928 δὲ,
2873 1856 2963 1911 καὶ
3021 1855 3054 1922 ἡ
3127 1853 3211 1910 διὰ
3270 1854 3494 1930 Χριστὸν
3543 1850 3787 1924 τελευτὴ,

2141 1945 2257 2004 οῦδὲ
2320 1947 2545 2009 θάνατος
2595 1946 2656 2002 ἂν
2725 1943 2944 2008 εἰκότως
2994 1944 3284 2018 νομίζοιτο*
3331 1948 3398 2018 τῇ
3455 1941 3794 2021 χρηστοτέρᾳ

2143 2039 2241 2115 γὰρ
2287 2037 2366 2093 ἀεὶ
2411 2042 2516 2091 τῶν
2550 2035 2861 2110 μελλόντων
2906 2032 3098 2113 ἐλπίδι,
3133 2033 3506 2108 χλεπτομένην
3536 2030 3656 2111 ἔχει
3694 2032 3794 2096 τὴν

2145 2129 2417 2194 αἴσθησιν.

2223 2309 2325 2382 ς’,
2393 2310 2500 2386 Πρὸ
2529 2306 2584 2364 δὲ
2641 2309 2879 2378 πάντων,
2915 2307 2960 2363 ὦ
3002 2304 3211 2375 τέκνον,
3247 2304 3432 2361 ὶκεῐνα
3486 2303 3794 2380 λογίσασθαι

415 2392 629 2469 randa,
687 2395 1193 2476 quemadmodum
1251 2396 1381 2476 ipse
1443 2395 1704 2457 Effector
1769 2396 2059 2459 universa:

2148 2403 2278 2478 χρὴ,
2315 2398 2462 2462 ὅπως
2512 2399 2668 2463 aia-.5;
2700 2398 2728 2454 ὁ
2782 2397 2961 2463 πάσης
2995 2396 3091 2464 τῆς
3123 2395 3350 2458 κτίσεως
3410 2394 3649 2460 Ποιητὴς
3707 2393 3797 2448 καὶ

419 2489 636 2546 creatae
675 2492 924 2558 naturae,
968 2496 1025 2547 et
1055 2485 1241 2548 nostri
1267 2486 1508 2564 generis
1548 2485 1770 2566 opifex,
1814 2494 2059 2567 propter

2148 2499 2235 2547 τοῦ
2293 2489 2553 2564 ἡμετέρου
2609 2489 2792 2565 γένους
2851 2485 3200 2564 δημιουργὸς,
3257 2482 3532 2561 ἅνθρωπος
3586 2483 3800 2561 ἐγένετο

419 2590 532 2636 nos
561 2572 740 2636 homo
773 2574 960 2637 factus
990 2584 1080 2638 est
1113 2595 1126 2636 :
1163 2588 1224 2637 et
1254 2594 1387 2637 cum
1422 2575 1482 2636 in
1519 2585 1738 2638 terram
1773 2577 2055 2649 venisset,

2148 2578 2209 2635 δι’
2269 2581 2438 2653 ἡμᾶς,
2473 2578 2572 2635 καὶ
2621 2578 2706 2634 ἐπὶ
2736 2577 2836 2656 γῆς
2895 2575 3060 2633 ἐλθὼν
3105 2588 3222 2639 τοϊς
3268 2575 3564 2653 ἀνθρώποις
3608 2595 3801 2629 συναν-

419 2672 806 2726 conversatus
835 2672 926 2726 est
955 2684 1090 2727 cum
1126 2664 1495 2729 hominibus.
1533 2664 1649 2727 Cur
1669 2684 1788 2726 non
1821 2666 1955 2728 dico
1975 2667 2057 2743 id,

2148 2668 2447 2747 εστρέφετο.
2483 2671 2542 2726 Τί
2583 2668 2662 2743 μὴ
2692 2666 2835 2744 λέγω
2864 2668 2924 2722 τὸ
2976 2672 3190 2741 μεῖζον,
3223 2664 3303 2720 ὅτι
3347 2664 3436 2720 καί
3463 2665 3595 2743 ὑπὲρ
3641 2665 3800 2738 ἡμῶν

418 2752 576 2836 quod
616 2762 708 2817 est
743 2758 1088 2831 maximum,
1121 2755 1278 2836 quod
1313 2773 1418 2836 pro
1463 2753 1636 2816 nobis
1678 2774 1914 2836 quoque
1965 2757 2059 2817 in—

2148 2765 2249 2816 τῶν
2307 2758 2638 2837 ἀγνωμόνων
2695 2759 2912 2814 οίκετιῦν
2946 2759 2973 2813 ὁ
3035 2755 3318 2822 Δεσπότης
3375 2753 3602 2812 θάνατον
3659 2775 3797 2810 κατ-

421 2843 603 2924 gratis
631 2843 865 2907 famulis
897 2846 1188 2908 Dominus
1232 2852 1424 2907 morte
1475 2852 1564 2906 est
1603 2846 2058 2920 condemnatus,

2148 2850 2406 2927 εκρίνετο,
2456 2849 2554 2906 καί
2611 2849 2896 2905 ἐνεπτύετο
2956 2848 3044 2904 καὶ
3099 2845 3425 2925 ἒῤῥαπίζετο,
3479 2847 3568 2902 καὶ
3611 2844 3793 2923 τέλος,

421 2942 777 3012 consputus,
809 2934 1080 3015 colaphis
1124 2935 1388 3016 pulsatus
1439 2942 1496 2995 et
1539 2942 1844 3013 postremo
1897 2954 2059 2997 mor-

2148 2942 2369 3006 ἕθνησκε
2404 2961 2421 3013 ;
2481 2941 2570 2997 καὶ
2601 2946 2763 2996 ταῦτα
2802 2938 2998 3017 πάντα,
3031 2935 3101 2993 δι’
3130 2939 3275 3013 ἡμᾶς
3333 2937 3421 2992 καὶ
3448 2934 3550 3002 τὴν
3607 2958 3797 3001 σωτη-

423 3027 604 3084 tuus?
632 3023 706 3086 Et
736 3023 860 3085 haec
902 3025 1102 3086 omnia
1143 3025 1270 3105 ipse
1312 3042 1517 3104 passus
1559 3034 1646 3084 est
1680 3033 1925 3104 propter
1956 3044 2065 3086 nos

426 3118 484 3174 et
501 3118 764 3174 nostram
781 3114 1060 3191 salutem,
1081 3126 1151 3177 ut
1172 3122 1393 3196 peccati
1416 3114 1752 3176 solveretur
1772 3116 2059 3194 tyrannis,

428 3205 496 3264 ut
544 3200 708 3281 prior
758 3203 1068 3266 tolleretur
1117 3203 1570 3278 condemnatio,
1616 3211 1678 3264 ut
1715 3204 1849 3265 εωιί
1883 3212 2065 3284 portae

424 3288 601 3353 nobis
650 3310 859 3355 rursus
923 3295 1324 3371 aperirentur.
1377 3293 1686 3366 Quomodo
1741 3311 1883 3371 ergo
1944 3312 2062 3354 non

427 3380 653 3444 erimus
681 3383 854 3445 venia
885 3383 1141 3464 indigni,
1176 3402 1210 3444 ο
1243 3383 1347 3455 tili,
1399 3383 1450 3444 si
1495 3383 1624 3462 ipse
1673 3382 1919 3463 quidem
1955 3401 2062 3463 pro

424 3469 621 3548 nobis,
654 3472 756 3553 qui
785 3473 1136 3552 gravissima
1172 3471 1669 3553 perpetravimus,
1715 3472 1882 3552 isque
1927 3491 2062 3534 cum

427 3559 506 3623 sit
534 3560 844 3636 Dominus,
870 3562 1008 3626 talia
1033 3580 1243 3644 passus
1272 3563 1349 3625 sit
1375 3580 1391 3640 ;
1427 3580 1533 3623 nos
1555 3570 1753 3624 autem
1779 3580 1855 3623 ne
1879 3580 2064 3642 pauca

424 3649 665 3732 quidem
690 3663 935 3733 propter
965 3653 1132 3715 illum
1165 3653 1606 3715 susstineamus
1627 3658 1655 3714 ‘2
1685 3650 1849 3723 Haec,
1885 3672 1918 3712 ο
1953 3652 2060 3726 fili,

423 3739 764 3818 considera,
797 3751 855 3804 et
885 3743 1034 3805 nihil
1068 3751 1126 3805 te
1156 3753 1394 3824 separet
1423 3761 1455 3803 a
1489 3743 1784 3804 cliaritate
1817 3742 2061 3810 Christi.

422 3847 544 3892 non
571 3831 749 3894 minae
781 3834 1126 3913 praesidum,
1169 3851 1286 3894 non
1317 3841 1615 3894 tormenta
1645 3850 1713 3892 ac
1747 3830 2061 3911 supplicia,

422 3929 752 3984 nonmetus
775 3941 1008 4001 regum,
1026 3923 1125 4004 qui
1148 3931 1289 3984 sunt
1306 3922 1380 3982 ad
1405 3931 1659 4000 tempus,
1693 3940 1951 3998 quorum
1976 3921 2063 3982 ira

424 4008 544 4072 cito
557 4008 930 4074 deciditcum
952 4011 1306 4091 supercilio,
1324 4019 1382 4071 et
1399 4009 1556 4088 ignis
1577 4011 2067 4085 exstinguitur,et

422 4099 588 4161 ensis
607 4099 886 4179 rubigine
909 4101 1251 4163 obducitur:
1279 4099 1383 4160 sed
1403 4098 1597 4178 potius
1611 4107 1666 4159 te
1684 4100 2068 4160 consolentur

422 4186 605 4269 bona,
637 4207 772 4267 quae
800 4199 940 4251 sunt
971 4199 1173 4269 parata
1204 4188 1587 4270 martyribus,
1627 4197 1685 4250 et
1717 4189 1932 4250 malum
1968 4189 2063 4268 ip-

423 4294 582 4352 sum,
615 4277 774 4358 quod
803 4287 891 4341 est
916 4278 1018 4340 tibi
1045 4279 1412 4359 propositum
1441 4279 1750 4359 praamium
1777 4279 2062 4358 martyrii.

504 4364 630 4430 VII.
662 4365 802 4429 Haec
831 4368 1101 4449 quotidie
1130 4376 1322 4429 mater
1344 4368 1399 4429 ei
1429 4367 1808 4447 suggerebat,
1843 4378 1909 4428 ut
1937 4387 2070 4449 qua:

424 4458 580 4537 ejus,
611 4457 877 4538 quivere
907 4467 998 4518 est
1023 4458 1337 4538 sapientia,
1371 4459 1657 4540 Spiritum
1693 4458 1939 4520 haberet
1963 4476 2070 4538 per

421 4566 490 4611 se
505 4548 877 4629 loquentem,
903 4568 1038 4610 cum
1066 4551 1343 4632 puerjam
1370 4558 1528 4612 esset
1549 4568 1731 4613 canus
1751 4550 2069 4630 prudentia

2147 3031 2260 3106 ρίαν
2304 3030 2404 3094 την
2473 3028 2737 3105 ἡμετέραν
2794 3029 2952 3091 αῦτὸς
3018 3026 3255 3106 ἔπασχε,
3301 3024 3447 3090 ὅπως
3514 3024 3644 3101 λυθῇ
3693 3031 3796 3091 τῆς

2147 3120 2408 3196 ἁμαρτίας
2478 3120 2511 3186 ἦ
2589 3119 2851 3197 ἐυραννὶς,
2923 3116 3068 3182 ὅπως
3127 3119 3161 3185 ἡ
3235 3116 3464 3195 προτέρα
3533 3113 3794 3181 καταδίιη

2107 3209 2417 3298 ιᾶναιρεθῇ,
2479 3207 2624 3272 ὅπως
2683 3208 2977 3286 ἀνοιγῶσιν
3034 3209 3171 3282 ἡμῖν
3225 3208 3314 3264 καὶ
3371 3206 3532 3263 πάλιν
3575 3204 3800 3283 οὖρανου

2147 3298 2330 3359 πύλαι.
2387 3300 2506 3360 Πῶς
2564 3298 2648 3354 οὖν
2712 3300 2806 3355 οὐκ
2856 3297 3249 3376 ἀσύγγνωστοι,
3281 3296 3328 3353 ὦ
3374 3297 3586 3369 τέκνον,
3639 3297 3796 3352 αὖτὸν

2148 3389 2246 3464 μὲν
2305 3388 2434 3466 ὑπὲρ
2483 3390 2640 3461 ἡμῶν
2679 3391 2785 3443 τὼν
2829 3388 2894 3442 τὰ
2925 3388 3194 3456 ἀνήκεστα
3236 3385 3677 3464 τετολμηκότων,
3711 3378 3799 3440 καὶ

2144 3488 2310 3538 ταῦτα
2347 3476 2628 3543 Δεσπότην
2679 3476 2827 3557 ὄντα,
2862 3477 3078 3534 τοιαῦτα
3127 3480 3342 3548 πσθεϊν,
3377 3478 3522 3552 ἡμᾶς
3552 3474 3608 3532 δὲ
3659 3473 3796 3549 μηδέ

2147 3566 2299 3645 ὀλίγα
2329 3565 2398 3623 δι’
2428 3566 2637 3623 ἐκεῖνον
2667 3569 2984 3642 ὕπειιεγκεῒν
3019 3587 3035 3637 ;
3082 3573 3270 3641 ταῦτα,
3302 3567 3348 3622 ὦ
3395 3580 3522 3643 παῖ,
3557 3565 3792 3642 λογίζου,

2147 3660 2233 3714 καὶ
2293 3655 2459 3724 μηδεν
2497 3680 2553 3713 σε
2606 3663 2707 3724 τῆς
2737 3657 2957 3735 ἀγάπης
3012 3656 3228 3734 χωρίσῃ
3257 3661 3355 3722 τῆς
3387 3665 3481 3714 τοῦ
3541 3663 3790 3731 Χριστοῦ,

2149 3749 2226 3821 μὴ
2284 3746 2505 3803 ἀπειλαὶ
2563 3747 2871 3825 ἡγεμόνιον,
2911 3749 2989 3821 μὴ
3046 3747 3308 3820 αἷκισμοὶ,
3356 3745 3435 3819 μὴ
3478 3743 3632 3822 φόϐοι
3688 3749 3796 3798 τῶν

2148 3839 2485 3916 προσκαὶρων
2534 3839 2737 3893 τούτων
2769 3833 3057 3912 βασιλέων,
3103 3838 3179 3891 ὧν
3233 3836 3261 3890 ὁ
3317 3837 3480 3910 θυμὸς
3517 3835 3654 3909 μετᾶ
3698 3832 3793 3900 τῆς

2149 3929 2337 4007 ὀφρύος
2371 3928 2646 4006 ταχύτατα
2673 3928 2879 4004 πίπτει,
2913 3926 3000 3982 καὶ
3030 3927 3092 3981 τὸ
3139 3925 3240 3996 πῦρ
3273 3922 3570 4004 σϐέννυται,
3602 3926 3690 3981 καὶ
3735 3926 3796 3980 τὸ

2148 4017 2288 4095 ξίφος
2340 4019 2532 4074 ἱοῦταιο
2566 4014 2705 4071 ἆλλά
2758 4036 2817 4071 σε
2849 4017 2913 4070 τὰ
2969 4015 3341 4090 ἦτοιμασμὲνα
3395 4029 3514 4079 τοῖς
3573 4015 3797 4091 μάρτυσι

2149 4106 2354 4182 μᾶλλον
2405 4104 2777 4183 παράκαλείτω
2819 4105 2981 4183 καλὰ,
3015 4106 3104 4162 καὶ
3151 4106 3368 4184 οὐρανὸς
3425 4105 3603 4179 αὐτὸς,
3637 4103 3798 4162 ἆθλόν

2151 4220 2232 4254 σοι
2263 4197 2350 4253 καὶ
2396 4198 2545 4257 οὗτος
2580 4195 2677 4263 τῆς
2711 4196 2996 4272 μαρτυρίας
3029 4215 3403 4272 προκειμενος.

2230 4373 2313 4432 Ζ’.
2363 4375 2539 4431 Ταῦτα
2568 4371 2652 4429 διὰ
2700 4373 2878 4439 πάσης
2913 4373 3066 4430 αὸτὸν
3109 4374 3145 4440 ἡ
3177 4375 3362 4451 μήτηρ
3391 4373 3654 4453 ὑπήλειφε
3696 4378 3797 4437 τῆς

2147 4465 2372 4540 ἡμέρας,
2410 4465 2469 4519 τὸ
2499 4463 2595 4530 τῆς
2628 4462 2795 4527 ὅντως
2855 4463 3038 4541 σοφίας
3076 4469 3289 4537 Πνεῦμα
3336 4461 3404 4520 δι’
3434 4465 3596 4530 αὑτῆς
3627 4467 3796 4541 φθεγ-

2151 4555 2378 4631 γόμενον
2437 4551 2660 4630 ἔχουσα,
2694 4549 2798 4617 ἤδη
2830 4550 2928 4606 καῖ
2977 4556 3068 4606 τοῦ
3097 4551 3284 4616 παιδὸς
3328 4551 3518 4609 πολιοῦ
3549 4557 3648 4609 καὶ
3695 4555 3798 4630 πρὸ

425 4617 605 4699 etiam
637 4645 776 4700 ante
808 4617 1160 4716 aetatem,.et
1204 4617 1594 4722 profundiore
1625 4617 1774 4720 opus
1818 4638 2059 4701 haberet

2151 4650 2247 4710 τῆς
2297 4640 2509 4710 ἡλικίας
2555 4640 2708 4704 ὄντος
2761 4641 2864 4708 τὴν
2909 4642 3144 4717 σύνεσιν,
3192 4642 3282 4698 καί
3325 4642 3613 4720 βαθυτέρας
3669 4642 3793 4698 δεοο

421 4724 854 4792 admonitione.
890 4731 954 4792 [n
987 4731 1106 4792 line
1135 4740 1333 4793 autem
1368 4731 1492 4792 haec
1524 4747 1763 4811 quoque
1806 4727 2014 4807 adjicit
2050 4750 2063 4792 :

421 4813 562 4878 Haec
590 4814 740 4878 mihi
775 4826 890 4880 tum
925 4820 1100 4882 matri
1130 4820 1344 4897 redde,
1380 4839 1414 4882 o
1448 4819 1552 4891 fili,
1589 4837 1693 4899 pro
1740 4819 1823 4879 tui
1875 4819 2064 4879 nutri-

425 4903 618 4967 tione:
641 4905 858 4969 hazcsit
889 4908 1032 4972 mihi
1060 4926 1593 4986 merces,meorum
1619 4909 1676 4968 in
1703 4917 1758 4969 te
1781 4907 2068 4988 pariendo

427 4991 724 5072 dolorum,
741 4997 779 5057 'o
803 4997 882 5060 ﬁli
900 4999 1364 5078 jucundissime,
1382 5010 1444 5061 ut
1468 5017 1576 5078 ego
1594 5015 1832 5078 quoque
1855 5006 2065 5078 mater,

426 5101 496 5149 ex
523 5085 696 5148 Pauli
719 5089 1020 5150 sententia
1043 5090 1088 5165 ί,
1117 5091 1275 5151 salva
1298 5089 1431 5151 (iam
1453 5105 1560 5167 per
1580 5086 1909 5147 liberorum
1937 5104 2069 5163 pro-

427 5173 819 5256 creationem,
867 5186 926 5239 et
981 5179 1039 5240 in
1084 5178 1376 5240 membris
1419 5177 1525 5238 ﬁlii
1565 5173 1888 5255 glorificer.
1913 5173 2068 5237 Ecce

426 5263 616 5341 enim,
652 5283 720 5328 se
749 5286 783 5327 o
814 5266 921 5343 fili,
956 5287 1066 5348 ego
1095 5267 1333 5349 quidem
1361 5268 1486 5347 jam
1520 5264 1742 5328 recedo
1773 5265 2067 5343 (senserat

427 5350 589 5415 enim
605 5371 672 5417 se
686 5354 1068 5434 morientem,
1099 5357 1312 5420 virtute
1325 5357 1550 5436 gratiae)
1575 5363 1632 5416 et
1653 5354 1782 5415 haec
1804 5353 1902 5414 lux
1924 5373 2068 5415 sen-

424 5440 620 5529 sibilis
654 5443 798 5507 milii
832 5465 1008 5511 mane
1041 5467 1156 5510 non
1189 5448 1519 5510 illucescet.
1552 5443 1641 5508 Tu
1675 5461 1816 5506 vero
1847 5462 1976 5506 mea
2008 5444 2066 5504 in

427 5529 665 5598 Christo
688 5533 789 5598 lux
811 5545 872 5600 et
904 5537 1036 5613 vita,
1066 5549 1148 5612 et,
1174 5545 1229 5600 te
1249 5555 1421 5616 rogo,
1454 5553 1585 5598 mea
1613 5534 1867 5608 viscera,
1903 5552 1978 5595 ne
2001 5553 2068 5601 ea

544 5707 700 5780 Tim.
735 5713 912 5791 v.15.

2149 4734 2310 4808 μένου
2349 4737 2446 4798 τῆς
2501 4729 2884 4808 παραινέσεως.
2925 4730 3046 4789 Ἐπί
3099 4731 3240 4788 τέλει
3272 4730 3327 4788 δὲ
3367 4735 3659 4810 προσετίθει
3704 4734 3797 4789 καί

2149 4833 2335 4882 ταῦτα’
2370 4827 2588 4877 τοιαῦτά
2639 4842 2730 4894 μοι
2760 4827 2827 4896 τῇ
2876 4826 2946 4898 σῇ
2975 4821 3138 4899 μητρί
3197 4821 3262 4876 τὰ
3292 4836 3540 4902 τροφεῖα,
3585 4821 3794 4894 τέκνον,

2151 4913 2370 4975 ἀπόδος·
2429 4911 2579 4972 οὗτός
2640 4933 2732 4984 μοι
2791 4917 2897 4966 τῶν
2957 4911 3043 4966 ἐπί
3087 4911 3171 4968 σόί
3227 4909 3449 4984 ὠδίνων,
3502 4911 3795 4990 γλυκύτατε

2153 5017 2274 5071 παῖ,
2309 5001 2542 5081 γενέσθω
2572 5002 2780 5078 μισθὸς,
2811 4999 2904 5056 ’ίνα
2949 5001 3038 5057 καί
3078 5003 3111 5069 ἡ
3143 4999 3351 5079 μήτηρ,
3396 5003 3528 5057 κατὰ
3561 5000 3794 5075 Παῦλον,

2151 5095 2306 5148 σωθῶ
2363 5089 2447 5146 διὰ
2487 5094 2588 5156 τῆς
2628 5091 2988 5166 τεινογονίας,
3045 5089 3136 5145 καί
3183 5088 3236 5144 ἐν
3299 5091 3419 5152 τοῖς
3477 5097 3570 5147 τοῦ
3613 5089 3800 5158 παιδὸς

2148 5181 2384 5247 δοξασθῶ
2444 5178 2681 5256 μέλεσιν.
2759 5178 2892 5237 ἰδοὺ
2951 5180 3076 5257 γὰρ,
3140 5179 3186 5236 ὦ
3254 5179 3476 5254 τέκνον,
3534 5181 3643 5258 ἐγὼ
3697 5181 3801 5254 μὲν

2155 5271 2342 5345 ἄπειμι
2387 5267 2490 5337 ἤδη
2525 5268 2741 5346 (ᾔσθετο
2797 5270 2901 5348 γηρ
2949 5268 3145 5336 ἐαλτής
3203 5270 3535 5337 θνησκούσης
3579 5267 3799 5344 δοναμει

2155 5363 2424 5440 χάριτος),
2460 5362 2547 5416 καί
2603 5361 2664 5416 τὸ
2711 5361 2960 5427 αἰσθητὸν
3005 5366 3160 5417 τοῦτο
3212 5364 3322 5440 φῶς
3381 5361 3475 5418 οὑκ
3517 5360 3799 5438 ἐπιφαύσει

2154 5472 2244 5525 μοι
2294 5453 2355 5506 τὸ
2385 5452 2551 5528 πρωί.
2590 5450 2663 5505 Σὺ
2693 5446 2747 5504 δέ
2777 5471 2869 5524 μοι
2900 5455 3013 5530 φῶς
3059 5449 3114 5506 ἐν
3148 5450 3360 5528 Χριστῷ
3399 5450 3491 5506 καί
3539 5452 3676 5521 ζωη,
3706 5457 3800 5512 καί

2152 5541 2418 5598 τοσούτων
2476 5538 2618 5616 ἐμῶν
2663 5536 2848 5614 δέομαι
2900 5536 3256 5620 σπλάγχνων,
3293 5540 3371 5615 μὴ
3420 5539 3528 5596 τῶν
3569 5537 3656 5596 ἐπί
3715 5538 3800 5597 σοί
