4104 6198
311 373 426 442 821
1376 379 1561 444 VITA
1613 379 1680 441 s.
1735 363 2181 441 CLEMENTIS
2226 374 2651 440 ANCYRANI.
3583 372 3700 440 822

319 519 610 592 ψευσθείην
653 515 902 578 ἐλπίδων.
961 516 1070 574 Μιᾶ
1140 518 1276 597 γυνὴ
1335 514 1556 595 Ἐϐραία
1630 514 1774 597 ποτὲΔ
1830 513 1970 597 υίοὺς

2074 528 2166 592 spe
2195 509 2391 585 fallar,
2428 527 2606 591 quam
2655 505 2732 569 de
2765 513 2822 568 te
2853 505 3128 597 concepi.
3162 503 3294 597 Una
3338 507 3557 569 mulier
3579 507 3710 597 He—

317 598 457 657 ἔπτᾶ
489 599 803 678 προσήγαγε
861 595 1165 678 μᾶρτυρας,
1186 599 1274 654 καὶ
1330 597 1384 654 ἐν
1415 597 1550 654 ἑπτὰ
1585 610 1705 661 τοῖς
1760 595 1976 652 έκείνων

2074 617 2219 663 arma
2265 597 2592 680 aliquando
2641 603 2871 677 septem
2920 595 3201 676 produxit
3252 605 3540 678 martyres
3568 596 3617 673 2,
3655 604 3714 658 et

316 689 355 757 ἡ
402 687 537 756 αὕτη
567 689 813 764 σώμασιν
845 687 1174 766 ἠγωνίσατο*
1235 687 1297 744 σὺ
1323 686 1378 745 δέ
1418 709 1507 764 μοι
1539 690 1625 743 καί
1682 685 1845 763 μόνος
1874 688 1972 743 αῦ-

2074 690 2192 771 ipsa
2221 689 2282 750 in
2315 687 2554 752 illorum
2588 695 2820 766 septem
2855 685 3180 747 decertavit
3207 686 3587 766 corporibus.
3625 689 3714 750 'I‘u

315 779 413 842 τδς
468 777 712 856 ἀρκέσεις
770 778 902 857 πρὸς
968 775 1146 853 δόξαν,
1178 778 1264 836 καὶ
1322 778 1557 857 μακαρία
1609 775 1663 832 ἐν
1716 774 1979 854 μητράσιν

2074 786 2262 841 autem
2293 779 2384 840 vel
2415 776 2578 839 solus
2610 774 2758 837 mihi
2788 774 3053 837 sufﬁcies
3077 774 3147 834 ad
3165 773 3442 853 gloriam,
3469 783 3527 836 et
3547 775 3716 840 beata

317 866 458 947 ἐγὼ,
490 866 678 944 ὅτιπερ
737 863 822 922 διὰ
868 872 960 922 σοῦ
1019 863 1255 932 ἐπίδοξος
1313 865 1526 941 ἔσομαι,
1590 862 1722 922 ἰδοὺ
1769 883 1980 943 προπο-

317 955 579 1036 ρεύσομαί
635 978 752 1027 σευ,
801 957 846 1013 ὦ
901 968 1022 1032 παῖ,
1070 958 1159 1013 καὶ
1218 957 1355 1014 κατᾶ
1409 961 1566 1031 σῶμα
1612 952 1827 1028 λοιπὸν,
1875 950 1979 1020 ἤδη

319 1069 420 1103 σου
471 1047 581 1104 τῶν
611 1050 872 1104 ποθεινῶν
918 1047 1180 1121 ὀμμάτων
1229 1047 1530 1128 χωρίζομαι
1583 1045 1847 1122 σήμερον,
1879 1041 1980 1110 τὴν

316 1135 377 1194 δὶ
421 1136 571 1212 ὶμὰμ
603 1139 789 1217 ψυχὴν
850 1135 1063 1194 ἐπειδὰν
1106 1137 1413 1208 τελευτήσω
1457 1140 1554 1203 τῆς
1601 1139 1701 1202 σῆς
1746 1133 1827 1190 ἀεὶ
1870 1137 1977 1209 ψυ-

319 1232 461 1308 χῆς,
521 1228 567 1281 ὦ
637 1226 847 1303 τέκνον,
909 1226 1265 1304 ξκκρέμασθαι
1347 1225 1552 1303 νόμιζε·
1623 1223 1740 1302 μεθ’
1791 1222 1857 1292 ἧς
1924 1225 1980 1279 ἓν

319 1315 589 1395 παρρησίᾳ
639 1317 1001 1393 προσκυνήσω
1043 1323 1120 1392 τῷ
1161 1317 1368 1394 βήματι
1413 1322 1505 1372 τοῦ
1566 1319 1816 1394 Χριστοῦ,
1860 1323 1978 1376 τοῖς

2065 885 2176 947 ego
2207 867 2368 930 inter
2403 874 2645 937 iratres,
2685 864 2842 946 quod
2877 881 2984 944 per
3019 871 3075 924 te
3106 881 3209 925 ero
3245 863 3519 941 insignis.
3562 863 3718 927 Ecce

2063 957 2212 1020 vado
2243 964 2382 1020 ante
2428 966 2509 1029 te,
2547 973 2579 1016 o
2614 954 2721 1030 ﬁli,
2757 963 2814 1016 et
2846 953 3133 1033 deinceps
3183 951 3429 1033 quidem
3465 971 3719 1034 corpore

2064 1064 2314 1128 separor
2347 1044 2527 1108 hodie
2557 1061 2588 1105 a
2622 1045 2740 1105 tuis
2784 1041 3157 1104 suavissimis
3190 1041 3423 1116 oculis;
3455 1042 3716 1104 animam

2064 1145 2264 1200 autem
2313 1153 2532 1210 meam,
2587 1145 2901 1216 postquam
2954 1133 3297 1203 decessero,
3335 1132 3631 1207 existima,
3684 1152 3716 1194 ο

2065 1226 2172 1304 ﬁli,
2206 1244 2240 1287 a
2291 1233 2389 1287 tua
2425 1241 2667 1306 semper
2701 1222 2988 1302 pendere,
3024 1241 3156 1285 cum
3191 1239 3306 1302 qua
3342 1223 3717 1284 conﬁdenter

2063 1315 2280 1380 Christi
2313 1313 2574 1377 adorabo
2607 1312 2892 1386 tribunal,
2930 1313 3044 1374 tuis
3088 1311 3353 1392 glorians
3383 1311 3712 1387 laboribus,

319 1418 444 1471 σοῖς
504 1406 695 1468 πόνοις
758 1405 1182 1487 ἐγκαυχωμένη,
1255 1419 1374 1469 τοῖς
1433 1417 1554 1469 σοῖς
1624 1402 1758 1481 ὓπὶρ
1823 1402 1983 1460 αὖτοῦ

2074 1405 2142 1468 de
2163 1406 2278 1468 tuis
2306 1403 2762 1488 propteripsum
2785 1403 2942 1465 notis
2971 1421 3038 1464 ac
3059 1401 3437 1482 stigmatibus
3469 1421 3564 1464 me
3598 1421 3717 1464 ma-

321 1496 612 1572 στίγμασιν
655 1497 1023 1572 ὣραϊζομέτη,
1086 1497 1171 1553 καὶ
1221 1495 1476 1559 κοινωνός
1524 1516 1607 1552 σοι
1654 1498 1761 1550 τῶν
1809 1491 1982 1548 πολυ-

2074 1494 2283 1574 gniﬁce
2329 1491 2850 1573 circumspiciens,
2885 1500 2941 1553 et
2974 1491 3426 1571 magniﬁcorum
3477 1491 3714 1554 illorum

321 1583 500 1643 τελῶν
581 1584 795 1643 ἐκείνων
866 1583 1036 1643 ἄθλων
1109 1586 1365 1666 γινομένη
1435 1587 1522 1642 καὶ
1587 1606 1686 1652 της
1758 1580 1982 1664 φαιδρό-

2074 1583 2453 1666 praemiorum
2490 1590 2550 1644 et
2578 1581 2799 1644 laetitia
2828 1582 3026 1644 futura
3051 1579 3372 1663 particeps.

321 1697 490 1744 τητος
498 1721 514 1738 ,

409 1765 507 1824 Η’.
572 1771 746 1824 Ταῦτα
806 1766 937 1841 πρδν
996 1767 1086 1822 τὸν
1142 1763 1314 1823 παῖδα
1374 1768 1408 1836 ἡ
1441 1765 1627 1844 μήτηρ
1687 1763 1862 1844 ἔλεγε,
1895 1763 1981 1820 καὶ

2119 1761 2409 1829 νΙΙΙΗωο
2438 1759 2878 1823 materdicebat
2901 1760 3116 1836 ﬁlio,et
3137 1759 3317 1822 simul
3334 1760 3536 1822 omnia
3555 1758 3720 1822 illius

323 1857 464 1931 ὁμοῦ
534 1856 708 1912 πάντα
768 1854 968 1913 ἐκείνου
1027 1854 1298 1936 κατεφίλει
1355 1856 1421 1914 τὰ
1481 1854 1647 1932 μέληο
1738 1853 1982 1932 Μακαρία

2074 1851 2338 1915 membra
2378 1851 2810 1914 deosculantur
2841 1869 2854 1913 ε
2889 1849 3051 1913 Felix
3087 1869 3217 1929 ego,
3251 1868 3458 1912 rursus
3485 1850 3719 1922 dicens,

326 1943 495 2003 πάλιν
552 1945 684 2023 ἐγὼ,
731 1943 983 2024 λέγουσα,
1017 1944 1098 2002 ὅτι
1153 1946 1418 2025 μάρτυρος
1469 1944 1610 2020 μέλη
1644 1943 1806 2024 φιλῶ,
1841 1941 1981 2020 μέλη

2074 1941 2224 2024 quod
2271 1940 2542 2003 membra
2575 1940 2854 2020 martyris
2885 1938 3226 2009 deosculor,
3258 1938 3530 2001 membro
3572 1940 3724 2000 oﬁ‘e—

335 2039 553 2114 Χριστῷ
596 2036 773 2092 θυσίαν
835 2035 1349 2116 προσαχθησόμενα.
1422 2035 1602 2099 Οὕτως
1666 2036 1755 2091 οὖν
1827 2033 1984 2089 αὒτὸν

2074 2032 2256 2099 renda
2271 2031 2504 2095 Christo
2523 2030 3008 2094 sacriﬁcium.Sic
3023 2048 3165 2110 ergo
3178 2048 3312 2092 eum
3329 2030 3724 2109 amplectens,

331 2125 829 2207 περιπτυσσομένη,
880 2124 974 2183 καί
1045 2127 1118 2190 ὡς
1197 2123 1383 2195 ἣδιστα
1456 2123 1844 2204 διαλεγομένη,
1889 2123 1987 2192 τὴν

2074 2130 2131 2184 et
2153 2139 2328 2204 quam
2351 2120 2705 2184 suavissime
2727 2119 3200 2196 disserens,vere
3217 2119 3385 2182 beata
3405 2121 3603 2197 quiete
3623 2137 3722 2180 rc-

226 2275 236 2282 _
337 2218 604 2293 μακαρίαν
647 2215 813 2281 ὗντως
885 2215 1182 2274 ἀνάπαυσιν
1252 2216 1608 2273 ἀνεπαύσατοο
1656 2215 1719 2270 τὸ
1779 2221 1989 2289 πνεῦμα

2074 2211 2322 2293 quievit,
2357 2229 2490 2273 cum
2518 2210 2792 2290 spiritum
2829 2210 3070 2290 quidem
3101 2209 3246 2287 Deo,
3283 2228 3503 2292 corpus
3530 2218 3723 2271 autem

336 2315 438 2382 μεν
464 2310 543 2379 τῷ
599 2312 738 2385 Θεῷ,
770 2305 832 2362 τὸ
863 2305 917 2360 δὲ
948 2306 1106 2373 σῶμα
1137 2309 1262 2370 ταῖς
1315 2303 1666 2383 γλυκυτάταις
1699 2305 1855 2384 χερσὶ
1900 2309 1989 2360 τοῦ

2075 2300 2446 2365 dulcissimis
2480 2300 2587 2361 ﬁlii
2613 2298 2887 2360 manibus
2920 2300 3423 2361 commendasset.
3477 2299 3582 2362 Ille
3615 2317 3725 2359 au—

339 2393 528 2460 παιδὸς
599 2394 777 2463 ἐκείνη
837 2395 1204 2474 παραθεμένη,
1276 2388 1336 2454 ’0
1393 2393 1449 2450 δὲ
1506 2392 1606 2451 ὅσα
1675 2392 1989 2474 φιλομήτωρ

2077 2398 2224 2466 tem,
2260 2393 2440 2471 utqui
2475 2390 2535 2450 in
2575 2389 2925 2450 benevolam
2965 2397 3211 2450 matrem
3251 2389 3460 2450 fuisset
3489 2405 3729 2467 semper

333 2499 471 2550 παῖς
524 2485 607 2543 ἐπὶ
661 2486 830 2563 μητρὶ
883 2484 1220 2566 φιλοστόργῳ
1277 2482 1608 2559 διατελέσας,
1656 2482 1834 2540 ἐκεῖνο
1893 2483 1989 2558 μὲν

2078 2479 2211 2562 pius
2240 2478 2578 2548 ﬁlius.illud
2604 2478 2848 2558 quidem
2874 2479 3090 2560 sepelit
3120 2478 3439 2559 splendide
3470 2485 3527 2538 et
3559 2494 3726 2555 mag-

337 2575 478 2656 ἄγαν
523 2583 782 2654 λαμπρῶς
826 2576 1013 2633 θάπτει
1069 2577 1157 2632 καὶ
1215 2574 1529 2656 φιλοτίμως·
1577 2573 1733 2636 αὐτὸς
1788 2571 1844 2629 δὲ
1899 2573 1989 2629 τὸν

2079 2571 2285 2634 niﬁce.
2322 2568 2455 2650 Ipse
2488 2568 2811 2632 verovitam
2839 2569 3087 2648 suscipit
3115 2568 3464 2643 solitariam,
3490 2567 3726 2628 hocsta-

337 2667 554 2745 μονήρη
582 2667 694 2745 βίον
736 2668 1133 2746 ἑπαναιρεϊται,
1176 2665 1348 2740 τούτῳ
1391 2665 1536 2730 εὐθὺς
1591 2662 1788 2742 πρώτῳ
1829 2663 1989 2743 μητρὶ

2074 2661 2177 2723 tim
2206 2660 2468 2742 primum
2494 2657 2700 2720 matris
2727 2658 3068 2719 concedens
3095 2657 3529 2734 mandatis,uta
3562 2674 3729 2716 mun-

335 2759 729 2838 χαριζόμενος,
781 2758 842 2813 τὸ
898 2756 1200 2823 ἀποστῆναι
1255 2756 1461 2830 κόσμου
1518 2751 1601 2810 διὰ
1659 2754 1908 2833 Χριστὸν,
1961 2755 1989 2809 ὁ

2074 2751 2148 2812 do
2173 2757 2416 2832 propter
2432 2748 2740 2811 Christum
2771 2747 3239 2838 discederet,qui
3259 2754 3463 2826 postea
3485 2751 3728 2827 propter

340 2836 480 2923 μετὰ
509 2853 676 2905 ταῦτα
703 2844 771 2903 δι’
802 2847 1010 2905 Ιικιτνον
1041 2844 1257 2922 μέλλων
1280 2846 1362 2904 καὶ
1394 2846 1490 2912 τῆς
1523 2848 1691 2916 ζωῆς.

2074 2839 2238 2902 illum
2269 2857 2303 2902 a
2328 2839 2446 2902 vita
2477 2855 2725 2920 quoque
2750 2845 2878 2901 erat
2906 2836 3306 2902 discessurus.

1841 3015 2090 3087 CAPUT
2131 3016 2208 3082 II.

1329 3187 1400 3252 S.
1450 3185 1775 3250 Clementis
1804 3181 2246 3248 adolescentia.
2288 3183 2712 3264 Episcopatus.

421 3338 509 3413 ϐ’.
557 3349 800 3430 Ὀρφανῷ
831 3349 929 3426 μὲν
958 3351 1044 3406 οῦν
1098 3349 1268 3413 οὕτως
1321 3348 1426 3407 ἀπὸ
1469 3350 1675 3428 μητρὸς
1704 3354 1782 3422 τῷ
1833 3345 1983 3412 Κλη-

2149 3343 2255 3407 ΙΧ.
2309 3343 2502 3426 Atque
2534 3345 2831 3408 Clementi
2865 3345 3108 3425 quidem
3166 3344 3254 3407 sic
3283 3350 3474 3404 matre
3523 3341 3729 3405 orbato

341 3461 497 3516 μεντι
541 3439 810 3518 γενομένῳ
838 3439 1066 3517 (πατέρα
1097 3439 1196 3518 γὰρ
1225 3439 1354 3519 εἶχε
1409 3436 1592 3518 Θεὸν),
1624 3437 1810 3518 ἑτέραν
1853 3435 1996 3509 αὒτῷ

337 3527 502 3587 πάλιν
543 3531 756 3595 ἰκτῖνος
819 3529 1092 3607 ἐπεισάγει
1135 3527 1371 3608 μητέρα,
1415 3527 1584 3604 μηδὲν
1639 3533 1740 3594 τῆς
1796 3524 1992 3602 προτέο

341 3641 461 3700 ρας,
511 3619 652 3694 μήτε
704 3618 804 3685 τὴν
851 3617 1068 3688 κλῆσιν,
1103 3620 1243 3695 μήτε
1299 3619 1421 3679 τοὺς
1474 3620 1702 3696 τρόπους
1755 3613 1995 3700 ἀπᾴδουέ

341 3723 466 3766 σαν’
513 3708 655 3786 γένει
712 3707 812 3782 μέν
873 3709 973 3784 γὰρ
1045 3710 1132 3764 καί
1203 3707 1337 3774 αὕτη
1410 3714 1516 3765 τῶν
1587 3707 1858 3786 ἐπιφανῶν
1909 3699 1996 3759 γαί

338 3797 634 3870 πλουσίων,
666 3797 831 3876 άρετῇ
889 3795 944 3853 δὲ
975 3804 1082 3854 τῶν
1143 3797 1448 3872 ἐπισήμων.
1487 3797 1655 3876 Σοφία
1684 3816 1741 3851 τε
1797 3794 1993 3869 ὁμοίως

335 3889 471 3956 αὕτη
539 3886 874 3963 καλουμένη,
938 3889 1024 3944 καὶ
1096 3899 1435 3966 προσευχαῖς
1506 3888 1666 3942 νύκτα
1721 3885 1811 3940 καὶ
1876 3879 1994 3958 μεθ’

336 3977 549 4054 ἦμέρπν
605 3977 688 4033 ἀεὶ
749 3975 1119 4057 σχολάζουσι.
1183 3976 1508 4037 Φιλότεκνος
1566 3975 1644 4050 δὲ,
1693 3974 1847 4051 ε’ἰπερ
1888 3993 1992 4052 τις,

336 4071 468 4125 οὖσα
526 4068 589 4124 τὸ
643 4069 896 4143 παράπαν
954 4066 1172 4132 ἄτεκνος
1216 4066 1304 4134 ἧν·
1340 4068 1372 4134 ἡ
1419 4065 1474 4122 δὲ
1523 4066 1748 4145 Πρόνοια
1794 4061 1990 4119 ἄνωθεν

337 4160 687 4232 οἷκονομοῦσα
745 4157 812 4212 τὰ
866 4155 988 4212 κατ’
1044 4160 1230 4220 αὖτοτς
1288 4157 1379 4212 καί
1409 4157 1550 4232 μήτε
1608 4155 1670 4211 τὸ
1724 4153 1840 4209 νέον
1899 4159 1993 4210 τοῦ

340 4245 652 4321 Κλήμεντος
709 4246 915 4324 μητρὸς
961 4246 1163 4323 ἔρημον
1194 4247 1338 4302 εἶναι
1393 4244 1728 4326 ἀνεχομένη,
1764 4245 1850 4299 καὶ
1893 4245 1992 4309 τῆς

336 4338 535 4416 Σοφὶας
582 4335 742 4393 πάλιν
799 4335 1091 4413 πληρῶμαι
1143 4335 1442 4413 βουλομένη
1487 4338 1588 4403 τὴν
1647 4334 1854 4414 ἔφεσιν,
1902 4333 1994 4388 τὸν

341 4427 627 4500 maqu
687 4432 864 4505 σοφῶς
939 4428 1074 4501 αῦτῇ
1130 4425 1358 4504 φέρουσα
1418 4425 1665 4486 είσποίει.
1732 4423 1884 4504 Σοφὴ
1941 4419 1996 4478 δὲ

335 4514 472 4572 οᾶσα
528 4516 600 4580 ὡς
660 4514 880 4582 ὴληθῶς
939 4517 972 4584 ἡ
1008 4520 1176 4596 Σοφία
1221 4516 1352 4594 πρὸς
1382 4515 1481 4582 τὴν
1539 4514 1678 4571 κατὰ
1734 4516 1866 4570 Θεὸν
1910 4515 1995 4568 καὶ

337 4602 478 4671 αᾶτὴ
524 4605 614 4660 τόν
675 4601 844 4661 παῖδα
905 4605 1093 4686 σοφίαν
1150 4602 1538 4683 ἐπαιδαγώγει,
1569 4605 1656 4660 καὶ
1712 4603 1892 4680 ὥσπερ
1935 4601 1998 4658 ἔκ

2081 3431 2297 3514 (Deum
2322 3436 2483 3495 enim
2514 3433 2774 3496 habebat
2808 3443 3061 3513 patrem)
3089 3435 3190 3496 ille
3221 3434 3274 3496 ei
3313 3451 3523 3494 rursus
3552 3433 3728 3494 aliam

2076 3522 2312 3585 inducit
2359 3531 2640 3603 matrem,
2674 3542 2808 3604 qua:
2860 3543 2974 3586 nec
3011 3525 3257 3586 nomine
3292 3541 3404 3584 nec
3465 3523 3733 3584 moribus

2079 3612 2399 3693 quidquam
2426 3611 2748 3674 differebat
2769 3632 2801 3672 a
2826 3613 3026 3692 priore
3054 3635 3068 3676 :
3105 3613 3233 3692 ipsa
3257 3611 3499 3693 quidem
3532 3620 3587 3672 et
3619 3629 3727 3689 ge-

2079 3718 2225 3762 nere
2256 3701 2505 3775 insignis
2537 3709 2594 3762 et
2633 3701 2822 3775 dives,
2859 3720 2992 3782 quae
3027 3701 3157 3782 ipsa
3186 3719 3423 3782 quoque
3453 3700 3734 3762 similiter

2076 3790 2400 3852 vocabatur
2421 3789 2738 3870 Sophia,et
2762 3799 2942 3852 noctu
2973 3799 3032 3852 et
3055 3791 3316 3852 interdiu
3341 3807 3583 3868 semper
3598 3807 3731 3850 ver-

2079 3881 2328 3941 sabatur
2359 3881 2415 3941 in
2447 3878 2842 3941 orationibus.
2879 3879 3022 3941 Cum
3077 3888 3240 3941 esset
3272 3887 3496 3959 autem,
3528 3879 3578 3939 si
3610 3879 3732 3939 ulla

2078 3969 2217 4044 alia,
2253 3969 2511 4031 ﬁliorum
2545 3966 2975 4044 amantissima,
3013 3969 3256 4030 carebat
3282 3970 3528 4030 omnino
3561 3967 3724 4032 ﬁliis.

2079 4058 2288 4123 Divina
2312 4077 2454 4120 vero
2486 4058 3027 4140 providentia,qua3
3048 4077 3146 4120 res
3165 4076 3370 4119 eorum
3390 4077 3463 4120 ex
3485 4058 3601 4120 alto
3625 4057 3730 4118 ad-

2076 4148 2471 4219 ministrabat,
2493 4167 2604 4211 nec
2628 4149 2828 4210 ferens
2851 4156 3119 4210 teneram
3141 4147 3469 4210 Clementis
3498 4155 3728 4208 aetatem

2078 4257 2212 4301 esse
2228 4257 2261 4299 a
2286 4247 2475 4301 matre
2503 4239 2798 4300 desertam
2813 4247 2892 4312 ,et
2912 4257 3123 4301 rursus
3143 4238 3344 4300 volens
3368 4239 3610 4319 explere
3627 4239 3731 4302 So-

2083 4329 2238 4410 phia;
2255 4329 2657 4403 desiderium,
2690 4328 3062 4391 Clementem
3103 4329 3408 4407 sapienter
3435 4328 3507 4388 ad
3539 4328 3730 4408 ipsam

2080 4418 2486 4490 adducens,ut
2509 4419 2756 4496 adoptet
2777 4417 3134 4480 efﬁcit.Cum
3171 4436 3378 4479 revera
3402 4427 3598 4479 autem
3629 4435 3732 4478 es-

2079 4519 2172 4571 set
2201 4508 2444 4586 sapiens
2464 4507 2710 4588 Sophia,
2732 4509 2788 4568 in
2825 4526 2895 4570 ea
2916 4527 3049 4587 qua;
3078 4516 3168 4568 est
3194 4527 3262 4568 ex
3287 4510 3411 4571 Deo
3443 4506 3736 4587 sapientia

2079 4599 2210 4679 ipsa
2230 4617 2368 4660 eum
2400 4596 2839 4673 instituebat,et
2869 4598 3121 4679 perinde
3137 4615 3206 4659 ac
3239 4598 3370 4678 ipsa
3391 4615 3526 4658 eum
3559 4614 3738 4676 pepe-

334 4694 444 4749 τῶν
507 4691 670 4760 αὒνῆς
729 4691 933 4750 ὡδινων
991 4693 1299 4771 προελθόντι
1364 4698 1443 4765 τῷ
1507 4691 1802 4771 Κλήμεντι,
1857 4691 1989 4748 οὕτω

2078 4687 2347 4764 risset,in
2371 4686 2740 4749 Clementem
2761 4696 2888 4748 erat
2908 4686 3508 4757 aﬂ'ecta,etsummam
3533 4704 3734 4747 curam

335 4779 713 4858 κηδεμονικῶς
773 4782 1031 4858 ἕπάὖτῷ
1088 4782 1206 4839 λίαν
1245 4784 1332 4839 καὶ
1387 4787 1661 4860 μητρικῶς
1708 4783 1782 4844 εἱς
1834 4779 1989 4858 ἄκρον

2081 4777 2211 4858 ejus
2235 4774 2718 4857 gerebat.Neque
2740 4793 2880 4837 vero
2904 4774 3184 4838 Clemens
3205 4776 3405 4836 minus
3427 4794 3607 4852 quam
3634 4793 3738 4855 par

336 4870 584 4929 διέκειτο.
651 4872 725 4930 0'5
772 4873 879 4945 μήν
937 4873 1053 4932 οὐόέ
1115 4874 1343 4946 Κλήμης
1387 4872 1610 4928 ἔλαττον
1663 4871 1699 4939 ἢ
1754 4869 1989 4950 προσῆκε

2079 4874 2207 4928 erat
2254 4866 2314 4927 in
2344 4876 2619 4939 matrem,
2655 4883 2922 4927 amorem
2947 4865 3006 4926 in
3041 4885 3169 4927 eam
3198 4865 3594 4927 ostendebat:
3629 4865 3736 4926 sed

336 4963 498 5040 μητρὶ
541 4963 602 5018 τὸ
662 4965 779 5039 περὶ
855 4962 1016 5030 αὖτὴν
1087 4961 1366 5018 ἒπεδείκντ
1435 4965 1497 5018 τὸ
1556 4960 1793 5041 φίλτρον·
1868 4958 1989 5015 ἀλλ’

2079 4973 2288 5036 puram
2340 4955 2583 5036 quidem
2615 4973 2683 5016 ac
2721 4956 3021 5017 sinceram
3055 4956 3116 5017 in
3151 4975 3281 5016 eam
3333 4955 3730 5016 reverentiam

335 5051 586 5131 ἀκέραιον
642 5052 741 5125 μὲν
794 5054 925 5125 αὐτῇ
977 5053 1062 5107 καὶ
1114 5052 1213 5116 τὴν
1244 5048 1373 5106 αίδὼ
1426 5054 1512 5106 καὶ
1565 5052 1654 5106 τὸν
1708 5051 1870 5106 πόθυν
1905 5045 1988 5104 δι-

2076 5043 2349 5106 servabat
2381 5053 2440 5106 et
2464 5045 3348 5126 desiderium.Praaceptoribus
3371 5053 3572 5105 autem
3607 5042 3737 5122 plu-

335 5139 524 5211 έσωζι*
584 5138 751 5196 πολὺν
782 5137 835 5194 δὲ
882 5141 968 5196 καὶ
1025 5139 1123 5208 τῆς
1181 5137 1521 5202 διδασκαλίας
1565 5139 1622 5196 ἐν
1675 5137 1844 5216 ὀλίγῳ
1899 5138 1989 5193 τὸν

2074 5136 2293 5196 rimum
2347 5154 2588 5216 quoque
2620 5135 2846 5197 fructus
2879 5154 3014 5196 mox
3064 5135 3353 5207 reddidit,
3387 5133 3544 5194 sicut
3573 5131 3734 5194 bona

337 5230 546 5307 καρπὸν
605 5226 872 5296 ἀπεδίδου,
921 5229 1159 5306 καθάπερ
1191 5249 1276 5289 τις
1311 5227 1485 5307 ἀγαθὴ
1528 5234 1600 5306 γῆ
1647 5229 1736 5286 καὶ
1793 5227 1989 5305 λιπαρὴ

2079 5225 2350 5306 quaedam
2375 5234 2530 5287 terra
2555 5234 2613 5286 et
2644 5224 2905 5306 pinguis,
2931 5243 3064 5305 quae
3086 5240 3460 5304 nequaquam
3493 5224 3730 5302 agrico-

337 5318 424 5374 καὶ
481 5319 787 5396 βαθύγειος,
820 5319 880 5374 οὐ
929 5317 1168 5374 λυποῦσα
1222 5317 1290 5384 τῆ
1345 5319 1544 5374 σπάνει
1596 5320 1688 5373 τὸν
1731 5318 1989 5395 γεωργὸν,

2079 5314 2194 5375 lam
2237 5323 2487 5396 propter
2516 5314 2874 5395 paucitatem
2910 5314 3185 5376 molestia
3217 5313 3400 5374 afﬁcit
3431 5330 3446 5385 ;
3483 5311 3589 5373 sed
3622 5331 3732 5388 per

336 5404 476 5464 ἄλλὰ
516 5413 594 5482 τῷ
624 5406 816 5478 πλήθει
877 5409 986 5465 τῶν
1035 5406 1314 5486 φυομένων
1346 5406 1729 5486 παρακαλοῦσα
1787 5405 1989 5482 μᾶλλον

2077 5422 2454 5485 eorum,quaa
2485 5401 3294 5483 nascuntur,multitudinem
3329 5409 3611 5482 provocat
3631 5419 3732 5481 po-

335 5496 470 5575 πρὸς
526 5498 851 5575 σπερμάτων
881 5495 1178 5568 καταϐλήν·
1241 5496 1392 5556 λοινὰ
1450 5497 1548 5573 μὲν
1605 5496 1671 5554 τὰ
1699 5497 1828 5554 ὂντα
1872 5509 1989 5561 τοῖς

2078 5493 2194 5557 tius
2221 5493 2296 5556 ad
2341 5493 2459 5557 alia
2492 5491 2830 5577 dejicienda
2859 5491 3092 5556 semina
3125 5511 3140 5559 :
3175 5509 3246 5559 ea
3299 5491 3568 5584 quidem,
3602 5507 3733 5580 quas

416 5704 449 5758 3
479 5703 531 5773 ll
560 5705 755 5773 Much.
794 5722 910 5791 vit.
