4054 6204
281 359 408 427 825

1352 363 1541 426 VITA
1584 362 1646 425 S.
1691 360 2130 426 CLEMENTIS
2169 363 2595 429 ANCYRANI.

3540 359 3658 428 826

281 492 487 572 ἆῤῥεον,
565 492 632 550 τὰ
715 494 890 549 οἰκεῖα
977 493 1138 550 τέκνα
1209 495 1339 569 πρὸς
1401 494 1559 550 αὐτὸν
1613 493 1724 568 ὅλῳ
1781 498 1922 568 θυμῷ

2014 511 2156 556 suos
2206 494 2365 557 filios
2398 494 2472 556 ad
2520 496 2718 573 ipsum
2751 513 2820 556 ex
2855 501 2978 556 toto
3026 493 3226 556 animo
3256 488 3656 556 adducentes.

283 583 673 660 προσάγοντες.
710 580 780 640 "A
824 581 890 650 δὴ
945 585 1032 640 καὶ
1091 585 1163 649 ὡς
1220 584 1468 661 γνησίους
1512 585 1700 641 ἑαυτοῦ
1731 582 1928 647 παῖδας

281 671 407 747 μεθ’
465 671 660 741 ἡδονῆς
696 671 1159 753 προσδεχόμενος,
1192 675 1289 739 τῆς
1324 674 1511 746 ὁμοίας
1542 673 1690 744 ἠξίου
1722 672 1929 743 δήπου-

281 765 374 819 θεν
417 761 638 841 ἀγωγῆς
696 763 784 818 καὶ
815 760 1165 825 παιδεύσεως.
1204 762 1358 819 Ἀλλ’
1389 762 1532 819 οὗτοι
1564 763 1663 838 μὲν
1697 765 1745 820 οἱ
1777 764 1929 842 πρῶ-

282 873 370 907 τοι
405 855 499 918 τῆς
532 851 728 929 ἀρετῆς
758 860 852 911 τοῦ
899 852 1100 929 ἀγαθοῦ
1146 851 1458 927 Κλήμεντος
1511 852 1676 916 ὄντως
1710 855 1926 930 καρποὶ,

286 943 378 1001 καὶ
406 948 626 1000 τοιαῦτα
653 942 718 1001 τὰ
741 947 839 1012 τῆς
867 942 1156 1023 ἱερωσύνης
1185 942 1460 1022 προοίμια.

2014 581 2178 655 Quos
2209 585 2452 664 quidem
2492 594 2772 666 tanquam
2805 602 3130 662 germanos
3160 602 3301 644 suos
3346 584 3499 646 filios
3525 600 3657 644 sus-

2013 676 2268 752 cipiens,
2325 673 2606 735 similiter
2687 673 2986 735 educabat
3045 684 3222 752 atque
3278 673 3656 737 instituebat.

2013 761 2130 826 Sed
2163 773 2300 822 sunt
2333 764 2392 824 hi
2426 765 2678 840 quidem
2713 765 2891 843 primi
2926 782 3134 826 revera
3164 763 3396 824 fructus
3425 764 3655 826 virtutis

2013 851 2155 915 boni
2187 853 2541 929 Clementis,
2575 864 2633 916 et
2665 855 2802 916 talia
2835 856 3080 935 praemia
3102 852 3451 916 sacerdotii.

1775 1154 2024 1221 CAPUT
2066 1155 2170 1221 III.

847 1390 910 1455 S.
951 1391 1276 1456 Clementis
1318 1393 1670 1472 captivitas,
1703 1389 1998 1453 adversus
2028 1387 2366 1454 blanditias
2394 1400 2450 1455 et
2491 1395 2692 1458 minas
2722 1398 3094 1460 constantia.

369 1606 482 1681 IA'.
548 1611 700 1690 Ἐξῆς
755 1622 812 1680 δὲ
868 1626 1032 1703 πέρας
1092 1627 1234 1700 αὐτῷ
1290 1625 1582 1703 λαμϐάνειν
1611 1625 1663 1682 αι
1695 1623 1791 1691 τῆς
1822 1645 1922 1697 μη-

2090 1620 2220 1684 XIV
2250 1622 2545 1705 Deinceps
2558 1635 2754 1689 autem
2776 1628 2830 1689 ei
2852 1629 3030 1691 ﬁnem
3055 1625 3358 1703 incipiunt
3378 1619 3656 1701 accipere

285 1705 410 1782 τρὺς
491 1710 814 1789 προρρήσεις
877 1713 1164 1794 ἄρχονται,
1245 1719 1332 1773 καὶ
1413 1718 1441 1772 ὁ
1494 1721 1587 1772 τοῦ
1644 1711 1922 1790 μαρτυρίου

2014 1710 2219 1773 matris
2242 1715 2750 1791 praedictiones,et
2771 1717 3010 1780 contexi
3034 1717 3236 1777 divina
3257 1731 3478 1776 corona
3501 1727 3658 1770 mar-

285 1797 434 1861 θεῖος
483 1797 855 1860 διαπλέκεσθαι
914 1804 1173 1885 στέφανος
1210 1821 1224 1836 ‘
1296 1807 1488 1882 μικρὸν
1559 1803 1613 1861 δὲ
1681 1803 1922 1875 ἂνωτὲρω

2014 1801 2187 1880 tl'l'ii:
2241 1813 2546 1866 estautem
2573 1827 2606 1866 a
2635 1808 2810 1869 nobis
2837 1810 3028 1870 oratio
3050 1806 3326 1868 ducenda
3355 1802 3528 1883 paulo
3560 1800 3654 1862 al-

285 1887 380 1941 τὸν
437 1885 601 1966 λόγον
636 1899 909 1970 προσῆκον
940 1897 1082 1968 ἡμᾶς
1112 1895 1361 1974 ἀγαγεῖν.
1397 1895 1552 1972 ’Ἄρτι
1598 1893 1922 1960 Modum-

2017 1891 2308 1954 tius.Cum
2345 1896 2757 1958 Diocletianus
2787 1901 3125 1962 Romanum
3159 1893 3523 1974 suscepisset
3544 1890 3654 1951 im;

287 1981 380 2031 νοῦ
431 1978 528 2046 τὴν
604 1951 874 2058 Ῥωμαίων
960 1951 1171 2066 ἀρχὴν.
1219 1951 1620 2061 ἐνεδεξαμῐένου,
1708 1985 1922 2041 κᾶκεῖνο

2143 1951 2190 1953 η
2347 1951 2756 1958 ___-_-,___,_-
2791 1951 3125 1962 ,,ν,,,,,,,,-,
3159 1951 3515 1974 ---ντρην

2016 1982 2340 2060 perium,et
2373 1985 2432 2045 in
2465 2004 2536 2046 eo
2564 1988 2820 2065 primum
2854 2007 3078 2049 annum
3113 1993 3498 2064 ageretmova
3521 1977 3658 2060 qui-

287 2067 504 2142 πρῶτον
534 2069 654 2136 ἔτος
685 2073 772 2130 ἔπ’
803 2073 938 2151 αὒτῇ
973 2073 1220 2153 ἄγοντος,
1255 2077 1411 2132 καινὰ
1469 2075 1566 2150 μὲν
1609 2075 1745 2130 κατὰ
1795 2081 1922 2148 Χρι-

2013 2073 2148 2132 dem
2178 2092 2403 2147 genera
2443 2084 2884 2141 tormentorum
2931 2077 3257 2157 excogitata
3289 2075 3523 2136 fuerant
3550 2068 3654 2132 ad-

289 2165 524 2215 στιανῶν
582 2160 704 2229 εἴδη
755 2165 1002 2241 βασάνων
1047 2165 1416 2240 ἐπινενόηντο,
1451 2166 1622 2222 καινοὶ
1653 2163 1706 2220 δὲ
1739 2171 1922 2241 τρόποι

2011 2179 2218 2224 versus
2243 2165 2613 2228 Christianos
2650 2187 2662 2231 :
2701 2189 2987 2230 novorum
3021 2179 3218 2229 autem
3247 2169 3451 2225 mortis
3471 2177 3658 2240 gene-

292 2247 535 2305 θανάτων
592 2251 910 2328 ἠπείληντο,
971 2256 1057 2312 καὶ
1113 2257 1403 2334 γράμματα
1432 2255 1568 2311 κατὰ
1607 2260 1780 2330 πᾷσαν
1832 2254 1922 2321 τὴν

2013 2269 2144 2312 rum
2177 2255 2354 2316 mina:
2375 2256 2608 2318 fuerant
2635 2259 2946 2320 intentata;
2975 2276 2987 2320 ε
3015 2267 3072 2318 et
3097 2251 3658 2318 mittebanturlitte-

291 2336 530 2428 θποτελῆ
575 2331 857 2416 Ῥωμαίοις
887 2331 1181 2418 ἐπέμπετο,
1216 2346 1316 2424 ἄργ
1329 2345 1443 2402 ουσί
1471 2367 1527 2401 τε
1557 2345 1645 2400 καὶ
1674 2343 1922 2422 ἡγεμόσι,

2015 2359 2097 2402 rae
2120 2362 2225 2422 per
2256 2364 2495 2406 omnem
2529 2355 2918 2428 terram,qua3
2943 2346 3185 2428 parebat
3208 2342 3659 2420 Romanis,quzn

292 2427 553 2506 βιιιαρίοις
604 2432 713 2488 τισί
789 2455 845 2490 τε
929 2437 1017 2491 καὶ
1075 2435 1419 2511 ἀνθυπάτοις,
1483 2435 1737 2507 τιμωρίας
1797 2432 1922 2488 κατὰ

2018 2433 2458 2508 magistratibus
2481 2446 2537 2497 et
2566 2427 3308 2514 prmsidibusﬂicariisque
3323 2442 3380 2493 et
3403 2447 3660 2510 procon-

289 2521 400 2572 τῶν
459 2518 690 2576 εὐσεϐῶν
745 2525 837 2580 καὶ
887 2525 1090 2604 σφαγὰς
1138 2523 1344 2589 ἀδίκους
1371 2523 1795 2600 ἀποφαινόμενοι,
1841 2523 1928 2579 καὶ

291 2603 598 2678 ἀμελήσασι
630 2610 728 2684 μὲν
772 2611 899 2692 περί
943 2615 1104 2670 ταῦτα
1147 2615 1238 2670 τὸν
1279 2614 1402 2670 ’ίσον
1435 2616 1522 2670 καὶ
1553 2613 1734 2678 αὔτοῖς
1766 2613 1928 2669 ἀπει-

289 2692 484 2756 λοῦντα
542 2698 803 2775 κίνδυνον,
869 2702 1198 2761 σπουδάσεται
1247 2701 1301 2760 δὲ
1343 2704 1571 2760 πλοῦτον
1625 2705 1928 2784 ὒπισχνοόη

289 2807 447 2861 μενα,
495 2787 715 2867 δωρεάς,
750 2793 847 2848 καὶ
876 2796 937 2850 τὸ
969 2793 1023 2850 ἐν
1054 2794 1282 2871 πρώτοις
1313 2801 1419 2852 τῶν
1477 2793 1776 2870 βασιλικῶν
1835 2793 1927 2850 εἴ-

287 2898 373 2932 ναι
426 2877 619 2960 φίλων,
681 2881 769 2937 καὶ
827 2885 900 2947 ὡς
958 2882 1108 2948 οὗτός
1168 2883 1310 2939 ἐστιν
1368 2888 1394 2940 ὁ
1451 2889 1516 2960 τῇ
1563 2890 1696 2960 τιμῇ
1726 2884 1928 2947 πάντας

284 2965 573 3048 δπερέξων,
627 2968 776 3032 ὅστις
833 2969 898 3039 δὴ
965 2974 1053 3029 καὶ
1138 2978 1207 3048 τῇ
1267 2975 1390 3044 περί
1462 2981 1631 3029 ταῦτα
1693 2971 1926 3049 δπερέξει

287 3055 517 3134 σπουδῃ.
580 3063 640 3118 Οἱ
699 3067 826 3137 γοῦν
890 3063 1027 3118 κατὰ
1097 3061 1282 3126 πόλεις
1345 3063 1430 3119 καὶ
1487 3062 1672 3142 χώρας
1712 3060 1926 3128 ἀσεϐεῖς

291 3147 579 3229 ἡγεμόνες,
639 3149 955 3227 ὑπέκκαυμα
996 3151 1168 3222 δήπου
1215 3153 1311 3220 τῆς
1345 3154 1546 3209 ἑαυτῶν
1579 3152 1770 3227 μανίας
1829 3153 1926 3220 τὴν

287 3241 381 3292 τοῦ
437 3246 750 3308 κρατοῦντος
793 3242 1104 3316 ποιούμενοι
1161 3244 1469 3322 θεραπείαν,
1545 3243 1670 3313 μίαν
1728 3244 1928 3308 ταύτην

289 3327 512 3404 γνώμην
568 3331 732 3412 εἶχον
799 3333 1012 3412 ὁμοίαν,
1069 3334 1192 3406 μίαν
1249 3336 1445 3408 ὁρμὴν,
1478 3333 1534 3390 ἓν
1595 3332 1676 3390 διὰ
1728 3335 1928 3397 παντὸς

290 3416 633 3495 σπούδασμα,
667 3422 806 3479 ὥστε
862 3421 1167 3499 κατακόψαι
1223 3425 1348 3486 τους
1390 3422 1445 3478 ἐν
1497 3421 1735 3496 εὐσεϐείᾳ
1790 3430 1927 3494 ζῶν-

2015 2521 2249 2581 sulibus
2279 2524 2565 2586 adversus
2599 2527 2724 2606 pios
2757 2527 3049 2607 supplicia
3086 2534 3145 2587 et
3175 2522 3371 2587 caedes
3403 2519 3655 2598 injustas

2013 2611 2750 2699 signiﬁcebnnt,etiis,qui
2784 2617 2843 2678 in
2877 2617 2951 2677 iis
2981 2617 3232 2677 fuissent
3257 2609 3652 2699 negligentes,

2013 2703 2246 2776 mquale
2279 2697 3053 2786 minabanturﬁpericulum;
3085 2705 3162 2767 iis
3186 2713 3411 2775 autem,
3433 2697 3533 2776 qui
3560 2697 3654 2757 di-

2013 2787 2275 2864 ligenter
2305 2793 2557 2854 fuissPnt
2586 2797 3030 2876 exsecuti,opes
3071 2787 3654 2875 pollicebantur,do-

2015 2890 2176 2946 na,et
2195 2899 2327 2943 esse
2348 2883 2506 2944 inter
2525 2886 2750 2962 primos
2773 2886 3000 2947 amicos
3022 2884 3420 2965 imperatoris;
3437 2887 3649 2944 eteum

2015 2969 2244 3031 honore
2274 2990 2484 3034 omnes
2505 2992 2638 3036 esse
2669 2974 3222 3055 superaturum,qui
3255 2973 3314 3034 in
3351 2971 3442 3030 his
3474 2965 3654 3029 rebus

2010 3057 2194 3121 fuerit
2225 3063 2426 3122 studio
2459 3067 2752 3144 superior.
2782 3065 2890 3137 Qui
2924 3085 3065 3144 ergo
3094 3066 3154 3125 in
3186 3061 3436 3124 urbibus
3463 3071 3524 3118 et
3551 3073 3654 3117 re-

2010 3148 2288 3226 gionibus
2330 3162 2503 3216 erant
2561 3155 2734 3231 impii
2795 3156 3105 3236 prses-des,
3156 3173 3223 3214 ex
3262 3147 3558 3226 obsequio
3591 3148 3652 3204 in

2013 3238 2347 3319 principem
2382 3243 2670 3306 ducentes
2693 3264 2815 3306 suae
2844 3246 3109 3306 fomitem
3138 3240 3406 3313 insaniae,
3443 3239 3502 3299 in
3538 3237 3653 3299 hoc

2011 3329 2574 3404 consentiebant,ut
2604 3337 2838 3417 eos.qui
2868 3337 2925 3396 in
2953 3335 3173 3415 pietate
3202 3331 3652 3403 vivebant,con-

2011 3419 2453 3490 scinderent,et
2477 3423 2558 3483 ita
2585 3443 2794 3486 omnes
2823 3426 3096 3488 delerent
3127 3433 3185 3484 et
3206 3424 3281 3484 de
3307 3421 3506 3482 medio
3532 3418 3651 3480 tol-

289 3528 410 3580 τας,
444 3511 532 3566 καὶ
562 3509 729 3576 οὕτως
760 3513 1014 3589 ἐκτρῖψαι
1045 3514 1135 3569 καὶ
1193 3513 1407 3570 ἀνελεῖν
1461 3514 1727 3586 ἅπαντας,
1780 3512 1922 3578 ὅπως

2011 3505 2228 3573 lerent,
2261 3519 2324 3568 ut
2355 3527 2593 3584 eorum,
2629 3514 2728 3591 qui
2765 3513 3053 3574 timebant
3080 3512 3420 3583 Dominum,
3451 3505 3653 3566 nullus

290 3595 474 3666 μηδεὶς
534 3602 720 3666 αὐτοὺς
779 3600 1013 3660 διαλάθοι
1044 3608 1150 3660 τῶν
1182 3601 1524 3676 φοϐουμένων
1566 3605 1658 3658 τὸν
1710 3603 1922 3680 Κύριον.

2011 3597 2313 3660 evaderet.
2345 3597 2549 3681 Itaque
2580 3602 2650 3661 ad
2690 3603 3088 3664 Domitianum
3123 3617 3390 3682 quoque,
3425 3595 3528 3677 qui
3557 3594 3652 3654 vi-

289 3685 508 3758 Ἀμέλει
552 3692 641 3748 καὶ
679 3699 990 3767 Δομετιανῷ
1018 3713 1124 3749 τινι
1172 3692 1272 3759 τὴν
1318 3699 1410 3748 τοῦ
1453 3693 1692 3766 βικαρίου
1748 3691 1922 3770 ἂρχὴν

2013 3687 2157 3747 carii
2189 3687 2436 3765 gerebat
2473 3692 2905 3766 magistratum,
2939 3702 2999 3754 et
3028 3688 3472 3752 versabaturin
3507 3703 3649 3765 par-

289 3775 472 3857 ἔχοντι
517 3782 604 3837 καὶ
658 3795 775 3848 τοῖς
832 3782 1014 3861 μέρεσι
1044 3784 1144 3848 τῆς
1206 3780 1466 3843 Γαλατίας
1526 3778 1922 3861 ἐνδιατρίϐοντι,

286 3867 353 3924 τὰ
411 3871 546 3928 κατᾶ
594 3872 687 3928 τὸν
748 3871 919 3951 μέγαν
973 3879 1156 3928 τοῦτον
1213 3872 1298 3928 καὶ
1367 3873 1666 3944 θαυμαστὸν
1723 3870 1923 3949 ἀναιρέ-

285 3978 432 4035 ρουσι
497 3959 810 4042 Κλάμεντα,
866 3965 938 4028 ὡς
994 3962 1093 4039 ἄρα
1122 3960 1258 4019 πολύ
1289 3984 1339 4018 τι
1370 3962 1576 4028 νηπίων
1605 3961 1922 4026 ἀποσπάσας

283 4046 512 4130 πλῆθος,
572 4057 650 4124 τῷ
700 4050 978 4130 λεγομένῳ
1024 4052 1356 4129 προσαγάγοι
1408 4052 1637 4128 Χριστῷ,
1673 4051 1760 4106 καὶ
1817 4052 1916 4118 τὴν

281 4139 377 4214 μὲν
417 4143 700 4217 θρησκείαν
744 4149 851 4200 τῶν
908 4142 1158 4220 μεγάλων
1213 4145 1370 4220 θεῶν,
1420 4142 1495 4203 ὡς
1539 4140 1662 4196 οἶόν
1710 4161 1766 4195 τε
1797 4137 1917 4196 δια-

280 4227 497 4309 κωλύει,
560 4229 743 4304 ὲκείνῳ
797 4231 852 4287 δὲ
909 4230 1264 4311 προσανέχειν
1311 4231 1434 4294 τοὺς
1494 4227 1724 4292 πολλοὺς
1783 4229 1916 4286 ἀνα·-

279 4320 469 4399 πείθει,
499 4319 596 4377 καῖ
627 4324 798 4392 ζῶντα
829 4322 992 4396 μόνον
1021 4322 1178 4378 αὐτὸν
1210 4322 1455 4398 κηρύττει
1492 4319 1642 4382 Θεόν,

359 4407 475 4468 ΙΕ’.
543 4415 718 4467 Ταῦτα
774 4413 910 4484 ὁμοῦ
965 4431 1024 4465 τε
1064 4412 1386 4485 Δομετιανὸς
1419 4408 1635 4480 ἤκουσε,
1673 4408 1760 4464 καὶ
1786 4409 1922 4483 ὁμου

283 4498 683 4577 κατασχεθῆναι
741 4502 925 4556 τοῦτον
968 4500 1062 4556 καὶ
1098 4503 1473 4578 προσαχθῆναι
1516 4496 1722 4555 κελεύει
1759 4514 1773 4529 ⁸
1811 4519 1920 4552 πα-

2013 3775 2167 3835 tibus
2201 3777 2466 3853 Galatia),
2501 3780 2766 3841 referunt
2788 3782 2865 3842 de
2895 3783 3007 3843 hoc
3042 3799 3252 3860 magno
3285 3786 3348 3839 et
3383 3776 3651 3836 admira-

2008 3866 2116 3926 bili
2158 3866 2657 3944 Clemente,quod
2689 3891 2820 3932 cum
2852 3871 3161 3932 infantium
3196 3884 3468 3944 magnam
3501 3864 3650 3924 abs-

2009 3958 2284 4018 traxisset
2312 3959 2785 4038 multitudinem,
2820 3973 2892 4023 ast
2927 3961 3227 4023 Christum
3265 3955 3366 4032 qui
3399 3954 3644 4025 dicitur,

2006 4046 2422 4124 adduceret,et
2445 4068 2794 4128 magnorum
2815 4051 3066 4112 deorum
3095 4049 3642 4120 cultum,quantum

2007 4146 2233 4216 posset,
2271 4139 2642 4217 prohiberet,
2671 4141 3062 4220 persuaderet
3093 4146 3290 4201 autem
3327 4133 3529 4198 multis
3559 4130 3646 4193 illi

2004 4227 2272 4288 animum
2319 4229 2631 4309 adhibere,
2667 4241 2726 4294 et
2773 4233 2964 4294 vivum
3016 4231 3210 4293 solum
3260 4246 3396 4290 eum
3452 4225 3644 4287 Deum

2007 4318 2358 4396 praedicare.

2083 4405 2204 4468 XV.
2239 4408 2376 4470 Haac
2407 4410 2586 4472 simul
2636 4431 2704 4473 ac
2752 4412 3040 4473 audiisset
3070 4409 3464 4474 Domitianus,
3501 4421 3640 4466 eum

1999 4496 2173 4574 jubet
2201 4499 2441 4562 adduci.
2472 4501 2583 4572 Qui
2627 4521 2760 4563 cum
2792 4503 2970 4583 paulo
3006 4514 3132 4582 post
3158 4510 3294 4562 ante
3325 4515 3460 4557 eum
3493 4513 3644 4556 con-

283 4587 532 4664 ραστάντι
589 4584 643 4643 δὲ
699 4587 819 4662 μετ’
878 4588 938 4642 οὗ
995 4586 1130 4644 πολὺ
1161 4589 1445 4668 προσχὼν,
1492 4585 1733 4650 ὑπούλως
1765 4587 1920 4642 αὐτὸν

2010 4585 2277 4662 stitisset,
2326 4608 2477 4652 eum
2507 4591 2743 4653 blandis
2801 4602 2859 4653 et
2911 4590 3217 4653 insidiosis
3247 4587 3442 4650 verbis
3473 4586 3544 4648 ad
3578 4603 3642 4645 se

283 4677 420 4753 ἄγαν
496 4677 584 4733 καὶ
659 4680 1044 4744 θεραπευτικῶς
1128 4676 1480 4733 ὑποκλέπτειν
1567 4677 1916 4753 ἀπεπειρᾶτο,

2010 4679 2307 4740 attrahere
2339 4681 2670 4742 conabatur
2709 4702 2722 4743 :
2754 4683 2898 4756 Quae
2928 4683 3222 4746 videntur.
3260 4679 3491 4744 dicens.
3528 4694 3643 4736 ne-

283 4764 631 4846 Ἀσύμνρωνα,
665 4765 860 4844 λέγων,
894 4780 1016 4832 ταῖς
1057 4767 1408 4844 κατηγορίαις
1459 4765 1541 4822 ἐπὶ
1595 4772 1688 4821 σοῦ
1717 4767 1803 4821 καὶ
1859 4766 1922 4821 οὗ

2010 4786 2300 4848 quaquam
2335 4772 2695 4832 conveniunt
2723 4785 2784 4832 et
2809 4780 3144 4847 congruunt
3171 4771 3265 4837 iis.
3315 4787 3450 4846 quae
3479 4767 3554 4827 de
3591 4774 3644 4826 te

280 4853 488 4930 συνῳδα
549 4857 615 4912 τὰ
643 4857 887 4933 ὁρώμενα
921 4872 936 4886 ⁸
969 4855 1031 4912 τό
1060 4876 1116 4912 τε
1147 4857 1248 4934 γὰρ
1293 4861 1392 4921 τῆς
1446 4855 1649 4930 ὄψεως,
1705 4854 1799 4910 καί
1857 4855 1920 4910 τὸ

2010 4856 2198 4919 allata:
2219 4861 3120 4932 sunt,accusationibusviiltus
3150 4861 3308 4922 enim
3337 4857 3644 4937 et~pecies

279 4952 373 5004 τοῦ
430 4947 854 5024 παραστήματος
913 4945 1149 5025 εὗγενὲς,
1209 4944 1348 5001 ἀλλὰ
1393 4944 1486 5000 καί
1527 4946 1589 5000 τὸ
1638 4945 1731 4999 τοῦ
1760 4941 1916 5010 ἤθους

2010 4946 2289 5019 liberalis,
2353 4969 2705 5032 morumque
2765 4952 3162 5013 mansuetudo
3195 4961 3252 5011 et
3285 4947 3638 5017 moderatio,

279 5035 509 5097 ἐπιεικές
569 5056 626 5091 τε
678 5036 766 5091 καὶ
826 5036 1036 5113 μέτριον
1066 5039 1291 5102 συνετῆς
1352 5056 1443 5108 μοι
1487 5031 1698 5089 δοκοῦσι
1731 5036 1916 5111 ψυχῆς

2010 5035 2146 5098 mihi
2171 5039 2415 5100 omnino
2441 5031 2721 5101 videntur
2742 5043 3054 5121 prudentis
3078 5053 3135 5102 et
3159 5037 3400 5118 ingenui
3426 5034 3634 5096 animi.

276 5124 446 5182 πάντα
503 5125 592 5180 καί
664 5123 958 5202 ἕλευθέρας.
1019 5123 1088 5180 ²Ἀ
1148 5122 1204 5180 δὲ
1259 5123 1362 5180 ὑπό
1425 5145 1581 5178 τινων
1642 5123 1779 5178 κατὰ
1823 5129 1916 5179 σοῦ

2010 5130 2131 5198 Quae
2155 5142 2345 5187 autem
2369 5134 2436 5188 de
2459 5143 2514 5189 te
2538 5136 2684 5191 dicta
2711 5145 2848 5190 sunt
2869 5137 2941 5192 ab
2981 5135 3297 5204 aliquibus,
3332 5138 3468 5187 sunt
3498 5142 3642 5201 pue-

275 5213 543 5285 λέλεκται,
579 5211 924 5273 ἀπαιδευσίας
958 5212 1161 5286 μᾶλλον
1221 5210 1601 5290 μειρακιώδους
1647 5213 1735 5267 καὶ
1765 5212 1912 5287 γνώ-

274 5324 380 5376 μης
442 5300 778 5378 ἆνελευθὲρου
829 5303 916 5360 καὶ
970 5302 1221 5380 ἀγεννοῦς
1255 5317 1270 5332 ⁸
1335 5302 1464 5359 αὔτα
1508 5298 1562 5356 δὲ
1617 5299 1767 5374 ὅμως
1799 5297 1909 5356 δεί-

271 5393 342 5457 ξει
373 5391 438 5447 τὰ
470 5393 759 5470 πράγματα
795 5412 808 5427 ·
845 5394 1092 5466 εἰσόμεθα
1123 5392 1222 5470 γὰρ
1266 5392 1328 5448 ἂν
1363 5391 1466 5446 ἀπὸ
1525 5396 1616 5446 σοῦ
1662 5391 1789 5467 ῥᾷον
1847 5392 1909 5446 τὸ

269 5481 488 5562 ἀληθὲς,
549 5481 665 5560 εἴγε
716 5483 879 5560 μικρά
936 5504 1052 5538 τινα
1103 5481 1301 5560 χαρίσῃ
1346 5486 1444 5548 τῆς
1491 5480 1753 5544 συνέσεως
1810 5485 1909 5546 τῆς

271 5577 367 5640 σῆς
426 5573 563 5647 ἡμῖν
621 5572 858 5650 ῥήματα.
897 5573 992 5631 Καῖ
1024 5574 1051 5627 ὁ
1081 5572 1280 5649 μάρτυς
1317 5587 1329 5600 ⁸
1368 5570 1435 5627 Ἢ
1494 5570 1771 5650 φρόδησις,
1818 5572 1908 5624 εἷ-

1996 5211 2124 5272 rilis
2158 5213 2352 5290 pmius
2377 5214 2654 5288 inscitize,
2683 5218 3000 5298 pusillique
3025 5217 3209 5278 animi
3233 5226 3286 5277 et
3323 5215 3496 5294 plane
3518 5212 3638 5275 illi-

1995 5301 2370 5367 beralis.Res
2395 5324 2535 5366 vero
2567 5306 2694 5386 ipsa
2727 5307 2782 5368 id
2811 5307 3217 5369 indicabit.Ex
3244 5314 3300 5366 te
3320 5304 3480 5364 enim
3501 5322 3640 5366 vera

1997 5391 2300 5454 discemus
2333 5395 2652 5476 facilius,si
2679 5415 2866 5477 pauca
2889 5397 3158 5473 quaedam
3193 5392 3432 5456 dederis
3456 5399 3639 5456 verba

1997 5489 2110 5543 tua;
2128 5485 2712 5566 prudentimMartyr
2733 5495 2932 5547 autem
2960 5503 2973 5548 :
3003 5484 3235 5555 Nostra,
3266 5485 3636 5565 inquit,pt‘u-

1995 5571 2196 5634 dentia
2229 5582 2285 5635 et
2307 5573 2705 5655 intelligentia
2732 5585 2822 5637 est
2853 5573 3145 5655 Christus,
3205 5574 3304 5657 qui
3357 5585 3446 5636 est
3496 5595 3636 5642 vere

270 5683 392 5739 πεν,
438 5663 594 5735 ἡμῶν
651 5665 739 5719 καὶ
808 5664 843 5731 ἡ
905 5663 1110 5728 σύνεσις
1165 5662 1388 5739 Χριστός
1446 5659 1587 5718 ἐστιν
1650 5666 1682 5727 ἡ
1741 5661 1907 5726 ὅντως

2010 5663 2309 5744 sapientia,
2351 5665 2451 5747 qui
2502 5666 2610 5728 Dei
2667 5674 2759 5727 est
2815 5663 3006 5728 Patris
3035 5664 3222 5728 Filius
3254 5673 3312 5728 et
3341 5664 3631 5748 Verbum,
