4054 6204
425 342 542 413 827

1714 345 1996 412 MENSIS
2053 347 2085 410 ,1
2090 347 2195 413 ΑΝ
2206 347 2509 412 UARIUS.

3685 344 3816 421 828

429 483 604 564 cujus
629 480 812 574 verbo
865 481 1157 563 producta
1205 489 1345 545 sunt
1387 483 1614 574 omnia,
1645 501 1680 545 a
1710 503 1828 565 quo
1872 483 2068 567 ipsum

2160 489 2336 567 σοφία,
2399 492 2546 549 ὃτοῦ
2589 498 2721 551 Θεοῦ
2786 493 2875 551 καὶ
2931 493 3138 574 Πατρδς
3198 494 3316 558 Υἱὸς
3361 495 3449 552 καὶ
3505 495 3715 573 Λόγος,
3750 498 3820 552 οὗ

435 590 680 659 quoque
708 573 914 636 dicere
945 581 1005 636 et
1034 591 1251 654 sapere
1281 591 1389 635 nos
1419 571 1738 640 habemus.

505 753 1067 834 XVI.Bespondens
1089 764 1288 818 autem
1313 754 1594 818 vicarius:
1621 755 2079 836 Me,inquit,per

425 844 598 920 deos,
623 844 879 907 aﬁ'ecisti
913 846 1215 918 molestia,
1249 863 1385 909 cum
1437 847 1543 908 has
1577 855 1801 926 praeter
1831 863 2074 907 omnem

423 951 594 1014 spem
618 934 815 995 statim
843 935 916 996 ab
936 936 1107 996 initio
1133 953 1320 1014 nugas
1343 934 1553 996 dicere
1570 933 1850 1015 cmperis.
1876 933 1994 996 Sed
2027 939 2078 995 si

425 1023 576 1086 mihi
603 1023 958 1090 credas.has
989 1026 1200 1105 longas
1232 1044 1418 1104 nugas
1453 1025 1705 1087 multum
1739 1024 1940 1086 valere
1970 1026 2076 1104 ju-

425 1113 598 1188 bens,
636 1114 770 1176 veni
805 1125 862 1176 et
887 1116 1005 1176 diis
1037 1115 1314 1177 sacriﬁca
1351 1115 1652 1196 propitiis,
1686 1134 1898 1176 eorum
1935 1115 2075 1196 qui-

425 1202 700 1285 dem,qui
730 1223 834 1266 eos
867 1216 1264 1267 contemnunt
1297 1205 2068 1286 etinﬁciantur,supplicia,

421 1312 632 1357 eorum
659 1305 858 1356 autem
893 1295 1237 1376 rursus,qui
1264 1303 1632 1357 venerantur
1650 1314 1706 1357 et
1727 1295 2072 1370 colunt,ho-

424 1402 607 1446 nores
642 1394 952 1464 reputans.
991 1385 1214 1447 Eorum
1257 1405 1421 1460 vero,
1459 1405 1592 1466 quae
1621 1384 1926 1461 dicuntur,
1962 1404 2074 1449 nos

425 1473 538 1537 tibi
571 1492 779 1536 sumus
805 1476 1282 1556 exemplum,qui
1318 1495 1427 1556 per
1457 1479 1618 1555 ipsos
1649 1476 1720 1537 ad
1749 1477 1908 1538 hunc
1942 1496 2073 1556 per-

422 1564 704 1628 venimus
728 1567 1233 1646 magistratum,et
1259 1566 1541 1629 beneﬁcii
1564 1567 1783 1642 gratias
1805 1567 1895 1629 eis
1916 1567 2071 1629 refe-

423 1655 1002 1729 rimus,houorando
1035 1660 1274 1737 eos,qui
1308 1657 1473 1737 ipsos
1505 1657 1802 1727 colunt,et
1833 1658 2071 1737 suppli-

427 1746 540 1809 ciis
569 1746 884 1809 afﬁciendo
915 1767 1019 1809 eos
1047 1747 1151 1828 qui
1183 1747 1399 1809 nolunt
1425 1766 1636 1827 parere
1669 1749 1813 1811 Cum
1839 1748 1912 1810 ad
1947 1748 2072 1810 haec

2157 575 2304 659 λόγῳ
2359 583 2619 664 παρήχθη
2675 585 2737 641 τὸ
2797 590 2926 660 πᾶν,
2971 582 3098 663 παρ’
3150 584 3211 641 οὗ
3240 587 3327 644 καὶ
3357 585 3484 644 αὐτὸ
3513 586 3575 643 τὸ
3620 584 3817 665 λέγειν

2159 689 2214 724 τε
2245 671 2332 728 καὶ
2359 685 2575 750 φρονεῖν
2607 675 2774 748 ἡμεῖς
2803 673 3031 754 ἔχομεν.

2239 760 2372 834 ις’.
2409 754 2720 822 ιΙ⁹πολαϐιῖυν
2764 763 2818 820 δὲ
2877 768 2904 822 ὁ
2932 766 3198 845 βικάριος,
3239 764 3544 834 Ἐλύπησάς
3577 788 3671 842 με,

2161 850 2278 917 τοὺς
2336 852 2507 928 θεούς,
2540 853 2667 934 ἔφη,
2703 855 2921 912 τοιαῦτα
2951 857 3094 932 παρὰ
3149 862 3324 914 πᾶσαν
3379 854 3565 914 ἐλπίδα
3623 855 3816 938 φλυα-

2159 954 2273 1018 ρεῖν
2328 943 2390 999 ὲκ
2433 945 2729 1022 προοιμίων
2767 947 2914 1010 εὐθὺς
2972 945 3264 1025 ἀρξάμενος
3299 962 3314 977 ⁸
3376 944 3496 1003 ἀλλ’
3538 944 3676 1004 εἴτι
3715 969 3818 1024 μοι

2161 1031 2337 1107 πείθῃ,
2397 1035 2576 1112 μακρὰ
2633 1048 2754 1099 τοῖς
2816 1052 3051 1114 μακροῖς
3108 1039 3318 1100 τούτοις
3349 1035 3534 1116 λήροις
3588 1039 3817 1117 χαίρειν

2159 1121 2348 1201 εἰπὼν,
2401 1125 2556 1179 θύσον
2613 1122 2919 1204 προσελθὼν
2984 1139 3097 1189 τοῖς
3175 1127 3417 1204 εὐμενέσι
3472 1130 3647 1208 θεοῖς,
3697 1133 3817 1184 τῶν

2156 1210 2253 1284 μὲν
2307 1210 2633 1270 ἇθετούντων
2695 1215 2880 1278 αὐτοὺς
2944 1225 3034 1273 καὶ
3090 1215 3428 1294 ἀρνουμένων
3477 1217 3572 1282 τὰς
3619 1239 3812 1294 τιμω-

2155 1300 2293 1380 ρίας,
2351 1304 2456 1358 τῶν
2513 1301 2567 1358 δὲ
2627 1305 3024 1382 θεραπευόντευν
3101 1305 3263 1364 πάλιν
3321 1311 3420 1365 καὶ
3494 1306 3813 1384 σεϐομένων

2154 1392 2248 1454 τὰς
2294 1393 2454 1466 τιμὰς
2499 1392 2982 1472 ἀναλογισάμενος.
3020 1397 3118 1455 Καί
3159 1417 3244 1454 σοι
3283 1396 3630 1476 παράδειγμα
3694 1402 3813 1457 τῶν

2155 1480 2463 1559 λεγομένων
2492 1483 2684 1559 ἡμεῖς,
2721 1504 2770 1544 οι
2800 1483 2867 1542 δι’
2903 1488 3076 1544 αὐτῶν
3110 1487 3184 1552 εἷς
3238 1489 3440 1556 ταύτην
3487 1490 3586 1556 τὴν
3619 1489 3811 1570 ἀρχὴν

2155 1574 2546 1648 προελθόντες,
2619 1575 2707 1631 καὶ
2787 1577 3014 1655 χάριτας
3069 1577 3254 1642 αὐτοῖς
3311 1583 3411 1646 τῆς
3469 1577 3808 1659 εὐεργεσίας,

2155 1663 2250 1725 τάς
2295 1684 2351 1719 τε
2412 1665 2540 1742 πρὸς
2598 1665 2721 1730 τοὺς
2781 1663 3100 1740 σεϐομένους
3154 1668 3340 1743 τιμὰς,
3373 1669 3461 1726 καὶ
3520 1670 3616 1732 τας
3670 1671 3812 1749 πρὸς

2154 1753 2276 1816 τοὺς
2309 1756 2388 1827 μη
2433 1754 2778 1828 πειθομένους
2841 1759 3028 1822 αὐτοῖς
3085 1757 3223 1814 θύειν
3249 1757 3498 1824 κολάσεις
3529 1761 3816 1840 παρέχον-

423 1835 530 1898 ille
569 1837 828 1911 risisset,
867 1847 927 1898 ut
976 1849 1067 1899 est
1113 1849 1617 1910 consentaneum,
1652 1837 1811 1918 quod
1875 1838 2071 1899 dono-

2160 1863 2268 1907 τες.
2332 1844 2468 1922 Πρὸς
2526 1849 2692 1900 ταῦτα
2731 1843 2964 1923 γελάσας
3005 1846 3214 1912 ἐκεῖνος
3259 1850 3333 1911 ὡς
3364 1849 3530 1922 εἰκὸς,
3573 1835 3818 1908 sitiat

426 1943 586 1999 rum,
621 1926 837 2005 quibus
871 1928 1241 2002 afﬁceretur,
1289 1936 1346 1988 et
1400 1927 1665 2007 turpium
1701 1930 2077 1992 meminisset

425 2017 751 2092 honorum,
777 2027 837 2079 et
869 2028 1208 2098 promptum
1229 2020 1362 2099 ejus
1394 2016 1582 2080 animi
1616 2017 1876 2079 studium
1917 2019 2077 2082 vide-

423 2115 594 2171 retur
623 2104 718 2169 his
749 2108 1082 2169 dissolvere
1119 2127 1130 2165 τ
1168 2109 1285 2171 Sed
1325 2128 1431 2170 nos
1477 2109 1749 2189 quidem,
1787 2110 2004 2188 inquit,
2041 2130 2074 2174 ο

426 2198 973 2278 praeses,sentimus
998 2200 1090 2260 his
1107 2199 1806 2271 contraria,etdamnum
1827 2201 2070 2276 quidem

424 2295 623 2350 vestra
641 2289 825 2365 dona;
846 2295 1136 2351 honorem
1163 2299 1388 2364 autem,
1411 2289 1828 2370 ignominiam;
1856 2300 1914 2352 et
1939 2311 2070 2352 ma-

423 2377 736 2458 gistratum
766 2397 899 2441 esse
925 2391 1198 2460 putamus
1229 2380 1578 2441 servitutem
1607 2399 1622 2455 ;
1673 2381 2073 2445 contumelias

425 2485 566 2531 vero
589 2469 1128 2550 rursus,supplicia
1153 2481 1217 2532 et
1242 2471 1831 2551 minas,voluptatem
1865 2481 1926 2535 et
1960 2473 2072 2535 de-

422 2557 868 2642 licias,etquod
895 2571 984 2623 est
1010 2563 1100 2624 his
1127 2564 1340 2640 majus,
1372 2579 1508 2622 cum
1529 2559 1652 2623 Deo
1679 2563 2067 2643 conjunctio-

425 2666 588 2711 nem.
622 2648 762 2712 Haec
785 2670 920 2712 cum
941 2660 999 2713 tu
1019 2653 1202 2724 scias,
1239 2669 1350 2714 nec
1383 2651 1698 2732 promissis
1730 2663 1790 2714 et
1817 2653 2070 2715 honori-

425 2737 768 2821 bus,neque
788 2759 1000 2803 rursus
1023 2741 1200 2804 minis
1223 2750 1283 2803 et
1303 2741 1646 2822 suppliciis,
1665 2743 1974 2806 existimes
2011 2753 2072 2807 te

425 2849 606 2912 posse
637 2851 746 2894 nos
775 2831 1080 2897 abducere
1108 2854 1142 2896 a
1174 2834 1420 2911 pietate.

505 2919 686 2985 XVII.
717 2921 856 2986 Haec
887 2924 1174 3005 paulatim
1209 2923 1528 2986 mavebant
1560 2924 1827 2986 animum
1863 2924 2074 2987 Domi-

425 3011 679 3088 tiano,et
713 3025 985 3076 sanctum
1027 3015 1230 3077 acrius
1261 3015 1544 3078 intuens:
1588 3014 1711 3094 Ego
1742 3023 1824 3091 te,
1851 3014 2071 3095 inquit,

426 3102 672 3168 omnino
696 3101 808 3166 feci
832 3108 1476 3184 arrogantiorem,cum
1499 3123 1596 3167 me
1617 3105 1677 3166 in
1704 3114 1760 3167 te
1780 3113 1896 3166 tam
1924 3105 2073 3166 leni-

2158 1930 2357 2010 δωρεᾶς
2412 1935 2540 2012 πρὸς
2577 1935 2734 1992 αὐτὸν
2765 1938 2792 1992 ὁ
2824 1933 3010 2014 ἅρχων
3057 1939 3145 1993 καὶ
3205 1947 3374 2013 τιμῶν
3433 1945 3541 1996 τῶν
3597 1941 3816 2015 ἀτίμων

2157 2021 2451 2097 ἐμέμνητο,
2485 2025 2574 2081 καὶ
2605 2025 2823 2089 τούτους
2858 2024 3062 2081 ἐκλύείν
3091 2029 3250 2084 αὐτὸν
3279 2025 3451 2085 ἐδόκει
3503 2034 3603 2097 της
3662 2051 3810 2106 προ-

2155 2113 2365 2193 θυμίας,
2397 2112 2551 2170 Ἀλλ’
2583 2116 2772 2189 ἡμεῖς,
2825 2118 2869 2172 ὦ
2902 2114 3113 2195 ἄρχων,
3149 2115 3274 2198 ἔφη,
3308 2118 3371 2175 τὰ
3405 2116 3626 2176 ἐναντία
3655 2118 3806 2195 μᾶλ-

2156 2199 2248 2257 λον
2307 2224 2618 2282 φρονουντες
2689 2204 2874 2280 ἐσμεν,
2938 2207 3024 2261 καὶ
3105 2206 3302 2283 ζημίαν
3360 2207 3464 2282 μέν
3519 2209 3614 2272 τὰς
3675 2207 3808 2286 παρ’

2156 2292 2299 2365 Eptth
2359 2289 2582 2369 δωρεὰς,
2616 2292 2831 2370 ἀτιμίαν
2860 2292 2915 2350 δὲ
2950 2297 3047 2363 τὴν
3081 2296 3261 2371 τιμήν,
3329 2298 3416 2353 καὶ
3459 2297 3557 2364 τὴν
3615 2297 3804 2378 ἀρχὴν

2156 2378 2395 2438 δουλείαν
2427 2383 2724 2460 ἡγούμεθα,
2759 2382 2907 2462 ὕϐριν
2953 2384 3007 2441 δέ
3039 2385 3200 2444 πάλιν
3259 2387 3347 2442 καὶ
3393 2388 3653 2466 τιμωρίας
3709 2389 3804 2446 καὶ

2155 2469 2407 2552 ἀπειλὰς,
2439 2471 2642 2544 ἡδονὴν
2672 2481 2838 2531 ταῦτα
2883 2478 2971 2532 καὶ
3012 2476 3235 2556 τρυφὴν,
3280 2477 3368 2534 καὶ
3412 2477 3474 2533 τό
3505 2499 3566 2556 γε
3611 2486 3804 2552 μεῖζον

2154 2562 2285 2641 πρὸς
2333 2565 2464 2620 Θεὸν
2495 2565 2788 2628 οἱκείωσιν,
2822 2573 2988 2623 τοῦτο
3048 2567 3224 2622 τοίνυν
3271 2565 3451 2646 εἰδὼς,
3499 2567 3627 2644 μήθ’
3658 2570 3804 2626 ὓπο-

2154 2654 2372 2734 σχέσεσι
2409 2656 2500 2711 καὶ
2532 2654 2888 2730 τιμαῖς,μήτ’
2921 2655 3178 2720 ἀπειλαῖς
3213 2657 3374 2715 πάλιν
3407 2660 3498 2714 καὶ
3519 2661 3804 2739 τιμωρίαις

2153 2743 2272 2801 οἴου
2303 2745 2432 2801 ποτὲ
2465 2753 2591 2823 γοῦν
2616 2746 2927 2815 ἀποστῆσαι
2963 2749 3061 2814 τῆς
3093 2746 3362 2812 εὖσεϐείας
3394 2751 3564 2824 ἡμᾶς,

2239 2923 2343 2986 ιΖ’.
2378 2931 2555 2982 Ταῦτα
2588 2927 2726 2982 κατὰ
2753 2927 2944 3004 μικρὸν
2987 2925 3149 2985 ἐκίνει
3206 2927 3296 2985 τὸν
3327 2927 3494 3004 θυμὸν
3527 2935 3804 3002 Δομετια-

2157 3021 2270 3088 νοῦ,
2346 3015 2434 3070 καὶ
2517 3016 2651 3093 πρὸς
2727 3023 2818 3072 τὸν
2894 3013 3048 3096 ἅγιον
3103 3015 3412 3096 δριμύτερον
3465 3014 3798 3095 suosua“,

2154 3103 2301 3182 Ἐγώ
2363 3125 2448 3180 σε,
2524 3104 2650 3186 ἔφη,
2712 3107 2929 3171 πάντως
2999 3105 3381 3186 αὐθαδέστερον
3439 3109 3797 3188 εἰργασάμην,

422 3201 521 3260 ter
539 3193 999 3273 gesserim.Non
1023 3206 1113 3258 est
1137 3203 1338 3257 autem
1362 3195 1659 3264 mirum.si
1685 3214 1826 3258 cum
1849 3205 1910 3257 tu
1939 3214 2069 3274 per-

2160 3193 2320 3258 οὕτως
2366 3193 2626 3259 ἐπιεικῶς
2673 3219 2756 3254 σοι
2803 3199 3183 3279 προσενεχθείς
3215 3217 3228 3231 ·
3281 3200 3585 3274 θαυμαστὸν
3614 3195 3670 3256 δὲ
3700 3202 3798 3259 οὗ·

426 3293 612 3369 petno
643 3284 822 3347 vitam
855 3303 992 3364 agas
1025 3305 1161 3348 cum
1199 3285 1568 3366 pueris,non
1601 3285 1943 3347 absimilem
1982 3284 2071 3347 eis

423 3395 670 3440 sensum
705 3374 1254 3438 habeas.Caeterum
1284 3376 1396 3437 nisi
1424 3383 1485 3436 et
1506 3376 1654 3437 deos
1680 3375 1933 3455 placaris
1963 3393 2068 3437 sa-

424 3467 699 3542 criﬁciis,
736 3474 794 3528 et
821 3466 962 3528 hinc
995 3474 1260 3527 nostram
1295 3465 1675 3528 lucrifeceris
1708 3465 2071 3527 benevolen-

425 3557 596 3630 tiam,
629 3558 786 3621 scias
815 3576 1047 3639 poenam
1081 3557 1293 3620 mortis
1340 3575 1473 3619 esse
1525 3554 1632 3618 tibi
1663 3555 2065 3633 subeundam,

423 3667 700 3730 eamque,
735 3668 854 3711 non
904 3667 1038 3728 quae
1062 3647 1326 3710 breviter
1346 3656 1408 3710 et
1428 3648 1546 3709 cito
1569 3647 1875 3718 aﬁeratur,
1914 3654 1976 3707 ut
2009 3655 2068 3708 tu

423 3735 684 3800 fortasse
713 3737 1180 3809 existimaveris,
1223 3737 1326 3799 sed
1363 3736 1565 3799 multis
1599 3736 1766 3816 prius
1798 3745 1856 3798 et
1891 3737 2070 3798 variis

423 3827 638 3891 affecto
670 3827 1244 3910 suppliciis,deinde
1268 3829 1446 3889 etiam
1479 3846 1617 3888 esse
1645 3827 2066 3906 gravissimum

421 3919 840 3982 sustinendum
864 3919 1106 3979 modum
1130 3917 1436 3988 mortis,ut
1458 3924 1517 3978 et
1539 3917 1667 3995 ipse
1692 3917 1883 3978 malus
1913 3917 2070 3979 male

419 4007 812 4082 abolearis,et
841 4016 939 4070 tuo
965 4006 1240 4087 exemplo
1265 4008 1521 4086 castiges
1551 4007 1876 4069 multorum
1903 4025 2070 4068 arro-

419 4099 681 4180 gantiam
697 4145 710 4162 .

473 4185 1083 4251 XViIl.Admirabilis
1103 4205 1243 4249 vero
1259 4187 1556 4251 Clemens:
1575 4186 1868 4260 Quoniam
1893 4187 2065 4262 mihi,

2153 3283 2262 3358 δὲν,
2311 3287 2356 3342 εἰ
2399 3285 2628 3350 παιδίοις
2659 3289 2753 3344 τὸν
2782 3287 2870 3344 ἁεί
2903 3290 3101 3368 χρόνον
3133 3285 3583 3364 συνδιαιτώμενος
3612 3311 3796 3355 παρα-

2158 3373 2387 3445 πλήσιον
2430 3374 2658 3441 ἐκείνοις
2689 3376 2854 3457 ἔσχες
2887 3380 2947 3434 τὸ
2977 3379 3252 3460 φρόνημα,
3301 3376 3454 3446 Πλὴν
3497 3376 3620 3436 ἀλλ’
3648 3381 3693 3436 εἰ
3717 3378 3798 3456 μη

2151 3466 2240 3522 καὶ
2281 3466 2404 3532 τοὺς
2447 3467 2598 3530 θεοὺς
2642 3470 2843 3532 θυσίαις
2913 3466 3198 3547 ὶξιλεώση,
3256 3470 3345 3525 καὶ
3389 3490 3488 3536 την
3530 3467 3796 3547 ἡμετέραν

2153 3554 2390 3613 ἐντεῦθεν
2439 3554 2717 3631 κερδήσεις
2781 3557 3084 3633 εὖμένειαν,
3121 3558 3232 3616 ἴσθι
3276 3558 3358 3614 ὅτι
3419 3558 3649 3622 θανάτός
3711 3579 3794 3615 σοι

2153 3645 2304 3703 ἔσται
2347 3649 2407 3704 τὸ
2463 3647 2756 3726 ἐπιτίμιον,
2818 3650 2906 3705 καὶ
2951 3649 3110 3712 οὗτος
3141 3652 3236 3708 οὒκ
3267 3647 3322 3706 έν
3356 3649 3587 3729 βραχεῖ,
3621 3649 3794 3706 καθά-

2151 3757 2250 3814 περ
2307 3736 2368 3794 ἂν
2413 3737 2570 3801 αὐτὸς
2615 3740 2827 3815 οἰηθῇς,
2869 3740 2958 3795 καὶ
3012 3740 3184 3819 ταχὺς
3230 3738 3596 3816 ἐπαγόμενος,
3658 3736 3796 3796 ἀλλᾶ

2153 3826 2386 3892 πολλαῖς
2436 3827 2696 3908 πρότερον
2754 3827 2985 3894 ἐκδοθεὶς
3043 3831 3134 3886 καὶ
3192 3827 3461 3892 ποικίλαις
3522 3841 3644 3890 ταῖς
3705 3850 3793 3885 τι-

2153 3919 2403 3997 μωρίαις,
2456 3920 2583 3976 εἶτα
2639 3921 2728 3977 καὶ
2782 3917 2978 3996 τρόπον
3027 3917 3286 3984 τελευτῆς
3332 3919 3612 3994 ὕποστάσῃ
3639 3918 3794 3996 βαρύς

2149 4031 2338 4083 τατον,
2394 4011 2468 4075 ὡς
2527 4010 2587 4066 ἃν
2653 4009 2816 4074 κακός
2876 4031 2935 4067 τε
2978 4010 3140 4074 αὐτὸς
3183 4009 3364 4074 κακῶς
3393 4005 3671 4086 ἐκτριϐᾗς,
3709 4009 3796 4066 καὶ

2151 4100 2504 4177 σωφρονήσῃς
2535 4107 2641 4156 τῶν
2673 4099 2892 4156 πολλῶν
2921 4100 3022 4166 τὴν
3053 4097 3336 4158 ἀπόνοιαν.

2232 4189 2346 4248 1Η’.
2385 4191 2482 4247 Καὶ
2507 4191 2534 4245 ὁ
2563 4191 2869 4263 θαυμαστὸς
2899 4187 3131 4264 Κλήμης
3169 4208 3182 4223 ⁹
3217 4185 3370 4247 Ἐπεί
3407 4210 3502 4263 μοι
3562 4187 3630 4244 τὰ
3687 4192 3792 4244 τῶν

421 4278 642 4360 inquit,
677 4295 896 4356 pueros
931 4277 1176 4356 objicis,
1210 4296 1345 4356 ego,
1379 4279 1594 4359 inquit,
1630 4278 1831 4340 studui
1865 4279 2068 4358 pueris

2160 4276 2351 4334 παίδων
2384 4277 2460 4334 ἔτι
2489 4278 2828 4358 προσφέρεις,
2886 4279 2996 4355 ἐγὼ
3053 4279 3154 4355 μὲν
3206 4277 3440 4335 ἐνθεῖναι
3492 4277 3658 4358 φρένα
3708 4278 3796 4334 καὶ

423 4387 554 4433 eam
589 4367 797 4430 indere
834 4367 1237 4446 prudentiam,
1267 4388 1442 4448 quam
1490 4370 1769 4448 ignorant.
1795 4369 1898 4449 qui
1929 4378 2069 4430 sunt

2160 4369 2361 4434 νηπίοις
2417 4367 2744 4446 ἇσπούδασα,
2776 4367 2839 4436 ἢν
2898 4369 2945 4425 οί
2997 4366 3120 4442 παρ’
3175 4368 3307 4442 ὑμῖν
3356 4366 3640 4445 ἆγνοοῦσιν
3694 4365 3792 4423 ἄν·

423 4457 585 4541 apud
617 4475 718 4519 vos
745 4457 876 4532 viri,
911 4466 970 4518 et
993 4475 1063 4519 ex
1098 4458 1188 4520 his
1218 4457 1368 4538 ipsis
1399 4460 1498 4540 qni
1533 4468 1678 4520 sunt
1700 4461 1976 4521 seniores
2006 4467 2067 4520 et

2160 4457 2288 4538 Ξρες,
2335 4458 2424 4516 καὶ
2483 4460 2682 4514 τοῖτων
2732 4459 2907 4514 αὒτῶν
2961 4461 3009 4515 οἱ
3051 4455 3399 4536 πρεσϐύτεροι
3457 4458 3545 4514 καὶ
3603 4457 3786 4537 σοφώ-

423 4548 1005 4628 sapientiores.Nam
1039 4567 1170 4628 qua}
1193 4557 1285 4610 est
1306 4567 1445 4611 vere
1473 4548 1576 4611 Dei
1608 4548 2063 4630 sapientia,sei-

2160 4571 2316 4620 τεροι,
2351 4551 2418 4605 Ἣ
2471 4548 2573 4627 γὰρ
2603 4547 2769 4607 ὄντως
2800 4548 2959 4628 σοφία
2991 4550 3083 4604 τοῦ
3131 4556 3266 4606 Θεοῦ
3312 4545 3617 4639 ἀπέκρυψεν
3651 4546 3786 4639 ,ἑαυ-

429 4655 596 4718 psam
629 4637 943 4699 abscondit
973 4657 1004 4698 a
1041 4639 1422 4716 sapientibus
1456 4651 1517 4701 et
1551 4639 1970 4720 prudentibus,
2005 4647 2067 4702 et

2160 4640 2248 4706 τὴν
2276 4639 2382 4695 ἀπὸ
2415 4645 2594 4716 σοφῶν
2623 4640 2712 4695 καὶ
2755 4638 3008 4710 συνετῶν,
3063 4639 3154 4696 καὶ
3213 4635 3528 4711 ἄπεκάλοψε
3579 4633 3786 4703 δηλαδὴ

425 4727 1005 4791 revelavitvidelicet
1021 4728 1612 4794 infnntibusGlorior
1624 4735 1820 4790 autem
1845 4738 1903 4790 et
1923 4747 2068 4808 prae-

2160 4731 2386 4796 νηπίοις.
2423 4727 2665 4808 Εύχομαι
2710 4726 2765 4785 δὲ
2808 4729 2896 4785 καὶ
2937 4728 3137 4794 θυσίαις
3196 4737 3605 4804 προσενεγκεῖν,
3651 4723 3786 4784 ἀλλὰ

426 4817 566 4881 dico
595 4836 690 4880 me
721 4819 939 4880 oﬂ’erre
965 4819 1400 4892 sacriﬁcia,sed
1434 4819 1556 4881 Deo
1591 4836 1722 4880 meo
1746 4818 2072 4880 rationabi-

428 4908 511 4971 lia
544 4925 560 4971 :
595 4917 814 4980 non,ut
845 4909 1291 4987 ipsi,torrentes
1317 4909 1980 4988 sanguinis,fumosque
2012 4919 2070 4971 et

429 4997 696 5068 uideres.
727 4998 949 5079 quibus
977 5017 1102 5073 eos,
1133 4999 1232 5079 qui
1265 5008 1402 5060 sunt
1439 4999 1598 5080 apud
1631 5017 1755 5073 vos,
1781 4999 1930 5060 deos
1960 5018 2070 5060 co-

428 5088 576 5162 litis,
611 5088 701 5151 vel
739 5087 993 5150 maxime
1014 5098 1227 5167 praeter
1252 5088 1752 5162 rationem.Quod
1786 5090 1836 5151 si
1869 5108 2067 5151 meum

416 5175 771 5256 sanguinem
799 5194 903 5255 pro
926 5177 1054 5258 ipso
1074 5178 1515 5252 sacriﬁcavero,
1540 5184 1618 5240 ita
1643 5179 1791 5240 mihi
1826 5197 2068 5260 quoque

2147 4825 2225 4893 τῷ
2259 4826 2376 4892 Θεῷ
2406 4841 2508 4893 μου
2537 4819 2630 4881 τὰς
2663 4817 2886 4896 λογικάς
2919 4835 2932 4849 ·
2969 4818 3073 4898 οὐχ
3103 4817 3284 4891 ὥσπερ
3335 4816 3488 4874 αὒτοί
3547 4812 3784 4896 χειμάρ-

2147 4912 2269 4988 ρους
2328 4908 2594 4984 αἱμάτων,
2653 4910 2744 4966 καί
2812 4909 3072 4982 καπνοὺς,
3131 4908 3220 4965 καί
3265 4908 3515 4978 κνίσσας,
3547 4905 3636 4969 οἶς
3668 4905 3784 4968 τοὺς

2149 4995 2274 5076 παρ’
2329 4999 2461 5073 ὑμῖν
2518 5000 2666 5062 θεοὺς
2710 4997 3031 5077 ἁλογώτατα
3073 4997 3413 5076 θεραπεύετε.
3473 4997 3532 5054 Εἰ
3591 4991 3644 5051 δὲ
3701 4994 3786 5052 καί

2147 5092 2209 5148 τὸ
2252 5091 2452 5148 οἰκεῖον
2493 5090 2623 5168 ὑπὲρ
2668 5089 2828 5146 αὐτοῦ
2857 5089 3138 5147 καταθύσω
3179 5087 3347 5162 αἷμα,
3382 5085 3670 5164 γενήσεταί
3697 5107 3785 5161 μοι

2147 5182 2238 5238 καί
2293 5180 2483 5252 οὕτως,
2543 5182 2588 5237 εἰ
2644 5181 2735 5237 καί
2794 5181 2873 5254 μὴ
2930 5193 3051 5242 τοῖς
3107 5178 3276 5259 ἴσοις,
3308 5175 3447 5233 ἀλλὰ
3477 5175 3567 5233 καί
3609 5177 3784 5238 ποσῶς

417 5265 698 5342 aderit,si
733 5287 850 5328 non
883 5285 953 5330 ex
978 5286 1180 5348 aequo,
1213 5278 1270 5330 at
1292 5269 1492 5350 aliqua
1518 5287 1588 5331 ex
1615 5286 1783 5350 parte
1809 5270 2064 5333 Domino

2160 5277 2276 5348 γοῦν
2305 5272 2398 5328 τὸν
2431 5270 2560 5345 ἐμὸν
2614 5271 2894 5336 Δεσπότην
2940 5269 3292 5346 ἀμείψασθαι.
3345 5266 3443 5325 Καί
3477 5263 3636 5329 αὐτὸς
3689 5264 3784 5343 γὰρ

417 5374 559 5421 meo
593 5357 783 5420 vicem
812 5357 1172 5439 rependere.
1207 5359 1448 5422 Etenim
1487 5378 1604 5433 me,
1637 5358 1878 5422 Christe
1912 5361 2061 5434 Rex,

2160 5382 2242 5437 αε,
2300 5361 2494 5439 Χριστὲ
2551 5359 2797 5439 βασιλεῦ,
2858 5365 2935 5433 τῷ
2989 5365 3067 5432 σῷ
3125 5358 3289 5435 τιμίῳ
3329 5354 3659 5435 έξηγόρασας
3691 5353 3784 5410 ai-

417 5448 550 5515 iose
581 5458 682 5512 tuo
717 5449 982 5532 pretioso
1015 5448 1326 5513 redemisti
1356 5450 1672 5530 sanguine.
2151 5473 2304 5527 ματι.
