4054 6204
257 365 381 438 8‘29

1307 361 1497 432 VlTA
1547 364 1610 430 S.
1670 363 2110 430 CLEMENTIS
2165 363 2590 430 ANCYRANI.

3527 339 3645 436 830

1750 583 1998 650 CAPUT
2051 583 2153 649 IV.

1334 794 1588 860 Atracia
1617 793 1894 872 Ancyrae
1937 789 2207 855 tolerata
2239 797 2568 856 tormenta.

338 1006 449 1070 ΙΘ’.
511 1014 687 1067 Ταῦτα
735 1015 828 1066 τοῦ
880 1008 1140 1086 μάρτυρος
1201 1003 1337 1082 μετὰ
1381 1001 1624 1065 πλείονος
1670 999 1911 1064 εἰπόντος

2078 996 2232 1063 ΧΙΧ.
2280 997 2423 1060 Hac
2454 1019 2588 1062 cum
2625 1011 2848 1082 martyr
2878 1020 3011 1064 cum
3049 1023 3262 1083 magna
3291 1004 3549 1070 dixisset
3571 1009 3643 1070 fi-

253 1102 361 1165 τῆς
411 1097 734 1177 παρῤησίας,
777 1097 932 1175 ῥίψας
990 1099 1053 1154 τὸ
1107 1106 1454 1176 προσωπεῖον
1510 1094 1537 1148 6
1582 1090 1790 1171 ἅρχων,
1850 1089 1915 1158 ἢν

259 1185 420 1245 ὥδινε
464 1187 582 1244 κατ’
656 1188 818 1246 αὐτοῦ
876 1186 1050 1244 παλαι
1110 1184 1305 1262 μανίαν
1364 1183 1564 1248 ταύτην
1620 1183 1693 1244 εἰς
1751 1179 1916 1256 μέσον

259 1275 518 1357 ζζξῆγςιγεο
578 1281 668 1337 καὶ
728 1280 1150 1354 μετεωρίσαντες
1204 1278 1251 1333 οἱ
1320 1278 1659 1352 παρεστῶτες
1725 1269 1914 1331 εὐθέως

261 1367 353 1426 ἰπὶ
404 1367 560 1435 ξύλου
586 1371 678 1426 τὸν
725 1367 992 1441 ἀθλητὴν,
1023 1367 1190 1431 οὕτως
1221 1363 1313 1422 ὑπ’
1360 1366 1518 1423 αὐτοῦ
1549 1364 1914 1440 προσταχθεν,

261 1455 522 1525 διέξαινὸν
567 1481 626 1516 τε
667 1458 830 1516 αὐτοῦ
882 1459 978 1522 τὰς
1029 1456 1282 1536 πλευρὰς,
1317 1457 1410 1512 καί
1467 1459 1572 1510 τῶν
1623 1451 1916 1529 βασιλικῶν

261 1550 697 1628 προσταγμάτων
768 1549 849 1623 μὴ
905 1547 1306 1628 καταφλυαρεῖν
1363 1551 1584 1603 τοιαῦτα
1632 1542 1912 1620 ἐπέλεγον.

264 1642 487 1696 Βαθεῖαι
548 1640 646 1715 μὲν
679 1641 767 1696 οὖν
813 1640 949 1696 κατᾶ
979 1645 1086 1696 τῶν
1141 1639 1346 1696 ἔκείνου
1375 1641 1586 1715 σαρκῶν
1632 1633 1916 1710 ὲτέμνοντο

261 1726 520 1802 αὕλακες,
573 1730 663 1787 καὶ
719 1729 786 1787 τὰ
842 1729 1078 1785 πλεῖστα
1140 1727 1343 1785 τούτων
1401 1725 1687 1806 ἀφῃρεῖτο,
1730 1724 1818 1780 καὶ
1875 1724 1910 1790 ἡ

258 1815 410 1876 ἔνδον
465 1824 876 1897 παρεγυμνοῦτο
948 1815 1281 1890 διάπλασις,
1340 1817 1416 1880 ὡς
1484 1813 1622 1890 μηδὲ
1690 1813 1911 1870 ἀνεκτὸν

255 1909 548 1988 ἀνθρώπων
585 1910 890 1988 ὀφθαλμοῖς
950 1908 1096 1964 εἶναι
1157 1906 1356 1982 θέαμα.
1411 1897 1468 1963 ’0
1520 1902 1566 1960 δ’
1598 1906 1693 1962 οὐκ
1750 1902 1910 1959 ἔπαθε

251 2000 355 2068 τὴν
413 1999 625 2080 ψυχὴν,
657 2003 754 2059 οὒκ
798 1998 1066 2067 ἦλλοίωσε
1113 2000 1210 2065 τὴν
1263 1997 1499 2078 μορφὴν,
1533 1997 1594 2054 οὒ
1649 1991 1910 2070 μετέϐαλε

253 2091 357 2158 τὴν
413 2091 624 2171 φωνὴν,
657 2093 717 2149 οὗ
767 2089 919 2168 ῥῆμα
973 2086 1208 2144 ἐλεεινὸν
1267 2085 1442 2165 οὐδὲν,
1497 2087 1558 2143 οὗ
1613 2085 1912 2161 στεναγμὸν

253 2180 463 2263 ἀφῆκεν
513 2179 869 2256 ὀδυνωμένου.
927 2175 1080 2236 Ἀλλ’
1133 2177 1314 2254 ὥσπερ
1358 2173 1424 2244 δὴ
1468 2181 1574 2233 τῶν
1632 2196 1910 2254 παρεστη-

257 2270 436 2329 κότων
492 2272 585 2329 καὶ
636 2269 921 2345 θεωμένων
990 2266 1238 2333 πλείονος
1295 2265 1504 2342 μᾶλλον
1549 2266 1706 2328 αὒτὸς
1771 2265 1909 2322 ἀπο-

2001 1089 2201 1166 ducia,
2255 1089 2493 1170 abjecla
2534 1111 2789 1172 persona
2839 1111 3087 1174 praeses,
3147 1113 3322 1175 quam
3385 1096 3528 1158 olim
3581 1099 3644 1160 in

2001 1181 2196 1260 ipsum
2254 1182 2627 1262 parturiebat
2676 1183 3000 1263 insaniam,
3063 1203 3194 1246 eam
3257 1186 3536 1264 produxit
3583 1189 3643 1250 in

2001 1270 2266 1332 medium
2303 1289 2317 1334 :
2353 1279 2412 1334 et
2441 1291 2578 1334 cum
2611 1273 2937 1335 sublimem
2971 1293 3157 1353 super
3185 1273 3412 1356 lignum
3444 1279 3642 1340 statim

1997 1362 2280 1423 athletam
2334 1362 2723 1424 sustulissent
2771 1365 2868 1441 qui
2921 1363 3190 1438 aderant,
3243 1367 3401 1446 quod
3460 1369 3507 1430 is
3566 1368 3646 1430 ita

1989 1451 2299 1531 jussisset,
2335 1451 2466 1532 ejus
2499 1453 2692 1516 latera
2722 1453 3052 1528 laniabant,
3103 1462 3162 1515 et
3205 1456 3641 1532 acclamabant,

1996 1542 2258 1621 uejussa
2276 1551 2695 1605 contemneret
2713 1544 3120 1622 imperatoris.
3141 1545 3430 1607 Profundi
3448 1547 3646 1628 itaque

1997 1631 2151 1694 sulci
2212 1632 2578 1694 secabantur
2637 1635 2698 1695 in
2759 1634 2924 1695 illius
2971 1634 3278 1710 carnibus,
3331 1646 3389 1698 et
3437 1656 3643 1699 earum

1997 1741 2210 1801 magna
2261 1741 2399 1804 pars
2447 1723 2860 1800 auferebatur,
2910 1735 2968 1786 et
3021 1726 3216 1787 forma
3267 1726 3640 1790 internorum

1993 1812 2381 1892 aperiebatur
2429 1814 2754 1886 viscerum,
2811 1823 2981 1877 utne
3031 1814 3341 1876 hominum
3397 1817 3639 1899 quidem

1994 1903 2190 1966 oculis
2221 1913 2380 1966 esset
2412 1903 2790 1966 tolerandum
2821 1905 3256 1986 spectaculum.
3307 1905 3413 1969 [Ile
3443 1917 3642 1970 autem

1996 2011 2115 2055 non
2144 2002 2236 2056 est
2266 1993 2468 2057 animo
2503 2003 2863 2069 commotus,
2901 2014 3020 2056 non
3070 1995 3314 2058 mutavit
3364 1997 3641 2072 formam,

1995 2103 2116 2146 non
2161 2102 2400 2159 vocem,
2449 2104 2569 2148 non
2599 2085 2844 2148 verbum
2879 2086 3084 2148 emisit
3115 2086 3486 2162 miserabile,
3525 2105 3644 2149 non

1991 2175 2279 2254 gemitum
2315 2175 2450 2254 ejus
2481 2174 2583 2256 qui
2617 2175 2833 2238 dolore
2862 2177 3169 2238 cruciatur
3203 2197 3216 2238 :
3252 2177 3357 2240 sed
3393 2176 3646 2258 perinde

1990 2283 2059 2327 ac
2079 2265 2128 2327 si
2152 2273 2309 2328 esset
2339 2265 2617 2327 securior
2647 2265 2742 2340 iis,
2769 2267 2872 2347 qui
2905 2267 3154 2328 aderant
3183 2275 3239 2328 et
3271 2267 3645 2347 contempla-

259 2361 436 2420 λαύων
490 2359 663 2436 ἀδίας,
711 2360 799 2417 καὶ
848 2365 954 2417 τῶν
1011 2355 1295 2424 ξαινόντων
1339 2358 1512 2415 αὐτῶν
1559 2355 1911 2434 ἂπαθέστεροδ

1998 2353 2237 2430 bantur,
2267 2364 2324 2416 et
2346 2355 2549 2418 minus
2572 2356 2825 2418 sentiret
2847 2375 3026 2436 quam
3052 2357 3283 2438 ipsiqui
3307 2355 3640 2431 caedebant,

263 2449 623 2528 διακείμενος,
673 2454 900 2528 εὐγενῶς
949 2446 1188 2524 μάλιστα
1235 2447 1324 2504 καὶ
1370 2446 1777 2526 μεγαλοψύχως
1837 2450 1912 2518 τῷ

262 2540 575 2621 ἂγωνοθέτῃ
607 2545 724 2616 Θεῴ
753 2540 1098 2620 ηὒχαρίστει.

347 2632 414 2692 κ’
427 2681 443 2696 .
498 2623 594 2697 Ὠς
624 2630 680 2689 δὲ
711 2631 908 2712 χρόνος
941 2627 1175 2706 ἐτρίϐετο
1225 2635 1292 2706 τῇ
1321 2629 1550 2706 τιμωρίᾳ
1599 2626 1790 2707 πολὺς,
1823 2628 1911 2685 καὶ

265 2733 527 2802 παρεῖντο
569 2721 669 2797 μὲν
710 2732 829 2783 τοῖς
884 2716 1097 2796 δημίοις
1155 2721 1207 2776 αἱ
1259 2731 1470 2798 χεῖρες,
1517 2720 1546 2776 6
1601 2718 1799 2796 μάρτυς
1855 2713 1910 2773 δὲ

264 2813 368 2882 τὴν
411 2813 579 2880 αὖτὴν
624 2807 958 2868 ἱπεδείκνυτο
1011 2808 1387 2886 γενναιότητα,
1437 2807 1780 2888 ὑποχαλάσαι
1823 2808 1915 2865 τὸν

261 2906 420 2963 τόνον
465 2903 624 2960 αὐτου
652 2902 751 2967 τῆς
813 2897 1051 2978 ἆνδρείας
1093 2898 1414 2976 βουλόμενος
1469 2900 1498 2956 6
1561 2899 1768 2976 ἅρκων.
1822 2897 1914 2965 Μὴ

261 2994 476 3072 νόμιζε,
512 2991 696 3063 εἶπεν,
728 2989 774 3046 ὧ
827 2988 1005 3063 οὗτος,
1056 2991 1146 3046 καὶ
1192 2989 1351 3046 αὑτὸν
1396 2989 1494 3063 ὶμὲ
1541 2995 1608 3065 τῇ
1667 2989 1914 3068 καρτερίᾳ

257 3081 613 3161 ὑπερϐαλεῖν
660 3078 781 3136 ἀλλ’
827 3080 872 3136 εἰ
901 3078 998 3136 καῖ
1047 3080 1110 3136 τὸ
1147 3081 1278 3136 πολὺ
1325 3081 1424 3146 τῆς
1456 3077 1601 3157 ὥρασ
1631 3079 1820 3157 μικρόν
1862 3101 1914 3135 τι

262 3174 360 3237 τὰς
416 3170 594 3238 δεξιὰς
625 3169 830 3245 καμεῖν
875 3169 995 3234 τοὺς
1028 3168 1299 3235 ξαίνοντας
1343 3169 1761 3248 παρεσκεύασεν,
1792 3167 1914 3226 ἀλλ’

257 3263 370 3343 ἆγὼ
429 3260 591 3322 πάλιν
644 3259 856 3339 ἑτέρους
911 3259 1360 3327 ἆντικαταστῆσω
1424 3282 1508 3317 σοι
1565 3260 1806 3337 νεαροὺς,
1859 3261 1912 3317 οἳ

258 3358 321 3414 οὗ
380 3372 639 3430 προτερον
685 3351 946 3420 ἀνήσουσι
1006 3347 1256 3423 ξαίνοντι,
1293 3349 1420 3429 πρὶν
1481 3350 1545 3405 ἂν
1601 3350 1774 3427 γυμνά
1831 3373 1914 3408 σοι

257 3449 470 3523 σαρκῶν
539 3441 606 3498 τὰ
661 3441 796 3498 ὀστᾶ
869 3438 1233 3498 καταλίπωσι.
1311 3439 1408 3497 Καὶ
1480 3438 1667 3496 αὐτίκα
1723 3438 1911 3515 δήμιοι

261 3532 429 3592 πάλιν
489 3531 552 3589 ἔκ
614 3527 876 3609 διαδοχῆς
948 3531 1041 3586 τὸν
1112 3528 1351 3606 μάρτυρα
1421 3529 1788 3608 περιστάντες,
1849 3529 1915 3585 τὰ

263 3624 428 3701 ὅμοια
485 3622 672 3678 τοῦτον
701 3621 790 3677 καὶ
823 3621 1009 3682 αὐτοῖς
1068 3631 1184 3681 τοῖς
1216 3617 1493 3696 προτέροις
1544 3620 1780 3698 ἓποίουν,
1810 3617 1911 3683 ἕως

1998 2462 2214 2524 magno
2245 2443 2444 2508 animo
2481 2444 2694 2525 agebat
2725 2446 2946 2523 gratias
2974 2445 3098 2508 Deo
3130 2446 3534 2526 agonotbetm.

2073 2621 2195 2685 XX.
2225 2623 2373 2686 Cum
2403 2643 2542 2688 vero
2571 2625 2631 2686 in
2661 2626 2790 2706 ejus
2811 2625 3109 2706 supplicio
3135 2625 3386 2687 multum
3415 2633 3642 2706 tempo-

1997 2714 2640 2790 risconsumeretur,et
2661 2715 2930 2778 remissa:
2947 2717 3192 2798 quidem
3213 2724 3417 2779 essent
3435 2734 3644 2778 manus

1999 2802 2344 2879 lictoribus,
2379 2812 2602 2886 martyr
2629 2816 2829 2868 autem
2876 2807 3156 2870 eumdem
3196 2807 3413 2870 fortem
3445 2815 3502 2869 et
3535 2825 3643 2886 ge-

1999 2913 2285 2956 nerosum
2319 2896 2666 2958 ostenderet
2696 2896 2991 2974 animum,
3024 2897 3230 2960 volens
3262 2916 3482 2978 praeses
3511 2895 3641 2960 dis-

1997 2984 2236 3046 solvere
2268 2984 2442 3046 fortis
2473 2985 2603 3065 ejus
2634 2988 2823 3050 animi
2868 2987 3077 3062 robur,
3122 2987 3281 3062 Noli,
3332 2987 3552 3068 inquit,
3609 3007 3643 3049 ο

2001 3082 2085 3151 ιυ,
2121 3075 2467 3137 existimare
2491 3076 2643 3152 fore,
2667 3089 2732 3139 ut
2762 3088 2822 3140 tu
2848 3097 2942 3140 me
2967 3095 3218 3157 superes
3247 3076 3639 3140 fortitudine:

1996 3164 2100 3227 sed
2151 3165 2260 3226 etsi
2292 3165 2536 3245 longum
2573 3176 2808 3248 tempus
2841 3168 3132 3244 effecerit,
3167 3176 3227 3228 ut
3257 3185 3491 3240 eorum,
3540 3166 3643 3249 qui

1995 3255 2258 3330 caedunt,
2277 3255 2542 3318 dexterae
2563 3257 2682 3319 sint
2701 3277 2911 3339 parum
2929 3258 3203 3330 defessae,
3221 3270 3279 3319 at
3305 3275 3413 3336 ego
3435 3275 3644 3320 rursus

1997 3363 2210 3409 eorum
2245 3345 2375 3408 loco
2406 3347 2556 3408 alios
2591 3367 2808 3427 ponam
2840 3357 3138 3424 recentes,
3175 3349 3281 3429 qui
3326 3366 3444 3409 non
3477 3347 3645 3428 prius

1999 3445 2054 3499 te
2086 3435 2412 3498 cessabunt
2442 3438 2697 3511 credere,
2732 3457 2912 3519 quam
2969 3438 3130 3501 nuda
3179 3439 3462 3500 carnibus
3506 3455 3646 3502 ossa

1998 3533 2096 3587 tua
2129 3525 2513 3606 reliquerint.
2539 3526 2874 3610 Statimque
2898 3528 3142 3590 lictores
3165 3547 3234 3590 ex
3256 3529 3645 3592 successione

1994 3633 2209 3676 rursus
2243 3625 2564 3694 martyiem
2598 3617 3136 3692 circumsistentes,
3185 3617 3240 3679 ei
3272 3637 3511 3700 quoque
3556 3619 3644 3681 si-

264 3715 354 3774 καὶ
383 3716 571 3775 αὐτοῖς
629 3709 826 3786 ὁμοίως
865 3707 1044 3766 ἅτονοί
1101 3729 1158 3765 τε
1201 3709 1288 3765 καὶ
1344 3707 1585 3773 ἀσθενεῖς
1615 3710 1666 3763 αἱ
1725 3721 1911 3787 χεῖρες

2000 3707 2164 3768 milia
2196 3704 2495 3767 faciebant
2525 3705 2854 3782 prioribus,
2885 3707 3080 3769 donec
3105 3707 3192 3768 eis
3222 3728 3460 3788 quoque
3482 3708 3645 3770 simi-

265 3804 638 3869 κατέστησαν.
680 3804 742 3859 Ὃ
773 3801 949 3858 τοίνυν
999 3798 1228 3866 ἀνόητος
1277 3795 1448 3878 ἄρχον
1495 3797 1727 3878 ἓκεῖνος,
1760 3803 1917 3856 τοῦτο

266 3917 367 3971 μεν
415 3900 508 3952 τοῦ
560 3892 824 3970 μάρτυρος
876 3890 974 3959 τὴν
1007 3889 1284 3968 καρτερίαν
1333 3885 1730 3966 καταπλαγείς,
1764 3897 1916 3946 τοῦτο

259 3985 320 4043 δί
372 3983 440 4061 τῇ
470 3984 655 4056 ἀτονία
703 3988 811 4039 τῶι
840 3979 1048 4056 δημίων
1098 3979 1494 4059 ἐπαισχυνθεὶς,
1528 3983 1913 4054 κατενεψθῆνοι

257 4060 424 4134 αὖτὸν
460 4071 670 4130 κελεύει
718 4078 810 4128 τοῦ
868 4069 1046 4136 ξύλου.
1109 4060 1166 4129 Ὀ
1225 4067 1280 4127 δὲ
1311 4069 1377 4137 ἧν
1427 4067 1528 4146 ἄρα
1576 4071 1696 4125 οἷον
1755 4067 1910 4126 οὔτε·

254 4163 466 4241 δημίων
510 4161 646 4220 ἰδεῖν
703 4160 1001 4240 ὀφθαλμοί,
1037 4159 1154 4218 οὔτε
1204 4174 1394 4241 χεῖρες
1451 4159 1719 4232 ὑπέμενον
1760 4158 1910 4235 ἄψα-

255 4259 406 4313 σθαι⁶
471 4251 790 4332 γεγύμνωτο
859 4252 958 4326 μὲν
1017 4252 1119 4328 γὰρ
1175 4257 1284 4307 τῶν
1355 4248 1567 4323 σαρκῶν
1625 4247 1775 4323 ὅλος,
1824 4251 1912 4307 καὶ

252 4345 449 4407 ταύτας
509 4344 748 4419 καθάπερ
776 4342 992 4416 ἱμάτιον
1043 4339 1364 4414 ἁποδέδυτο,
1396 4345 1546 4416 μόνῳ
1588 4337 1644 4396 δὲ
1703 4338 1906 4418 ἄνθρω-

254 4457 357 4500 πος
406 4438 549 4491 εἰναι
582 4435 660 4507 τῷ
687 4432 937 4508 πήγματι
995 4432 1102 4488 τῶν
1133 4431 1306 4489 ὀστῶν
1348 4431 1528 4504 ἐῴκει,
1562 4431 1651 4485 καὶ
1703 4431 1908 4494 τούτοις

256 4524 452 4601 α’ίματι
500 4521 910 4602 κεχρωσμένοις
968 4521 1278 4599 παράλογόν
1319 4542 1370 4577 τι
1418 4519 1616 4598 θέαμα,
1666 4518 1760 4575 καί
1810 4521 1909 4588 τὴν

254 4613 381 4692 ὄψιν
411 4613 628 4671 αὐτόθεν
671 4611 881 4690 ἰλίγγου
910 4609 975 4668 π)
987 4618 1148 4689 ηροῦν
1179 4609 1490 4685 δυνάμενον.

347 4881 486 4944 KA'.
519 4877 642 4962 Ἐφ’
699 4884 785 4945 οἷς
815 4881 878 4936 τὸ
929 4878 1201 4957 βιάζεσθαι
1259 4880 1349 4936 καὶ
1400 4876 1646 4951 κολάζειν
1702 4878 1908 4944 ἐκεῖνος

263 4973 661 5052 ἀπαγορεύσας,
694 4974 770 5035 ὡς
822 4969 970 5029 οὒδὲδ
1017 4969 1160 5044 αὗτῷ
1212 4968 1373 5048 φανὲν
1398 4970 1698 5050 χρήσιμον,
1731 4973 1910 5025 πειθοῖ

263 5064 398 5140 πρὸς
457 5063 616 5122 αὐτὸν
666 5061 817 5128 αὖθις
878 5060 1080 5141 ἐχρῆτο
1137 5057 1233 5115 καί
1293 5060 1607 5132 προσηνείᾳ⁶
1651 5061 1772 5132 καὶ,
1808 5059 1909 5114 Δύο

261 5175 378 5226 σοι,
414 5152 622 5230 ἔλεγεν,
654 5152 700 5209 ὦ
733 5151 957 5230 Κλήμη,
989 5155 1096 5206 τῶν
1145 5149 1456 5216 ἀνηκέστων
1487 5151 1687 5207 τούτων
1729 5149 1910 5206 κακῶν

259 5243 549 5324 γεγόνασιν
581 5241 759 5319 αἴτια,
803 5242 994 5322 φθόνος
1040 5241 1126 5297 καὶ
1158 5239 1287 5315 ἔρις
1343 5236 1465 5296 ἁλλ’
1508 5239 1662 5314 ὃμὲν
1719 5239 1908 5318 φθόνος

262 5355 348 5390 σοι
404 5332 550 5411 παρὰ
597 5336 700 5398 τῆς
759 5333 937 5411 τύχης
993 5330 1336 5408 ἀπήντησεν,
1392 5328 1504 5392 ἥτις
1550 5328 1636 5385 καὶ
1677 5329 1909 5404 βασκαί-

265 5423 427 5482 νουσά
482 5443 569 5478 σοι
619 5422 837 5486 πάντως
870 5422 966 5478 οὒκ
1004 5420 1068 5497 ἒῇ
1108 5421 1246 5478 κατὰ
1297 5426 1416 5476 νοῦν
1473 5432 1678 5497 χωρεῖν
1711 5442 1795 5476 σοι
1843 5420 1910 5476 τὰ

262 5514 574 5594 πράγματα.
633 5510 730 5570 Ἐκ
771 5510 826 5568 δὲ
886 5512 1091 5592 φύσεως
1145 5511 1207 5567 τὸ
1255 5507 1582 5575 φιλόνεικον·
1637 5504 1767 5575 αὕτη
1807 5509 1908 5586 γὰρ

263 5603 339 5668 εἷς
401 5599 623 5679 ἄκαιρόν
669 5623 728 5658 σε
795 5599 957 5660 πάλιν
1024 5599 1363 5678 ὅποθήγουσα
1432 5597 1564 5676 ἔριν,
1629 5597 1908 5666 πεισθῆναι

259 5694 398 5773 ἡμῖν
439 5691 706 5775 ἀπείργει,
752 5693 842 5753 καὶ
890 5691 976 5752 διὰ
1029 5697 1187 5753 τοῦτο
1243 5702 1435 5756 κακοῖς
1492 5688 1589 5767 μέν
1636 5709 1692 5745 σε
1752 5709 1908 5770 περι-

1998 3797 2136 3858 liter
2159 3813 2371 3856 manus
2395 3795 2715 3858 imbecillae
2740 3795 3058 3858 fueruntet
3078 3796 3476 3858 defessaeJlle
3499 3817 3642 3876 ergo

1996 3885 2212 3949 stultus
2233 3903 2483 3966 praeses,
2502 3885 2716 3967 partim
2742 3885 2984 3962 quidem
3009 3887 3344 3948 admiratur
3366 3887 3644 3966 martyris

1994 3976 2413 4048 constantiam,
2433 3977 2645 4056 partim
2661 3984 2857 4037 autem
2881 3977 3111 4057 pudore
3124 3976 3371 4038 affectus
3394 3985 3640 4056 propter

1995 4067 2271 4128 lictorum
2326 4063 2831 4140 imbecillitatem,
2878 4066 3062 4147 jussit
3111 4084 3247 4127 eum
3294 4065 3515 4145 deponi
3564 4065 3640 4128 de

1995 4155 2302 4234 ligno.llle
2333 4174 2472 4216 vero
2508 4155 2641 4218 talis
2675 4165 2822 4231 erat,
2860 4157 3099 4238 qualern
3133 4175 3244 4218 nec
3275 4156 3433 4218 oculi
3466 4155 3642 4218 licto-

1995 4264 2126 4307 rum
2161 4245 2459 4326 aspicere,
2496 4264 2694 4325 neque
2725 4265 2937 4307 manus
2967 4245 3347 4308 sustinebant
3371 4255 3639 4324 tangere,

1996 4343 2124 4396 erat
2159 4334 2319 4396 enim
2357 4335 2608 4396 omnino
2642 4337 2904 4397 nudatus
2935 4334 3244 4410 carnibus,
3281 4336 3488 4416 eisque
3519 4349 3642 4399 tan-

1994 4443 2172 4502 quam
2196 4433 2362 4487 veste
2394 4434 2520 4486 erat
2552 4433 2766 4488 exutus
2793 4447 2806 4489 :
2842 4425 3032 4487 solum
3059 4434 3258 4487 autem
3295 4436 3639 4507 propterea,

1993 4515 2150 4596 quod
2183 4523 2388 4576 essent
2411 4533 2547 4576 ossa
2573 4515 2711 4588 ﬁxa,
2748 4515 2927 4576 homo
2962 4533 3096 4577 esse
3127 4513 3474 4587 videbatur;
3509 4534 3643 4596 qua:

1993 4606 2121 4686 ipsa
2147 4623 2388 4685 quoque
2404 4613 2576 4666 erant
2597 4603 2750 4666 illita
2772 4604 3391 4686 sanguine,quoddam
3421 4625 3639 4669 novum

1995 4705 2052 4758 et
2083 4695 2349 4756 alienum
2383 4693 2824 4774 spectaculum,
2851 4705 2908 4756 et
2939 4695 3098 4776 quod
3130 4695 3223 4757 vel
3261 4714 3330 4756 cx
3359 4713 3424 4757 se
3457 4701 3644 4777 possit

1995 4785 2236 4846 efﬁcere
2267 4794 2328 4845 ut
2363 4784 2623 4864 cal’gent
2656 4784 2845 4849 oculi.

2075 4873 2225 4936 XXI.
2262 4874 2556 4948 Quocirca
2586 4893 2722 4936 cum
2759 4873 2862 4936 ille
2881 4875 3267 4956 desperasset
3293 4895 3359 4939 se
3383 4896 3560 4958 posse
3587 4878 3642 4940 ei

1995 4963 2110 5024 vim
2133 4964 2350 5025 aﬂ‘erre
2372 4973 2430 5024 et
2449 4963 2986 5046 castigare,ulpote
3009 4966 3166 5046 quod
3193 4971 3244 5028 ei
3271 4966 3456 5027 visum
3482 4975 3646 5029 esset

1935 5053 2233 5141 Dinutile,
2260 5053 2650 5134 persuasione
2682 5073 2891 5115 rursus
2921 5055 3076 5136 apud
3111 5075 3246 5117 eum
3281 5053 3561 5116 utebatur
3583 5066 3643 5118 et

1994 5144 2265 5220 lenitate,
2318 5153 2378 5206 et
2415 5165 2427 5202 :
2463 5142 2607 5205 Duae
2639 5143 2771 5218 tibi,
2806 5144 3032 5220 aiebat,
3066 5165 3098 5206 ο
3131 5145 3432 5212 Clemens.
3472 5145 3639 5208 fuere

1992 5253 2188 5298 causa:
2221 5241 2522 5297 tantorum
2559 5234 2880 5310 malorum,
2935 5235 3158 5297 invidia
3190 5244 3248 5298 et
3278 5239 3586 5298 contentio
3622 5257 3636 5300 :

1990 5325 2098 5388 sed
2129 5324 2202 5387 ad
2239 5332 2295 5388 te
2327 5324 2572 5405 quidem
2597 5343 2631 5385 a
2663 5325 2900 5387 fortuna
2930 5326 3200 5405 pervenit
3233 5323 3475 5398 invidia,
3504 5345 3639 5408 quae

1993 5415 2099 5479 tibi
2129 5414 2376 5476 omnino
2407 5413 2710 5491 invidens,
2739 5434 2857 5477 non
2883 5415 3026 5477 sinit
3047 5433 3146 5477 res
3167 5414 3272 5476 tibi
3304 5415 3638 5480 succedere

1993 5525 2060 5570 ex
2083 5507 2405 5569 sententia.
2432 5510 2477 5566 Α
2503 5514 2714 5567 natura
2733 5514 2936 5568 autem
2962 5515 3052 5566 est
3069 5504 3175 5567 tibi
3199 5507 3540 5569 contentio:
3563 5526 3636 5571 ea

1991 5596 2154 5658 enim
2187 5605 2244 5658 te
2273 5594 2348 5657 ad
2380 5594 2859 5676 intempestivam
2892 5612 3102 5657 rursus
3149 5595 3316 5658 litem
3348 5595 3633 5673 incitans,

1981 5684 2277 5769 .prohibet
2305 5685 2633 5768 quominus
2651 5683 2830 5750 nobis
2857 5702 3103 5768 pareas;
3138 5695 3198 5752 et
3222 5685 3362 5750 ideo
3392 5686 3456 5751 in
3479 5686 3638 5752 mala
