4054 6204
287 310 411 383 833
1341 312 1526 381 VITA
1585 317 1642 379 s.
1691 304 2137 383 CLEMENTis
2191 315 2616 383 ANCYRANI.
3546 317 3666 391 834

377 445 511 519 KA'.
577 457 904 532 Δομετιανὸς
951 455 1004 512 δὲ
1061 467 1180 520 τοϊς
1236 454 1384 520 ὅλοις
1431 454 1827 537 ἀπαγορεύσας,
1873 462 1940 532 τῇ

2101 451 2310 516 XXIV.
2339 451 2719 514 Domitianus
2740 459 2940 513 autem
2968 470 3099 513 cum
3127 452 3373 516 omnino
3394 457 3663 524 animum

288 544 506 625 φυλακῇ
557 545 693 610 τέως
755 545 915 603 αὺτὸν
974 545 1350 624 παραπέμπει,
1413 545 1657 619 οἰόμενος
1717 544 1770 601 δὲ
1836 544 1936 609 ἄρα

2033 543 2466 622 despondisset,
2491 561 2627 605 eum
2651 542 3126 604 rursusmittitin
3140 546 3497 607 custodiam.
3519 549 3664 614 Cum

287 637 367 700 ὡς
424 639 520 695 οὐκ
550 634 612 691 ἂν
669 636 880 693 δύναιτο
924 649 1042 698 τοῖς
1089 657 1148 713 γε
1204 637 1326 692 ποσὶ
1384 635 1620 714 χρῆσθαι
1651 636 1783 713 πρὸς
1839 637 1940 703 τὴν

2033 652 2162 694 vero
2187 641 2426 713 putaret
2448 652 2583 694 eum
2611 652 2728 694 non
2752 651 2926 713 posse
2945 632 3204 712 amplius
3220 635 3304 696 uti
3325 636 3580 716 pedibus
3593 642 3666 703 ad

288 727 545 803 πορείαν,
579 729 674 782 οἷα
727 725 1102 800 τοῦσώματος
1159 728 1304 798 αὐτῷ
1362 737 1484 787 ταῖς
1541 721 1940 800 προλαϐούσαις

2033 722 2512 802 ingrediendum,
2539 722 2695 804 quod
2718 721 3019 802 prioribus
3035 723 3347 801 suppliciis
3361 737 3520 788 esset
3539 749 3668 792 cor-

287 815 575 895 τιμωρῖαις
643 816 1042 889 πεπονηκότος,
1119 813 1446 892 ἑκατέρωθεν
1513 813 1672 870 αὐτὸν
1739 812 1942 870 κελεύει

2033 831 2140 894 pus
2171 812 2533 885 confectum,
2573 812 2750 892 jubet
2798 829 2933 874 eum
2988 812 3270 893 utrinque
3305 817 3528 890 portari
3560 821 3667 882 sed

289 902 762 977 διαϐασνάζεσθαι·
837 904 959 961 ἀλλ’
1047 907 1075 961 6
1144 903 1514 982 ὑποστηρίζων
1590 903 1788 969 πάντας
1861 905 1948 960 καὶ

289 994 530 1074 ἀνορθῶν
591 995 712 1056 τοὺς
785 994 1243 1075 κατεῤῥαγμὲνους
1274 1043 1292 1070 ,
1366 994 1460 1050 οὒκ
1529 991 1682 1050 εἴασε
1760 995 1948 1073 χειρὸς

290 1083 457 1141 αὐτὸν
541 1081 799 1151 δεηθῆναι
883 1082 1246 1161 θεραπευόση;
1316 1083 1376 1140 τὰ
1459 1080 1740 1159 βάδισμα,
1813 1083 1947 1140 ἄλλα

287 1174 419 1240 τοῦς
495 1174 819 1254 προσιόντας
865 1173 1246 1250 ἀπωθούμενος
1317 1179 1425 1229 τῶν
1493 1171 1772 1239 Ἐλλήνων
1815 1174 1947 1252 ἦρέ·

289 1287 372 1339 μα
421 1263 478 1322 δὲ
507 1265 732 1322 κάκεῖνο
793 1265 1118 1346 ὑποφωνῶν.
1171 1297 1249 1309 -
1304 1261 1563 1320 ’Ἑλλαιοι
1617 1261 1947 1337 Ξιμαρτωλῶν

288 1355 368 1422 κὴ
420 1353 701 1412 λιπανάτω
728 1355 826 1422 τὴν
869 1352 1112 1434 κεφαλήν
1161 1376 1288 1429 μου,
1320 1387 1395 1396 -
1455 1354 1640 1415 αὖτοτς
1693 1353 1818 1408 ποσὶ
1847 1354 1946 1418 τὴν

289 1438 416 1502 ὁδὸν
460 1444 674 1512 ἐκείνην
745 1445 898 1507 αὐτὸς
955 1443 1136 1511 ἤνυεν,
1196 1439 1261 1523 ᾯ
1328 1440 1394 1509 δὴ
1451 1440 1547 1499 καὶ
1593 1441 1762 1504 οὕτως
1806 1441 1946 1498 ἀπι-

291 1534 424 1590 όντα
483 1534 747 1613 προσχὼν
817 1535 844 1589 ὁ
914 1533 1156 1612 βικάριος
1223 1532 1570 1610 ὑπερηγάσθη
1641 1535 1740 1600 τῆς
1815 1553 1944 1608 καρ-

289 1625 500 1703 τερίας,
564 1626 652 1680 καὶ
736 1625 869 1702 πρὸς
940 1623 1063 1685 τοὺς
1147 1625 1496 1700 παρεστῶτας
1582 1620 1942 1700 ἐπιστραφεὶς,

291 1710 464 1770 Βαϐαῖ
517 1719 616 1781 τῆς
674 1716 978 1790 ὓπομονῆς,
1027 1711 1156 1792 ἔφη·
1215 1711 1476 1767 τσιούτων
1533 1708 1632 1788 ἄρα
1679 1731 1944 1787 στρατιω-

289 1802 401 1860 τῶν
460 1801 566 1858 ἔδει
622 1816 741 1866 τοῖς
803 1802 1242 1880 αὐτοκράτορσιν,
1289 1801 1363 1863 ὡς
1421 1799 1567 1856 εἷται
1613 1798 1849 1856 κινδύνου
1886 1819 1943 1854 τε

289 1893 498 1954 παντὸς
556 1891 878 1972 ὄινωτέρους,
938 1890 1037 1947 καί
1093 1889 1413 1957 τηλικοῦτον
1471 1891 1528 1945 ἓν
1571 1902 1688 1951 τοῖς
1745 1887 1943 1951 δεινοῖς

290 2005 546 2063 φρονημα
575 1980 957 2054 διασώζοντας.
1005 1980 1156 2049 Πλην
1187 1979 1326 2037 ἀλλὰ
1370 1979 1494 2059 οὐχὶ
1536 1981 1625 2036 καὶ
1665 1981 1726 2036 τὸ
1759 1978 1946 2035 λοιπὸν

291 2075 449 2136 οὗτος
509 2077 588 2146 τῷ
645 2073 760 2146 ζτμῷ
803 2073 1208 2150 παραστήσεται
1251 2070 1482 2146 βήματι⁹
1549 2071 1682 2149 πρὸς
1727 2067 1949 2145 βασιλέα

289 2161 349 2218 δὲ
416 2163 576 2222 αότδν
630 2160 916 2218 ἀποστελῶ
990 2159 1400 2234 Διοκλητιανὸν,
1447 2159 1657 2223 ἐκεῖνος
1727 2160 1827 2237 γὰρ
1885 2157 1948 2214 ἂν

290 2253 456 2310 αὐτοῦ
488 2251 819 2331 περιγένοιτο
851 2251 1040 2327 μόνος,

379 2342 515 2403 KE'.
577 2344 718 2400 Εἴπὲ
747 2344 837 2400 καὶ
897 2342 1208 2420 γράμμασιν
1267 2340 1460 2403 εὐθέως
1519 2361 1576 2395 τε
1620 2339 1744 2396 κατ’
1789 2341 1948 2398 αὐτὸν

292 2433 443 2496 ὅπως
503 2437 633 2512 εἶχε
666 2431 1027 2511 διασημάνας,
1060 2430 1276 2511 ἄγεσθαι
1307 2431 1408 2496 τὴν
1451 2428 1542 2486 ἐπὶ
1599 2420 1814 2502 Ῥώμην
1873 2431 1946 2492 ὡς

290 2524 467 2604 τάχος
525 2521 762 2582 ἐκέλευε.
796 2521 1095 2597 Γενόμενος
1143 2520 1313 2577 τοίνυν
1356 2519 1456 2584 ἔξω
1503 2523 1601 2587 τῆς
1653 2518 1862 2581 πολεως
1921 2520 1949 2574 6

292 2614 520 2692 μάρτυς,
557 2614 654 2677 τὰς
699 2626 895 2693 χεῖρας
951 2611 1088 2686 μετὰ
1135 2609 1232 2677 τῆς
1293 2607 1506 2687 καρδίας
1564 2609 1638 2672 εἷς
1696 2607 1946 2687 οὒρανοὺς

294 2701 583 2784 ἀνασχὼν,
621 2705 776 2782 Κύριε
835 2705 864 2759 6
897 2705 1054 2776 Θεὸς,
1089 2699 1297 2778 ἔλεγεν,
1329 2699 1362 2755 ὅ
1417 2699 1588 2756 ποιῶν
1630 2699 1805 2756 πάντα
1861 2701 1948 2754 καὶ

294 2793 813 2872 πραγματευόμενος
881 2790 1012 2870 ὑπὲρ
1082 2791 1282 2854 παντὸς
1337 2795 1431 2845 τοῦ
1479 2787 1588 2843 τῶν
1657 2787 1947 2866 ἀνθρώπων

294 2883 508 2962 γένους.
544 2883 632 2938 καὶ
676 2881 884 2945 πολλὰς
915 2883 1054 2957 ἡμῖν
1083 2879 1294 2955 τέμνων
1337 2882 1438 2948 τῆς
1470 2877 1734 2954 σωτήριας
1765 2875 1941 2957 ὁδοὺς,

297 2971 457 3036 αὒτὸς
515 2972 603 3030 καὶ
645 2971 747 3040 τὴν
814 2969 965 3028 πόλιν
1024 2992 1120 3027 σου
1163 2970 1388 3048 ταύτην,
1421 2969 1508 3025 καὶ
1580 2969 1674 3032 τὰς
1729 2973 1837 3023 τῶν
1891 2970 1948 3023 ἓν

295 3064 432 3139 αὖτῇ
493 3062 894 3121 πιστευσάντων
935 3061 1118 3140 ψυχὰς
1175 3060 1506 3141 ἀχειρώτους
1562 3063 1630 3132 τῇ
1671 3065 1766 3114 τοῦ
1831 3056 1946 3114 δια-

293 3150 458 3228 βόλου
540 3150 720 3231 παγίδι
770 3153 860 3208 καὶ
943 3164 1067 3213 ταῖς
1137 3155 1244 3207 τῶν
1316 3150 1581 3227 τυράννων
1637 3145 1949 3211 ἐπιϐουλαῖς

2029 902 2128 983 qui
2159 920 2371 963 omnes
2390 900 2833 980 quiconcidunt
2865 901 3201 975 conﬁrmat,
3224 901 3594 987 aﬁlictosque
3611 920 3670 971 et

2027 991 2346 1071 depressos
2365 990 2558 1069 erigit,
2582 1009 2700 1052 non
2723 991 2865 1052 sinit
2882 1009 3018 1052 eum
3044 1009 3194 1070 opus
3214 991 3438 1054 habere
3463 1015 3664 1074 manu,

2029 1098 2160 1161 quae
2207 1081 2338 1160 ejus
2389 1098 2660 1156 gressum
2714 1080 2972 1147 fulciret.
3027 1081 3132 1140 sed
3187 1100 3290 1143 eos
3338 1087 3665 1167 repellens,

2030 1169 2133 1250 qui
2163 1169 2532 1231 accedebant
2560 1190 2628 1230 ex
2657 1168 3010 1250 gentilibus,
3045 1179 3104 1231 et
3135 1170 3281 1232 illud
3307 1178 3530 1236 sensim
3565 1197 3667 1240 ac-

2029 1259 2299 1322 clamans
2323 1258 2639 1322 :—Oleum
2667 1270 3049 1342 peccatorum
3077 1280 3194 1321 non
3222 1261 3554 1343 impinguet
3576 1288 3671 1329 ca-

2033 1359 2134 1430 put
2165 1351 2625 1431 meum,—-ipsis
2671 1351 2924 1430 pedibus
2955 1351 3083 1431 ipse
3118 1351 3281 1413 illam
3307 1355 3454 1415 viam
3491 1377 3668 1438 pere-

2029 1439 2133 1518 git.
2167 1442 2358 1512 Quem
2395 1458 2531 1502 cum
2565 1447 2648 1502 sic
2681 1439 3000 1501 abeuntem
3035 1440 3554 1508 animadvertisset
3586 1449 3669 1508 vi-

2031 1527 2250 1601 carius,
2277 1529 2687 1590 fortitudinem
2735 1529 2904 1591 valde
2940 1538 3030 1591 est
3064 1531 3666 1614 admiratus,etcon-

2031 1635 2239 1679 versus
2270 1619 2338 1680 ad
2373 1637 2500 1708 eos,
2535 1620 2636 1699 qui
2669 1618 3185 1683 circumstabant:
3223 1624 3420 1704 Papae,
3455 1625 3668 1708 inquit,

2031 1725 2302 1786 magnam
2357 1707 2784 1770 tolerantiam!
2847 1709 3088 1772 Talibus
3141 1712 3342 1792 utique
3383 1707 3672 1780 militibus

2032 1817 2181 1878 opus
2205 1808 2366 1860 esset
2397 1798 2888 1878 imperatoribus,
2923 1808 2990 1860 ut
3019 1812 3223 1862 essent
3265 1807 3476 1883 quovis
3511 1809 3670 1886 peri-

2029 1888 2163 1949 culo
2215 1888 2586 1968 superiores,
2639 1897 2699 1950 et
2731 1897 2847 1950 tam
2879 1895 3259 1953 constantem
3304 1894 3573 1957 animum
3616 1909 3675 1959 et

2031 1987 2150 2041 tam
2189 1997 2435 2056 magnos
2464 1979 2710 2059 spiritus
2762 1991 3187 2042 conservarent
3228 1981 3290 2043 in
3345 1984 3526 2046 rebus
3573 2005 3672 2048 as-

2031 2067 2516 2148 peris.C:£terum
2553 2068 2650 2129 hic
2673 2087 2792 2129 non
2825 2069 3071 2132 sistetur
3100 2072 3359 2152 amplius
3381 2073 3451 2134 ad
3475 2093 3669 2140 meum

2035 2157 2294 2218 tribunal
2330 2175 2344 2219 :
2383 2157 2575 2237 ipsum
2609 2166 2806 2218 autem
2853 2159 2926 2219 ad
2981 2160 3408 2240 imperatorem
3447 2165 3673 2226 mittam

2030 2245 2492 2309 Diocletianum.
2527 2245 2630 2308 llle
2665 2247 2825 2309 enim
2860 2246 3022 2309 solus
3052 2267 3189 2309 eum
3238 2255 3632 2331 superaverit.

2108 2334 2290 2399 XXV.
2328 2337 2510 2411 Dixit,
2536 2348 2748 2398 etcum
2785 2340 2980 2397 statim
3015 2338 3412 2416 signiﬁcasset
3439 2343 3672 2420 litteris,

2031 2425 2290 2506 qomodo
2341 2445 2408 2487 se
2462 2445 2562 2488 res
2596 2425 2913 2500 haberent,
2943 2429 3121 2505 jussit
3175 2447 3310 2488 eum
3362 2434 3676 2512 quampri-

2034 2535 2194 2577 mum
2231 2517 2367 2576 duci
2399 2515 2827 2578 Romam.Cum
2853 2518 3065 2579 fuisset
3096 2536 3236 2596 ergo
3265 2530 3486 2598 martyr
3514 2533 3680 2584 extra

2032 2605 2354 2680 civitatem,
2389 2625 2504 2668 una
2535 2625 2669 2667 cum
2705 2607 2886 2666 corde
2920 2607 3198 2668 manibus
3228 2609 3288 2669 in
3320 2613 3537 2671 malum
3571 2631 3675 2673 su-

2031 2696 2211 2757 blatis
2242 2717 2254 2755 :
2313 2696 2568 2757 Domine
2600 2699 2780 2776 Deus,
2819 2697 3034 2776 inquit,
3070 2699 3169 2779 qui
3201 2701 3403 2761 omnia
3450 2702 3596 2763 facis
3623 2712 3680 2766 et

2030 2804 2319 2868 procuras
2355 2806 2459 2866 pro
2508 2789 2783 2848 universo
2815 2806 3037 2865 genere
3066 2790 3396 2865 horminum,
3433 2801 3490 2852 et
3521 2793 3674 2854 mul-

2032 2884 2118 2937 tas
2148 2876 2325 2938 nobis
2358 2877 2554 2938 munis
2583 2877 2708 2936 vias
2739 2877 3129 2950 salutis,hauc
3162 2890 3315 2940 tuam
3349 2880 3672 2958 civitatem,

2032 2975 2091 3028 et
2121 2968 2352 3028 animas
2404 2986 2638 3040 eorum,
2675 2968 2774 3047 qui
2809 2967 2866 3028 in
2923 2968 3051 3048 ipsa
3081 2969 3494 3046 crediderunt,
3541 2992 3681 3034 con-

2032 3075 2232 3136 serva,
2255 3075 2331 3117 ne
2363 3056 2750 3136 implicentur
2780 3056 2992 3136 laqueo
3023 3058 3271 3133 diaboli,
3309 3070 3366 3121 et
3399 3070 3679 3139 tyranno-

2032 3163 2165 3208 rum
2217 3148 2532 3227 capiantur
2563 3147 2824 3208 insidiis.
2864 3147 3048 3208 Porro
3106 3158 3301 3209 autem
3336 3169 3411 3211 ne
3443 3169 3681 3232 quoque

289 3212 642 3321 διατήρησιν)
710 3242 798 3298 καὶ
865 3243 1010 3317 ἡμᾶς
1055 3212 1138 3297 γδὶ
1213 3239 1289 3316 μὴ
1356 3212 1524 3319 μέχρι
1597 3237 1780 3302 τέλους
1848 3243 1947 3304 τῆς

2036 3212 2325 3317 perpetuo
2357 3254 2490 3298 esse
2520 3237 2682 3297 sinas
2709 3236 2938 3298 alienos
2965 3237 3038 3298 ab
3073 3257 3162 3308 ea,
3199 3256 3329 3319 quaa
3360 3212 3478 3302 nos.
3504 3212 3635 3303 tullit
3662 3264 3675 3300 :

290 3330 661 3410 ἐνεγκαμένης
714 3329 1115 3411 ἀλλοτριώσῃς,
1147 3328 1269 3389 ἀλλ’
1314 3331 1342 3386 6
1370 3327 1697 3407 ἐπιστρέψας
1754 3325 1947 3385 Ἰακὼϐ

2033 3327 2136 3387 sed
2170 3328 2269 3407 qui
2299 3325 2485 3389 Jacob
2518 3328 2863 3388 convenisti
2896 3327 2954 3387 in
2988 3329 3231 3389 domum
3269 3333 3452 3408 patris
3482 3333 3597 3412 sui,
3621 3343 3682 3395 et

289 3421 367 3483 εἰς
442 3420 600 3478 οἶκον
663 3421 864 3498 πατρὸς
935 3420 1118 3495 αὑτοῦ,
1165 3419 1253 3476 καὶ
1312 3418 1604 3496 ῥυσάμενος
1675 3417 1833 3474 αὐτὸν
1889 3417 1947 3474 ἐκ

2033 3434 2170 3477 eum
2204 3436 2238 3478 a
2289 3435 2465 3478 manu
2499 3415 2651 3478 Esau
2683 3416 2952 3478 liberasti
2989 3439 3002 3476 :
3063 3418 3166 3494 qui
3197 3419 3374 3480 etiam
3410 3441 3544 3483 ossa
3573 3423 3679 3486 Jo-

289 3511 478 3590 γειρδς
539 3501 732 3590 Ἠσαῦ,
766 3512 794 3567 6
861 3511 953 3567 καὶ
1010 3510 1074 3566 τὰ
1133 3510 1264 3581 ὀστᾷ
1322 3506 1524 3588 Ἰωσὴφ
1570 3507 1625 3573 ἒξ
1685 3507 1948 3586 Αἰγύπτου

288 3602 722 3670 συνανακομίσας
754 3606 832 3674 τῷ
885 3605 963 3673 σῷ
1005 3597 1120 3674 λαῷ
1164 3600 1252 3655 καὶ
1309 3611 1427 3662 τοῖς
1484 3597 1750 3676 πατρῴοις
1810 3596 1945 3653 ἀνα-

287 3688 603 3766 σωσάμενος
647 3689 861 3770 τάφοις,
911 3689 1217 3768 ὲπανάγαγε
1275 3688 1412 3763 κάμὲ
1471 3694 1539 3764 τῇ
1585 3692 1654 3764 σῇ
1714 3685 1943 3762 εὐδοκία,

286 3782 379 3836 καὶ
448 3785 519 3856 τῇ
575 3779 952 3858 γεννησαμένη
1023 3780 1111 3837 καὶ
1171 3777 1482 3854 θρεψαμένῃ
1545 3799 1631 3832 και
1704 3777 1776 3842 εἰς
1827 3775 1948 3833 τόδε

286 3869 502 3937 ἡλικίας
572 3871 959 3948 προαγαγούσῃ
1033 3866 1268 3948 πατρίδι,
1342 3868 1578 3946 καθάπερ
1663 3888 1713 3922 τι
1785 3867 1946 3922 πάλιν

287 3957 486 4026 ἀπόδος
541 3958 784 4038 ὄφλημα.
822 3967 997 4018 Ταῦτα
1055 3955 1480 4040 προσευξὰμενος
1534 3959 1612 4029 τῷ
1661 3956 1776 4031 Θεῷ
1845 3957 1946 4024 τὴν

287 4048 410 4106 ὁδὸν
441 4048 696 4126 εὒψύχως
727 4047 966 4122 δεήνυεν.

2032 3506 2182 3586 seph
2234 3523 2354 3567 una
2385 3525 2519 3567 cum
2554 3506 2774 3586 populo
2809 3525 2876 3567 ex
2909 3508 3164 3586 ngypto
3207 3509 3489 3580 extulisti,
3525 3523 3580 3572 el
3613 3531 3682 3575 ea

2031 3596 2241 3677 patriis
2292 3597 2610 3658 restituisti
2643 3596 2936 3677 sepulcris
2972 3615 2987 3670 ;
3037 3607 3149 3657 tuae
3181 3618 3421 3680 quoque
3453 3603 3682 3681 placeat

2028 3685 2322 3746 voluntati
2358 3705 2452 3747 me
2482 3687 2870 3765 reducore,et
2901 3703 3035 3765 quae
3060 3705 3153 3745 me
3183 3692 3390 3765 genuit
3426 3701 3484 3752 et
3507 3693 3675 3767 aluit,

2031 3785 2089 3838 et
2126 3776 2195 3836 ad
2255 3775 2408 3837 hanc
2445 3795 2634 3856 usque
2685 3783 2914 3836 aetatem
2951 3775 3230 3854 produxit
3287 3779 3508 3856 patriae,
3545 3791 3677 3841 tan-

2029 3884 2211 3943 quam
2244 3866 2486 3946 aliquod
2520 3884 2730 3926 rursus
2756 3865 3011 3926 reddere
3045 3865 3334 3928 debitum.
3371 3866 3510 3929 Hazc
3541 3889 3675 3930 cum

2026 3975 2061 4018 a
2091 3955 2213 4017 Deo
2247 3955 2541 4036 praecibus
2590 3955 3024 4028 contendisset,
3059 3963 3208 4017 viam
3241 3957 3505 4021 confecit
3547 3959 3675 4020 ala-

2027 4046 2236 4111 criter.

1795 4279 2044 4346 CAPUT
2088 4279 2164 4347 V.

1481 4487 1707 4569 Spreta
1741 4485 2117 4550 Diocletiani
2145 4492 2476 4568 promissa.

376 4721 517 4780 ΣΚ’.
557 4720 705 4779 Ἐπεὶ
764 4719 819 4778 δέ
846 4722 935 4778 καὶ
986 4727 1054 4798 τῇ
1086 4713 1268 4799 Ῥώμῃ
1318 4722 1646 4802 προσέϐαλον
1677 4723 1800 4779 ἔνθα
1861 4722 1946 4777 καὶ

2113 4720 2324 4784 XXVI.
2379 4720 2701 4803 Postquam
2734 4731 2932 4785 autem
2985 4723 3233 4785 Romam
3277 4736 3683 4806 pervenerunt

299 4808 688 4878 Διοκλητιανὸς
745 4813 806 4868 τὸ
835 4811 1130 4877 τηνικαῦτα
1159 4810 1414 4889 διέτρεϐε,
1463 4815 1530 4870 τά
1555 4835 1613 4871 τε
1657 4814 1948 4890 γράμματα

294 4900 343 4955 οἱ
404 4899 732 4980 πεμφθέντες
791 4901 936 4974 αὖτῷ
996 4899 1382 4980 ἐγχειρίζουσι,
1437 4905 1526 4959 καὶ
1585 4905 1677 4958 τὸν
1737 4904 1944 4975 θαυμα-

293 4989 423 5045 στὸν
513 4987 827 5068 Κλήμεντα,
911 4988 1260 5053 κελεύσαντος
1345 4992 1546 5048 ἐκείνου
1629 4993 1702 5050 εἷς
1787 4994 1948 5065 μέσον

295 5075 508 5155 ἄγουσι.
577 5081 948 5156 Παραστάντος
1001 5077 1078 5151 δὲ,
1117 5079 1504 5146 Διοκλτ,τισνὸς
1548 5081 1610 5137 τό
1643 5102 1700 5136 τε
1760 5083 1948 5159 χάριεν

295 5165 496 5224 ἐπιδὼν
555 5171 654 5236 τῆς
701 5168 792 5226 τοῦ
822 5169 1008 5247 ἀνδρὸς
1065 5167 1267 5244 ὄψεως,
1299 5173 1476 5226 καὶτὸ
1507 5169 1723 5248 φαιδρὸν
1773 5170 1951 5225 ἐκεῖνο

297 5259 388 5314 καὶ
447 5256 675 5335 εὐγενὲς,
714 5263 901 5336 πρῶτα
958 5257 1057 5333 μέν
1107 5259 1354 5337 κρύπτων
1417 5259 1470 5314 ἐν
1513 5267 1590 5332 τῷ
1632 5259 1827 5337 ἀφανεῖ
1855 5259 1952 5326 τὴν

297 5343 560 5420 διάνοιαν,
621 5345 740 5404 καθ’
804 5349 990 5404 ἑαυτὸν
1045 5349 1260 5428 ὑπῆρχε
1303 5349 1606 5424 θαυμάζων,
1668 5349 1713 5404 εἰ
1771 5347 1954 5404 ἐκεῖνά

298 5456 361 5516 γε
410 5437 587 5494 πάντα
643 5438 1072 5512 ὑπομεμενηκὼς
1137 5437 1254 5508 εἴη,
1316 5437 1521 5516 ὅσαπερ
1563 5439 1706 5511 αὐτῷ
1760 5439 1953 5504 μηνύοι

295 5526 364 5582 τὰ
438 5527 747 5604 γράμματα⁶
822 5528 945 5584 εἶτα
1003 5529 1091 5583 καὶ
1159 5526 1498 5605 ἁτενέστέρον
1569 5528 1711 5601 αὕτῷ
1772 5525 1954 5583 ἐνιδὼν

296 5615 385 5672 καὶ
447 5613 572 5672 ὅλον
641 5617 1048 5696 ἀνασκοπήσας,
1109 5617 1180 5671 Σὺ
1239 5617 1293 5672 εἶ
1361 5619 1388 5672 6
1460 5613 1764 5690 διαϐόητος,
1826 5615 1951 5697 ἔφη,

2031 4809 2134 4872 ubi
2187 4819 2324 4872 tunc
2359 4831 2600 4892 quoque
2632 4813 2984 4875 versabatur
3030 4813 3456 4892 Diocletianus,
3489 4829 3548 4880 et
3578 4817 3683 4894 qui

2033 4900 2200 4963 missi
2232 4902 2492 4974 fuerant,
2526 4905 2579 4964 ei
2613 4904 2880 4965 reddunt
2940 4904 3191 4972 litteras,
3224 4916 3278 4967 et
3311 4907 3681 4970 Clementem

2031 4990 2473 5067 admirabilem,
2509 5012 2644 5053 rum
2679 4993 2781 5052 ille
2804 4994 3108 5071 jussisset,
3141 4995 3446 5056 adducunt
3481 4999 3535 5056 in
3565 5014 3687 5056 me-

2033 5079 2218 5140 dium.
2257 5084 2403 5142 (lum
2457 5101 2599 5144 vero
2649 5082 2963 5157 astitisset,
2997 5095 3140 5145 tunc
3188 5084 3396 5144 videns
3445 5085 3686 5147 Diocle-

2037 5169 2227 5230 tianus
2253 5171 2591 5249 jucundum
2628 5177 2758 5248 ejus
2805 5173 3192 5251 alacremque
3223 5183 3280 5233 et
3325 5192 3682 5250 generosum

2033 5271 2363 5338 aspectum,
2403 5265 2660 5343 primum
2695 5266 2939 5344 quidem
2977 5265 3204 5342 celans,
3229 5267 3369 5344 quid
3397 5267 3454 5327 in
3485 5269 3684 5330 animo

2035 5351 2471 5429 haberet,apud
2503 5373 2568 5413 se
2598 5353 2874 5414 admirab
2917 5365 3116 5425 tur,an
3153 5355 3252 5414 illa
3275 5357 3475 5416 omnia
3495 5359 3682 5418 susti-

2039 5442 2290 5510 nuisset,
2315 5461 2448 5521 quze
2480 5443 2534 5502 ei
2568 5443 2985 5519 signiﬁcabant
3014 5444 3248 5505 litteris.
3287 5443 3518 5506 Deinde
3545 5465 3681 5508 eum

2041 5529 2216 5590 etiam
2254 5529 2385 5592 ﬁxis
2418 5532 2660 5593 intuens
2691 5534 2904 5603 oculis,
2941 5541 2999 5593 et
3029 5540 3218 5593 totum
3271 5535 3682 5599 considerans:

2038 5619 2123 5682 Tu
2148 5620 2460 5700 es,inqoit,
2473 5620 2734 5684 celebris
2764 5622 2868 5684 ille
2887 5620 3190 5697 Clemens,
3213 5621 3388 5703 cujus
3409 5643 3685 5705 magnum
