4104 6198
481 293 600 368 835

1787 296 2075 368 MENSIS
2110 302 2575 372 JANUARIUS.

3739 289 3849 370 836

485 442 573 496 est
607 455 825 501 nomen
852 448 1095 523 prapter
1124 437 1335 500 fortem
1363 443 1420 498 et
1442 456 1804 517 generosum
1834 436 2131 498 animum?

2225 439 2477 515 Κλήμης,
2513 443 2574 500 οὗ
2634 439 2775 518 μέγα
2821 440 2880 495 τὸ
2942 439 3030 496 επὶ
3087 439 3336 518 καρτερίᾳ
3391 440 3479 496 καὶ
3538 437 3851 517 γενναιότητι

486 527 602 588 Sed
654 539 963 610 oporteret
994 529 1236 590 omnino
1296 529 1452 588 hunc
1489 537 1652 588 tuum
1687 547 2045 608 generosum
2079 535 2139 589 et

487 634 772 694 magnum
807 617 1328 689 animum,habere
1360 617 1616 699 aliquam
1648 619 1800 697 piam
1838 618 2132 697 etjnstam

486 708 866 787 causam,sed
905 727 1027 768 non
1064 709 1217 770 hanc
1248 707 1492 786 impiam
1526 717 1584 768 et
1607 708 1900 789 iniquam,
1935 717 1992 768 et
2025 707 2136 769 hoc

480 795 676 874 ipsum
713 796 1092 858 manifestum
1118 797 1335 859 animm
1360 816 1414 868 ει
1450 800 1649 860 carnis
1675 799 1946 860 exitium.
1981 795 2134 858 Num

482 885 640 945 enim
667 904 784 964 quo
815 895 906 947 est
932 887 1142 967 major.
1169 907 1239 948 eo
1272 898 1362 950 est
1389 889 1679 970 deterior,
1718 900 1775 951 et
1805 908 1912 950 nos
1949 885 2137 964 magis

483 974 558 1034 ad
589 973 738 1035 iram
777 989 1083 1056 provocat,
1120 979 1268 1040 deos
1298 981 1504 1040 incitat
1532 979 1602 1040 ad
1639 979 1984 1041 vindictam.
2013 977 2134 1040 Ve-

477 1080 608 1124 rum
645 1064 956 1126 enimvero
991 1074 1049 1127 tu
1078 1068 1274 1128 animo
1298 1068 1368 1128 ad
1395 1069 1694 1130 contraria
1719 1067 2134 1148 mutato,hunc

479 1153 717 1215 ﬁrmum
740 1163 798 1216 et
819 1165 1195 1218 constantem
1222 1157 1486 1218 animum
1513 1159 1763 1220 ostende
1783 1177 1889 1238 pro
1918 1158 2135 1238 pietate

476 1241 536 1304 in
559 1243 728 1316 deos,
765 1255 829 1305 ut
859 1246 946 1306 sic
980 1265 1223 1326 quoque
1260 1247 1456 1326 potius
1501 1249 1714 1327 dignas
1746 1248 2135 1327 consequaris

475 1335 1133 1398 remunerationeleli
1167 1337 1753 1419 enim,utarbitrior,
1776 1343 1859 1398 tui
1892 1346 2136 1418 propter

479 1422 640 1484 hunc
674 1425 884 1486 fortem
919 1435 978 1485 et
1028 1427 1328 1487 excelsum
1363 1428 1628 1489 animum
1665 1427 1892 1488 miserti
1945 1445 2131 1507 prop-

479 1520 644 1574 terea
675 1515 1106 1589 elfecerunt,ut
1139 1525 1220 1576 tot
1251 1527 1307 1576 et
1340 1517 1518 1578 tantis
1557 1519 1872 1579 resisteres
1903 1517 2134 1597 suppli-

479 1602 611 1674 ciis,
642 1621 753 1664 nec
781 1605 1288 1683 permiserunt,ut
1324 1614 1380 1666 tu
1402 1609 1524 1686 jam
1558 1607 1660 1667 diu
1695 1606 1848 1668 male
1881 1604 2131 1686 perires,

478 1693 1356 1774 etpraaripereris,agnitionem
1381 1707 1441 1758 et
1466 1696 1855 1757 mutationem
1888 1695 2135 1757 omnino

2221 526 2434 613 ὄνομα,
2493 530 2643 589 Ἀλλ’
2704 528 2809 586 ἔδτι
2867 529 3080 595 πάντως
3144 531 3206 585 τὸ
3273 528 3523 607 γενναῖόν
3578 549 3670 585 σου
3709 535 3852 588 τοῦτο

2219 623 2308 676 καὶ
2379 620 2770 702 μεγαλοψυχον
2827 617 3018 687 εὐσεϐῆ
3088 641 3209 675 τινα
3277 619 3365 676 καὶ
3450 617 3658 675 δικαίαν
3716 617 3851 698 ἔχειν

2219 709 2320 776 τὴν
2397 712 2680 790 πρόφασιν,
2715 707 2854 766 ἀλλὰ
2912 709 2991 784 μή
3047 708 3264 765 ἀνοσίαν
3323 706 3463 764 οὕτω
3521 709 3606 764 καὶ
3664 705 3851 786 ἄδικον,

2220 801 2308 854 καὶ
2365 800 2490 858 αὐτό
2550 823 2610 876 γε
2669 807 2826 856 τοῦτο
2884 800 3111 878 φανερὸν
3175 802 3362 880 ψυχῆς
3420 823 3476 858 τε
3530 803 3617 858 καὶ
3673 802 3853 880 σαρκὸς

2219 887 2459 967 ὄλεθρον,
2523 898 2627 947 Νῦν
2659 891 2756 967 γὰρ
2817 888 2925 963 ὅσῳ
2970 895 3160 964 μεϊζυλ
3215 890 3456 966 τοσούσῳ
3484 893 3678 971 χεῖρόν
3729 890 3851 963 ἐστι,

2218 981 2305 1036 καὶ
2335 982 2477 1054 ἡμᾶς
2519 980 2604 1036 ἐπὶ
2635 979 2796 1036 πλέον
2857 979 2930 1040 εἰς
2991 979 3158 1056 ὀργὴν
3211 992 3377 1060 κινεῖ,
3411 982 3501 1038 καὶ
3542 981 3664 1044 τοὺς
3717 980 3853 1044 θεοὺς

2218 1068 2493 1147 παροξύνει
2554 1071 2685 1148 πρὸς
2745 1067 2972 1142 ἄμυναν.
3037 1068 3110 1122 Σὺ
3169 1065 3224 1122 δὲ
3296 1067 3420 1124 ἀλλ’
3477 1069 3566 1126 ἐπὶ
3625 1069 3852 1131 τάναντία

2218 1160 2317 1226 τὴν
2360 1160 2586 1236 γνώμην
2647 1155 2988 1235 μεταϐαλὼν,
3035 1159 3097 1213 τὸ
3128 1159 3378 1236 σταθερόν
3441 1167 3603 1218 τοῦτο
3638 1159 3723 1216 καὶ
3773 1156 3849 1216 ιδ.

2218 1253 2398 1328 ψυχον
2451 1249 2580 1326 ὑπὲρ
2640 1254 2740 1315 τῆς
2794 1247 2901 1304 τῶν
2970 1250 3104 1303 θεῶν
3175 1245 3510 1305 ίεπιδείκνυτο
3580 1244 3852 1328 εὗσεϐείας,

2216 1336 2293 1412 ἵν,
2356 1337 2497 1394 οὕτω
2567 1336 2770 1413 μᾶλλον
2830 1338 2918 1393 καὶ
2961 1337 3120 1402 ἀξίων
3186 1336 3498 1416 ἀπολαύσῃς
3557 1345 3662 1397 τῶν
3714 1337 3856 1414 ἀμοι-

2217 1425 2345 1488 ϐὦν.
2398 1429 2631 1485 Ἐκεῖνοι
2663 1428 2764 1506 γάρ
2823 1448 2882 1482 σε
2930 1427 3019 1483 καὶ
3077 1425 3172 1493 τῆς
3232 1425 3472 1500 ἀνδρείας
3534 1428 3724 1496 ταύτης
3776 1419 3855 1483 καὶ

2218 1518 2316 1583 τῆς
2379 1518 2777 1595 Ἰενναιότητος,
2813 1520 2995 1590 οἶμαι,
3031 1514 3458 1586 κατελεήσαντες
3503 1516 3589 1574 διὰ
3615 1516 3762 1574 τοῦτό
3801 1537 3854 1572 σε

2219 1609 2305 1662 καὶ
2363 1610 2494 1686 πρὸς
2553 1608 2813 1670 τοσαύτας
2888 1604 3134 1669 κολάσεις
3194 1605 3478 1686 ἀντισχεῖν
3535 1605 3854 1685 παρεσκεύα-

2218 1718 2340 1771 σαν,
2370 1698 2458 1752 καὶ
2518 1696 2577 1753 οὗ
2628 1697 2801 1752 πάλαε
2844 1701 3025 1760 κακῶς
3083 1694 3397 1770 ἀπολέσθαι,
3433 1694 3552 1755 οὐδὲ
3600 1713 3855 1774 προαναρ-

479 1793 916 1863 exspectantes.
950 1783 1094 1846 Haec
1127 1785 1312 1861 dixit;
1346 1797 1405 1848 et
1435 1806 1542 1866 pro
1574 1787 1762 1848 oculis
1794 1785 1984 1847 sancti
2011 1795 2130 1848 sta-

2222 1789 2489 1853 πασθῆναι
2547 1788 2808 1862 μεθῆκαν,
2857 1787 2954 1854 τὴν
3005 1784 3293 1863 ἐπίγνωσιν
3364 1785 3582 1849 πάντως
3636 1786 3723 1842 καὶ
3767 1783 3857 1853 τὴν

475 1875 580 1934 tim
636 1874 944 1954 proponit,
980 1873 1149 1935 illinc
1198 1877 1440 1956 quidem
1473 1896 1684 1937 aurum
1734 1887 1792 1938 et
1824 1884 2133 1954 argentum

475 1971 534 2025 et
565 1962 792 2024 litteras
821 1963 1264 2043 imperatorias,
1300 1985 1432 2046 quae
1464 1965 1855 2046 patriciorum
1888 1965 1976 2027 illi
2022 1964 2134 2026 da-

475 2051 616 2115 bant
648 2053 938 2114 honorem
977 2077 992 2130 ;
1028 2055 1254 2116 duinde
1311 2057 1492 2116 etiam
1527 2056 1783 2118 aliorum
1818 2054 2135 2136 magistra-

477 2153 641 2204 tuum
697 2153 755 2204 et
786 2143 1137 2223 dignitatum
1188 2145 1423 2225 insigna
1460 2165 1475 2221 ;
1511 2156 1569 2206 et
1614 2154 1909 2226 praeterea
1941 2155 2134 2206 vestes

478 2233 727 2296 ﬂoridas
758 2246 818 2296 et
859 2235 1229 2314 magniﬁcas,
1264 2246 1322 2297 et
1363 2237 1478 2298 alia
1512 2255 1884 2317 quaecunque
1931 2253 2133 2297 rerum

475 2324 832 2402 pulcharum
866 2325 1118 2406 cupidos
1153 2336 1404 2388 evocant
1435 2326 1642 2388 oculos
1678 2347 1691 2385 :
1741 2327 1907 2388 illinc
1936 2334 2132 2387 autem

472 2432 684 2476 rursus
715 2414 1122 2476 instrumenta
1156 2423 1618 2483 tormentorum,
1646 2436 1858 2478 manus
1881 2416 2129 2488 ferreas,

478 2504 780 2582 grabatos,
815 2513 873 2566 et
936 2505 1099 2585 ipsos
1156 2525 1396 2587 quoque
1453 2508 1706 2581 ferreos,
1741 2514 2022 2587 rotasque
2079 2513 2138 2566 et

473 2596 764 2674 pectines,
787 2594 1129 2670 craticulas,
1169 2594 1397 2672 ebetes,
1425 2595 1748 2671 obeliscos,
1778 2601 2132 2675 sartagines,

473 2693 534 2747 et
575 2704 783 2764 graves
821 2685 1081 2759 calenas,
1121 2695 1178 2747 et
1217 2686 1392 2747 aliam
1429 2704 1702 2762 magnam
1757 2686 2134 2748 instrumen-

475 2785 672 2836 torum
710 2774 1182 2847 multitudinem,
1219 2777 1422 2854 specie
1448 2776 1692 2856 quidem
1725 2776 2126 2855 diversorum,

470 2865 818 2947 spectaculo
853 2883 990 2927 vero
1026 2864 1424 2942 terribilium,
1456 2867 1895 2946 experientiam
1926 2875 2124 2926 autem

476 2954 832 3016 habentium
886 2956 1013 3034 ipso
1072 2975 1310 3036 quoque
1368 2956 1712 3034 spectaculo
1764 2955 2123 3032 graviorem.

473 3041 706 3105 Deinde
759 3055 1078 3122 martyrem
1113 3046 1372 3107 suaviter
1423 3046 1688 3121 intuens,
1721 3053 1780 3104 et
1823 3063 2001 3105 manu
2033 3063 2130 3106 ex-

2219 1875 2532 1951 μετακολὴν
2593 1876 2975 1950 ἀναμένοντες.
3013 1875 3188 1932 Ταῦτα
3219 1887 3368 1949 εϊπε,
3404 1877 3494 1932 καὶ
3551 1872 3642 1932 ὑπ’
3669 1871 3856 1953 ὀφθαλ-

2218 1989 2348 2044 μοςις
2410 1967 2596 2022 αὐτίκα
2639 1965 2918 2042 προτίθησι
2975 1973 3051 2038 τῷ
3110 1965 3271 2042 ἁγίῳ,
3305 1963 3450 2022 ἔνθεν
3511 1965 3609 2041 μὲν
3669 1963 3857 2044 Χρυσόν

2216 2077 2271 2111 τε
2327 2057 2415 2112 καὶ
2473 2056 2724 2135 ἄργυρον,
2772 2058 2859 2113 καί
2916 2056 3242 2134 γραμμάτια
3293 2055 3550 2132 βασιλικά
3605 2054 3702 2124 τὴν
3754 2053 3854 2113 τῶν

2219 2147 2513 2220 πατρικίών
2559 2145 2722 2220 τιμὴν
2753 2144 3081 2222 δωρούμενα,
3111 2148 3232 2202 εἶτα
3289 2148 3380 2202 καὶ
3427 2145 3494 2203 τὰ
3527 2151 3631 2203 τῶν
3687 2141 3853 2201 ἄλλων

2219 2235 2406 2315 ἀρχῶν
2464 2257 2520 2292 τε
2567 2238 2658 2292 καὶ
2714 2234 3034 2309 ἀξιωμάτων
3083 2233 3426 2314 παράσημαι,
3474 2235 3609 2314 πρὸς
3663 2230 3852 2296 τούτοις

2217 2326 2444 2394 ἐσθῆτας
2504 2325 2745 2389 εῦανθεϊς
2803 2327 2889 2382 καὶ
2960 2323 3304 2398 πολυτελεῖς,
3373 2325 3461 2381 καὶ
3532 2321 3700 2382 τᾶλλα
3763 2320 3854 2378 ὅσα

2218 2415 2542 2496 φιλοκάλους
2600 2413 2903 2494 ὀφθαλμοὺς
2939 2413 3280 2471 ἐκκαλεῖται·
3333 2413 3542 2472 ἐκεῖθεν
3597 2411 3652 2469 δὲ
3705 2409 3854 2469 πάλιν

2219 2509 2285 2563 τὰ
2341 2513 2446 2562 τῶν
2506 2504 2780 2562 κολάσεων
2824 2504 3046 2584 ὄργανα,
3107 2519 3300 2584 χεῖρας
3359 2502 3576 2583 σιδηρᾶ,
3627 2499 3852 2582 κραϐϐά-

2217 2619 2340 2663 τους
2390 2599 2476 2653 καὶ
2509 2596 2694 2659 αὐτοὺς
2755 2593 3019 2672 σιδηροῦς,
3053 2596 3285 2674 τροιούς
3340 2616 3396 2650 τε
3427 2593 3525 2653 κσῒ
3585 2592 3848 2671 ξυστῆρας,

2217 2687 2480 2767 ἐσχάρας,
2540 2684 2800 2761 λέϐητας,
2850 2684 3180 2759 ὀϐελίσκους,
3241 2686 3474 2764 τήγανα,
3517 2684 3606 2742 καὶ
3654 2680 3849 2745 ἀλύσεις

2217 2779 2450 2856 έαρείας,
2487 2774 2584 2832 καί
2637 2774 2772 2831 ἄλλο
2806 2774 2944 2832 πολύ
3000 2797 3050 2831 τι
3110 2773 3316 2842 πλῆθος
3373 2775 3614 2852 ὀργάνων
3659 2772 3719 2830 τδ
3761 2769 3851 2849 μὲν

2211 2868 2405 2947 σχῆμα
2462 2863 2709 2944 διάφορα,
2770 2867 2870 2932 την
2931 2863 3053 2922 θέαν
3117 2861 3172 2920 δὲ
3217 2862 3587 2946 φοϐερώτατα,
3645 2861 3740 2930 τὴν
3797 2857 3846 2915 δί

2211 2969 2404 3034 πεῖραν
2457 2954 2544 3010 καὶ
2575 2954 2737 3021 αὖτῆς
2769 2953 2868 3032 ἄρα
2900 2955 2994 3020 νῖις
3049 2953 3170 3018 θέας
3204 2954 3594 3034 χαλεπωτέραν
3641 2950 3847 3032 ἔχοντα.

2214 3046 2353 3104 Εἷνα
2414 3049 2486 3116 τῷ
2517 3045 2740 3121 μάρτυρι
2800 3050 2970 3122 πρᾶον
3015 3041 3314 3119 ἐμϐλέψας,
3349 3045 3439 3100 καὶ
3494 3048 3564 3119 τῇ
3607 3041 3745 3122 χειρὶ
3792 3036 3851 3094 τᾶ

475 3134 731 3195 tendens
765 3134 1054 3214 pecunias
1089 3151 1102 3196 :
1142 3133 1244 3194 His
1271 3144 1350 3216 te,
1386 3135 1603 3215 inquit,
1635 3153 2125 3211 remuneramur,

2217 3137 2474 3216 χρήματα
2532 3131 2830 3208 ὑποδείξας,
2883 3134 3093 3196 Τούτοις
3158 3155 3240 3206 σε,
3299 3135 3482 3213 φησὶν,
3539 3127 3850 3208 ἀμειϐόμεθα

475 3225 526 3286 si
561 3223 693 3304 pius
720 3223 780 3284 in
814 3223 985 3299 deos,
1015 3231 1074 3284 et
1103 3223 1165 3285 in
1202 3243 1310 3287 nos
1343 3232 1586 3287 sanctus
1618 3224 1908 3290 extiteris.

555 3401 796 3467 XXVII.
846 3402 956 3468 Ille
982 3412 1212 3486 autem,
1245 3425 1382 3467 cum
1415 3415 1656 3468 sanctus
1688 3405 1762 3468 ab
1807 3405 1895 3468 eis
1924 3405 2132 3468 oculos

470 3496 786 3558 avertisset
820 3507 875 3555 et
899 3513 969 3556 ea
995 3496 1175 3556 veluti
1197 3495 1650 3572 subsannasset,
1676 3506 1734 3559 et
1756 3503 2001 3578 propter
2031 3514 2121 3564 ea,

473 3604 608 3666 qua;
637 3585 796 3646 dicta
818 3585 1055 3646 fuerant
1078 3586 1336 3664 graviter
1359 3587 1769 3665 ingenuisset:
1805 3584 2012 3663 Vobis,
2040 3588 2128 3648 in-

473 3676 718 3757 quiens,
750 3683 999 3756 pereant
1021 3676 1132 3756 ipsi
1152 3675 1462 3738 vobiscum
1497 3676 1604 3750 dii;
1640 3684 1780 3738 tunc
1820 3675 2042 3737 acriter
2071 3684 2128 3738 et

471 3774 633 3826 torve
654 3764 867 3826 fortem
896 3765 1135 3826 intuens
1159 3765 1558 3840 Clementem,
1583 3777 1641 3826 et
1671 3765 1852 3828 simul
1872 3783 2125 3828 conver-

468 3865 602 3918 tens
625 3855 832 3916 oculos
855 3855 926 3916 ad
949 3874 1174 3934 genera
1199 3867 1657 3920 tormentorum:
1679 3856 1880 3930 Vides,
1909 3855 2125 3937 inquit;

473 3947 602 4009 haec
656 3956 797 4008 sunt
827 3964 1062 4019 eorum,
1097 3946 1197 4026 qui
1231 3966 1349 4008 non
1405 3957 1638 4026 parent,
1674 3956 1731 4007 et
1761 3953 1904 4007 sunt
1932 3946 2125 4026 impii.

473 4036 690 4113 Martyr
716 4045 940 4095 autem:
975 4035 1037 4096 Si
1071 4044 1299 4109 vestra},
1329 4037 1546 4113 inquit,
1580 4054 1768 4117 paenae
1789 4047 1949 4111 sunt,
1974 4037 2132 4098 sicut

473 4126 804 4196 existimas,
841 4123 1168 4201 terribiles,
1197 4134 1257 4187 et
1284 4127 1358 4188 ad
1382 4126 1812 4206 experiendum
1838 4125 2130 4188 intolera-

474 4213 819 4287 biles,sicut
847 4231 1059 4274 rursus
1091 4214 1248 4276 dona
1277 4215 1601 4296 splendida
1631 4225 1690 4278 et
1715 4216 2052 4298 magniﬁca,
2075 4223 2134 4278 et

473 4302 654 4380 digna
670 4321 805 4383 quae
827 4301 999 4364 beata
1010 4304 1656 4387 judiceutur.quaanam
1677 4325 1812 4369 esse
1830 4308 2133 4369 existimas

473 4410 707 4473 ea,quae
729 4392 994 4454 ccelestis
1019 4404 1154 4456 sunt
1170 4404 1228 4457 et
1249 4395 1437 4457 solius
1453 4396 1870 4477 Dei?quzenam
1892 4397 2135 4458 immor.

2215 3221 2406 3290 εὐσεϐῆ
2478 3223 2542 3280 τὰ
2600 3224 2730 3300 πρὸς
2792 3224 2912 3286 τοὺς
2971 3224 3088 3288 θεὺς
3146 3225 3234 3280 καὶ
3301 3223 3449 3280 ὅσιον
3522 3223 3647 3297 περὶ
3714 3217 3848 3296 ἡμᾶς

2213 3316 2518 3395 γινόμενον.

2298 3393 2420 3466 ΚΖ’.
2486 3402 2721 3461 Ἐκείνου
2751 3400 2804 3458 δὲ
2856 3403 2956 3471 τὴν
2988 3401 3112 3479 ὄψιν
3165 3401 3262 3459 ἀπ’
3291 3400 3465 3458 αὐτῶν
3517 3399 3844 3480 στρέψαντος,

2214 3496 2302 3553 καὶ
2353 3494 2509 3550 οἱονεὶ
2557 3493 3007 3571 μυκτηρίσαντος,
3053 3490 3489 3558 ὲπιστενάξαντός
3549 3512 3608 3549 τε
3661 3487 3847 3568 βαθέως

2211 3598 2328 3651 τςϊς
2385 3584 2711 3660 εἰρημένοις,
2755 3585 2864 3656 καὶ,
2900 3584 2973 3648 ὡς
3033 3581 3353 3640 Ἀπόλοιντο
3407 3583 3564 3658 ὑμῖν,
3593 3580 3842 3650 εἰπόντος,

2213 3677 2300 3733 καὶ
2355 3676 2501 3731 αῦτοὶ
2557 3674 2648 3729 σὺν
2712 3674 2893 3736 αὐτοῖς
2952 3675 2999 3729 οἱ
3050 3674 3180 3746 θεοὶ,
3242 3673 3363 3728 τότε
3433 3668 3592 3751 δριμύ
3639 3691 3686 3726 τι
3740 3666 3845 3724 λίαν

2212 3767 2300 3824 καὶ
2345 3764 2608 3842 αὐστηρὸν
2672 3765 2764 3820 τὸν
2834 3775 3084 3842 γενναῖον
3145 3761 3432 3835 Κλήμεντα
3487 3758 3710 3833 ὁπιδὼν,
3765 3754 3847 3815 καὶ

2209 3856 2322 3932 ἅμα
2366 3857 2497 3932 πρὸς
2531 3861 2596 3912 τὰ
2639 3861 2745 3910 τῶν
2787 3851 3064 3910 κολάσεων
3095 3850 3218 3920 εἴδη
3265 3852 3364 3920 τὴν
3393 3853 3520 3929 ὁψιν
3570 3845 3843 3924 ἐπιϐαλὼν,

2215 3939 2394 4025 Ὀρᾷς,
2428 3944 2554 4024 ἔφη,
2587 3951 2694 4001 τῶν
2737 3943 2817 4019 μὴ
2875 3944 3203 4019 πειθομένων
3259 3943 3422 4000 ταῦτα
3465 3942 3556 3999 καὶ
3611 3935 3845 3996 ἀσεϐούν-

2213 4060 2343 4099 των.
2408 4037 2506 4093 Καὶ
2562 4037 2589 4091 ὁ
2639 4035 2862 4112 μάρτυς⁶
2928 4035 2985 4092 Et
3029 4037 3080 4090 ai
3124 4032 3250 4112 παρ’
3303 4034 3474 4107 ὑμῶν,
3510 4030 3639 4112 ἔφη,
3682 4025 3844 4087 ποιναὶ

2213 4126 2350 4184 οὕτω
2405 4125 2640 4202 καθάπερ
2713 4123 2820 4181 οἶέι
2889 4120 3131 4203 φοϐεραὶ,
3191 4124 3278 4179 καὶ
3348 4123 3448 4190 τὴν
3510 4133 3701 4200 πεῖραν
3755 4115 3842 4173 ἀν-

2213 4219 2481 4287 ύποιστοι,
2537 4211 2718 4291 ὥσπερ
2789 4214 2842 4270 αἱ
2909 4210 3100 4284 δωρεαὶ
3171 4210 3332 4269 πάλιν
3403 4209 3701 4292 φιλότιμοι,
3765 4204 3844 4263 καὶ

2214 4307 2475 4386 λαμπραὶ,
2549 4304 2639 4360 καὶ
2712 4309 3056 4378 μακαρισμοῦ
3125 4304 3326 4367 παντὸς
3396 4300 3561 4378 ἀξίαι,
3631 4299 3759 4386 τίνα
3789 4312 3844 4372 γι

2216 4397 2312 4474 ἄρα
2372 4397 2435 4452 sit
2501 4395 2597 4451 τοῦ
2663 4392 2978 4471 ἐπουρανίου
3048 4392 3282 4468 νομίζεις
3359 4393 3498 4449 εἷναί
3558 4390 3642 4448 καὶ
3696 4385 3844 4464 μόνου

474 4480 617 4544 talia
631 4480 876 4563 quidem
899 4481 1198 4562 supplicia
1211 4494 1270 4546 et
1291 4474 2131 4558 doloresinexorabiles?Qua-

2217 4493 2400 4561 9506;
2459 4485 2617 4547 ποίας
2691 4483 2788 4558 μὲν
2847 4483 3138 4546 ἀθανάτους
3208 4482 3466 4562 τιμωρίας
3530 4481 3618 4539 καὶ
3676 4474 3842 4536 ὀδύνας

479 4571 570 4632 les
587 4585 788 4632 autem
815 4570 969 4650 ignis
992 4572 1333 4654 ﬂuvios,qui
1363 4593 1437 4636 ne
1456 4575 1587 4637 solo
1607 4575 1847 4657 quidem
1872 4585 2010 4639 sunt
2029 4594 2129 4638 as-

2217 4576 2663 4657 ἀπαραιτήτουςς
2723 4572 2905 4637 ⁴ποίους
2951 4570 3006 4630 δὲ
3063 4574 3343 4648 παταμοὺς
3385 4571 3552 4651 πυρὸς
3592 4564 3843 4657 οὒδὲᾼτῆν

479 4669 655 4742 pectu
681 4660 1025 4725 tolerabiles
1053 4663 1076 4724 ἲ
1105 4662 1392 4736 Quaenam
1418 4683 1556 4727 vero
1579 4683 1788 4728 rursus
1810 4665 1966 4728 bona
1995 4675 2132 4729 sunt

475 4756 978 4826 consecuturi.qui
1005 4771 1136 4813 eum
1161 4755 1505 4814 dilexerini?
1526 4758 1814 4829 Scriptum
1838 4770 1922 4817 est
1949 4762 2128 4826 enim,

476 4839 616 4902 talia
644 4849 708 4902 ut
729 4859 838 4902 nec
862 4849 1062 4902 mente
1083 4841 1318 4922 possint
1339 4843 1916 4925 comprehendi,nec
1941 4845 2132 4908 oculis

474 4930 690 5010 aSpici,
722 4937 821 4991 aut
849 4948 984 5011 quea
1008 4948 1079 4992 ex
1109 4931 1202 4993 bis
1233 4933 1561 5013 percipitur
1591 4935 1838 4998 omnino
1863 4935 2133 5017 voluptas

475 5020 697 5100 conjici
723 5017 931 5080 5.Nam
960 5038 1096 5100 quae
1117 5031 1256 5082 sunt
1279 5022 1522 5098 quidem
1550 5025 1888 5104 praesentia,
1911 5026 2024 5088 hoc
2043 5043 2134 5088 ar-

474 5122 716 5189 gentum
743 5119 800 5171 et
821 5128 1055 5185 aurum,
1086 5121 1220 5173 sunt
1244 5113 1436 5176 solum
1461 5113 1651 5194 pulvis
1673 5124 1732 5177 et
1753 5115 1966 5191 lutum,
2001 5116 2133 5177 vilis

475 5208 535 5262 et
577 5198 928 5279 infrugifera
984 5201 1256 5275 materia,
1291 5221 1423 5283 quae
1481 5203 1734 5284 turpiter
1762 5205 2006 5286 quidem
2061 5225 2130 5270 ex

475 5299 632 5351 terra
680 5289 968 5370 nascitur,
1004 5293 1238 5372 turpius
1269 5303 1465 5354 autem
1507 5295 1564 5354 in
1600 5312 1753 5365 eam,
1785 5313 1918 5376 quae
1948 5295 2123 5360 vide-

476 5387 592 5459 tur,
625 5378 894 5460 speciem
923 5398 1028 5459 per
1050 5381 1277 5443 ferrum
1310 5392 1368 5444 et
1411 5383 1609 5461 ignem
1644 5385 2124 5460 transfertur,la-

474 5470 748 5533 tronibus
767 5469 1040 5551 subjecta
1063 5481 1120 5533 et
1141 5471 1396 5549 furibus,
1427 5483 1484 5534 et
1509 5473 1558 5534 si
1583 5492 1701 5536 non
1727 5474 1908 5548 his,at
1937 5475 2122 5540 dimi-

551 5645 658 5712 31.
694 5648 833 5712 Cor.
865 5666 932 5726 ιι,
963 5652 1026 5714 9.

2215 4655 2338 4744 ὄψιν
2393 4664 2658 4747 φορητοὺς
2689 4663 2862 4739 μόνην
2896 4684 2912 4741 ;
2946 4664 3076 4721 Τίνὰ
3129 4659 3185 4719 δὲ
3231 4660 3391 4720 πάλιν
3445 4661 3513 4718 τὰ
3537 4660 3660 4725 τοὺς
3710 4655 3842 4747 ἠγα-

2215 4744 2460 4826 πηκότας
2518 4756 2676 4815 αὐτὸν
2733 4753 3049 4830 ἐκδεξάμενοι
3106 4752 3332 4832 hami;
3393 4749 3688 4832 Γέγραπτᾶι
3753 4744 3843 4826 γὰρ

2214 4857 2459 4918 τοιαῦτα,
2525 4845 2619 4903 οἷα
2675 4842 2814 4919 μῆτε
2849 4850 2928 4919 τῷ
2979 4842 3163 4911 ληπτὰ
3215 4842 3381 4917 εἶναι,
3417 4841 3557 4918 μήτε
3605 4833 3844 4921 ὀφθαλμῷ

2214 4939 2398 5012 θεατὰ,
2434 4938 2470 5004 ἢ
2528 4936 2627 5004 τὴν
2686 4931 2884 5004 ἡδονὴν
2929 4932 3072 4999 δ’λως
3116 4934 3424 5000 είκασθῆναι
3467 4920 3742 5006 δυνάμενα.
3774 4920 3842 4983 Τὰ

2215 5029 2312 5106 μὲν
2357 5029 2458 5105 γὰρ
2488 5033 2747 5102 παρόντα,
2782 5029 2810 5080 ὁ
2855 5022 3076 5103 ἄργυρος
3106 5025 3258 5087 οὗτος
3289 5022 3375 5078 καί
3431 5022 3460 5078 ὁ
3487 5018 3683 5106 χρυσὸς
3721 5015 3842 5096 χοῦς

2215 5105 2377 5194 μόνον
2434 5116 2544 5171 ἐστὶ
2573 5115 2661 5171 καὶ
2718 5111 2891 5180 πηλὸς
2933 5111 2970 5180 ἢ
3016 5110 3238 5180 εὐτελὴς
3294 5108 3398 5178 ὅλη
3453 5111 3543 5167 καὶ
3596 5105 3840 5194 ἄκαρπος,

2214 5188 2250 5278 ἦ
2321 5207 2522 5280 ἀτίμως
2565 5203 2656 5260 κέν
2712 5202 2820 5260 ἀπὸ
2889 5201 3206 5279 τικτομένη,
3276 5198 3594 5278 ἀτιμότερον
3659 5193 3712 5252 δὲ
3775 5188 3842 5250 εἷς

2212 5295 2357 5362 εἶδος
2405 5297 2462 5352 τὸ
2497 5293 2682 5351 δοκοῦν
2741 5291 2827 5349 διὰ
2859 5289 3077 5366 σιδήρου
3107 5292 3194 5348 καὶ
3227 5292 3390 5365 πυρὸς
3423 5280 3835 5369 μεταφερομένη,

2208 5387 2440 5465 λῃσταῖς
2499 5382 2829 5460 ὑποκειμένη
2867 5382 2955 5438 καὶ
2982 5379 3266 5446 κλέπταιςο
3320 5381 3365 5436 εἰ
3395 5377 3450 5435 δὲ
3494 5379 3574 5457 μὴ
3621 5373 3832 5465 τούτοις,

2207 5463 2347 5535 ἀλλὰ
2405 5473 2625 5550 μειώσει
2681 5474 2772 5530 καὶ
2819 5473 2884 5548 ὶῷ
2939 5468 3297 5548 δαπανωμένη
3347 5470 3435 5527 καὶ
3475 5463 3833 5549 magum)“.
