4104 6198
387 300 511 372 387

1445 305 1632 374 VITA
1687 311 1746 374 S.
1793 311 2238 375 CLEMENTIS
2300 309 2725 380 ANGYRANI.

3653 311 3771 380 838

382 438 706 514 Ἐσθήματα
779 436 835 495 δὲ
892 439 1260 522 περιπόρφυρα
1304 444 1393 498 καὶ
1437 441 1681 520 λαμπρὰ,
1730 443 2035 515 σκωλήκων

2134 445 2356 509 nutioni
2390 447 2604 510 saltem
2638 455 2697 508 et
2745 445 3013 526 rubigni,
3071 454 3142 511 ut
3188 464 3323 528 qua;
3379 454 3774 510 consumatur

388 531 490 586 εἶσὶ
562 530 776 603 νάματα
867 533 954 588 καὶ
1021 529 1272 610 βαόάρων
1347 533 1637 611 ἀνθρώπων
1716 536 1978 613 εὕρὲματα
2012 559 2025 572 ο

388 618 534 677 ὥστε
579 619 623 675 εἰ
667 620 880 681 τούτους
927 621 1233 698 τιμώμεθα,
1281 622 1569 690 σκώληκος
1622 623 1721 702 ἄρα
1752 624 1868 680 καθ’
1901 628 2033 699 ὅμᾶς

389 711 425 766 ὁ
467 709 743 789 ἄνθρωπος
774 711 1094 790 ἀτιμότερος
1129 731 1144 748 ⁸
1195 715 1238 768 εἰ
1282 711 1336 768 δέ
1386 735 1436 768 τι
1476 715 1589 794 χρὴ
1620 715 1711 771 καὶ
1742 714 1828 770 διὰ
1869 724 2036 772 ταῦτα

389 800 518 862 τοὺς
580 799 886 878 ἀνθρώπους
933 803 1244 877 θαυμάζειν,
1305 801 1442 858 πολὺ
1501 803 1706 878 μᾶλλον
1762 805 2034 879 ἐθαύμασα

389 888 460 943 ἃν
504 889 622 954 τοὺς
667 891 728 945 τᾶ
772 898 991 948 τοιαῦτα
1034 891 1387 970 δημιουργεῖν
1435 892 1664 967 εἰδότας,
1697 893 1732 962 ἢ
1764 896 1887 959 τοὺς
1917 896 2035 960 εἰκῆ

389 979 484 1034 καὶ
543 979 719 1053 μάτην
763 979 848 1036 ἐπὶ
892 987 962 1058 τῇ
1019 981 1283 1061 περιϐολῆ
1327 984 1530 1039 τούτων
1588 985 2031 1059 σεμνυνομένους.

393 1070 457 1125 Οἱ
515 1069 613 1143 μὲν
657 1070 759 1147 γὰρ
815 1072 1022 1152 τέχνης
1081 1069 1375 1153 δεινότητι,
1433 1077 1878 1151 μεταρυθμίζουσι
1939 1075 2040 1142 τὴν

389 1158 550 1233 φύσιν
597 1158 682 1216 ἐπὶ
752 1162 814 1218 τὸ
869 1160 1108 1242 βέλτιον,
1182 1164 1271 1219 καὶ
1313 1163 1415 1232 τὴν
1464 1163 1720 1230 αἴσθησιν
1764 1164 2035 1238 ἀπατῶσι,

386 1249 484 1304 καὶ
537 1251 844 1326 προτιθέασι
907 1253 1265 1332 φιλοκόσμοις
1311 1253 1612 1334 ὀρθαλμοϊς
1674 1251 1771 1322 ἡδὺ
1824 1252 2036 1332 δέλεαρο

390 1341 444 1396 οἱ
489 1338 544 1395 δὲ
605 1343 956 1418 σεμνύνονται
1023 1340 1471 1423 περιϐαλλόμενοι
1541 1343 1853 1424 κουφότητα
1909 1343 2039 1401 δια-

389 1430 538 1496 νοίας
607 1432 808 1489 ἑαυτῶν
879 1440 1428 1515 καταμαρτυροῦντες,
1513 1436 1602 1491 καὶ
1670 1435 1788 1492 δέον
1849 1436 2039 1498 αὐτοὺς

393 1521 740 1602 αἰσχύνεσθαι
785 1525 885 1592 τῆς
916 1523 1130 1590 ἀπάτης
1172 1538 1187 1554 ⁹
1223 1525 1271 1581 οἱ
1304 1522 1360 1580 δὲ
1389 1525 1477 1580 καὶ
1507 1526 1774 1604 φυσῶνται
1805 1525 2039 1604 μᾶλλον,

2119 546 2292 617 atque
2306 537 2778 599 deﬁuat.Vestes
2791 546 2986 598 autem
3008 554 3328 615 purpurea:
3341 537 3771 620 etsplendidze,

2120 627 2216 686 ﬁla
2246 641 2383 687 sunt
2417 628 2737 700 vermium,
2773 637 2834 689 et
2862 628 3102 688 inventa
3138 627 3531 690 barbarorum
3565 627 3769 690 homi-

2119 735 2284 778 num.
2325 716 2725 790 Quamobrem
2762 720 2810 778 si
2851 735 2920 779 ea
2965 736 3072 778 nos
3123 717 3386 780 reddunt
3417 719 3766 798 honoratos,

2119 816 2315 867 vestra
2339 807 2580 887 quidem
2615 816 2914 869 sententna
2975 809 3152 867 homo
3208 816 3296 866 est
3329 825 3534 868 verme
3566 807 3770 872 vilior.

2121 893 2288 966 Quod
2307 899 2356 956 si
2375 897 2804 977 oportetetiam
2826 897 3104 958 homines
3130 903 3374 976 propter
3399 897 3522 957 haec
3543 895 3772 960 habere

2121 987 2181 1045 in
2207 986 2626 1061 admiratione,
2666 990 2852 1048 multo
2902 987 3088 1061 magis
3138 986 3476 1047 admirarer
3505 1004 3637 1060 eos,
3665 987 3771 1066 qui

2126 1079 2216 1134 hic
2237 1077 2619 1140 fabricantur.
2650 1094 2821 1151 quam
2865 1094 2987 1144 eos,
3023 1080 3120 1150 qui
3149 1089 3381 1148 prepter
3399 1091 3474 1134 ex
3506 1077 3599 1136 bis
3625 1093 3769 1139 con-

2125 1162 2279 1224 lecta
2303 1165 2653 1225 indumenta
2668 1163 3090 1244 gloriantur,et
3108 1181 3174 1224 se
3192 1164 3506 1242 magniﬁce
3519 1165 3770 1227 circum-

2123 1258 2548 1328 spieiunt.Nam
2569 1260 2653 1314 illi
2675 1259 2906 1329 quidem
2929 1258 3068 1314 artis
3093 1255 3330 1315 solertia
3355 1259 3777 1318 transformant

2126 1351 2400 1404 naturam
2414 1345 2484 1405 ad
2504 1344 2558 1405 id
2577 1347 2735 1426 quod
2753 1354 2841 1406 est
2857 1344 3418 1416 melius,etsensum
3434 1342 3770 1424 decipiunt,

2123 1441 2183 1496 et
2202 1443 2476 1496 ornatum
2503 1435 2845 1496 amantibus
2877 1435 3070 1498 oculis
3102 1451 3314 1495 suaves
3345 1449 3514 1495 escas
3546 1451 3774 1516 propo-

2124 1531 2298 1600 nunt;
2328 1525 2384 1587 hi
2406 1534 2602 1586 autem
2626 1525 2818 1586 induti
2845 1524 2957 1587 sibi
2985 1525 3247 1605 placent,
3275 1534 3333 1585 et
3353 1543 3420 1586 se
3451 1525 3776 1605 magniﬁce

392 1611 486 1667 καὶ
528 1611 622 1676 τὰς
667 1612 828 1692 ὀφρῦς
857 1612 1104 1694 α’ίρουσιν
1135 1613 1328 1692 ἑτέρων
1392 1612 1568 1692 ἔργοις
1617 1616 1938 1695 τιμώμενοι,
1987 1615 2042 1671 εἴ

2134 1614 2726 1695 εἰτουιηερίοἰιιηῐ.ἁθ
2751 1616 2841 1677 sui
2872 1616 3058 1677 animi
3093 1615 3338 1677 levitate
3370 1615 3635 1678 ferentes
3663 1622 3778 1679 tes-

395 1721 460 1778 γε
493 1703 584 1758 καὶ
627 1701 792 1778 τιμήν
837 1701 978 1766 ὅλως
1009 1705 1122 1784 χρὴ
1167 1704 1234 1760 τὰ
1277 1710 1496 1760 τοιαῦτα
1527 1703 1742 1767 καλεῖν,
1778 1704 1948 1761 Ἀλλά
1977 1706 2041 1761 τὰ

2134 1705 2448 1766 timonium
2476 1726 2490 1768 :
2519 1715 2735 1767 etcum
2758 1713 3072 1786 oporteret
3097 1724 3200 1767 eos
3222 1705 3452 1786 pudere
3475 1705 3568 1768 sui
3595 1722 3776 1768 erro-

394 1790 500 1866 μὲν
555 1789 682 1871 παρ’
723 1793 874 1869 ὑμῶν
935 1803 1154 1854 τοιαῦτα
1203 1794 1290 1851 καὶ
1348 1791 1516 1856 οὕτως
1570 1792 1792 1876 ἔχοντα,
1865 1797 1932 1852 τὰ
1990 1793 2045 1850 δὲ

2134 1795 2238 1869 ris,
2272 1794 2359 1856 illi
2389 1796 2586 1876 potius
2617 1785 3051 1869 intumescunt,
3089 1805 3147 1856 et
3179 1785 3397 1856 tellunt
3425 1797 3774 1877 supercilia,

395 1881 543 1960 παρά
597 1888 692 1939 τοῦ
779 1882 980 1962 ἀγαθοῦ
1056 1890 1188 1941 Θεοῦ
1273 1885 1430 1959 ἡμῶν
1498 1883 1670 1960 ἀγαθὰ
1740 1886 2045 1943 τοῦναντίον

2134 1883 2409 1946 honorati
2435 1886 2688 1947 aliorum
2717 1885 3088 1966 operibus,si
3113 1885 3290 1946 tnodo
3316 1903 3386 1946 ea
3409 1885 3655 1948 omnino
3673 1887 3775 1950 ho-

395 1968 566 2031 ἅπαν.
623 1969 916 2030 Ἀθάνατον
979 1973 1080 2052 γὰρ
1124 1973 1245 2053 ἔχει
1288 1975 1387 2042 τὴν
1430 1971 1653 2048 ἡδονὴν,
1706 1972 1930 2043 διηνεκῆ
1990 1973 2044 2030 δὲ

2134 1991 2338 2036 norem
2371 1993 2586 2037 vocare
2618 1981 2917 2056 oporteat.
2953 1975 3070 2038 Sed
3116 1983 3313 2037 vestra
3362 1975 3605 2056 quidem
3637 1984 3781 2042 sunt

394 2060 501 2128 τὴν
549 2060 909 2140 λαμπρότητα
945 2079 959 2093 ⁸
1000 2061 1116 2119 οῦδὲ
1161 2065 1262 2141 γὰρ
1306 2060 1510 2120 δέδοικε
1555 2067 1655 2130 την
1688 2063 1748 2121 ἐκ
1789 2072 1882 2122 τοῦ
1915 2066 2045 2145 χρό-

2134 2062 2290 2139 lalia,
2321 2074 2379 2126 et
2414 2083 2484 2126 eo
2519 2066 2696 2127 modo
2730 2085 2796 2128 se
2847 2067 3093 2128 habent.
3146 2067 3289 2139 Quae
3313 2074 3511 2128 autem
3545 2085 3580 2128 a
3607 2065 3770 2132 bono

393 2170 491 2205 νου
548 2149 879 2227 μεταϐολὴν,
939 2155 1044 2232 οὔχ
1123 2152 1412 2210 ὑποπτεύει
1467 2155 1694 2232 τροπὴν,
1773 2159 1869 2213 οὒκ
1920 2155 2042 2210 ἐπί-

2134 2153 2249 2215 Deo
2273 2164 2502 2228 nostro,
2539 2164 2680 2216 sunt
2703 2155 3100 2233 bona,rontra
3131 2173 3196 2216 se
3228 2157 3770 2240 habentVolupta-

395 2259 590 2295 σταται
637 2240 830 2319 γῆρας,
878 2239 1016 2297 ἀλλὰ
1063 2239 1288 2317 ἀκμάζει
1334 2239 1596 2308 διηνεκῶς
1648 2243 1733 2300 ἐπὶ
1782 2249 1880 2311 τῆς
1913 2243 2044 2309 ἴσης

396 2327 630 2404 μένοντα
674 2331 1044 2410 εὖπρεπρείας,
1081 2331 1174 2388 tu?
1230 2330 1516 2411 πεπηγότα
1567 2332 1696 2390 ὄντα
1755 2332 2041 2398 διαπαντὸς

396 2422 487 2476 καὶ
530 2419 754 2487 ἀκίνητα
766 2471 778 2482 ,

2127 2251 2246 2303 tem
2281 2244 2442 2305 enim
2476 2245 2694 2306 habent
2739 2246 3164 2317 immortalem,
3215 2245 3604 2324 splendorem
3637 2265 3780 2311 vero

2129 2344 2509 2414 perpetuum.
2547 2337 2757 2412 Neque
2789 2337 2946 2397 enim
2985 2335 3198 2396 timent
3229 2355 3384 2408 eam,
3421 2355 3553 2417 qua;
3583 2344 3676 2400 est
3705 2356 3779 2401 ex

2129 2433 2245 2484 tem
2258 2428 2988 2505 pore,mutattonem.Non
3010 2435 3350 2506 suspectam
3377 2429 3602 2490 habent
3623 2446 3776 2491 con-

395 2508 764 2602 versionem,
797 2511 1034 2602 senium
1069 2515 1366 2592 ignorant,
1402 2511 1506 2574 sed
1558 2531 1802 2596 semper
1827 2514 2062 2591 ﬁerent,
2099 2513 2158 2574 in
2192 2514 2402 2595 aequali
2435 2516 2655 2578 decore
2702 2517 3134 2597 permanentia,
3173 2514 3526 2598 stabiliaque
3557 2535 3778 2602 perpe-

398 2607 504 2660 tuo
535 2607 593 2661 et
617 2599 972 2666 immobilia.

489 2690 623 2751 KH'.
673 2694 810 2772 Πρὸς
842 2701 1007 2750 ταῦτα
1044 2692 1454 2776 Διοκλητιανὸς,
1487 2705 1677 2758 Δοκετς
1710 2717 1829 2770 μοι,
1857 2697 2042 2778 φησὶν,

397 2780 580 2845 καλῶς
623 2781 748 2862 μὲν,
790 2783 837 2836 ὦ
883 2782 1107 2859 Κλήμη,
1170 2782 1371 2863 λέγειν,
1419 2799 1636 2865 φρονεῖν
1696 2783 1752 2842 δὲ
1796 2789 1886 2843 καὶ
1929 2785 2043 2842 λίαν

396 2878 583 2936 κακῶς
621 2891 636 2908 ⁸
681 2871 900 2951 γλώττῃ
944 2875 1044 2948 μὲν
1101 2875 1200 2953 γὰρ
1263 2875 1524 2955 προτιμᾷς
1567 2876 1666 2945 τὴν
1724 2877 2038 2949 ἀθανασίαν,

398 2959 488 3019 ἐπὶ
528 2965 708 3037 θνητῷ
732 2961 788 3018 δὲ
821 2962 903 3020 ἀεὶ
958 2964 1053 3028 τὰς
1113 2962 1333 3030 ὲλπίδας
1399 2965 1550 3046 ἔχεις
1586 2983 1600 2996 ⁸

1650 2967 1741 3023 τόν
1787 2969 2045 3046 ὑμέτερον

2209 2696 2578 2761 ΧΧνιιΙΑά
2603 2699 2730 2760 haec
2766 2697 3178 2761 Diocletianus
3206 2718 3220 2760 :
3246 2697 3386 2762 Mihi
3417 2698 3778 2775 videris,in-

2129 2788 2544 2868 quit,pulchre
2576 2788 2824 2866 quidem
2859 2788 3046 2870 loqui,
3077 2809 3110 2851 ο
3143 2788 3446 2868 Clemens,
3481 2788 3588 2851 ed
3623 2789 3778 2851 male

2127 2876 2452 2938 admodum
2477 2879 2704 2940 sentire
2737 2880 2886 2942 Nam
2906 2879 3106 2958 lingua
3127 2879 3373 2960 quidem
3401 2880 3648 2958 praefers
3668 2878 3779 2940 im-

2131 2967 2653 3039 mortalitatem,in
2681 2968 2916 3030 mortali
2935 2983 3130 3030 autem
3158 2986 3400 3048 semper
3419 2986 3588 3048 spem
3617 2975 3777 3030 tuam

397 3051 462 3109 λέ
480 3074 547 3131 (ω
591 3053 838 3132 Χριστὸν,
873 3053 933 3109 ὃν
964 3053 1123 3132 μυρία
1154 3055 1308 3134 φασὶν
1367 3056 1470 3114 ὑπὸ
1521 3053 1789 3114 Ἰουδαίων
1841 3077 2044 3114 πεπον-

2134 3056 2390 3118 collocas
2417 3080 2429 3118 :
2456 3068 2719 3121 vestrum
2754 3060 2998 3140 inquam
3029 3057 3540 3138 Christum,quem
3565 3057 3781 3122 dicunt

397 3143 546 3200 θέναι
589 3141 756 3215 δεινὰ,
789 3145 879 3200 καὶ
907 3142 1062 3208 τέλος
1120 3145 1214 3201 τὸν
1253 3143 1337 3202 διὰ
1381 3154 1608 3223 σταυροῦ
1637 3149 1860 3205 θάνατον
1903 3149 2043 3204 ὑπο-

400 3235 618 3299 στῆναι,
657 3233 716 3290 Οἱ
747 3231 801 3288 δὲ
842 3233 964 3290 καθ’
1004 3234 1148 3308 ἡμᾶς
1178 3235 1310 3309 θεοὶ,
1363 3235 1447 3291 ἀεί
1500 3257 1558 3292 τε
1613 3235 1864 3293 ἀθάνατοι
1915 3237 2040 3310 εἶσι,

401 3323 491 3377 καὶ
521 3319 767 3399 ἀλγεινὸν
811 3319 959 3378 οὐδὲν
1001 3320 1119 3378 οὐδὲ
1163 3321 1421 3404 δυσχερὲς
1451 3325 1798 3400 ὑπομένουσι.
1851 3325 1960 3384 Καῖ
2017 3328 2044 3382 6

400 3409 601 3488 μάρτυς
658 3409 967 3493 ὑπολαϐὼν,
1001 3414 1127 3492 Περὶ
1157 3415 1255 3480 τῆς
1306 3415 1595 3478 ἀθανασίας
1642 3415 1839 3496 αὐτῶν,
1887 3418 2042 3496 φησὶ,

401 3502 491 3558 καὶ
534 3500 870 3581 ἀναλγησίας
904 3505 1094 3582 μικρὸν
1124 3509 1221 3559 καί
1252 3502 1428 3571 ἀληθῆ
1460 3503 1661 3583 λέγεις,
1696 3505 1742 3562 ὦ
1797 3505 2038 3582 βασιλεῦ.

407 3595 528 3655 [Ιῶς
575 3592 676 3670 γὰρ
717 3590 785 3660 δὴ
848 3595 936 3649 καὶ
985 3593 1374 3650 ἀποθανοῦνται
1427 3594 1474 3648 οἳ
1530 3593 1667 3664 μηδὲ
1722 3595 1822 3663 τὴν
1867 3595 2047 3675 ἀρχὴν

401 3679 549 3748 ὅλως
605 3683 862 3754 ζήσαντες
897 3701 913 3764 ς
959 3683 998 3751 ἢ
1040 3691 1155 3748 πῶς
1200 3682 1262 3738 ἂν
1306 3683 1600 3762 ἀλγήσειάν
1644 3687 1692 3740 οἱ
1745 3686 1831 3742 καὶ
1884 3688 2048 3752 αὐτῆς

405 3770 701 3840 αἰσθήσεως
744 3773 989 3854 ἀτεχνῶς
1035 3771 1228 3851 ἔρημοι
1262 3792 1278 3853 ;
1328 3772 1471 3840 πλὴν
1514 3775 1559 3830 εἰ
1589 3777 1677 3830 καὶ
1704 3780 1812 3832 τῶν
1855 3775 2047 3853 ἀλγει-

400 3867 509 3919 νῶν
554 3862 632 3937 μὴ
677 3863 1035 3943 αἰσθάνονται,
1093 3862 1234 3920 ἀλλὰ
1292 3863 1501 3942 μυρίαις
1571 3871 1700 3943 γοῦν
1742 3866 2048 3921 ὑπόκεινται

403 3952 652 4031 πληγαῖς
709 3973 768 4009 τε
825 3953 911 4009 καὶ
965 3951 1198 4033 ὕϐρεσιν.
1269 3953 1428 4012 ’Ὀσοι
1475 3955 1571 4028 μὲν
1617 3955 1718 4032 γὰρ
1774 3953 1836 4011 ἐκ
1891 3956 2048 4011 λίθων

403 4042 686 4122 γεγόνασι,
737 4043 826 4099 καὶ
855 4041 1072 4122 πληγὰς
1113 4044 1217 4100 ὑπὸ
1259 4045 1448 4124 χειρὸς
1482 4042 1874 4125 διαγλυφούσης
1933 4045 2048 4102 ἑδέ-

405 4130 584 4205 ξαντο,
647 4128 846 4211 σιδήρῳ
902 4153 958 4188 τε
1003 4130 1374 4208 διεξὲσθησαν,
1407 4137 1496 4191 καὶ
1527 4134 1667 4191 οὕτω
1713 4136 1850 4210 μετά
1907 4135 2048 4193 πολ-

408 4221 512 4289 λῆς
571 4220 707 4288 ὅσης
763 4226 864 4290 τῆς
909 4224 1302 4296 ματαιοπονίας
1351 4221 1551 4280 εἴδωλα
1601 4231 1814 4304 μορφῆς
1844 4224 2050 4305 ἀνθρω-

408 4317 570 4378 πίνης
622 4313 713 4368 καὶ
741 4309 1052 4391 ἀνδριάντες
1107 4314 1388 4392 γεγόνασιν
1425 4335 1439 4352 ·
1488 4317 1574 4380 οἷς
1644 4313 1698 4371 δὲ
1759 4319 1958 4396 χρυσὸς
2016 4317 2052 4384 ἦ

407 4398 513 4467 ὕλη
573 4399 755 4476 πάλιν,
822 4401 935 4460 εἴτε
993 4401 1231 4484 χαλκὸς,
1291 4401 1405 4461 εἴτε
1451 4403 1703 4486 ἄργυρος,
1757 4407 1846 4462 καὶ
1909 4409 2052 4480 οῦτρι

409 4487 480 4557 δή
537 4487 852 4569 λαϐροτάτῳ
911 4495 1040 4570 πυρὶ
1129 4493 1515 4574 χωνευθέντες,
1577 4496 1642 4552 τὰ
1701 4497 2053 4576 παραπλήσια

2129 3164 2162 3207 a
2181 3145 2406 3209 Judaeis
2431 3148 2586 3210 mala
2611 3166 2851 3230 passum
2879 3166 3012 3210 esse
3031 3145 3521 3224 innumerabilia,
3554 3154 3613 3208 et
3639 3157 3779 3210 tan-

2129 3235 2267 3298 dem
2302 3248 2556 3300 mortem
2595 3243 2654 3298 in
2688 3256 2870 3300 cruce
2902 3234 3503 3299 sustinuisse.Nostri
3529 3254 3670 3300 vero
3697 3236 3780 3300 dii

2130 3333 2188 3387 et
2218 3345 2459 3408 semper
2490 3328 2861 3390 immortales
2884 3335 3112 3400 sunt,et
3137 3327 3285 3389 nihil
3309 3343 3486 3405 grave
3505 3344 3620 3390 nec
3652 3345 3780 3389 mo-

2128 3414 2347 3477 lestum
2381 3417 3118 3498 sustinent.Respondens
3149 3425 3346 3479 autem
3380 3425 3603 3498 martyr
3635 3435 3652 3476 :
3683 3418 3772 3480 De

2133 3505 2654 3586 ipsorum,inquit,
2680 3507 3131 3569 immortalitate
3153 3519 3211 3569 et
3231 3506 3463 3568 doloris
3485 3505 3779 3569 vacuitate

2133 3597 2569 3675 propemodum
2623 3615 2764 3659 vera
2795 3597 2971 3669 dicis,
3003 3617 3036 3658 o
3067 3599 3419 3677 imperator.
3455 3595 3772 3670 Quomodo

2132 3685 2289 3746 enim
2327 3687 2796 3767 morientur,qui
2822 3705 2897 3748 ne
2916 3687 3162 3747 omnino
3184 3686 3425 3766 quidem
3451 3685 3783 3749 vixerunt?

2131 3785 2232 3836 aut
2261 3776 2565 3856 quomodo
2597 3777 2870 3840 dolorem
2904 3775 3345 3856 senserint,qui
3379 3776 3506 3856 ipso
3537 3795 3780 3857 quoque

2133 3883 2314 3926 srnsu
2337 3865 2510 3944 plane
2529 3865 2768 3927 carent?
2785 3863 2899 3928 Sed
2917 3866 3027 3927 etsi
3046 3864 3312 3925 dolorem
3337 3882 3458 3926 non
3480 3864 3774 3941 sentiunt,

2133 3965 2266 4016 sunt
2291 3964 2490 4017 tamen
2509 3956 2767 4037 subjecti
2793 3953 3337 4017 innumerabilibus
3361 3953 3546 4034 plagis
3563 3963 3622 4015 et
3638 3973 3781 4016 con-

2137 4046 2581 4109 tumeliisNam
2613 4047 2712 4127 qui
2742 4046 2877 4108 facti
2909 4045 3151 4127 quidem
3185 4055 3323 4106 sunt
3345 4061 3420 4106 ex
3445 4042 3771 4124 lapidibus,

2136 4146 2194 4200 et
2215 4155 2249 4198 a
2273 4155 2611 4219 manu,quae
2631 4136 3090 4218 sculpit,plagas
3110 4142 3496 4216 acceperunt,
3529 4142 3589 4198 et
3617 4133 3782 4200 ferro

2138 4236 2277 4289 sunt
2308 4228 2561 4307 lzevigati
2611 4247 2680 4290 ac
2731 4227 2925 4310 politi,
2983 4235 3042 4288 et
3088 4225 3176 4289 sic
3207 4245 3344 4288 cum
3378 4243 3620 4306 magno,
3673 4225 3782 4289 sed

2139 4318 2324 4390 inani,
2355 4317 2582 4392 labore,
2609 4317 2819 4380 formae
2844 4318 3118 4378 humanae
3137 4315 3456 4386 simulacra
3485 4325 3547 4378 et
3575 4323 3784 4380 statuae

2139 4406 2276 4469 facti
2308 4415 2472 4469 sunt.
2507 4405 2735 4480 Quibus
2762 4414 2959 4468 autem
2985 4423 3199 4468 rursus
3222 4423 3438 4468 aurum
3464 4413 3555 4467 est
3585 4412 3782 4469 mate-

2137 4497 2380 4566 ria,sive
2407 4497 2644 4577 zes,sive
2667 4504 3003 4575 argentum,
3028 4496 3070 4557 ii
3093 4514 3336 4578 quoque
3360 4495 3480 4558 l‘usi
3502 4494 3642 4575 igne
3674 4513 3785 4559 ve-

410 4579 502 4636 καὶ
559 4579 715 4640 αὗτοῖ
757 4595 876 4647 τοῖς
936 4581 1121 4647 ἄλλοις
1179 4583 1515 4654 ἀναισθήτως
1573 4585 1906 4667 ὑπέστησαν,
1937 4609 2045 4644 τοσ-

2141 4585 2910 4657 hementissimo,similiter
2937 4595 3116 4669 atque
3145 4585 3248 4647 alii
3282 4590 3619 4648 consistunt
3648 4603 3785 4649 om-

411 4670 568 4727 ούτου
626 4669 835 4736 δέοντες
886 4673 1108 4749 βοηθεῖν
1153 4673 1372 4753 ἑτέροις,
1418 4673 1528 4750 ὅσῳ
1576 4677 1664 4733 καὶ
1709 4676 1922 4742 ἑαυτοῖς
1965 4677 2045 4733 τοί

2140 4677 2284 4739 ηἰηο
2309 4696 2526 4740 sensus
2547 4685 2862 4759 expertes:
2897 4677 3000 4758 qui
3033 4685 3257 4740 tantum
3293 4675 3486 4752 abest,
3509 4687 3577 4739 ut
3607 4694 3782 4758 opem

415 4759 498 4835 μὴ
553 4763 775 4820 τοιαῦτα
832 4763 1088 4844 πάσιειν,
1151 4767 1212 4821 τὸ
1283 4767 1532 4842 παράπαν
1609 4767 1735 4824 εἰσὶν
1787 4765 2045 4830 ἀδύνατοι,

2140 4767 2332 4830 ferant
2353 4767 2511 4843 aliis,
2533 4777 2597 4830 ut
2627 4786 2702 4830 ne
2723 4767 2836 4848 ipsi
2859 4765 3105 4846 quidem
3133 4766 3363 4847 possint
3393 4765 3787 4845 facere,quo-

417 4849 716 4919 Θνήσκουσι
749 4853 847 4928 μὲν
879 4852 967 4910 οὗν
1012 4851 1281 4930 οὐδαμῶς,
1314 4854 1428 4911 ἐπεὶ
1451 4853 1587 4929 μηδὲ
1619 4857 1718 4924 τὴν
1752 4856 1952 4937 ἀρχὴν,
1984 4859 2045 4920 ὡς

2145 4864 2338 4918 minus
2366 4863 2483 4918 haec
2510 4861 2750 4920 omnino
2777 4860 3472 4934 patiantur.Nequaquatn
3497 4874 3636 4933 ergo
3656 4873 3790 4918 mo-

415 4939 584 5020 ἕφθην
628 4942 818 5023 εἰπὼν,
865 4941 1002 5005 ὅλως
1061 4943 1258 5015 ἔζησαν
1293 4959 1306 4974 ⁸
1357 4942 1650 5024 διαῤῥέουσι
1681 4943 1736 5003 δὲ
1780 4950 1866 5004 καὶ
1927 4970 2045 5004 συν-

2142 4948 2695 5028 riuntur,quoniam
2720 4965 2827 5010 nec
2849 4945 3097 5010 omnino
3117 4947 3447 5028 quidem.ut
3463 4945 3788 5028 priusdixi,

413 5028 708 5109 τρίϐονται,
770 5033 1006 5112 καθάπερ
1063 5054 1246 5114 χρονῳ
1285 5035 1345 5091 τὸ
1392 5035 1538 5092 εἶναι
1597 5035 1736 5093 οὕτω
1763 5036 1829 5106 δη
1863 5041 1950 5095 καὶ
1999 5040 2061 5094 τὸ

415 5121 497 5198 μὴ
554 5121 698 5178 εἶναι
729 5120 1117 5200 λαμϐάνοντες,
1152 5122 1350 5182 Ούκουν
1380 5134 1601 5183 τοιαῦτα
1657 5128 1754 5184 καί
1797 5130 1862 5184 τὰ
1918 5129 2059 5204 ἠμέ-

415 5231 544 5288 τερα
575 5226 590 5241 ⁸
626 5210 747 5268 ἀλλ’
789 5215 945 5275 αὐτὸς
981 5215 1008 5270 6
1039 5213 1244 5281 ἀληθὴς
1282 5216 1559 5282 Δεσπότης
1605 5217 1692 5272 καὶ
1726 5220 2062 5297 Δημιουργὸς

417 5297 671 5357 ἁπάντων
729 5305 757 5360 6
802 5301 930 5378 ἐμὸς
983 5305 1112 5365 Θεὸς
1164 5302 1394 5383 ἄχρονός
1437 5325 1494 5360 τε
1538 5303 1612 5362 ὢν
1663 5308 1748 5362 καὶ
1777 5307 2058 5383 ἀθάνατος,

418 5392 509 5448 καὶ
551 5391 825 5470 ἄνθρωπος
871 5392 1090 5470 ὕστερον
1134 5394 1334 5472 γίνεται
1365 5391 1433 5450 δι’
1489 5394 1610 5470 ἐμὲ,
1663 5395 1739 5451 ἶν’
1798 5400 1906 5475 ἑγὼ
1965 5401 2061 5476 γέ-

417 5483 597 5556 νωμαί
639 5481 714 5538 δι’
769 5482 975 5540 ἐκείνου
1035 5485 1190 5557 θεὸς,
1239 5486 1326 5540 καὶ
1396 5491 1708 5563 σταδροῦται
1765 5486 1933 5543 θέλων
1978 5491 2064 5544 καὶ

417 5571 702 5642 θάπτεται,
736 5571 832 5630 καΐ
888 5575 1177 5652 τριήμερος
1237 5572 1538 5650 άνίστατῃι,
1587 5579 1677 5632 καὶ
1706 5577 1778 5638 εἰς
1812 5579 2062 5656 οὐρανοὺς

421 5659 590 5718 ἔνεισι
635 5663 801 5718 πάλιν
849 5662 968 5719 ὅθεν
1011 5659 1077 5729 δὴ
1134 5661 1391 5744 κατῆλθε,
1443 5664 1845 5732 σοναναστιίσας
1895 5668 2066 5742 ἑαυτῷ

2147 5039 2440 5102 vixerunt:
2463 5037 2955 5100 diiiiuuntautem
2981 5033 3788 5117 etconteruntur,quomodo

2145 5129 2307 5207 quod
2331 5129 2516 5205 sint,a
2538 5127 2922 5209 tempore,ita
2952 5128 3157 5204 etiam,
3182 5127 3343 5210 quod
3367 5144 3486 5188 non
3509 5125 3651 5202 sint,
3682 5141 3790 5188 ac-

2147 5225 2451 5294 cipientes.
2477 5223 2601 5280 Non
2627 5238 2767 5294 ergo
2795 5230 2988 5281 nostra
3014 5236 3247 5294 quoque
3267 5231 3404 5279 sunt
3428 5217 3788 5292 huiusmodi,

2149 5309 2249 5370 seni
2301 5307 2432 5388 ipse
2485 5325 2664 5368 verus
2724 5305 3018 5368 Dominus
3069 5304 3266 5386 opifex
3299 5304 3596 5380 omnium,
3629 5301 3790 5366 Deus

2152 5415 2341 5473 meus,
2381 5396 2481 5478 qui
2515 5406 2611 5459 est
2642 5405 2702 5458 et
2732 5414 2950 5477 expers
2981 5394 3289 5476 temporis,
3315 5402 3375 5456 et
3403 5393 3788 5468 immortalis,

2150 5497 2392 5568 prepter
2425 5504 2521 5548 me
2549 5503 2790 5566 quoque
2820 5486 2884 5546 ﬁt
2913 5485 3094 5547 homo
3149 5493 3376 5563 postea,
3413 5491 3478 5547 ut
3511 5501 3623 5564 ego
3654 5482 3794 5546 ﬁam

2149 5595 2256 5658 per
2286 5577 2452 5638 illum
2486 5575 2686 5653 Deus;
2719 5576 3045 5656 volensque
3075 5583 3238 5637 cruci
3292 5575 3559 5657 afﬁgitur
3599 5583 3662 5639 et
3689 5591 3790 5638 se-

2150 5667 2466 5748 pelitur,et
2494 5667 2670 5728 tertio
2702 5666 2804 5728 die
2835 5663 3118 5744 resurgit,
3153 5671 3212 5729 et
3243 5683 3454 5730 rursus
3484 5664 3547 5728 iu
3571 5665 3790 5731 omium
