4104 6198
480 303 598 377 839

1779 307 2063 375 MENSIS
2100 306 2556 378 JANUARIUS.

3719 315 3829 391 840

481 448 773 521 ascendit,
803 449 968 511 unde
998 447 1554 514 descenderat,cum
1591 463 1698 505 nos
1722 464 1841 507 una
1877 464 2092 525 quoqm

2203 446 2290 504 καὶ
2323 448 2492 521 ἡμᾶς,
2527 449 2614 505 καὶ
2643 450 2716 514 εἰς
2749 449 2844 517 τὴν
2880 451 3137 530 προτέραν
3167 451 3344 531 ἀρχὴν
3369 451 3741 534 ἐπαναγαγὼν,
3766 459 3826 526 ἦν

480 541 721 605 fecisset
742 557 1084 617 resurgere,
1116 543 1174 596 et
1195 535 1264 596 ad
1292 535 1550 614 priorem
1575 534 1911 596 reduxisset
1949 536 2092 614 prin

2200 535 2286 592 διὰ
2314 539 2412 604 τὴν
2442 540 2724 614 παρακοήν
2757 546 2934 605 κακῶς
2969 541 3413 616 ἐκπεπτώκαμεν.

480 633 766 714 cipatum,
801 646 833 688 a
865 647 980 708 quo
1036 626 1188 687 male
1221 624 1557 687 excidimus
1619 634 1868 705 propter
1897 624 2112 687 inube-

479 722 790 783 dientiam.

1955 900 2202 967 CAPUT
2256 903 2355 967 VI.

997 1105 1159 1168 Varii
1187 1107 1439 1169 tolerati
1465 1104 1675 1169 Roma?
1705 1105 2039 1167 cruciatus.
2077 1099 2257 1163 Multi
2285 1107 2557 1167 conversi
2591 1112 2651 1168 et
2681 1109 2989 1188 martyrio
3022 1109 3330 1173 coronati.

547 1313 1037 1393 XXIX.Pr0ptzer
1059 1314 1186 1375 haec
1215 1312 1544 1393 imperator
1575 1313 1648 1373 ad
1683 1315 1830 1374 iram
1855 1309 2111 1373 concita-

465 1415 605 1479 tur;
637 1414 695 1468 et
743 1402 943 1465 verbis
989 1404 1177 1465 victus
1234 1402 1606 1464 convertitur
1659 1403 1731 1463 ad
1790 1398 2107 1480 supplicia,

464 1495 748 1558 nesciens
769 1495 1080 1565 stultus,se
1105 1510 1210 1573 per
1232 1491 1335 1552 illa
1355 1490 1539 1568 magis
1557 1508 1696 1552 esse
1718 1489 2103 1552 vincendum:

463 1584 765 1666 siquidem
798 1593 1068 1664 apertum
1093 1592 1184 1643 est
1210 1580 1757 1653 mdicium,victum
1783 1599 1917 1642 esse
1943 1597 2103 1655 eum,

2275 1297 2404 1369 K6,.
2455 1308 2574 1368 Ἐπὶ
2604 1313 2813 1376 τούτοις
2845 1312 2980 1392 ὀργὴ
3019 1312 3278 1384 λαμϐάνει
3337 1315 3430 1370 τὸν
3491 1312 3712 1389 βασιλέα
3737 1315 3817 1372 καὶ

2193 1399 2320 1476 πρὸς
2399 1400 2520 1462 τοὺς
2609 1399 2799 1479 λόγους
2881 1403 3220 1479 ἡττώμενος,
3272 1403 3358 1459 ἐπὶ
3415 1403 3513 1468 τὰς
3572 1405 3815 1480 τιμωρίας

2190 1487 2412 1569 ἐχώρει,
2463 1491 2558 1546 οῦκ
2601 1489 2749 1556 εἰδὼς
2778 1492 3031 1568 ἀνόητος,
3068 1493 3150 1549 ὅτι
3181 1491 3320 1550 πολὺ
3353 1491 3561 1568 μᾶλλον
3587 1490 3654 1548 δι’
3684 1491 3814 1548 ἐκεί-

2191 1601 2293 1632 νων
2353 1578 2574 1653 ἔμελλεν
2624 1582 3040 1654 ἡττηθήσεσθαι,
3102 1581 3258 1660 εἴπερ
3317 1581 3457 1649 ἧττα
3509 1584 3678 1660 σαφὴς
3733 1588 3830 1660 τοῦ

462 1672 566 1755 qui
601 1673 961 1754 punit,quod
990 1673 1166 1752 is,qui
1202 1671 1625 1750 punitur,nihil
1655 1672 1899 1731 omnino
1933 1668 2092 1730 cedat

2187 1667 2508 1738 κολάζοντος
2556 1676 2615 1726 τὸ
2667 1673 2755 1727 τὸν
2801 1671 3158 1745 κολαζόμενον
3219 1669 3389 1746 μηδὲν
3423 1668 3564 1736 ὅλως
3593 1667 3812 1728 ἐνδοῦναι

466 1744 801 1844 suppliciis.
823 1744 1019 1825 'Jubet
1045 1744 1367 1840 tergo-rotae
1401 1760 1628 1837 alligari
1665 1771 2005 1840 martyrem,
2043 1769 2092 1821 el

2192 1756 2283 1824 τῆς
2344 1761 2620 1837 τιμωρίας.
2702 1759 2912 1817 Κελεύει
2987 1762 3115 1840 γοῦν
3188 1744 3375 1841 τροχῷ
3437 1762 3527 1817 τὸν
3588 1760 3811 1838 μάρτυρα

457 1864 649 1916 rotam
683 1852 928 1933 quidem
962 1852 1115 1912 verti
1148 1868 1359 1928 magno
1392 1850 1976 1929 impetuunartyrem
2003 1867 2103 1909 au-

457 1949 580 2004 tem
605 1942 783 2017 virgis
805 1939 1107 2001 verberari
1124 1938 1928 2018 crutlelissimis.Statimque
1951 1956 2106 1998 mar-

458 2042 552 2112 tyr
572 2032 763 2093 fuerat
783 2031 1085 2110 alligatus,
1115 2039 1244 2092 rota
1265 2047 1404 2090 vero
1426 2029 1765 2091 vertebatur
1789 2029 2098 2090 celeriter.

456 2121 677 2201 Martyr
698 2129 920 2194 autem,
944 2120 1184 2200 quando
1216 2129 1344 2180 erat
1376 2119 1622 2198 quidem
1654 2118 1715 2180 in
1749 2129 1878 2179 rota
1908 2117 2102 2180 subli‘

458 2210 567 2285 mi,
601 2208 954 2272 tradebatur
980 2208 1054 2268 iis
1083 2210 1182 2288 qui
1226 2207 1623 2269 verberabant
1653 2226 1668 2282 ;
1701 2207 1938 2288 quando
1963 2224 2100 2268 vero

456 2307 586 2361 rota
615 2316 751 2359 eum
781 2297 892 2358 sub
922 2316 987 2358 se
1021 2295 1500 2376 ferebat,corpus
1525 2297 1656 2376 ejus
1677 2299 1898 2358 acerbe
1921 2315 2100 2357 consa

456 2387 901 2453 cindebatnr.et
932 2405 1066 2447 ossa
1095 2387 1864 2466 conterebantur.Cumque
1895 2387 1984 2446 sic
2017 2386 2100 2446 la-

450 2477 1052 2552 ceraretur,Dumine
1087 2495 1164 2537 mt
1195 2475 1338 2539 Jesu
1374 2476 1630 2548 Christe,
1659 2476 1924 2546 dicebat,
1960 2479 2094 2537 veni

450 2569 528 2629 ad
561 2588 737 2649 opem
775 2567 920 2628 mihi
954 2567 1292 2640 ferendam,
1315 2578 1371 2628 et
1404 2567 1532 2627 leva
1559 2587 1652 2627 me
1685 2568 1797 2628 hoc
1830 2569 2096 2646 pondere

2191 1845 2563 1924 προσδεθῆναι,
2598 1849 2684 1906 καὶ
2725 1851 2816 1905 τὸν
2863 1851 2962 1926 μὲν
3022 1852 3222 1931 τροχὸν
3255 1852 3392 1925 μετὰ
3421 1847 3631 1915 πολλῆς
3665 1849 3811 1925 στρέ-

2190 1939 2373 2014 φεσθαι
2405 1941 2500 1999 τῆς
2534 1939 2728 2016 ὁρμῆς,
2759 1941 2848 1994 τὸν
2882 1939 3121 2018 μάρτυρα
3171 1936 3224 1994 δὲ
3279 1935 3492 2016 ῥάϐδοις
3532 1939 3814 2012 ὠμοτάτως

2189 2026 2494 2090 τύπτεσθαι,
2547 2029 2644 2084 Καὶ
2703 2030 2889 2086 αὐτίκα
2947 2031 2974 2085 ὁ
3033 2029 3134 2104 μὲν
3164 2027 3401 2095 ἀθλητὴς
3433 2025 3637 2084 ἐδέδετο
3664 2047 3676 2059 ·
3711 2025 3812 2082 δόὲ

2187 2117 2385 2196 τροχὸς
2434 2114 2595 2182 ὀξέως
2657 2116 2893 2196 ἐφέρετο,
2959 2108 3016 2176 Ὀ
3076 2116 3131 2173 δὲ
3191 2118 3392 2194 μάρτυς
3455 2115 3544 2173 ὅτε
3588 2115 3682 2190 μὲν
3737 2115 3812 2171 ἐπὶ

2186 2214 2460 2282 μετεώρου
2511 2213 2605 2262 τοῦ
2661 2216 2862 2285 τροχοῦ
2921 2208 2987 2275 ἦν
3047 2220 3167 2270 τοῖς
3228 2207 3516 2262 τύπτουσιν
3547 2203 3810 2278 ἑξεδίδοτο,

2189 2296 2341 2362 ἡνίκα
2388 2294 2442 2351 δὲ
2499 2295 2657 2352 πάλιν
2702 2297 2860 2352 αὺτὸν
2900 2295 2985 2376 ὑφ’
3034 2298 3220 2353 ἑαυτὸν
3263 2293 3564 2370 ἐλάμϐανεν
3615 2297 3641 2351 ὁ
3694 2316 3811 2369 τρο-

2186 2386 2286 2464 χὸς
2348 2384 2707 2459 κατετέμνετο
2788 2388 2988 2465 πικρῶς
3051 2385 3112 2444 τό
3166 2391 3346 2464 σῶμα,
3421 2388 3512 2443 καὶ
3573 2384 3636 2440 τὰ
3693 2384 3812 2440 ὅστᾶ

2185 2473 2537 2551 συνετρίϐετο.
2575 2477 2670 2532 Καὶ
2703 2474 2868 2540 οὕτως
2922 2477 3010 2532 ἐπὶ
3040 2473 3275 2539 πολλαῖς
3323 2487 3448 2536 ταῖς
3509 2473 3667 2550 ὥραις
3724 2495 3809 2529 κο-

2183 2564 2474 2636 πτόμενος,
2526 2565 2680 2642 Κύριε
2724 2563 2903 2631 Ἰησοῦ
2942 2565 3156 2643 Χριστὲ,
3192 2561 3401 2641 ἔλεγεν,
3457 2562 3574 2619 ἐλθὲ
3632 2563 3701 2619 είς
3759 2564 3812 2618 τὸ

449 2657 771 2738 supplicii:
815 2658 1096 2738 quoniam
1141 2656 1673 2718 circumdederunt
1729 2676 1821 2717 me
1853 2657 2092 2718 dolores

2182 2651 2445 2728 βοηθῆσαί
2504 2677 2618 2726 μοι,
2679 2654 2773 2710 καὶ
2848 2657 2909 2710 τὸ
2968 2655 3096 2732 βαρὺ
3174 2652 3331 2709 τοῦτο
3386 2654 3486 2719 τῆς
3549 2651 3809 2713 κολάσεως

446 2749 682 2820 mortis,
720 2747 982 2828 pericula
1017 2747 1232 2806 inferni
1277 2751 1636 2806 invenerunt
1686 2765 1782 2806 me
1839 2744 2092 2825 Resiiice

2182 2742 2547 2823 ἐπικούφισον,
2581 2742 2662 2798 ὅτι
2695 2743 2983 2824 περιέσχον
3029 2764 3096 2814 με
3147 2742 3337 2808 ὠδῖνες
3387 2743 3638 2815 θανάτου,
3697 2742 3806 2798 κίν-

447 2841 522 2899 ad
556 2855 674 2910 me,
708 2845 766 2898 et
793 2837 1082 2898 miserere
1107 2840 1314 2906 mei,et
1346 2855 1416 2897 ex
1444 2834 1912 2896 necessitatibus
1943 2836 2092 2895 meis

2182 2829 2313 2887 δδνοι
2373 2831 2498 2906 ᾅδου
2569 2833 2788 2910 εῧροσᾶν
2862 2855 2951 2908 με,
3024 2830 3350 2907 Ἐπίόλεψον
3423 2831 3516 2888 ἐπ’
3571 2831 3665 2906 ἐμὲ
3720 2831 3802 2886 καὶ

449 2943 598 2989 erue
632 2943 748 2986 me.
783 2927 958 2988 Adsis
992 2925 1160 2998 mihi,
1197 2935 1258 2984 ut
1286 2924 1608 3005 aliquando
1641 2925 1816 2984 etiam
1856 2927 2090 3003 paraly-

2182 2918 2395 2986 ἒλέησον
2440 2942 2532 2995 με,
2566 2923 2654 2978 καὶ
2684 2921 2745 2978 ἐκ
2794 2930 2898 2979 τῶν
2951 2922 3201 3000 ἀναγκῶν
3253 2945 3358 2996 μου
3414 2920 3641 3000 ἐξάγαγέ
3694 2935 3800 2995 με’

446 3015 564 3075 tico
604 3014 717 3094 (3),
750 3014 822 3075 ad
877 3015 1126 3090 gloriam
1190 3025 1381 3089 tuam,
1414 3015 1488 3075 ad
1526 3013 1971 3074 confessionem
2008 3013 2091 3073 tui

2182 3010 2475 3087 inpiatth
2535 3013 2608 3074 ὡς
2673 3020 2750 3086 τῷ
2809 3024 3154 3090 παραλυτικῳ
3212 3033 3368 3091 ποτε,
3418 3013 3509 3067 καὶ
3566 3012 3682 3085 ἐμοὶ
3737 3012 3804 3070 εἷς

397 3177 402 3182 τ
450 3103 742 3178 nominis,
767 3103 841 3164 ad
874 3103 1142 3164 dedecus
1175 3113 1232 3165 et
1256 3105 1643 3182 ignominiam
1680 3104 2091 3177 inimicorum,

2182 3097 2332 3164 δόξαν
2389 3101 2511 3174 σὴν,
2575 3102 2646 3162 εἷς
2711 3103 3006 3180 ὁμολογίαν
3085 3109 3177 3158 τοῦ
3252 3103 3346 3157 σοῦ
3394 3100 3684 3174 ὀνόματος,
3739 3099 3805 3161 εἰς

447 3191 523 3256 ad
569 3192 864 3272 majorum
922 3202 1166 3272 propter
1224 3201 1280 3254 te
1342 3194 1795 3272 perpessionem
1828 3193 2092 3254 toleran-

2182 3190 2444 3270 αἰσχύνην
2501 3191 2583 3247 καὶ
2651 3191 2914 3266 ἐντροπὴν
2973 3199 3080 3248 τῶν
3146 3191 3379 3271 ἐχθρῶν,
3438 3191 3512 3254 εἰς
3557 3188 3805 3246 πλειόνων

447 3281 620 3343 tiam.
2179 3279 2306 3358 ὑπὲρ
2337 3287 2430 3336 σοῦ
2458 3280 2790 3355 παθημάτων
2819 3282 3121 3355 ὒπομονήν,

529 3370 721 3434 ΧΧΧ.
755 3369 896 3433 Haec
929 3389 1064 3431 cum
1097 3371 1630 3446 dixissetsanctus,
1658 3373 1855 3433 statim
1893 3380 2092 3434 etrota

2258 3358 2342 3426 Al.
2377 3376 2548 3427 Ταῦτα
2595 3377 2686 3426 τοῦ
2733 3372 2886 3449 ἁγίου
2933 3373 3198 3445 εἰπόντος,
3237 3370 3428 3434 εὐθέως
3459 3368 3488 3425 ὅ
3519 3392 3575 3427 τε
3619 3369 3801 3449 τροχὸς

446 3478 484 3522 a
515 3469 706 3532 motu,
746 3470 805 3521 et
837 3462 937 3542 qui
970 3459 1390 3535 verberabant,
1426 3472 1812 3524 cessaverunt
1840 3480 1872 3522 a
1908 3462 2092 3542 plagis

2182 3463 2272 3525 τῆς
2318 3467 2505 3539 φορᾶς,
2566 3461 2654 3516 καὶ
2699 3462 2746 3516 οἱ
2801 3462 3089 3525 τύπτοντες
3147 3466 3253 3517 τῶν
3283 3459 3515 3539 πληγῶν
3561 3459 3798 3526 ἔστησαν.

440 3551 772 3614 afferendis
802 3573 815 3609 :
841 3559 1143 3632 etmartyr
1178 3551 1420 3631 quidem
1466 3552 1644 3613 simul
1677 3552 1752 3613 ab
1781 3550 2088 3630 omnibus,

2182 3550 2275 3606 Καὶ
2305 3551 2332 3603 ὁ
2363 3549 2563 3628 μάρτυς
2595 3549 2694 3624 μὲν
2727 3550 2941 3605 πάντων
2999 3553 3131 3624 ὁμοῦ
3189 3551 3276 3604 καὶ
3325 3559 3417 3607 τοῦ
3458 3558 3677 3630 τροχοῦ,
3723 3546 3803 3601 xii

439 3651 501 3706 et
519 3661 552 3704 a
575 3650 727 3716 rota,
764 3649 874 3702 eta
896 3641 1155 3702 vinculis
1183 3641 1304 3703 illis
1328 3661 1436 3704 sua
1461 3652 1676 3722 sponte
1696 3642 1924 3703 solutus
1954 3642 2088 3704 fue-

2182 3642 2276 3694 εῶν
2307 3635 2514 3712 δεσμῶν
2567 3640 2782 3694 ἐκείνων
2835 3640 3154 3716 αὐτομάτως
3189 3637 3433 3718 ἐλέλυτο,
3467 3640 3556 3695 καί
3613 3639 3684 3700 εἰς
3711 3635 3801 3702 τὴν

437 3738 554 3808 rat,
587 3741 646 3794 et
675 3731 993 3794 restitutus
1047 3733 1105 3792 in
1141 3731 1408 3812 priorem
1442 3721 1758 3794 sanitatem
1797 3750 1811 3795 :
1847 3733 2088 3795 lictores

2182 3729 2429 3806 προτέραν
2480 3729 2658 3806 ὑγείαν
2738 3727 3134 3786 ἆποκαθίστατο
3170 3747 3184 3763 ⁸
3271 3729 3394 3793 τοὺς
3452 3726 3673 3805 δημίους
3749 3721 3798 3779 δὲ

434 3836 632 3884 autem
671 3820 858 3882 Subiit
885 3821 1298 3883 membrorum
1332 3822 1672 3886 dissolutio.
1709 3821 1778 3882 Et
1809 3823 1978 3883 multi
2013 3841 2083 3884 ex

2182 3819 2384 3896 πάρεσις
2429 3819 2597 3894 εἰσῄει
2644 3817 2846 3898 μελῶν,
2893 3820 2982 3875 καί
3042 3817 3236 3875 πολλοί
3282 3825 3391 3874 τῶν
3437 3818 3527 3874 ἐπί
3582 3814 3789 3890 τοιαύτῃ

433 3910 748 3986 Romanis,
782 3912 884 3992 qui
915 3912 985 3972 ad
1021 3911 1136 3972 tale
1163 3913 1570 3993 spectaculum
1622 3922 2077 3987 concurrerant,

2182 3906 2569 3984 ςυνδραμόντων
2611 3908 2703 3981 θέᾳ
2747 3909 3027 3983 Ῥωμαίων
3071 3909 3165 3972 τὰς
3223 3908 3411 3988 ψυχὰς
3441 3907 3788 3984 ὺγιάσθησαν,

427 4006 598 4064 sanis
618 4010 938 4064 evaserunt
967 4001 1555 4081 animis,et,t\lagnus
1587 4012 1676 4064 est
1711 4001 1866 4064 Deus
1899 4002 2078 4066 Chri-

2182 3999 2272 4066 ιαί,
2309 3998 2536 4074 Μέγαςὲ
2570 3999 2699 4062 Θεὸς
2729 3997 2837 4081 τῶν
2865 4004 3215 4076 Χριστιανῶν,
3261 3994 3473 4075 μεγάλῃ
3503 3997 3579 4061 ὡς
3638 3994 3791 4074 εἶχον

429 4091 788 4166 stianorum,
823 4108 1034 4169 magna
1082 4109 1226 4152 voce
1282 4077 1796 4155 exclamaverunt.
1830 4096 2080 4173 Magnus

2182 4084 2393 4154 ϐόησαν
2453 4094 2522 4164 τῇ
2579 4092 2750 4168 φωνῇ.
2807 4077 2865 4144 Ὅ
2910 4088 3091 4163 μέντοι
3135 4100 3386 4167 γενναῖος
3423 4085 3675 4162 Κλήμης,
3735 4085 3789 4137 τὸ

427 4196 574 4240 vero
609 4177 909 4253 Clemens,
942 4179 1043 4259 qui
1074 4191 1199 4241 erat
1239 4199 1373 4242 vere
1407 4179 1622 4243 Christi
1660 4182 1911 4262 palmes,
1942 4202 2078 4243 cum

2182 4177 2370 4254 ;ύγενὲς
2431 4178 2504 4241 ὡς
2562 4176 2774 4243 ἀληθῶς
2831 4183 2924 4234 τοῦ
2995 4183 3223 4250 Χριστοῦ
3282 4174 3496 4255 κλῆμα,
3564 4173 3789 4244 καθάπερ

428 4266 617 4329 veluti
643 4266 924 4346 pulchros
946 4267 1232 4347 quosdam
1257 4270 1484 4330 fructus
1517 4289 1626 4331 sua
1651 4261 1917 4332 membra
1950 4271 2074 4333 Deo

2182 4266 2307 4329 τινάς
2353 4267 2576 4343 ὡραίους
2647 4267 2879 4344 καρποὺς
2933 4267 2998 4322 τὰ
3041 4267 3230 4322 ἑαυτοῦ
3277 4265 3417 4342 μέλη
3449 4261 3793 4344 καρποτορήο

433 4356 750 4419 obtulisset
777 4377 790 4419 :
814 4362 940 4436 Ago
965 4357 1068 4418 tibi
1091 4357 1334 4436 gratias,
1373 4357 1678 4435 dicebat,o
1701 4359 1883 4434 Deus,
1918 4361 2075 4442 quod

2182 4379 2257 4420 τας
2291 4360 2408 4429 Θεῷ
2439 4375 2452 4391 '
2490 4355 2814 4436 Εὒχαριστῶ
2865 4377 2973 4429 σοι,
3026 4355 3234 4435 ἔλεγεν,
3269 4358 3296 4412 ὁ
3331 4356 3483 4426 Θεὸς,
3532 4353 3612 4410 ὅτι
3667 4372 3792 4409 κατε·

425 4446 693 4510 volueris
715 4466 810 4509 me
831 4448 889 4508 in
925 4447 1034 4508 hac
1054 4448 1312 4510 maxima
1336 4458 1392 4509 et
1411 4449 1908 4526 frequentissima
1930 4451 2080 4512 civi-

2182 4446 2398 4514 ηξίωσάς
2431 4466 2496 4522 με
2549 4447 2647 4502 κάν
2711 4451 2779 4522 τῇ
2823 4446 3053 4524 μεγίστῃ
3108 4448 3274 4523 ταύτῃ
3333 4445 3423 4501 καί
3450 4443 3792 4521 πολυανθρω-

428 4545 550 4599 tate
586 4537 705 4616 pati
738 4555 844 4616 pro
873 4535 1027 4598 FlllO
1057 4545 1156 4598 tuo
1203 4539 1647 4620 unigenito,qui
1685 4541 1815 4620 ipse
1845 4560 2085 4621 quoque

2182 4537 2378 4613 [τοτᾶτῃ
2433 4543 2538 4592 τῶν
2578 4537 2789 4592 πόλεων
2843 4537 2974 4614 ὑπὲρ
3017 4544 3109 4594 τοῦ
3153 4541 3473 4613 μονογενοῦς
3533 4535 3654 4591 Υἶοῦ
3705 4552 3790 4587 σου

429 4645 646 4708 passus
666 4626 776 4687 fuit
800 4645 905 4706 pro
923 4626 1187 4691 nobis.et
1205 4629 1458 4707 pretium
1487 4640 1706 4692 nostrae
1727 4631 2083 4710 captivitatis

428 4725 491 4779 et
515 4716 817 4778 servitutis
849 4735 1021 4776 suum
1051 4717 1905 4798 etiuditsanguinembeinde
1932 4721 2078 4782 sub-

420 4807 628 4888 junxit
658 4807 836 4867 etiam
860 4807 1079 4868 seriem
1110 4812 1588 4890 sanctoruui,qui
1623 4810 1829 4872 Romae
1860 4822 2030 4872 erant
2061 4834 2072 4870 :

424 4895 613 4970 Quem
645 4894 881 4973 Petrus,
942 4896 1157 4976 inquit,
1214 4898 1419 4959 docuit
1477 4899 1706 4969 colere.
1763 4909 1822 4962 et
1855 4901 2072 4961 Paulus

423 4986 796 5068 przedicavit,
830 4999 888 5048 et
910 4987 1010 5066 qui
1041 4995 1171 5047 erat
1194 4987 1248 5067 ej
1264 4988 1674 5068 usdem,cujus
1706 5010 1839 5068 ego,
1876 4991 2074 5052 nomi-

422 5080 520 5141 nis
539 5076 814 5140 Clemens
834 5076 937 5137 ille
957 5075 1538 5156 sapiens,adurandu
1553 5098 1761 5141 messe
1785 5081 2074 5156 decrevit;

425 5183 480 5230 et
503 5173 737 5228 divinus
761 5170 1037 5238 deinceps
1055 5168 1366 5227 Onesimus
1393 5184 1477 5227 est
1501 5175 1650 5229 court
1673 5174 2074 5244 ssus.Propter

420 5276 605 5336 quem
628 5255 742 5338 ipsi
765 5275 1002 5337 quoque
1031 5255 1422 5335 passi,libere
1455 5259 1742 5334 loquendi
1779 5270 2072 5340 potestate

2165 4631 2382 4690 παθεῖν.
2439 4649 2534 4683 του
2591 4628 2676 4682 καί
2716 4625 2874 4684 αὑτοῦ
2946 4626 3207 4691 παθόντος
3291 4624 3422 4702 ὑπὲρ
3478 4626 3652 4698 ἡμῶν,
3713 4617 3794 4675 καί

2164 4718 2349 4796 λύτρον
2401 4721 2500 4784 τῆς
2565 4718 2830 4793 ἡμετέρας
2889 4716 3266 4796 αἰχμαλωσίας
3319 4715 3408 4771 καί
3451 4719 3550 4781 τῆς
3599 4709 3790 4768 δουλώο

2162 4830 2322 4876 σεως,
2352 4809 2413 4862 τὸ
2448 4809 2649 4864 οἰκεῖον
2680 4807 2822 4880 αἷμα
2861 4806 3176 4886 ἐκχέαντος.
3213 4805 3351 4863 Εἶτα
3381 4805 3470 4886 καί
3499 4805 3589 4860 τὸν
3625 4805 3787 4878 ὁρμα-

2160 4901 2249 4952 θῦν
2292 4904 2399 4952 τῶν
2457 4896 2511 4952 ἐν
2562 4902 2630 4974 τῇ
2677 4877 2859 4973 Ῥώμη
2922 4877 3087 4974 ἶγίων
3135 4896 3333 4972 ἐπῆγεν
3369 4914 3386 4931 ⁸
3431 4877 3510 4952 ⁹ὸν
3571 4877 3782 4964 Πέτρος,

2162 4988 2347 5065 φησίν,
2409 4983 2603 5050 ἐδίδαξε
2661 4983 2854 5059 σέϐειν,
2907 4987 2994 5042 καί
3071 4984 3276 5050 Παῦλος
3351 4981 3569 5062 ἐκήρυξε
3626 4982 3712 5036 καί
3762 4979 3787 5034 δ

2162 5078 2470 5150 συνώνυμος
2529 5077 2648 5150 ἐμοί
2710 5075 2938 5150 Κλήμης
2996 5078 3024 5132 ὁ
3082 5077 3244 5155 σοφὸς
3316 5072 3653 5153 ἐδογμάτισε,
3708 5067 3789 5125 καί

2163 5165 2454 5240 Ὀνήσιμος
2502 5167 2528 5223 ὁ
2561 5170 2709 5231 θεῖος
2744 5165 2860 5233 ἑξῆς
2903 5165 3260 5243 ὡμολόγησεν
3294 5182 3308 5196 ·
3343 5162 3411 5220 δι’
3441 5163 3501 5218 ’ὃν
3534 5161 3623 5218 καί
3653 5157 3790 5217 αὐτοί

2159 5257 2417 5318 παθόντες
2449 5255 2658 5326 πολλήν
2717 5277 2770 5311 τε
2832 5256 2957 5333 πρὸς
3011 5254 3167 5312 αότὸν
3214 5254 3402 5336 ἔχουσι
3444 5253 3544 5320 τὴν
3586 5248 3787 5336 παῤῥητ

418 5331 578 5428 apud
599 5331 702 5408 eds
725 5331 920 5406 valent
938 5331 1696 5426 plurimumetadorantur
1715 5369 1745 5408 a
1767 5331 2068 5425 fidelibus,

2182 5346 2296 5418 ίαν,
2351 5346 2440 5402 καί
2497 5346 2598 5401 ὑπό
2661 5345 2874 5401 πάντων
2932 5347 3135 5401 πιστῶν
3191 5350 3627 5424 προσκυνοῦνται,
3673 5331 3784 5412 μετ’

416 5425 579 5505 haud
631 5442 712 5498 ita
743 5425 953 5496 multo,
985 5443 1116 5516 post
1147 5445 1344 5497 autem
1378 5438 1795 5500 adorabuntnr
1825 5439 2001 5502 etiam
2038 5459 2070 5503 a

2182 5441 2216 5496 κύ
2267 5435 2402 5494 πολὺ
2443 5433 2499 5492 δὲ
2544 5436 2632 5492 καί
2673 5436 2775 5492 ὑπό
2829 5432 3058 5491 εὐσεϐῶν
3107 5433 3372 5512 βασιλέων
3416 5425 3781 5514 προσκυνηθῆ-

499 5643 595 5727 (3)
625 5647 772 5707 Acta
805 5645 1026 5725 priora,
1064 5643 1283 5710 Paulo.
