4104 6198
305 355 424 418 841

1380 360 1568 425 VITA
1613 362 1673 423 S.
1721 358 2164 423 CLEMENTIS
2208 353 2624 426 ANCYRANI.

3578 355 3694 422 842

307 515 522 561 σονται.
553 505 720 558 τοῦτο
749 498 800 556 δὲ
835 498 962 558 εῐπε
1017 499 1419 580 προαναφωνῶν
1449 498 1547 566 τὴν
1589 502 1693 567 τῆς
1722 494 1951 554 ἇσεϐείαι

2054 494 2332 557 ﬁdelibus
2356 490 2849 574 imperatoribus.
2878 492 3007 555 Hoc
3039 500 3238 556 autem
3268 492 3443 569 dixit,
3481 492 3695 574 praedi-

305 587 637 666 καθαίρεσιν,

396 702 534 767 AA’.
571 713 745 764 Ταῦτα
803 707 1019 782 μείζονα
1075 705 1447 782 Διοκλητιανῷ
1489 711 1581 762 τοῦ
1634 707 1802 780 θυμοῦ
1857 705 1956 773 τὴν

308 791 487 871 φλόγα
515 793 718 870 ἐποίει,
751 797 840 854 καί
883 795 1094 859 στύλοις
1123 795 1335 853 ὶκὲλευε
1389 793 1634 875 σιδηροῖς
1692 798 1754 852 τὸ
1809 817 1954 874 μαρ-

305 885 524 945 τυοικὸν
580 885 758 942 ἐκεῖνο
819 885 991 962 στόμα
1047 885 1455 942 συνθλάττεσθαι
1491 903 1504 916 '
1577 885 1693 942 ὅθεν
1744 889 1791 941 οἱ
1852 887 1952 961 μὲν

305 968 527 1035 ὀδόντες
583 973 730 1036 εὒθὺς
789 974 1149 1052 ἑξεκρούοντο,
1212 977 1264 1030 αἱ
1299 976 1546 1052 σιαγόνες
1587 971 1643 1030 δὲ
1709 981 1949 1053 συνετρί-

307 1058 494 1132 ϐοντο,
533 1053 595 1119 Ἠ
649 1062 700 1119 δὲ
745 1063 900 1142 φωνῆ
959 1067 1054 1124 οὐκ
1083 1063 1357 1144 ἐπείχετο,
1394 1061 1510 1120 οὐδὲ
1540 1085 1621 1126 τις
1651 1064 1741 1122 καί
1785 1069 1950 1147 μικρὰ

306 1148 492 1231 ὕφεσις
521 1157 622 1220 τῆς
651 1161 858 1230 μακρᾶς
889 1155 1101 1222 ἐκείνης
1153 1152 1446 1233 παρῤησίας
1499 1153 1704 1232 ἆγίνετο
1739 1172 1752 1186 ⁶
1811 1155 1950 1214 ἀλλὰ

310 1241 405 1297 καί
459 1249 566 1299 τῶν
614 1239 822 1319 δημίων
880 1251 986 1301 τῶν
1051 1244 1266 1311 σιωπὴν
1310 1247 1453 1316 αυτῷ
1495 1241 1951 1325 ὶγκελέυομένων,

310 1332 472 1396 αὐτὸς
505 1333 532 1388 δ
566 1334 719 1394 αὐτὸς
749 1333 838 1408 ἦν,
894 1333 981 1390 καί
1025 1331 1141 1391 οὐδὲ
1187 1334 1378 1410 μικρὸν
1433 1331 1594 1411 ὑφίει,
1647 1334 1954 1392 τούναντίον

309 1419 415 1494 μὲν
469 1419 559 1478 οὖν
585 1421 675 1478 καί
704 1423 902 1495 μείζονι
936 1421 1204 1503 ἐκέχρητο
1237 1428 1306 1498 τῇ
1353 1427 1526 1502 φωνῇ,
1579 1425 1816 1504 καθάπερ
1873 1447 1953 1490 τις

312 1508 556 1589 χαλκοῦς
611 1510 824 1589 ἀνδριὰς
856 1517 925 1588 τῇ
955 1509 1278 1589 σφοδροτέρᾳ
1308 1509 1499 1589 πληγῇ
1540 1513 1752 1588 μείζονα
1806 1512 1951 1588 μᾶλ-

306 1597 407 1656 λον
438 1602 527 1656 τὸν
556 1603 700 1680 ἦχον
732 1600 1036 1659 ἀποτελῶν.
1071 1599 1191 1680 Ἐφ’
1225 1606 1312 1667 οἷς
1341 1604 1431 1658 καί
1459 1603 1615 1666 αὒτὸς
1646 1602 1952 1681 ἀπαγορεύ-

308 1710 410 1754 σας
442 1691 471 1746 ὁ
506 1690 782 1770 βασιλεὺς,
816 1689 988 1762 δεσμὰ
1015 1692 1106 1748 καί
1137 1691 1235 1758 τὴν
1266 1690 1374 1747 ἀπὸ
1421 1697 1528 1748 τῶν
1579 1688 1790 1765 δεσμῶν
1848 1713 1950 1748 τα-

305 1778 608 1858 λᾶιπωρίαν
673 1778 785 1854 ὅλῳ
861 1787 936 1855 τῷ
999 1779 1222 1860 μάρτυρι
1295 1779 1548 1860 περιθείς,
1611 1786 1678 1858 τῇ
1742 1780 1952 1861 φυλακῇ

307 1865 662 1947 παραδίδωσι.
719 1861 727 1868 ’

392 1974 520 2048 ΔΒ’.
557 1987 628 2044 Τὸ
685 1987 872 2062 μέντοι
901 1993 1008 2044 τῶν
1055 1987 1450 2046 πιστευσάντων
1479 1985 1682 2055 πλῆθος
1715 1994 1792 2061 τῷ
1821 1987 1957 2045 κατὰ

304 2075 405 2130 τὸν
459 2075 667 2155 τροχὸν
706 2075 959 2151 θαύματι,
1014 2073 1198 2154 ἄνδρες
1235 2097 1292 2133 τε
1323 2079 1413 2132 καί
1461 2073 1584 2132 ὅσον
1643 2075 1844 2158 ἔμφρον
1901 2075 1957 2132 ἐν

304 2161 546 2242 γυναιξιν
602 2164 697 2241 ἦν,
729 2165 830 2232 τὴν
859 2170 962 2243 γῆν
995 2163 1099 2233 ἤδη
1134 2172 1227 2223 τοῦ
1265 2163 1418 2234 ἡλίου
1450 2164 1815 2230 ἀπολιπόντος
1846 2165 1952 2223 ἆλ-

306 2252 502 2322 λήλοις
530 2255 864 2333 συνθέμενοι,
895 2256 959 2312 τὸ
1007 2253 1374 2332 δεσμωτήριον
1424 2257 1560 2330 μετὰ
1615 2256 1724 2313 τῶν
1755 2255 1956 2314 παίδων

308 2343 563 2420 εἰσῄεσαν
597 2361 614 2381 ο
647 2345 772 2401 εἶτα
799 2347 905 2402 τῶν
935 2344 1137 2404 ὲκείνου
1197 2344 1376 2402 ποδῶν
1417 2345 1711 2421 ἁπτόμενοι
1743 2345 1953 2404 ἐδέοντο

307 2433 460 2507 μάλα
511 2438 719 2512 θερμῶς
778 2434 921 2492 ὥστε
973 2441 1069 2493 τοῦ
1123 2435 1264 2494 θείου
1318 2434 1710 2504 καταξιωθῆναι
1754 2438 1953 2514 βαπτί-

305 2544 542 2597 σματος.
603 2526 738 2602 Πρὸς
795 2525 884 2582 οὖν
940 2523 1125 2593 δέησιν
1182 2523 1322 2581 οὕτω
1393 2526 1596 2605 θερμὴν
1646 2528 1950 2604 θερμότατα

303 2612 400 2668 καί
429 2615 585 2680 αὐτὸς
625 2616 933 2695 ὶπινεύσας,
994 2615 1142 2679 εὐθὺς
1190 2614 1416 2672 ἐπετίθει
1473 2618 1534 2671 τὸ
1574 2616 1747 2696 ἔργον.
1803 2619 1950 2676 Κατὰ

298 2712 431 2780 γοῦν
464 2703 562 2770 τὴν
613 2704 856 2783 φυλακὴν
889 2703 1138 2785 ἂφθονίας
1167 2703 1370 2762 ὑδάτων
1418 2703 1604 2777 οὔσης,
1651 2707 1747 2769 τὰς
1809 2710 1945 2763 καθ-

299 2795 539 2860 ηκούσας
592 2814 652 2850 τε
710 2795 867 2854 αὐτὸς
926 2793 1089 2873 εὴάίς
1145 2793 1409 2873 ἕπιλέγει,
1481 2795 1568 2852 καί
1625 2796 1718 2852 σὺν
1763 2797 1946 2854 αὐτοῖς

300 2885 460 2940 παιδί
515 2883 721 2949 πάντας
774 2893 870 2944 τοῦ
914 2885 1057 2963 ἱεροῦ
1110 2885 1478 2960 βαπτισματος
1537 2883 1703 2950 ἀξιοῖ.
1759 2885 1948 2943 Micon-1

300 2970 359 3028 δὲ
418 2979 624 3033 νυκτῶν
671 2996 764 3030 και
821 2974 932 3031 θεία
963 2997 1044 3038 τις
1077 2975 1260 3040 αὺτοῖς
1304 2974 1582 3054 ἐφίσταται
1635 2973 1786 3056 ὄψις,
1835 2981 1948 3055 φῶς

301 3061 431 3119 οἷον
488 3059 718 3141 ἄῤῥητον
775 3065 862 3121 καί
891 3062 1112 3120 ἄθέατον
1143 3060 1268 3119 ὅλον
1301 3063 1438 3137 ὁμοῦ
1463 3064 1525 3118 τὸ
1581 3060 1949 3139 δεσμωτήριον

301 3155 738 3231 καταστράπτον,
792 3149 883 3210 Ἐν
929 3151 1081 3229 μέσῳ
1127 3149 1182 3207 δὲ
1233 3157 1310 3225 τῷ
1340 3173 1476 3231 φωτι
1525 3173 1618 3208 και
1673 3150 1808 3229 ἀνὴρ
1849 3153 1952 3220 τὴν

303 3239 431 3316 ὄψιν
479 3239 613 3319 ἄγαν
655 3240 895 3322 φαιδρὸς,
959 3243 1060 3308 την
1129 3239 1327 3308 ἐσθῆτα
1384 3238 1655 3320 λαμπρὸς,
1702 3242 1814 3320 φῶς
1862 3243 1954 3298 καί

305 3331 466 3397 αὐτὸς
495 3330 617 3396 ὅλος
648 3332 746 3406 ὢν,
797 3331 1008 3409 πτέρυξι
1051 3332 1367 3408 βαθυτάταις
1418 3337 1602 3405 κομῶν
1635 3345 1651 3363 ⁶
1697 3332 1848 3395 οὗτος
1875 3338 1954 3407 τῷ

303 3422 588 3497 θαυμασίῳ
666 3422 934 3498 Κλήμεντι
1021 3419 1354 3499 προσελθὼν,
1426 3419 1584 3498 ἄρτον
1667 3421 1809 3496 αὒτῷ
1866 3421 1953 3479 καὶ

304 3513 566 3590 ποτήριον
618 3510 936 3592 ὶγχειρίζει.
999 3509 1228 3568 ’Ἔπειτα
1277 3513 1304 3567 ὁ
1337 3509 1434 3586 μὲν
1463 3510 1668 3588 ἀφανὴς
1697 3511 1788 3584 ἧν,
1834 3517 1953 3576 τοὺς

302 3599 363 3658 δὲ
407 3603 496 3660 καὶ
537 3604 574 3671 ἡ
631 3608 784 3680 φωνὴ
851 3603 986 3665 αὕτη
1058 3599 1321 3657 ἐπιλείπει
1510 3599 1789 3680 παραδοξῳ
1851 3605 1950 3668 τῆς

299 3693 428 3756 θέας
483 3691 950 3770 καταπλαγέντας.
991 3690 1060 3749 "0
1109 3711 1172 3767 γε
1222 3689 1319 3764 μὲν
1381 3690 1668 3768 ἱερώτατος
1722 3689 1951 3766 Κλήμης

299 3779 592 3856 συμϐαλὼν
623 3784 769 3844 εὐθὺς
831 3781 905 3845 ὡς
965 3779 1058 3848 εἴη
1093 3777 1194 3858 ἄρα
1226 3777 1470 3854 σύμϐολα
1497 3787 1660 3837 ταῦτα
1691 3801 1784 3836 του
1845 3789 1952 3836 Δε-

298 3878 562 3930 σπστικοῦ
616 3871 868 3948 σώματός
923 3891 980 3928 τε
1010 3871 1100 3928 καὶ
1129 3867 1390 3944 αἵματος,
1419 3865 1704 3933 ὑπεδέξατό
1732 3889 1790 3924 τε
1833 3866 1952 3924 λίαν

297 3963 438 4022 αὐτᾶ
481 3959 746 4039 εὸλαϐὦς,
795 3963 885 4018 καὶ
941 3962 1037 4026 τὰς
1067 3961 1310 4031 συνήθεις
1341 3959 1508 4039 εὐχὰς
1538 3957 1774 4016 ἐπειπὼν
1825 3979 1946 4016 κοι-

297 4065 466 4112 νωνεῖ
494 4056 667 4114 σὺτῶν
695 4066 814 4118 τοῖς
845 4048 950 4120 ἤδη
982 4049 1419 4128 βαπτισαμένοις.

391 4355 496 4416 Al"
511 4402 522 4417 .
560 4351 828 4411 Πλειόνων
856 4351 1028 4408 τοίνυν
1071 4347 1322 4405 ἑκάστοτε
1367 4346 1494 4425 πρὸς
1538 4343 1694 4402 αὐτόν
1737 4342 1948 4421 ἰόντων,

297 4450 394 4508 καὶ
443 4448 504 4504 τὸ
561 4441 928 4522 δεσμωτήριον
985 4435 1274 4505 ἐκκλησίαν
1331 4433 1722 4516 ἐργαζομένων,
1779 4455 1951 4513 προσ-

299 4539 449 4608 θήκη
505 4556 563 4593 τε
623 4533 702 4609 τῷ
743 4530 936 4600 πλήθει
995 4534 1102 4586 τῶν
1161 4533 1490 4606 Χριστιανῶν
1536 4525 1858 4604 γινομένων,
1904 4525 1951 4579 οἱ

302 4623 707 4707 δεσμοφύλακες
765 4617 1166 4700 ἀπαγγέλλουσι
1210 4618 1376 4707 ταῦτα
1427 4615 1505 4690 τῷ
1541 4612 1952 4707 ,βασιλετηῐζαὶ

299 4721 365 4784 ὃς
407 4703 776 4793 νσυλληφθῆναί
819 4732 876 4768 τε
914 4709 1106 4773 αὐτοὺς
1162 4706 1364 4764 κελεύει
1408 4706 1619 4785 νυκτὸς,
1666 4705 1754 4761 καὶ
1797 4704 1841 4760 εί
1871 4703 1952 4780 μὴ

303 4809 410 4874 τὴν
466 4802 731 4865 εὖσέὃειαν
814 4798 1017 4880 ἔξαρνοι
1093 4798 1349 4876 γίνονται,
1423 4793 1664 4862 ἀνηλεῶς
1751 4793 1952 4859 πάντας

304 4899 672 4970 ἀναιρεθῆναι,
737 4895 796 4952 0i
872 4889 927 4946 δὲ
1003 4891 1076 4953 ὡς
1142 4893 1238 4944 τοῦ
1307 4883 1572 4962 βασιλέως
1631 4884 1952 4964 πρόσταγμα

305 4986 695 5068 συλληφθέντες
753 4983 850 5040 οὒκ
907 4981 1134 5056 ἀμαθεῖς
1197 4975 1482 5054 εὑρέθησαν
1533 4984 1628 5034 τοῦ
1684 4976 1747 5032 τὸ
1787 4973 1952 5068 καλὸν

302 5061 619 5145 ἐκλέξασθαι
677 5075 766 5131 καὶ
825 5070 1118 5151 συμφέρον,
1182 5065 1319 5124 ἄλλᾶ
1383 5065 1685 5133 ἀποστῆναι
1745 5061 1952 5135 μᾶλλον

300 5175 405 5238 τῆς
457 5165 778 5246 προσκαίρου
835 5167 1002 5236 ζωῆς,
1048 5159 1085 5228 ἢ
1131 5163 1357 5235 Χριστοῦ
1412 5165 1529 5246 τοῦ,
1559 5151 1864 5246 πλάσανᾉτός
1895 5170 1953 5208 τε

301 5261 394 5321 καὶ
441 5241 822 5338 ἀγαπήσαντος
852 5253 942 5311 καὶ
970 5249 1327 5338 ἀποθανόντος
1353 5245 1486 5320 ὑπὲρ
1513 5245 1670 5338 ἡμων
1691 5241 1950 5338 ⁵είλοντο.

308 5351 408 5408 Διδ
450 5331 537 5406 καὶ
594 5347 696 5427 πρὸ
758 5349 857 5411 τῆς
902 5339 1138 5414 πόλεως,
1197 5336 1439 5427 καθάπερ
1461 5333 1579 5389 τινὰ
1605 5331 1954 5427 ἱερὰμθύματα

303 5439 525 5504 ἑαυτούς
598 5421 656 5494 τὲ
724 5434 814 5493 καὶ
867 5429 1066 5496 παῖδας
1129 5433 1208 5502 τῷ
1264 5424 1514 5493 Δεσπότῃ
1558 5421 1948 5503 προσάγουσιν,

303 5527 520 5596 οὒδενδς
573 5525 694 5585 τότε
740 5525 866 5606 γοῦν
926 5518 1306 5600 δπολειφθῆναι
1363 5511 1761 5594 ἀνασχομένου,
1808 5510 1953 5581 πλήν

636 5690 897 5752 Parnm.
928 5687 1041 5750 Gn.
1079 5681 1286 5747 CXIV.

2041 602 2187 647 cens
2217 603 2352 646 mox
2382 582 2707 646 delendam
2739 582 3141 663 impietatem.

2081 699 2435 765 XXXIJlaac
2462 697 2823 762 Diocletiani
2846 697 3113 760 animum
3138 703 3337 761 acrius
3358 699 3696 765 inﬂamma-

2039 802 2248 852 verunt
2273 807 2286 849 :
2307 788 2490 871 jussit
2511 795 2709 850 autem
2735 786 2902 869 stylis
2922 787 3140 851 ferreis
3165 787 3311 850 illud
3333 788 3688 869 praeclarum

2037 881 2315 961 martyris
2345 897 2412 940 os
2435 877 2719 942 confundi
2743 896 2812 940 ac
2834 877 3293 958 confringi.Quo
3319 877 3540 942 factum
3563 886 3678 956 est,

2036 979 2097 1032 ut
2122 968 2330 1031 dentes
2381 966 2625 1050 quidem
2687 985 2825 1030 mox
2855 966 3390 1044 labefactarentur,
3427 969 3682 1032 maxillae

2032 1077 2176 1122 vero
2197 1055 2820 1120 contererentur.Vox
2844 1065 3047 1120 tamen
3071 1075 3191 1119 non
3219 1056 3684 1138 reprimebatur,

2031 1167 2228 1229 neque
2260 1148 2346 1210 illi
2381 1147 2634 1229 prolixae
2664 1146 2957 1228 loquendi
2985 1146 3246 1209 libertati
3301 1146 3395 1209 vel
3439 1148 3691 1211 minima

2034 1237 2288 1300 dabatur
2317 1236 2600 1300 remissio
2635 1257 2649 1298 :
2689 1237 2797 1300 sed
2830 1237 3012 1300 etiam
3047 1236 3360 1298 lictoribus
3393 1245 3457 1299 ut
3486 1237 3694 1300 sileret

2029 1327 2407 1408 jubentibus,
2441 1327 2574 1408 ipse
2605 1327 2769 1390 idem
2808 1337 2959 1401 erat,
2996 1337 3058 1390 et
3091 1346 3165 1388 ne
3207 1345 3412 1409 parum
3444 1327 3686 1410 quidem

2036 1415 2406 1480 remittebat:
2425 1415 2531 1478 sed
2554 1423 2766 1480 contra
2782 1415 2964 1478 etiam
2984 1435 3127 1479 voce
3141 1415 3422 1479 utebatur
3438 1417 3685 1496 majore,

2039 1525 2156 1568 non
2182 1525 2355 1569 secus
2373 1525 2440 1570 ac
2466 1515 2663 1570 statua
2685 1506 2954 1587 quaedam
2980 1525 3168 1579 ωορδ,
3202 1524 3334 1588 quas
3355 1507 3472 1569 icta
3499 1508 3691 1570 vehe-

2037 1596 2627 1676 mentius,majorem
2651 1596 2778 1657 edit
2799 1595 3087 1657 sonitum.
3120 1594 3527 1670 Quamobrem
3555 1615 3690 1658 cum

2035 1685 2168 1766 ipse
2187 1704 2428 1766 quoque
2455 1688 2784 1766 imperator
2825 1693 2988 1748 esset
3013 1685 3400 1766 defatigatus,
3436 1685 3689 1748 vinculis

2035 1782 2095 1836 et
2125 1794 2256 1856 quas
2277 1794 2346 1837 ex
2368 1775 2457 1837 eis
2478 1776 2669 1837 oritur
2695 1773 3018 1837 afflictione
3046 1784 3106 1838 et
3130 1775 3376 1838 miseria
3395 1774 3504 1838 toti
3537 1795 3689 1838 mar-

1977 1865 2017 1917 Β
2041 1863 2151 1944 tyri
2187 1866 2484 1947 imposita,
2521 1863 2705 1926 tradit
2735 1882 2872 1927 eum
2907 1864 2968 1926 in
2992 1865 3352 1928 custodiam.

2082 1975 2641 2042 XXXllMultitudo
2662 1984 2863 2040 autem
2892 1979 3239 2060 eorum,qui
3268 1985 3417 2042 rota;
3437 1979 3691 2042 miracu-

2041 2066 2100 2130 lo
2122 2066 2677 2145 crediderant,viri,
2703 2075 2764 2131 et
2781 2086 3159 2152 quascunque
3180 2077 3350 2131 erant
3371 2069 3689 2151 prudentia

2039 2158 2306 2238 praeditas
2343 2158 2656 2233 mulieres,
2691 2157 2841 2222 inita
2856 2159 3016 2221 inter
3031 2178 3097 2222 se
3116 2159 3686 2234 conventione,car-

2038 2265 2240 2310 cerem
2263 2265 2398 2310 cum
2423 2247 2630 2329 pueris
2654 2247 2912 2327 ingressi
2934 2257 3094 2310 sunt.
3124 2248 3359 2312 Deinde
3378 2257 3690 2328 tangentes

2037 2335 2198 2399 illius
2221 2337 2608 2418 pedes,valde
2627 2337 2850 2400 acriter
2863 2337 3522 2417 rogarunt,utdivinum
3544 2337 3685 2418 bap-

2037 2425 2276 2488 tismum
2301 2425 3010 2507 consequerentur.Cum
3035 2427 3239 2508 itaque
3263 2427 3545 2507 precibus
3563 2440 3680 2488 tam

2035 2515 2495 2578 vehementibus
2517 2515 2650 2596 ipse
2673 2533 2914 2598 quoque
2954 2517 3310 2579 alacerrime
3340 2515 3678 2596 annuisset,

2032 2622 2161 2666 rem
2177 2605 2374 2667 statim
2389 2614 2482 2668 est
2501 2605 3006 2685 aggressus.Dum
3030 2607 3229 2688 itaque
3244 2605 3307 2668 in
3326 2623 3570 2669 carcere
3590 2624 3678 2667 es-

2032 2702 2124 2756 set
2141 2713 2312 2776 aqua;
2332 2695 2596 2777 copia,et
2619 2696 2749 2778 ipse
2766 2715 2911 2777 quas
2936 2703 3175 2777 oportet
3196 2714 3405 2777 preces
3425 2696 3673 2776 profert,

2033 2795 2092 2846 et
2113 2803 2250 2847 cum
2274 2785 2422 2866 ipsis
2465 2786 2672 2866 pueris
2695 2802 2908 2848 omnes
2931 2805 3104 2849 sacro
3143 2787 3418 2866 dignatur
3443 2785 3677 2868 baptis-

2034 2873 2412 2938 mate.Media
2433 2884 2632 2938 autem
2657 2884 2832 2938 nocte
2856 2875 2947 2938 eis
2967 2876 3172 2938 divina
3191 2875 3464 2958 quaedam
3489 2894 3674 2956 appa-

2031 2975 2124 3026 ret
2143 2963 2313 3039 visio,
2325 2983 2546 3046 nempe
2566 2965 2663 3028 lux
2679 2965 3340 3047 quadamqumzneque
3358 2964 3560 3026 verbis
3581 2982 3677 3026 ex-

2035 3054 2213 3134 primi
2237 3063 2522 3134 potest,et
2541 3073 2722 3138 quam
2745 3057 3045 3119 humanus
3070 3076 3185 3119 uon
3208 3055 3467 3118 admittit
3487 3073 3672 3135 aspe-

2034 3159 2187 3220 ctus,
2223 3152 2408 3207 totum
2432 3146 2613 3208 Simul
2658 3154 2939 3228 tanquam
2963 3145 3163 3224 fulgur
3183 3145 3442 3208 illustrat
3461 3163 3671 3206 carce-

1971 3230 2012 3288 C
2035 3234 2257 3297 remln
2284 3236 2480 3298 media
2502 3254 2643 3298 vero
2699 3236 2833 3300 luce
2885 3243 3013 3299 erat
3041 3237 3127 3298 vir
3157 3235 3398 3317 quidam
3428 3243 3675 3316 aspectu

2035 3325 2207 3387 valde
2235 3324 2457 3398 alacer,
2489 3327 2806 3406 Splendida
2835 3336 3032 3389 autem
3081 3334 3244 3389 veste
3274 3325 3537 3400 indutus,
3573 3324 3675 3406 qui

2034 3413 2162 3495 ipse
2183 3433 2422 3496 quoque
2439 3426 2564 3478 erat
2583 3416 2685 3478 lux
2708 3423 2873 3479 totus
2895 3415 3400 3496 quantus,pennis
3419 3414 3673 3495 insignis

2035 3504 2504 3568 densissimis.ls
2524 3525 2660 3568 cum
2685 3507 2761 3568 ad
2786 3506 3158 3570 Clementem
3186 3505 3540 3568 accessisset
3573 3503 3674 3566 ad-

2037 3591 2400 3670 mirabilem,
2438 3596 2493 3656 ei
2519 3596 2578 3656 in
2603 3596 3251 3676 manustraditpanem
3300 3604 3360 3657 et
3389 3594 3665 3657 calicem.

2036 3682 2269 3746 Deinde
2291 3682 2391 3744 ille
2411 3683 2654 3763 quidem
2673 3683 3055 3760 ovanuit,eos
3079 3693 3276 3746 autem
3297 3684 3425 3764 ipsa
3436 3701 3673 3765 quoque

2035 3789 2142 3834 vox
2193 3771 2422 3846 deficit,
2455 3781 2521 3834 ut
2569 3775 2668 3854 qui
2721 3772 3068 3854 spectaculo
3099 3772 3439 3834 admirabili
3468 3780 3672 3834 essent

2036 3860 2458 3943 obstupefacti.
2487 3863 2916 3926 Sanctissimae
2941 3869 3140 3925 autem
3201 3861 3478 3924 Clemens
3529 3876 3667 3922 cum

2033 3952 2236 4013 statim
2266 3952 2630 4032 conjecisset
2651 3970 2720 4016 ea
2749 3971 2882 4016 esse
2910 3953 3079 4033 signa
3122 3949 3421 4014 Dominici
3453 3967 3665 4030 corpo-

2032 4041 2118 4103 ris
2149 4048 2208 4102 et
2238 4041 2569 4122 sanguinis,
2604 4060 2675 4104 ea
2705 4050 2764 4103 et
2792 4041 2961 4104 valde
3001 4041 3094 4122 pie
3124 4037 3412 4120 suscepit,
3440 4047 3498 4102 et
3527 4057 3663 4101 cum

2033 4147 2247 4211 preces
2273 4129 2524 4194 dixisset
2553 4139 2898 4207 consuetas,
2932 4149 3000 4194 ea
3034 4129 3436 4193 communicat
3464 4128 3672 4210 iis,qui

2027 4221 2152 4301 jam
2186 4229 2357 4284 erant
2387 4221 2688 4304 baptizati.

2076 4335 2490 4401 XXXIII.Cum
2515 4357 2658 4419 ergo
2679 4337 3023 4421 complures
3045 4339 3118 4401 ad
3140 4356 3274 4402 eum
3290 4337 3559 4420 undique
3579 4357 3674 4401 ac-

2034 4427 2414 4506 cederent,et
2430 4447 2733 4492 carcerem
2757 4430 3027 4492 facerent
3048 4429 3460 4505 ecclesiam,et
3482 4429 3678 4491 multi-

2035 4515 2730 4582 tudiniChristianorum
2757 4520 2926 4582 ﬁeret
2945 4519 3529 4594 accessio,custodes
3549 4538 3678 4583 car-

1977 4600 2020 4654 ο
2035 4609 2193 4671 ceris
2215 4608 2342 4672 haec
2362 4609 2716 4671 renuntiant
2736 4608 3110 4688 imperatori.
3141 4607 3246 4670 llle
3261 4616 3457 4670 autem
3485 4618 3546 4669 et
3572 4628 3677 4673 eos

2029 4698 2207 4778 jubet
2225 4707 2404 4762 noctu
2424 4698 2952 4780 comprehendi,et
2971 4698 3086 4760 nisi
3112 4697 3388 4780 pietatem
3413 4696 3672 4778 abnega-

2037 4794 2471 4864 verint,omues
2493 4789 2644 4850 citra
2666 4788 2848 4850 ullam
2871 4787 3143 4850 interimi
3171 4788 3674 4852 misericordiam.

2037 4880 2126 4944 Illi
2163 4897 2304 4942 vero
2322 4878 2749 4960 comprehensi
2775 4878 2952 4959 jussu
2997 4878 3402 4960 imperatoris,
3452 4879 3680 4942 inventi

2035 4977 2178 5032 sunt
2207 4987 2326 5032 non
2357 4966 2550 5045 ignari
2600 4970 2754 5046 ejus,
2817 4967 2977 5048 quod
3009 4977 3134 5029 erat
3161 4967 3382 5030 bonum
3414 4976 3474 5029 et
3507 4969 3675 5049 utile,

2034 5058 2323 5137 eligendi;
2344 5058 2452 5120 sed
2484 5057 2557 5120 ab
2587 5057 2723 5132 hac,
2744 5075 2881 5137 quas
2903 5065 2993 5119 est
3013 5057 3086 5120 ad
3114 5065 3374 5137 tempus,
3409 5056 3532 5118 vita
3555 5075 3682 5118 ma-

2037 5148 2280 5210 luerunt
2295 5146 2796 5224 recedere,quam
2822 5165 2858 5207 a
2881 5147 3118 5209 Christo
3152 5145 3548 5227 deficere,qui
3571 5164 3681 5208 nos

2036 5236 2402 5310 formavit,et
2431 5235 2732 5310 dilexit,et
2755 5243 3027 5298 mortuus
3049 5244 3139 5298 est
3162 5253 3270 5316 pro
3299 5233 3670 5309 nobis.Qua-

2037 5327 2306 5391 mobrem
2325 5333 2468 5388 ante
2486 5325 2810 5396 civitatem,
2840 5332 3120 5406 tanquam
3147 5343 3351 5388 sacras
3383 5325 3675 5407 quasdam

2035 5417 2283 5492 hostias,
2316 5416 2550 5498 seipsos
2602 5421 2664 5476 et
2718 5414 2876 5476 ﬁlios
2931 5414 3194 5478 offerunt
3226 5414 3504 5493 Domino,
3537 5433 3674 5477 cum

2036 5507 2238 5572 nullus
2269 5514 2410 5570 tunc
2431 5520 2753 5570 remanere
2777 5502 3162 5568 sustinuisset
3193 5512 3414 5588 praeter
3449 5523 3634 5570 unum
3661 5526 3678 5589 ;

3331 5669 3404 5734 27
