4054 6204
528 305 646 372 843

1817 305 2098 372 MENSIS
2155 303 2614 372 JANUABIUS.

3747 308 3838 379 844

529 438 701 520 cujus
729 437 973 519 quidem
1027 443 1154 500 erat
1198 432 1432 499 animus
1461 435 1762 517 aliquanto
1789 435 2121 516 juvenilior
2156 456 2158 496 ς

2259 436 2357 518 ἄρα
2413 444 2553 517 ἐνὸς,
2612 446 2703 502 καὶ
2757 445 2944 503 τούτου
2977 443 3357 524 νεανικώτερόν
3401 469 3453 502 τι
3497 444 3686 521 μᾶλλον
3711 446 3844 508 3m:-

534 547 651 590 non
685 528 846 590 enim
877 535 1248 591 remanserat
1279 535 1346 588 ut
1389 534 1691 588 certamen
1725 527 2038 605 effugeret,
2073 527 2178 590 sed

530 628 594 678 ut
623 637 757 680 cum
796 617 1126 698 majoribus
1159 615 1356 698 potius
1389 615 1563 678 malis
1593 615 2048 693 colluctaretur,
2085 634 2178 679 ea-

528 727 643 789 que
701 707 756 768 ei
815 715 1016 768 essent
1075 725 1432 770 coronarum
1496 706 1792 786 majorum
1829 706 2087 770 occasio.
2122 709 2179 770 ls

527 804 653 858 erat
702 795 1084 859 admirabilis
1141 795 1615 878 Agathangelus,
1679 796 1753 859 de
1823 815 1941 878 quo
1996 797 2174 859 etiam

529 886 814 966 deinceps
846 885 1084 950 dicetur
1113 886 1404 968 apertius.

564 973 1242 1040 XXXIV.Diocletianus
1265 987 1466 1040 autem
1490 996 1628 1040 cum
1662 977 1840 1060 paulo
1865 985 1996 1060 post
2017 986 2176 1040 esset

525 1066 724 1146 magni
749 1066 1078 1130 Clementis
1095 1068 1622 1143 recordatus,eum
1640 1085 1851 1130 rursus
1872 1066 2171 1149 producit,

524 1163 583 1218 et
607 1155 865 1236 primum
888 1157 1452 1239 quidem,tanquam
1477 1156 1773 1220 abductus
1798 1157 2169 1239 paenitentia,

522 1246 785 1328 priorem
814 1247 976 1308 illam
1003 1247 1327 1328 abjecisset
1352 1246 1872 1326 insaniam,ipsum
1894 1255 1954 1309 et
1975 1246 2167 1308 laudi-

521 1336 631 1398 bus
653 1337 878 1398 sensim
901 1338 1391 1417 aggrediebatur,
1417 1345 1475 1398 et
1497 1355 1569 1398 ea
1594 1336 1827 1398 ratione
1844 1336 2175 1399 conabatur

526 1428 719 1508 potius
743 1445 1028 1509 superare
1051 1445 1410 1506 generosum
1436 1426 1606 1488 illum
1631 1435 1691 1488 et
1711 1427 2012 1490 excelsum
2036 1427 2170 1488 ani-

523 1536 712 1581 mum.
747 1518 978 1581 Deinde
1003 1537 1138 1580 cum
1163 1517 1411 1579 vidisset
1440 1536 1566 1577 rem
1603 1516 1718 1577 sibi
1750 1535 1884 1578 esse
1906 1535 2040 1578 cum
2068 1518 2172 1579 bo-

524 1609 688 1670 mine
719 1610 988 1683 cordate,
1024 1617 1081 1670 et
1113 1608 1215 1690 qui
1250 1627 1370 1670 non
1407 1607 1594 1687 magis
1629 1616 1829 1686 posset
1849 1608 2033 1669 animi
2056 1607 2173 1669 for-

521 1697 778 1760 titudine
815 1698 1106 1760 malorum
1139 1697 1301 1759 ferre
1333 1698 1612 1777 impetus,
1649 1715 1821 1776 quam
1855 1693 2172 1775 prudentia

2263 531 2461 594 θέντος.
2529 534 2603 592 Οὖ
2663 534 2764 614 γὰρ
2827 534 2964 592 ὥστε
3007 536 3098 592 τὸν
3142 534 3324 613 ἀγῶνα
3367 534 3635 616 διαφυγεῖν
3674 537 3842 596 bachi-

2262 625 2388 700 φθῆ,
2425 620 2544 680 ἀλλ’
2577 624 2716 682 ὥστε
2749 625 2952 696 μείζοσι
3007 623 3213 700 μᾶλλον
3244 624 3638 704 προσπαλατσαι
3669 642 3839 696 κακοῖς,

2261 709 2351 766 ’ίνσ
2413 710 2477 781 δὴ
2530 715 2618 770 καὶ
2676 713 2934 790 μειζόνων
2997 711 3151 771 λάϐοι
3209 713 3482 795 στεφάνων
3539 713 3842 774 ὑπόθεσινοὸ

2259 801 2551 876 θαυμάσιος
2591 802 2988 881 Ἀγαθάγγελος
3020 801 3172 869 οὗτος
3227 801 3317 878 ἦν,
3376 807 3494 882 περὶ
3537 806 3597 861 οὗ
3643 807 3719 862 καὶ
3766 827 3844 863 εα-

2259 889 2510 968 φὲστερον
2545 889 2665 959 ἑξῆς
2690 889 3085 962 δηλωθήσεται.

2340 979 2476 1040 AA’.
2545 979 2936 1049 Διοκλητιανὸς
3005 980 3059 1038 δέ
3120 987 3210 1038 τοῦ
3254 979 3494 1061 μεγάλου
3547 982 3673 1057 μετὰ
3698 984 3845 1061 μικρὸν

2257 1068 2624 1144 ἀναμνησθεὶς
2682 1069 3017 1146 Κλήμεντος,
3070 1071 3359 1150 παρίστησι
3391 1069 3553 1128 πάλιν
3597 1073 3756 1147 αὐτὸν,
3781 1074 3844 1130 καὶ

2254 1158 2315 1215 τὸ
2360 1159 2459 1235 μὲν
2484 1164 2694 1238 πρῶτον
2736 1160 2916 1240 ὥσπερ
2947 1160 3007 1218 ἐκ
3073 1159 3430 1237 μεταμελείας
3480 1160 3580 1228 τὴν
3637 1163 3842 1239 προτέραν

2255 1249 2447 1323 μαρίαν
2478 1248 2788 1324 ἀποϐαλὼν,
2824 1248 3060 1314 ἐπαίνοις
3103 1271 3161 1307 τε
3191 1251 3349 1310 αυτὸν
3395 1251 3580 1326 ὑπῄει,
3611 1250 3690 1307 καὶ
3719 1252 3842 1327 ταύτῃ

2253 1336 2584 1416 περιέσεσθαι
2651 1338 2854 1414 μᾶλλον
2899 1343 2998 1406 τῆς
3073 1337 3308 1420 ἀνδρείας
3369 1340 3572 1399 ἐκείνου
3619 1340 3698 1397 καὶ
3743 1360 3839 1417 γεν-

2256 1429 2532 1493 ναιότητος
2607 1427 2877 1506 ἐπειρᾶτο.
2934 1427 3162 1486 ’Ἔπειτα
3220 1431 3294 1493 ὡς
3370 1425 3488 1485 εἶδε
3531 1437 3644 1489 νοῦν
3700 1427 3842 1508 ἔχοντι

2257 1515 2594 1593 προσϐαλὼν,
2654 1519 2744 1575 καὶ
2785 1517 2889 1592 οἵῳ
2933 1518 3043 1575 ὄντι
3075 1521 3134 1576 0-3
3190 1517 3398 1590 μᾶλλον
3452 1515 3652 1598 ἀνδρείᾳ
3701 1523 3842 1575 κακῶν

2254 1605 2510 1688 ἐπιφορὰν
2561 1606 2827 1686 ἐνεγκεῖν,
2876 1609 2912 1677 ἢ
2943 1607 3194 1682 φρονήσει
3228 1611 3358 1688 πρὸς
3391 1611 3667 1665 κολακείαν
3705 1606 3841 1685 λόγων

2253 1697 2340 1752 καὶ
2401 1694 2665 1764 δεινότητι
2723 1697 2802 1773 μὴ
2861 1698 3216 1773 καταπεσεῖν,
3277 1701 3338 1755 τὸ
3369 1711 3702 1776 προσωπεῖον
3728 1698 3840 1760 εὐθὺς

522 1786 758 1849 blandis
794 1787 989 1850 verbis
1020 1797 1081 1848 et
1139 1785 1380 1847 disertis
1432 1804 1551 1847 non
1594 1785 2032 1856 succumbere;
2062 1785 2158 1848 ab-

2255 1785 2436 1844 ἐκεῖνο
2509 1789 2595 1844 καὶ
2679 1788 2776 1856 τὴν
2873 1787 3259 1864 πεπλασμένην
3349 1788 3626 1867 πραότητα
3699 1786 3840 1864 ῥίψας,

514 1877 676 1955 jecta
705 1877 901 1937 statim
965 1893 1221 1955 persona
1277 1883 1334 1936 et
1384 1875 1521 1936 ﬁcta
1551 1873 1652 1936 illa
1683 1875 2165 1950 mansuetudine,

519 1973 769 2046 repente
801 1965 1077 2047 apparuit
1105 1963 1162 2026 id
1199 1965 1354 2046 quod
1391 1972 1515 2026 erat
1553 1986 1566 2026 :
1596 1973 1653 2026 et
1683 1983 1892 2026 rursus
1922 1965 2168 2042 aliquod

520 2073 747 2117 nouum
780 2055 1549 2136 excogitavitsupplicium,
1581 2053 1836 2137 quodam
1872 2055 2166 2136 Amphio-

520 2163 620 2220 ne,
656 2146 760 2225 qui
791 2144 950 2207 inter
993 2163 1134 2206 suos
1186 2145 1446 2224 primum
1498 2145 1694 2206 locum
1728 2144 2063 2220 obtinebat,
2094 2146 2168 2209 ad

519 2234 634 2296 hoc
667 2235 925 2296 maxime
983 2234 1292 2298 incitante.
1355 2233 1500 2296 Erat
1558 2243 1757 2297 autem
1791 2235 1903 2298 hoc
1936 2239 2168 2317 suppli-

519 2323 704 2398 cium,
738 2324 922 2386 utsic
978 2343 1009 2386 a
1068 2331 1231 2385 tanta
1285 2323 1671 2386 multitudine
1723 2323 2172 2389 distenderetur

523 2421 763 2495 martyr,
785 2423 849 2475 ut
879 2413 1027 2495 ipsae
1056 2432 1294 2495 quoque
1327 2412 1737 2476 membrorum
1773 2414 2167 2478 dissolveren-

519 2512 619 2566 tur
648 2523 989 2584 compages,
1023 2505 1266 2566 lictores
1296 2512 1494 2566 autem
1528 2512 1785 2585 quatuor
1814 2505 2160 2569 circumsis-

519 2601 738 2669 tentes,
772 2594 1092 2657 exsiccatis
1129 2593 1308 2656 boum
1363 2593 1564 2656 nervis
1593 2613 1730 2656 cum
1761 2594 1861 2657 diu
1894 2596 2163 2660 crudeli-

518 2692 611 2745 ter
636 2684 1050 2748 verberarent.

595 2773 1160 2855 XXXV.Postquam
1190 2792 1331 2836 vero
1365 2774 1466 2836 ille
1493 2793 1737 2856 quoque
1769 2775 2002 2840 fortiter
2024 2777 2162 2840 huic

513 2863 732 2926 restitit
765 2865 1154 2944 supplicio,et
1176 2863 1432 2946 perinde
1464 2882 1531 2926 ac
1562 2865 1612 2924 si
1643 2864 1796 2925 alius
1829 2874 2156 2945 pateretur,

515 2953 646 3034 ipse
675 2952 1026 3032 impatibilis
1058 2954 1278 3014 mansit
1303 2951 1708 3015 etimmobilis
1737 2971 1751 3016 :
1781 2953 1943 3030 Scio,
1967 2954 2161 3036 inquit

516 3043 988 3119 Diocletianus,o
1020 3042 1390 3117 Clemens,te
1414 3061 1549 3104 esse
1572 3043 1776 3104 animo
1807 3044 1978 3107 valde
2009 3064 2154 3106 con-

2252 1875 2442 1956 ἁθρόον
2471 1877 2600 1955 ὅπερ
2628 1877 2694 1946 ἧν
2738 1877 2996 1957 ἀνεφάνη,
3053 1879 3138 1934 καὶ
3180 1880 3404 1935 κόλασιν
3439 1878 3577 1940 αὖθίς
3605 1897 3711 1933 τινα
3746 1896 3842 1932 και-

2251 1964 2464 2044 νοτέραν
2520 1964 2806 2041 διενοεῖτο,
2872 1965 3158 2046 Ἀμφίονος
3190 1965 3433 2041 μάλιστά
3483 1986 3622 2032 τινος
3673 1965 3844 2042 πρώτου

2251 2057 2356 2110 τῶν
2412 2053 2503 2111 ὑπ’
2548 2057 2707 2114 αὖτὸν
2765 2059 2838 2120 εἷς
2881 2063 3039 2113 τοῦτο
3066 2053 3464 2134 διερεθὶζοντος,
3501 2057 3567 2112 Ἦ
3620 2053 3670 2110 δὲ
3709 2051 3844 2110 κόλα-

2251 2165 2334 2207 σις
2375 2143 2441 2211 ἧν
2472 2145 2604 2212 αὕτη
2638 2161 2652 2176 ⁸
2702 2143 3019 2213 διαταθῆναι
3065 2146 3164 2222 μὲν
3195 2145 3355 2217 οὕτω,
3391 2147 3481 2202 καὶ
3509 2145 3609 2201 ὑπὸ
3637 2143 3845 2202 τοσούτου

2254 2233 2487 2304 πλήθους
2545 2236 2635 2292 τόν
2681 2235 2940 2315 μάρτυρα,
2987 2234 3125 2293 ὥστε
3155 2236 3251 2291 καὶ
3279 2240 3385 2292 τῶν
3419 2233 3599 2310 μελῶν
3628 2235 3754 2306 αὖτῷ
3772 2234 3845 2294 τὰς

2251 2325 2503 2402 ἁρμονίας
2574 2323 2904 2396 διαλυθῆναι,
2969 2322 3189 2400 δημίους
3253 2323 3308 2380 δὲ
3365 2323 3708 2402 περιστάντας
3762 2321 3847 2377 ἄπ-

2252 2421 2394 2482 ηνῶς
2436 2417 2594 2472 αὐτὸν
2639 2413 2766 2494 ἄχρι
2809 2413 3013 2472 πολλοῦ
3072 2414 3258 2484 ξηροῖς
3302 2415 3602 2492 βουνεύροις
3665 2413 3844 2469 τύπτειν

2251 2503 2336 2561 δια
2378 2505 2671 2581 τεσσάρων,

2329 2764 2456 2832 ΛΕ’.
2521 2771 2669 2831 Ἐπεὶ
2710 2773 2763 2831 δὲ
2809 2777 2896 2833 καὶ
2939 2777 3070 2855 πρὸς
3121 2775 3320 2841 ταύτην
3365 2774 3579 2838 ἐκεῖνος
3607 2772 3725 2839 ἔστη
3751 2790 3842 2849 γεν-

2244 2865 2400 2930 ναίως
2448 2870 2547 2930 τὴν
2605 2865 2885 2944 τιμωρίαν,
2945 2866 3033 2922 καὶ
3089 2864 3270 2940 ὥσπερ
3341 2863 3525 2941 ἐτέρου
3581 2861 3844 2940 πάσχοντος

2243 2951 2409 3013 οὕτως
2465 2951 2679 3015 ἀπαθῶς
2750 2943 2907 3018 αὐτος
2983 2953 3070 3011 καὶ
3123 2951 3399 3031 ἀτρέπτως
3461 2951 3699 3029 διεκειτο,
3748 2943 3841 3006 0W

2242 3040 2348 3117 ὅτι,
2394 3043 2553 3120 φησὶν
2600 3044 2626 3098 ὃ
2659 3041 3072 3116 Διοκλητιανὸς,
3111 3041 3300 3122 ψυχὴν
3329 3041 3426 3118 μὲν
3457 3040 3630 3122 ἔχεις,
3658 3042 3699 3095 ὦ
3728 3035 3846 3105 Κλή-

411 3201 414 3204 ,
519 3131 800 3205 tentioso,
833 3149 1052 3211 corpus
1081 3140 1278 3193 autem
1311 3131 1398 3193 illi
1431 3151 1608 3212 posse
1667 3131 1983 3197 inservire.
2039 3134 2155 3198 Sed

2243 3155 2344 3208 μη,
2421 3129 2779 3218 διαφερόντως
2837 3131 3164 3212 φιλόνεικον,
3238 3137 3397 3205 σῶμα
3471 3129 3528 3188 δὲ
3592 3131 3840 3218 ὑπηρετεῖν

517 3223 646 3303 ipse
667 3240 744 3282 ne
766 3222 850 3283 sic
873 3221 1118 3302 quidem
1139 3239 1350 3282 rursus
1371 3221 1718 3296 cedam,sed
1739 3222 1919 3285 etiam
1945 3225 2160 3290 ferreis

518 3320 575 3372 te
603 3310 916 3390 aggrediar
944 3310 1187 3390 ungulis
1220 3332 1232 3373 :
1265 3329 1329 3372 es
1381 3311 1542 3372 enim
1577 3319 1638 3372 tu
1665 3312 1818 3374 forte
1840 3312 2073 3377 ferreus
2104 3324 2163 3378 et

517 3401 811 3481 torpidus,
851 3409 908 3462 et
930 3401 1093 3461 nullo
1122 3400 1251 3462 fere
1274 3420 1452 3463 sensu
1479 3401 1762 3482 praditus
1789 3424 1804 3479 ;
1836 3413 1899 3466 ut
1928 3406 2157 3469 videam

511 3508 586 3551 an
615 3499 669 3551 te
695 3489 846 3550 forte
866 3491 959 3551 liis
983 3489 1576 3571 excitaverim,quem
1603 3509 1850 3555 somnus
1874 3502 1988 3556 tam
2014 3515 2157 3578 pro-

512 3579 733 3641 fundus
756 3579 1221 3661 invasit.Martyr
1251 3589 1453 3643 autem
1493 3598 1505 3643 :
1540 3580 1723 3644 Recte
1746 3583 2013 3662 quidem,
2051 3587 2155 3665 ait,

511 3669 778 3746 dixisti,o
803 3670 1152 3752 imperator.
1181 3669 1423 3732 Dormio
1447 3671 1606 3732 enim
1631 3673 1814 3735 veluti
1837 3675 2155 3755 quemdam

509 3759 746 3822 dulcem
770 3778 1171 3828 somnum,me
1197 3779 1329 3823 meo
1345 3759 1581 3824 Christo
1603 3762 1675 3824 ad
1701 3762 1939 3827 labores
1962 3783 2068 3846 pro
2083 3785 2156 3830 eo

509 3850 926 3931 suscipiendos
959 3851 1294 3912 futurorum
1321 3869 1427 3932 spe
1455 3853 1756 3934 sopiente:
1785 3871 1993 3917 rursus
2015 3874 2154 3919 vero

507 3941 828 4015 efficiente,
867 3947 930 4001 ut
959 3940 1071 4001 sim
1103 3939 1339 4002 sobrius
1371 3950 1428 4004 et
1459 3942 1730 4021 vigilans,
1752 3945 1990 4024 quando
2016 3964 2153 4008 eum

509 4031 836 4111 praadicare
861 4039 1186 4110 oportet,et
1215 4031 1404 4093 libere
1438 4031 1602 4112 loqui
1625 4051 1730 4113 pro
1756 4034 1884 4114 ejus
1908 4034 2153 4097 confes-

507 4119 845 4181 sione.Hzec
877 4120 978 4180 ille
1009 4119 1161 4181 dixit
1193 4139 1206 4178 :
1243 4130 1301 4181 et
1334 4121 1664 4201 imperator
1689 4122 1931 4204 quidem
1955 4126 2151 4187 statim

500 4207 676 4286 jubet
701 4208 949 4270 lictores
1009 4208 1307 4271 desistere
1337 4229 1369 4270 a
1403 4211 1791 4288 verberibus;
1829 4213 2150 4277 sublimem

506 4307 703 4360 autem
736 4317 869 4360 eum
903 4298 962 4358 in
997 4298 1224 4378 lignum
1255 4299 1563 4374 tollere,et
1597 4320 1733 4363 eum
1766 4303 1982 4366 ferreis
2013 4323 2145 4366 car-

504 4406 651 4469 pere
682 4388 1152 4467 ungulis,donec
1181 4389 1236 4450 ei
1261 4407 1470 4453 carnes
1499 4391 1746 4454 omnino
1778 4403 2153 4475 consumpta:

2244 3222 2419 3298 ἐκείνῃ
2477 3216 2790 3295 δυνάμενον.
2847 3221 3002 3278 Ἀλλ’
3075 3219 3192 3278 οὖδέ
3253 3222 3406 3287 αὒτὸς
3453 3220 3642 3301 {tedam
3693 3213 3840 3284 πάλιν,

2245 3309 2382 3368 ἀλλὰ
2417 3310 2505 3367 καὶ
2549 3308 2792 3389 σιδηροῖς
2836 3311 3161 3390 πειράσομαι
3203 3307 3340 3378 ὄνυξι
3378 3325 3392 3340 ⁸
3435 3310 3578 3390 τάχα
3605 3309 3698 3388 γὰρ
3725 3301 3843 3369 σιδη-

2243 3409 2359 3483 ροῦς
2415 3425 2498 3468 τις
2553 3405 2608 3458 εἴ
2661 3404 2752 3459 καὶ
2809 3403 3084 3481 ναρκώδης
3142 3402 3204 3458 συ
3267 3401 3359 3460 καὶ
3411 3399 3765 3475 δυσαίσθητος,
3800 3391 3844 3449 εἴ

2243 3515 2357 3557 πως
2413 3492 2476 3549 ἄν
2520 3513 2579 3549 σε
2637 3492 2848 3557 τούτοις
2908 3492 3208 3572 ἀφυπνίσω,
3257 3491 3418 3569 βαθὺν
3473 3490 3634 3549 ὕπνον
3685 3483 3843 3543 οὑτωσὶ

2242 3580 2581 3645 καθεύδοντα.
2619 3582 2717 3641 Καὶ
2762 3583 2790 3638 ὁ
2827 3583 3051 3661 μάρτυς,
3115 3585 3184 3640 Εὖ
3243 3602 3328 3661 γε,
3373 3582 3561 3661 φησὶν,
3594 3581 3762 3651 εἶπας,
3807 3573 3840 3626 ὦ

2238 3669 2458 3748 βασιλεῦ⁹
2481 3691 2493 3704 ·
2567 3669 2804 3728 καθεύδω
2872 3671 2971 3750 γὰρ
3025 3671 3104 3727 οἷο
3118 3670 3184 3728 ιεί
3236 3691 3356 3728 τινα
3422 3668 3622 3748 γλυκὺν
3685 3664 3839 3740 ὕπνον,

2239 3761 2376 3820 οὕτω
2433 3783 2500 3838 με
2557 3767 2650 3817 τοῦ
2707 3761 2838 3837 ἐμοῦ
2907 3759 3133 3839 Χριστοῦ
3191 3761 3320 3838 πρὸς
3366 3759 3491 3823 τοὺς
3549 3757 3671 3834 ὑπὲρ
3708 3755 3837 3812 αὗτοῦ

2239 3853 2434 3915 πόνους
2477 3865 2600 3915 ταῖς
2629 3853 2735 3907 τῶν
2779 3849 3085 3925 μελλόντων
3113 3847 3290 3906 ἐλπίσι
3322 3848 3652 3924 κομίζοντος·
3683 3844 3834 3922 νήφειν

2236 3941 2291 4000 δὲ
2321 3942 2484 4000 πάλιν
2509 3944 2599 4000 καὶ
2652 3940 2998 4021 ἐγρηγορέναι
3056 3940 3576 4018 παρασκευάζοντος,
3623 3937 3742 3994 ὅπου
3785 3949 3829 3987 τι

2235 4033 2394 4090 αὐτὸν
2448 4031 2663 4109 κηρύξαι
2723 4032 2857 4112 χρὴ,
2912 4030 3010 4088 καῖ
3059 4031 3191 4111 ὑπὲρ
3232 4034 3333 4098 τῆς
3369 4029 3533 4086 αὐτοό
3584 4023 3832 4104 ὁμολογίας

2234 4122 2717 4200 παρρησιάσασθαι.
2776 4121 2950 4180 Ταῦτα
2998 4123 3087 4177 οὖν
3130 4119 3335 4186 ἐκεῖνος
3378 4119 3533 4194 εἶπε,
3564 4119 3649 4176 καὶ
3688 4118 3713 4173 ὁ
3747 4113 3831 4190 βα·

2236 4210 2411 4274 σιλεὺς
2466 4217 2570 4267 τῶν
2633 4211 2730 4286 μὲν
2785 4210 3012 4289 πληγῶν
3070 4209 3217 4275 εὖθός
3276 4210 3578 4278 ἀποστῆναι
3617 4206 3727 4270 τοὺς
3751 4200 3833 4289 δηέ

2235 4301 2385 4377 μίους
2442 4298 2670 4379 κελεὺει,
2729 4288 3049 4379 μετεωρίσαι
3104 4297 3159 4356 δὲ
3204 4300 3364 4360 αὐτὸν
3411 4299 3501 4359 ἐπὶ
3544 4297 3708 4378 ξύλου,
3764 4288 3832 4348 iul

2233 4391 2370 4448 οὕτω
2428 4389 2712 4452 καταξᾶναι
2761 4387 2998 4469 σιδηροῖς
3055 4387 3249 4465 ὄνυξιν,
3287 4388 3391 4456 ἕως
3422 4389 3488 4446 ἂν
3517 4388 3579 4449 αἴ
3620 4408 3672 4446 τε
3724 4381 3830 4469 σάρξ

505 4468 980 4558 essent,sanguis
995 4487 1191 4541 autem
1211 4479 1642 4559 exinanitus,et
1663 4480 1790 4544 sola
1815 4501 1950 4544 ossa
1967 4468 2150 4546 relin-

2242 4503 2323 4546 ιιες
2370 4482 2508 4554 οὖτῷ
2549 4479 2790 4544 καθάπαξ
2846 4468 3196 4554 ἀναλωθετεν,
3243 4477 3517 4557 ἐκκενωθῇ
3560 4477 3612 4536 δὲ
3655 4471 3742 4534 καῖ
3785 4468 3831 4526 τδ

501 4572 942 4647 querentur.Cu
955 4588 1008 4629 m
1026 4569 1224 4650 itaque
1237 4589 1444 4633 rursus
1457 4571 1781 4634 lictoresad
1797 4572 1854 4634 id
1873 4591 2145 4652 magnam

2242 4573 2374 4648 εἷμα
2429 4571 2519 4627 καὶ
2548 4569 2685 4646 μόνα
2716 4569 2840 4646 γοῦν
2869 4568 2936 4625 τὰ
2965 4569 3098 4626 όστᾶ
3126 4567 3478 4638 ὑπολίπηται.
3513 4576 3628 4631 Τῶν
3658 4561 3829 4640 δημίων

501 4657 861 4720 adhiberent
902 4659 1303 4738 diligentiam,
1339 4669 1403 4722 ut
1455 4663 1554 4741 qui
1592 4662 1771 4724 etiam
1804 4661 1878 4724 ab
1909 4664 2144 4726 occulto

499 4752 714 4814 lictore
726 4765 904 4836 atque
917 4755 1065 4816 adeo
1079 4755 1362 4817 carniﬁce
1375 4755 1448 4817 ad
1466 4773 1535 4818 ea
1559 4755 2146 4834 incitarentur;mar-

498 4856 589 4917 tyr
608 4846 844 4917 quidem
868 4850 1115 4918 primum
1132 4850 1390 4920 seipsum
1413 4849 1954 4920 attendens,deinde
1972 4853 2142 4910 etiam

495 4931 568 4993 ad
603 4940 918 5012 tyrannum
949 4932 1252 5012 aspiciens
1288 4956 1302 4991 :
1355 4932 1486 4996 Non
1536 4944 1647 5009 est,
1684 4936 1900 5018 inquit,
1937 4955 2136 5000 meum

496 5039 717 5102 corpus
738 5022 799 5084 id
815 5022 973 5104 quod
990 5022 1306 5105 adest,quo
1327 5042 1436 5104 ego
1457 5025 1703 5106 quidem
1717 5045 1852 5088 sum
1869 5027 2138 5104 indutus,

497 5122 556 5173 tu
583 5121 782 5175 autem
843 5114 900 5174 id
955 5132 1139 5189 nunc,
1190 5135 1224 5175 o
1257 5115 1606 5194 imperator,
1642 5117 1892 5180 laceras.
1933 5116 2142 5199 Neque

493 5203 655 5263 enim
681 5201 926 5264 omnino
950 5202 1160 5265 dolore
1183 5204 1750 5283 afﬁcior,quomodo
1778 5226 1873 5270 me
1903 5215 2142 5290 oporte-

491 5299 604 5364 ret,
646 5291 787 5353 dum
813 5292 1048 5354 laceror
1080 5313 1095 5354 :
1127 5295 1234 5357 sed
1269 5295 1428 5377 quod
1478 5295 1625 5359 mihi
1654 5297 1904 5373 quidem
1934 5298 2138 5361 datum

493 5379 685 5443 fuerat
709 5401 742 5444 a
761 5392 974 5444 natura
1000 5383 1282 5464 paulatim
1311 5386 1792 5466 prmcedentibus
1817 5388 1982 5468 prius
2001 5408 2140 5452 con-

493 5480 809 5552 sumptum
839 5483 932 5535 est
963 5474 1276 5555 suppliciis
1295 5485 1352 5538 et
1393 5494 1507 5539 nec
1535 5494 1712 5558 parva
1733 5477 1974 5560 quidem
2005 5479 2136 5559 ejus

491 5578 632 5644 pars
664 5562 814 5625 mihi
840 5571 932 5627 est
963 5563 1173 5628 relicta
1203 5586 1221 5627 :
1259 5585 1442 5629 carne
1465 5576 1693 5646 autem,
1721 5586 1853 5649 quae
1882 5586 2041 5632 nunc
2060 5569 2136 5634 ad

2225 4663 2398 4720 τοίνυν
2441 4656 2649 4726 πολλὴν
2691 4657 3038 4737 εἰσφερόντων
3101 4659 3190 4716 καὶ
3218 4662 3362 4725 αὖθις
3395 4659 3493 4728 τὴν
3525 4655 3828 4735 ἐπιμέλειαν,

2228 4751 2320 4809 ἅτε
2376 4750 2464 4807 καὶ
2521 4750 2622 4806 ὑπὸ
2671 4754 2766 4805 τοῦ
2815 4757 3047 4827 κρυπτοῦ
3103 4745 3296 4824 δημίου
3357 4751 3490 4827 πρὸς
3533 4751 3600 4808 τὰ
3639 4745 3828 4805 τοιαῦτα

2227 4840 2662 4920 παροξυνόμενοι,
2723 4839 2751 4894 ὁ
2807 4837 3006 4917 μάρτυς
3077 4841 3263 4918 πρῶτα
3339 4838 3437 4915 μὲν
3483 4838 3650 4912 ἑαυτῷ
3684 4851 3823 4920 προς.

2225 4916 2395 5015 έχων,
2449 4930 2576 4987 εἶτα
2629 4916 2714 4986 καὶ
2775 4916 2906 5006 πρὸς
2963 4929 3054 4985 τὸν
3121 4916 3370 5007 τύραννον
3431 4927 3673 4986 ἀπιδῶνο
3739 4916 3827 5015 οιξιι

2223 5010 2354 5104 ἐμὸν
2395 5025 2456 5082 τὸ
2509 5027 2688 5098 σῶμα,
2722 5022 2874 5098 φησὶ,
2921 5031 2983 5078 το
3030 5022 3225 5100 παρὸν,
3277 5021 3407 5102 ὅπερ
3439 5021 3548 5102 ἐγὼ
3572 5020 3666 5099 μὲν
3694 5010 3822 5104 περίε-

2222 5101 2431 5192 κειμαι,
2476 5112 2668 5180 ξαίνεις
2711 5109 2768 5168 δὲ
2812 5117 2899 5168 νῦν
2944 5110 3123 5192 αὑτός,
3173 5110 3220 5167 ὦ
3269 5101 3491 5189 βασιλεῦ
3525 5130 3543 5150 ·
3587 5106 3693 5170 οὐδὲ

2224 5183 2374 5286 ἀλγῶ
2416 5183 2638 5267 ’πάντως
2696 5198 2818 5258 ὅσον
2847 5199 3038 5278 ἀλγεῖν
3079 5183 3148 5276 με
3179 5183 3294 5260 δέον
3328 5200 3633 5280 ξαινόμενος
3660 5213 3680 5286 ,⁸
3722 5183 3823 5286 ξλγ

2223 5299 2252 5355 ὃ
2295 5273 2397 5374 μὲν
2425 5290 2633 5352 δέδοταί
2672 5312 2764 5369 μοι
2796 5273 2942 5368 παρά
2981 5273 3092 5358 τῆς.
3141 5291 3348 5371 φύσεως
3406 5273 3530 5358 ταίτς
3560 5273 3826 5374 προλαὸοιξς

2223 5359 2340 5452 cui;
2427 5359 2741 5463 καταϐραγὺ
2823 5359 3179 5461 προαναλώθη
3239 5379 3519 5457 κολάσεσι,
3581 5359 3663 5440 καὶ
3724 5359 3822 5429 ad“

2219 5478 2378 5559 μέρος
2441 5473 2493 5546 ἐξ
2551 5462 2712 5534 αὖτόῦ
2766 5471 2955 5550 μικρὸν
3002 5469 3293 5554 ὑπελείφθη
3347 5494 3437 5548 μοι
3473 5487 3488 5502 ’
3513 5532 3516 5534 ν
3539 5475 3632 5559 τὴν
3672 5462 3820 5559 Sig-iw

2220 5549 2623 5649 θποτρέχουσαν
2680 5573 2799 5627 τοῖς
2850 5549 3053 5626 όστέοις
3085 5581 3184 5639 μου
3203 5549 3382 5640 ⁷σάρκα
3411 5564 3500 5621 καὶ
3540 5557 3642 5620 τῶν
3670 5549 3818 5637 μιλῧν
