4054 6204
274 352 391 419 845
1334 356 1520 419 VITA
1568 356 1625 417 S.
1671 356 1951 419 CLEMEI

2045 357 2111 418 IS
2160 359 2197 419 A
2212 354 2581 419 NCYRANI.
3533 356 3651 422 846

271 492 368 559 τὴν
419 493 672 570 ἆρμονίαν
731 491 1083 573 συνόχουσαν,
1141 492 1324 563 ὥσπερ
1366 492 1487 548 τινὰ
1544 489 1830 568 περίϐολὴν
1891 492 1951 548 δι

2042 508 2138 552 ssa
2170 508 2302 552 mea
2331 487 2615 563 accurrit,
2638 496 2695 549 et
2731 486 3136 551 membrorum
3172 489 3440 554 continet
3480 509 3652 554 com-

272 580 402 655 ἒμὸς
461 579 667 638 ἔνᾶδυσέ
706 603 773 657 με
832 583 1078 661 Χριστὸς,
1128 580 1195 639 δι’
1254 583 1314 638 ’ὃν
1369 584 1454 639 καὶ
1499 583 1599 649 τὴν
1662 582 1920 661 προτέραν

2045 598 2238 660 agem,
2267 579 2452 641 veluti
2484 577 2741 659 quodam
2775 576 3130 640 indumento
3164 598 3332 642 meus
3360 600 3457 644 me
3478 582 3657 645 Chri-

273 668 636 746 ἀπεδυσᾶμεν.
668 667 763 734 Ἠς
821 671 991 741 δήπου
1043 674 1133 729 καὶ
1185 678 1273 728 νῦν
1330 670 1726 746 ἀποξεσθείσης,
1759 673 1914 728 ἐπεν-

2040 678 2130 730 lus
2178 669 2397 740 induit,
2435 676 2682 748 propter
2726 686 2902 748 quem
2931 669 3115 747 priori
3145 687 3241 731 me
3274 672 3432 746 exui,
3470 691 3660 755 eaque

273 756 419 815 δύσει
480 759 641 816 πάλιν
698 762 904 838 ἑτέραν·
954 760 1069 819 οὐδὲ
1130 762 1230 839 γὰρ
1287 760 1348 818 ἂν
1403 765 1431 817 ὁ
1473 760 1649 827 πηλὸς
1685 760 1919 817 ἰπιλίποι

2040 777 2163 819 .unc
2184 776 2479 830 erasa,me
2495 774 2702 820 rursus
2717 756 2924 819 induet
2939 757 3278 840 alia.Neque
3295 761 3452 823 enim
3469 763 3659 827 lutum

274 850 369 904 τὸν
412 850 645 928 κεραμέα
735 841 791 907 Ὀ
846 851 944 926 μὶν
993 850 1082 907 οὖν
1136 857 1299 908 ταῦτα
1355 850 1517 907 εἰπὼν
1559 851 1646 906 καὶ
1704 849 1921 907 ⁴ινλείονα

2046 848 2263 909 efuerit
2296 846 2500 925 ﬁgulo.
2536 847 2682 909 Cum
2716 846 2767 906 is
2799 864 2939 925 ergo
2973 847 3097 909 haec
3130 860 3187 909 et
3231 849 3326 911 his
3361 852 3531 931 plura
3561 853 3658 916 di-

279 942 478 996 τούτων
538 939 829 996 ἰπαύσατοθ
892 938 1273 1007 Διοκλητιανὸς
1331 938 1387 995 δὲ
1444 942 1585 1013 αὖτῷ
1642 937 1924 1014 λαμπάδας

2040 936 2217 1012 isset,
2252 935 2523 998 cessavit.
2536 934 2955 1025 piocletianus
2986 948 3186 999 autem
3210 938 3392 1018 jussit
3423 944 3475 1005 ei
3506 944 3665 1025 ignis

277 1030 447 1108 πυρὸς
492 1026 695 1085 κελεύει
732 1030 1155 1118 προσφέρεσθαι,
1195 1035 1269 1087 τῶ
1325 1026 1379 1118 δὲ
1432 1028 1659 1118 κάκεῖνα
1689 1029 1756 1096 ἦν
1797 1026 1929 1094 ἠδο-

2040 1032 2171 1087 aces
2201 1024 2497 1090 adhiberi.
2532 1023 2603 1085 Ei
2628 1037 2821 1087 autem
2856 1026 2958 1088 illa
2987 1046 3227 1107 quoque
3255 1040 3423 1092 erant
3451 1023 3663 1118 volup-

276 1116 369 1192 νὴ,
403 1123 516 1195 φῶς
543 1118 688 1197 οἷον,
720 1116 841 1173 ἀλλ’
875 1120 997 1197 οὐχὶ
1026 1119 1115 1175 καὶ
1157 1119 1320 1195 πυρὸς
1353 1117 1486 1197 ἕχον
1516 1116 1756 1193 δύναμιν.

2040 1115 2138 1191 ati,
2173 1124 2238 1178 ut
2286 1133 2419 1196 quae
2452 1124 2652 1179 essent
2694 1124 2971 1197 tanquam
3026 1117 3143 1193 lux,
3180 1137 3310 1199 qua
3342 1121 3456 1184 vim
3508 1115 3663 1204 ignis

2013 1224 2129 1267 non
2163 1204 2432 1268 haberet.

1753 1430 2001 1497 CAPUT
2060 1430 2187 1496 VII.

1030 1621 1105 1685 In
1152 1622 1377 1685 itinere
1418 1619 1893 1692 Nicomediensi,
1965 1637 2038 1681 ac
2079 1625 2422 1698 praesertim
2465 1621 2684 1695 Rhodi,
2733 1628 2930 1700 gesta.

361 1816 487 1891 ag"
502 1863 515 1877 .
553 1815 851 1885 ’Έκπληξις
903 1820 1032 1900 εἶχε
1064 1823 1155 1877 τον
1186 1820 1339 1898 βασιῖ
1353 1820 1412 1876 ἐα
1443 1819 1651 1891 λοιπὸν,
1690 1822 1778 1875 καὶ
1804 1821 1935 1894 πρὸς

2102 1816 2364 1882 XXXVI.
2393 1817 2714 1898 Obstupuit
2735 1817 2809 1880 de
2832 1827 3050 1881 caetero
3075 1817 3489 1901 imperator,et
3516 1843 3669 1887 con-

283 1908 408 1970 τοὺς
470 1912 830 1983 περιεστῶτας
883 1908 1247 1991 ἕπιστραφεὶς,
1312 1910 1457 1987 Ἐγὼ
1515 1907 1743 1971 πολλοὺς
1814 1910 1935 1987 μὲν,

2040 1925 2227 1969 versus
2248 1907 2319 1969 ad
2347 1910 2580 1989 eos,qui
2600 1907 3275 1989 circumsistebant,Ego
3310 1912 3527 1975 multos
3549 1915 3673 1996 qui-

288 1997 444 2075 εῖπε,
514 2002 620 2053 τῶν
690 1995 1013 2075 δυσωνύμων
1083 2002 1414 2080 Χριστιανῶν
1486 1999 1937 2077 ετιμωρησάμῃν,

2040 1997 2155 2060 lem
2189 1998 2601 2078 punii,inquit,
2627 2015 2697 2058 ex
2729 1997 2963 2059 miseris
2987 1997 3433 2075 Christianis,et
3460 1995 3677 2065 multos

290 2084 521 2151 πολλοὺς
580 2084 634 2142 δὲ
693 2088 778 2143 καὶ
835 2091 1045 2163 θανάτῳ
1114 2090 1460 2169 παρέπεμψα·
1530 2087 1671 2157 πλήν
1736 2087 1939 2147 οὐδέπω

2040 2087 2199 2148 etiam
2234 2096 2427 2148 morte
2470 2086 2639 2148 aﬁ‘eci
2670 2107 2685 2163 ;
2719 2087 2822 2147 sed
2885 2087 3151 2149 nondum
3182 2088 3292 2150 viri
3334 2092 3522 2153 virum
3558 2103 3675 2154 tam

290 2176 542 2242 τοιαύτης
590 2174 748 2254 ἄνδρα
809 2181 995 2257 ψυχῆς
1057 2200 1113 2235 τε
1181 2179 1271 2236 καὶ
1326 2178 1549 2255 γνώμης
1611 2177 1936 2252 ἐθεασάμην,

289 2263 409 2321 ἀλλ’
468 2264 586 2321 οὐδὲ
658 2273 815 2342 σῶμα
873 2267 1087 2346 στεῤῥὸν
1148 2266 1287 2325 οὕτω
1343 2270 1437 2324 καί
1500 2269 1804 2344 καρτερικὸν
1854 2266 1941 2323 καὶ

287 2354 628 2414 δυσθάνατον⁶
699 2358 1045 2433 παραπέμψιι)
1101 2364 1225 2435 γοῦν
1283 2358 1438 2414 αὐτὸν
1498 2358 1571 2422 εἰς
1632 2357 1728 2424 τὴν
1775 2365 1941 2413 Νικο-

290 2442 517 2520 μήδους,
580 2445 755 2523 τέρας,
789 2448 862 2509 ὡς
922 2448 1087 2521 εἰκὸς,
1151 2445 1464 2520 Μαξιμιανῷ
1520 2445 1761 2505 ἄπιστον.
1814 2444 1943 2503 Οὐδὲ

289 2535 390 2613 γὰρ
441 2537 503 2590 ἂν
549 2533 664 2592 οὐδὲ
719 2535 879 2592 αὐτὸν
935 2535 1079 2613 ἀνδρὶ
1139 2556 1264 2595 ποτε
1308 2540 1462 2609 οἶμαι
1512 2536 1738 2609 τοιούτῳ
1785 2556 1937 2613 περι-

288 2637 480 2703 τυχεῖν
531 2624 835 2700 αύθεκάστῳ
879 2623 1063 2690 δεινῶς
1106 2628 1196 2683 καὶ
1245 2625 1703 2703 ἰσχυρογνώμονι.
1767 2632 1939 2682 Ταῦτα

288 2714 344 2769 ἂν
398 2714 626 2789 θαύματι
697 2716 831 2793 πρὸς
909 2716 1030 2779 τοὺς
1089 2716 1354 2792 παρόντας
1415 2715 1604 2793 εἱπὼν,
1651 2714 1938 2793 ψηφίζεται

293 2801 579 2877 Κλήμεντα
636 2803 849 2861 δεθέντα
907 2806 980 2869 εἷς
1026 2804 1263 2870 ἐξέτασιν
1322 2802 1637 2878 Μαξιμιανῷ
1682 2805 1784 2881 πρὸ
1841 2803 1939 2870 τὴν

294 2890 630 2967 Νικομήδους
674 2892 981 2951 διαπόντιον
1032 2894 1277 2974 ἄγεσθαι,
1311 2894 1516 2971 γράψας
1572 2892 1666 2949 καί
1699 2894 1766 2949 τὰ
1824 2890 1941 2949 κατ’

292 2982 452 3040 αὐτὸν
494 2984 693 3063 πάντα,
758 2982 857 3040 ὅσα
928 3005 984 3040 τε
1056 2985 1199 3063 παρὰ
1274 2988 1599 3058 Δομετιανοῦ
1667 2983 1940 3061 πρότερον,

364 3074 379 3094 \
782 3075 793 3093 ι
854 3072 868 3095 ε
963 3077 979 3101 9
1067 3085 1075 3092 .
1248 3074 1259 3089 ι
1363 3075 1372 3095 σ
1516 3096 1527 3106 .
1586 3074 1599 3090 ε
1703 3072 1715 3092 1

292 3094 381 3129 και
438 3070 536 3128 ὅσα
562 3072 724 3129 πάλιν
778 3096 849 3130 υπ
924 3095 1080 3133 αυτου
1132 3096 1274 3143 παρα
1317 3071 1469 3139 δοξαν
1518 3095 1602 3129 και
1652 3094 1804 3151 φυσιν
1846 3072 1943 3127 ἀν-

289 3161 560 3239 θρωπίνην
610 3162 890 3242 ὁπενέγκοι
941 3169 1137 3220 πᾶσαν
1199 3161 1277 3219 ἔτι
1328 3163 1416 3218 καὶ
1463 3171 1619 3221 τοῦτο
1678 3161 1943 3237 σημάνας,

292 3251 369 3317 ὡς
428 3250 601 3327 εἰμὲν
661 3250 807 3310 ἑλεῖν
862 3254 1046 3326 αὐτὸν,
1080 3250 1212 3332 ὅπερ
1261 3252 1604 3325 ἀνέλπιστον,
1640 3252 1733 3307 καὶ
1776 3271 1947 3326 μετα-

295 3353 480 3399 πεῖσαι
556 3338 857 3418 δυοήσεναι,
930 3344 1074 3407 αὖθις
1145 3340 1462 3417 ἀναπέμψαι
1542 3342 1674 3415 πρὸς
1762 3342 1943 3419 αὐτὸν,

295 3435 519 3509 πρᾶγμα
589 3431 985 3511 κεχαρισμένον
1068 3429 1337 3497 ἀπόδειξιν
1410 3430 1612 3488 ἐκείνου
1687 3431 1946 3509 μεγίστης

291 3521 478 3599 φρενὸς
531 3521 618 3577 καὶ
666 3523 933 3593 περινοίας
992 3521 1268 3597 ἐσόμενον
1323 3518 1441 3577 εἶδ’
1508 3523 1603 3579 οὒκ
1646 3519 1785 3578 ἀλλὰ
1842 3524 1947 3586 θη-

292 3610 424 3685 ρίοις
471 3610 627 3673 αδτὸν
659 3608 922 3690 ἐκδοῦναι,
957 3610 993 3679 ἢ
1021 3613 1110 3668 καὶ
1167 3608 1354 3676 ἄλλαις
1385 3610 1666 3688 τιμωρίαις
1728 3621 1951 3687 πικραῖς

293 3706 390 3756 τοῦ
445 3705 541 3775 ζῇν
598 3697 980 3780 ὑπεξαγαγεῖν,
1024 3701 1141 3757 Ἵνα
1198 3702 1278 3776 μὴ
1350 3700 1548 3776 περιὼν
1603 3698 1708 3775 ἔτι,
1764 3700 1949 3778 φησὶν,

295 3790 385 3845 καὶ
446 3790 793 3867 Χριστιανοὺς
853 3790 1065 3868 μεγάλα
1096 3788 1326 3866 βλάπτοι
1382 3790 1472 3845 καὶ
1497 3786 1796 3864 “Ελλτ,νας,
1830 3788 1953 3850 τοὺς

297 3878 399 3955 μὲν
450 3879 774 3959 ὑποφθείρων
828 3881 919 3936 καὶ
966 3884 1282 3959 παρασπῶν,
1316 3879 1665 3957 Χριστιανοὺς
1713 3875 1767 3934 δὲ
1825 3875 1952 3933 δυσ-

296 3968 615 4045 μεταθέτους
645 3968 848 4047 μᾶλλον
880 3975 1048 4026 ποιῶν
1076 3968 1171 4026 καὶ
1204 3966 1654 4050 ἀσφαλιζόμενος.

377 4239 510 4301 ΔΖ¹.
560 4238 819 4320 Ἐξήγετο
872 4239 1047 4296 τοίνυν
1105 4244 1205 4306 τῆς
1283 4228 1499 4314 Ῥώμης
1556 4238 1586 4294 ό
1640 4237 1792 4316 ἅγιος
1850 4236 1953 4293 ὑπὸ

300 4327 515 4387 πολλῶν
580 4328 679 4405 μὲν
747 4328 1226 4408 προπεμπόμενος,
1290 4326 1521 4391 πολλοῖς
1592 4324 1646 4383 δὲ
1718 4324 1955 4405 δακρύων

302 4418 477 4481 αἴτιος
535 4419 940 4497 καθιστάμενος.
987 4419 1075 4482 οἷς
1107 4420 1169 4475 τὸ
1224 4419 1390 4480 πάθος
1422 4420 1811 4496 παρεμυθιιυντο
1864 4416 1957 4472 τοῦ

2028 2194 2240 2254 magno
2262 2185 2323 2237 et
2343 2175 2581 2237 excelso
2602 2175 2803 2236 animo
2829 2175 3279 2255 praeditum,sed
3299 2198 3494 2260 neque
3516 2183 3679 2263 cuju-

2026 2282 2232 2345 squam
2287 2282 2505 2344 corpus
2535 2264 2686 2325 adeo
2737 2265 2995 2326 validum
3032 2274 3091 2326 et
3118 2269 3457 2345 robustum,
3490 2280 3547 2332 et
3578 2272 3679 2333 cui

2031 2362 2282 2415 mortem
2314 2354 2531 2414 aﬂ'errc
2575 2362 2733 2414 esset
2764 2352 3089 2417 difﬁcilius.
3122 2354 3271 2417 Eum
3303 2375 3444 2437 ergo
3480 2367 3675 2422 trans-

2032 2450 2255 2503 mittam
2280 2441 2719 2517 Nicomediam,
2743 2441 3196 2517 Maximiano,ut
3216 2455 3307 2508 est
3323 2447 3675 2526 verisimile,

2027 2531 2365 2612 prodigium
2388 2532 2655 2593 futurum
2686 2530 3284 2615 incredibile.Neque
3313 2536 3473 2597 enim
3508 2538 3668 2600 exis-

2024 2622 2170 2685 timo
2222 2640 2356 2683 eum
2390 2639 2649 2702 unquam
2673 2621 3041 2684 incidissein
3065 2624 3255 2685 virum
3292 2635 3407 2687 tam
3436 2627 3675 2691 ﬁrmiet

2024 2722 2141 2773 tam
2174 2711 2512 2774 constantis
2540 2710 2896 2774 animi.Haec
2914 2730 3049 2773 cum
3077 2712 3472 2777 mirabundus
3495 2717 3675 2779 dixis-

2026 2810 2118 2863 set
2139 2800 2239 2881 qui
2261 2799 2532 2875 aderant,
2559 2800 2830 2862 decernit
2853 2810 2915 2861 ut
2946 2802 3226 2865 Clemens
3257 2804 3488 2867 vinctus
3514 2815 3679 2869 trans

2030 2908 2194 2951 mare
2228 2889 2569 2952 mitteretur
2596 2888 3035 2966 Nicomediam,
3061 2893 3496 2956 examinandus
3516 2895 3680 2958 aMa-

2028 2979 2403 3055 ximiano,de
2421 2998 2495 3042 eo
2517 2979 2816 3061 scribens,
2844 2989 2902 3041 et
2922 3000 3050 3061 quae
3069 2982 3232 3062 prius
3252 3002 3286 3044 ε
3320 2983 3678 3059 Domitiano,

2031 3078 2091 3129 et
2120 3088 2255 3149 quae
2304 3087 2338 3130 a
2371 3088 2437 3130 se
2462 3088 2670 3131 rursus
2701 3088 2912 3150 passus
2941 3072 3031 3139 sit,
3071 3090 3203 3153 quae
3245 3076 3589 3153 opinionem
3624 3084 3684 3139 et

1966 3195 2006 3246 ρ
2031 3158 2350 3220 humanam
2385 3176 2626 3220 omnem
2660 3167 2930 3220 naturam
2962 3172 3269 3240 superant:
3298 3173 3357 3225 et
3388 3164 3502 3227 hoc
3526 3183 3683 3246 pra:-

2031 3254 2195 3307 terea
2226 3247 2595 3327 signiﬁcans,
2631 3249 2790 3328 quod
2824 3250 2872 3310 si
2927 3268 3063 3311 eum
3099 3252 3361 3332 quidem,
3398 3257 3556 3335 quod
3588 3264 3683 3317 est
3744 3298 3747 3299 ν

2033 3336 2216 3417 plone
2250 3337 2721 3417 desperandum,
2755 3339 3002 3402 vincere
3043 3349 3101 3402 et
3123 3343 3183 3401 in
3215 3343 3389 3404 aliam
3426 3344 3685 3426 potuerit

2033 3425 2351 3488 traducere
2394 3428 2781 3501 sententiam,
2821 3448 2956 3491 eum
2989 3448 3198 3493 rursus
3229 3425 3515 3510 remittat,
3551 3453 3683 3496 rem

2034 3516 2119 3576 illi
2142 3530 2367 3593 gratam
2393 3515 2750 3593 futuram,ut
2774 3529 3190 3597 argumentum
3218 3521 3383 3585 illius
3415 3525 3687 3586 maxima

2038 3606 2374 3684 prudentiae
2396 3614 2454 3665 et
2474 3606 2699 3683 ingenii
2725 3606 3004 3668 solertiae:
3035 3610 3085 3668 si
3106 3608 3470 3685 minus,eum
3495 3614 3689 3676 tradat

2036 3692 2273 3766 bestiis,
2311 3692 2400 3754 vel
2430 3694 2611 3755 etiam
2642 3695 2879 3757 acerbis
2910 3695 3043 3757 aliis
3077 3699 3394 3777 suppliciis
3424 3702 3480 3762 ei
3509 3704 3685 3765 vitam

2040 3783 2383 3857 adimat,Ne
2407 3782 2460 3844 si
2488 3782 3081 3865 amplius,inquit,sit
3102 3795 3501 3869 superstes,et
3524 3792 3692 3855 Chri-

2038 3872 2232 3934 tianos
2263 3880 2322 3934 et
2344 3870 2584 3934 Graecos
2616 3874 2847 3949 magnis
2875 3874 3093 3937 alliciat
3123 3877 3541 3951 incommodis,
3574 3881 3689 3943 hoc

2039 3960 2283 4043 quidem
2311 3980 2705 4042 corrumpens
2729 3973 2785 4025 et
2807 3965 3138 4037 attrahens,
3176 3964 3545 4030 Christianos
3575 3987 3689 4030 au-

2039 4059 2159 4113 tem
2187 4050 2462 4114 efﬁciens
2487 4052 2763 4114 difﬁciles
2792 4053 2864 4115 ad
2890 4056 3441 4134 transmovendum,
3467 4076 3690 4140 eosque

2040 4141 2322 4203 muniens
2352 4151 2411 4203 et
2441 4142 2829 4209 conﬁrmans.

2116 4229 2603 4296 XXXVII.Roma
2629 4250 2769 4313 ergo
2797 4245 3039 4297 sanctus
3070 4245 3161 4299 est
3185 4237 3458 4313 eductus,
3484 4239 3690 4302 multis

2036 4321 2283 4402 quidem
2333 4339 2473 4383 eum
2506 4322 2971 4400 deducentibus,
3006 4327 3213 4387 multis
3254 4336 3450 4390 autem
3495 4328 3691 4411 lacry-

2040 4411 2153 4473 mis
2179 4429 2422 4492 quoque
2456 4415 3211 4497 prosequentibus,quibus
3228 4418 3693 4483 consolabantur

302 4509 604 4590 χωρισμοῦ.
668 4509 756 4571 Τίς
799 4511 887 4589 γὰρ
942 4509 1005 4564 ἂν
1035 4507 1287 4574 διεξέλθοι
1344 4508 1411 4564 τὰ
1440 4510 1545 4563 τῶν
1590 4512 1817 4581 πιστῶν,
1857 4505 1951 4562 ὅσα

2040 4519 2209 4563 suam
2274 4501 2347 4562 ab
2378 4520 2451 4563 eo
2510 4506 2981 4583 separationem.
3036 4504 3181 4578 Quis
3212 4508 3371 4569 enim
3422 4509 3693 4574 oratione

302 4600 401 4675 μὲν
471 4604 763 4666 τηνικαῦτα
836 4597 1042 4678 Ῐλεγον,
1117 4596 1216 4653 ὅσα
1289 4595 1343 4652 δὲ
1411 4595 1572 4653 πάλιν
1656 4594 1743 4652 ιπ’
1815 4598 1960 4668 αὐτῷ

302 4689 561 4760 litatum;
623 4691 685 4745 Οἱ
741 4688 842 4762 μὲν
902 4688 1003 4768 γὰρ
1073 4684 1253 4744 ποδῶν
1316 4685 1570 4763 ἥπτοντο,
1626 4685 1715 4743 καί
1765 4699 1961 4765 χεῖρας

303 4777 633 4848 ἠσπάζοντο*
712 4778 763 4834 οἱ
814 4776 868 4833 δὶ
927 4774 1207 4857 τράχηλον
1266 4773 1680 4855 περιϐάλλοντες
1742 4775 1962 4854 κατεφί-

305 4867 429 4924 λουν
474 4868 565 4924 καὶ
622 4875 717 4925 τοῦ
785 4866 1067 4947 χωρισμοῦ
1132 4867 1321 4946 πικρὸν
1389 4863 1475 4923 ἐπ’
1545 4866 1687 4940 αὒτῳ
1742 4863 1964 4944 δάκρυον

303 4957 549 5029 ἔσταζον·
604 4954 758 5014 ἄλλοι
813 4969 932 5023 τοῖς
990 4956 1184 5032 αἵμασι
1230 4956 1605 5035 κατεχρίοντο,
1638 4968 1755 5020 τοῖς
1798 4956 1963 5034 τραύ-

307 5070 439 5124 μασι
490 5046 881 5126 προσεφύοντο,
916 5050 1047 5121 τῶν,
1094 5047 1319 5122 ἱματίων
1373 5048 1469 5103 οὐκ
1523 5045 1867 5119 ἀπεσπῶντο,
1903 5037 1963 5102 Ὀ

305 5138 553 5217 λαμπρὸς
605 5136 869 5213 ἀριστεὺς,
908 5138 934 5192 5
987 5149 1233 5214 γενναῖος
1284 5135 1587 5215 ἀγωνιστὴς
1634 5138 1661 5191 ὅ
1722 5132 1961 5214 σιδάρου,

307 5228 592 5306 λέγοντες,
632 5228 996 5306 ἰσχυρότερος.
1030 5228 1090 5282 Οἱ
1148 5231 1274 5303 γοῦν
1304 5223 1600 5303 ἀπάγοντες
1630 5226 1790 5284 αὐτὸν
1838 5225 1961 5281 ἑπι-

312 5316 628 5381 κλασθέντες
700 5328 819 5378 τοῖς
878 5313 1156 5395 ὀδυρμοῖς,
1202 5315 1289 5372 καὶ
1348 5314 1607 5378 παθόντες
1666 5312 1759 5370 καὶ
1821 5315 1966 5372 αὐτοὶ

307 5409 402 5474 τὰς
433 5407 644 5488 ψυχὰς,
696 5404 929 5473 ἔστησαν
978 5403 1110 5485 ἄχρι
1162 5402 1367 5463 πολλοῦ
1389 5410 1716 5482 παραχωροῦ
1729 5424 1834 5465 ’τες
1893 5408 1969 5476 τῷ

309 5499 490 5578 πάθει,
525 5495 620 5553 καί
674 5502 753 5571 τῷ
795 5494 1020 5569 ἐλεεινῷ
1060 5516 1154 5553 του
1208 5494 1500 5570 θεάματος.
1555 5492 1707 5550 Ἐπεὶ
1754 5491 1810 5548 δὲ
1865 5491 1969 5561 ἤδη

308 5589 398 5646 καὶ
425 5590 455 5646 ὁ
498 5587 686 5667 καιρὸς
714 5586 894 5644 ἕκάλει
939 5592 1033 5643 τοῦ
1084 5583 1275 5643 πλοίου
1324 5580 1574 5651 ἐπιϐῆναι
1626 5584 1717 5641 τὸν
1765 5582 1971 5662 μάρτυ-

312 5701 399 5759 ρα,
434 5678 540 5734 τῶν
600 5676 1008 5756 περισχομὲνων
1071 5676 1157 5751 βίᾳ
1214 5676 1300 5731 καὶ
1358 5671 1517 5750 μόλις
1573 5672 1967 5749 ἆπσποασθείς,

2045 4592 2323 4671 persequi
2354 4592 2617 4671 potuerit
2664 4610 2754 4667 ea,
2791 4612 2921 4673 quae
2954 4604 3093 4657 tunc
3138 4596 3414 4658 dicebant
3446 4598 3691 4680 quidem

2046 4680 2282 4755 ﬁdeles,
2318 4690 2376 4740 et
2421 4699 2556 4760 qua;
2589 4699 2799 4744 rursus
2858 4694 3104 4764 propter
3134 4686 3331 4767 ipsum
3384 4688 3695 4754 fecerint?

2046 4768 2191 4832 Nam
2227 4770 2328 4831 alii
2359 4772 2602 4850 quidem
2636 4772 2824 4851 pedes
2857 4775 3195 4857 tangebant,
3230 4786 3289 4839 et
3322 4795 3530 4841 manus
3559 4798 3694 4841 am-

2051 4859 2601 4941 plectebantur;alii
2620 4878 2762 4923 vero
2789 4864 3011 4925 collum
3036 4866 3504 4946 complectentes
3525 4871 3701 4932 deos-

2048 4950 2428 5025 culabantur,
2471 4960 2531 5012 et
2582 4960 2826 5033 propter
2855 4957 3297 5033 separationem
3343 4975 3574 5019 amaras
3605 4956 3697 5019 ef-
3802 4964 3805 4965 ⁷

2046 5038 2379 5101 fundebant
2410 5040 2834 5121 lacrymaszalii
2862 5061 2928 5105 se
2959 5046 3091 5123 ejus
3116 5047 3409 5125 sanguine
3436 5047 3695 5125 inunge-

2048 5127 2256 5208 bant,a
2286 5130 2554 5191 vestibus
2575 5131 2751 5193 avelli
2780 5150 2897 5193 non
2932 5134 3346 5214 poterant,Vir
3374 5135 3699 5215 praeclarus

2047 5228 2107 5281 et
2130 5217 2325 5293 fortis,
2358 5228 2642 5282 strenuus
2666 5221 3029 5296 decertator,
3064 5224 3165 5303 qui
3186 5225 3368 5299 ferro,
3402 5225 3695 5302 dicentes,

2050 5317 2141 5369 est
2170 5308 2421 5370 validor.
2458 5308 2569 5380 Qui
2620 5310 2813 5391 ipsum
2852 5321 3049 5373 autem
3095 5312 3495 5390 abducebant,
3527 5315 3702 5377 fracti

2050 5397 2312 5475 fletibus,
2348 5408 2408 5459 et
2436 5399 2546 5479 ipsi
2597 5419 2835 5481 quoque
2890 5402 3086 5463 affecti
3137 5403 3380 5481 animis,
3413 5406 3699 5467 constite-

2048 5494 2192 5549 runt
2218 5488 2643 5579 diu,cedentes
2662 5491 3000 5554 animorum
3023 5493 3459 5572 perturbationi
3490 5504 3549 5558 et
3565 5513 3703 5579 spe-

2053 5576 2286 5640 ctaculo
2342 5577 2695 5643 miserabili.
2730 5580 2874 5643 Cum
2906 5599 3048 5643 vero
3072 5582 3198 5661 jam
3258 5591 3494 5666 tempus
3523 5576 3702 5649 voca-

2055 5674 2243 5744 ret,ut
2273 5675 2493 5753 martyr
2524 5686 2732 5733 navem
2764 5670 3141 5749 ascenderet,
3177 5673 3227 5735 vi
3261 5683 3317 5737 et
3347 5694 3420 5737 ex
3457 5675 3699 5740 tandem
