4054 6204
401 313 519 380 847

1716 315 1994 380 MENSIS
2019 317 2474 383 JANUARIUS.

3655 324 3773 388 848

399 448 644 541 avulsus
675 447 749 512 ab
779 450 854 512 iis
897 450 998 531 qui
1027 449 1220 541 ipsum
1262 448 1634 541 continebat,
1667 457 2021 541 ettanquan

2120 457 2205 512 καὶ
2261 458 2439 538 ὥσπερ
2468 459 2632 535 μέλος
2689 462 2864 518 κοινὸν
2926 460 3173 520 ἁπάντων
3218 461 3569 541 ἃποῤῥαγεὶς,
3602 469 3672 539 τῇ
3721 485 3782 519 τε

401 539 741 604 membrum
775 558 1092 602 commune
1121 539 1410 620 abruptus
1437 539 1512 602 ab
1557 539 1860 615 omnibus,
1895 541 2044 603 civi-

400 629 504 692 tati
562 649 631 692 ea
683 648 813 710 quae
863 648 968 710 par
1016 637 1167 708 erat,
1215 636 1274 689 et
1313 627 1428 690 sibi
1483 637 1781 709 precatus,
1833 649 2042 693 navem

395 719 690 795 ascendit,
726 725 784 780 et
816 718 995 798 coepit
1027 718 1326 797 navigare.
1358 718 1477 782 Sed
1505 718 1648 800 quid
1675 721 1914 799 sapiens
1940 740 2045 799 gu-

393 805 678 870 bernator
707 807 1121 871 universorum
1152 806 1315 872 Deus
1340 809 1404 871 in
1453 827 1599 873 nave
1629 829 1736 872 suo
1768 812 2043 890 providet

391 895 641 960 consilio
673 896 699 960 ?

469 984 792 1049 XXXVHI.
821 989 877 1048 ls
900 989 996 1068 qui
1023 987 1190 1068 prius
1215 987 1378 1050 solus
1398 995 1722 1070 martyrum
1748 991 2040 1068 eﬂugerat

387 1095 460 1140 ex
510 1079 586 1139 iis
617 1078 718 1159 qui
749 1076 860 1140 sub
891 1077 1202 1141 Clemente
1261 1079 1645 1142 crediderant
1677 1081 1734 1142 in
1766 1098 2034 1162 carcere,

385 1167 461 1231 de
491 1186 609 1249 quo
642 1167 818 1248 paulo
851 1175 988 1229 ante
1019 1187 1224 1230 sumus
1255 1188 1365 1230 nos
1393 1187 1528 1231 esse
1561 1169 1824 1232 dicturos
1857 1171 2038 1253 polli-

387 1257 658 1332 citi,cum
692 1266 852 1321 esset
871 1257 1180 1320 Romanus
1209 1258 1456 1338 quidem
1483 1260 2038 1338 genere,Agathan-

384 1348 554 1428 gelus
583 1357 780 1410 autem
815 1347 1080 1425 nomine,
1115 1348 1216 1409 hic
1242 1367 1362 1410 una
1417 1349 1653 1428 navigat
1683 1368 1817 1410 cum
1871 1368 2034 1411 mar—

385 1435 690 1518 tyre.Cum
725 1434 884 1497 enim
919 1437 1291 1516 pervenisset
1318 1437 1392 1500 ad
1425 1456 1636 1500 navem
1668 1437 1729 1498 in
1760 1457 1880 1517 qua
1909 1449 2036 1501 erat

383 1525 577 1590 Roma
627 1525 1069 1607 enavigaturus,
1104 1542 1165 1591 et
1203 1545 1338 1590 cum
1393 1532 1590 1591 nautis
1640 1547 1824 1610 pauca
1875 1539 2036 1592 esset

379 1615 737 1698 locutus,eis
765 1617 938 1679 facile
961 1617 1574 1699 persuadet,cumque
1604 1618 1827 1680 sensim
1860 1639 2036 1683 cons-

379 1707 711 1780 cendisset,
744 1708 808 1769 in
835 1707 1038 1789 aliqua
1069 1707 1200 1787 ejus
1230 1718 1399 1788 parte
1425 1708 1836 1771 delitescebat.
1871 1708 2033 1771 Deus

2127 545 2279 604 πόλει
2342 550 2408 606 τὰ
2467 551 2644 607 εἰκότα
2702 551 2799 606 καὶ
2851 551 3018 622 ἑαυτῷ
3081 550 3458 627 ἐπευξάμενος,
3493 553 3630 610 οὕτω
3674 555 3778 619 τῆς

2128 640 2258 701 νεὼς
2313 633 2480 707 ἐπέϐη
2536 642 2628 698 καὶ
2667 662 2762 697 του
2800 639 2934 697 πλοῦ
2976 639 3192 718 ἤρξατο.
3238 640 3485 723 Ἀλλαδτί
3511 645 3602 698 καὶ
3661 645 3783 716 περὶ

2126 727 2225 794 τήν
2311 737 2434 786 ναῦν
2518 733 2546 786 ὁ
2655 731 2814 808 σοφὸς
2899 732 3004 786 τιῦν
3085 730 3414 810 κυϐερνήτης
3501 733 3782 806 οἰκονομεῖ

2127 819 2254 882 Θεός
2299 841 2315 891 ;

2203 997 2347 1060 ΛΗ’.
2395 1001 2490 1056 Καὶ
2521 1001 2547 1053 ὁ
2601 1000 2853 1076 πρότερον
2883 1001 2944 1054 τὸ
2992 1001 3274 1077 μαρτύριον
3332 1000 3491 1074 μόνος
3521 1005 3627 1056 τῶν
3672 1001 3779 1055 ὑπὸ

2124 1091 2433 1164 Κλήμεντος
2491 1089 2544 1145 ἐν
2601 1091 2668 1166 τῇ
2737 1087 2946 1167 φυλακῇ
3013 1090 3406 1145 πιστευσάντων
3476 1087 3773 1167 διαφυγὼν,

2121 1180 2238 1256 περὶ
2299 1179 2358 1234 οὗ
2408 1179 2610 1256 φθάσας
2669 1182 2844 1256 μικρῷ
2897 1179 3119 1254 πρόσθεν
3179 1181 3206 1233 ὁ
3267 1177 3427 1256 λόγος
3471 1179 3771 1258 δπέσλετο,

2124 1260 2393 1342 Ῥωμαῖος
2454 1268 2553 1340 μὲν
2624 1267 2698 1323 ὢν
2757 1270 2816 1322 τὸ
2876 1269 3051 1345 γένος,
3111 1267 3511 1345 Ἀγαθαγγελος
3569 1265 3624 1322 δὲ
3673 1269 3774 1334 τὴν

2119 1356 2274 1424 λῆσιν
2310 1403 2326 1432 ,
2417 1357 2691 1432 σύμπλους
2780 1357 3000 1413 ἐνταῦθα
3083 1363 3150 1424 τῆ
3237 1359 3458 1435 μάρτυρι
3541 1357 3765 1434 γίνεται.

2121 1445 2448 1505 Καταλαῦὼν
2511 1448 2610 1525 γὰρ
2657 1449 2717 1502 τὸ
2749 1458 2942 1503 πλοῖον
2999 1444 3065 1500 δι’
3105 1447 3164 1501 οὗ
3220 1446 3315 1512 τῆς
3351 1437 3563 1519 Ῥώμης
3614 1449 3774 1514 αὑτὸς

2118 1534 2346 1591 ἐκωλεϊν
2401 1534 2618 1610 ἔμελλε,
2651 1536 2738 1590 καὶ
2787 1533 2942 1612 ὀλίγα
2994 1533 3336 1602 συλλαλήσας
3365 1546 3482 1598 τοῖς
3530 1535 3770 1609 ναύταις,

2116 1627 2278 1682 πείθει
2334 1623 2543 1702 ῥαδίως,
2579 1622 2743 1698 ἐμϐάς
2795 1643 2852 1679 τε
2909 1622 3082 1700 ἠρέμα
3126 1624 3262 1679 κατά
3306 1644 3355 1677 τι
3400 1621 3554 1699 πέρος
3614 1626 3777 1680 αὖτοῦ

2115 1714 2387 1772 λανθάνων
2420 1714 2730 1790 ἐκρύπτετο.
2767 1715 2894 1774 Θεὸς
2949 1713 3003 1768 δὲ
3032 1713 3097 1780 ἧν
3136 1712 3235 1789 ἄρα
3268 1714 3294 1766 ὁ
3353 1713 3437 1766 καὶ
3468 1715 3527 1766 τὸ
3577 1709 3775 1768 πλοῖον

379 1807 577 1862 autem
606 1798 736 1875 fuit,
773 1798 873 1879 qui
906 1805 966 1861 et
993 1815 1208 1860 navem
1241 1799 1506 1860 ostendit
1534 1799 2021 1880 Agathangelo,e4

2120 1804 2394 1870 ὑποδείξας
2456 1801 2858 1881 Ἀγαθαγγελῳ,
2918 1803 3013 1858 καί
3071 1802 3188 1864 τοὺς
3253 1799 3538 1879 πλωτῆρας
3584 1805 3772 1860 εὐπει-

379 1888 576 1953 eﬂ‘ecit
597 1898 665 1950 ut
693 1897 896 1951 essent
926 1888 982 1950 ei
1012 1897 1209 1950 nautae
1234 1887 1533 1963 faciles,et
1564 1891 1681 1949 cito
1707 1888 1933 1950 fuerint
1955 1888 2021 1953 ab

2112 1896 2228 1960 θεῖς
2263 1898 2408 1966 αὖτῷ
2452 1894 2537 1949 καὶ
2591 1907 2885 1970 προσηνεῖς
2917 1892 3301 1969 ἐργασάμενος.
3356 1889 3517 1947 Ἐπεί
3549 1887 3604 1948 δὲ
3665 1889 3768 1960 ἤδη

381 1997 453 2042 eo
478 1977 776 2061 persuasi.
811 1977 1128 2059 Postquam
1163 1987 1360 2039 autem
1384 1979 1510 2058 jam
1544 1986 1764 2056 martyr
1793 1997 2021 2061 quoque

2109 1987 2198 2041 καὶ
2254 1986 2282 2039 ὁ
2335 1984 2531 2060 μάρτυς
2577 1981 2734 2044 αὐτὸς
2791 1983 2926 2056 μετᾶ
2986 1986 3091 2036 τῶν
3143 1985 3486 2052 στρατιωτῶν
3541 1978 3765 2052 ἐπέστη,

376 2068 566 2132 adfuit
587 2070 716 2148 ipse
747 2086 882 2130 cum
912 2066 1227 2142 militibus,
1248 2075 1308 2129 et
1334 2085 1543 2129 navem
1577 2077 1716 2129 sunt
1745 2067 2023 2148 ingressi,

375 2160 678 2224 distabant
709 2177 743 2220 a
771 2164 936 2222 terra
956 2157 1118 2222 circa
1143 2158 1401 2219 ducenta
1416 2157 1844 2234 stadia,videns
1867 2160 2022 2237 Aga-

376 2248 695 2327 tbangelus
723 2248 946 2310 milites
978 2247 1226 2328 quidem
1258 2256 1318 2310 et
1346 2247 1507 2310 inter
1535 2267 1600 2311 se
1622 2257 1682 2310 et
1709 2252 1872 2311 circa
1912 2269 2021 2312 na-

371 2357 505 2403 vem
537 2358 674 2403 esse
705 2347 1054 2420 occupatos,
1078 2338 1269 2400 solum
1302 2355 1444 2400 vero
1475 2357 1712 2401 sacrum
1738 2337 2021 2401 Clemen-

373 2437 493 2494 tem
552 2448 826 2493 seorsum
875 2431 1066 2492 Deum
1117 2446 1314 2504 orare,
1346 2446 1381 2490 a
1430 2429 1674 2491 nemine
1702 2430 1862 2490 visus
1911 2448 2023 2492 nec

374 2522 826 2584 animadversus
872 2537 1058 2602 prope
1091 2539 1230 2582 eum
1279 2519 1550 2582 accedit:
1586 2539 1846 2596 cumque
1895 2521 2027 2600 ejus

377 2611 565 2694 pedes
597 2610 1108 2692 prebeudisset,et
1138 2611 1200 2672 in
1225 2612 1579 2672 memoriam
1613 2611 2025 2690 revocatejus,

376 2721 512 2785 quae
532 2703 594 2764 in
621 2701 894 2764 custodia
914 2701 1072 2763 facta
1095 2698 1613 2776 est,confessionis
1643 2708 1702 2761 et
1733 2700 1855 2762 dati
1877 2700 2022 2782 bapo

376 2793 658 2856 tismatis.
710 2791 944 2855 Deinde
976 2791 1154 2853 etiam
1187 2798 1418 2865 narrat,
1451 2789 1758 2868 quomodo
1789 2807 1826 2853 e
1860 2791 2022 2854 caede

377 2883 678 2962 effugerit,
712 2890 771 2942 et
801 2881 1312 2960 quemadmodum
1366 2880 1530 2960 prius
1559 2881 1803 2941 sciverit
1853 2879 2020 2941 navi-

373 2971 561 3051 gium,
597 2977 660 3034 et
705 2969 1216 3051 quemadmodum
1247 2975 1367 3031 sint
1421 2969 1748 3048 ingressus,
1784 2975 1844 3030 et
1868 2987 2019 3049 queo

371 3058 757 3122 madmodum
789 3059 852 3120 in
884 3079 955 3120 eo
987 3059 1315 3122 delituerit.

2109 2075 2197 2130 καὶ
2258 2078 2356 2140 τῆς
2413 2073 2543 2134 νεὼς
2576 2072 2712 2128 εἴσω
2770 2072 3080 2150 γεγόνασιν,
3116 2070 3359 2146 ἂπέσγον
3416 2089 3474 2125 τε
3508 2073 3605 2135 τῆς
3664 2069 3767 2146 γῆς

2109 2163 2230 2220 ὅσον
2291 2161 2524 2224 σταδίους
2585 2161 2900 2234 διακοσίους,
2960 2164 2988 2217 ὁ
3044 2158 3440 2237 Ἀγαθάγγελος
3485 2159 3605 2224 τοὺς
3661 2159 3762 2231 μὲν

2106 2255 2435 2332 στρατιώτας
2493 2251 2614 2329 περί
2665 2273 2722 2308 τε
2767 2257 2900 2331 σφᾶς
2956 2250 3141 2310 αὐτοὺς
3189 2251 3275 2306 καὶ
3332 2249 3432 2315 τὴν
3474 2257 3598 2305 ναῦν
3647 2248 3762 2304 ἀπ-

2105 2342 2519 2424 ησχολημὲνους
2575 2340 2721 2421 ἰδὼν,
2791 2341 2954 2415 μόνον
3010 2339 3063 2395 δὲ
3127 2342 3219 2396 τὸν
3287 2340 3429 2416 ἱερὸν
3477 2337 3764 2413 Κλήμεντπ

2105 2437 2538 2514 προσευχόμενον
2624 2432 2930 2506 καταμόνας
3019 2437 3171 2507 Θεῷ,
3261 2433 3437 2485 πᾶσαν
3519 2427 3763 2506 ὀφθαλῶν

2107 2524 2357 2591 αἴσθησιν
2411 2523 2614 2598 κλέψας
2662 2520 2889 2587 πλησίον
2942 2519 3144 2577 ἐκείνω
3189 2519 3412 2596 γίνεται,
3461 2521 3548 2573 καὶ
3591 2514 3764 2573 λαϐό-

2108 2637 2269 2691 μελος
2331 2618 2487 2672 αὐτοῦ
2527 2619 2633 2668 τῶν
2709 2609 2908 2688 ποδῶν,
2967 2615 3065 2676 τῆς
3139 2612 3163 2664 'e
3221 2614 3288 2683 τῇ
3344 2611 3556 2686 φυλακῇ
3607 2607 3768 2663 αὺτὸν

2109 2703 2396 2783 ὁμολογίας
2458 2702 2852 2776 ἀναμιμνήσκει
2904 2701 2994 2755 καὶ
3037 2706 3131 2755 τοῦ
3174 2698 3568 2774 βαπτίσματος’
3637 2696 3766 2751 εἶτα

2108 2796 2195 2850 καὶ
2258 2792 2353 2860 τὴν
2409 2791 2469 2848 ἐκ
2527 2792 2625 2855 τῆς
2671 2794 2883 2866 σφαγῆς
2947 2787 3119 2866 φυγὴν
3171 2785 3466 2863 διηγεῖται,
3513 2783 3659 2844 ὅπως
3705 2803 3763 2840 τε

2105 2883 2362 2961 προγνοίη
2425 2883 2487 2937 τὸ
2560 2879 2777 2952 πλοῖον,
2839 2881 2983 2942 ὃπως
3027 2898 3084 2934 τε
3156 2875 3320 2949 ἔλθοι,
3367 2877 3455 2932 καὶ
3509 2874 3654 2938 ὅπως
3703 2873 3759 2928 ἑν

2108 2975 2248 3047 αὐτῷ
2277 2974 2554 3052 κρὸπτοιο.

453 3149 724 3213 XXXIX.
756 3147 974 3228 Martyr
1003 3154 1200 3209 autem
1229 3147 1556 3228 (quomodo
1585 3147 1747 3209 enim
1799 3165 1905 3227 par
1934 3153 2021 3209 est

2178 3155 2317 3215 ae'.
2355 3157 2416 3210 Ὀ
2451 3151 2646 3229 μάρτυς
2700 3151 2871 3208 τοίνυν
2933 3148 3048 3230 (καὶ
3103 3150 3152 3206 τί
3207 3149 3306 3227 γὰρ
3357 3146 3418 3204 ἂν
3475 3147 3632 3207 αὑτὸν
3660 3146 3759 3204 οὐκ

371 3258 508 3302 eum
538 3239 725 3300 fuisse
745 3239 1047 3312 affectum,
1072 3256 1208 3299 cum
1241 3237 1477 3316 agnovit
1505 3237 1975 3316 Agathangelum
2000 3236 2021 3298 i

2109 3247 2250 3309 εἰκὸς
2308 3245 2499 3300 παθεῖν
2552 3238 2834 3318 ἐπιγνόντα
2883 3241 2975 3296 τὸν
3020 3234 3471 3316 ’Λγαθάγγελον;
3531 3235 3596 3302 ἦν
3653 3236 3756 3313 γὰρ

369 3329 510 3393 Erat
539 3333 703 3392 enim
753 3335 978 3407 primus
1009 3348 1078 3390 ex
1109 3327 1186 3390 iis
1215 3327 1316 3407 qui
1347 3332 1489 3388 tunc
1521 3325 1594 3388 ab
1623 3344 1694 3388 eo
1723 3325 1891 3389 fuere
1921 3325 2021 3388 ba-

2109 3338 2192 3396 καὶ
2248 3341 2458 3410 πρῶτος
2485 3333 2591 3386 τῶν
2634 3327 2721 3386 ὑπ’
2779 3329 2938 3386 αὖτοῦ
2966 3337 3258 3396 τηνικαῦτα
3313 3323 3754 3402 βαπτισαμένων)

369 3421 591 3500 ptizati)
652 3418 967 3495 salutabat,
1023 3417 1520 3498 amplectebatur,
1575 3416 1832 3494 benigne
1882 3435 2018 3478 eum

2109 3426 2396 3503 ἠσπάζετο,
2472 3419 2912 3494 περιεπτόσσετο,
2987 3425 3266 3496 προσηνῶς
3353 3415 3521 3474 αὐτῶν
3591 3436 3753 3493 περι-

365 3508 809 3588 alloquebatur,
843 3517 1048 3591 aperte
1104 3526 1224 3590 prae
1270 3527 1336 3570 se
1382 3508 1634 3582 ferebat,
1671 3524 1735 3568 se
1791 3506 2019 3571 viscera

2109 3515 2312 3588 ἐϐολλε,
2375 3509 2540 3579 δῆλος
2611 3512 2678 3578 ἧν
2734 3506 2930 3577 ἡδονῆς
3002 3504 3086 3564 ἐπ’
3159 3509 3302 3579 αὐτῷ
3361 3513 3624 3585 πατρικῆς
3683 3506 3752 3561 τὰ

370 3599 596 3662 habere
628 3609 880 3679 paterno
910 3599 1136 3661 refecta
1161 3598 1402 3678 gaudio.
1437 3598 1671 3660 Deinde
1699 3599 1875 3660 etiam
1899 3617 2013 3661 cm-

372 3691 458 3771 pit
507 3696 737 3772 precari
785 3688 1221 3764 vehementius,
1253 3688 1469 3770 partim
1502 3687 1746 3769 quidem
1798 3687 2018 3768 gratias

366 3799 550 3861 agens
585 3800 694 3859 pro
724 3778 1159 3860 Agathangelo,
1195 3787 1252 3840 οι
1271 3776 1458 3840 verba
1487 3797 1621 3858 quae
1644 3779 1830 3839 animi
1859 3778 2016 3840 lati-

366 3871 506 3934 tiam
537 3871 955 3951 significabant
1007 3870 1303 3944 offerens;
1352 3869 1564 3947 partim
1596 3877 1791 3930 autem
1826 3867 2015 3930 Deum

365 3979 605 4043 quoque
652 3962 959 4033 invocans,
995 3967 1060 4020 ut
1088 3959 1174 4020 illi
1222 3958 1406 4019 ferret
1451 3957 1764 4038 auxilium,
1802 3965 1862 4019 et
1909 3976 2014 4019 ro-

363 4069 536 4129 gans,
569 4059 635 4111 ut
666 4050 716 4110 is
750 4058 910 4111 esset
937 4048 1054 4109 sibi
1085 4047 1284 4108 socius
1315 4047 1728 4110 confessionis:
1757 4048 1880 4126 Ago
1903 4045 2013 4108 tibi

364 4138 866 4220 gratias,Domine
899 4141 1042 4199 Jesu
1072 4139 1330 4212 Christe,
1365 4136 1596 4211 dicens,
1633 4137 1734 4216 qui
1767 4136 1915 4197 mihi
1945 4155 2012 4199 es

364 4229 489 4290 sola
541 4235 601 4290 et
629 4227 807 4290 unica
853 4227 1181 4289 consolatio
1233 4235 1292 4288 et
1347 4226 1664 4299 auxilium,
1701 4227 1858 4306 quod
1915 4244 2011 4288 me

363 4337 559 4400 neque
610 4319 670 4379 in
703 4326 882 4391 terra,
920 4335 1119 4394 neque
1178 4317 1240 4378 in
1290 4317 1440 4379 mari
1471 4317 1775 4396 relinquas
1827 4335 1860 4377 a
1909 4324 2008 4378 tuo

363 4409 676 4472 desertum
709 4407 954 4481 auxilio,
991 4407 1096 4469 sed
1131 4425 1228 4468 me
1260 4425 1370 4487 per
1399 4415 1577 4469 totam
1609 4407 1760 4468 viam
1792 4406 2006 4469 defen-

2100 3606 2391 3685 σπλάγχνα
2434 3601 2830 3680 πληρούμενος.
2864 3597 3094 3655 Ἔπειτα
3126 3595 3222 3654 καὶ
3273 3599 3372 3663 τῆς
3402 3597 3583 3685 εὒχῆςᾲ
3624 3597 3753 3673 θερ-

2101 3683 2328 3773 μότερον
2386 3692 2600 3772 ε’ίχετο,
2656 3698 2812 3748 τοῦτο
2857 3688 2954 3764 μὲν
3011 3691 3342 3766 εὐχαριστῶν
3399 3686 3528 3762 ὑπὲρ
3571 3683 3753 3762 Ἀγα-

2098 3785 2358 3865 θαγγέλου
2393 3783 2486 3839 καῖ
2539 3784 2722 3860 ψυχῆς
2781 3779 3106 3853 εὖθυμούσης
3158 3778 3444 3854 προσάγων
3497 3775 3746 3865 ῥήματα,

2099 3863 2253 3934 τοῦτο
2303 3873 2476 3932 δὲκαὶ
2529 3873 2659 3928 Θεὸν
2704 3870 2778 3934 εὶς
2837 3869 3151 3948 συμμαχίαν
3206 3865 3392 3938 ἐκείνῳ
3421 3863 3623 3945 καλῶν,
3660 3863 3754 3921 καὶ

2096 3969 2188 4023 τὸν
2251 3963 2412 4043 ἄνδρα
2471 3961 2723 4020 κοινωνὸν
2773 3960 2947 4034 ἑαυτῷ
2983 3958 3225 4037 γενέσθαι
3281 3958 3381 4023 τῆς
3442 3953 3746 4033 ὁμολογίας

2096 4055 2416 4135 εὐχόμενος,
2496 4050 2810 4130 Εὐχαριστῷ
2872 4071 2977 4122 σοι,
3054 4048 3204 4126 Κύριε
3277 4047 3455 4113 Ἰησοῦ
3525 4045 3746 4135 ξριστὲ,

2094 4133 2359 4223 λέγων,ἦ
2415 4141 2554 4217 μόνη
2612 4141 2698 4195 καὶ
2757 4138 2851 4214 μία
2905 4135 3241 4214 παράκλησις
3287 4136 3405 4211 ἐμοὶ
3463 4133 3558 4191 καί
3601 4134 3744 4211 βοή-

2092 4238 2231 4308 θεια,
2286 4233 2368 4290 ὅτι
2429 4253 2494 4306 με
2555 4230 2692 4305 μήτε
2749 4227 2886 4284 κατᾶ
2942 4227 3042 4304 γῆν
3087 4227 3225 4295 μήτε
3281 4225 3418 4282 κατὰ
3471 4223 3743 4281 θάλασσαν

2093 4323 2293 4403 ἔρημον
2346 4327 2442 4388 τῆν
2471 4325 2571 4385 σῆς
2615 4318 2861 4394 βοηθείας
2919 4315 3354 4394 καταλιμπάνῃς,
3387 4312 3506 4371 ἀλλ’
3536 4313 3592 4369 ἐν
3635 4311 3744 4387 ὁδῷ

2091 4414 2238 4490 πάσῃ
2293 4406 2677 4471 συναντελάϐου
2707 4410 2796 4464 καὶ
2845 4407 3144 4485 προηγήσω
3203 4427 3318 4484 μοι,
3350 4405 3439 4461 καὶ
3489 4425 3738 4469 πεπονη-

361 4499 530 4596 deris
581 4507 642 4561 et
699 4497 1048 4596 deduxeris,
1085 4506 1144 4560 et
1200 4515 1397 4559 meum
1431 4497 1650 4596 labore
1697 4497 2004 4560 defessum

2109 4505 2248 4560 ιυῐάν
2318 4524 2420 4578 μου
2470 4501 2570 4566 τὴν
2629 4498 2813 4577 ψυχὴν
2858 4496 3165 4565 ἁνεκτώσω,
3230 4494 3534 4574 παρήγορος
3605 4495 3742 4569 αὐτῇ

360 4587 624 4651 animum
656 4589 1025 4650 recreaveris
1059 4606 1130 4650 eo
1149 4607 1328 4668 quem
1361 4588 1479 4649 scis
1507 4588 1683 4648 modo
1714 4590 1845 4668 ejus
1863 4606 2006 4648 con-

2109 4595 2284 4674 τρόπον
2311 4591 2372 4648 ὃν
2416 4590 2570 4653 αὐτὸς
2621 4586 2770 4650 οἶδας
2802 4587 3106 4663 γινόμενος.
3141 4583 3274 4642 ’ἰδοὺ
3321 4585 3422 4664 γὰρ
3450 4582 3550 4641 καί
3579 4590 3740 4640 τανῦν

359 4677 582 4740 solator
605 4677 874 4740 effectus.
907 4677 1060 4740 Ecce
1091 4677 1251 4740 enim
1302 4696 1464 4740 nunc
1493 4697 1732 4758 quoque
1761 4677 1821 4738 in
1854 4676 2004 4740 mari

359 4769 420 4830 in
445 4766 856 4847 Agathangelo
891 4769 1050 4830 bono
1074 4786 1206 4830 meo
1227 4768 1410 4830 fratre
1443 4766 1588 4829 mihi
1620 4785 1684 4828 es
1706 4767 1998 4846 cognitus,

356 4855 459 4939 qui
488 4857 579 4919 vel
613 4857 762 4919 mihi
787 4876 860 4920 ex
889 4858 1018 4938 ipso
1050 4857 1294 4919 nomine
1323 4866 1487 4919 tuum
1543 4857 1800 4938 spondet
1829 4858 2003 4920 auxi-

353 4946 527 5022 lium,
561 4955 628 5009 ut
658 4947 761 5028 qui
790 4947 1262 5029 Agathangelus,
1296 4947 1356 5008 id
1389 4956 1499 5020 est,
1533 4945 1827 5009 bonorum
1854 4966 2005 5009 nun-

356 5038 494 5116 tius,
531 5048 594 5100 et
644 5038 722 5102 sit
751 5046 808 5100 et
839 5037 1093 5101 dicatur.
1130 5038 1246 5101 Sed
1278 5037 1334 5100 ei
1375 5056 1611 5119 quoque
1642 5039 1936 5116 concede,
1967 5058 2002 5100 ο

351 5147 460 5193 rex
505 5128 765 5206 Christe,
801 5137 864 5191 ut
895 5129 966 5191 ad
1006 5130 1186 5192 finem
1218 5137 1380 5192 tuam
1436 5128 1694 5192 deducat
1722 5129 2003 5193 volunta-

355 5227 503 5291 tem,
555 5228 620 5283 et
663 5219 925 5299 glorifica
982 5219 1180 5300 ipsum
1230 5229 1334 5282 tua
1381 5218 1786 5296 confessione,
1838 5229 1904 5282 ut
1940 5227 2002 5282 tu

352 5327 595 5392 quoque
628 5328 833 5372 rursus
863 5310 924 5371 in
959 5309 1090 5391 ipso
1133 5309 1515 5389 glorificeris.

427 5397 662 5463 XL.II|e
682 5417 819 5478 argo
845 5419 978 5462 cum
1013 5400 1423 5480 Agathangelo
1451 5399 1538 5462 sic
1567 5399 1667 5462 diu
1701 5409 2002 5483 noctuque

2085 4685 2138 4741 ἂν
2168 4682 2408 4757 θαλάσσῃ
2468 4679 2521 4736 ἐν
2599 4675 2976 4756 Ἀγαθαγγέλῳ
3032 4681 3110 4748 τῷ
3164 4675 3339 4749 πιστῷ
3396 4674 3573 4747 τούτῳ
3637 4695 3732 4747 μοι

2085 4772 2296 4851 ἀδελγῷ
2353 4770 2699 4849 ἐγνωρὶσθης,
2733 4767 2791 4830 ὃς
2823 4767 2907 4822 καὶ
2959 4764 3055 4822 ἀπ’
3084 4764 3245 4833 αὐτῆς
3303 4787 3395 4841 μοι
3441 4767 3538 4832 τῆς
3589 4761 3738 4834 κλή-

2085 4884 2220 4927 σεως
2252 4862 2350 4930 τὴν
2389 4861 2532 4938 παρὰ
2577 4865 2670 4917 σοῦ
2724 4863 3001 4914 πιστοῦται
3052 4856 3323 4932 βοήθειαν,
3358 4854 3572 4932 ἀγαθῶν
3627 4852 3734 4931 ἅγ-

2086 4952 2245 5032 γελος
2278 4955 2374 5008 καὶ
2433 4948 2722 5028 γενόμενος
2776 4947 2864 5004 καὶ
2915 4947 3261 5022 καλούμενος.
3325 4943 3496 5001 Ἀλλᾶ
3551 4944 3739 5020 παρά-

2088 5065 2226 5123 σχου
2274 5042 2360 5098 καὶ
2399 5041 2565 5119 αὐτῷ,
2623 5038 2813 5115 Χριστὲ
2865 5034 3107 5114 βασιλεῦ,
3154 5037 3215 5091 τὸ
3286 5035 3378 5090 σὸν
3433 5034 3510 5123 εἷς
3573 5032 3738 5104 πέρας

2087 5112 2313 5212 ἀγαγεῖν
2372 5112 2604 5210 θέλημα,
2640 5112 2728 5186 καὶ
2758 5112 2974 5193 δόξασον
3017 5126 3172 5185 αὐτὸν
3206 5130 3274 5202 τῇ
3329 5121 3590 5202 ὁμολογίᾳ
3617 5131 3739 5203 σοῦ,

2083 5226 2174 5281 ’ἱνα
2204 5223 2292 5281 καὶ
2320 5223 2384 5278 σὸ
2418 5219 2577 5278 πᾶλιν
2601 5219 2654 5275 ἐν
2687 5219 2830 5293 αὖτῷ
2861 5214 3142 5283 δοξασθῆς.

2165 5402 2235 5459 Μ’
2250 5449 2264 5464 .
2322 5390 2382 5460 Ὀ
2412 5401 2510 5477 μὲν
2564 5402 2652 5458 οὗν
2683 5396 2822 5454 οὕτω
2853 5395 2944 5452 σὺν
2989 5391 3373 5475 Ἀγαθαγγὲλῳ
3404 5393 3590 5458 νυκτὸς
3634 5396 3736 5451 καὶ

349 5488 732 5570 precabatur,
758 5489 959 5552 cibum
993 5491 1234 5572 quidem
1280 5508 1400 5552 non
1430 5507 1698 5566 sumens,
1733 5509 1870 5552 nam
1921 5510 1999 5554 ne

2109 5493 2279 5574 ιμέρας
2338 5491 2638 5571 εὐχόμενος
2701 5489 2786 5562 ἦν,
2845 5487 3052 5568 τροφὴν
3107 5485 3208 5563 μὶν
3259 5486 3320 5542 οὔ
3375 5483 3732 5574 προσιέμενος

351 5578 650 5644 niminum
673 5580 921 5662 quidem
952 5579 1041 5645 eis
1060 5579 1181 5644 cibi
1203 5599 1454 5662 usquam
1477 5580 1705 5660 aderat,
1730 5589 1796 5644 ut
1821 5582 1996 5663 cujus

2109 5573 2195 5644 mi
2244 5583 2347 5664 γὰρ
2377 5579 2493 5642 οὐδὲ
2550 5582 2790 5662 βραχεῖα
2817 5599 2895 5647 τις
2953 5575 3138 5644 αὐτοῖς
3179 5581 3425 5657 παροῦσα
3468 5573 3736 5654 ἐτύγχανὰ
