4054 6204
273 361 397 426 849

272 502 433 556 ποθεν

280 546 455 579 ’“”“⁷”
508 546 566 567 ’θ’
625 546 737 556 ⁷⁷⁷⁷
802 546 936 571 "'1'—
991 546 1073 565 “’¹’
1104 546 1246 577 “VA.”
1266 546 1278 555 '
1315 546 1547 573 ”Γ”“Ἷ”
1566 546 1578 552 ’
1643 546 1778 561 '"w‘
1850 546 1909 567 ’Τ

277 587 581 665 Κλήμεντι)
615 607 629 623 ⁸
667 588 758 644 τὸν
819 587 991 658 ζῶντα
1034 586 1089 643 δὲ
1132 586 1287 665 ἄρτον
1316 588 1371 644 ἐν
1414 594 1481 666 τῇ
1510 586 1696 667 καρδίᾳ
1724 586 1816 643 καί
1854 586 1916 642 τὸ

274 676 417 756 ὕδωρ
475 677 652 735 ἐκεῖνο
707 679 768 733 τὸ
825 683 931 748 ζῶν
996 676 1238 756 ἔχοντες,
1292 678 1381 735 καὶ
1440 680 1653 741 τούτοις
1704 678 1917 756 ἀφανῶς

270 768 589 847 τρεφόμενοί
642 788 700 824 τε
760 769 846 823 καὶ
890 768 1256 841 ποτιζόμενοι.
1318 766 1754 838 Κατελεήσαντες
1796 787 1917 821 τοι-

270 866 469 934 γαροῦν
528 856 714 920 αὖτοὺς
764 861 864 923 τῆς
915 854 1122 922 πολλῆς
1153 856 1359 923 ἐκείνης
1390 858 1466 932 τῷ
1498 855 1679 913 δοκεῖν
1710 855 1917 917 ἀσιτίας

269 950 319 1004 oi
369 952 714 1024 στρατιῶται,
766 949 856 1002 καὶ
894 946 991 1009 τὰς
1034 947 1218 1026 ψυχὰς
1275 950 1565 1011 συμπαθῶς
1623 968 1680 1003 τε
1730 949 1915 1007 αὖτοϊς

272 1038 364 1093 καὶ
422 1035 806 1118 φιλανθρώπως
868 1033 1213 1110 διατεθέντες,
1248 1035 1566 1111 μεταδοῦναι
1617 1037 1916 1116 βρωμάτων

268 1126 459 1190 αδτοϊς
519 1125 829 1205 ἐπειρῶντο.
897 1129 957 1184 Οἱ
1006 1123 1061 1181 δὲ
1106 1127 1228 1192 τοὺς
1267 1127 1595 1204 στρατιώτας
1657 1127 1755 1199 μὲν
1815 1130 1915 1192 τῆς

267 1215 633 1294 προαιρέσεως
694 1214 1047 1296 ἀπεδέχοντο,
1079 1215 1179 1284 τῆν
1207 1217 1410 1297 τροφὴν
1449 1216 1504 1273 δὲ
1535 1217 1631 1273 οὒκ
1661 1213 1917 1296 ἐδέχοντο

266 1305 468 1363 ἄνωθεν
511 1308 655 1385 παρὰ
714 1313 807 1362 τοῦ
866 1312 999 1362 Θεοῦ
1055 1306 1221 1373 αῦτήν
1280 1304 1596 1387 ἐκδέχεσθαι
1639 1305 1911 1383 λέγοντες,

262 1382 434 1473 ῃοπερ
490 1398 540 1452 οἱ
585 1382 681 1472 μὲν
740 1395 949 1475 ἔλεγον,
986 1397 1117 1459 Θεὸς
1167 1393 1222 1452 δὲ
1265 1398 1341 1461 εἷς
1385 1382 1537 1473 ἔργον
1586 1382 1766 1472 ἐξῆγε,
1826 1395 1919 1451 καὶ

264 1490 389 1563 περὶ
417 1485 519 1552 τὴν
550 1487 769 1565 πρώτην
803 1484 1045 1562 φυλακὴν
1088 1486 1185 1553 τῆς
1230 1487 1442 1559 νυκτὸς,
1501 1484 1715 1563 οὖρανία
1744 1485 1915 1562 τροφὴ

262 1589 387 1640 τοῖς
419 1573 641 1639 δικαίοις
677 1574 782 1632 ὑπό
811 1595 958 1639 τινος
1017 1572 1215 1631 ἄνωθεν
1255 1575 1583 1656 ἐχορηγεῖτο
1612 1573 1912 1653 δυνάμεως,

262 1667 356 1723 καὶ
384 1664 630 1743 ἀγγέλων
660 1665 803 1743 ἄρτῳ
831 1664 1114 1743 ἐτρέφοντο
1147 1664 1441 1743 ἂνθρωποι.

350 1755 487 1815 MA’.
534 1756 737 1836 Συχναὶ
769 1762 892 1832 γοῦν
920 1752 1207 1830 ετρίὸησαν
1240 1758 1424 1819 αὐτοῖς
1450 1756 1591 1813 κατὰ
1621 1757 1714 1812 τὸν
1749 1754 1915 1813 πλοῦν

1334 362 1517 425 νίιΤΑ
1562 363 1621 423 S.
1674 358 2111 425 CLEMENTIS
2152 360 2576 425 ANCYRANI.

501 499 566 567 ἧς
623 497 737 556 οὑδὲ
798 498 936 571 παρὰ
978 499 1079 565 τὴν
1103 498 1282 577 ἀρχὴν
1315 497 1582 573 ἐμέλησεν
1640 498 1781 561 ὅλως
1836 498 1903 567 τῷ

1997 491 2278 555 Clemens
2311 493 2541 557 nullam
2565 509 2767 554 curam
2802 491 3090 571 gessisset
3122 492 3368 555 omnino
3395 508 3410 556 :
3444 492 3641 556 vivum

3528 357 3649 426 850

1999 590 2198 643 autem
2235 601 2446 663 panem
2479 582 2542 645 in
2574 580 2757 645 corde
2789 589 2848 643 et
2876 581 3061 643 vivam
3090 582 3252 646 illam
3284 601 3499 665 aquam
3525 584 3640 648 ha-

2001 670 2234 745 bentes,
2273 672 2490 753 quibus
2540 672 2797 735 obscure
2826 671 3142 734 alebantur
3166 681 3225 734 et
3254 672 3638 753 putabantur.

1999 759 2303 824 Diuturnm
2337 779 2475 840 ergo
2507 762 2770 839 illorum,
2805 768 2870 823 ut
2899 760 3240 836 videbatur,
3273 761 3496 825 inediae
3517 764 3636 825 mi-

2001 850 2148 911 serti
2181 848 2401 911 milites
2431 852 2696 931 motique
2752 848 2981 924 animo,
3016 848 3400 930 benigneque
3430 862 3487 914 et
3520 851 3639 916 hu-

1998 956 2174 1000 mane
2203 939 2265 1001 in
2297 957 2401 1001 eos
2430 941 2643 1021 affecti,
2699 958 2805 1002 eos
2826 939 2973 1002 cibis
3004 939 3283 1003 volebant
3310 941 3630 1022 impertiri.

1995 1027 2090 1091 Illi
2122 1037 2320 1091 autem
2356 1028 2677 1095 laudabant
2707 1029 2949 1109 quidem
2982 1029 3205 1093 bonum
3223 1031 3480 1092 militum
3512 1034 3641 1095 ani-

1999 1137 2182 1192 mum,
2218 1119 2420 1181 cibum
2482 1138 2619 1183 vero
2671 1138 2792 1181 non
2823 1120 3227 1201 accipiebant,
3264 1121 3540 1184 dicentes
3572 1141 3639 1186 se

2000 1229 2137 1273 eum
2170 1210 2435 1291 desuper
2463 1228 2497 1271 a
2532 1212 2654 1273 Deo
2686 1210 2988 1289 accipere.
3020 1209 3190 1283 Quod
3219 1217 3413 1275 autem
3440 1212 3526 1274 illi
3549 1213 3639 1275 di.

2000 1299 2238 1373 cebant,
2272 1298 2429 1362 Deus
2459 1299 2739 1361 eil‘ectum
2776 1298 3061 1376 reddidit,
3097 1307 3156 1362 et
3186 1300 3348 1363 circa
3382 1301 3635 1382 primam

1999 1389 2192 1452 noctis
2220 1388 2576 1466 custodiam,
2607 1391 2851 1453 cmleste
2900 1389 3253 1454 alimentum
3276 1391 3457 1472 justis
3485 1411 3636 1475 sup-

2000 1478 2398 1562 peditabatur,
2464 1487 2523 1542 et
2589 1497 2742 1561 pane
2798 1482 3145 1559 angelorum
3214 1481 3639 1547 nutriebantur

1998 1569 2295 1633 homines.

2076 1746 2222 1811 XLI.
2260 1748 2423 1811 Multi
2461 1766 2600 1812 vero
2642 1749 2773 1812 dies
2805 1752 3147 1833 consumpti
3177 1762 3321 1815 sunt
3348 1751 3423 1816 ab
3453 1752 3539 1817 eis
3570 1754 3633 1818 in

260 1847 487 1925 ἡμέραι,
520 1848 607 1902 καὶ
649 1846 724 1909 εἰς
758 1848 855 1913 τὴν
902 1836 1080 1902 Ῥόδον
1108 1845 1504 1925 κατασχόντες,
1550 1846 1597 1900 oi
1631 1845 1729 1917 μὲν
1759 1843 1903 1900 ἄλλοι

1998 1838 2329 1918 navigando
2359 1856 2372 1900 :
2408 1846 2466 1901 et
2496 1857 2627 1901 cum
2661 1838 2939 1902 Rhodum
2963 1842 3359 1924 appulissent,
3385 1843 3485 1905 alii
3507 1845 3634 1925 qui-

260 1938 462 1998 πάντες
519 1935 916 1993 ἐπισιτίσασθαι
983 1933 1337 2012 βουληθέντες
1398 1937 1493 1991 τοῦ
1553 1934 1743 1993 πλοίου
1798 1934 1911 1991 ἆπ-

260 2023 489 2098 ἔϐησαν,
536 2036 653 2087 τοῖς
705 2023 758 2081 δέ
808 2046 870 2102 γε
915 2025 1160 2105 φυλακῆς
1205 2025 1366 2104 χάριν
1403 2029 1508 2081 τῶν
1567 2024 1733 2104 ἁγίων
1774 2026 1912 2080 ὑπο-

261 2115 526 2196 λειφθεῖσι
576 2115 924 2196 προσέκειντο
972 2115 1322 2193 λιπαροῦντες
1367 2114 1513 2172 αὐτοὶ
1568 2114 1657 2171 καὶ
1715 2113 1910 2188 δεόμε-

261 2227 367 2275 νοι,
413 2204 610 2270 ἐξεῖναί
648 2225 706 2260 τε
752 2207 939 2269 αὐτοῖς
986 2211 1051 2279 τῇ
1095 2204 1202 2261 τῶν
1263 2203 1593 2278 Χριστιανῶν
1650 2201 1912 2276 ἱκκλησίᾳ

258 2293 621 2371 παραϐαλεῖν,
681 2296 770 2350 καί
829 2298 933 2351 τῶν
1006 2294 1294 2373 ἆλράντων
1343 2306 1649 2374 μετασχεῖν
1693 2315 1907 2368 μυστη-

258 2384 412 2461 ρίων.
446 2384 683 2459 Κυριακῆ
720 2384 823 2458 μὲν
874 2386 965 2439 οὗν
1006 2390 1298 2453 τηνικαῦτα
1342 2382 1516 2461 ἡμέρα
1573 2382 1761 2461 ἤγετο,
1820 2382 1909 2439 καὶ

259 2474 474 2536 πέντες
512 2472 627 2529 ὅσοι
686 2475 823 2530 κατὰ
877 2473 976 2542 τήν
1034 2478 1200 2541 νῆσον
1246 2473 1550 2552 Χριστιανοὶ
1603 2471 1797 2553 (δλίγοι
1851 2469 1908 2527 δὲ

259 2562 429 2642 οῦτοι)
490 2566 625 2640 πρὸς
686 2566 779 2620 τὸν
839 2565 964 2621 ναὸν
1022 2564 1366 2644 συνέτρεχον,
1429 2563 1642 2620 Τούτων
1713 2560 1770 2618 δέ
1826 2582 1907 2624 τις

257 2651 491 2729 ἀκριϐῶς
545 2651 689 2716 ὅπως
718 2654 849 2733 εἶχε
883 2655 949 2711 τὰ
981 2655 1117 2710 κατὰ
1156 2654 1280 2718 τοὺς
1324 2653 1506 2731 ἁγίους
1537 2653 1741 2726 μαθὼν,
1790 2674 1905 2726 μη-

256 2742 372 2798 νύει
435 2744 609 2799 πάντα
666 2749 745 2818 τῷ
801 2750 901 2811 τῆς
964 2736 1143 2802 Ῥόδου
1196 2742 1454 2823 προεδρυρ,
1510 2743 1780 2806 Φωτεινὸς
1831 2747 1907 2810 τῷ

258 2831 536 2903 ἐπισκόπῳ
592 2832 785 2906 ὄνομα.
838 2833 1098 2895 Κάκεῖνος
1163 2832 1312 2889 οῦδὲν
1372 2831 1449 2888 ἔτι
1509 2829 1901 2909 διαμελλήσας,

259 2919 585 2998 παραλαϐὼν
675 2923 864 2978 αὐτίκα
954 2920 1101 2995 μάλα
1179 2922 1407 3000 συχνοὺς
1467 2928 1571 2977 τῶν
1626 2920 1903 2996 παρόντων

263 3016 618 3087 Χριστιαθῶν,
654 3012 728 3075 εἰς
766 3012 856 3067 τὸν
901 3010 1144 3088 αἰγιαλὸν
1174 3011 1502 3090 ἀφικνεῖται,
1537 3016 1583 3084 ᾧ
1612 3033 1673 3089 γε
1715 3012 1751 3079 ἦ
1780 3011 1903 3073 τοὺς

256 3101 438 3176 ἁγίους
469 3099 672 3181 ἔχουσα
704 3110 826 3165 ναῦς
878 3103 1302 3177 προσωρμίζετο,
1349 3101 1435 3157 καὶ
1478 3100 1642 3165 πολὺς
1687 3104 1754 3168 ἦν
1799 3106 1904 3155 τῶν

1994 1927 2131 1990 dem
2156 1947 2366 1991 omnes
2415 1947 2449 1991 e
2498 1929 2633 1991 navi
2683 1930 3130 1994 descenderunt
3146 1932 3218 1994 ad
3243 1933 3635 2014 querendum

1994 2026 2414 2099 commeatum;
2447 2018 2539 2081 eis
2598 2028 2823 2095 autem,
2872 2021 2973 2101 qui
3026 2021 3222 2083 relicti
3256 2022 3498 2087 fuerant
3529 2041 3637 2103 pro

1996 2108 2269 2170 custodia
2290 2109 2971 2185 sanctorum,iustabant
2999 2110 3117 2192 ipsi
3134 2113 3524 2175 vehementer
3546 2131 3646 2175 ro-

1996 2207 2203 2278 gantes
2228 2207 2283 2259 et
2318 2206 2654 2278 orantes,ut
2676 2200 2887 2262 liceret
2908 2198 2997 2262 eis
3019 2201 3310 2264 accedere
3331 2202 3406 2264 ad
3434 2203 3637 2266 eccle-

1993 2286 2141 2348 siam
2179 2287 2749 2365 Christianorum,et
2777 2308 2911 2351 esse
2931 2289 3424 2354 intemeratorum
3458 2295 3636 2372 parti-

1992 2376 2157 2457 cipes
2188 2386 2723 2442 sacramentorum.
2785 2378 2977 2459 Atque
3034 2388 3176 2442 tuac
3227 2381 3469 2461 quidem
3502 2382 3634 2443 dies

1992 2465 2414 2528 celebrabatur
2464 2468 2835 2543 Dominicus,
2894 2478 2951 2530 et
2991 2471 3331 2551 quicunque
3360 2477 3531 2531 erant
3567 2470 3632 2532 in

1989 2554 2185 2617 insula
2216 2554 2564 2632 Christiani,
2591 2555 2763 2636 pauci
2786 2564 2985 2619 autem
3014 2566 3205 2631 erant,
3231 2557 3305 2620 ad
3337 2556 3626 2639 templum

1990 2644 2454 2710 concurrebant.
2486 2644 2571 2706 Ex
2607 2644 2701 2707 his
2732 2663 2873 2708 vero
2906 2665 3042 2708 cum
3072 2646 3318 2727 quidam
3352 2654 3628 2710 accurate

1988 2733 2320 2808 didicisset,
2357 2735 2656 2815 quomodo
2686 2753 2751 2797 se
2798 2735 3091 2799 haberent
3116 2755 3216 2799 res
3257 2744 3623 2819 sanctorum,

1986 2825 2224 2887 antistiti
2261 2824 2453 2886 Rhodi
2484 2825 2686 2887 omnia
2710 2826 3005 2906 signiﬁcat
3037 2845 3050 2890 :
3087 2830 3371 2908 episcopo
3406 2846 3627 2892 nomen

1987 2922 2114 2977 erat
2153 2914 2581 2979 Photinusllle
2609 2924 2804 2978 autem
2834 2916 2986 2978 nihil
3016 2916 3272 2997 amplius
3294 2924 3623 2995 cunctatus,

1985 3022 2121 3067 cum
2153 3004 2350 3065 statim
2382 3004 2714 3086 accepisset
2744 3006 2962 3068 multos
2990 3025 3064 3069 ex
3096 3006 3170 3068 iis
3221 3007 3325 3087 qui
3379 3006 3630 3071 aderant

1984 3093 2530 3168 Christianis,venit
2552 3096 2622 3157 ad
2644 3096 2906 3171 littus,ad
2933 3097 3093 3177 quod
3112 3096 3621 3178 appuleratnavis,

259 3189 510 3270 φυλάκων
549 3187 826 3265 δεόμενος,
887 3190 1025 3246 ὥστε
1076 3190 1296 3260 λυθῆναι
1330 3192 1450 3253 τοὺς
1484 3190 1752 3268 μάρτυρας
1794 3195 1901 3246 τῶν

1992 3184 2047 3245 in
2071 3203 2183 3265 qua
2208 3194 2376 3245 erant
2399 3185 2679 3261 sancti,et
2696 3184 2978 3248 custodes
2999 3186 3388 3249 vehementer
3408 3187 3622 3264 oravit,

254 3280 493 3356 δεσμῶν,
537 3281 625 3336 καὶ
684 3280 783 3348 τὴν
838 3280 923 3337 ἐπὶ
969 3287 1069 3347 τῆς
1101 3280 1390 3348 ἐκκλησίας
1435 3281 1619 3343 αὐτοῖς
1651 3281 1901 3347 ἀνεθῆναι

256 3368 511 3448 πάροδον,

337 3457 472 3522 Μυθ,
519 3458 774 3517 Ἐκείνων
831 3460 1005 3517 τοίνυν
1061 3461 1160 3526 τὴν
1203 3462 1429 3516 ἱκετείαν
1475 3458 1900 3527 δυσωπηθέντων

250 3551 356 3606 ὑπὸ
410 3548 638 3614 πολλοῖς
683 3562 804 3614 τοῖς
835 3549 1268 3630 εὔχαριστηρίοις
1301 3548 1488 3624 ὕμνοις
1542 3552 1590 3605 οἱ
1640 3551 1898 3627 μάρτυρες

251 3640 339 3697 ἰπὶ
382 3640 479 3707 τὴν
521 3638 811 3704 ἐκκλησίαν
857 3640 1296 3718 προπέμπονται,
1343 3640 1432 3694 καὶ
1465 3638 1768 3703 ἀκολούθως
1797 3640 1897 3705 τῆς

248 3733 397 3806 ἱερᾶς
454 3731 799 3806 προτεθείσης
853 3727 1037 3805 βίϐλου
1094 3729 1277 3785 ἐκεῖνα
1332 3727 1638 3805 παραδόξως
1703 3730 1737 3797 ἡ
1792 3734 1899 3784 τῶν

254 3818 591 3897 Εὖαγγελὲων
646 3817 837 3889 ἐδήλου
892 3820 1069 3898 φωνὴ,
1129 3817 1162 3874 ἃ
1210 3818 1303 3874 καί
1363 3825 1440 3891 τῷ
1496 3825 1666 3897 καιρῷ
1720 3839 1897 3896 προσ-

258 3906 456 3975 ἥκοντα
513 3909 760 3972 καὶτοῖς
792 3909 961 3986 ἁγίοις
1013 3907 1314 3981 ἂρμοζοντα
1359 3907 1449 3975 ἦν,
1497 3908 1623 3965 Τίνα
1681 3905 1738 3963 δὲ
1799 3906 1899 3987 ἄρα

250 4003 417 4055 ταῦτα
450 4017 466 4078 ;
504 3998 592 4065 Μὴ
622 3997 873 4078 φοϐεῖσθε
907 3997 1014 4052 ἀπὸ
1052 4003 1154 4052 τῶν
1184 3996 1588 4053 ἆποκτενόντων
1619 3999 1680 4052 τὸ
1710 4003 1890 4074 σῶμα,

249 4090 351 4156 τὴν
380 4085 435 4143 δὲ
467 4093 655 4169 ψυχην
684 4090 1002 4144 ἀποκτεῖναι
1038 4087 1115 4157 μὴ
1164 4084 1492 4159 δυναμένων.
1525 4086 1690 4145 Τοῦτο
1737 4087 1897 4144 οἱονεί

247 4199 367 4234 τινα
410 4180 719 4257 γλυκύτητα
750 4177 891 4234 θείαν
926 4173 1169 4242 ἐνέσταξε
1226 4189 1350 4240 ταῖς
1393 4183 1500 4233 τῶν
1557 4177 1727 4255 ἆγίων
1785 4182 1894 4254 ψυ-

250 4281 414 4347 χαῖς,
462 4270 550 4325 καὶ
595 4267 906 4345 ὀφθαλμοὺς
939 4266 1074 4341 ὁμοῦ
1110 4268 1195 4325 καὶ
1226 4280 1422 4347 χεῖρας
1454 4268 1599 4330 εὖθὺς
1632 4270 1706 4332 εἷς
1733 4268 1894 4347 οὖρα-

248 4357 369 4419 νοὺς
399 4355 759 4437 ἀνασχόντες,
793 4358 852 4413 ἐκ
901 4358 1245 4435 περιχαρείας
1298 4355 1674 4435 δεδακρυμένοι
1720 4381 1893 4433 προσ-

247 4446 512 4525 ηῦχοντο,
560 4444 921 4521 Οίκοδόμησις
978 4455 1068 4505 οῦν
1126 4445 1180 4502 ἑν
1240 4446 1308 4523 τῇ
1369 4448 1544 4503 πίστει
1582 4448 1643 4504 τὸ
1674 4453 1895 4526 πρᾶγμα

1984 3283 2046 3335 ut
2075 3282 2360 3354 martyres
2390 3274 2769 3338 solverentur
2798 3292 2828 3339 a
2854 3275 3134 3352 vincnlis,
3164 3284 3225 3341 et
3251 3275 3341 3339 eis
3365 3274 3623 3359 permit-

1984 3371 2215 3425 teretur
2243 3365 2448 3425 venire
2479 3364 2540 3426 in
2566 3365 2907 3427 ecclesiam.

2063 3452 2236 3516 XLII.
2274 3454 2420 3518 Cum
2455 3454 2537 3516 illi
2584 3462 2781 3518 autem
2813 3455 3137 3518 cessissent
3162 3456 3619 3538 precibus,cum

1984 3542 2187 3603 multis
2213 3543 2698 3625 hymnis,qu¥bus
2729 3547 2852 3608 Deo
2873 3554 3128 3625 aguntur
3158 3550 3386 3626 gratiae,
3421 3547 3484 3609 in
3516 3565 3619 3611 ec-

1981 3632 2220 3693 clesiam
2268 3632 2647 3695 deducuntur
2696 3646 3023 3715 martyres;
3087 3646 3143 3696 et
3176 3645 3623 3715 consequenter

1981 3739 2152 3782 sacro
2201 3719 2355 3783 libro
2407 3722 2737 3803 proposito,
2794 3723 3231 3786 admirabiliter
3290 3735 3349 3786 et
3406 3733 3623 3806 praeter

1982 3811 2325 3892 opinionem
2350 3810 2675 3873 declaravit
2704 3831 2813 3875 vox
2835 3812 3292 3893 Evangeliorum
3328 3815 3452 3889 illa,
3486 3835 3619 3896 quae

1987 3909 2044 3962 et
2102 3910 2337 3983 tempus
2390 3901 2705 3977 decebant,
2760 3912 2817 3965 et
2878 3904 3102 3965 sanctis
3154 3903 3613 3968 conveniebant.

1982 3989 2266 4063 Quaenam
2299 3999 2494 4052 autem
2531 4011 2600 4053 ea
2631 3999 2818 4057 sunt?
2870 3992 3066 4055 Nolite
3118 3994 3331 4056 timere
3355 4013 3480 4069 eos,
3516 3995 3616 4076 qui

1983 4100 2202 4162 corpus
2233 4080 2539 4156 occidunt,
2575 4083 2833 4144 animam
2858 4091 3057 4145 autem
3089 4102 3205 4144 non
3231 4090 3481 4165 possunt
3512 4102 3618 4147 oc-

1981 4170 2181 4233 cidere
2211 4171 2262 4232 4.
2296 4169 2420 4232 Hoc
2453 4170 2634 4234 veluti
2678 4172 2993 4253 quamdam
3027 4171 3284 4234 divinam
3338 4172 3620 4235 dulcedi-

1979 4279 2117 4323 nem
2145 4269 2482 4323 sanctorum
2519 4262 2826 4325 instillavit
2884 4263 3126 4344 animis,
3163 4263 3489 4346 oculosque
3528 4263 3618 4326 si-

1982 4351 2102 4413 mul
2138 4360 2193 4412 ct
2254 4369 2463 4412 manus
2519 4352 2716 4415 statim
2776 4352 2847 4413 ad
2904 4354 3097 4415 caelos
3159 4355 3461 4430 tollentes,
3498 4373 3620 4436 prae

1979 4440 2194 4521 gaudio
2245 4441 2492 4505 orabant
2542 4444 2959 4525 lacrymantes.
3018 4444 3356 4507 [Ediﬁcatio
3412 4453 3615 4507 autem

246 4548 365 4601 τοῖς
422 4542 680 4616 παροῦσιν
735 4536 977 4617 ἒγέκετο,
1022 4538 1113 4593 καὶ
1155 4536 1351 4600 πάντες
1394 4539 1469 4599 είς
1501 4537 1689 4602 αὐτοὺς
1721 4539 1893 4616 ὁρῶν-

1992 4536 2041 4593 in
2072 4532 2190 4594 ﬁde
2220 4533 2330 4594 fuit
2357 4551 2457 4594 res
2488 4550 2559 4594 ea
2590 4531 2661 4595 iis
2701 4533 2802 4614 qui
2853 4533 3129 4609 aderant,
3164 4553 3493 4617 omnesque
3516 4553 3619 4598 eos

246 4646 337 4689 τες
378 4626 451 4686 εἰς
497 4626 697 4707 φανερᾶ
727 4627 813 4683 καὶ
847 4627 997 4683 αὐτοὶ
1026 4626 1330 4704 κατήγοντο
1382 4625 1605 4705 δάκρυα,
1657 4628 1746 4684 καὶ
1786 4633 1892 4685 τῶν

247 4716 583 4790 σκαμμάτιυν
612 4720 943 4783 κοινωνῆσαι
975 4717 1064 4773 καὶ
1113 4722 1220 4772 τῶν
1262 4714 1546 4796 βραϐείων,
1585 4729 1705 4780 τοῖς
1748 4718 1893 4796 μάρο

247 4824 397 4860 τυσιν
428 4803 695 4884 ηὔχοντο,

334 4886 466 4956 Ml“.
545 4895 681 4952 Εἶτα
768 4898 796 4951 ὁ
874 4895 1131 4975 θεοφιλὴς
1189 4894 1395 4960 ἐκεῖνος
1467 4896 1758 4961 επίσκοπος
1827 4896 1895 4955 τὰ

248 4982 344 5049 τῆς
430 4982 588 5059 ἁγίας
666 4983 937 5064 ἀναφορᾶς
1048 4983 1351 5042 ὲπιτελέται
1455 4986 1721 5062 μυστήρια
1801 4987 1894 5042 τὸν

246 5072 537 5148 ἱερώτατον
593 5073 878 5148 Κλήμεντα
929 5073 1077 5141 ἠξίου
1111 5094 1124 5111 ’
1189 5076 1264 5131 ὧν
1308 5074 1373 5141 δὴ
1419 5075 1555 5131 κατὰ
1604 5077 1666 5131 τὸ
1710 5076 1891 5136 εἰωθὸς

251 5162 341 5217 ὕπ’
403 5163 562 5218 αὒτοῦ
642 5164 1003 5244 τελουμένων,
1085 5165 1171 5220 καὶ
1242 5165 1457 5220 πάντων
1526 5163 1582 5220 ἐν
1646 5163 1895 5244 συντριϐῇ

250 5249 465 5326 καρδίας
540 5250 778 5329 καθαπερ
854 5258 1034 5331 γυμνῇ
1124 5260 1190 5330 τῇ
1267 5257 1426 5331 ψυχῇ
1482 5254 1888 5334 προσεχόντων,

251 5342 411 5417 ὁρῶσι
457 5341 646 5398 πολλοὶ
691 5349 794 5397 τῶν
852 5343 1151 5423 παρόντων,
1188 5343 1303 5399 ὅσοι
1352 5342 1416 5411 δὴ
1458 5344 1642 5400 καὶτὰ
1671 5350 1891 5400 τοιαῦτα

250 5432 375 5504 ὸρᾷν
406 5428 571 5510 ἄξιοι,
605 5428 851 5512 φοϐερὸν,
885 5434 931 5487 ὦ
964 5432 1227 5514 Δέσποτα⁸
1269 5431 1442 5508 θέαμα
1498 5432 1585 5489 καὶ
1620 5435 1835 5513 ερρικτόν
1869 5450 1884 5466 ·

250 5516 480 5598 ἄνθρακα
537 5520 636 5596 μὲν
706 5523 881 5601 φωτὸς
942 5522 1279 5601 ὑπερμεγέθη
1327 5527 1426 5589 τῆς
1472 5521 1742 5604 ἆχράντου
1801 5525 1887 5580 καὶ

323 5679 360 5730 4
387 5677 591 5744 Matth.
622 5696 682 5758 Χ,
713 5681 814 5745 28.

1977 4621 2307 4698 intuentes,
2342 4622 2459 4703 ipsi
2508 4641 2752 4703 quoque
2801 4633 3009 4703 aperte
3041 4623 3394 4688 emittebant
3422 4625 3619 4709 lacry-

1980 4730 2128 4788 mas,
2170 4723 2615 4793 martyrumque
2647 4715 2975 4776 certamina
2998 4723 3054 4777 et
3080 4732 3333 4777 coronas
3369 4716 3618 4797 partici-

1977 4819 2123 4883 pare
2153 4801 2494 4885 cupiebant.

2056 4890 2255 4955 XLllI.
2286 4891 2512 4954 Deinde
2545 4890 2676 4973 pius
2707 4892 2808 4955 ille
2845 4904 2902 4956 et
2941 4893 3049 4956 Dei
3068 4912 3276 4957 amans
3299 4895 3620 4978 episcopus

1976 4981 2220 5058 rogabat
2246 4982 2615 5045 Clementem
2642 4982 3181 5058 sanctissimum,ut
3201 4995 3425 5047 sanctae
3447 4984 3619 5046 obla-

1979 5072 2159 5133 tionis
2191 5081 2500 5153 perageret
2535 5079 2830 5154 mysteria.
2863 5073 3009 5146 Quae
3069 5073 3311 5156 quidem
3369 5091 3511 5135 cum
3544 5072 3620 5132 de

1979 5179 2148 5225 more
2175 5161 2247 5222 ab
2278 5180 2346 5221 eo
2383 5170 2902 5242 peragerentur,et
2932 5180 3142 5226 omnes
3174 5164 3234 5223 in
3259 5160 3619 5223 contritione

1978 5251 2194 5322 cordis,
2229 5252 2403 5313 veluti
2430 5250 2586 5311 nuda
2638 5266 2696 5311 ct
2726 5259 2931 5331 aperta
2961 5252 3186 5327 anima,
3216 5252 3306 5314 eis
3335 5250 3616 5313 attende-

1974 5350 2131 5416 rent,
2164 5340 2365 5403 vident
2410 5340 2576 5402 multi
2607 5359 2675 5402 ex
2705 5341 2782 5403 iis
2811 5342 2915 5423 qui
2945 5341 3215 5417 aderant,
3251 5341 3617 5423 quicumque

1972 5432 2203 5493 scilicet
2234 5438 2407 5493 erant
2434 5428 2598 5505 digni
2627 5430 2765 5493 talia
2797 5430 3473 5511 intueri,stupendum,o
3504 5431 3621 5492 Do-

1972 5521 2154 5597 mine,
2186 5532 2246 5584 et
2279 5518 2555 5585 mirabile
2580 5521 3010 5601 spectaculum;
3046 5521 3196 5584 lucis
3220 5521 3467 5603 quidem
3491 5537 3617 5582 car-
