4104 6198
444 302 556 368 851

1736 308 1899 370 ΜΕΝ
1907 303 2021 367 SIS
2060 307 2517 372 JANUARIUS.

3709 305 3821 370 852

449 439 668 504 bouem
702 441 1122 521 maximum,in
1147 440 1504 502 intemerata
1525 447 1585 502 et
1608 439 1850 521 mystica
1881 458 2114 504 mensa.

2200 445 2438 512 ιυστικῆς
2497 443 2764 524 τραπέζης
2815 445 3188 524 προκείμενον,
3236 442 3734 524 λευχημονούντων
3771 439 3826 498 δέ

451 529 1316 613 propositum,candidatorum
1337 536 1531 590 autem
1559 528 2007 594 multitudinem
2033 532 2093 594 in

451 637 593 683 aere
612 620 1118 701 supervolantem.
1144 619 1338 699 Atque
1365 619 1449 679 illi
1469 619 1710 699 quidem
1735 639 1868 682 cum
1903 622 2094 686 visio-

451 727 589 771 nem
622 708 784 772 ferre
815 728 932 770 non
962 707 1589 788 potuissent,ethumi
1617 728 1840 790 pronos
1861 711 2097 793 seipsos

453 798 840 877 dejecissent,
869 798 1175 878 jacebant,
1213 806 1277 860 ut
1307 799 1407 880 qui
1431 817 1592 875 eum,
1620 799 1723 881 qui
1750 818 1822 862 ex
1854 800 1928 864 iis
1951 820 2096 882 pro-

453 886 730 968 cedebat,
754 887 1140 968 Splendorem
1172 895 1379 950 contra
1417 907 1535 950 non
1573 898 1816 971 possent
1848 891 2097 953 omnino

456 977 906 1058 aspicereCum
932 985 1133 1040 autem
1158 977 1314 1040 fama
1336 977 1506 1040 brevi
1539 985 1717 1041 totam
1743 985 2102 1060 pervasisset

457 1065 784 1140 civitatem,
821 1067 992 1129 multi
1023 1068 1203 1130 etiam
1224 1087 1293 1130 ex
1320 1067 1665 1130 infidelibus
1696 1068 1936 1150 publice
1960 1089 2098 1133 con-

460 1155 808 1240 currebant;
833 1166 890 1220 et
923 1157 1178 1220 maxime
1211 1158 1556 1239 quicunque
1584 1158 1820 1239 aliquos
1843 1179 1912 1222 ex
1937 1159 2099 1240 ﬁliis,

460 1245 752 1328 cognatis,
782 1247 873 1309 vel
907 1247 1256 1310 domesticis
1281 1246 1586 1310 habebant
1624 1248 1965 1312 laborantes
1997 1251 2106 1312 ali-

463 1337 684 1421 quibus
708 1337 937 1400 morbis
967 1337 1534 1418 immedicabilibus,
1579 1339 1924 1420 frequentes
1955 1359 2104 1402 con-

465 1426 808 1502 currebant,
843 1446 1046 1490 secum
1108 1439 1365 1506 aegrotos
1422 1428 1817 1505 adducentes,
1869 1439 1929 1492 et
1958 1429 2107 1492 alios

468 1517 710 1600 quidem
735 1517 810 1579 ad
837 1518 1020 1598 pedes
1045 1528 1368 1598 martyrum
1395 1519 1804 1602 projicientes,
1829 1520 1978 1582 alios
2000 1539 2106 1582 auo

468 1616 590 1671 tem
617 1607 688 1668 ad
709 1606 1014 1669 beatarum
1041 1627 1321 1670 manuum
1347 1615 1690 1671 contactum
1715 1610 2107 1685 adducentes,

467 1715 571 1760 eos
603 1697 803 1760 statim
836 1697 1116 1760 videbant
1149 1717 1181 1760 a
1209 1697 1433 1760 morbis
1465 1710 1854 1780 expurgatus.
1892 1700 2108 1766 Multo-

2177 531 2380 601 πλῆθος
2422 536 2511 592 ἐπὶ
2557 538 2679 600 τοὺς
2733 535 2887 614 ἀέρος
2943 534 3394 614 ὑπεριπτάμενον.
3456 532 3702 591 Ἐκεῖνοι
3734 531 3828 606 μὲν

2179 633 2266 682 οῦν
2297 624 2396 693 τὴν
2440 625 2564 701 ὅψιν
2610 627 2706 684 οὒκ
2763 625 3099 702 ἐνεγκόντες,
3145 636 3373 701 πρηνεῖς
3420 619 3826 684 καταϐαλόντες

2179 714 2399 776 ἑαυτοὺς
2439 713 2667 795 ἔκειντο,
2700 714 2839 790 μηδὲ
2888 717 2958 784 τῆ
3001 714 3206 772 ἐκεῖθεν
3267 715 3406 791 αῦγῇ
3465 713 3532 768 τὸ
3580 712 3828 789 παράπαν

2179 802 2517 862 ἀντιϐλέπειν
2559 803 2866 882 δυνάμενοι,
2899 809 3008 873 τῆς
3056 805 3244 884 φήμης
3276 801 3332 860 δέ
3366 809 3550 860 πᾶσαν
3582 801 3639 858 ἐν
3670 799 3832 878 ὀλίγῳ

2179 894 2279 962 τὴν
2338 894 2503 952 πόλιν
2558 893 2974 972 διαδραμούσης,
3021 893 3212 952 πολλοὶ
3268 890 3547 967 πανδημεὶ
3598 891 3689 948 καὶ
3732 896 3831 947 τῶν

2183 984 2420 1042 ἀπίστων
2453 984 2750 1064 συνέῤῥεον,
2783 987 2874 1043 καὶ
2927 983 3163 1060 μάλιστα
3209 982 3326 1041 ὅσοι
3374 983 3533 1046 τινὰς
3566 987 3676 1038 τῶν
3706 981 3830 1037 παί-

2184 1071 2313 1154 δων,
2371 1075 2406 1142 ἢ
2466 1080 2760 1155 συγγενῶν,
2821 1075 2856 1144 ἢ
2888 1076 2982 1132 καῖ
3015 1077 3121 1132 τῶν
3164 1073 3344 1136 ἄλλως
3376 1072 3599 1130 οἰκείων
3629 1068 3831 1139 ἀνηκέ-

2187 1185 2332 1228 στοις
2365 1164 2530 1244 εἶχον
2559 1163 2905 1240 πιεζομένους
2955 1165 3252 1243 νοσήμασι,
3305 1162 3589 1242 σονέῤῥεον
3621 1160 3675 1217 δὲ
3718 1161 3836 1224 τοὺς

2188 1259 2470 1316 νοσοῦντας
2542 1253 2767 1320 ἕκαστος
2816 1256 3174 1332 ἐπαγόμενοι,
3235 1253 3498 1316 καὶτοὺς
3563 1251 3666 1327 μὲν
3723 1262 3836 1313 τοῖς

2190 1357 2547 1423 μαρτυρικοϊς
2603 1347 2760 1402 ποσὶν
2827 1345 3046 1402 ἐκιίτων
3123 1343 3643 1422 παραῤῥιπτοῦντες,
3717 1341 3836 1402 τοὺς

2191 1432 2247 1490 δὲ
2291 1441 2360 1512 τῇ
2404 1441 2511 1491 τῶν
2540 1435 2816 1514 μακαρίων
2860 1437 3062 1515 χειρῶν
3089 1434 3200 1514 ἀφῇ
3256 1433 3633 1512 προσάγοντες
3682 1430 3834 1488 ἐκκε-

2193 1524 2552 1604 καθαρμένους
2584 1525 2730 1589 εὖθῦς
2761 1533 2867 1583 τῶν
2911 1526 3082 1583 νόσωδ
3131 1525 3333 1602 ἐώρων,
3387 1521 3594 1580 Πολλοὶ
3651 1520 3706 1578 δέ
3755 1519 3840 1575 καὶ

2191 1614 2287 1678 τὰς
2347 1615 2531 1694 ψυχὰς
2590 1616 2751 1679 αὐτὰς
2806 1617 2914 1672 τῶν
2969 1607 3243 1685 Ἐλλήνων
3291 1613 3708 1686 ἐθεραπεύοντο,
3754 1608 3838 1667 καὶ

2195 1711 2270 1780 τῷ
2299 1703 2418 1762 κατ’
2462 1706 2650 1772 αὐτοὺς
2678 1706 2904 1781 θαύματι
2953 1711 3054 1773 τῆς
3104 1704 3322 1782 ἰάσεως,
3369 1703 3839 1784 ἐχειραγωγοῦντο

468 1805 602 1851 rum
640 1807 878 1868 quoque
910 1787 1219 1867 gentilium
1251 1798 1474 1850 curatae
1496 1790 1894 1870 suntanimae,
1921 1801 1980 1854 et
2010 1808 2110 1851 sa-

2200 1795 2327 1874 πρὸς
2371 1793 2470 1862 τὴν
2527 1793 2798 1865 ἀλήθειαν.
2851 1794 3178 1863 Ἐξέπληττε
3221 1801 3383 1852 ταῦτα
3412 1793 3545 1858 τοὺς
3579 1787 3842 1868 στρατιώ-

470 1878 731 1940 nationis
754 1881 1018 1958 ipsorum
1065 1879 1355 1940 miraculo
1397 1878 1638 1942 deducti
1671 1889 1810 1943 sunt
1839 1880 1913 1944 ad
1943 1879 2112 1942 veri-

2200 1907 2316 1959 τας,
2365 1886 2452 1942 καὶ
2501 1887 2594 1942 τὸν
2652 1885 2819 1944 πολῦν
2875 1891 2975 1953 τῆς
3021 1885 3231 1949 πολεως
3291 1887 3525 1961 ὁρῶντες
3589 1881 3716 1957 περὶ
3758 1879 3841 1934 τὸν

473 1976 675 2030 tatem.
700 1967 836 2030 Haec
863 1968 1082 2030 milites
1103 1968 1666 2048 obstupefecerunt,
1704 1977 1762 2032 et
1787 1989 1923 2033 cum
1957 1969 2116 2032 vide-

469 2065 606 2121 rent
629 2057 884 2120 civitatis
917 2076 1193 2137 magnum
1219 2057 1281 2118 in
1311 2057 1684 2121 Clementem
1718 2059 2110 2135 desiderium,

473 2155 534 2210 et
565 2146 846 2209 timerent
870 2146 1201 2222 deinde,ue
1228 2147 1291 2208 in
1319 2165 1421 2208 eos
1451 2147 1675 2229 aliquid
1702 2147 2110 2224 innovaretur,

474 2246 536 2300 et
565 2245 786 2318 martyr
806 2256 876 2298 ex
900 2256 1108 2299 eorum
1139 2235 1416 2299 manibus
1447 2238 1762 2318 effugeret,
1795 2238 1850 2300 ei
1881 2238 2115 2300 vincula

474 2345 685 2392 rursus
716 2327 1232 2405 immittunt,etad
1259 2345 1467 2389 navem
1486 2327 1816 2401 abducunt,
1843 2328 1929 2390 illi
1963 2328 2116 2390 male

476 2416 738 2482 faciendi
769 2429 1079 2480 sumentes
1109 2418 1489 2482 occasionem
1515 2436 1586 2482 ex
1617 2417 1841 2496 insigni
1864 2420 1994 2498 ejus
2013 2418 2120 2480 vir-

480 2509 952 2572 tute.Praecessit
972 2517 1167 2571 autem
1190 2507 1728 2588 Agathangelus,et
1751 2507 1979 2590 primus
2011 2526 2120 2570 na-

479 2615 612 2663 vem
643 2597 938 2676 ascendit,
975 2607 1040 2662 ut
1090 2599 1192 2678 qui
1229 2606 1388 2662 esset
1419 2597 1649 2680 primus
1679 2598 1831 2660 viam
1866 2597 2122 2660 initurus

482 2690 773 2770 martyrii.

2202 1973 2488 2050 Κλήμεντα
2546 1976 2731 2049 πόθον,
2767 1980 2889 2032 εἶτα
2941 1977 3028 2032 καὶ
3057 1972 3286 2040 δεδιότες
3318 1972 3395 2050 μή
3428 1996 3480 2029 τι
3513 1968 3636 2029 κατ’
3679 1971 3842 2026 nimiis

2199 2066 2568 2143 νεωτερισθείη
2598 2067 2688 2124 καὶ
2730 2065 2792 2122 ἐκ
2835 2065 3014 2142 μέσων
3048 2069 3232 2128 αὐτοῖς
3266 2066 3294 2120 'o
3340 2063 3546 2142 μάρτυς
3581 2067 3688 2118 τῶν
3717 2079 3841 2137 χει·

2201 2161 2304 2224 ρῶν
2349 2153 2617 2235 διαφύγοι,
2651 2158 2716 2213 τὰ
2769 2155 2940 2231 δεσμά
2987 2177 3042 2212 τε
3101 2155 3244 2226 αύτῷ
3292 2157 3625 2233 περιτιθοῦσι
3681 2147 3841 2207 πάλιν

2199 2246 2288 2302 καὶ
2328 2246 2399 2302 εἰς
2443 2247 2505 2301 τὸ
2549 2245 2743 2304 πλοῖον
2803 2245 3124 2323 ἀπάγουσιν,
3189 2245 3456 2324 πρόφασιν
3515 2249 3612 2300 τοῦ
3668 2242 3843 2298 κακῶς

2204 2335 2416 2391 ἐκεῖνον
2465 2335 2650 2414 δρᾶσαι
2704 2337 2766 2392 τὸ
2810 2336 2994 2414 περιὸν
3041 2335 3202 2393 αὐτοῦ
3243 2335 3342 2403 τῆς
3375 2334 3576 2403 ἀρετῆς
3609 2331 3841 2406 θέμενοι.

2206 2423 2505 2504 Ἀφηγεῐτο
2559 2425 2615 2483 δὲ
2673 2424 3077 2504 ⁹ιιιγαθάγγελος
3109 2426 3320 2504 πρῶτος
3351 2426 3536 2496 αύτὸς,
3608 2421 3698 2478 καὶ
3753 2423 3844 2484 τῆς

2205 2516 2336 2578 νεὼς
2367 2513 2587 2592 ἐπιϐὰς,
2623 2515 2720 2572 οἶα
2749 2514 2816 2583 δὴ
2846 2517 2936 2572 καὶ
2977 2512 3402 2593 προοδοποιῆσαι
3447 2511 3670 2589 μέλλων
3708 2509 3844 2579 αύτῴ

2205 2611 2298 2661 τοῦ
2329 2607 2614 2684 μαρτυρίου
2645 2606 2744 2672 τὴν
2775 2601 3009 2668 εἴσοδον,

1950 2809 2196 2876 CAPUT
2224 2809 2376 2875 Vlll.

1512 2955 1841 3018 Tormenta
1874 2953 2254 3018 Nicomedia
2283 2954 2533 3021 Sanctis
2563 2960 2825 3036 inﬂicta.

569 3132 746 3198 XLIV
764 3133 930 3197 .Cum
959 3131 1047 3194 eis
1064 3134 1264 3213 itaque
1286 3141 1494 3196 ventus
1511 3133 1902 3195 successisset
1925 3149 2134 3194 secun-

2299 3135 2446 3200 MA'.
2494 3135 2784 3218 Ἐπιφόρου
2840 3141 3012 3198 τοίνυν
3071 3141 3166 3198 τοῦ
3216 3140 3414 3215 ἀνέμου
3457 3138 3717 3219 τυχόντες
3748 3127 3847 3219 διν

491 3223 780 3303 dus,/Ege
795 3241 892 3284 um
914 3241 1079 3284 mare
1097 3224 1590 3286 transmittuntzet
1606 3240 1741 3283 cum
1763 3221 2108 3303 appulissen

2219 3224 2440 3284 πλέουσι
2481 3229 2576 3284 τὸν
2623 3217 2869 3311 Αἰγαῖον,
2901 3233 2988 3289 καὶ
3030 3233 3106 3297 εἷς
3135 3233 3234 3300 τὴν
3285 3217 3628 3300 Νικομήδους
3683 3217 3844 3311 κατά·

491 3311 1322 3388 Nicomediam,deducuntur
1345 3312 1542 3374 statim
1574 3311 1648 3373 ad
1679 3311 2114 3374 Maximianum.

2214 3335 2423 3398 ραντες,
2484 3319 2558 3383 ὡς
2621 3321 2714 3375 τὸν
2783 3308 3112 3397 mittente»
3170 3320 3360 3385 εὐθέως
3417 3319 3736 3395 ἀνάγονται.

492 3405 601 3470 Ille
630 3410 831 3465 autem
865 3419 998 3464 cum
1032 3403 1364 3483 accepisset
1394 3403 1622 3464 litteras
1645 3402 2048 3483 imperatoris,
2075 3410 2136 3465 et

496 3493 682 3559 multa
717 3491 959 3574 quidem
1021 3491 1197 3553 etiam
1230 3491 1304 3553 ab
1334 3493 1480 3573 ipsis
1509 3491 1846 3568 didicisset,
1874 3510 1944 3556 ea
1997 3511 2134 3555 vero

493 3585 743 3650 vidisset
770 3599 1100 3661 congruere
1133 3581 1371 3659 litteris,
1407 3600 1624 3664 nempe
1666 3590 2002 3662 aspectum,
2035 3581 2138 3665 qui

495 3692 673 3758 quam
708 3671 1094 3754 proﬁtebatur
1139 3669 1419 3734 virtutem
1471 3680 1881 3748 conservaret,
1919 3672 2131 3735 faciem

495 3762 1069 3837 liberalem,morum
1091 3760 1610 3838 libertatem;nihil
1634 3762 2132 3843 servile,humile,

497 3863 559 3918 et
576 3854 1110 3934 abjectum,neque
1133 3851 1292 3931 quod
1318 3851 1499 3917 facile
1525 3854 1715 3934 possit
1735 3853 1796 3915 in
1819 3853 1993 3916 aliam
2021 3863 2139 3918 tra-

2218 3401 2270 3460 δὲ
2309 3407 2374 3463 τὰ
2409 3396 2671 3484 βασιλικὰ
2727 3396 3008 3487 δεξάμενος
3051 3411 3368 3491 γράμματα,
3421 3410 3510 3467 καὶ
3559 3407 3626 3464 τὰ
3681 3396 3846 3459 πολλὰ

2219 3496 2318 3571 μὲν
2375 3500 2460 3555 καὶ
2513 3497 2609 3556 ἀπ’
2691 3503 2865 3560 αὐτῶν
2930 3498 3223 3580 διδαχθεὶς,
3286 3497 3584 3574 συνᾴδοντα
3633 3491 3686 3551 δέ
3737 3500 3844 3580 τοῖς

2218 3587 2499 3664 γράμμασι
2559 3590 2648 3648 καὶ
2717 3590 2881 3648 ταῦτα
2934 3577 3089 3666 ἰδὼν,
3155 3591 3277 3650 οἷον
3337 3591 3464 3666 ὄψιν
3519 3577 3843 3663 ἆπαγγελίαι

2220 3675 2414 3755 ἀρετῆς
2442 3678 2735 3754 σώζουσαν,
2795 3680 3124 3756 παράστημα
3179 3679 3416 3759 εὐγενὲς,
3447 3677 3611 3746 ἧθως
3641 3671 3840 3759 {hoch

2220 3765 2358 3846 ρίαν,
2405 3764 2554 3826 οὐδὲν
2601 3767 2960 3843 ἐθελόδουλον,
3021 3766 3138 3829 οὐδὲ
3167 3756 3442 3842 ταπεινὸν,
3475 3765 3598 3824 οῦδὲ
3629 3763 3756 3842 πρὸς
3791 3756 3844 3810 τδ

2221 3859 2644 3932 μεταπεισθῆναι
2699 3857 2900 3937 ῥᾴδιοι,
2972 3866 3138 3918 ταῦτα
3182 3861 3271 3917 καὶ
3331 3857 3664 3932 Μαξιμιανὸς
3705 3848 3840 3917 ἶδώνο

499 3945 638 4010 duci
661 3941 1048 4018 sententiam;
1075 3942 1196 4005 haec
1229 3961 1365 4004 cum
1391 3941 1634 4004 vidisset
1657 3944 1745 4004 Ma
1758 3942 2114 4020 ximianus,u

2224 3947 2342 4012 οἷος
2399 3946 2604 4015 ἐκεῖνος
2661 3950 2860 4027 κρίνειν
2919 3950 2984 4007 τὰ
3037 3955 3258 4008 τοιαῦτα
3298 3947 3493 4022 δεινὸς,
3532 3937 3840 4022 ἀπαγορεύει

499 4034 686 4118 quiin
711 4032 1058 4113 judicandis
1087 4033 1207 4094 illis
1237 4033 1487 4094 multum
1526 4033 1773 4108 valeret,
1797 4034 1910 4096 sibi
1941 4035 2114 4096 statin

2225 4037 2369 4102 εὐθὺς
2430 4037 2528 4104 τὴν
2573 4036 2832 4120 ἐξέτασιν,
2880 4040 2968 4096 καί
3022 4061 3140 4096 τινα
3197 4037 3482 4120 φροντίδων
3550 4032 3842 4120 πολεμικῶν

500 4115 807 4187 interdicit
827 4123 957 4203 ejus
978 4123 1571 4198 examinationem,et
1586 4122 1872 4204 quasdam
1897 4121 2113 4187 bellica

2225 4127 2490 4208 ἀσχολίαν
2542 4115 2937 4206 αἰτιασάμενος,
2984 4137 3062 4205 τῷ
3121 4115 3347 4210 ἐπάρχῳ
3400 4126 3737 4206 Ἀγριππίνῳ
3791 4115 3846 4172 τῖι

503 4222 780 4277 causatus
816 4212 1262 4293 occupationes,
1301 4211 1584 4290 praefecto
1617 4211 1782 4275 urbis
1811 4212 2114 4294 Agrippini

2228 4219 2366 4274 κατὰ
2419 4220 2512 4274 τὸν
2556 4233 2807 4298 γενναῖον
2837 4219 3112 4298 ἐπιτρέπει
3145 4217 3457 4293 Κλήμεντά.
3497 4213 3556 4277 Ὀ
3601 4215 3656 4272 δέ
3687 4227 3848 4285 π²ρ²⁹

504 4302 829 4372 committit
858 4302 1190 4366 Clementis
1221 4301 1646 4382 cognitionem.
1695 4301 1800 4364 Ille
1842 4321 1981 4366 vero
2013 4324 2114 4367 cun

2235 4308 2573 4382 στησάμενος
2627 4309 2808 4386 αὺτὸν,
2869 4318 3026 4368 τοῦτο
3083 4311 3322 4387 πρῶτον,
3357 4311 3402 4366 εί
3460 4310 3620 4372 αὒτὸς
3663 4305 3851 4361 ἐκεῖνος

507 4413 643 4459 eum
669 4394 862 4456 statim
889 4392 1019 4454 sisti
1046 4400 1336 4468 curasset,
1363 4393 1476 4454 hoc
1497 4399 1634 4454 ante
1666 4392 1780 4454 alia
1801 4392 2114 4474 interrrgal

2236 4398 2328 4466 εἴη
2377 4397 2602 4475 Κλήμης
2645 4400 2850 4478 ἠρώτα.
2885 4403 2989 4460 Τοῦ
3016 4399 3072 4457 δὲ
3105 4400 3288 4458 ἐκεῖνό
3317 4421 3373 4456 τε
3416 4391 3850 4478 ἀποκριναμένων

506 4503 582 4550 ιιι
605 4485 732 4565 ipse
757 4493 914 4544 esset
937 4482 1037 4544 ille
1063 4483 1472 4563 Clemens,qui
1496 4482 1666 4561 vulgo
1690 4482 1772 4545 ita
1788 4481 2114 4562 jactabatul

2235 4490 2322 4546 καὶ
2382 4479 2440 4547 Ὀ
2509 4495 2604 4546 τοῦ
2661 4476 2887 4568 Χριστοῦ
2941 4488 3124 4556 δοῦλος
3209 4488 3548 4568 προσθέντος,
3611 4476 3852 4563 ὀργισθεὶς

509 4575 655 4638 Cum
681 4574 729 4634 is
751 4581 952 4634 autem
979 4591 1043 4635 se
1068 4591 1202 4635 esse
1227 4572 1661 4653 respondisset,
1697 4579 1754 4634 et
1774 4573 1995 4634 Christi
2026 4591 2114 4637 set

2238 4576 2588 4656 Ἀγριππινος
2644 4577 2858 4658 πλνιγᾶς
2902 4581 3045 4653 αύτῷ
3077 4580 3214 4636 κατὰ
3265 4578 3433 4656 κόρης
3484 4577 3713 4634 ἐντεῖναι
3750 4587 3850 4658 ,κε-

509 4681 645 4727 vum
679 4673 972 4744 praeterea
1001 4661 1348 4742 adjecisset,
1388 4661 1473 4724 ira
1519 4670 1719 4723 motus
1759 4661 2114 4744 Agrippinut

2200 4665 2380 4730 )λεύει
2431 4681 2551 4732 τοῖς
2595 4657 2972 4748 στρατιώταις,
3004 4667 3193 4726 δοῦλον
3226 4673 3328 4725 τῶν
3376 4667 3641 4744 βασιλέων
3685 4657 3852 4748 καλεῖν

505 4756 689 4837 jussit
705 4751 1092 4828 militibus,ut
1109 4753 1165 4814 ei
1184 4752 1242 4814 in
1258 4751 1405 4814 facie
1421 4751 1740 4832 colaphum
1757 4749 1833 4814 im
1845 4752 2114 4832 pingeret

2241 4756 2450 4829 ἑαυτὸν,
2485 4754 2624 4813 ἀλλὰ
2667 4760 2744 4832 μὴ
2783 4765 2874 4816 τοῦ
2925 4747 3154 4837 Χριστοῦ
3197 4757 3476 4836 λέγοντας.
3532 4757 3630 4814 Καὶ
3671 4747 3851 4837 ὑμάρ-

513 4836 884 4919 dictitantes,
933 4862 997 4905 se
1048 4861 1284 4905 servum
1319 4842 1773 4923 imperatorum,
1811 4861 1930 4904 non
1961 4851 2114 4905 auter

2240 4867 2355 4921 τυς,
2418 4846 2675 4926 Ὄφιλον,
2740 4845 2865 4927 ἔφη,
2941 4849 3028 4904 καὶ
3085 4851 3135 4904 οἱ
3177 4845 3432 4904 δεσπόται
3489 4846 3578 4902 καὶ
3625 4836 3850 4927 βασιλεῖς

513 4934 1022 5011 Cbristi,vocaret.
1053 4933 1268 5015 Martyr
1300 4922 1526 5005 autem,
1551 4929 1814 5008 Utinam,
1849 4931 2064 5014 inquit,
2101 4953 2114 4995 ι

2237 4937 2384 5011 ὑμῶν
2445 4922 2675 5014 Χριστοῦ
2731 4922 2906 4996 δοῦλοι
2980 4937 3286 5008 ἐκλήθησαν
3348 4937 3435 5016 ἄν,
3501 4936 3593 4992 ’ίνα
3651 4931 3714 4998 δὴ
3776 4922 3850 4980 καί

517 5023 748 5089 domini
780 5033 843 5087 et
874 5029 1271 5104 imperatores
1294 5023 1472 5084 vestri
1493 5021 1686 5082 vocati
1707 5030 1907 5083 essent
1939 5021 2109 5085 Chris

2237 5025 2407 5083 τᾶλλα
2451 5027 2626 5084 πάντα
2662 5025 2787 5094 ἔθνι.
2839 5026 2999 5084 δοῦλά
3045 5047 3100 5084 τε
3141 5029 3328 5090 τύτοῐς
3387 5026 3476 5082 καὶ
3517 5026 3721 5095 ὅπήκοα
3771 5016 3848 5082 ἦν.

515 5114 766 5192 servi,et
781 5113 918 5178 aliae
939 5132 1177 5195 quoque
1202 5130 1414 5174 omnes
1436 5119 1655 5191 gentes
1677 5109 1765 5173 eis
1784 5111 2075 5173 servirent
2095 5129 2114 5173 ι

2239 5114 2375 5172 ἀλλὰ
2420 5116 2498 5193 μὴ
2527 5124 2707 5180 κακῶς
2738 5118 2883 5174 αὐτοὶ
2913 5115 3120 5192 μᾶλλον
3149 5117 3251 5174 ὕπὸ
3308 5121 3407 5183 τῆς
3460 5113 3698 5176 ἀσεϐείας
3726 5124 3848 5164 ιιατο

518 5212 894 5289 parerent,et
917 5223 1037 5266 non
1070 5203 1159 5266 eis
1190 5203 1385 5285 potius
1417 5200 2035 5282 improbeimperaret
2056 5207 2114 5264 in

2238 5207 2432 5285 ἤροντο
2461 5208 2549 5264 καὶ
2577 5208 2732 5282 ἡμῶν
2763 5219 2979 5286 κρατεῖν
3025 5207 3266 5277 ἀνοήτως
3299 5203 3681 5286 ἐφιλονείκουν.

520 5296 732 5379 pietas,
769 5303 827 5358 et
849 5294 1026 5357 stulte
1049 5311 1158 5355 nos
1187 5293 1427 5355 vincere
1457 5289 1931 5354 contenderent!

561 5382 875 5449 XLVIIch
895 5403 1030 5448 cum
1057 5383 1239 5445 veluti
1261 5379 1780 5462 ﬂammaquasdam
1807 5379 2158 5446 incidissent

521 5479 582 5540 iu
600 5473 866 5538 animum
884 5473 1422 5556 Agrippini,magis
1438 5468 2114 5536 accenderuntfornacel

2241 5475 2427 5554 ψυχὴν
2469 5475 2772 5551 ἐμπεσόντα
2823 5462 3174 5554 σφοδροτέραν
3217 5475 3384 5532 ἐποίει
3430 5475 3525 5543 τῆς
3557 5462 3847 5556 pacem

523 5554 1169 5629 insaniaeetClementi
1191 5563 1433 5644 quidem
1461 5560 1612 5651 nihil
1635 5561 2036 5641 respondit,ut
2059 5583 2114 5645 qi

2239 5564 2490 5641 κάμινον,
2548 5566 2634 5622 καὶ
2692 5566 2821 5644 πρὸς
2876 5563 2976 5641 μὲν
3030 5566 3122 5622 τὸν
3184 5564 3471 5642 Κλήμεντα
3540 5561 3684 5621 ὠδὶν
3735 5554 3845 5651 an:

527 5655 868 5719 ostenderet
888 5664 1238 5736 conceptam
1265 5654 1323 5716 in
1347 5671 1484 5718 eum
1510 5650 1659 5716 iram
1681 5667 1814 5715 esse
1839 5652 2114 5733 majorem

2243 5653 2548 5734 ειρθέγγετο,
2611 5657 2705 5709 οἷα
2749 5651 2950 5719 δεικνὺς
3007 5653 3108 5721 τὴν
3154 5651 3272 5712 κάτ’
3322 5654 3485 5711 αύτοῦ
3541 5651 3716 5731 ὀργὴν,
3773 5650 3844 5696 καὶ

2324 5384 2460 5450 ΜΕ’.
2495 5391 2671 5443 Ταῦτα
2724 5385 2884 5444 οἱονεί
2936 5407 3017 5451 τις
3071 5384 3200 5466 φλὸξ
3261 5388 3334 5452 εἱς
3380 5387 3478 5453 τὴν
3525 5379 3846 5466 Ἀγριπτιίνου
