4104 6198
350 345 475 411 853
1429 344 1619 407 νΙΤΑ
1670 343 1728 403 S.
1775 341 2025 404 CLEME

2113 339 2218 401 [‘IS
2260 338 2683 402 ANCYRANI.
3627 337 3741 404 854

343 483 579 553 ἀπειλῆς
648 485 809 540 οὖσαν
854 483 1092 558 μείζονα,
1146 482 1275 558 πρὸς
1336 479 1390 536 δὲ
1448 481 1538 537 τὸν
1597 476 2025 556 Ἀγαθάγγελονι

2113 493 2258 554 [nam
2285 482 2350 536 ut
2378 473 2557 536 minis
2589 493 2719 537 eam
2754 473 3244 554 signiﬁcaret.Ad
3269 473 3740 556 Agathangelum

345 572 579 648 ἀπιδὼν,
615 573 688 629 Σὺ
731 570 785 627 δὲ
815 571 895 635 τίς
956 583 1010 627 εἴ
1043 588 1060 646 ;
1121 570 1247 650 ἔφη,
1282 567 1401 629 οὖδέ
1450 569 1551 648 γὰρ
1580 567 1818 646 ’έγκεισαι
1876 580 1996 632 τοῖς

2115 573 2277 627 utem
2311 565 2655 644 aspiciens:
2693 564 2783 627 Tu
2815 583 2957 626 vero
2991 565 3124 646 quis
3157 572 3254 628 es?
3285 565 3500 647 inquit.
3539 563 3746 646 Neque

351 662 750 730 Διοκλητιανοῦ
800 658 1103 740 γράμμασι.
1154 657 1416 721 Κάκεῖνος
1461 659 1564 726 τὴν
1607 657 1789 738 ὅρασιν
1838 678 1996 736 μερι-

2113 655 2249 715 ιιιίιη
2281 654 2610 716 contineris
2639 653 2699 714 in
2733 653 2953 715 litteris
2986 654 3367 720 Diocletiani.
3401 653 3508 716 Ille
3541 663 3743 716 autem

348 755 519 827 σθεῖς,
550 753 638 808 καὶ
688 751 821 829 πρὸς
871 751 963 806 τὸν
1013 749 1231 827 οὖρανὺν
1272 746 1402 825 ἄρας
1447 750 1582 824 ὁμοῦ
1631 749 1754 810 τοὺς
1797 745 1999 826 ὅφθαλ-

347 845 485 919 μους
515 842 608 898 καί
655 841 748 897 τὸν
805 838 1095 915 Κλήμεντα
1130 837 1482 920 (ἑκατέρωθεν
1526 839 1626 918 γὰρ
1684 837 1822 904 ἔξει-ι
1862 841 2005 910 αὖτῷ

346 934 454 992 τὴν
523 931 772 1009 βοήθειαν
845 927 1192 1010 προσεδόκα),
1261 928 1420 1006 Κάγὼ
1491 926 1807 1007 Χριστιανός
1871 929 2005 1000 εἶμι,

348 1023 482 1104 ἔφη,
544 1019 628 1078 δια
684 1029 779 1080 τοῦ
829 1015 1021 1078 δούλου
1077 1024 1171 1075 τοῦ
1236 1025 1463 1097 Χριστοῦ
1523 1017 1862 1096 Κλήμεντος,
1910 1017 2008 1085 τῆς

351 1112 620 1190 μακαρίας
691 1109 891 1175 ταῦτης
938 1107 1176 1174 ἀξιωθεὶς
1245 1107 1521 1180 κλήσεως,
1589 1108 1718 1166 Τότε
1773 1107 2007 1186 Ἀγριπ-

354 1205 506 1267 πίνος
557 1199 761 1257 κελεύει
822 1198 1111 1273 Κλήμεντα
1170 1197 1268 1272 μὲν
1327 1198 1748 1277 μετεωρισθέντα
1805 1199 1995 1254 σπαθί-

2085 762 2222 805 cum
2257 742 2444 806 visum
2479 761 2651 805 suum
2684 742 3010 821 divisisset,
3049 752 3108 806 et
3137 745 3314 806 simul
3347 745 3403 805 in
3439 744 3653 806 coelum
3687 751 3746 806 et

2087 833 2162 894 ad
2207 833 2578 897 Clementem
2613 833 2958 896 sustulisset
3009 833 3216 895 oculos
3243 835 3552 914 (utrinque
3581 832 3744 894 enim

2089 922 2162 984 ad
2185 941 2250 985 se
2295 931 2612 985 venturum
2646 923 2926 1004 sperabat
2955 924 3290 1003 auxilium):
3324 923 3444 996 Ego
3478 941 3743 1004 quoque,

2089 1012 2314 1091 inquit,
2341 1031 2470 1075 sum
2504 1013 2908 1088 Christianus,
2942 1032 3052 1094 per
3081 1033 3317 1076 servum
3359 1014 3577 1077 Christi
3610 1013 3750 1076 Cle-

2095 1112 2360 1166 mentem
2396 1103 2549 1164 hanc
2582 1102 2812 1165 beatam
2846 1113 3055 1165 nactus
3083 1103 3750 1186 appellationem.Tunc

2093 1192 2458 1273 Agrippinus
2505 1191 2682 1273 jubet
2731 1193 3108 1256 Clementem
3157 1194 3400 1275 quidem
3451 1195 3511 1254 in
3562 1193 3745 1254 altum

353 1297 558 1367 ζεσθαι,
627 1287 1027 1370 Ἀγαθάγγελον
1111 1285 1166 1344 δὲ
1243 1288 1545 1366 βουνεύροις
1621 1289 1722 1344 ὑπὸ
1795 1286 2000 1362 δημίων

2117 1282 2390 1344 ublatum
2426 1282 2573 1343 caedi
2606 1301 2672 1344 ac
2703 1283 2963 1345 mutilari
2991 1305 3006 1360 ;
3041 1283 3508 1364 Agathangelum
3542 1291 3746 1345 autem

354 1384 614 1459 ὠμότατα
672 1381 978 1441 τύπτεσθαι.
1019 1378 1170 1436 Ἐπεὶ
1212 1376 1267 1434 δὲ
1315 1378 1403 1434 καὶ
1435 1379 1530 1446 τὴν
1591 1378 1841 1445 τοιαύτην
1895 1379 1998 1455 βα-

2113 1391 2264 1434 ιοιιιη
2319 1372 2515 1434 nervis
2547 1392 2580 1433 a
2621 1373 2930 1436 lictoribus
2961 1372 3377 1436 crudelissime
3409 1372 3743 1436 verberari.

355 1489 517 1529 σανον
568 1473 596 1526 ὃ
640 1469 810 1545 μέγας
860 1467 1088 1544 Κλήμης
1150 1466 1288 1525 οὕτω
1331 1490 1380 1522 τι
1439 1468 1694 1546 γενναίως
1749 1469 2000 1543 υπεμενε,

2096 1461 2381 1534 Quoniam
2418 1481 2556 1524 vero
2585 1481 2834 1542 magnus
2864 1463 3143 1525 Clemens
3165 1463 3463 1544 ejusmodi
3487 1473 3748 1524 tormen-

355 1562 612 1620 τοσούτου
671 1558 790 1618 δέον
835 1559 889 1616 ἐν
939 1556 1090 1637 λόγῳ
1131 1559 1233 1614 τινὶ
1281 1558 1368 1613 καὶ
1425 1558 1617 1635 μετρίῃ
1648 1558 1742 1621 τὰς
1799 1556 2014 1635 πληγὰς

2113 1562 2220 1612 tum
2257 1561 2372 1612 tam
2410 1570 2621 1630 magno
2655 1561 2711 1613 et
2743 1553 2982 1615 excelso
3013 1553 3213 1615 animo
3241 1553 3494 1633 ferebat,
3526 1560 3585 1615 et
3620 1563 3746 1614 tau-

357 1653 615 1729 τίθεσθαι,
647 1652 718 1711 ὡς
777 1647 908 1718 ὑπὲρ
953 1648 1142 1704 ἑαυτοῦ
1195 1669 1251 1703 τε
1306 1647 1388 1702 καθ
1426 1647 1822 1726 Ἀγαθαγγὲλου
1875 1646 2015 1704 ἀπε-

2113 1650 2223 1702 tum
2256 1639 2485 1714 aberat,
2520 1652 2583 1704 ut
2617 1641 2920 1724 plagarum
2952 1644 3043 1706 vel
3089 1643 3384 1705 modicam
3416 1643 3598 1704 ullam
3631 1642 3747 1703 du-

358 1741 666 1820 ρισπᾶστως
729 1739 1008 1818 εῧχεσθαι,
1039 1739 1065 1793 ὁ
1099 1739 1338 1817 ἔπαρχος
1385 1738 1549 1815 μικρὰ
1591 1744 1755 1794 ταῦτα
1797 1737 2017 1812 νομίσας

2113 1738 2264 1794 :eret
2312 1731 2635 1807 rationem,
2685 1741 2750 1792 ut
2802 1751 2908 1812 pro
2962 1751 3026 1794 se
3077 1742 3130 1795 et
3182 1753 3287 1814 pro
3342 1733 3748 1813 Agathangelo

359 1834 456 1888 καὶ
507 1830 586 1906 μὴ
619 1827 882 1904 δυνάμενα
927 1827 1234 1884 καθικέσθαι
1287 1827 1470 1909 ψυχῆς
1531 1827 1670 1884 οὕτω
1728 1828 1922 1906 πάγιον
1962 1826 2016 1882 ἓν

2113 1821 2340 1882 assidue
2391 1830 2587 1884 oraret
2623 1841 2636 1886 :
2672 1822 2985 1904 prazfectus
3016 1823 3142 1884 haae
3195 1840 3375 1903 parva
3408 1842 3538 1885 esse
3581 1822 3748 1884 arbi-

361 1925 497 1996 αϋτῇ
556 1919 785 1993 θεμένης
850 1919 909 1974 τὸ
971 1917 1396 1992 ἆπετᾶπειστον,
1429 1917 1628 1984 ἀνῆκεν
1685 1918 1876 1982 αὐτοὺς
1918 1921 2017 1984 τῆς

360 2008 640 2069 κολάσεως
687 2023 774 2064 καὶ
807 2006 1134 2088 ἆμφοτὲρους
1177 2014 1246 2085 τῇ
1295 2006 1508 2088 (θυλακῇ
1536 2005 1740 2064 δίδωσι⁶
1802 2007 2017 2086 θέατρον

363 2096 419 2154 δὲ
465 2099 538 2160 εἰς
590 2098 688 2165 τὴν
733 2095 856 2162 ἑξῆς
922 2099 1065 2169 αὒτῷ
1134 2097 1220 2150 καὶ
1277 2095 1432 2167 θηρία
1489 2094 1871 2169 ἐτοιμασθῆναι
1916 2114 2015 2150 κε-

365 2186 534 2259 λεύει,
569 2188 655 2244 καῖ
711 2187 769 2242 τὸ
803 2183 1007 2253 πλῆθος
1067 2182 1267 2260 πολλὰ,
1302 2185 1388 2240 καὶ
1447 2185 1508 2241 το
1559 2183 1713 2262 γένος
1767 2181 2014 2262 διάφορα,

364 2276 455 2333 καῖ
483 2277 720 2354 ὑπερφυᾶ
762 2275 859 2342 τὴν
891 2273 1173 2349 ὠμότητα,

452 2534 610 2620 NQ“.
651 2543 834 2620 ’Ἅγιοι
866 2549 941 2615 τῷ
991 2538 1346 2618 δεσμωτηρίῳ
1396 2539 1855 2617 καταλειγθέντες,
1891 2560 2017 2596 συν-

365 2634 638 2711 τονωτέρᾳ
691 2631 897 2708 μᾶλλον
953 2633 1328 2709 επηγρύπνουν
1383 2636 1452 2706 τῇ
1512 2636 1814 2709 προσευχῇ’
1850 2627 2017 2706 ἅγγε-

363 2726 453 2782 λοι
511 2722 566 2780 δὲ
598 2723 782 2784 αὐτοῖς
835 2721 1038 2798 ἄνωγεν
1097 2719 1408 2784 ἐπιστάντες
1463 2719 1594 2797 πρὸς
1627 2719 1687 2774 τὸ
1735 2719 2020 2795 μαρτύριον

363 2813 618 2892 ἤλειφον,
665 2809 824 2869 ’Ὅσοι
868 2820 994 2889 γοῦν
1030 2812 1111 2866 καὶ
1171 2807 1322 2865 ἄλλοι
1367 2809 1507 2864 κατα
1549 2829 1698 2871 τινας
1731 2808 1816 2863 καὶ
1865 2805 2016 2865 αὖτοῖ

364 2907 536 2968 αἰτίας
579 2900 750 2976 ᾤκουν
795 2906 855 2956 τὸ
906 2898 1298 2978 δεσμωτήριον,
1335 2898 1454 2955 τότε
1504 2903 1604 2965 τῆς
1636 2894 1870 2967 δεήσεως
1920 2896 2020 2952 αὒ-

364 3000 477 3051 τῶν
521 2990 731 3056 ἐκτενὲς
759 2988 984 3069 ἰδόντες,
1017 2989 1143 3046 εἶτα
1201 2989 1288 3044 καὶ
1346 2993 1443 3055 τῆς
1494 2994 1599 3044 τῶν
1631 2985 1878 3065 ἀγγέλων
1934 2987 2020 3042 αἶ-

363 3083 613 3159 σθόμενοι
675 3081 984 3160 παρουσίας,
1025 3081 1122 3136 καὶ
1171 3079 1264 3145 τὴν
1309 3077 1622 3154 θαυμαστὴν
1653 3075 1866 3144 ἐκείνην
1924 3075 2021 3132 ὲκ-

367 3172 664 3252 πλαγὲντες
708 3169 1072 3247 παράκλησιν,
1125 3167 1293 3247 θέρμῃ
1349 3172 1449 3223 τινι
1491 3167 1603 3240 θείᾳ
1658 3167 1759 3234 τὴν
1831 3166 2021 3252 ψυχὴν

366 3263 674 3330 κινηθέντες
687 3309 703 3341 ,

368 3359 467 3410 τοῦ
528 3356 759 3428 Χριστοῦ
817 3350 904 3407 καὶ
949 3352 1130 3414 αὒτοϊς
1184 3350 1256 3410 εἷς
1312 3354 1508 3424 γνῶσιν
1569 3345 1744 3403 ἐλθεῖν
1805 3344 2032 3420 ἀξιοῦσι,

373 3443 466 3498 καὶ
523 3445 618 3508 τῆς
655 3439 853 3496 ἐκείνου
902 3437 1143 3516 γενέσθαι
1189 3436 1482 3515 ὁμολογίας
1526 3437 1764 3502 ἀναξίους
1797 3436 1874 3510 μὴ
1935 3435 2032 3490 λο-

374 3535 646 3610 γισθῆναι.
712 3531 771 3587 Oi
805 3528 902 3604 μὲν
961 3527 1048 3583 οὖν
1103 3525 1231 3606 ἄχρι
1266 3526 1444 3602 μέσων
1504 3532 1706 3584 νυκτῶν
1755 3538 1874 3587 τοῖς
1933 3524 2031 3579 ἆν-

373 3619 528 3699 δράσι
599 3616 994 3696 διαλεγόμενοι,
1055 3627 1458 3691 παραινοῦντες,
1534 3613 1868 3679 διδάσκοντες
1939 3615 2030 3671 οὖν

373 3711 639 3788 πρότερον
699 3707 1011 3772 ἀπέστησαν
1043 3705 1146 3769 ἕως
1179 3705 1366 3770 αὖτοὺς
1419 3707 1492 3769 εἷς
1525 3709 1623 3772 την
1663 3703 1838 3770 ἀληθῆ
1897 3725 2031 3759 κατ-

379 3801 604 3878 ήρτισαν
662 3798 864 3870 πίστιν,
925 3797 1012 3852 καὶ
1066 3801 1143 3868 τῷ
1197 3799 1322 3869 θείῳ
1389 3795 1719 3872 βαπτίσματι
1777 3793 2030 3872 ἐσφραγίο

375 3910 561 3950 σαντο.
616 3885 847 3945 ’Ἔπειτα
889 3885 1030 3950 ὅλως
1080 3888 1108 3941 ὁ
1159 3885 1330 3960 μέγας
1378 3883 1606 3958 Κλήμης
1663 3884 1758 3944 τὰς
1792 3885 1885 3938 του
1938 3883 2030 3938 δε-

374 3977 686 4057 σμωτηρίου
758 3974 928 4039 πύλας
1017 3976 1198 4035 αὖτοτς
1273 3976 1413 4054 εὖχῇ
1494 3971 1816 4036 διαπετάσας
1890 3970 2032 4028 ἐκεί-

373 4089 494 4133 νους
563 4067 662 4142 μὲν
723 4068 934 4146 χαίρων
988 4065 1162 4145 ἀγῆκε
1226 4064 1541 4143 χαίροντας,
1603 4061 1758 4125 αυτὸς
1818 4060 1872 4118 δὲ
1944 4060 2036 4117 σὺν

376 4163 457 4231 τῷ
531 4153 940 4236 Ἀγαθαγγέλῳ,
1007 4157 1159 4230 μόνοι
1233 4154 1373 4233 παρὰ
1444 4153 1511 4221 τῆ
1567 4151 1778 4231 φυλακῇ
1848 4150 2036 4206 ὑπελί-

374 4268 567 4305 ποντο.

465 4417 596 4478 MZ'.
649 4413 817 4472 Τοῦτο
846 4416 1083 4494 ἰσχυρῶς
1143 4413 1379 4486 ἐκμαίνει
1406 4414 1496 4469 τὸν
1539 4414 1917 4491 Ἀγριππῖνον,
1953 4412 2040 4468 καὶ

2103 1919 2314 1982 tratus,
2352 1919 2407 1971 et
2456 1929 2588 1990 quae
2637 1911 2903 1972 animum
2940 1931 3059 1973 non
3107 1913 3491 1989 attingerent,
3525 1915 3585 1974 in
3634 1929 3751 1993 quo

2102 2002 2214 2062 hoc
2251 2001 2399 2062 adeo
2435 2002 2617 2062 ﬁxum
2667 2012 2724 2062 et
2757 2002 2993 2062 ﬁrmum
3027 2002 3353 2074 insederat,
3389 2021 3465 2064 ne
3496 2001 3568 2063 ad
3600 2021 3750 2062 eon-

2103 2091 2344 2152 trariam
2371 2090 2789 2153 traduceretur
2818 2093 3178 2155 sententiam
3208 2115 3222 2162 ;
3258 2100 3579 2173 utrumque
3611 2091 3753 2170 qui-

2105 2180 2240 2242 dem
2271 2179 2556 2241 relaxavit
2585 2199 2617 2241 a
2650 2182 3066 2258 castigatione,
3102 2191 3160 2243 et
3193 2181 3440 2244 tradidit
3468 2182 3528 2242 in
3556 2189 3755 2244 custo-

2102 2268 2259 2331 diam
2297 2293 2308 2326 :
2347 2270 2622 2349 sequenti
2654 2277 2848 2329 autem
2897 2269 2996 2331 die
3020 2269 3191 2348 jubet
3225 2271 3521 2332 theatrum
3557 2271 3755 2351 parari

2103 2367 2163 2420 et
2191 2357 2443 2428 bestias,
2478 2367 2535 2419 et
2566 2375 2820 2420 numero
2849 2358 3086 2433 multas,
3115 2368 3172 2421 et
3201 2378 3424 2439 genere
3455 2359 3750 2443 diversas,

2101 2455 2161 2508 et
2191 2447 2540 2509 crudelitate
2571 2447 2867 2527 insignes.

2184 2536 2383 2599 XLVI.
2422 2539 2614 2618 Atque
2645 2535 2833 2598 sancti
2875 2536 3121 2618 quidem
3155 2538 3350 2600 relicti
3381 2538 3440 2600 in
3487 2555 3752 2614 carcere,

2102 2625 2518 2689 vehementius
2576 2635 2634 2687 et
2691 2626 2988 2688 intensius
3057 2627 3406 2706 vigilantes,
3468 2629 3757 2690 vacabant

2105 2716 2385 2778 orationi:
2414 2716 2611 2792 angeli
2643 2726 2838 2776 autem
2867 2717 2940 2778 ad
2971 2735 3075 2779 eos
3105 2719 3366 2798 desuper
3386 2718 3754 2791 advolantes,

2106 2805 2519 2888 praeparabant
2551 2815 2608 2867 et
2641 2805 3075 2868 conﬁrmabant
3101 2806 3172 2868 ad
3200 2808 3574 2888 martyrium.
3603 2809 3756 2882 Qui—

2105 2915 2342 2976 cunque
2373 2913 2514 2956 vero
2543 2895 2642 2956 alii
2674 2905 2919 2978 propter
2948 2897 3094 2958 alias
3125 2897 3302 2958 etiam
3339 2914 3550 2959 causas
3581 2897 3752 2959 habi-

2107 2984 2310 3047 tabant
2343 2987 2398 3046 in
2433 3003 2701 3059 carcere,
2737 3005 2867 3047 cum
2908 3004 3114 3048 eorum
3147 2987 3442 3048 intensam
3469 2987 3762 3050 vidissent

2106 3075 2463 3155 orationem,
2497 3085 2556 3137 et
2585 3075 2808 3137 deinde
2840 3076 3016 3138 etiam
3076 3077 3411 3140 sensissent
3438 3078 3756 3140 adventum

2075 3165 2485 3245 ,angelorum,
2525 3176 2580 3226 et
2613 3165 2714 3226 illa
2743 3164 3080 3227 admirabili
3133 3166 3528 3246 obstupefacti
3561 3175 3763 3229 essent

761 3259 1157 3339 προσπίπτουσί
1214 3279 1267 3313 τε
1299 3271 1387 3314 τοι
1431 3257 1626 3334 ὰγίοις,
1657 3258 1754 3312 καί
1782 3257 1850 3312 τὰ
1919 3251 2088 3334 cepi”

2121 3255 2556 3330 consolatione,
2587 3255 2785 3316 divino
2817 3255 3074 3332 quodam
3109 3257 3322 3318 ardore
3366 3275 3572 3318 eorum
3605 3257 3762 3319 inci-

2120 3347 2252 3409 tatis
2305 3347 2542 3420 animis,
2579 3347 2898 3428 procidunt
2944 3347 3014 3409 ad
3069 3347 3254 3428 pedes
3303 3355 3674 3424 sanctorum,
3707 3357 3768 3411 et

2116 3445 2328 3516 rogant
2357 3447 2420 3497 ut
2447 3437 2557 3517 ipsi
2591 3457 2828 3518 quoque
2850 3438 3090 3500 veniant
3118 3439 3190 3500 ad
3225 3437 3440 3501 Christi
3475 3439 3765 3518 cognitio-

2116 3545 2278 3606 nem,
2313 3534 2375 3588 et
2410 3545 2482 3586 ne
2513 3534 2875 3607 repetentur
2927 3527 3176 3606 indigni,
3214 3529 3316 3609 qui
3370 3529 3537 3591 illum
3572 3529 3766 3591 conﬁ-

2115 3623 2370 3678 teantur.
2420 3615 2510 3676 llli
2559 3625 2757 3678 autem
2810 3636 2944 3679 cum
3008 3619 3095 3678 eis
3144 3618 3218 3679 ad
3272 3619 3530 3681 mediam
3578 3637 3768 3699 usque

2115 3712 2352 3767 noctem
2386 3703 2780 3774 disserentes,
2815 3706 3164 3787 suadentes,
3199 3707 3617 3782 admonentes,
3655 3709 3767 3769 do-

2115 3806 2345 3866 centes,
2383 3815 2500 3856 non
2554 3798 2718 3877 prius
2749 3797 3132 3872 destiterunt,
3169 3818 3343 3880 quam
3379 3819 3482 3861 eos
3539 3801 3599 3861 in
3636 3819 3771 3862 vera

2117 3887 2234 3948 ﬁde
2291 3886 2683 3962 instituerint,
2717 3895 2774 3948 et
2825 3887 3030 3948 divino
3066 3888 3364 3968 baptismo
3412 3889 3768 3967 obsignave-

2117 3978 2261 4040 rint.
2297 3973 2530 4038 Deinde
2582 3995 2716 4038 cum
2753 3994 3000 4056 magnus
3031 3977 3312 4040 Clemens
3341 3977 3466 4037 sola
3503 3979 3772 4040 oratione

2120 4068 2204 4130 eis
2235 4065 2496 4127 carceris
2520 4075 2701 4127 totam
2735 4067 3069 4147 aperuisset
3089 4067 3496 4145 januam,illos
3525 4067 3770 4150 quidem

2119 4155 2289 4218 laztus
2324 4155 2491 4217 laetos
2522 4155 2752 4217 uimisit
2787 4177 2800 4218 :
2863 4156 2992 4238 ipse
3021 4166 3218 4219 autem
3251 4157 3413 4219 solus
3445 4177 3578 4219 cum
3612 4159 3770 4238 Aga-

2120 4245 2400 4324 thangelo
2438 4248 2654 4305 mansit
2684 4245 2742 4306 in
2776 4246 3071 4310 custodia.

2178 4422 2381 4487 XLVII
2398 4426 2544 4486 .Hoc
2567 4425 2961 4507 Agrippinum
2987 4425 3154 4487 valde
3172 4445 3383 4505 magno
3407 4430 3519 4490 ciet
3548 4429 3770 4504 furore,

381 4505 677 4584 παργαγὼν
723 4505 910 4568 αὖτοὺς
971 4505 1045 4566 είς
1117 4504 1177 4558 τὸ
1231 4501 1470 4577 θέατρον,
1530 4502 1620 4558 καί
1676 4524 1726 4558 τι
1783 4502 2025 4580 πρότεροι

2122 4522 2181 4576 et
2225 4532 2362 4576 cum
2397 4533 2499 4576 eos
2532 4501 2882 4576 deduiisset
2911 4515 2971 4576 in
3005 4501 3330 4593 theatrum,
3361 4527 3419 4580 et
3450 4519 3578 4599 ipse
3612 4501 3776 4600 prius

388 4594 548 4656 αυτὸς
620 4595 754 4651 κατὰ
814 4597 918 4648 τῶν
982 4593 1150 4669 ἁγίων
1207 4589 1391 4669 βρύξας
1455 4590 1718 4664 λεόντιον,
1771 4591 1894 4648 εἶτα
1949 4589 2025 4646 καί

2124 4621 2290 4665 more
2346 4603 2536 4665 leonis
2568 4605 2625 4666 in
2676 4613 2917 4666 sanctos
2961 4607 3268 4684 rugiisset,
3303 4586 3525 4669 deinde
3577 4586 3636 4672 in
3673 4627 3776 4672 eos

383 4683 604 4746 λέοντας
685 4682 868 4743 αυτοῖς
943 4683 1030 4737 καὶ
1101 4680 1333 4745 πολλοὺς
1405 4686 1510 4736 τῶν
1579 4683 1757 4757 θηρῶν
1829 4679 2033 4757 ἐτέρους

386 4773 644 4854 ἆφεθῆναι
706 4770 936 4831 κελεύει.
995 4770 1054 4827 Οἱ
1112 4767 1159 4825 δ’
1203 4769 1469 4832 ἀνεθέντες
1516 4770 1636 4833 τοὺς
1696 4770 1794 4844 μὲν
1853 4770 2036 4847 ἆγιους

388 4863 536 4922 οὒδὲν
584 4863 645 4918 τὸ
704 4860 956 4938 παράπαν
1014 4864 1195 4922 κακῶς
1271 4861 1527 4931 ἓποίουν,
1588 4857 1727 4915 ἀλλὰ
1799 4860 1882 4914 καὶ
1941 4857 2037 4927 ἡδὺ

387 4951 594 5027 μᾶλλον
648 4951 734 5006 καὶ
765 4949 966 5028 ἥμερον
1021 4951 1092 5010 είς
1127 4950 1308 5009 αὖτοὺς
1345 4949 1547 5028 ἑώρων,
1580 4949 1668 5005 καὶ
1725 4956 1811 5005 νῦν
1844 4950 1942 5022 μὲν
1973 4950 2038 5006 τὰ

383 5042 527 5120 ’ίχνη
578 5039 778 5096 τούτων
809 5037 1005 5117 ἱλαρῶς
1045 5036 1416 5117 περιέλειχον,
1455 5044 1514 5093 νῦ
1565 5035 1734 5093 δὲκαὶ
1791 5037 2036 5115 προσήλ-

383 5129 542 5186 λοντο
602 5135 915 5206 προσηνῶς,
950 5128 1044 5182 οὐκ
1074 5126 1300 5201 ἀνόμοια
1359 5139 1474 5189 τοῖς
1505 5128 1617 5182 γυσὶ
1674 5129 1977 5200 ποίοῠντες,
2013 5129 2044 5183 ἂ

385 5221 514 5296 πρὸς
573 5220 694 5282 τοὺς
727 5215 990 5281 δεσπότας
1037 5217 1158 5281 τοὺς
1222 5216 1420 5270 ἑαυτῶν
1464 5216 1664 5273 ἐκεῖνοι
1695 5213 1855 5294 δρῶσι
1912 5217 2044 5274 πολ-

382 5309 535 5372 λάκις
598 5309 733 5382 μετὰ
765 5307 965 5387 χρόνον
1018 5307 1362 5368 ἐπανιόνταςο
1393 5307 1515 5370 τοὺς
1576 5305 1674 5380 μὲν
1717 5308 1808 5362 οὖν
1861 5308 2041 5384 ἁγίους

381 5397 527 5456 οὖδὲδ
592 5400 638 5454 οἱ
680 5402 838 5474 θῆρες
900 5397 1202 5474 εἰργάζοντο
1275 5397 1533 5473 πονηρὸν,
1594 5394 1921 5473 ’Λθριππίνω
1983 5393 2040 5452 δὲ

384 5492 485 5555 τὴν
559 5485 770 5562 καρδίαν
841 5487 1080 5566 ἰσχυρῶς
1141 5484 1441 5558 ἔπλητἰον,
1514 5486 1864 5563 ἀπορουμένῳ
1923 5500 2039 5549 τοῖς

387 5577 555 5651 ὅλοις,
589 5577 680 5633 καὶ
741 5584 895 5634 τοῦτο
926 5574 992 5642 δὴ
1050 5577 1112 5633 τὸ
1169 5575 1430 5651 διδόμενον
1477 5576 1759 5641 ἀνηνύτοις
1817 5575 2034 5656 ἐπιχει-

389 5674 589 5749 ροῦντι,
649 5667 744 5724 κᾶν
801 5670 861 5723 τὸ
936 5667 1142 5735 πλάνης
1213 5667 1402 5733 σκότος
1469 5665 1604 5724 οὕτω
1663 5666 1865 5744 βαθέως
1941 5671 2037 5727 αὐ-

2121 4712 2359 4774 quoque
2418 4694 2626 4755 leones
2658 4703 2716 4754 et
2748 4694 2966 4757 multas
2996 4697 3143 4756 alias
3207 4697 3426 4758 bestias
3451 4699 3624 4778 jubet
3655 4699 3774 4760 im-

2121 4781 2395 4844 mitti.Illi
2420 4796 2618 4844 autem
2643 4783 3085 4866 immissi,nihil
3111 4787 3352 4867 quidem
3389 4788 3525 4850 mali
3553 4792 3778 4851 sanctis

2121 4872 2367 4933 omnino
2405 4872 2728 4949 faciebant;
2763 4873 2870 4934 Sed
2910 4874 3146 4936 blandis
3178 4878 3374 4957 potius
3410 4886 3466 4938 et
3496 4877 3777 4958 benignis

2122 4978 2225 5022 eos
2252 4960 2641 5023 intuebantur
2669 4961 2947 5036 oculis,et
2980 4983 3136 5026 nunc
3168 4965 3407 5046 quidem
3433 4985 3639 5028 eorum
3667 4985 3776 5047 pe-

2127 5049 2235 5111 des
2268 5050 2535 5113 hilariter
2576 5051 2919 5129 lingebant;
2957 5073 3115 5116 nunc
3145 5065 3341 5115 autem
3377 5055 3435 5114 in
3459 5073 3564 5116 eos
3596 5058 3773 5117 etiam

2128 5139 2363 5220 placide
2398 5141 2762 5212 insiliebant.
2790 5163 2930 5205 num
2957 5145 3332 5206 dissimiliter
3361 5145 3649 5207 facientes
3679 5146 3774 5222 iis,

2126 5248 2254 5310 quae
2277 5249 2456 5292 canes
2481 5249 2638 5312 saape
2664 5232 2889 5294 faciunt
2912 5234 3036 5294 suis
3067 5233 3349 5310 dominis,
3373 5234 3473 5314 qui
3499 5245 3628 5315 post
3654 5236 3780 5297 lon~

2125 5336 2260 5396 gum
2287 5328 2522 5400 tempus
2545 5321 3035 5402 redeunt.Atque
3056 5324 3280 5385 sanctis
3304 5323 3547 5404 quidem
3577 5326 3781 5388 bestia

2122 5407 2270 5470 nihil
2294 5409 2430 5470 mali
2455 5409 2776 5473 faciebant:
2804 5413 3120 5492 Agrippini
3155 5431 3294 5475 vero
3320 5414 3580 5476 animum
3610 5416 3780 5478 valde

2126 5497 2554 5578 percellebant,
2582 5500 2680 5580 qui
2717 5510 2839 5562 erat
2869 5502 2944 5562 de
2970 5511 3089 5564 tota
3111 5520 3179 5566 re
3202 5503 3538 5565 mirandum
3575 5506 3631 5567 in
3659 5525 3781 5568 mo-

2123 5587 2266 5680 dum
2285 5589 2604 5670 perplexus
2627 5599 2683 5652 et
2707 5591 2894 5653 animi
2920 5592 3328 5674 dubius,et,ut
3350 5595 3661 5670 dicitur,ea
3683 5617 3783 5680 ag-

2122 5675 2650 5759 grederetur,quae
2675 5699 2793 5744 non
2827 5691 3073 5764 possent
3102 5684 3294 5750 efﬁci:
3331 5703 3671 5772 quanquam
3695 5675 3786 5754 er-
