4104 6198
444 260 564 325 855

1736 255 2020 322 MENSIS
2071 256 2533 319 JANUARIUS.

3700 259 3816 326 856

439 399 601 480 poris
621 397 890 462 tenebrm
911 416 1101 479 usque
1115 397 1264 459 adeo
1287 412 1506 458 crassae
1531 396 1671 457 etim
1700 392 2076 476 detinebant,

2177 401 2253 452 τοῦ
2310 395 2553 452 καθίκετο
2608 395 2682 456 ὣς
2741 391 2879 469 μηδὲ
2933 398 3172 455 συνεῖναι
3233 405 3394 455 ταῦτα
3433 393 3649 468 ἰδόντα,
3682 397 3817 472 μηδὶ

438 497 504 551 ut
523 507 634 552 nec
657 508 791 552 cum
817 507 886 552 ea
907 487 1147 568 quidem
1183 483 1968 562 vidisset,intelligeret,nec
1990 483 2088 548 be-

438 579 690 643 stiarum
742 579 948 640 saltem
981 583 1357 638 revereretur
1396 573 1564 636 illum
1597 591 1776 654 supra
1815 582 2086 637 naturam

441 675 851 731 mutationem.
877 665 1112 728 Sanctis
1133 675 1334 726 autem
1366 681 1438 726 ea
1464 681 1562 725 res
1577 663 1686 726 fuit
1701 681 1881 725 causa
1900 662 2084 730 Deum

435 755 836 837 gloriﬁcandi,
891 763 950 816 et
1004 762 1248 817 orantes
1302 753 1630 817 dicebant:
1694 753 1896 817 Gloria
1950 752 2080 828 tibi,

436 845 696 922 Christe,
729 843 886 926 quod
919 845 1060 906 ferae
1089 862 1325 926 quoque
1354 846 1475 906 sint
1513 861 1624 906 nos
1653 842 2091 908 admirabiliter

434 943 493 998 et
522 942 740 1016 praeter
769 933 1112 1014 opinionem
1138 933 1434 1008 reverita},
1472 941 1530 996 et
1559 933 1928 996 confirmasti
1957 951 2091 1014 quae

435 1023 593 1087 dicta
623 1030 764 1086 sunt
797 1041 905 1104 per
936 1031 1101 1086 tuum
1134 1021 1449 1087 Danielem
1484 1023 1833 1104 prophetam
1855 1023 1909 1087 5.
1935 1021 2090 1085 Ecce

436 1113 599 1176 enim
659 1119 718 1175 et
748 1113 958 1176 leones
991 1112 1195 1176 multae
1225 1112 1526 1174 immanes
1555 1111 1698 1175 ferae
1724 1111 1788 1174 in
1818 1130 1928 1174 nos
1959 1120 2097 1174 sunt

434 1197 751 1278 immissae,
785 1202 894 1265 sed
929 1211 986 1264 tu
1021 1204 1265 1265 omnino
1295 1201 1464 1264 fuisti
1521 1200 1860 1276 nobiscum,
1894 1201 1998 1280 qui
2028 1219 2095 1264 es

438 1293 618 1357 etiam
650 1295 810 1357 Deus
840 1292 1127 1354 Danielis.

517 1382 773 1446 XLVIII.
807 1381 1038 1445 Deinde
1068 1399 1206 1444 vero
1255 1380 1510 1462 agrestis
1537 1378 1930 1462 Agrippinus,
1957 1399 2092 1443 cum

439 1473 613 1551 nihil,
651 1480 718 1534 ut
750 1477 912 1552 prius
944 1471 1227 1546 diximus,
1259 1480 1418 1534 esset
1466 1478 1763 1546 mutatus;
1800 1470 1904 1533 sed
1938 1471 2092 1551 ejus,

439 1563 598 1645 quod
617 1562 1056 1625 admirabiliter
1079 1561 1374 1624 iecissent
1401 1560 1697 1640 bestiaa,et
1723 1567 1941 1641 praeter
1962 1560 2096 1642 opi-

440 1655 712 1728 nionem,
736 1670 939 1714 earum
974 1651 1498 1716 mansuetudinem
1528 1650 1776 1712 dixisset
1797 1669 1932 1714 esse
1963 1669 2099 1714 cau-

2170 489 2277 542 τῶν
2328 488 2505 563 θηρῶν
2564 483 2688 563 γοῦν
2734 481 3031 552 αἰδεσθῆναι
3087 485 3187 553 τὴν
3231 485 3361 563 ὑπέρ
3411 487 3569 566 φύσιν
3613 484 3816 555 ἐκείνην

2173 578 2270 641 τῆς
2342 573 2546 652 φύσεως
2619 570 2948 647 μεταϐολήν.
3019 583 3148 637 Τοῖς
3211 573 3378 651 ἁγίοις
3435 574 3492 631 δὲ
3558 577 3815 657 πρόφασις

2174 662 2360 741 γέγονε
2429 666 2530 731 τῆς
2599 665 2672 728 εἰς
2733 663 2863 719 Θεὸν
2913 661 3217 742 δοξολογίας
3288 666 3350 720 τὸ
3417 672 3670 744 πρᾶγμα,
3725 667 3815 724 καί

2173 753 2624 832 προσευχόμενοι,
2685 751 2820 818 Δόξα
2879 774 2985 826 σοι,
3049 752 3262 830 Χριστέ,
3323 752 3534 831 ἔλεγον,
3599 752 3682 810 ὅτι
3734 759 3816 814 καὶ

2171 845 2328 920 θῆρες
2373 845 2518 918 ὴμᾷς
2576 839 2883 919 παραδόξως
2928 839 3248 918 ᾐδέσθησαν,
3298 844 3389 900 καὶ
3437 841 3525 899 διὰ
3571 850 3680 900 τῶν
3731 865 3817 900 τα·

2173 937 2368 988 πεινῶν
2418 932 2576 1006 ἡμῶν
2612 933 2671 989 τά
2699 932 2836 989 κατά
2863 933 2954 988 τὸν
3003 933 3096 988 σὸν
3126 934 3405 1012 προφήνην
3455 931 3665 1001 Δανιηλ
3694 932 3813 990 ἰπι-

2175 1020 2388 1078 στώσω⁶
2448 1019 2556 1078 ἰδοὺ
2600 1021 2701 1100 γάρ
2749 1022 2839 1078 καὶ
2893 1019 3102 1085 λέοντες
3149 1023 3266 1080 καθ’
3311 1024 3468 1099 ἡμῶν
3502 1023 3590 1079 καὶ
3649 1020 3814 1082 πολλᾶ

2178 1116 2283 1168 τῶν
2349 1109 2635 1189 ἀνημέρων
2701 1112 2888 1191 ἀφειθη
2967 1111 3187 1191 θηρίων,
3260 1109 3399 1168 ἀλλά
3469 1113 3534 1168 οὗ
3607 1113 3812 1175 πάντως

2177 1205 2242 1270 ἧς
2274 1199 2394 1276 μεθ’
2422 1202 2576 1276 ἡμῶν
2609 1203 2637 1258 6
2667 1202 2752 1258 καὶ
2781 1210 2876 1260 τοῦ
2907 1198 3106 1270 Δανιὴλ
3136 1201 3290 1266 Θεός.

2259 1378 2407 1440 κε’.
2470 1387 2604 1437 Et“
2633 1381 2660 1436 6
2716 1377 2899 1458 ἄγριος
2955 1377 3183 1448 τάληθὲς
3235 1380 3594 1459 ’Λγριππῐνος
3651 1379 3812 1455 οὐδὲν,

2179 1469 2359 1549 ὥσπερ
2416 1467 2650 1549 ἔφθημεν
2699 1469 2961 1544 εἰπόντεσ,
3007 1467 3349 1545 μεταϐαλὼν,
3380 1469 3518 1528 ἀλλά
3576 1475 3674 1538 τῆς
3718 1475 3816 1526 τῶν

2178 1562 2350 1638 θηρῶν
2401 1557 2844 1638 παραδοξοποιίας
2875 1561 2934 1616 τὸ
2991 1559 3278 1639 χειρόηθες
3329 1565 3507 1620 αὐτῶν
3536 1561 3626 1618 καὶ
3676 1563 3818 1616 τιθα-

2180 1652 2270 1708 σὸν
2333 1649 2510 1708 αἴτιον
2582 1649 2822 1728 γενέσθαι
2880 1649 3264 1729 φθεγξάμενος,
3321 1650 3527 1708 κελεύει
3602 1647 3818 1712 σούὸλας

439 1762 591 1819 sam,
618 1741 788 1823 jubet
809 1741 1052 1804 subulas
1075 1741 1244 1805 valde
1275 1741 1604 1804 candentes
1633 1739 1723 1802 eis
1745 1758 1852 1820 per
1869 1741 2088 1804 medios

2180 1740 2414 1820 ἰσχύρῶς
2467 1736 2602 1817 ἄγαν
2633 1739 3020 1815 ἐκπυρωθείσας
3073 1737 3158 1795 διά
3201 1738 3362 1815 μέσον
3416 1742 3606 1801 αὒτοῒς
3653 1737 3824 1795 ἑκατέ-

439 1834 756 1913 utrinsque
791 1849 1007 1893 manus
1034 1831 1353 1911 digitos,ad
1383 1829 1543 1911 ipsas
1560 1847 1750 1910 usque
1770 1829 1944 1891 ulnas
1964 1830 2092 1892 inti-

439 1923 724 2004 gi.Atque
749 1921 869 1984 illa;
897 1923 1245 1999 quidem,ut
1276 1919 1931 2001 illejusserat,athletis
1958 1920 2096 1982 ada-

436 2022 567 2087 ctaa,
606 2013 835 2075 theatro
886 2011 1170 2075 acerbum
1207 2010 1520 2093 praebuere
1562 2009 1998 2092 spectaculum,
2028 2017 2091 2072 ut

438 2103 606 2167 multi
642 2121 718 2166 ne
747 2101 939 2166 libere
981 2102 1222 2183 quidem
1253 2099 1476 2163 intueri
1508 2107 1774 2180 possent,
1799 2099 1906 2162 sed
1941 2119 2088 2181 pro-

441 2199 571 2276 pter
602 2191 900 2254 tristitiam
933 2192 1091 2272 ejus,
1123 2191 1279 2272 quod
1314 2189 1696 2265 cernebatur,
1721 2189 2003 2254 humanis
2030 2199 2089 2254 et

437 2280 840 2345 clementibus
874 2281 1249 2344 conniverint
1269 2280 1481 2356 oculis,
1506 2279 1942 2342 eﬂ'ecere.Cum
1969 2280 2090 2362 pri-

439 2391 603 2436 mum
637 2374 797 2436 enim
830 2373 1058 2436 ferrum
1093 2389 1302 2434 carnes
1343 2370 1664 2450 attigisset,
1699 2370 1817 2433 illa;
1845 2371 2086 2451 quidem

437 2462 621 2526 veluti
645 2461 965 2545 quemdam
990 2461 1244 2543 primum
1267 2479 1507 2541 gravem
1526 2458 1768 2522 sibilum
1801 2459 2086 2542 emisere;

438 2552 662 2616 deinde
687 2570 992 2634 purpurea
1024 2551 1292 2633 quaedam
1319 2550 1617 2632 pinguedo
1637 2550 1800 2612 illinc
1828 2549 2088 2613 descen-

439 2641 591 2706 dens
620 2662 758 2706 cum
809 2641 1127 2722 sanguine,
1161 2639 1475 2704 videbatur
1515 2640 1633 2702 vim
1662 2640 1824 2720 ignis
1865 2641 2091 2703 exstin-

437 2751 650 2811 guere,
675 2733 1010 2813 nidoreque
1042 2741 1100 2794 et
1126 2732 1290 2795 fumo
1320 2730 1608 2812 implebat
1633 2748 1858 2792 aerem.
1891 2731 2091 2810 Atque

439 2821 525 2886 illi
547 2822 815 2904 quidem,
847 2821 948 2903 qui
979 2821 1250 2894 aderant,
1276 2821 1406 2899 ejus
1435 2819 1592 2901 quod
1624 2818 1805 2880 ﬁebat
1834 2837 1988 2896 mgre
2007 2819 2089 2880 fe-

438 2921 640 2975 rentes
656 2911 1070 2983 acerbitatem,
1103 2919 1160 2973 et
1181 2909 1365 2973 animi
1387 2909 1897 2988 perturbationem
1921 2926 2090 2990 aper-

439 3008 498 3062 te
519 3000 1009 3069 ostendebant.et
1029 3011 1094 3061 ut
1113 3000 1223 3062 viri
1250 2997 2087 3068 dimitterentur.clamabaut.

438 3089 804 3184 Agrippinus
833 3098 1037 3151 autem
1069 3089 1260 3184 magis
1288 3105 1600 3184 accensus,
1637 3093 1698 3184 et
1725 3094 1976 3184 propter
2002 3088 2146 3184 fu-c

438 3196 640 3241 rorem
673 3179 870 3260 impos
901 3177 1144 3256 mentis,
1168 3176 1344 3258 jubet
1369 3176 1515 3238 alias
1565 3175 1902 3256 subulas,et
1927 3175 2090 3257 ipsas

434 3285 672 3350 quoquo
723 3267 1110 3331 vehementer
1156 3283 1463 3341 accensas,
1496 3263 1608 3327 sub
1637 3282 1842 3328 eorum
1891 3266 2088 3329 axillis

435 3375 625 3438 usque
672 3357 746 3419 ad
796 3357 1078 3420 humeros
1136 3355 1451 3436 transﬁgi:
1512 3355 1669 3436 quod
1705 3355 1951 3436 quidem
2001 3358 2088 3421 eis

437 3465 678 3530 quoque
708 3453 898 3525 magis
926 3446 1100 3510 auxit
1130 3445 1496 3522 dolorem,et
1529 3445 1616 3508 eis
1644 3463 1888 3508 sensum
1915 3448 2086 3528 longe

435 3536 687 3600 immisit
712 3539 1029 3600 acriorem.

516 3625 720 3692 XLIX.
754 3626 1014 3708 Populus
1044 3626 1240 3708 itaque
1271 3643 1391 3689 non
1421 3626 1624 3688 ferens
1658 3633 1774 3689 tam
1805 3625 2080 3690 inhuma-

2179 1852 2272 1908 ρας
2348 1830 2532 1909 χειρὸς
2600 1828 2705 1884 τῶν
2767 1827 3038 1887 δακτύλων
3108 1827 3267 1908 ἄχρις
3336 1829 3600 1906 ἀγκώνων
3658 1827 3820 1884 αὖτῶν

2175 1921 2507 1995 ὶμπαρῆναι.
2541 1917 2702 1976 Αὗται
2735 1917 2833 1991 μὲν
2885 1925 3000 1996 οὖν,
3032 1919 3104 1980 ὡς
3133 1920 3341 1980 ἱκεῐνος
3391 1917 3690 1990 ἐκέλευσεν,
3724 1915 3818 1973 ἐπ-

2175 2012 2483 2089 ενεχθεῖσαι.
2543 2021 2660 2071 τοῖς
2693 2006 2978 2082 ἀθληταῖς,
3011 2009 3203 2084 πικράν
3251 2031 3368 2066 τινα
3432 2005 3709 2088 διατριϐὴν
3747 2009 3818 2079 τῷ

2172 2099 2373 2173 θεάτρῳ
2402 2110 2669 2178 παρεῖχον
2717 2096 2951 2162 πολλοὺς
3005 2095 3060 2154 δὲ
3120 2095 3256 2172 μηδὲ
3312 2099 3434 2177 ὁρᾷν
3493 2096 3816 2174 ἐλευθερίως,

2170 2186 2290 2245 αλλ’
2348 2187 2586 2262 ἐπιμύειν
2615 2194 2692 2261 τῷ
2748 2191 3039 2266 σκυθρωπῷ
3087 2198 3180 2247 τοῦ
3236 2188 3503 2262 θεάματος
3549 2193 3655 2243 τῶν
3705 2184 3810 2266 pil-

2171 2277 2462 2355 ανθρώπων
2531 2276 2818 2356 ὀφθαλμῶν
2889 2276 3300 2355 παρεσκεύαζον.
3352 2276 3666 2352 Ἀψαμένου
3717 2276 3812 2353 γάρ

2171 2370 2317 2432 εὐθὺς
2377 2372 2484 2423 τῶν
2510 2373 2719 2443 σαρκῶν
2776 2375 2868 2424 τοῦ
2900 2365 3136 2444 σιδήρου,
3172 2364 3338 2423 δεινὸν
3389 2367 3489 2442 μὲν
3521 2369 3704 2423 ἒκεϊνα
3751 2365 3812 2420 τὰ

2172 2464 2356 2536 πρῶτα
2431 2457 2686 2536 συριγμὸν
2744 2456 2924 2536 ὥσπερ
2993 2458 3239 2536 ἠφίεσανο
3316 2457 3440 2513 εἶτα
3528 2453 3810 2533 πορφύρεός

2171 2571 2254 2614 τις
2303 2547 2510 2605 ἐκεῖθεν
2554 2545 2758 2621 πιμελή
2791 2547 2882 2603 σὺν
2911 2547 3105 2621 αἵματι
3147 2554 3396 2605 κατιοῦσα
3438 2543 3706 2602 σϐεννύειν
3761 2563 3812 2599 τε

2171 2646 2264 2696 τοῦ
2306 2638 2468 2718 πυρὸς
2533 2637 2689 2712 ἐῴκει
2749 2637 2846 2705 τὴν
2901 2634 3142 2716 δύναμιν,
3189 2637 3280 2694 καὶ
3331 2635 3558 2703 κνίσσης
3631 2634 3813 2710 μεστὸν

2171 2730 2261 2786 καὶ
2314 2736 2517 2785 καπνοῦ
2563 2729 2653 2784 τὸν
2724 2727 2852 2804 ἀέρα
2910 2724 3100 2786 εποίει.
3164 2729 3226 2784 Οἱ
3277 2723 3377 2802 μὲν
3423 2726 3515 2782 οὖν
3569 2723 3814 2802 παρόντες

2171 2817 2444 2898 δυσχερῶς
2503 2815 2724 2897 ἔχοντες
2781 2817 2916 2896 πρὸς
2959 2816 3057 2884 τὴν
3113 2815 3328 2896 πικρίαν
3381 2816 3475 2872 τοῦ
3518 2811 3810 2894 γινομένου,

2170 2911 2258 2964 καὶ
2315 2907 2542 2986 φανερὸν
2597 2905 2807 2964 ἐποίουν
2867 2907 2928 2963 τὸ
2985 2905 3176 2984 πάθος,
3238 2907 3324 2962 καὶ
3381 2905 3644 2974 ἀφεθῆναι
3699 2901 3811 2964 τοὺς

2171 2985 2362 3075 ἄνδρας
2405 2993 2597 3058 ἐϐόων.
2633 2985 2690 3054 Ὀ
2746 2994 3102 3076 Ἀγριππτνος
3131 2992 3186 3052 δέ
3239 2993 3568 3074 περιφλεγῆς
3621 2987 3811 3068 μᾶλλον

2169 3085 2258 3143 καὶ
2313 3084 2517 3165 ἔκγρων
2573 3091 2642 3162 τῇ
2685 3086 2847 3160 μανίᾳ
2904 3086 3215 3163 γενόμενος,
3249 3083 3344 3140 καί
3403 3081 3572 3148 ἄλλας
3618 3079 3810 3138 κελεύει

2169 3173 2396 3240 σούϐλας
2465 3175 2601 3232 πάνυ
2658 3172 2856 3254 σφόδρα
2927 3177 3016 3232 καὶ
3073 3176 3236 3237 αὗτάς
3306 3176 3662 3253 πυρωθείσας,
3715 3169 3808 3225 ὑπὸ

2169 3277 2291 3328 ταῖς
2337 3263 2649 3344 μασχάλαις
2684 3265 2854 3324 αύτῶν
2911 3263 3042 3344 ἄχρι
3075 3264 3171 3322 καί
3224 3263 3388 3338 ὤμων
3417 3255 3807 3341 διαπαρῆνανὸ

2169 3353 2234 3424 δὴ
2263 3355 2352 3412 καὶ
2381 3353 2588 3430 μᾶλλον
2621 3355 2804 3419 αὐτοῖς
2847 3353 3086 3412 ἐπέτεινε
3113 3355 3213 3422 τὴν
3243 3351 3458 3428 ὀδύνην,
3491 3352 3590 3410 καί
3633 3345 3806 3420 πολλῷ

2169 3445 2482 3526 δριμυτέραν
2508 3445 2665 3514 ινῆκε
2697 3443 2797 3510 τὴν
2829 3443 3106 3512 αἴσθησιν.

2241 3622 2389 3687 ΜΘ’.
2452 3614 2510 3683 Ὀ
2543 3621 2714 3698 δῆμος
2745 3623 2916 3681 τοίνυν
2959 3621 3312 3700 ἀπάνθρωπον
3343 3622 3466 3698 ὄψιν
3509 3622 3607 3680 οὐκ
3661 3623 3806 3694 ινεγ.

437 3735 582 3779 num
613 3707 1044 3798 spectaculum,
1070 3707 1176 3779 sed
1207 3715 1422 3798 partim
1446 3715 1689 3796 quidem
1707 3715 1964 3795 graviter
1984 3714 2075 3780 fe-

2177 3713 2368 3794 ιόντες,
2401 3711 2541 3770 ἀλλά
2585 3721 2740 3770 τοῦτο
2772 3713 2871 3788 μὲν
2929 3713 3062 3789 πρὸς
3093 3713 3190 3780 τὴν
3247 3712 3543 3790 ἀγριότητα
3574 3721 3664 3770 τοῦ
3714 3707 3804 3785 ἅρ-

436 3825 578 3871 rens
608 3804 986 3887 magistratus
1015 3805 1543 3888 saavitiam,partim
1580 3811 1780 3868 autem
1801 3805 2081 3886 judicans

437 3896 793 3960 admirabile
823 3897 881 3960 id
907 3896 1064 3979 quod
1090 3897 1312 3958 factum
1341 3896 1558 3967 fuerat.
1583 3895 2089 3976 quemadmodum

440 3995 728 4067 martyres
760 3987 937 4049 tantis
979 3985 1334 4048 restiterunt
1362 3983 1706 4064 insultibus,
1733 3991 1794 4046 et
1823 4003 1941 4048 non
1972 3991 2094 4048 ima

441 4094 578 4139 cum
609 4077 698 4138 eis
729 4076 1003 4156 protinus
1031 4093 1272 4157 quoque
1300 4074 1534 4138 animas
1565 4074 2091 4155 emiserint,jece-

440 4172 580 4229 runt
600 4165 843 4246 quidem
864 4165 1126 4246 undique
1156 4164 1387 4244 lapides
1415 4163 1475 4225 in
1500 4166 1931 4244 magistratum:
1960 4165 2090 4230 Ma-

441 4272 616 4334 gnus,
637 4261 862 4330 autem,
897 4262 987 4316 est
1015 4253 1174 4316 Deus
1208 4252 1707 4327 Christianorum,
1743 4271 1886 4317 voce
1913 4273 2090 4335 quam

444 4351 764 4426 potuerunt
812 4343 1144 4406 clarissima
1174 4342 1610 4407 clamaverunt.
1644 4342 1789 4406 Cum
1840 4361 2092 4424 magnus

440 4433 661 4516 itaque,
699 4440 765 4496 ut
794 4442 884 4496 est
908 4440 1654 4508 consentaneum,exortus
1682 4441 1841 4495 esset
1872 4433 2086 4496 tumul-

444 4531 559 4600 tus,
592 4531 652 4585 et
684 4523 998 4605 praefectus
1027 4540 1149 4584 suae
1177 4521 1358 4586 saluti
1384 4521 1520 4603 fuga
1550 4521 1974 4599 consuluisset,
2005 4523 2083 4586 li-

440 4611 588 4676 bere
642 4621 700 4674 et
731 4631 946 4676 secure
1003 4621 1291 4694 martyres
1327 4611 1390 4674 in
1451 4619 1712 4676 montem
1773 4613 2087 4694 Pyramida

437 4700 861 4778 ascenderant,
891 4701 955 4765 in
1003 4721 1120 4784 quo
1148 4713 1210 4765 et
1237 4701 1532 4766 sacriﬁcia
1577 4701 1799 4765 ﬁebant
1826 4722 1861 4766 a
1887 4705 2079 4782 genti-

437 4791 618 4874 libus,
655 4799 713 4855 et
741 4791 989 4855 deorum
1019 4791 1174 4874 apud
1208 4810 1312 4855 eos
1341 4791 1666 4874 insignium
1696 4792 2082 4857 occultaban-

435 4893 533 4946 tur
561 4883 906 4948 simulacra.

491 4977 673 5037 L.8ed
694 4991 768 5036 ne
789 4979 875 5036 sic
905 4977 1139 5051 quidem
1165 4978 1336 5036 irasci
1364 4978 1534 5038 desiit
1557 4979 1913 5053 Agrippinus
1937 4997 1952 5039 :
1981 4979 2086 5038 sed

435 5077 564 5122 cum
584 5075 686 5134 per
701 5077 840 5120 suos
855 5062 1124 5120 satellites
1138 5078 1235 5120 eos
1248 5061 1593 5122 multosdies
1621 5063 1922 5136 diligenter
1939 5079 2084 5136 quaa-

438 5146 748 5214 siisset,le
775 5147 1006 5206 tandem
1031 5149 1253 5206 invenit
1274 5157 1506 5208 sanctos
1531 5171 1542 5204 :
1577 5160 1786 5206 etcum
1817 5150 2080 5222 sequenti

2175 3823 2372 3884 χοντος
2416 3800 2848 3883 χαλεπήναντίς,
2889 3812 3046 3862 τοῦτο
3102 3800 3156 3858 δὲ
3207 3803 3294 3857 καὶ
3350 3801 3622 3876 θαύματος
3677 3796 3807 3862 ἄξιον

2176 3893 2321 3949 εἶναι
2371 3895 2431 3948 τὸ
2491 3893 2710 3970 γεγονὸς
2762 3889 3058 3970 κρίναντες,
3093 3891 3240 3956 ὅπως
3301 3893 3346 3948 οἱ
3391 3891 3650 3971 μάρτυρες
3693 3887 3809 3962 πρὸς

2175 3980 2500 4048 τηλικαύτας
2554 3980 2820 4060 ἀντέσχον
2864 3979 3177 4058 ἐπαγωγὰς,
3211 3979 3308 4037 καὶ
3361 3981 3438 4054 μὴ
3497 3975 3810 4056 συναπέῤῥη-

2175 4068 2266 4136 ξαν
2322 4069 2512 4131 αὒταῐς
2544 4068 2733 4134 εὐθέως
2792 4069 2881 4126 καὶ
2912 4070 3006 4132 τὰς
3055 4069 3266 4150 ψυχὴς,
3299 4070 3430 4148 πρὸς
3462 4070 3564 4146 μὲν
3593 4069 3681 4126 τὸν
3723 4063 3810 4139 ἄρ-

2176 4180 2348 4239 χοντα
2405 4157 2577 4222 λίθους
2609 4158 2946 4240 πανταχόθεν
2998 4158 3234 4238 ἀφῆκαν*
3267 4160 3445 4238 Μέγας
3475 4162 3503 4216 6
3549 4159 3674 4221 Θεὸς
3716 4160 3809 4212 τῶν

2175 4254 2529 4326 Χριστιανῶν,
2590 4244 2850 4326 λαμπρῶς
2907 4249 2982 4311 ὡς
3053 4268 3214 4328 ειχον
3264 4246 3517 4316 ἐϐόησαν,
3597 4241 3807 4326 Θορῶου

2173 4339 2476 4416 τοιγαροῦν,
2537 4337 2610 4400 ὡς
2693 4337 2854 4412 εἰκὸς,
2916 4335 3122 4394 πολλοι)
3205 4337 3514 4415 γενομένου,
3576 4339 3661 4394 καὶ
3724 4337 3804 4390 τοῦ

2173 4426 2413 4506 ἐπάρχου
2482 4432 2627 4504 φυγῇ
2696 4425 2794 4494 τὴν
2863 4427 3130 4498 σωτηρίαν
3183 4427 3606 4503 “πιστεύσαντος,
3680 4421 3802 4481 κατά

2168 4513 2378 4583 πολλὴν
2427 4517 2472 4572 οἱ
2502 4516 2762 4594 μάρτυρες
2813 4512 2995 4572 ἄδειαν
3023 4515 3119 4573 ἐπί
3149 4516 3247 4583 τὴν
3308 4517 3546 4594 Ηύραμιν
3575 4517 3634 4573 τὸ
3692 4513 3800 4590 ὅρος

2166 4603 2418 4678 ἀνῆλθον,
2451 4603 2507 4662 ἕν
2561 4607 2607 4678 ᾦ
2635 4605 2701 4661 τά
2755 4626 2809 4662 τε
2843 4605 2949 4663 τῶν
3005 4605 3199 4663 θυσιῶν
3232 4605 3348 4668 τοῖς
3391 4604 3652 4673 ’Ἕλλησιν
3699 4598 3798 4658 613'-

2167 4694 2340 4770 λεϊτο,
2372 4695 2462 4752 καὶ
2517 4699 2621 4750 τῶν
2659 4693 2778 4774 παρ’
2833 4696 3023 4761 αὐτοῖς
3076 4694 3364 4771 ἱπισήμων
3419 4699 3555 4753 θεῶν
3611 4687 3796 4750 εἴδωλα

2167 4785 2586 4846 κατεκούπτετο.

2247 4970 2332 5036 ιε’.
2397 4972 2598 5048 Οὗμὲν
2654 4971 2771 5030 οὐδὲ
2801 4971 2968 5038 οὕτως
3008 4971 3074 5028 τά
3124 4979 3216 5030 τοῦ
3258 4975 3422 5046 θυμοῦ
3450 4978 3528 5045 τῷ
3584 4969 3795 5046 Ἀγριπ-

2166 5065 2303 5139 πίνῳ
2357 5059 2648 5141 ὖπέληγεν·
2706 5061 2830 5119 ἀλλ’
2859 5059 3094 5136 ἐπιμελῆ
3153 5058 3246 5118 διὰ
3288 5066 3385 5130 τῆς
3443 5063 3795 5138 ὕπηρετουμεο

2165 5174 2261 5220 νης
2319 5156 2463 5228 αὐτῷ
2497 5151 2688 5218 τάξεως
2747 5151 2832 5208 ἰπὶ
2881 5148 3086 5213 πολλάς
3133 5149 3338 5228 ἡμέρας
3368 5151 3592 5221 ζήτησιν
3650 5163 3791 5207 ποιη·

441 5234 541 5297 die
583 5233 868 5315 jussisset
910 5252 1019 5316 per
1069 5253 1404 5316 praeconem
1447 5235 1765 5298 convenire
1796 5235 1857 5297 in
1900 5253 2079 5299 mon-

2177 5243 2415 5320 ιάμενος,
2447 5242 2672 5319 εὑρίσκει
2727 5239 2884 5316 μόλις
2947 5241 3077 5297 ποτὲ
3118 5244 3240 5303 τοὺς
3300 5240 3502 5316 ἁγίους,
3553 5238 3634 5295 καὶ
3675 5255 3782 5291 suv-

437 5337 556 5392 tem
594 5347 803 5392 omnes
827 5329 927 5410 qui
954 5339 1125 5393 erant
1142 5329 1354 5394 initiati
1385 5328 1498 5393 diis
1517 5336 1577 5392 et
1600 5337 1658 5392 et
1682 5329 2073 5411 daemonibus,

2177 5332 2382 5411 ἰραμεϊν
2435 5334 2636 5392 πάντας
2695 5351 2770 5396 εις
2831 5335 2930 5397 τὴν
2987 5329 3110 5398 ἑξῆς
3166 5329 3276 5387 ὅσοι
3319 5333 3463 5395 θεοῖς
3521 5326 3776 5387 ιτελοῦντο

509 5588 540 5638 5
571 5586 718 5650 Dan.
758 5606 837 5666 τι,
872 5600 927 5655 et
955 5607 1074 5653 xxv.
