4104 6198
469 321 586 389 859

1758 323 2041 388 MENSIS
2079 321 2542 388 JANUAHIUS.

1965 521 2217 589 CAPUT
2261 525 2359 589 IX.

1033 719 1298 798 Ancyra
1332 735 1545 780 rursus
1573 718 1836 780 tolerata
1870 721 2195 779 tormenta.
2230 715 2440 794 Pueri,
2475 719 2608 799 ejus
2639 721 2912 800 alumni,
2947 729 3281 805 martyres.

552 907 698 972 LIV.
731 912 878 971 Cum
903 925 1044 986 ergo
1077 907 1202 999 haec
1235 927 1476 990 quoque
1510 908 1826 971 didicisset
1860 907 2113 999 praefec-

2280 901 2412 972 NA'.
2466 914 2658 970 Μαθὼν
2688 915 2860 973 τοίνυν
2920 918 3008 973 καὶ
3041 926 3206 976 ταῦτα
3237 919 3264 975 6
3308 917 3560 999 ἔπαρχος
3591 919 3680 975 καὶ
3724 922 3850 996 αὐτῇ

475 1008 592 1071 tus,
620 1006 678 1061 et
705 1002 832 1088 ipsa
866 996 1240 1088 cognovisset
1270 999 1667 1079 experientia,
1702 1016 1766 1060 se
1800 1016 1914 1059 non
1951 998 2126 1060 modo

2222 1000 2360 1080 rrequ
2419 1003 2572 1080 γνοὺς
2629 1005 2700 1070 ὡς
2762 1003 2858 1084 ἄρα
2921 1005 3068 1063 οὐδὲν
3140 1008 3342 1075 ὀνίνησι
3399 996 3528 1074 τους
3588 1009 3850 1088 μάρτυρας

473 1088 622 1152 nihil
673 1087 965 1167 prolicere
997 1087 1136 1150 dum
1197 1088 1438 1168 puniret
1467 1097 1778 1170 martyres,
1817 1087 1920 1149 sed
1955 1105 2124 1148 suam

2222 1093 2628 1169 τιμωρούμενος,
2664 1096 2750 1152 καὶ
2797 1096 2968 1172 ἑαυτῷ
3013 1095 3220 1170 μᾶλλον
3249 1099 3338 1155 καὶ
3383 1104 3450 1170 τῇ
3486 1099 3682 1157 ἑαυτοῦ
3721 1087 3849 1177 θρη-

471 1177 670 1262 potius
693 1177 912 1240 laedere
943 1177 1318 1255 religionem,
1341 1186 1401 1240 ut
1432 1178 1533 1260 qui
1567 1178 1783 1239 multos
1812 1177 2032 1239 videret
2056 1195 2128 1238 ex

473 1267 819 1348 gentilibus,
855 1267 927 1328 iis
957 1286 1090 1348 qua:
1123 1276 1338 1347 prmter
1367 1267 1716 1348 opinionem
1747 1266 1820 1328 ab
1851 1267 1998 1347 ipsis
2030 1266 2129 1328 fie~

472 1356 615 1422 bant
648 1357 974 1431 miraculis,
1010 1356 1382 1437 transfugere
1415 1358 1490 1419 ad
1526 1357 1832 1439 pietatem;
1867 1375 1985 1417 non
2017 1374 2122 1417 au-

475 1447 578 1510 det
607 1445 852 1524 quidem
877 1446 1007 1527 ipse
1037 1446 1293 1528 amplius
1324 1456 1628 1509 certamen
1662 1446 1990 1526 suscipere,
2022 1444 2127 1506 sed

475 1535 552 1598 de
605 1537 695 1597 eis
725 1535 796 1598 ad
830 1536 1255 1598 Maximianum
1292 1536 1482 1598 refert
1532 1536 1990 1618 imperatorem,
2025 1534 2125 1616 qui

479 1626 685 1706 procul
721 1645 754 1688 a
779 1624 1129 1688 Nicomedia
1154 1646 1287 1687 cum
1325 1635 1443 1688 toto
1469 1625 1810 1688 versabatur
1841 1625 2125 1687 exercitu:

477 1735 734 1797 cumque
784 1715 899 1777 alia
928 1715 1268 1793 singulatim
1325 1716 1650 1790 retulisset,
1687 1727 1747 1777 et
1812 1713 1968 1795 quod
2015 1713 2131 1777 orti

478 1806 722 1889 quidem
775 1813 974 1868 essent
1007 1806 1062 1865 in
1093 1806 1338 1884 regione
1397 1806 1766 1878 Galatarum,
1803 1806 1991 1884 patria
2020 1823 2126 1865 au-

2211 1181 2359 1237 σκεία
2421 1181 2751 1258 λυμαίνεται,
2811 1185 2908 1243 οἶα
2969 1184 3200 1251 πολλοὺς
3260 1187 3346 1244 καὶ
3411 1194 3522 1245 τῶν
3585 1179 3851 1257 Ἐλλήνων

2213 1273 2351 1349 ὁρῶν
2402 1285 2520 1334 τοῖς
2551 1273 2860 1352 παραδόξως
2915 1273 3253 1352 τελουμένοις
3300 1275 3384 1334 ὕπ’
3429 1279 3606 1334 αὐτῶν
3651 1277 3850 1352 θαύμαο

2213 1382 2294 1416 σιν
2355 1361 2779 1435 αὐτομολοῦντας
2840 1367 2969 1444 πρὸς
3034 1369 3132 1436 τὴν
3191 1365 3484 1442 εὐσέϐειαν,
3549 1366 3708 1433 αὖτὸς
3763 1365 3850 1440 μὲν

2212 1449 2306 1506 οὒκ
2363 1449 2440 1506 ’ἐτι
2473 1450 2660 1509 λοιπὸν
2716 1454 2807 1510 τὸν
2839 1455 3020 1532 ἀγῶνα
3074 1455 3277 1536 θαῤῥετ,
3313 1457 3636 1534 Μαξιμιανῷ
3683 1453 3738 1512 δὲ
3781 1459 3852 1528 τῷ

2212 1537 2430 1616 μεγάλῳ
2496 1539 2712 1618 βασιλεῖ
2757 1545 2821 1599 τὰ
2890 1543 3016 1601 κατ’
3071 1545 3257 1611 αὐτοὺς
3314 1545 3592 1627 ἀναφέρει,
3655 1545 3852 1621 μακράν

2217 1651 2312 1684 που
2371 1630 2727 1704 Νικομηδείας
2762 1634 2895 1707 ὁμοῦ
2944 1641 3017 1708 τῷ
3061 1637 3216 1692 παντὶ
3245 1643 3457 1714 στρατῷ
3510 1633 3847 1713 διατρίϐοντι⁸

2212 1716 2385 1774 τᾶλλα
2423 1741 2478 1775 τε
2538 1721 2672 1778 κατᾶ
2704 1722 2860 1800 μέρος
2909 1721 3206 1805 διεξελθὼν,
3239 1727 3326 1782 καὶ
3383 1724 3463 1782 ’ὅτι
3519 1724 3707 1804 χώρας
3761 1723 3852 1790 μὶν

2213 1807 2310 1875 τῆς
2357 1810 2462 1865 τῶν
2515 1809 2791 1893 Γαλατῶν,
2822 1812 3068 1891 πατρίδος
3114 1812 3168 1870 δέ
3218 1819 3315 1882 τῆς
3347 1813 3696 1891 Ἀγκυρανῶν
3748 1810 3850 1889 ὤρ-

480 1905 601 1960 tem
637 1898 1086 1977 Ancyranorum
1121 1912 1136 1970 ;
1171 1914 1305 1957 cum
1341 1913 1442 1957 eas
1473 1894 1805 1975 accepisset
1833 1893 2129 1957 Maximia-

2222 1920 2438 1974 μηνται.
2500 1900 2794 1976 Δεξάμενος
2842 1903 2931 1960 οὖν
2994 1905 3060 1960 τὰ
3103 1906 3390 1982 γράμματα
3441 1907 3471 1962 6
3534 1901 3850 1979 Μαξιμιανδς

479 1994 682 2061 nus,et
708 1984 952 2074 legisset
973 2001 1044 2046 ea
1075 2003 1205 2064 qua}
1234 1983 1860 2060 continebantur,eum
1896 1991 2131 2046 veretur

2222 1989 2300 2044 mi
2334 1988 2399 2044 τὰ
2456 1988 2734 2068 ἑγιείμενα
2767 1991 3030 2074 ἒπελγὼν,
3080 1995 3220 2058 αὖθις
3265 1995 3418 2052 ὀκνεῖ
3447 1994 3549 2062 τὴν
3601 1992 3848 2060 ἐξέτασιν,

475 2073 1074 2163 τυιιειιεηεχιιιηίιιθινε,
1107 2076 1221 2136 hoc
1260 2083 1544 2156 prmtextu
1570 2092 1715 2141 trem
1758 2074 1962 2136 volens
2001 2073 2131 2136 evi-

2222 2079 2382 2155 ταύτῃ
2459 2101 2540 2136 τοι
2629 2082 2714 2136 καὶ
2783 2073 3023 2161 ἀφορμῇ
3071 2083 3230 2144 πάλιν
3300 2083 3636 2163 εὖπροσώπῳ
3704 2101 3851 2157 περι-

477 2173 628 2227 tare.
692 2162 837 2226 Nam
897 2182 1031 2224 cum
1068 2182 1172 2224 eos
1228 2164 1476 2244 Ancyrae
1527 2182 1658 2226 esse
1708 2173 1874 2225 ortos
1923 2163 2131 2226 littera

2222 2165 2426 2224 στεῖλαι
2461 2170 2522 2225 τὸ
2576 2176 2794 2249 πρᾶγμα
2825 2171 3170 2248 βουλόμενος.
3214 2173 3363 2232 Ἐπεὶ
3391 2176 3480 2231 καὶ
3512 2173 3610 2240 τῆς
3659 2169 3852 2247 Ἀγκυ-

479 2255 912 2337 significarent,
947 2253 1086 2316 illuc
1131 2263 1368 2316 sanctos
1415 2254 1488 2316 ad
1548 2255 1867 2335 quemdam
1920 2253 2131 2316 ducem

2222 2255 2391 2326 ρανῶν
2440 2251 2719 2325 ὡρμῆσθαι
2750 2254 2935 2318 αὐτοὺς
2986 2251 3178 2324 ἐδήλου
3227 2255 3292 2311 τὰ
3335 2256 3654 2334 γράμματα,
3686 2250 3853 2308 ἐκεῖσε

490 2346 858 2421 transmittit,
907 2344 1152 2406 nomine
1187 2344 1520 2425 Curicium,
1567 2344 1825 2408 dicens:
1881 2343 2136 2424 Equum

477 2446 593 2512 est,
629 2443 691 2497 ut
736 2452 866 2516 qua
897 2431 1128 2514 genuit,
1163 2451 1266 2496 eos
1296 2443 1354 2497 et
1406 2433 1646 2512 habeat,
1681 2443 1739 2496 et
1769 2432 1909 2508 alat,
1944 2440 2004 2495 et
2034 2451 2137 2514 pu-

481 2526 628 2590 niat.

561 2613 686 2678 LV.
717 2611 972 2674 Tantum
996 2612 1236 2674 solertia
1267 2620 1324 2672 et
1348 2613 1645 2695 sapientia
1674 2619 1730 2674 et
1763 2610 2139 2692 excogitandi

485 2705 769 2768 facilitate
800 2702 960 2764 valet
998 2701 1104 2765 Dei
1132 2701 1528 2784 providentia,
1554 2710 1613 2764 et
1641 2701 1703 2764 in
1725 2700 1910 2764 rebus
1939 2699 2138 2764 dubiis

486 2793 709 2857 exitum
745 2798 860 2853 tam
895 2790 1067 2853 facile
1100 2791 1345 2866 invenit,
1369 2801 1424 2853 et
1449 2791 1749 2864 Clemens,
1780 2791 1880 2870 qui
1910 2798 2135 2852 tantum

484 2892 666 2946 terrae
690 2889 746 2944 et
764 2881 943 2943 maris
967 2879 1283 2957 obieral,et
1315 2881 1539 2943 tamdiu
1571 2881 1761 2943 fuerat
1785 2885 2136 2962 peregrina-

482 2975 658 3040 tus,in
681 2974 1087 3031 charissimam
1113 2974 1851 3046 ctiucundissimam,sicut
1883 2973 2132 3044 optabat.

483 3059 738 3143 patriam
762 3058 1301 3145 rever_titur.Quam
1329 3078 1459 3119 cum
1491 3059 1619 3120 laeto
1653 3066 1711 3118 et
1733 3056 1913 3119 alacri
1937 3058 2137 3118 animo

487 3156 644 3211 esset
669 3147 1011 3227 ingressus:
1049 3147 1256 3211 Gloria
1287 3147 1421 3222 tibi,
1461 3148 1713 3211 Domine
1733 3149 1873 3208 Jcsu
1905 3145 2138 3210 Christe

486 3241 670 3313 Deus,
706 3237 963 3311 dicebat,
997 3237 1153 3319 quod
1209 3256 1371 3299 meas
1407 3255 1616 3318 preces
1647 3235 2006 3310 exaudieris,
2041 3254 2131 3316 pa-

2224 3239 2456 3307 ἤκουσας
2515 3241 2612 3305 τῆς
2660 3245 2970 3320 προσευχῆς
3023 3263 3146 3317 μου,
3179 3243 3268 3299 καὶ
3323 3247 3393 3319 τῇ
3444 3263 3502 3299 τε
3548 3237 3749 3315 πατρίδι
3777 3233 3855 3292 καὶ

490 3328 735 3409 triaeque
768 3335 826 3388 et
875 3345 1144 3389 meorum
1195 3327 1489 3406 majorum
1529 3326 1827 3407 sepulcris
1861 3343 1955 3386 me
2009 3343 2131 3385 cum

2225 3341 2345 3393 τοῖς
2391 3343 2735 3405 προγονικοῖς
2767 3351 2835 3404 με
2893 3331 3079 3410 τάφοις
3110 3332 3247 3405 μετὰ
3294 3330 3468 3398 καλῆς
3505 3337 3602 3401 τῆς
3643 3325 3855 3407 προσθή·

493 3418 712 3501 pulcba
734 3416 1068 3479 reddideris
1091 3416 1463 3491 accessione,
1497 3435 1630 3477 cum
1657 3417 1844 3496 socio,
1870 3415 2131 3496 inquam1

2227 3441 2326 3485 κης
2385 3425 2476 3473 τοὺ
2535 3417 2808 3494 συνέθλου,
2871 3423 3032 3502 φημὶ,
3096 3419 3495 3501 ’Λγαθαγγέλου
3573 3418 3853 3485 ἀπέδωκας.

489 3508 838 3572 certaminis
887 3505 1334 3587 Agathangelo:
1371 3512 1435 3565 ut
1488 3504 1588 3566 ubi
1619 3513 1790 3567 natus
1830 3523 1987 3586 sum,
2023 3502 2131 3565 ἰΙΙίι

2227 3506 2303 3563 ’ἶν’
2335 3506 2467 3564 ὅπου
2509 3507 2610 3574 τὴν
2666 3509 2914 3588 γέννησιν
2959 3510 3116 3591 ἕχον,
3149 3515 3238 3568 καὶ
3295 3513 3391 3582 τὴν
3450 3511 3703 3578 τελευτὴν
3756 3507 3857 3564 in!

489 3599 666 3691 etiam
692 3596 998 3691 decedam.
1042 3596 1272 3691 Deinde
1294 3595 1368 3691 ad
1397 3592 1700 3691 Curicium
1729 3594 2131 3691 prmsidenten

2231 3593 2483 3672 δέξωμαι.
2535 3598 2671 3655 Εἶτα
2731 3601 3103 3678 προκαθίσαντι
3163 3607 3239 3675 τῷ
3298 3603 3558 3680 Κουρικίῳ
3614 3600 3668 3657 ἔν
3724 3597 3855 3667 τόπῳ

482 3688 546 3751 in
576 3687 835 3766 quodam
862 3686 1016 3761 loco,
1044 3685 1143 3768 qui
1169 3683 1492 3746 vocabatur
1515 3684 1785 3766 Cryptos,
1817 3683 1870 3745 id
1897 3692 2006 3758 est,
2036 3683 2131 3747 Oc‘

2231 3687 2330 3742 τιρὶ
2383 3688 2440 3751 ὃς
2471 3687 2718 3745 ἒιιάλεττο
2754 3693 2992 3765 Κρυπτὸς
3036 3688 3159 3746 ἔνθα
3209 3712 3291 3754 τις
3336 3693 3424 3748 καὶ
3455 3692 3622 3768 μικρᾶ
3666 3682 3852 3763 ᾠκοδό-

485 3779 710 3851 cultus,
748 3775 850 3838 ubi
895 3781 1070 3838 etiam
1108 3792 1288 3856 parva
1331 3773 1603 3854 quaedam
1637 3773 1928 3836 aedificata
1961 3775 2126 3834 fuera

2233 3797 2368 3842 κητο
2440 3777 2746 3850 ἔκκλησίας,
2811 3781 2857 3834 οἱ
2931 3791 3169 3856 γενναῖοι
3227 3781 3600 3859 παρίστανται.
3671 3777 3764 3839 ’⁷ος
3809 3770 3856 3828 δὲ

486 3869 770 3944 ecclesia,
805 3867 914 3929 viri
945 3867 1242 3928 sistuntur
1277 3863 1522 3945 egregii.
1561 3863 1668 3926 Ille
1696 3873 1894 3927 autem
1929 3880 2131 3925 cenam

2234 3865 2593 3943 ἰπαγαγὲσθαι
2655 3868 2841 3932 αὐτοὺς
2899 3869 2990 3924 καὶ
3041 3867 3341 3943 ὁποκλὲψαι
3392 3870 3664 3949 περιουσίᾳ
3721 3863 3856 3931 δῆθεν

487 3977 591 4022 eos
617 3959 994 4030 inducere,et
1025 3954 1094 4017 ad
1121 3973 1186 4016 se
1211 3954 1496 4034 pellicere
1526 3953 1756 4032 ingenii
1782 3953 2061 4016 acumine
2093 3971 2125 4015 e

2235 3957 2517 4035 ἱιγχινοίας
2550 3957 2906 4037 πειρώμενος,
2954 3965 3175 4015 τοιαῦτα
3208 3958 3263 4015 ἐν
3291 3962 3594 4040 προοιμίοις
3641 3958 3714 4015 ἔτι
3743 3953 3855 4026 πρὸς

485 4047 758 4119 solertia,
796 4064 902 4107 eos
943 4046 1022 4107 ita
1053 4053 1141 4106 est
1163 4044 1458 4106 allocutus
1490 4045 1685 4106 statim
1721 4045 1779 4105 in
1814 4042 2108 4124 principio

2239 4046 2424 4106 αὐτοὺς
2459 4045 2750 4124 διελέγετο.

575 4135 719 4198 LVI.
755 4137 900 4200 Cum
925 4144 1266 4205 accurate,o
1292 4134 1423 4211 viri,
1458 4134 1532 4196 de
1556 4132 1722 4196 vobis
1753 4133 2131 4213 didicerim,e

2320 4133 2464 4209 NQ".
2527 4138 2720 4193 Μαθὼν
2777 4135 3035 4214 ἀκριϐῶς,
3081 4139 3126 4195 ὦ
3170 4137 3371 4215 ἄνδρες,
3430 4141 3497 4197 τὰ
3558 4135 3672 4198 καθ’
3712 4137 3852 4210 Opim

495 4236 782 4308 quantum
806 4226 979 4287 terris
999 4223 1362 4298 obicritis,et
1384 4232 1618 4306 quot,et
1647 4233 1868 4306 quanta
1897 4221 2131 4284 subieril

2239 4223 2372 4292 ὅσην
2428 4247 2485 4282 τε
2517 4229 2830 4305 περιήλθετε
2878 4233 3006 4308 γῆν,
3041 4227 3196 4296 ὅσους
3245 4251 3304 4287 τε
3338 4231 3651 4306 ύπεμεὶνατε
3697 4220 3856 4284 κινδύ-

496 4317 576 4378 tis
603 4314 958 4396 pericula,et
981 4325 1125 4396 quot
1153 4312 1363 4376 mortis
1393 4331 1616 4394 genera
1640 4312 1807 4374 vobis
1831 4313 2056 4374 intenta
2077 4311 2131 4372 el

2240 4337 2385 4388 νους,
2437 4316 2526 4371 καὶ
2578 4315 2772 4384 ἡλίκας
2810 4321 3051 4375 θανατων
3099 4319 3382 4399 ἐπαγωγὰς
3435 4319 3723 4401 διεφόγετε,
3763 4309 3857 4368 πάν

495 4406 786 4486 fugeritis,
824 4406 950 4484 ipse
981 4423 1217 4486 quoque
1245 4405 1444 4465 animo
1468 4403 1716 4478 afﬁcior,
1751 4412 1807 4465 et
1831 4402 1920 4464 vel
1949 4419 2131 4464 eorun

2241 4426 2363 4484 σχω
2420 4406 2508 4460 καὶ
2556 4407 2710 4472 αυτὸς
2770 4409 2868 4476 τήν
2913 4408 3123 4488 ψυχὴν,
3169 4410 3256 4467 καὶ
3313 4410 3446 4484 πρὸς
3495 4410 3657 4476 αὐτὴν
3712 4402 3860 4480 μόνην

497 4496 622 4559 sola
652 4495 892 4575 frangor
934 4493 1265 4568 auditione,
1302 4502 1359 4554 et
1391 4493 1620 4555 elﬁcior
1667 4493 1832 4554 vobis
1863 4491 2131 4572 quodam

2241 4492 2593 4568 κατακλῶμαι
2645 4496 2741 4562 τὴν
2773 4496 2968 4572 ἀκοὴν,
2999 4499 3090 4554 καὶ
3129 4499 3287 4555 οἱονεὶ
3324 4501 3575 4566 κοινωνὸς
3605 4499 3728 4573 ὑμῖν
3771 4493 3859 4546 τῶν

500 4584 678 4646 modo
705 4586 904 4646 socius
936 4583 1361 4645 calamitatum:
1397 4593 1458 4642 et
1485 4582 1623 4644 ideo
1649 4581 1747 4670 illa
1779 4580 2124 4661 magistratu

2243 4590 2525 4662 συμφορῶν
2577 4585 2813 4661 γίνομαι’
2848 4586 2942 4642 διὰ
2998 4586 3154 4645 τοῦτο
3204 4590 3291 4644 καὶ
3340 4589 3657 4670 ἄρχοντικὸν
3709 4582 3859 4639 πάντα

499 4671 774 4754 deposita
801 4672 1141 4745 severitate,
1177 4679 1294 4732 tam
1331 4670 1592 4750 benigne
1617 4669 1922 4732 vobiscum
1957 4679 2015 4731 et
2040 4669 2131 4751 pla

2244 4672 2402 4751 ὄγκον
2464 4670 2748 4730 ἂποϐολὼν
2807 4675 2972 4742 οὕτως
3021 4678 3192 4745 ἠπίως
3261 4679 3389 4753 ὗμτν
3438 4669 3548 4736 παῖ
3609 4674 3859 4756 προσηνῶς

499 4762 632 4825 cide
663 4761 994 4844 colloquor.
1035 4761 1270 4822 Videris
1294 4759 1453 4821 enim
1491 4760 1637 4821 mihi
1671 4759 1941 4832 omnino,
1968 4779 2000 4820 o
2037 4758 2131 4822 Cle

2244 4761 2583 4840 διαλέγομαι.
2622 4774 2816 4829 Δοκετς
2847 4789 2939 4840 μοι
2987 4767 3086 4846 γὰρ
3116 4767 3354 4843 πάντως,
3388 4769 3433 4825 ὧ
3483 4763 3856 4845 θαυμασιώτατε

502 4870 673 4915 mens
697 4853 953 4915 maxime
980 4860 1036 4913 et
1058 4849 1538 4926 admirabilis,eo
1563 4849 1720 4931 quod
1742 4869 1808 4912 ex
1841 4850 1967 4911 haec
1986 4868 2131 4930 praes

2246 4850 2469 4930 Κλήμη,
2507 4859 2580 4927 τῷ
2635 4860 2737 4931 τῇς
2788 4854 3005 4929 ἀρίστης
3058 4857 3256 4923 ταύτης
3313 4865 3466 4938 φῦναι
3496 4857 3696 4919 πόλεως
3746 4866 3857 4926 τρί’

501 4942 826 5004 tantissima
859 4948 1031 5002 natus
1063 4939 1146 5000 sis
1185 4938 1450 5019 civitate,
1482 4938 1544 5001 in
1583 4957 1774 5015 eaque
1809 4941 2077 5001 creveris
2106 4957 2131 5001 ε

2222 4943 2408 5036 ⁵φῆναί
2463 4958 2518 4998 τε
2564 4943 2616 4998 ἐν
2675 4943 2830 5019 αὐτῇ,
2877 4945 2962 5000 καὶ
3023 4944 3312 5012 αὒξηθῆναι
3369 4949 3458 5003 καὶ
3517 4939 3854 5043 παιδευθῆναι,

502 5031 712 5095 doctus
751 5032 832 5093 sis
879 5041 936 5093 et
967 5029 1276 5102 educatus,
1311 5047 1381 5091 ea
1419 5028 1495 5090 de
1527 5047 1707 5090 causa
1739 5047 1814 5089 ne
1848 5029 1980 5109 pius
2027 5028 2128 5110 qui

2222 5023 2432 5087 ’τούτου
2476 5033 2636 5110 χάριν
2667 5031 2803 5108 μηδὲ
2858 5033 3081 5100 θελῆσαι
3133 5034 3281 5099 ὅσιος
3315 5037 3380 5094 τὰ
3431 5039 3542 5116 περὶ
3592 5036 3706 5097 τοὺς
3732 5023 3857 5086 (θεοὺς

505 5122 642 5184 dem
700 5122 759 5184 in
795 5121 941 5183 deos
991 5120 1052 5180 in
1085 5119 1200 5181 alia
1244 5118 1430 5181 videri
1461 5118 1718 5179 voluisse
1767 5119 2025 5191 civitate,
2053 5119 2131 5181 ni:

2249 5123 2302 5175 ἓν
2377 5120 2526 5200 ἰτέρὺ
2585 5124 2914 5203 ἀναφανῆναι
2980 5129 3073 5201 γῇ,
3119 5125 3163 5181 εί
3233 5126 3310 5200 μὴ
3370 5125 3468 5203 ἄρα
3528 5131 3625 5195 τῆς
3691 5117 3856 5179 οίκείας

506 5213 670 5290 prius
692 5210 751 5272 in
789 5218 948 5272 tuam
987 5208 1273 5271 rediisses
1306 5207 1586 5290 patriam,
1617 5225 1724 5287 pro
1749 5207 1887 5285 alia,
1923 5216 1986 5269 ut
2014 5209 2131 5270 vidi

2253 5208 2442 5286 ἐπιϐῇς
2493 5210 2675 5284 πάλιν,
2711 5209 2824 5268 ἀντ’
2872 5211 3065 5286 ἄλλης,
3098 5216 3170 5279 ὥς
3201 5213 3400 5287 ἔοικεν,
3448 5213 3696 5293 ἀμοιϐῆς,
3725 5211 3860 5264 τοῦτο

509 5310 633 5376 tur,
668 5299 1163 5362 remuneratione
1193 5298 1308 5360 hoc
1359 5297 1445 5358 illi
1483 5315 1819 5358 reservans.
1859 5297 2006 5360 Sunt
2033 5317 2131 5378 erg

2253 5300 2322 5368 τῇ
2377 5299 2582 5377 πατρίδι
2629 5303 3031 5377 ταμιευόμενος.
3075 5302 3220 5380 ’Ὥρα
3261 5313 3386 5385 γοῦν
3440 5328 3522 5362 σοι
3571 5294 3859 5386 ligauit

510 5411 672 5457 nunc
705 5411 736 5456 ε
771 5401 828 5455 te
853 5391 1077 5453 civitati
1107 5397 1166 5451 et
1199 5387 1377 5450 nobis
1416 5388 1665 5468 agenda:
1695 5388 1917 5468 gratim.
1951 5388 2037 5452 Te
2057 5408 2130 5452 au

2250 5411 2307 5447 τε
2355 5389 2507 5447 πόλει
2540 5389 2626 5447 λαὶ
2651 5393 2787 5466 ἡμῖν
2821 5389 3132 5456 ἀποδοῦναι,
3160 5379 3498 5453 ίΣυνεπέσθω
3527 5379 3686 5452 δίσοι
3739 5379 3860 5441 καῖδ

513 5495 632 5546 tem
659 5491 1066 5560 consequatur
1091 5479 1414 5562 praclarus
1447 5497 1682 5560 quoque
1705 5479 2131 5560 Agathangelu:

2254 5477 2416 5544 καλὸς
2483 5479 2904 5560 Ἀγαθάγγελοςθ
2968 5483 3046 5557 μὴ
3105 5487 3194 5540 οὖν
3249 5485 3499 5560 μέλλετε,
3545 5483 3673 5542 ἀλλὰ
3735 5473 3858 5531 θύετε

525 5572 724 5636 Nolite
753 5590 895 5649 ergo
929 5569 1195 5645 differre,
1229 5568 1336 5630 sed
1368 5569 1483 5632 diis
1519 5569 1593 5630 de
1622 5587 1789 5631 more
1819 5571 2131 5632 sacrificate

2257 5573 2401 5630 θεοῖς
2464 5572 2528 5627 τὰ
2598 5568 2976 5646 νενομισμένα.
3026 5575 3086 5631 Ol
3137 5572 3192 5630 δὲ
3255 5575 3421 5656 ἅγιοι,
3467 5583 3586 5640 Πῶς
3640 5569 3690 5626 δὲ
3745 5565 3860 5656 id“?

513 5661 711 5726 Sancti
746 5679 885 5725 vero
923 5677 937 5724 :
969 5658 1308 5736 Quomodo,
1341 5657 1642 5735 dixerunt,
1674 5658 1858 5723 fueris
1889 5659 2064 5723 nobis
2087 5678 2131 5722 ει

2266 5661 2520 5724 κοινωνὸς
2574 5659 2659 5735 ἂν,
2692 5661 2874 5734 εἷπον,
2920 5661 3023 5720 τῶν
3075 5651 3317 5743 θλίψεων-
3362 5651 3560 5748 γένοιο,
3592 5662 3674 5724 οἷς
3725 5651 3858 5722 ἡδονή

2221 2339 2342 2402 τοὺς
2395 2339 2576 2416 ἁγίσυς
2629 2341 2758 2419 πρὸς
2805 2343 3046 2421 ἡγεμόνα
3097 2344 3213 2400 τινὰ
3266 2344 3547 2422 Κουρίκιον
3579 2339 3855 2419 παραπέμ-

2221 2451 2308 2485 πει
2365 2429 2529 2492 οὕτως
2563 2429 2748 2486 εἰπών’
2786 2433 2893 2500 Τὴν
2925 2432 3337 2510 γεννησαμένην
3388 2433 3544 2515 ἔχειν
3576 2455 3634 2492 τε
3679 2430 3854 2494 αὖτοὺς

2220 2519 2307 2575 καὶ
2341 2519 2573 2600 τρέφειν,
2606 2521 2691 2578 καὶ
2721 2526 3070 2600 τιμωρεῖσθαι
3103 2521 3324 2587 δίκαιον,

2301 2608 2438 2670 NE’.
2501 2607 2678 2672 Οὕτως
2731 2612 3040 2691 εὑμήχανός
3096 2633 3152 2668 τε
3181 2614 3268 2670 καὶ
3322 2615 3464 2695 σοφὴ
3507 2615 3598 2672 καὶ
3644 2613 3694 2670 ἓν
3742 2608 3853 2671 τοῖς

2221 2698 2451 2776 ἀπόροις
2503 2698 2722 2776 εὔπορος
2751 2701 2784 2768 ἡ
2815 2707 2906 2756 τοῦ
2938 2707 3070 2759 Θεοῦ
3115 2702 3360 2780 πρόνοια,
3396 2705 3488 2761 καὶ
3537 2706 3565 2760 6
3606 2700 3855 2764 τοσαύτην

2221 2787 2458 2845 ἐπελθὼν
2508 2793 2611 2866 γῆν
2641 2810 2698 2846 τε
2730 2791 2817 2846 καὶ
2868 2788 3139 2847 θάλασσαν
3182 2791 3438 2873 Κλήμης,
3471 2793 3562 2851 καὶ
3613 2788 3852 2858 τηλικαΰο

2222 2899 2320 2946 της
2378 2877 2680 2954 ἀποδημίας
2731 2879 3099 2957 στειλάμενος,
3133 2882 3232 2950 τὴν
3289 2888 3451 2962 φιλην
3505 2883 3651 2945 αὖθις
3703 2876 3854 2938 καθά·

2220 2989 2318 3046 περ
2347 2967 2552 3048 ηὔχετο
2582 2969 2674 3025 καί
2718 2969 2939 3038 ἡδίστην
2969 2969 3337 3047 ἀπολαμϐάνει
3384 2970 3633 3053 πατρίδα,
3663 2965 3756 3034 Ἦς
3796 2963 3853 3031 δὴ

2221 3081 2321 3115 που
2370 3059 2456 3115 καὶ
2490 3059 2582 3114 σὺν
2638 3057 2806 3137 ἠδονῇ
2837 3057 3023 3124 ἐπιϐὰς
3072 3063 3159 3118 καὶ
3205 3061 3548 3141 φαιδρότητι,
3586 3062 3718 3128 Δόξα
3756 3077 3854 3126 σοι,

2225 3149 2379 3223 Κύριε
2432 3156 2588 3212 ιησοῧ
2638 3149 2830 3226 Χριστὲ
2883 3153 2910 3208 6
2985 3153 3142 3226 Θεὸς,
3201 3151 3408 3230 ἔλεγεν,
3472 3151 3586 3210 ἀνθ’
3641 3154 3714 3206 ὧν
3757 3149 3856 3204 εἰσιν
