4104 6198
323 351 440 418 861

1370 361 1558 425 VITA
1617 365 1680 426 S.
1733 354 2166 426 CLEMENTIS
2211 359 2637 424 ANCYRANI.

3567 348 3686 413 862

320 488 532 567 μᾶλλον
575 493 628 548 σί
671 499 912 550 τοιαῦται
952 493 1160 569 θλίψεις
1201 496 1303 552 εἶσί
1337 515 1354 576 ς
1415 499 1685 576 Χαίρομεν
1726 499 1829 577 γὰρ
1867 497 1986 554 ἒπὶλ

2074 497 2168 560 ius
2188 493 2821 577 atﬂictionumquibus
2839 501 2976 558 sunt
2994 492 3285 575 voluptati
3301 489 3688 556 aﬂlictiones‘?

316 594 438 647 τοῖς
476 583 759 656 παθήμασι
804 583 1040 664 τούτοις,
1074 586 1162 641 καὶ
1192 592 1473 661 τοσοῦτον,
1508 587 1618 662 ὅσῳ
1663 588 1762 645 καῖ
1792 588 1962 651 πάθος

322 669 532 744 μᾶλλον
575 675 664 728 καὶ
707 675 984 754 συμφορὰν
1027 676 1090 731 τὸ
1149 676 1228 751 μὴ
1255 682 1479 734 τοιαῦτα
1510 681 1708 735 παθεῖν
1739 677 1965 754 λογιζό-

321 782 485 836 μενα,
530 761 711 841 ὥσπερ
757 765 846 820 καὶ
877 763 1103 833 διηνεκῆ
1151 765 1312 823 πάλιν
1372 768 1776 846 μακαριότητα,
1823 769 1868 823 εἰ
1913 765 1968 821 έν

321 856 396 928 τῇ
447 852 693 930 παρούσῃ
734 864 829 914 τοῦ
903 861 1134 932 Χριστοῦ
1206 857 1381 914 πίστει
1442 858 1530 914 καὶ
1573 863 1642 934 τῇ
1702 855 1963 933 ὁμολογίᾳ

320 942 494 1018 ταύτῃ
551 942 948 1018 τελειωθῶμεν,
987 948 1044 1005 Ei
1075 945 1131 1002 δὲ
1161 946 1238 1003 ἔτι
1271 948 1384 1026 χρὴ
1414 948 1500 1004 καὶ
1531 960 1811 1004 κοινωνεῖν
1858 945 1961 1001 ἁλ-

322 1029 518 1101 λήλοις
575 1037 682 1088 τῶν
725 1040 1036 1114 συμφορῶν,
1079 1038 1219 1110 ἡμᾶς
1258 1035 1344 1093 δεῖ
1375 1036 1583 1110 μᾶλλον
1626 1038 1733 1094 τῶν
1763 1035 1964 1110 ὑμετέ-

320 1142 431 1197 ρων
475 1119 768 1196 λαμϐάνειν
827 1131 1034 1199 κακῶν,
1068 1127 1122 1183 οἲ
1154 1148 1215 1204 γε
1247 1130 1341 1182 τὸν
1384 1126 1560 1193 άληθῆ
1594 1128 1724 1183 Θεὸν
1755 1126 1968 1203 ἀγνοή-

321 1231 517 1273 σαντες
562 1209 800 1276 εἰδώλοις
832 1212 1204 1290 ἀναισθήτοις,
1235 1223 1333 1295 φεῦ
1367 1215 1381 1275 ί
1414 1217 1505 1272 καὶ
1531 1228 1742 1296 κωφοῖς
1773 1214 1966 1278 ἆθλίως

322 1301 692 1378 προστίθεσθε.

411 1388 536 1451 ΝΖ’.
574 1393 712 1468 Πρὸς
753 1398 921 1449 ταῦτα
962 1393 1146 1459 δεινῶς
1179 1394 1529 1474 ἐκθηριωθείς
1584 1399 1612 1452 6
1661 1395 1965 1473 Κουρίκιος,

326 1478 576 1554 Ἐπειδὴ,
633 1484 788 1562 φησὶ,
849 1483 1063 1559 μοίρας,
1123 1487 1197 1549 ὡς
1256 1484 1454 1564 ἔοικεν,
1514 1485 1634 1541 ἐστέ
1698 1489 1964 1560 πονηρᾶς,

327 1571 419 1626 καὶ
461 1570 679 1649 χαίρετε
708 1571 941 1647 μᾶλλον,
973 1576 1048 1639 ὡς
1079 1574 1212 1653 όρῶ,
1272 1575 1689 1654 τιμῶρούμενοι,
1737 1573 1846 1652 ἐγὼ
1903 1573 1970 1628 τὰ

328 1660 468 1716 κατὰ
509 1660 734 1738 γνώμην
775 1664 908 1738 ὑμῖν
951 1663 1251 1742 φιλοτίμως
1309 1665 1544 1742 παρέξω.
1595 1663 1820 1742 Σίδηρον
1881 1665 1968 1718 οὖν

329 1747 644 1828 ἰκπυρώσας
671 1751 812 1809 οὕτω
843 1753 1107 1834 σφοδρῶς,
1141 1756 1214 1818 ὡς
1258 1756 1347 1812 καὶ
1406 1757 1699 1832 σπινθῆρας
1758 1775 1967 1811 παντα-

2047 592 2332 650 Laetamur
2352 591 2506 648 enim
2541 591 2627 646 his
2651 586 3204 661 perpessionibus,et
3223 603 3292 645 eo
3316 583 3687 658 magis,qnod

2050 696 2170 740 non
2195 677 2333 739 talia
2354 675 2962 757 pati,perpessionem
2989 693 3124 738 esse
3146 675 3422 736 ducimus
3443 681 3505 736 et
3519 672 3686 735 cala-

2051 771 2342 849 mitatem;
2369 767 2522 829 sicut
2540 766 2718 827 etiam
2745 775 3091 847 perpetuam
3127 784 3334 828 rursus
3362 761 3687 826 beatitudi-

2051 877 2214 933 nem,
2239 858 2369 920 siin
2394 857 2672 937 prasenti
2695 855 2918 919 Christi
2948 856 3064 919 ﬁde
3090 855 3230 918 etin
3261 856 3374 918 hac
3401 870 3688 916 consum-

2049 967 2287 1012 memur
2307 947 2891 1020 confessione.Quod
2915 947 2962 1008 si
2988 956 3230 1027 oportet
3252 964 3361 1007 nos
3383 963 3515 1007 esse
3535 945 3693 1005 inter

2049 1059 2158 1102 nos
2189 1037 2388 1100 socios
2439 1039 2870 1112 calamitatum,
2941 1045 3178 1118 oportet
3209 1055 3318 1098 nos
3350 1045 3687 1098 vestrorum

2055 1134 2345 1193 malorum
2382 1134 2578 1211 potius
2609 1129 3028 1210 misereri,qui
3059 1146 3262 1190 verum
3298 1125 3486 1188 Deum
3520 1126 3692 1202 igno-

2048 1228 2276 1293 rantes,
2309 1219 2474 1282 nullo
2505 1237 2689 1282 sensu
2715 1219 2980 1298 praeditis
3013 1218 3188 1298 (proh
3221 1217 3396 1279 dolor
3420 1217 3461 1297 ε)
3499 1214 3690 1276 simu-

2051 1310 2232 1374 lacris
2260 1317 2318 1372 et
2346 1309 2550 1371 surdis
2582 1309 2804 1370 misere
2833 1310 2978 1370 estis
3009 1308 3218 1371 dediti.

2134 1399 2422 1463 LVll.His
2451 1400 2708 1478 graviter
2733 1399 3019 1460 efferatus
3046 1397 3339 1461 Curicius:
3367 1395 3689 1471 Quoniam,

2052 1491 2267 1573 inquit,
2301 1499 2364 1551 ut
2395 1489 2646 1556 videtur.
2686 1491 2975 1550 malarum
3011 1490 3159 1551 estis
3201 1488 3481 1570 partium,
3518 1495 3598 1556 et,
3633 1493 3696 1546 ut

2053 1581 2308 1653 videtur,
2341 1580 2635 1642 laetamini
2671 1580 2811 1640 dum
2840 1578 3219 1650 cruciamini,
3256 1597 3364 1658 ego
3396 1595 3528 1659 quae
3557 1584 3695 1637 sunt

2054 1671 2217 1733 vobis
2239 1669 2720 1751 cordi,praabebo
2752 1669 3088 1732 liberaliter
3116 1677 3174 1731 et
3199 1668 3689 1748 magniﬁce.Cum

2052 1763 2254 1844 itaque
2280 1762 2480 1822 statim
2510 1762 2738 1823 ferrum
2775 1762 3169 1822 vehementer
3197 1760 3596 1832 accendisset,
3632 1766 3696 1818 ut

327 1840 719 1932 xdofvhmpbc
769 1842 1004 1922 ἀφιέναι,
1053 1856 1178 1907 ταῖς
1221 1850 1315 1900 τοῦ
1373 1842 1612 1923 μεγάλου
1657 1841 1969 1917 Κλήμεντος

2073 1840 2232 1914 aliam
2268 1852 2422 1930 ignis
2451 1850 2748 1912 scintillas
2803 1851 3204 1932 undequaqne
3255 1849 3582 1926 emitteret,
3635 1844 3693 1906 id

326 1927 618 1989 ὑποϐάλλει
654 1932 994 2013 μασχάλαιςο
1041 1933 1170 1989 εἶτα
1200 1934 1289 1990 καὶ
1330 1947 1455 1996 ταῖς
1499 1932 1760 2011 πλευραῖς
1792 1933 1971 2011 ἀσφα-

329 2019 442 2083 λῶς
484 2022 606 2086 τοὺς
651 2023 902 2098 ἀγκῶνας
961 2021 1359 2100 ὲγκαταδήσας,
1405 2023 1500 2080 ’ίνα
1527 2026 1618 2080 καὶ
1648 2023 1972 2101 πικροτέρας

331 2110 652 2178 αἰσθάνηται
709 2111 806 2180 τῆς
878 2109 1092 2189 ὀδύνης,
1157 2112 1310 2178 ξύλον
1368 2133 1426 2169 τε
1495 2115 1758 2188 ἰσόμηκες
1830 2109 1974 2190 άνδρὶ

330 2201 473 2258 κατὰ
515 2206 620 2280 γῆς
671 2203 923 2280 πηγνύει,
957 2205 1044 2260 καὶ
1088 2204 1180 2260 τὸν
1215 2202 1502 2278 Κλήμεντα
1541 2202 1716 2281 ὄρθιον
1744 2203 1798 2259 ἐν
1831 2204 1976 2275 αὖτῷ

331 2289 691 2360 καταδεθῆναι
734 2291 939 2350 κελεύει
973 2309 988 2325 ⁸
1039 2295 1134 2350 τὸν
1165 2293 1566 2374 Ἀγαθάγγελον
1607 2291 1662 2349 δὲ
1709 2291 1973 2369 μετεωρί-

335 2402 462 2456 σας,
517 2382 606 2438 καὶ
688 2380 913 2458 δημίους
995 2383 1258 2442 πάντοθεν
1314 2385 1669 2460 περιστήσας,
1743 2381 1976 2454 πλευρὰς

340 2470 504 2528 αὖτοῦ
541 2472 628 2529 καὶ
687 2475 901 2548 κνήμας
956 2473 1252 2540 κατέξαινε.
1302 2472 1509 2539 Μεταξὺ
1569 2471 1624 2529 δὲ
1667 2476 1754 2531 καὶ
1799 2471 1979 2548 ὥσπερ

338 2559 717 2640 ἐπιχλευάζων
747 2564 790 2619 εί
844 2563 1254 2622 ἑπαισθάνοιντο
1305 2569 1412 2620 τῶν
1468 2561 1746 2621 κολάσεων
1775 2559 1981 2638 διηρώ-

338 2672 434 2713 τα.
467 2652 602 2728 Πρὸς
633 2652 694 2708 ὃν
723 2654 752 2709 6
806 2653 978 2732 μέγας
1042 2652 1271 2729 Κλήμης
1320 2655 1382 2710 τὸ
1423 2659 1518 2710 τοῦ
1575 2651 1784 2709 Παύλου
1847 2649 1983 2706 κατὰ

339 2742 534 2820 καιρὸν
575 2741 919 2824 ἀπεκρίνατο,
980 2743 1149 2802 ’Ὅσον
1205 2745 1234 2799 6
1277 2742 1465 2808 ἔξωθεν
1520 2745 1675 2818 ἡμῶν
1707 2741 1981 2820 ἅνθρωπος

339 2833 630 2909 φθείρεται,
694 2831 892 2912 λέγων,
948 2836 1196 2892 τοσοῦτον
1257 2835 1286 2890 6
1331 2832 1536 2890 ἔνδοθεν
1579 2829 1979 2891 ἀνακαινοῦται.

343 2914 405 2980 ὀ
435 2923 659 3000 ἡγεμὼν
713 2923 803 2980 οὖν
863 2924 962 2992 τὴν
1005 2923 1208 2980 ἐκείνου
1237 2922 1337 2991 τῆς
1369 2922 1649 3000 καρτερίας
1679 2918 1984 2999 ὑπερϐολὴν

335 3009 612 3090 ὑπερϐολῇ
662 3012 826 3071 πάλιν
877 3012 1147 3072 κολάσεων
1199 3015 1424 3081 νικῆσαι
1484 3013 1826 3091 φιλονεικῶν,
1884 3007 1983 3065 καί

339 3099 566 3182 σιδηρᾶν
603 3102 1023 3185 περικεφαλαίαν
1079 3105 1154 3167 ὡς
1211 3103 1337 3171 ὶνῆν
1367 3101 1603 3176 μάλιστα
1641 3099 1979 3179 ἑκπυρώσας,

2056 1941 2298 2023 subjirit
2327 1941 2524 2003 axillis
2575 1942 2778 2020 magni
2808 1940 3134 2005 Clementis
3170 1959 3184 2000 :
3221 1947 3280 2000 et
3307 1937 3529 2000 deinde
3559 1953 3693 1998 cum

2059 2030 2349 2094 lateribus
2379 2031 2550 2093 ulnas
2579 2031 2815 2094 fortiter
2842 2031 3247 2109 alligasset,ut
3267 2029 3542 2090 dolorem
3564 2043 3700 2088 sen-

2059 2123 2198 2184 tiret
2225 2121 2625 2202 acerbiorem,
2669 2121 2898 2201 lignum
2935 2120 3349 2201 magnitudine
3384 2119 3438 2182 ei
3472 2115 3700 2198 aequale

2060 2210 2264 2290 ﬁgitin
2289 2211 2987 2274 terramzetClementem
3012 2209 3450 2292 quidemjubet
3465 2216 3698 2270 rectum

2060 2302 2121 2362 in
2145 2321 2215 2363 eo
2237 2301 2488 2380 alligari:
2513 2320 2646 2364 cum
2664 2301 3134 2381 Agathangelum
3151 2308 3350 2361 autem
3377 2297 3698 2359 sublimem

2063 2391 2427 2466 sustulisset,
2463 2399 2520 2453 et
2577 2391 2822 2453 lictores
2875 2392 3036 2453 circa
3066 2409 3201 2452 eum
3235 2387 3406 2452 omni
3433 2405 3505 2449 ex
3533 2392 3705 2466 parte

2063 2479 2393 2554 statuisset,
2429 2499 2635 2543 eorum
2691 2481 2878 2543 latera
2901 2489 2960 2543 et
2984 2479 3158 2542 tibias
3187 2477 3365 2541 simul
3403 2474 3697 2538 caedebat.

2063 2572 2312 2636 Interim
2335 2580 2532 2632 autem
2552 2589 2656 2632 eos
2679 2572 2861 2633 veluti
2883 2563 3706 2645 subsannans,interrogabat

2062 2680 2138 2724 an
2170 2662 2466 2723 sentirent
2487 2660 2809 2742 supplicia.
2843 2660 2949 2723 Cui
2981 2679 3232 2740 magnus
3254 2657 3536 2722 Clemens
3556 2653 3703 2716 illud

2064 2751 2236 2814 Pauli
2263 2750 2296 2801 6
2323 2752 2385 2812 ἱη
2409 2758 2682 2832 tempore
2704 2750 3055 2832 respondit:
3089 2751 3389 2824 Quantum
3423 2753 3708 2808 externus

2064 2843 2246 2905 homo
2270 2849 2480 2903 noster
2499 2841 3405 2922 corrumpitur,dicens,tantum
3428 2836 3704 2897 internus

2065 2931 2552 2995 renovatur.Dux
2579 2931 2779 3012 itaque
2809 2948 3101 2993 summam
3133 2928 3297 2992 illius
3327 2924 3701 2991 tolerantiam

2066 3020 2436 3085 contendens
2452 3038 2662 3082 rursus
2683 3021 2934 3083 summis
2955 3037 3244 3101 superare
3256 3015 3709 3100 suppliciis,fer-

2067 3130 2228 3175 ream
2258 3128 2499 3192 quoque
2530 3110 2931 3189 galeam,cum
2957 3129 3086 3174 eam
3107 3116 3394 3192 quantum
3419 3105 3713 3187 potuisset

342 3190 434 3247 hri
479 3191 579 3259 τὴν
630 3191 872 3272 κεφαλὴν
928 3191 1098 3272 φέρων
1148 3199 1246 3250 τοῦ
1320 3192 1582 3271 μάρτυρος
1640 3190 1980 3268 κατατίθησι,

2073 3190 2476 3274 accendisset,
2509 3200 2711 3262 ferens
2738 3201 2934 3281 posuit
2965 3190 3149 3282 supra
3183 3207 3359 3279 caput
3384 3193 3657 3277 martyris
3693 3214 3706 3252 :

344 3283 443 3338 καί
503 3283 707 3346 καπνὸς
738 3282 838 3356 μὲν
894 3283 1081 3340 αὖτίκα
1107 3281 1192 3339 διὰ
1219 3291 1313 3341 τοῦ
1342 3284 1634 3360 στόματος,
1667 3287 1776 3337 τῶι
1803 3280 1981 3358 ῥινῶν,

2073 3300 2129 3354 et
2159 3292 2360 3354 statim
2394 3291 2594 3353 fumus
2644 3280 2888 3373 quidem
2942 3280 3290 3354 mittebatur
3346 3307 3453 3370 per
3475 3305 3565 3360 os,
3603 3301 3714 3366 per

351 3372 463 3430 τῶν
489 3371 645 3429 ὤτων
689 3371 983 3447 ἐπέμπετο.
1028 3373 1166 3430 Βαθὺ
1213 3371 1469 3437 στενάξας
1511 3370 1724 3433 ἐκεῖνος
1769 3370 1856 3426 καὶ
1899 3367 1989 3425 τὸν

351 3464 486 3520 Θεὸν
547 3459 1004 3542 ὶπιεοησάμενος,
1053 3462 1124 3519 Τό
1161 3459 1318 3538 ὕδωρ,
1351 3461 1503 3532 εἶπε,
1540 3462 1602 3517 τὸ
1638 3462 1767 3535 ζῶν,
1814 3460 1841 3514 6
1890 3462 1991 3524 τῆς

350 3551 622 3630 σωτηρίας
681 3554 836 3628 ἡμῶν
887 3552 1068 3628 ὑετὸς,
1128 3553 1286 3612 αὐτὸς
1375 3547 1656 3615 έπίσταξόν
1728 3571 1821 3625 μοι
1893 3547 1996 3614 τὴν

351 3641 539 3721 δρόσον
593 3643 694 3710 τὴν
737 3644 881 3721 παρὰ
926 3649 1042 3704 σοῦ.
1078 3641 1376 3719 Ἐξήγαγες
1407 3641 1552 3713 ἡμᾶς
1584 3640 1645 3695 τὸ
1677 3642 1807 3716 πρὶν
1863 3635 1992 3693 ὕδα-

350 3753 468 3807 τος,
525 3731 755 3810 ὶξάγαγε
785 3735 871 3789 καί
907 3740 994 3790 νῦν
1024 3731 1084 3789 ἐκ
1114 3734 1278 3810 πυρὸς
1310 3731 1383 3789 εἰς
1444 3727 1757 3808 ἀναψυχήν,
1819 3730 1994 3785 Ταῦτα

354 3823 538 3892 εἷπεν,
592 3824 680 3879 καὶ
730 3824 868 3879 κατὰ
927 3824 1118 3900 μικρὸν
1170 3822 1402 3900 ψυχρόν
1447 3841 1502 3876 τε
1561 3821 1623 3876 τὸ
1683 3817 1996 3898 μηχάνημα

354 3915 536 3972 ὲκεῖνο
586 3911 849 3993 κατέστη,
909 3913 1005 3968 καί
1064 3913 1112 3967 οὶ
1170 3913 1264 3970 τὸν
1327 3907 1728 3986 Ἀγαθάγγελον
1788 3907 1994 3972 ξέοντες

355 4002 760 4082 ἀπηγόρευσαν.
796 4003 969 4080 ’Ὀττερ
1000 4005 1090 4059 οὗν
1132 3999 1314 4058 ἰδόντα
1367 4001 1458 4055 τὸν
1499 3999 1743 4075 ἡγεμόνα
1801 4001 1994 4075 τρόμος

352 4115 413 4151 τε
443 4095 537 4149 σὺν
568 4092 828 4162 ἐκπλήξει
880 4091 1140 4171 κατέσχε,
1194 4091 1282 4147 καὶ
1330 4089 1453 4152 τοὺς
1484 4089 1666 4166 ἁγίους
1697 4089 1992 4166 ἀπάγεσθαι

354 4185 490 4258 πρὸς
521 4185 582 4240 τὸ
613 4181 984 4260 δεσμωτήριον
1029 4182 1174 4243 εὐθὺς
1206 4179 1477 4251 ἐκέλευσε,
1528 4179 1624 4244 τὴν
1659 4178 1882 4256 ἀπορίαν
1939 4176 1994 4232 ἐν

355 4275 714 4354 προσχήματι
748 4273 1076 4347 συμπαθείας
1111 4270 1477 4346 διαλυόμενος,

437 4356 575 4426 ΝΗ’.
613 4355 676 4421 Ἠ
711 4364 894 4439 μέντοι
927 4367 1066 4441 σοφύ⁸
1099 4362 1288 4441 Σοφία,
1321 4364 1356 4430 ἡ
1388 4362 1476 4418 καὶ
1508 4360 1714 4438 μήτηρ,
1746 4359 1817 4424 ὡς
1848 4360 1875 4414 6
1906 4357 2001 4414 λό-

353 4477 449 4535 γος
493 4456 698 4535 φθάσας
727 4452 991 4526 ἐδήλωσε,
1024 4454 1110 4508 καὶ
1139 4452 1510 4530 παιδαγωγὸς,
1558 4451 1644 4506 καὶ
1689 4449 1861 4506 πάντα
1923 4455 1998 4522 τῷ

353 4552 508 4620 καλῷ
569 4542 840 4618 Κλήμεντι
873 4542 1169 4622 γενομένη,
1201 4539 1286 4597 διὰ
1314 4542 1518 4620 χρόνου
1558 4546 1745 4597 τοῦτον
1789 4537 1995 4613 ἰδοῦσα,

359 4635 502 4694 οὕτω
557 4655 614 4691 τε
673 4654 807 4708 μετα
866 4633 960 4689 τοῦ
1003 4633 1210 4707 κόσμου
1268 4635 1365 4698 τῆς
1411 4629 1703 4707 ὁμολογίας
1732 4630 1820 4686 καὶ
1851 4628 1996 4703 λαμ·
2026 4633 2042 4652 ⁸

360 4731 500 4804 πρᾶς
558 4722 918 4781 ὶπανελθόντα
978 4727 1078 4790 τῆς
1144 4731 1238 4780 τοῦ
1297 4722 1582 4798 μαρτυρίου
1649 4718 1870 4790 στολῆς,
1915 4719 2005 4777 καὶ

363 4815 527 4873 πάλιν
586 4813 998 4893 ἐπιφανέστερον
1029 4811 1084 4867 ἐν
1113 4811 1181 4879 τῆ
1214 4809 1422 4886 πατρίδι
1454 4816 1522 4886 τῇ
1579 4811 1854 4884 προσθήκη
1898 4816 2006 4864 τῶν

364 4903 620 4962 κινδύνων
665 4905 956 4981 γενόμενον
1001 4902 1202 4975 μεστήν
1231 4921 1290 4958 τε
1325 4901 1484 4980 εἶχεν
1515 4897 1714 4968 ἡδονῆς
1743 4900 1840 4967 τὴν
1871 4920 2006 4974 καρ-

365 4995 504 5068 δίαν,
564 4999 665 5052 καὶ
722 4991 1023 5070 προσεδόκα
1070 4991 1196 5048 ὅσον
1247 4988 1453 5048 οὐδέπω
1484 4990 2006 5064 καταπεμπομένους

365 5085 568 5143 ἄνωθεν
610 5085 700 5140 καὶ
753 5085 876 5148 τοὺς
909 5081 1199 5160 στεφάνους
1229 5079 1388 5142 ἰδεῖν,
1424 5081 1628 5141 Νυκτὸς
1658 5077 1714 5135 δὲ
1773 5080 1905 5157 πρὸς
1947 5080 2009 5135 τὸ

367 5173 736 5252 δεσμωτήριον
793 5171 1094 5252 ἀφικομένη
1152 5173 1239 5226 καὶ
1299 5177 1376 5243 τῷ
1439 5167 1715 5244 Κλήμεντι
1761 5170 1834 5234 ὼς
1882 5169 2010 5247 εἶχε

367 5267 752 5344 περιχυθεῖσα,
785 5267 883 5318 καὶ
929 5259 1128 5327 ἡδονῆς
1189 5257 1273 5316 ἐπ’
1329 5259 1474 5335 αὖτῷ
1503 5258 1700 5335 δάκρυα
1733 5260 2009 5315 καταστά-

368 5363 556 5428 ζουσα,
588 5354 649 5410 τὸ
681 5351 879 5430 στόμα,
915 5352 1009 5414 τὰς
1043 5363 1265 5430 χεῖρας,
1306 5352 1431 5414 τοὺς
1477 5349 1805 5429 ὀφθαλμοὺς,
1838 5350 2011 5407 πάντα

369 5445 576 5502 ἑκείνου
622 5443 850 5519 γιησίως
906 5438 1179 5518 κατεφίλει
1236 5441 1302 5496 τὰ
1357 5439 1521 5514 μέλη,
1583 5440 1816 5496 ’Ἔπειτα
1895 5444 2010 5500 πῶς

369 5535 579 5591 ἐκεῖθεν
638 5531 885 5610 πλεύσοι,
931 5533 1066 5586 τίσιν
1109 5527 1456 5606 πάραδοθείη,
1503 5533 1617 5586 τίνα
1678 5530 1742 5585 τὰ
1814 5527 2010 5603 μεταξὺ

450 5692 485 5746 ο
511 5690 560 5757 ΙΙ
590 5693 727 5758 Cor.
760 5707 843 5770 ιν,
881 5691 979 5756 16.

2075 3400 2276 3450 nares.
2305 3400 2413 3462 per
2442 3400 2640 3443 aures.
2677 3382 2822 3445 Cum
2855 3381 2960 3444 ille
2990 3389 3186 3443 autem
3224 3377 3518 3461 profunde
3547 3377 3714 3455 inge-

2078 3472 2352 3540 muisset,
2384 3481 2442 3534 et
2470 3471 2658 3534 Deum
2690 3478 3023 3534 invocasset
3056 3493 3071 3533 :
3107 3471 3154 3534 Ο
3203 3488 3380 3551 aqua,
3411 3466 3710 3549 inquiens,

2079 3562 2232 3635 viva,
2265 3561 2463 3624 imber
2494 3571 2713 3623 nostra
2743 3562 3135 3643 salutis,ipse,
3172 3559 3388 3642 inquit,
3417 3567 3582 3619 tuum
3616 3557 3713 3618 in-

2078 3652 2239 3716 stilla
2297 3652 2442 3715 mihi
2497 3670 2724 3714 rorem.
2786 3653 2910 3715 Nos
2960 3651 3202 3731 quidem
3253 3650 3422 3729 prius
3463 3666 3531 3708 ex
3563 3663 3718 3726 aqua

2081 3742 2433 3815 eduxisti,et
2455 3761 2618 3805 nunc
2638 3759 2710 3804 ex
2733 3743 2869 3821 igne
2891 3741 3041 3802 educ
3065 3741 3121 3801 in
3145 3736 3550 3814 refrigerium.
3577 3733 3717 3798 Haec

2080 3833 2246 3903 dixit,
2278 3841 2335 3895 et
2365 3832 2648 3912 paulatim
2703 3830 2920 3910 frigida
2964 3831 3145 3892 evasit
3184 3827 3288 3890 illa
3324 3826 3622 3902 machina,
3659 3832 3716 3886 et

2079 3922 2302 3984 defessi
2331 3931 2490 3996 sunt,
2524 3921 2624 4003 qui
2659 3921 2853 4002 ipsum
2887 3919 3195 3982 caedebant
3217 3915 3713 3998 Agathangelum.

2078 4012 2249 4085 Quod
2283 4012 2526 4093 quidem
2560 4029 2694 4074 cum
2723 4012 2840 4073 dux
2872 4010 3144 4083 vidisset,
3173 4027 3312 4072 eum
3346 4006 3561 4069 Invasit
3595 4015 3720 4093 ire:

2079 4119 2210 4162 mor
2240 4089 2669 4177 et'admiratio;
2698 4108 2754 4162 et
2796 4101 2994 4162 statim
3036 4098 3213 4177 jussit
3238 4105 3476 4160 sanctos
3506 4089 3724 4158 abduci

2076 4183 2136 4243 in
2169 4200 2501 4254 carcerem,
2553 4181 2818 4262 inopiam
2874 4180 3108 4243 consilii
3166 4187 3376 4259 tegens
3432 4186 3727 4258 praetextu

2083 4270 2539 4333 misericordiae.

2165 4359 2370 4424 LVlll.
2396 4360 2650 4440 Sapiens
2676 4367 2872 4423 autem
2906 4359 3320 4442 Sophia,quaa,
3348 4367 3409 4418 ut
3433 4356 3726 4429 diximus,

2082 4451 2213 4530 ejus
2235 4457 2363 4512 erat
2393 4458 2450 4512 et
2486 4458 2676 4513 mater
2698 4459 2753 4512 et
2773 4450 3126 4523 institutrix,
3162 4459 3221 4512 et
3244 4448 3403 4511 bono
3434 4443 3731 4509 Clementi

2083 4540 2299 4603 etlecta
2324 4548 2452 4602 erat
2481 4541 2855 4612 omnia,cum
2893 4547 3024 4618 post
3048 4539 3289 4618 longum
3323 4547 3561 4618 tempus
3591 4553 3727 4598 eum

2083 4629 2327 4691 vidisset
2355 4629 2444 4692 sic
2476 4629 2733 4691 rediisse
2783 4648 2917 4690 cum
2971 4637 3182 4690 ornatu
3215 4627 3636 4696 confessionis,
3675 4633 3734 4685 et

2087 4718 2406 4797 splendida
2435 4719 2586 4781 stola
2618 4721 2903 4799 martyrii,
2946 4726 3006 4779 et
3036 4736 3245 4780 rursus
3275 4717 3336 4780 in
3373 4717 3562 4799 patria
3593 4735 3731 4778 eva-

2088 4808 2245 4870 sisse
2273 4808 2592 4870 clariorem
2629 4807 2975 4869 accessione
3009 4806 3442 4888 periculorum,
3479 4805 3735 4868 habebat

2090 4915 2196 4958 cor
2220 4898 2460 4970 plenum
2521 4899 2748 4972 laetitia,
2811 4906 2870 4959 et
2898 4897 3178 4978 sperabat
3209 4915 3274 4959 se
3307 4917 3440 4958 mox
3476 4896 3731 4958 visuram

2091 5005 2370 5063 coronas,
2399 5007 2529 5069 quae
2556 4988 2818 5067 desuper
2877 4987 3286 5050 mitterentur.
3317 4986 3506 5050 Noctu
3537 4995 3734 5049 autem

2091 5077 2339 5140 veniens
2369 5077 2428 5138 in
2453 5077 3105 5158 carcerem.complexa
3125 5077 3585 5148 Clementem,et
3616 5092 3738 5153 prae

2094 5167 2309 5248 gaudio
2368 5168 2426 5228 in
2484 5186 2619 5230 eum
2679 5168 2962 5230 emittens
3019 5168 3334 5247 lacrymas,
3373 5185 3462 5240 os,
3496 5182 3732 5240 manus,

2095 5257 2327 5328 oculos,
2359 5266 2418 5319 et
2445 5257 2650 5319 omnia
2671 5256 2932 5337 denique
2952 5257 3117 5319 illius
3150 5254 3420 5318 membra
3450 5271 3738 5334 germane

2094 5356 2158 5408 et
2188 5351 2448 5407 suaviter
2476 5345 2965 5408 deosculabatur.
2994 5344 3224 5406 Deinde
3242 5343 3545 5424 quomodo
3569 5341 3737 5404 illinc

2095 5434 2842 5516 navigaverit,quibusnam
2869 5434 3120 5496 traditus
3149 5433 3348 5506 fuerit,
3383 5445 3439 5495 et
3462 5449 3733 5515 quaenam

2093 5524 2334 5587 interim
2367 5525 2740 5599 sustinuerit,
2777 5533 2835 5586 et
2862 5523 3371 5606 quemadmodum
3397 5531 3559 5586 tanto
3581 5533 3736 5588 tem-
