4104 6198
404 315 523 386 863

1697 317 1978 379 MENSIS
2024 317 2482 380 JANUAIlIUS.

3656 313 3774 378 864

405 468 550 531 pore
577 444 1000 520 decertaverit,
1030 453 1087 507 et
1113 443 1386 525 quisnam
1409 446 1508 523 sit,
1536 447 1635 527 qui
1657 465 1792 509 cum
1827 467 1897 510 eo
1928 447 2039 510 sub

2129 451 2428 528 ὑπομείναι,
2487 453 2634 519 ὅπως
2684 475 2743 509 τε
2800 454 2892 511 τὸν
2935 460 3189 512 τοσοῦτον
3233 451 3494 523 ἀθλήσειε
3550 452 3772 533 χρόνον,

401 541 516 604 hoc
537 537 690 599 duce
725 533 1221 608 decertaverit,et
1240 554 1374 597 cum
1401 555 1473 598 eo
1502 555 1716 598 rursus
1739 546 1830 599 est
1856 538 2050 601 inclu-

403 647 533 707 sus,
562 626 803 705 singula
832 634 1037 704 aperte
1090 625 1504 706 interrogavit.
1557 626 1878 708 Postquam
1912 647 2050 691 vero

406 736 655 797 magnus
683 717 962 779 Clemens
991 715 1334 795 singulatim
1387 718 1616 792 omnia,
1652 721 1955 798 quomodo
1985 737 2051 780 se

401 808 716 881 haberent,
750 807 1048 886 exposuit,
1076 824 1210 866 cum
1246 824 1454 867 eorum
1487 808 1877 870 abstersisset
1906 828 2049 871 san-

400 898 670 976 guinem,
705 905 765 958 et
796 895 1042 958 mundis
1071 894 1276 957 linteis
1297 896 1652 959 mundasset
1677 898 2050 972 vulnera,eis

399 985 976 1069 apponitalimenta,
1005 984 1230 1066 quibus
1261 986 1494 1048 sciebat
1528 985 1898 1050 Clementem
1932 1007 2048 1050 nu-

402 1077 533 1140 triri
568 1076 643 1139 ab
674 1077 926 1139 ineunte
957 1083 1152 1138 aetate.

481 1165 780 1231 LIX.Cum
806 1166 1048 1229 interim
1071 1172 1267 1227 autem
1289 1166 1734 1230 considerasset
1751 1168 2046 1242 Curicius,

400 1256 559 1340 quod
592 1256 742 1319 nihil
773 1255 846 1318 ab
879 1275 951 1317 eo
998 1264 1204 1336 posset
1253 1255 1554 1336 ejusmodi
1599 1257 1926 1336 excogitari
1972 1258 2047 1319 ad

397 1346 788 1428 supplicium,
817 1355 883 1408 ut
913 1348 1177 1409 virorum
1213 1355 1434 1408 tantam
1460 1357 1772 1428 superaret
1793 1348 2048 1411 toleran-

397 1437 563 1512 tiam,
591 1436 812 1500 vicario
833 1435 1098 1512 cuidam,
1125 1437 1223 1498 cui
1258 1446 1400 1499 tunc
1433 1439 1875 1500 Amesenorum
1911 1438 2047 1500 data

397 1536 529 1590 erat
546 1527 992 1590 administratio
1015 1531 1164 1599 (erat
1183 1534 1385 1590 autem
1410 1527 1466 1589 ei
1486 1546 1708 1589 nomen
1729 1527 2043 1604 Domitius)

399 1617 474 1679 de
505 1617 593 1678 eis
625 1617 868 1680 mandat
901 1617 1496 1697 cognitionem.Cum
1521 1637 1658 1680 vero
1681 1618 1752 1678 ad
1778 1638 1912 1680 eum
1948 1617 2048 1680 de-

398 1707 770 1771 ducerentur
804 1716 1264 1789 martyres,qnas
1293 1708 1554 1769 ﬁliorum
1587 1716 1689 1769 aut
1720 1716 2046 1787 martyrum

2133 542 2220 597 καὶ
2273 544 2351 605 τίς
2409 546 2435 600 ὁ
2479 547 2567 600 καὶ
2623 543 2961 613 συναθλήσας
3015 544 3101 600 ἐπὶ
3163 550 3256 600 τοῦ
3297 543 3571 618 ἡγεμόνος
3632 541 3780 614 αύτῷ

2133 630 2227 687 καί
2259 631 2379 706 μετ’
2423 638 2584 693 αὖτοῦ
2614 633 2775 691 πάλιν
2824 633 3291 710 ἰγκεκλεισμένος,
3345 631 3546 690 ἕκαστα
3589 638 3776 711 σαφῶς

2132 719 2406 798 ἀνηρώτα.
2440 723 2599 781 Ἐπεί
2629 722 2685 780 δὲ
2716 726 2744 779 ὁ
2777 723 2950 802 μέγας
2988 723 3219 797 Κλήμης
3252 722 3396 784 ὅπως
3433 722 3563 802 εἶχε
3599 723 3776 778 πάντα

2135 813 2268 868 κατά
2295 812 2455 890 μέρος
2499 813 2856 891 ἀπήγγειλεν,
2917 814 3249 888 ἀποψήσασα
3281 812 3484 870 τούτων
3515 814 3577 868 τὸ
3605 811 3774 886 αἷμα,

2133 902 2222 956 καὶ
2275 905 2529 980 καθαραῖς
2573 904 2640 959 τὰ
2685 903 2963 981 τραύματα
3013 900 3244 959 σινδόσιν
3303 899 3601 977 ἐκμάξασα,
3645 923 3780 977 τρο-

2132 991 2230 1070 φάς
2274 993 2457 1055 αὒτοϊς
2502 991 2854 1071 παρατίθησιν
2884 996 2975 1058 αἷς
3019 992 3080 1049 ἐκ
3122 990 3311 1056 παιδὸς
3362 993 3452 1048 τὸν
3489 990 3779 1062 Κλὴμεντα

2131 1079 2247 1156 ᾔδει
2280 1083 2631 1160 τρεφόμενον.

2215 1171 2348 1234 ΝΘ’.
2387 1172 2478 1230 Ἐν
2535 1173 2707 1247 τούτῳ
2760 1171 2815 1228 δὲ
2876 1176 3216 1250 σκεψάμενος
3279 1174 3306 1228 ὁ
3369 1171 3771 1249 Κουρίκιος,ὼς

2133 1259 2230 1338 Ξίρα
2275 1260 2421 1318 ούδέν
2479 1267 2620 1336 αὐτῷ
2679 1262 2997 1329 τηλικοῦτον
3042 1263 3355 1330 ἐπινοηθείη
3415 1262 3548 1339 πρὸς
3589 1283 3769 1336 τιμω-

2131 1352 2266 1427 ρίαν,
2314 1351 2452 1408 ὥστε
2487 1355 2760 1431 καρτερίας
2817 1352 3019 1430 ἀνδρῶν
3075 1353 3342 1419 τοσαύτης
3377 1351 3766 1431 περιγενέσθαι,

2129 1441 2354 1518 βικαρίῳ
2412 1444 2512 1498 τινὶ
2591 1444 2691 1510 τὴν
2751 1442 3067 1516 Ἀμισηνῶν
3122 1443 3299 1522 ἀρχὴν
3355 1444 3415 1499 τὸ
3476 1451 3770 1508 τηνικαῦτα

2132 1529 2365 1588 διέποντι
2394 1532 2684 1612 (Δομέτιος
2718 1533 2858 1607 αύτῷ
2903 1533 3091 1609 ὄνομα)
3129 1534 3197 1589 τὰ
3242 1533 3378 1588 κατά
3428 1531 3550 1595 τοὺς
3591 1532 3771 1608 ἁγίους

2130 1620 2463 1687 ἀνατίθησιν,
2511 1621 2827 1699 ’Λγομένοις
2883 1622 2938 1679 δὲ
2995 1636 3115 1686 τοῖς
3160 1622 3386 1699 μάρτυσι
3421 1622 3553 1698 πρὸς
3583 1622 3768 1693 αὐτὸν,

2130 1712 2162 1778 ἡ
2194 1709 2469 1789 φιλόφαις,
2516 1713 2551 1780 ἡ
2583 1712 2912 1792 φιλόμαρτυς
2946 1712 3150 1787 μᾶλλον
3196 1717 3292 1770 οὒκ
3321 1711 3486 1789 ἔσχεν
3543 1711 3769 1766 ἀπολει-

399 1798 595 1876 potius
625 1815 831 1860 amore
866 1798 1287 1873 tenebatur,ab
1312 1799 1404 1860 eis
1433 1797 1649 1860 abesse
1681 1817 1800 1860 non
1826 1799 2039 1878 potuit,

2131 1799 2320 1878 φθῆναι
2375 1802 2566 1878 Σοφία,
2615 1801 2752 1857 ἀλλὰ
2812 1802 3095 1876 προθύμως
3169 1802 3307 1874 μετὰ.
3351 1803 3455 1857 τῶν
3497 1798 3588 1855 ὑπ’
3635 1799 3767 1876 αύτῇ

394 1888 500 1950 sed
532 1899 807 1970 prompto
840 1899 901 1951 et
933 1889 1116 1951 alacri
1148 1888 1350 1950 animo
1395 1888 1765 1968 sequebatur
1795 1907 1930 1950 cum
1966 1888 2042 1951 iis

395 1976 498 2058 qui
548 1977 622 2040 ab
679 1997 750 2039 ea
809 1977 1154 2060 alebantur,
1188 1979 1430 2061 pueris;
1467 1997 1618 2059 quos
1651 1977 1923 2060 quidem,
1982 1988 2044 2040 ut

395 2067 562 2148 prius
591 2067 880 2144 diximus,
916 2069 972 2132 ei
1005 2071 1288 2132 Clemens
1318 2070 1636 2132 asciverat.

474 2155 742 2221 LX.Cum
773 2167 969 2220 autem
990 2160 1060 2221 ad
1089 2159 1507 2222 Maximianum
1535 2159 1732 2220 statim
1760 2165 1916 2220 esset
1939 2176 2040 2219 re-

392 2246 575 2309 latum
598 2251 674 2310 de
698 2248 1120 2329 pueris,jubet
1141 2250 1284 2324 ut,si
1318 2249 1622 2312 voluerint
1653 2248 1895 2329 quidem
1923 2249 2041 2311 dis—

391 2337 606 2399 cedere
635 2356 669 2399 a
699 2337 1135 2414 Clemente,eis
1169 2339 1475 2418 permittat
1503 2339 1750 2400 domum
1782 2337 1986 2401 redire
2022 2357 2035 2401 :

390 2425 484 2487 sin
517 2444 655 2489 vero
687 2426 761 2490 ab
791 2447 860 2490 eo
896 2448 1015 2491 non
1060 2429 1234 2491 facile
1285 2429 1597 2502 recedant,
1631 2438 1694 2489 ut
1723 2446 1828 2490 eos
1863 2429 2041 2490 morti

391 2515 737 2581 dedaLCum
760 2517 887 2580 haec
907 2537 1047 2599 ergo
1068 2519 1128 2580 in
1155 2538 1374 2598 pueros
1390 2519 1507 2580 lata
1528 2526 1692 2580 esset
1714 2518 2037 2594 sententia,

389 2625 496 2668 eos
530 2607 1066 2688 apprehendentes
1099 2609 1342 2682 milites,
1392 2609 1767 2670 conabantur
1801 2627 1904 2671 eos
1938 2627 2043 2688 per

393 2698 507 2759 vim
529 2699 788 2762 avellere
809 2717 841 2759 a
863 2707 1142 2780 martyre.
1175 2700 1320 2762 Cum
1348 2700 1420 2760 ab
1446 2719 1517 2762 eo
1545 2709 1744 2762 autem
1775 2699 2041 2779 disjungi

388 2805 507 2848 non
532 2787 1104 2867 sustinerent,ipsos
1128 2807 1193 2848 se
1216 2788 1384 2849 humi
1413 2787 1798 2867 dejicientes,
1818 2798 1875 2850 et
1904 2806 2038 2850 am-

389 2873 578 2937 babus
599 2877 874 2938 manibus
890 2877 1073 2957 pedes
1089 2877 1251 2938 illius
1273 2876 1860 2956 amplectentes,non
1877 2877 2040 2956 prius

386 2963 769 3038 dimiserunt,
805 2984 982 3046 quam
1012 2967 1426 3047 unusquisque
1481 2985 1693 3028 eorum
1729 2984 1876 3028 ense
1908 2966 2038 3027 vita:

387 3052 568 3114 tinem
601 3055 929 3134 acceperit,
965 3075 1100 3118 cum
1136 3057 1533 3118 constantiam
1568 3063 1629 3115 et
1660 3054 2038 3136 prudentiam

386 3159 569 3222 supra
599 3151 832 3204 atatem
867 3145 1306 3219 ostendissent,
1355 3154 1412 3207 et
1444 3155 1652 3225 aperte
1699 3152 2035 3206 monstras-

2129 1889 2468 1969 τρεφομένων
2524 1889 2802 1958 ἠκολούθει
2854 1889 3100 1960 παιδίων,
3137 1891 3272 1968 ἅπερ
3304 1895 3439 1966 αὒτῇ
3484 1890 3764 1969 πρότερον,

2128 1981 2200 2044 ὡς
2232 1981 2464 2058 ἔφθημεν
2496 1979 2762 2055 εἰπόντες,
2799 1983 2824 2037 ὁ
2860 1980 3088 2056 Κλήμης
3120 1982 3526 2051 εἰσεποιήσατο.

2207 2158 2303 2222 Ξ’.
2367 2159 2684 2240 Ἀνενεχθὶν
2718 2159 2772 2217 δὲ
2799 2161 2924 2238 περί
2957 2163 3062 2217 των
3096 2160 3296 2217 παιδων
3326 2162 3472 2221 εὐθὺς
3505 2159 3771 2234 Μαξιμια-

2126 2257 2222 2323 νῷ,
2258 2250 2462 2307 κελεύει
2493 2251 2632 2307 ὥστε
2678 2253 2720 2307 εἰ
2753 2251 2853 2326 μὲν
2897 2250 3238 2330 ἀποσχέσθαι
3299 2249 3612 2324 Κλήμεντος
3648 2250 3769 2312 ἰθε-

2125 2337 2369 2419 λήσειαν,
2430 2354 2785 2419 παραχωρεῖν
2830 2342 3018 2406 αὐτοὺς
3065 2337 3252 2398 οἴκαδε
3310 2339 3676 2418 ἀναστρέφειν,
3723 2335 3769 2396 εί

2124 2427 2178 2485 δὲ
2210 2430 2396 2489 τούτου
2427 2431 2504 2505 μὴ
2553 2438 2790 2510 ευχερῶς
2847 2431 3206 2510 ἀπόσχοιντο,
3236 2430 3448 2502 θανάτῳ
3477 2428 3767 2507 παραδιδόο

2125 2542 2230 2580 ναι,
2297 2521 2503 2584 Ταύτης
2536 2531 2816 2599 τοιγαροῦν
2873 2521 3009 2576 χατά
3059 2523 3166 2576 τῶν
3198 2517 3399 2576 παίδων
3458 2524 3556 2586 τῆς
3585 2521 3768 2598 ψήφου

2124 2607 2389 2684 δοθείσης,
2449 2610 2745 2686 ἀπτόμενοι
2801 2611 3006 2668 τούτων
3065 2611 3111 2666 οἱ
3183 2615 3533 2688 στρατιῶται,
3576 2611 3764 2682 βιαίως

2125 2700 2372 2772 ἀποσπᾷν
2429 2701 2561 2757 αὒτά
2620 2703 2711 2757 τού
2771 2701 3035 2778 μάρτυρος
3081 2698 3374 2777 ἐπειρῶντο
3409 2720 3422 2735 ⁸
3471 2702 3538 2757 τὰ
3581 2699 3636 2756 δὲ
3664 2705 3767 2779 ούχ

2123 2791 2457 2860 ὑπομένοντα
2510 2790 2610 2858 τήν
2665 2789 2946 2869 διάζευξιν,
3006 2791 3259 2867 ῥίπεοντα
3330 2791 3493 2847 ἑαυτά
3550 2791 3760 2870 χαμαί,

2122 2882 2210 2935 καὶ
2265 2881 2450 2958 χερσὶν
2507 2880 2834 2956 ἀμφοτέραις
2887 2880 3010 2943 τοὺς
3093 2879 3297 2936 ἐκείνου
3375 2877 3764 2955 περιϐάλλοντα

2123 2967 2286 3030 πόδας
2345 2970 2404 3025 οὖ
2462 2969 2720 3046 πρότερον
2780 2971 3028 3044 μεθίεσαν
3096 2969 3197 3035 ἕως
3265 2970 3362 3037 τὴν
3427 2967 3512 3026 διὰ
3584 2969 3762 3050 ξίφους

2122 3055 2345 3114 ἕκαστον
2376 3058 2548 3114 αὐτῶν
2591 3057 2812 3137 ἐῑέχέετο
2837 3059 3116 3140 τελευτὴν,
3149 3059 3392 3120 ἔνστασιν
3426 3060 3513 3116 καὶ
3572 3059 3760 3138 φρένας

2120 3147 2250 3218 ὑπὲρ
2308 3145 2520 3214 ἡλικίαν
2603 3146 3002 3222 ἑπιδειξάμενα,
3094 3149 3181 3205 sui
3235 3147 3468 3226 ἀκριϐῶς
3525 3146 3763 3213 δείξαντα

387 3238 541 3302 sent,
572 3232 906 3311 perfectum
942 3234 1053 3294 hoc
1081 3233 1305 3295 donum
1352 3233 1746 3295 descendisse
1777 3234 2039 3314 desuper

2129 3233 2345 3312 δώρημα
2398 3243 2553 3292 τοῦτο
2611 3236 2816 3294 τέλειον
2878 3237 2941 3295 ἐκ
2997 3238 3090 3295 τοῦ
3147 3239 3352 3314 Πατρδς
3412 3244 3519 3294 τῶν
3570 3238 3762 3316 φώτων

385 3338 419 3382 a
452 3322 626 3384 Patre
658 3320 983 3403 luminum,
1015 3321 1158 3383 boni
1189 3323 1374 3384 animi
1398 3332 1455 3384 et
1488 3322 1750 3384 instituti
1783 3322 2036 3386 meniti-

384 3410 794 3479 centissimam
837 3412 1420 3476 remunerationem.
1455 3412 1650 3492 Atque
1694 3413 1864 3475 locus
1897 3413 2036 3493 qui-

383 3497 652 3574 dem,cui
686 3518 1017 3580 puerorum
1049 3520 1306 3581 corpora
1337 3510 1502 3565 sorte
1531 3501 1896 3580 obtigerunt,
1923 3520 2036 3582 ap-

382 3588 718 3670 pellabatur
745 3589 1030 3673 Campus.
1086 3589 1190 3652 Pia
1239 3599 1438 3653 autem
1486 3590 1736 3670 Sophia,
1785 3599 2038 3672 propter

385 3697 680 3742 summam
741 3699 907 3742 suam
969 3681 1031 3743 in
1080 3700 1184 3743 eos
1241 3680 1753 3754 benevolentiam,
1789 3679 2038 3759 gerebat

384 3768 564 3830 etiam
584 3787 788 3832 curam
817 3779 1192 3833 mortuorum
1208 3790 1677 3850 corporum,nec
1702 3789 1765 3832 se
1788 3770 2033 3849 dignum

383 3876 518 3921 esse
550 3859 953 3937 existimabat,
987 3862 1034 3922 si
1067 3881 1134 3922 ea
1167 3861 1336 3923 humi
1367 3861 1905 3940 videretjacentia;
1926 3861 2031 3923 sed

384 3949 476 4011 vel
511 3950 691 4012 invita
722 3970 756 4011 a
787 3970 1004 4030 magno
1036 3950 1345 4013 Clemente
1377 3950 1680 4030 disjuncta
1723 3963 1809 4011 est
1845 3958 1904 4012 et
1934 3950 2032 4010 di~

380 4040 516 4100 vino
553 4041 989 4120 Agathangelo,
1023 4060 1159 4102 cum
1188 4040 1276 4101 eis
1310 4040 1474 4119 prius
1506 4040 1632 4102 vale
1677 4039 1940 4114 fecisset,
1975 4049 2033 4102 et

387 4127 636 4189 dixisset
663 4129 822 4208 quod
852 4129 906 4191 si
936 4128 1096 4191 Deus
1150 4130 1349 4202 daret,
1383 4130 1454 4191 ad
1490 4149 1594 4192 eos
1626 4148 1838 4191 rursus
1871 4129 2033 4191 redi-

2119 3321 2316 3382 ἄνωθεν
2347 3327 2672 3404 καταϐῆναι,
2714 3327 3078 3406 προαιρέσεως
3132 3329 3338 3404 ἀγαθῆς
3388 3330 3477 3385 ναὶ
3537 3327 3760 3405 γνώμης

2118 3413 2377 3470 ἀντίδοσιν
2421 3414 2867 3494 φιλοτιμοτάτην,
2907 3407 2964 3474 ’0
3018 3418 3114 3492 μὶν
3147 3419 3238 3473 οὖν
3267 3418 3433 3481 τόπος
3464 3418 3522 3481 ὃς
3554 3418 3619 3473 τὰ
3654 3417 3759 3474 τῶν

2119 3503 2318 3560 παίδων
2363 3504 2645 3584 ἐκληρώθη
2696 3507 2948 3580 σώματα,
3006 3509 3231 3583 Κάμπος
3273 3506 3553 3569 ἰκαλεῐτο.
3603 3498 3666 3562 Ἠ
3706 3504 3761 3562 δὲ

2119 3593 2372 3672 θεοφιλὴς
2419 3596 2589 3675 Σοφία
2640 3601 2707 3672 τῇ
2736 3597 2832 3663 τῆς
2865 3601 2992 3674 περί
3021 3597 3154 3654 αὔτα
3184 3596 3565 3676 φιλοστοργίας
3592 3597 3758 3666 ὑπερ-

2120 3683 2277 3759 ϐολῇ,
2339 3686 2427 3740 καὶ
2483 3693 2681 3762 νεκρῶν
2735 3685 2961 3756 ἐκήδετο
3033 3694 3138 3743 τῶν
3196 3690 3490 3760 σωμάτων,
3526 3688 3614 3742 καὶ
3665 3689 3764 3744 οὐκ

2121 3771 2263 3838 ἀξιον
2315 3775 2478 3840 αὒτῆς
2539 3772 2818 3852 ὶλογίσατο
2891 3776 3152 3854 περιιδεῖν
3210 3777 3342 3834 αὗτά
3400 3779 3621 3850 κείμενα
3674 3775 3759 3833 ἐπ’

2119 3861 2336 3942 ἐδάφους
2373 3883 2387 3898 ·
2431 3863 2567 3919 ἀλλὰ
2597 3864 2692 3920 καί
2729 3865 2930 3929 ἄκουσα
2974 3873 3066 3923 τού
3107 3887 3161 3922 τε
3216 3865 3455 3943 μεγάλου
3503 3865 3758 3936 Κλήμεν-

2117 3974 2204 4017 τος
2265 3953 2349 4007 καί
2389 3963 2482 4012 τοῦ
2523 3953 2662 4009 θείου
2706 3952 3108 4032 Ἀγαθαγγέλου
3165 3953 3454 4028 διίσταται,
3489 3952 3753 4020 συνταξαο

2117 4042 2252 4112 μένη
2310 4043 2568 4119 πρότερον
2611 4045 2796 4104 αὐτοῖς
2848 4047 2938 4102 καὶ
3009 4047 3250 4117 εἰποῦσα,
3316 4045 3388 4105 ὡς
3459 4043 3560 4122 ἄρα
3621 4051 3758 4102 [Ιεοῦ

2115 4130 2346 4195 διδόντες
2405 4131 2572 4187 πάλιν
2603 4134 2791 4196 αὖτοὺς
2821 4133 3163 4210 ἀπολήψεται
3199 4149 3213 4164 ⁸
3252 4134 3371 4190 ὅθεν
3405 4137 3491 4190 καὶ
3519 4135 3584 4194 τὰ
3614 4157 3759 4214 μαρ-

385 4225 500 4280 ret.
527 4217 926 4289 Quamobrem
964 4237 1100 4279 cum
1133 4218 1234 4279 illa
1268 4237 1590 4299 puerorum
1623 4237 1877 4300 corpora
1911 4238 2031 4281 ma-

2129 4221 2299 4297 ιυρικά
2355 4228 2462 4276 τῶν
2531 4219 2731 4278 παίδων
2785 4223 2972 4282 ἐκεῖνα
3040 4224 3268 4300 σώματα
3325 4225 3511 4303 χερσὶν
3585 4225 3757 4282 ὁσίαις

387 4304 564 4367 nibus
592 4307 812 4368 sanctis
844 4316 1054 4369 sancte
1082 4307 1268 4369 humo
1302 4309 1578 4387 texisset,
1634 4309 1734 4371 illa
1778 4309 2027 4390 quidem

386 4395 516 4458 lzeta
538 4396 781 4458 domum
806 4406 897 4459 est
927 4414 1195 4460 reversa.

2113 4313 2271 4373 ὁσίως
2311 4316 2380 4384 τῇ
2434 4317 2504 4386 γῇ
2535 4312 2944 4389 κατακρύψασα,
2979 4317 3013 4384 ἡ
3045 4315 3143 4392 μὲν
3187 4311 3376 4372 οἴκαδε
3409 4313 3529 4390 μεθ’
3558 4311 3756 4382 ἡδονῆς

2113 4400 2394 4472 tamam.

1888 4577 2139 4644 CAPUT
2181 4577 2254 4640 X.

974 4773 1299 4838 Cruciatus
1340 4774 1542 4836 Amisi
1586 4773 1772 4837 illati.
1809 4772 1924 4838 SS.
1959 4770 2338 4857 Phengonlis
2366 4779 2423 4838 et
2454 4773 2735 4852 Eucarpi
2761 4775 3160 4856 martyrium.

463 4975 897 5058 LXl.Martyres
923 4997 1064 5042 vero
1095 4998 1230 5042 cum
1263 4979 1334 5042 ad
1355 4980 1790 5042 Amesenorum
1819 4996 2025 5060 perve-

2187 4985 2280 5038 ΞΛ
2322 4971 2394 5040 Ὀἱ
2426 4981 2686 5059 μάρτυρες
2733 4978 2784 5036 δὲ
2815 4981 2915 5036 τῆν
2947 4979 3260 5054 Ἀμισηνῶν
3309 4982 3464 5040 πόλιν
3511 4982 3752 5039 καταλά-

381 5067 613 5128 nissent
645 5068 961 5142 civitatem,
996 5078 1053 5131 et
1092 5087 1286 5148 genua
1310 5071 1369 5132 in
1394 5077 1614 5132 terram
1647 5068 2020 5148 aliquamdiu

2129 5068 2312 5141 ἰόντες,
2348 5071 2412 5128 τά
2439 5092 2495 5127 τε
2541 5070 2741 5148 γόνατα
2772 5071 2846 5133 εἷς
2876 5075 2980 5146 γῆν
3035 5072 3299 5146 κλίνουσι,
3351 5075 3438 5129 καὶ
3479 5074 3573 5129 τὸν
3620 5075 3753 5130 Θεὸν

381 5157 696 5238 inclinant,
723 5164 785 5219 et
814 5176 947 5220 cum
1001 5166 1066 5219 ut
1120 5158 1274 5221 Deus
1308 5159 1394 5221 eis
1423 5177 1634 5220 rursus
1663 5158 1902 5219 adesset
1950 5157 2022 5218 ad

2129 5166 2443 5238 παραστῆναι
2489 5161 2576 5216 καὶ
2635 5159 2796 5215 παλιν
2856 5162 2930 5224 εἷς
2996 5163 3316 5242 συμμαχίαν
3377 5165 3560 5226 αὒτοῐς
3605 5163 3747 5236 μετᾶ

381 5245 836 5316 auxilium,cum
857 5246 1069 5309 calidis
1092 5247 1473 5310 invocassent
1503 5247 1849 5328 lacrymis,a
1874 5247 2024 5308 mili-

2129 5253 2310 5327 ιερμῶν
2365 5252 2470 5306 τίῦν
2516 5249 2752 5327 δακρύων
2810 5249 3259 5328 δγκαλεσαμενοι,
3314 5252 3482 5309 οὕτως
3514 5254 3616 5308 ὗπὸ
3646 5257 3751 5309 τῶν

384 5335 542 5397 tibus
596 5335 978 5397 adducuntur
1028 5337 1101 5398 ad
1161 5337 1511 5400 Domitium.
1562 5337 1677 5400 Sed
1726 5335 1830 5397 ille
1889 5356 2022 5398 cum

386 5435 543 5487 esset
574 5436 899 5507 occupatus
930 5426 989 5489 in
1025 5427 1440 5489 examinandis
1468 5427 1600 5489 aliis
1646 5427 2024 5500 Christianis,

386 5533 489 5576 eos
510 5515 572 5576 in
589 5517 745 5578 diem
767 5525 1124 5598 sequentem
1139 5527 1407 5579 reservat
1427 5518 1607 5579 certis
1629 5517 2029 5579 tribunalibus

389 5615 451 5672 et
480 5605 1033 5694 suppliciis,dicens
1056 5625 1174 5670 non
1201 5625 1336 5672 esse
1360 5609 1703 5684 honestum,
1742 5618 1806 5673 ut
1837 5607 1912 5672 de
1943 5611 2030 5672 eis

2112 5343 2452 5419 στρατιωτῶν
2510 5342 2587 5413 τῷ
2635 5341 2860 5417 βικαρίσμ
2917 5341 3306 5418 προσάγονται.
3355 5339 3509 5397 Ἀλλ’
3549 5341 3754 5407 ἐκεῖνος

2110 5431 2226 5506 περὶ
2284 5429 2466 5506 ἑτέραν
2525 5436 2822 5494 τηνικαῦτα
2887 5435 3218 5507 Χριστιανῶν
3268 5428 3506 5494 ἑξέτασιν
3573 5432 3751 5509 ἀσχο-

2112 5519 2394 5594 λούμενος,
2439 5521 2512 5580 εἱς
2559 5517 2660 5586 την
2712 5517 2832 5586 ἑξῆς
2903 5519 3094 5583 αὖτοὺς
3152 5519 3238 5576 ἐπὶ
3298 5520 3618 5600 ὡρισμένοις
3663 5520 3751 5576 καὶ

2112 5610 2314 5686 βήματι
2389 5609 2473 5665 καὶ
2530 5607 2784 5668 κολάσεσι
2861 5609 3180 5686 τιμιεύεται,
3243 5610 3323 5686 μὴ
3381 5609 3546 5668 καλὸν
3602 5611 3746 5670 εἶναι
