4104 6198
306 367 422 432 865

1368 364 1551 427 VITA
1601 365 1660 426 S.
1709 361 2148 426 CLEMENTIS
2191 361 2615 426 ANCYRANI.

3563 359 3684 425 866

299 507 472 585 φήσας
528 505 791 582 πάρεργον
838 502 1013 560 θέσθαι
1045 506 1110 560 τὰ
1165 501 1283 559 κατ’
1324 503 1531 561 αύτούς.
1593 500 1948 576 Παρίστανται

2037 492 2436 585 cognitionem
2469 492 2602 554 aliis
2630 492 3009 573 adiungeret.
3044 493 3134 556 Ad
3161 511 3295 555 eum
3327 511 3470 573 ergo
3498 491 3684 585 addu-

299 596 472 654 τοίνυν
531 594 674 668 αὒτῷ
702 595 776 656 εἰς
830 595 928 658 τὴν
990 593 1237 648 ὶπιοῦσον
1285 590 1418 665 μετὰ
1451 594 1634 668 ψυχῆς
1688 589 1948 664 ἀτρέπτου

302 687 386 740 καὶ
445 684 687 760 γενναίου
757 683 1121 761 φρονήματος,
1183 686 1434 736 τοσοῦτον
1507 679 1802 756 ἀπέχοντες
1859 681 1949 730 τοῦ

297 775 564 835 παθόντας
622 795 670 827 τι
731 774 837 827 τὼν
899 768 1177 826 ἐπωδύνων
1237 767 1493 846 ἐνδοῦναι,
1527 769 1614 823 καὶ
1671 765 1950 841 προδοσίαν

298 864 589 936 ὑπομεῖναι
646 861 743 927 τῆς
800 856 1092 930 εὗσεϐεἱας,
1147 857 1285 914 ὥστε
1345 863 1430 913 καὶ
1487 859 1642 913 αὑτὸν
1701 855 1952 929 μεταπεί-

295 956 407 1008 θειν
471 953 498 1006 ὃ
542 951 710 1028 μέγας
779 948 1006 1022 Κλήμης
1063 947 1330 1027 ἐπεχείρει
1375 948 1466 1002 τὸν
1521 945 1800 1018 δικαστὴν,
1837 945 1952 1019 περὶ

299 1045 408 1096 τῶν
467 1039 776 1115 μελλόντων
832 1038 1044 1115 ἀγαθῶν
1087 1037 1349 1093 διδάσκων
1410 1038 1496 1092 καὶ
1552 1041 1652 1099 τῆς
1697 1035 1950 1090 ἀθανάτου

295 1135 468 1207 ζωῆς,
524 1129 556 1184 ἃ
613 1130 731 1190 τοὺς
779 1126 863 1183 διὰ
911 1129 1132 1205 Χριστὸν
1205 1129 1392 1182 παθεῖν
1450 1147 1500 1181 τι
1561 1123 1948 1202 προελομένους

298 1217 605 1298 ἐκδέχεται,
643 1219 723 1274 Δι’
783 1219 842 1274 ὃν
897 1217 990 1274 καί
1040 1219 1230 1295 ἡμεῖς,
1293 1215 1488 1293 λέγων,
1547 1217 1641 1278 τὰς
1685 1224 1948 1292 παρούσας

297 1308 547 1372 κολάσεις
613 1307 726 1382 μεθ’
788 1305 981 1375 ἡδονῆς
1041 1305 1400 1380 ὑπομένομεν
1463 1303 1556 1360 καί
1605 1305 1801 1360 τούτων
1875 1303 1950 1359 ἔτι

298 1398 468 1455 πλείω
539 1401 792 1456 νουθετῶν
878 1394 1033 1451 ούτὸν
1089 1397 1175 1450 καὶ
1246 1396 1534 1473 ὑποτιθεὶς,
1596 1395 1682 1450 καὶ
1741 1392 1948 1462 πολλῆς

299 1489 459 1545 αὐτοῦ
519 1489 582 1543 τὰ
641 1488 753 1543 ὦτα
802 1487 889 1542 καὶ
950 1483 1164 1551 ἡδίστης
1207 1481 1545 1546 διδασκαλίας
1594 1483 1946 1561 ἀποπληρῶν,

299 1581 374 1643 ὡς
432 1579 518 1633 καὶ
550 1578 708 1633 αύτὸν
765 1573 958 1644 ἡδονῆς
1003 1573 1414 1637 ύποπλησθέντα
1462 1575 1554 1628 τὸν
1616 1571 1951 1651 Ἀγαθάγγε-

299 1666 393 1724 λον
452 1680 640 1722 πεσεῖν
672 1686 728 1722 τε
774 1665 902 1742 πρὸς
962 1665 1085 1725 τοὺς
1132 1662 1295 1726 πόδας
1355 1664 1534 1736 αὺτοῦ,
1569 1663 1692 1718 εἶτα
1749 1662 1952 1719 ἐκεῖθεν

298 1755 601 1810 ἀναστάντα
632 1750 947 1832 περιϐαλεῖν
979 1754 1157 1831 αὐτὸν,
1190 1753 1278 1808 καὶ
1320 1754 1382 1808 τὸ
1413 1750 1510 1819 ἡδὺ
1541 1751 1719 1808 ἐκεῖνο
1777 1753 1950 1826 στόμα

296 1847 503 1921 θερμῶς
533 1842 781 1921 περιπτύ)
799 1847 973 1904 ασθαι,

379 1921 519 1993 ΞΒ’.
554 1931 705 1988 Ἀλλ’
738 1935 765 1989 ὁ
799 1932 1058 2008 Δομέτιος
1102 1931 1219 1995 ὅνος
1253 1930 1318 1998 ἧν
1348 1937 1445 1999 τῆς
1475 1938 1566 1988 τοῦ
1596 1931 1758 2008 λόγου
1789 1930 1946 2010 λύρας

296 2021 505 2076 ἁκούων
537 2019 653 2078 οὔδε
699 2021 855 2098 ὀλίγα
884 2028 989 2078 τῶν
1048 2021 1342 2097 εὶρημένων
1393 2021 1484 2077 ὑπ’
1519 2026 1676 2079 αὖτοῦ
1733 2023 1948 2095 συνιεὶς,

299 2109 421 2174 ὅλος
481 2108 536 2166 δὲ
594 2112 660 2178 τῆ
691 2110 868 2188 πλάνῃ
922 2111 1160 2190 κάτοχος
1207 2111 1305 2190 ὢν,
1351 2109 1624 2182 ὁπλίζεται
1656 2112 1793 2166 κατὰ
1845 2113 1950 2168 τῶν

299 2200 580 2278 μαρτύρων
665 2202 984 2276 μεταπείσεν
1071 2202 1255 2263 αύτούς
1330 2201 1434 2257 ἀπὸ
1505 2201 1600 2266 της
1688 2199 1948 2263 εὐσεϐείας

299 2291 565 2364 οἰόμενος.
614 2287 831 2365 Ἀμέλει
863 2291 951 2346 καί
1000 2288 1260 2357 διίστησιν
1313 2291 1496 2355 αὖτοὺς
1528 2290 1620 2346 ἀπ’
1671 2289 1947 2364 ἀλλήλων,

297 2377 390 2435 ἵνα
450 2381 537 2436 καὶ
585 2379 976 2457 ἀσθενεστέροις
1038 2385 1219 2442 αὺτοῖς
1281 2380 1446 2444 οῧτως
1512 2379 1818 2458 περιτύχοι,
1864 2382 1951 2436 καὶ

300 2467 420 2546 ἄγει
479 2468 597 2525 καθ’
631 2468 719 2526 ἕνα
771 2472 902 2547 πρὸς
961 2470 1064 2536 τὴν
1094 2470 1357 2535 ἐξέτασιν,
1409 2469 1559 2525 Ἀλλ’
1591 2469 1790 2546 ὶγίνετο
1847 2476 1950 2524 πᾶν

296 2559 600 2617 τοῦναντίον
611 2605 623 2618 ,

296 2650 561 2722 πνεύματι
621 2647 994 2720 συνεδέθησαν,
1028 2649 1113 2704 καὶ
1167 2651 1260 2704 τὰς
1321 2651 1450 2726 πρὸς
1508 2647 1775 2714 ἀλλήλους
1821 2669 1946 2702 συν-

294 2740 465 2805 θήκας
525 2740 612 2794 καὶ
667 2738 766 2804 τὴν
827 2737 1113 2813 ὁμολογίον
1175 2736 1494 2811 αἰδούμενοι,
1553 2735 1949 2814 γενναιοτέρους

297 2825 464 2892 οὕτως
527 2827 745 2892 ἑαυτοὺς
800 2826 1229 2906 παρεσκεύασαν,
1263 2828 1363 2894 τὴν
1418 2827 1508 2882 ὑπ’
1539 2825 1789 2894 ἀλλήλων
1849 2849 1948 2882 πα·

295 2913 513 2993 ράθηξιν
571 2917 695 2996 παρ’
763 2916 950 2974 ἑαυτοῦ
1019 2913 1308 2991 λαμϐάνειν
1380 2913 1616 2972 σπεύδων
1668 2917 1938 2994 ἑκάτερος.

703 2560 1029 2623 Διαστάντες
1105 2561 1204 2636 γὰρ
1277 2566 1598 2632 σοιματικῠς
1666 2558 1801 2619 ὅλως
1875 2566 1950 2630 τῷ

381 3184 518 3246 ΞΓ.
569 3176 625 3242 Ὀ
670 3183 841 3244 τοίνυν
898 3181 1099 3259 ἄνομος
1149 3182 1404 3252 δικαστὴς
1457 3184 1661 3252 ἒκεὺνος
1705 3184 1944 3256 κολάζειν

296 3277 359 3334 in
416 3275 710 3352 προοιμίων
772 3275 1185 3354 προειρημένος,
1233 3273 1431 3333 λάκκον
1476 3277 1690 3337 τιτάνου
1720 3274 1947 3355 πληρώ-

293 3388 392 3428 σας
445 3364 505 3421 ὃν
549 3366 770 3432 σύνηθες
829 3361 1083 3420 ἄσϐεστον
1127 3365 1425 3439 ὃνομὰζειν,
1487 3367 1542 3421 ἐν
1595 3368 1737 3440 αύτῷ
1779 3387 1952 3422 κατα-

296 3454 534 3535 χῶννυσι
589 3455 710 3519 τοὺς
771 3454 974 3531 ἁγίους.
1049 3454 1277 3511 Ἔπειτα
1345 3453 1400 3511 δὲ
1471 3456 1555 3511 καὶ
1630 3455 1954 3533 στρατιώτας

301 3545 482 3608 οὖτοῐς
569 3543 865 3614 ἐπιστήσας
973 3542 1222 3624 ἀσφαλῶς
1323 3543 1602 3624 φυλαττειν
1684 3545 1948 3602 ἐκέλευσε·

295 3636 482 3709 μήπου
534 3635 858 3711 Χριστιανοὶ,
894 3634 1078 3713 φησὶν,
1116 3634 1304 3696 αὖτοὺς
1347 3635 1532 3698 νυκτὸς
1577 3633 1946 3710 ἇποκλέψωσι,

299 3725 398 3782 Καὶ
463 3731 674 3783 τοιαῦτο
733 3725 832 3798 μὲν
890 3726 920 3778 ὁ
984 3724 1209 3798 μάταιος
1265 3722 1498 3802 ἐκεῖνος,
1555 3745 1644 3780 και
1706 3724 1948 3800 ματαίοις

294 3812 461 3875 ὅντως
514 3813 831 3892 ἰπιχειρῶν,
880 3811 997 3867 οἶδε
1057 3814 1084 3868 δ
1133 3811 1284 3876 Θεός.
1334 3812 1544 3885 ’Ὥσπερ
1602 3814 1702 3890 γὰρ
1759 3815 1793 3882 ἡ
1853 3815 1950 3870 κᾶο

295 3923 450 3976 μινος
509 3900 698 3976 παλαι,
763 3903 886 3965 τοὺς
931 3913 1078 3979 τρεῖς
1151 3899 1516 3976 ὑποδεξάμὲνη
1593 3899 1793 3966 παῖδας
1857 3903 1952 3958 οὒκ

294 3988 580 4065 ἐλύπησεν,
617 3995 677 4049 οὒ
723 3990 1184 4071 παρηνώχλησεν,
1227 3991 1318 4047 ’ἕνα
1362 3993 1420 4048 τὸ
1481 3991 1578 4060 τῆς
1623 3992 1763 4056 θείας
1810 3991 1952 4048 εἴπω

295 4081 534 4160 Γραφῆς,
569 4085 628 4140 ού
671 4082 835 4161 τρίχα
878 4081 1051 4158 μόνην
1109 4086 1282 4140 αὐτῶν
1334 4080 1658 4160 ἐλυμήνατο,
1691 4080 1829 4137 οὕτω
1885 4079 1950 4148 δὴ

291 4171 382 4227 καὶ
440 4170 526 4228 ἐπὶ
586 4173 786 4228 τούτων
851 4173 1022 4228 αὐτῶν
1067 4170 1291 4250 ἐγίνετο.
1360 4171 1614 4249 Δευτέρας
1658 4172 1757 4251 γὰρ
1813 4171 1951 4248 ὥρας

292 4259 347 4316 ἐν
391 4261 467 4335 τῷ
527 4261 725 4337 τιτάνῳ
781 4259 1068 4328 ϐληθέντες
1110 4260 1238 4340 παρ’
1303 4260 1434 4330 ὅλην
1475 4262 1681 4342 ἡμέραν
1742 4260 1952 4342 (Παρα-

291 4351 458 4417 σκευὴ
530 4348 583 4406 δὲ
649 4349 741 4431 ἦν)
816 4352 1038 4415 ἀποθεϊς
1112 4358 1278 4408 κακοῦ
1334 4353 1424 4408 τὸν
1485 4353 1614 4416 Θεὸς
1665 4353 1950 4426 ὑμνοῦντες

293 4439 631 4509 εἰύτήκεσαν·
697 4441 923 4515 ἑσπέρας
983 4439 1037 4496 δὲ
1085 4443 1172 4498 καὶ
1231 4447 1343 4519 φῶς
1389 4441 1569 4508 αὺτοῖς
1617 4441 1815 4498 ἄνωθεν
1859 4441 1950 4519 if,-

291 4527 454 4607 ῥείγη,
490 4532 578 4587 καὶ
609 4529 693 4586 διὰ
723 4533 903 4598 πάσης
937 4531 1124 4596 αὐτοὺς
1161 4533 1346 4592 νυκτὸς
1380 4530 1766 4610 περιέλαμπεν.

2031 593 2246 645 cuntur
2301 583 2401 644 die
2455 585 2724 663 sequenti
2783 602 2918 645 cum
2980 601 3275 659 generoso
3332 591 3391 644 et
3445 582 3684 646 excelso

2033 673 2256 746 animo,
2292 681 2347 735 et
2375 673 2474 752 qui
2504 681 2633 734 erat
2663 691 2878 754 expers
2911 672 3108 732 omnis
3141 673 3395 749 timoris;
3428 674 3529 754 qui
3549 681 3684 734 tan-

2035 768 2157 821 tum
2183 761 2370 836 abest,
2399 771 2466 824 ut
2486 763 2534 824 si
2558 764 2697 844 quid
2723 780 2898 842 grave
2924 769 3290 842 paterentur,
3315 761 3602 824 cederent
3629 768 3688 822 et

2039 853 2321 927 pietatem
2357 851 2703 930 proderent,
2736 859 2800 912 ut
2833 852 3006 912 etiam
3039 849 3234 930 ipsum
3262 849 3530 930 judicem
3559 867 3685 911 ma-

2034 959 2187 1018 gnus
2211 941 2490 1004 Clemens
2521 952 2769 1004 conatus
2799 946 2873 1002 sit
2902 941 2962 1001 in
2995 959 3166 1002 suam
3201 940 3518 1002 traducere
3553 958 3687 1001 sen-

2038 1031 2305 1104 tentiam,
2342 1032 2568 1092 docens
2597 1031 2673 1093 de
2695 1030 2869 1092 bonis
2887 1030 3102 1092 futuris
3131 1037 3189 1091 et
3209 1031 3284 1092 de
3311 1029 3426 1091 vita
3447 1029 3692 1092 immor-

2037 1121 2159 1194 tali,
2194 1139 2328 1201 quze
2378 1129 2721 1200 exspectant
2769 1121 2869 1201 qui
2923 1121 3041 1201 pati
3097 1127 3340 1200 propter
3387 1119 3685 1182 Christum

2035 1212 2518 1272 constituerunt:
2571 1213 2823 1291 PrOpter
2853 1229 3031 1290 quem
3093 1228 3201 1270 nos
3236 1227 3475 1290 quoque
3531 1227 3687 1289 pras-

2033 1302 2248 1372 sentia,
2288 1300 2548 1377 dicebat,
2585 1302 2882 1382 supplicia
2913 1301 3192 1364 lubenter
3221 1301 3690 1375 sustinemus;et

2032 1391 2224 1452 adhuc
2257 1390 2350 1452 his
2411 1391 2612 1469 plures
2651 1391 2947 1472 adjiciens
2977 1389 3438 1470 admonitiones,
3469 1398 3531 1451 et
3559 1389 3689 1470 ejus

2035 1497 2213 1543 aures
2269 1481 2528 1560 implens
2579 1481 2850 1542 doctrina
2901 1480 3367 1560 jucundissima,
3415 1479 3566 1541 adeo
3627 1487 3691 1540 ut

2036 1570 2168 1649 ipse
2199 1590 2435 1651 quoque
2466 1571 2906 1649 Agathangelus
2931 1570 3197 1650 repletus
3229 1571 3690 1651 voluptate,pro-

2037 1659 2250 1720 ciderit
2280 1661 2353 1721 ad
2403 1661 2536 1740 ejus
2571 1661 2776 1740 pedes,
2811 1671 2871 1721 et
2923 1679 3058 1722 cum
3093 1660 3256 1722 illinc
3287 1659 3510 1721 deinde
3559 1675 3690 1723 sur-

2033 1749 2317 1824 rexisset,
2351 1769 2486 1810 eum
2540 1751 2620 1812 sit
2672 1752 3041 1831 complexus,
3095 1759 3152 1810 et
3203 1768 3384 1812 suave
3426 1749 3569 1811 illud
3621 1767 3688 1811 os

1970 1872 2008 1922 Β
2031 1841 2319 1900 ardenter
2347 1840 2756 1902 deosculatus.

2117 1930 2293 1995 LXll.
2349 1931 2467 1994 Sed
2497 1931 2812 2006 Domitius,
2852 1940 2916 1993 ut
2953 1942 3044 1994 est
3074 1931 3133 1992 in
3192 1930 3530 2012 proverbio,
3559 1939 3688 1994 erat

2035 2020 2243 2082 asinus
2275 2021 2349 2081 ad
2399 2021 2580 2101 lyram
2617 2021 2679 2083 in
2711 2022 3012 2085 audiendo
3044 2043 3058 2083 :
3119 2031 3176 2084 et
3206 2041 3314 2084 nec
3343 2041 3530 2104 pauca
3559 2022 3692 2102 qni-

2036 2109 2173 2171 dem
2208 2111 2592 2190 intelligebat
2642 2131 2713 2175 ex
2746 2113 2838 2174 eis
2870 2131 3002 2191 quae
3031 2111 3106 2174 ab
3139 2131 3210 2174 eo
3243 2111 3402 2174 dicta
3429 2113 3686 2191 fuerant,

2037 2201 2143 2262 sed
2177 2220 2313 2262 cum
2356 2199 2430 2262 ab
2466 2220 2674 2263 errore
2707 2209 2866 2264 totus
2912 2201 3305 2278 detineretur,
3337 2220 3503 2264 arma
3532 2201 3690 2282 capit

2037 2299 2247 2352 contra
2281 2297 2590 2370 martyres,
2621 2291 2973 2352 existimans
3001 2292 3130 2352 fore
3172 2301 3235 2351 ut
3273 2309 3378 2352 eos
3407 2310 3440 2350 a
3471 2290 3686 2370 pietate

2037 2379 2398 2441 traduceret.
2452 2382 2626 2440 Certe
2676 2397 2780 2441 eos
2837 2399 2870 2440 a
2901 2398 2964 2440 se
3023 2380 3278 2440 invicem
3331 2389 3588 2460 separat,
3624 2387 3685 2438 ut

2037 2468 2212 2528 etiam
2243 2468 2329 2528 sic
2363 2468 2420 2528 in
2483 2487 2587 2528 eos
2617 2468 2913 2529 incideret
2970 2468 3428 2539 imbecilliores,
3460 2477 3518 2529 et
3562 2468 3684 2528 sin-

2035 2557 2208 2636 gulos
2257 2576 2524 2619 seorsum
2559 2558 2722 2619 ducit
2749 2559 2821 2619 ad
2864 2559 3390 2620 examinationem.
3455 2557 3573 2621 Sed
3606 2565 3690 2619 to-

2035 2654 2160 2706 tum
2224 2648 2418 2707 evenit
2454 2648 2846 2708 contrarium.
2910 2646 3056 2709 Nam
3085 2667 3218 2710 cum
3269 2647 3559 2727 disjuncti
3597 2663 3688 2708 es-

2034 2737 2162 2798 seni
2195 2754 2472 2817 corpore,
2502 2745 2675 2798 erant
2702 2737 2946 2798 omnino
2976 2737 3239 2816 colligati
3262 2737 3560 2816 spiritu,et
3588 2757 3684 2800 re-

2035 2833 2312 2888 verentes
2364 2843 2489 2904 eas,
2527 2845 2660 2906 quae
2693 2834 2863 2887 erant
2892 2826 3055 2888 inter
3100 2845 3162 2888 se
3200 2825 3456 2887 invicem
3493 2825 3685 2902 factae,

2029 2915 2459 2976 conventioues
2488 2924 2546 2976 et
2576 2916 3047 2991 confessionem,
3081 2915 3168 2976 sic
3210 2915 3445 2996 seipsos
3475 2917 3688 2979 eﬂ‘ece-

2031 3012 2168 3065 runt
2227 3004 2410 3082 magis
2438 3005 2716 3082 generosi
2747 3018 2807 3066 et
2837 3005 3023 3084 magis
3061 3003 3284 3067 excelsi
3313 3004 3523 3079 animi,
3554 3023 3684 3067 eam

2029 3112 2163 3174 qua)
2192 3101 2324 3155 erat
2355 3111 2388 3154 a
2419 3111 2484 3156 se
2513 3094 2799 3170 invicem,
2834 3095 3242 3158 incitationem
3275 3113 3308 3156 a
3338 3114 3403 3156 se
3433 3103 3686 3158 conten-

2031 3185 2183 3246 dens
2211 3191 2469 3264 uterque
2503 3183 2802 3265 accipere.

2115 3272 2316 3337 LXIII.
2345 3273 2570 3355 Impius
2594 3293 2733 3352 ergo
2757 3273 2861 3337 ille
2883 3273 3092 3355 judex,
3123 3292 3257 3336 cum
3292 3291 3396 3336 eos
3419 3273 3492 3336 ab
3516 3274 3687 3337 initio

2038 3364 2252 3445 punire
2282 3368 2607 3440 statuisset,
2636 3365 2899 3426 cisterna
2935 3364 3189 3442 quadam
3223 3363 3387 3426 calce
3415 3363 3687 3445 impleta,

2035 3461 2275 3515 sanctos
2298 3452 2358 3512 in
2389 3452 2520 3530 ipsa
2537 3453 2786 3515 defodit.
2822 3451 3050 3515 Deinde
3071 3471 3208 3514 cum
3234 3470 3422 3533 prope
3451 3453 3688 3514 statuis-

2037 3554 2126 3605 set
2150 3543 2392 3617 milites,
2407 3541 2593 3621 jussit
2623 3551 2688 3603 ut
2717 3561 2820 3604 eos
2865 3542 3184 3622 diligenter
3213 3551 3523 3604 servarent
3555 3562 3570 3605 :
3601 3541 3688 3606 Ne

2033 3633 2211 3707 forte,
2249 3631 2462 3711 inquit,
2497 3629 2818 3694 Christiani
2853 3649 2956 3692 eos
2987 3641 3165 3694 noctu
3197 3633 3586 3695 suﬂ‘urentur.
3620 3635 3692 3695 Et

2037 3722 2161 3784 haec
2194 3721 2436 3801 quidem
2472 3720 2575 3780 ille
2610 3720 2853 3795 stultus,
2879 3719 2933 3782 ei
2965 3739 3103 3782 vere
3127 3720 3282 3782 sulta
3309 3721 3685 3801 aggrediens,

2036 3820 2100 3873 ut
2131 3809 2292 3871 novit
2346 3809 2522 3872 Deus.
2555 3807 2867 3880 Quomodo
2900 3809 3060 3870 enim
3117 3808 3346 3885 fornax,
3381 3829 3511 3890 quae
3545 3811 3686 3872 olim

2038 3911 2159 3962 tres
2205 3898 2475 3979 suscepit
2508 3916 2727 3978 pueros
2756 3898 2806 3972 7,
2842 3897 3008 3960 nullo
3058 3915 3162 3960 eos
3189 3897 3398 3958 dolore
3427 3916 3540 3961 nec
3569 3899 3691 3961 ulla

2035 3989 2234 4054 affecit
2257 3988 2622 4062 molestia,et
2647 3995 2708 4048 ut
2739 3987 2931 4050 dicam
2966 4005 3099 4049 cum
3128 3985 3328 4048 divina
3353 3986 3684 4068 Scriptura,

2038 4101 2115 4143 ne
2145 4097 2327 4142 unum
2361 4076 2604 4158 quidem
2645 4095 2848 4140 eorum
2884 4076 3068 4158 pilum
3100 4077 3270 4149 laasit;
3305 4076 3386 4137 ita
3413 4077 3593 4139 etiam
3625 4078 3689 4141 in

2037 4172 2130 4234 his
2159 4170 2382 4232 factum
2415 4179 2526 4230 est.
2555 4169 2704 4230 Nam
2731 4185 2867 4228 cum
2901 4166 3052 4229 hora
3080 4163 3300 4228 saecula
3317 4165 3463 4245 jacti
3486 4176 3691 4230 essent
3765 4182 3768 4190 ί

2033 4261 2096 4324 in
2126 4263 2379 4333 calcem,
2411 4265 2532 4320 toto
2565 4257 2665 4318 die
2699 4257 2850 4337 (erat
2897 4264 3095 4318 autem
3128 4257 3481 4337 Parasceve)
3514 4265 3686 4320 stete.

2034 4357 2174 4412 runt
2202 4349 2367 4412 nullo
2396 4347 2550 4410 man
2580 4345 2796 4420 affecti,
2830 4345 3019 4409 Deum
3053 4345 3393 4409 laudantes.
3417 4346 3687 4427 Vespere

2032 4459 2171 4504 vero
2204 4449 2262 4503 et
2293 4437 2392 4500 lux
2420 4437 2507 4500 eis
2537 4437 2797 4518 desuper
2825 4436 3093 4512 emicuit,
3128 4447 3190 4500 et
3224 4454 3332 4518 per
3365 4445 3544 4499 totam
3580 4455 3682 4499 no.

2034 4539 2189 4594 ctem
2221 4547 2326 4591 eos
2351 4525 2769 4589 circumfulsit.

375 4600 522 4682 ΞΜ.
559 4619 918 4688 Ἦκολούθησε
976 4623 1052 4697 τῷ
1083 4623 1303 4695 θαύματι
1335 4623 1429 4680 καί
1451 4600 1686 4702 ’καρπόςο
1733 4621 1821 4678 δύο
1850 4620 1948 4699 γάρ

2114 4616 2666 4684 LXIV.Miraculuin
2699 4624 2896 4679 autem
2924 4615 3154 4680 fructus
3176 4631 3417 4700 quoque
3436 4625 3526 4680 est
3542 4635 3683 4681 con-

290 4716 396 4767 τῶν
443 4708 527 4766 ἐπ’
561 4715 745 4774 αὐτοῖς
791 4713 1133 4789 τεταγμένων
1180 4720 1544 4789 στρατιωτῶν,
1581 4714 1678 4781 τὴν
1733 4711 1952 4788 λαμπη,

290 4797 416 4856 δόνα
487 4800 573 4857 καὶ
659 4804 756 4868 τὴν
831 4799 1157 4880 φαιδρόνητα
1259 4801 1417 4871 τήνδε
1489 4801 1949 4891 καταπλαγέντες,

291 4887 515 4964 ἄσμενοί
570 4911 626 4946 τε
674 4897 741 4968 τῇ
802 4888 1012 4965 ὰσὸέτῳ
1070 4890 1512 4968 ἐμπεπηδήκασι,
1546 4895 1632 4949 καὶ
1691 4887 1946 4971 Χριστιαιξ

289 4980 436 5055 τοὺς,
469 4981 542 5042 ὡς
589 4980 776 5060 εἶχον,
811 4980 1026 5042 ἑαυτοὺς
1076 4979 1462 5058 ὡμολόγησαν.
1520 4981 1674 5060 ’Ἄρτι
1720 4980 1771 5038 δὲ
1818 4981 1948 5056 ἐμέ-

291 5088 385 5147 ρας
445 5069 864 5148 ὑποφαινούσὴς,
925 5070 1164 5126 τεθνάναι
1224 5068 1328 5137 ἤδη
1386 5072 1569 5135 αὐτοὺς
1641 5071 1947 5151 προσδοκῶν

291 5159 319 5213 ὁ
364 5162 432 5234 τῇ
488 5153 763 5230 δυσσεϐείᾳ
823 5160 1007 5237 νεκρὸς
1065 5159 1330 5236 βικᾶριος,
1363 5156 1688 5228 ἐκϐληθῆναι
1743 5162 1946 5219 τούτων

288 5246 356 5303 τὰ
409 5248 637 5324 σώματα
682 5255 776 5304 τοὺ
835 5245 1036 5305 λσίκκου
1109 5246 1334 5310 κελεύει.
1411 5250 1508 5307 Καὶ
1566 5249 1946 5328 προσελθόντες

289 5338 338 5394 οἱ
382 5337 480 5405 τὴν
539 5335 780 5417 φυλακὴν
843 5341 1017 5397 αὐτῶν
1069 5337 1458 5418 πιστευθέντες,
1507 5341 1701 5416 ὁρῶσιν
1757 5341 1944 5406 αὐτούς

287 5446 345 5482 τε
390 5429 477 5485 καὶ
531 5427 651 5491 τοὺς
711 5426 1180 5504 αὐτομολήσαντας
1239 5431 1421 5492 αὐτοῖς
1468 5429 1802 5506 στρατιώτας
1862 5437 1946 5493 οὺ.

369 5685 401 5735 7
429 5685 581 5751 Dan.
619 5701 709 5751 ιιι.

2033 4707 2435 4773 secutus.Duo
2457 4707 2617 4768 enim
2641 4726 2714 4767 ex
2735 4705 3045 4781 militibus,
3076 4707 3292 4788 quibus
3321 4715 3448 4770 erat
3474 4725 3683 4770 eorum

2035 4798 2395 4862 demandata
2431 4795 2721 4866 custodia,
2756 4796 2916 4858 hunc
2964 4795 3348 4878 splendorem
3386 4796 3577 4859 mirati
3627 4807 3686 4860 et

2035 4891 2188 4953 hanc
2213 4887 2675 4957 alacritatem,et
2695 4885 2976 4948 lubenter
2994 4888 3055 4948 in
3081 4887 3304 4958 calcem
3323 4887 3682 4960 iusilierunt,

2035 4988 2093 5043 et
2117 4977 2491 5044 Christianos
2511 4993 2577 5038 se
2601 4994 2737 5039 esse
2761 4978 3019 5038 confessi
3052 4986 3212 5039 sunt.
3240 4976 3383 5041 Cum
3407 4996 3546 5038 vero
3556 4978 3681 5056 jam

2031 5069 2162 5134 dies
2181 5075 2522 5150 appareret,
2561 5085 2664 5129 eos
2695 5085 2827 5130 esse
2859 5075 3124 5130 mortuos
3149 5067 3497 5129 existimans
3533 5069 3684 5127 vica-

2029 5160 2294 5239 rius,qui
2317 5165 2447 5220 erat
2474 5155 2784 5238 impietate
2809 5166 3100 5231 mortuus,
3120 5156 3296 5236 jubet
3323 5173 3532 5217 eorum
3557 5172 3685 5216 cor-

2029 5271 2172 5333 pora
2200 5249 2338 5330 ejici
2367 5269 2399 5308 e
2421 5245 2788 5309 cisterna.Et
2808 5265 2943 5308 cum
2971 5247 3366 5309 accessissent
3397 5245 3434 5305 ii
3465 5242 3683 5325 quibus

2029 5352 2154 5406 erat
2178 5357 2388 5402 eorum
2413 5337 2734 5398 commissa
2756 5335 3048 5412 custodia,
3081 5334 3284 5397 vident
3309 5344 3500 5408 eos,et
3527 5333 3677 5395 mili-

2029 5442 2118 5496 tes
2171 5429 2273 5512 qui
2303 5427 2374 5489 ad
2408 5444 2512 5488 eos
2547 5424 3011 5506 transfugerant,
3047 5423 3196 5488 nihil
3225 5425 3470 5506 quidem
3504 5440 3683 5504 grave
