4054 6204
427 334 542 401 867
1729 326 2011 391 MENSIS
2051 324 2506 394 JANUARIUS.
3682 338 3803 404 868

426 471 829 548 sustinuisse;
881 469 986 533 sed
1021 467 1248 530 habere
1288 464 1545 527 divinam
1580 461 1894 553 quamdam
1928 479 2077 553 Agra-

2163 461 2245 519 δὲν
2308 466 2405 540 μὲν
2478 467 2584 524 ἀπὸ
2654 474 2752 535 τῆς
2814 468 3072 528 ἀσϐέστόυ
3129 470 3376 552 χαλεπὸν
3443 474 3807 553 ὑποστάντας,

433 563 573 625 tiam
600 562 660 623 in
694 580 800 623 suo
822 560 979 620 vultu
998 558 1500 623 eiﬂorescentem,
1529 560 1639 616 ete
1665 552 1812 615 facie
1844 551 2078 613 dulcem

2163 554 2305 609 θείαν
2366 553 2422 612 δέ
2479 578 2595 613 τινα
2639 559 2801 638 χάριν
2861 558 3186 618 ζπάνθοῦσαν
3241 564 3416 620 αὐτῶν
3455 575 3580 625 ταῖς
3619 551 3811 639 ὄψεσιν

432 653 752 734 quemdam
771 649 1004 711 radium
1030 646 1480 707 emittere.Cum
1498 661 1602 705 eos
1616 660 1755 734 ergo
1773 660 1808 704 e
1825 642 2078 704 cisterna

2167 642 2420 722 ἔχοντας,
2480 648 2568 703 καὶ
2625 647 2819 706 ἀκτῖνα
2889 657 2983 706 τοῦ
3042 651 3329 726 προσώπου
3382 652 3503 708 τινὰ
3547 651 3813 730 γλυκεῖαν

433 733 781 812 trahisseut,
819 738 893 799 de
923 735 1215 798 militibus
1254 733 1475 795 vicario
1506 733 1853 795 renuntiant
1880 734 2078 807 (erant

2168 733 2511 813 ἐπαφιέντας.
2585 737 3010 815 Ἀνιμησάμενοι
3078 740 3251 798 τοίνυν
3321 742 3507 805 αὖτοὺς
3588 742 3651 798 ἐκ
3722 751 3817 800 τοῦ

428 841 624 894 autem
672 848 882 893 eorum
917 833 1161 890 nomina
1209 827 1493 905 Phengon
1528 834 1585 887 et
1633 823 1990 905 Eucarpus),
2026 833 2078 885 et

2169 822 2369 880 λάκκου
2428 832 2506 899 τῷ
2550 826 2774 903 βικαρίῳ
2818 831 2938 908 περὶ
2994 836 3100 886 τῶν
3132 831 3475 909 στρατιωτῶν
3524 829 3817 909 ἀπαγγέλ-

428 922 529 983 illo
548 920 803 1002 jubente
834 918 1108 1000 protinus
1140 917 1309 980 fuere
1326 916 1628 979 cruxciﬁxi
1659 916 1819 977 clara
1848 932 2078 995 quoque

2168 911 2317 1002 λουσι
2373 913 2627 992 (Φέγγων
2676 916 2741 983 ἦν
2798 920 2980 983 αὐτοῖς
3040 921 3129 975 καὶ
3181 919 3451 1000 Εῦκαρπος
3483 923 3549 978 τὰ
3605 920 3818 989 ὀνόμα-

430 1000 563 1091 ἰρεῖ
602 1009 738 1071 luce
768 1007 1167 1071 confessionis
1217 1005 1512 1067 habentes
1541 1004 1750 1066 oculos
1791 1003 2078 1066 illumina-

2168 1000 2285 1082 τα),
2341 1003 2583 1062 κάκείνου
2653 1007 3067 1089 προστάξαντος,
3117 1010 3266 1072 εὐθὺς
3308 1010 3816 1088 ἀνεσκολοπίζοντο,

434 1090 549 1179 tos,
585 1114 644 1164 et
661 1102 785 1183 jam
818 1099 1369 1163 remunerationum
1403 1098 1672 1160 fruentes
1696 1097 1977 1178 praemiis.

2170 1090 2403 1183 λαμπρῷ
2461 1097 2546 1152 ναὶ
2604 1097 2756 1154 αὐτοί
2788 1097 2885 1164 τῆς
2945 1101 3236 1178 ὁμολογίας
3280 1102 3465 1179 φέγγει
3519 1102 3618 1163 τὰς
3661 1097 3818 1174 ὄψεις

2164 1181 2654 1265 περιλαμπόμενοι,
2725 1189 2814 1244 καὶ
2889 1190 3147 1267 προοίμια
3228 1188 3333 1257 ἤδη
3402 1196 3509 1248 τῶν
3566 1185 3821 1265 ἀμοιϐὦν

2162 1274 2546 1351 καρπούμενοι.

511 1374 687 1439 LXV.
743 1372 1022 1437 Clemens
1076 1387 1221 1431 vero
1278 1378 1339 1431 et
1393 1368 1834 1449 Agathangelus
1884 1366 2078 1429 adhuc

2244 1361 2381 1424 ΞΕ’.
2422 1363 2653 1439 Κλήμης
2682 1364 2865 1443 μέντοι
2896 1369 2984 1425 καὶ
3033 1368 3431 1449 Ἀγαθάγγελος
3459 1370 3537 1428 ἔτι
3580 1371 3674 1426 τὸν
3720 1368 3822 1425 τοῦ

427 1464 756 1529 currebant
788 1462 847 1523 in
878 1459 1053 1523 statio
1088 1458 1382 1539 martyrii.
1416 1458 1692 1520 Vicarius
1722 1466 1917 1519 autem
1948 1462 2077 1517 stu-

2163 1454 2450 1530 μαρτυρίου
2491 1452 2701 1513 δίαυλον
2732 1456 2976 1538 ἔτρεχον
3035 1459 3063 1514 6
3092 1459 3331 1538 βικάριος
3395 1458 3448 1516 δὲ
3476 1460 3560 1517 λιιι³
3622 1458 3822 1522 αὐτοὺς

427 1554 607 1618 debat
639 1554 713 1615 iis
767 1568 1008 1633 quoque
1061 1549 1239 1610 vitam
1294 1556 1649 1629 praesentem
1699 1547 1990 1619 adimere,
2019 1552 2078 1607 ut

2164 1542 2383 1599 ἔσπευδε
2444 1548 2542 1610 τῆς
2592 1548 2869 1624 παρούσης
2927 1553 3069 1619 ζωῆς
3110 1549 3495 1628 ὑπεξαγαγεῖν,
3525 1552 3623 1606 οἷα
3670 1547 3823 1623 μήτε

427 1645 530 1728 qui
566 1662 679 1706 nec
710 1642 937 1703 videret
969 1657 1068 1701 eos
1102 1637 1449 1719 persuaderi
1506 1637 1798 1699 bonorum
1834 1634 2078 1728 promis-

2163 1635 2378 1728 ἀγαθῶν
2421 1634 2769 1728 ἐπαγγελίαις
2797 1726 2801 1728 _
2826 1640 3174 1714 πειθομένους
3232 1643 3391 1719 ὁρῶν,
3430 1641 3567 1716 μήτε
3626 1644 3824 1696 κακῶν

429 1722 721 1814 sionibus,
757 1750 868 1793 nec
895 1728 1147 1790 omnino
1173 1728 1467 1789 malorum
1490 1727 1709 1789 cedere
1737 1722 2078 1800 insultibus,

2165 1725 2483 1803 ἐπαγωγαῖς
2544 1726 2685 1792 ὅλως
2746 1726 3019 1804 εἴκοντας,
3062 1728 3279 1795 πλείους
3332 1732 3519 1795 αὐτοῖς
3574 1730 3655 1786 ’ἐτι
3728 1729 3827 1784 καὶ

428 1827 633 1907 plures
666 1821 859 1884 adhuc
888 1818 1297 1899 praeclariores
1330 1816 1535 1878 volens
1560 1816 1648 1879 eis
1677 1832 1927 1877 coronas
1946 1832 2078 1877 con.

2166 1814 2569 1907 λαμπροτέρους
2631 1816 2906 1885 πλαιιῆναι
2948 1820 3071 1881 τοὺς
3118 1822 3407 1900 στεφάνους
3459 1818 3827 1897 βουλόμενος,

430 1903 573 1977 texi.
604 1911 834 1974 Dehinc
866 1918 1029 1970 certe
1050 1908 1308 1969 vicarius
1324 1907 1504 1987 jussit
1527 1907 1644 1968 duo
1668 1906 1791 1967 lora
1815 1904 2078 1972 exscindi

2166 1903 2353 1962 ’Ἐνθεν
2430 1906 2606 1965 τοίνυν
2664 1908 2752 1962 καὶ
2809 1907 2898 1965 δύο
2973 1909 3071 1983 μὲν
3126 1912 3352 1984 ἱμάντας
3420 1912 3529 1966 τῶν
3587 1909 3831 1966 ἑκάστου

431 2023 499 2065 ex
559 2001 744 2080 tergis
801 1999 1325 2076 uniuscujusque:
1387 1996 1607 2059 deinde
1663 2006 1857 2057 autem
1919 1994 2078 2076 ipsos

2164 1998 2350 2050 νώτων
2403 1998 2429 2050 6
2458 1996 2697 2073 βικάριος
2746 1995 3096 2066 διεκκοπῆναι
3146 1999 3377 2073 κελεύει,
3411 1999 3598 2057 ἔπειτα
3626 1998 3681 2056 δὲ
3734 1998 3833 2054 καὶ

429 2109 666 2176 quoque
718 2087 1026 2151 verberari
1059 2087 1241 2164 virgis
1291 2094 1409 2147 toto
1460 2104 1716 2166 corpore
1760 2085 2078 2147 vehemen-

2163 2082 2371 2160 ῥάϐδοις
2432 2087 2622 2151 αὐτοὺς
2683 2086 2808 2143 ὅλον
2865 2089 2927 2144 τὸ
2983 2094 3143 2162 σῶμα
3202 2089 3570 2170 σφοδροτάτως
3616 2091 3832 2146 τύπτου

429 2172 683 2245 ι’ἰεείπιθ.
714 2179 805 2242 Illi
836 2195 997 2248 vero,
1034 2195 1167 2238 cum
1201 2176 1379 2238 etiam
1414 2176 1502 2238 eis
1531 2194 1744 2237 carnes
1798 2172 2078 2236 concide-

2163 2177 2300 2232 σθαι.
2337 2175 2396 2229 Οἱ
2428 2173 2483 2230 δὲ
2517 2178 2614 2232 καί
2656 2178 2753 2240 τὰς
2787 2180 2987 2249 σάρκας
3048 2178 3395 2259 τεμνόμενοι,
3439 2182 3527 2235 καὶ
3555 2179 3622 2235 τὰ
3676 2179 3829 2236 ὀστᾶ

422 2280 658 2347 rentur,
695 2280 755 2331 et
805 2285 942 2331 ossa
996 2274 1477 2340 contererentur,
1512 2265 1746 2327 fortiter
1777 2275 1973 2326 tamen
2019 2272 2077 2324 et

2163 2261 2584 2345 συντριϐόμενοι,
2634 2265 2782 2341 ὅμῶς
2839 2270 3108 2347 καρτερῶς
3170 2271 3234 2324 τὰ
3283 2270 3519 2348 παρόντα
3576 2269 3663 2325 καῖ
3720 2271 3826 2326 εὖ·

427 2369 772 2424 constanter
826 2355 1207 2420 sustinebant
1262 2362 1598 2436 praesentia,
1664 2364 1939 2435 tanquam
1998 2352 2074 2415 ad

2163 2352 2328 2417 τόνως
2379 2353 2666 2430 ὑπέμενον,
2701 2355 2881 2437 ὥσπερ
2934 2356 3040 2426 ἤδη
3090 2360 3220 2437 πρὸς
3269 2359 3369 2426 τὴν
3401 2359 3577 2426 ἀπαθῆ
3632 2378 3827 2434 μετα-

427 2450 825 2532 impatibilem
853 2449 976 2529 jam
1004 2446 1256 2508 traducti
1286 2454 1583 2521 naturam,
1616 2456 1676 2506 et
1699 2446 1919 2507 nullam
1942 2461 2075 2505 sen-

2163 2441 2369 2515 θέμενοι
2428 2449 2603 2523 φύσιν,
2632 2447 2726 2532 καὶ
2783 2446 3053 2523 μηδεμιᾶς
3112 2448 3352 2527 ἀνάγκης
3402 2450 3497 2505 τοῦ
3554 2452 3827 2523 σώματος

2160 2533 2556 2607 αἰσθανόμενοι.
2632 2525 2689 2592 ’0
2748 2534 2805 2592 δὲ
2868 2552 3115 2617 γενναῖος
3182 2525 3409 2614 Κλήμης
3481 2538 3570 2594 καὶ
3627 2538 3827 2617 φωνὰς

2161 2624 2291 2700 πρὸς
2349 2625 2440 2679 τὸν
2502 2626 2632 2681 Θεὸν
2692 2627 2943 2691 τοιαύτας
3026 2628 3335 2709 ἐφθέγγετο·
3419 2629 3571 2707 Κύριε
3628 2626 3826 2693 ἰηαοῦ

430 2545 647 2604 tientes
700 2539 1122 2602 necessitatem
1178 2536 1467 2616 corporis.
1500 2534 1828 2597 Praeclarus
1876 2539 2074 2597 autem

428 2630 707 2694 Clemens
731 2629 877 2691 tales
908 2644 1148 2708 quoque
1168 2643 1346 2686 voces
1378 2624 1449 2685 ad
1480 2624 1668 2685 Deum
1700 2624 2073 2705 loquebatur,

428 2720 640 2784 dicens
669 2741 681 2783 :
724 2718 976 2783 Domine
1016 2715 1161 2778 Jesu
1191 2713 1453 2789 Christe,
1488 2715 1591 2795 qui
1623 2713 1917 2795 quidquid
1948 2716 2081 2794 spi-

426 2820 542 2886 rat,
572 2830 605 2872 e
638 2811 765 2872 luto
797 2806 1063 2889 propriis
1092 2804 1415 2867 fabricatus
1443 2823 1507 2866 es
1552 2802 1851 2877 manibus,
1885 2812 1945 2867 et
1974 2803 2082 2865 ho-

428 2901 573 2962 mini
606 2918 821 2961 nervos
852 2910 912 2960 et
936 2914 1073 2958 ossa
1099 2905 1154 2956 et
1176 2895 1354 2955 aliam
1381 2894 1771 2956 construxiin
1800 2894 2075 2971 ﬁguram,

426 2990 529 3069 qui
564 2991 741 3051 etiam
776 3008 885 3051 nos
915 3006 1072 3068 saepe
1104 2986 1399 3047 contritos
1429 2986 1820 3057 conﬁrmasti,
1853 2992 1910 3043 et
1939 3002 2084 3045 con-

425 3078 698 3141 cidentes
728 3078 1037 3153 stabilisti,
1076 3077 1454 3156 afﬂictosque
1485 3082 1544 3137 et
1588 3082 1922 3155 prostratos
1954 3090 2082 3135 ere-

2164 2712 2379 2790 Χριστὲ,
2414 2710 2610 2792 λέγων,
2648 2718 2674 2771 6
2731 2722 2905 2773 πᾶσαν
2948 2721 3009 2775 εκ
3050 2718 3227 2785 πηλοῦ
3272 2719 3439 2786 πνοήν
3492 2716 3675 2797 χερσὶν
3727 2716 3825 2771 οἶ-

2166 2804 2330 2866 κείαις
2403 2799 2833 2882 δημιουργήσας,
2896 2809 2986 2864 καὶ
3051 2816 3203 2885 νεῦρα
3281 2812 3354 2881 τῷ
3398 2806 3656 2885 ἀνθρώπῳ
3726 2809 3826 2862 καὶ

2163 2891 2293 2947 ὀστᾶ
2336 2895 2423 2948 καὶ
2454 2892 2552 2959 τὴν
2598 2893 2769 2962 ἄλλην
2829 2899 3235 2962 κατασκευάσας
3294 2895 3605 2971 διάπλασιν,
3638 2896 3666 2951 6
3722 2897 3829 2951 καὶ

2163 2978 2531 3054 συντριϐέντας
2592 2984 2854 3050 πολλάκις
2912 2989 3057 3054 ἡμᾶς
3118 2986 3439 3065 ἐπιρρώσας,
3492 2987 3580 3043 καὶ
3635 3006 3823 3042 κατα-

2163 3071 2455 3134 πίπτοντας
2516 3073 2898 3156 ῦποστηρίξας,
2959 3078 3052 3133 ’καὶ
3097 3076 3399 3153 ἀνορθώσας
3443 3073 3828 3154 κατεῤῥαγμέ-

425 3167 589 3244 xisti,
651 3170 780 3250 ipse
839 3186 975 3228 ossa
1032 3184 1275 3247 quoque
1332 3174 1539 3226 nostra
1610 3183 1769 3225 nunc
1827 3163 2078 3226 centrita

2166 3180 2307 3234 νους,
2344 3161 2498 3225 αὐτὸς
2531 3164 2619 3219 καὶ
2662 3165 2727 3221 τὰ
2770 3166 3110 3245 συντριϐέντα
3135 3167 3291 3241 ἡμῶν
3344 3166 3476 3222 ὀστᾶ
3505 3175 3592 3223 νῦν
3649 3163 3831 3242 ἀνόρ-

428 3259 618 3339 erige,
655 3266 713 3320 et
747 3267 846 3319 tua
880 3256 1063 3336 imple
1093 3254 1516 3317 exsultatione.
1562 3253 1697 3334 Ipse
1730 3253 1893 3315 enim
1926 3271 2014 3323 es,
2049 3272 2078 3315 ο

2164 3252 2335 3305 θωσον
2407 3252 2494 3306 καὶ
2564 3258 2663 3320 τῆς
2714 3260 2816 3322 σῆς
2873 3254 3246 3335 ἀγαλλιάσεως
3291 3254 3592 3331 ἔμπλησον·
3652 3254 3831 3317 αὐτὸς

424 3367 532 3411 rex
564 3349 810 3419 invicte,
845 3346 952 3427 qui
982 3346 1043 3406 in
1082 3343 1255 3405 nobis
1283 3344 1398 3406 hoc
1444 3352 1751 3407 certamen
1780 3344 2078 3406 decertas:

2165 3340 2266 3419 γὰρ
2324 3344 2401 3416 εἷ,
2435 3341 2655 3410 ἀνίκητε
2702 3344 2943 3421 βασιλεῦ,
2996 3348 3024 3403 6
3068 3346 3125 3403 ἐν
3150 3347 3289 3422 ἡμῖν
3335 3346 3427 3402 τὸν
3456 3342 3638 3423 ἀγῶνα
3685 3350 3834 3402 τοῦ-

426 3448 490 3501 ut
524 3456 633 3520 per
684 3445 949 3501 nostram
1008 3432 1486 3497 imbecillitatem
1537 3442 1637 3496 tua
1667 3434 1935 3515 apertius
1980 3452 2078 3496 os-

2166 3452 2259 3486 τον
2315 3430 2741 3510 ἀγωνιζόμενος,
2802 3434 2938 3492 ὥσνε
3004 3438 3095 3494 καὶ
3165 3434 3491 3517 σατεστέραν
3559 3432 3644 3489 διὰ
3709 3437 3831 3501 τῆς

427 3528 718 3592 tendatur
747 3525 1037 3609 potentia.
1071 3523 1382 3598 Quomodo
1416 3525 1575 3587 enim
1613 3525 1726 3586 hoc
1755 3543 1999 3605 corpus,
2021 3524 2078 3585 in

2165 3520 2431 3600 ἡμετέρας
2486 3522 2756 3589 ἀσθενείας
2819 3527 2917 3594 τὴν
2986 3528 3085 3597 σὴν
3140 3524 3507 3605 ἐπιδειχθῆναι
3565 3522 3826 3597 δύναμιν

427 3618 587 3700 quod
623 3618 782 3680 cadit
823 3615 1130 3689 interitus,
1173 3615 1322 3677 tales
1378 3615 1587 3677 vicerit
1616 3616 2078 3696 perpessiones‘?

2164 3611 2278 3669 ἐπεὶ
2335 3618 2448 3677 πῶς
2507 3612 2568 3669 ἂν
2624 3615 2687 3670 τὸ
2756 3619 2982 3696 φθαρτὸν
3038 3624 3195 3674 τοῦτο
3265 3619 3423 3691 σῶμα
3480 3610 3832 3681 τηλικούτων

426 3710 513 3772 lta
541 3726 795 3789 magnus
828 3706 1110 3771 Clemens
1141 3722 1276 3767 cum
1303 3704 1427 3767 Deo
1455 3705 1840 3786 loquebatur.

2164 3702 2503 3780 περιεγένετο
2571 3706 2959 3787 παθημάτων,
3024 3715 3195 3767 Ῑάῦτα
3266 3708 3293 3762 6
3352 3704 3519 3782 μέγας
3580 3702 3829 3779 Κλήμης

2162 3792 2240 3866 τῷ
2270 3798 2385 3867 Θεῷ
2408 3790 2698 3872 διελέγετο.

503 3887 704 3952 LXVI.
735 3887 1013 3950 Vicarius
1034 3893 1235 3949 autem
1260 3884 1604 3978 videnseos
1630 3884 1911 3978 superius
1932 3901 2078 3963 pra}-

2244 3892 2399 3968 Ξςῆ
2450 3896 2547 3952 Καὶ
2618 3899 2645 3953 6
2688 3897 2927 3978 βικᾶριος
2970 3898 3236 3972 κρείττους
3314 3898 3498 3964 αὖτοὺς
3560 3896 3652 3953 καὶ
3701 3901 3830 3953 τῶν

423 3977 723 4052 sentia,ad
742 3978 924 4039 alium
952 3978 1196 4039 modum
1224 3976 1521 4057 processit
1541 3973 1916 4055 suppliciizet
1942 3993 2078 4037 cum

2163 3984 2441 4063 παρόντων
2498 3987 2637 4064 ὁρῶν
2690 3973 2831 4066 πρὸς
2888 3987 3067 4067 ἕτερόν
3126 4011 3246 4046 τινα
3303 3989 3561 4067 τιμωρίας
3616 3984 3830 4061 τρόπον

424 4070 576 4130 duos
599 4068 834 4129 ferreos
847 4066 1299 4159 candefecisset
1316 4063 1630 4159 grabatos,
1659 4065 1800 4128 facit
1821 4071 1884 4127 ut
1904 4063 1965 4159 in
1988 4066 2078 4127 al—

2164 4073 2388 4153 ὲχώρει,
2446 4063 2543 4131 καί
2612 4075 2700 4134 δύο
2745 4063 3017 4157 -σιδηροῦς
3075 4063 3388 4158 ἑκπυρώσας
3449 4063 3836 4159 Ὕκραϐϐάτους,

426 4167 555 4220 tero
576 4175 784 4218 eorum
809 4156 961 4218 alter
981 4154 1465 4218 recumbat.Cum
1492 4174 1631 4218 vero
1656 4159 1911 4221 multum
1929 4155 2078 4236 ignis

2171 4163 2225 4219 ἐν
2284 4163 2521 4241 ἐκατέρῳ
2576 4168 2777 4225 τούτων
2808 4154 3060 4249 ἑκάτερον
3103 4154 3405 4233 ἀνακλίνει.
3462 4154 3707 4227 Κάτωθεν
3775 4165 3837 4221 δὲ

429 4246 685 4341 inferius
700 4244 1160 4341 substravisset,
1184 4246 1383 4305 oleum
1417 4254 1473 4308 et
1494 4246 1699 4325 ignem
1725 4256 1782 4310 et
1803 4250 1995 4331 picem
2031 4260 2078 4311 el

2169 4260 2270 4334 πῦρ
2331 4253 2555 4334 ἄφθονον
2613 4258 2985 4341 ὑποστρώσας,
3021 4259 3198 4317 ἔλαιόν
3228 4281 3286 4317 τε
3344 4262 3430 4317 καὶ
3483 4259 3678 4316 πίσσαν
3737 4257 3839 4313 καὶ

426 4335 683 4416 sulphur
698 4333 1143 4432 inl:undit.Curn
1163 4334 1392 4432 multus
1410 4346 1637 4414 ergo.ut
1663 4347 1754 4400 est
1777 4358 1837 4401 cc
1851 4348 2078 4402 nsenta-

2170 4358 2316 4419 θετον
2365 4344 2566 4401 ἄνωθεν
2597 4346 2833 4428 ἐπιχέει,
2874 4359 3089 4410 Καπνοῦ
3138 4351 3335 4432 τοίνυν,
3367 4352 3440 4413 ὡς
3488 4349 3656 4423 εἰκὸς,
3686 4346 3837 4405 πολ-

422 4443 632 4500 neum,
668 4432 728 4519 et
768 4424 1010 4519 flamma
1043 4423 1266 4485 sublati
1290 4435 1493 4486 essent
1539 4426 1599 4488 in
1632 4445 1908 4507 magnam
1943 4448 2078 4511 par-

2170 4436 2265 4491 λοῦ
2326 4436 2415 4491 καὶ
2446 4434 2642 4515 φλογὸς
2694 4423 2924 4497 ἒνπιπολὺ
2953 4448 3048 4498 τοῦ
3104 4441 3259 4519 ἀέρος
3293 4423 3580 4518 άρθέντων,
3612 4438 3661 4494 οἱ
3718 4436 3832 4513 μὲν

426 4524 543 4615 tem
572 4515 751 4616 aeris,
784 4513 827 4574 ii
861 4512 1105 4594 quidem
1139 4514 1241 4596 qui
1275 4515 1831 4594 circumsistebant,
1863 4522 2078 4601 quine-

2171 4532 2544 4603 περιεστῶτες,
2578 4525 2717 4583 ἀλλὰ
2770 4530 2856 4585 καὶ
2918 4530 3071 4594 αὗτὸς
3129 4532 3222 4588 σῖιν
3279 4532 3466 4594 αὖτοῖς
3518 4532 3546 4585 6
3602 4527 3827 4608 ἅρχων,

424 4604 567 4665 tiam
622 4604 754 4701 ipse
785 4621 1026 4684 quoque
1078 4621 1216 4701 cum
1250 4604 1337 4666 eis
1382 4610 1793 4683 magistratus,
1827 4608 1886 4671 id
1920 4611 2078 4688 quod

2171 4618 2299 4695 ὅπερ
2357 4616 2423 4682 ἡν
2456 4617 2544 4672 καὶ
2602 4624 2680 4693 τῷ
2735 4619 3010 4698 πράγματι
3055 4622 3142 4679 καὶ
3198 4627 3264 4698 τῇ
3294 4623 3444 4701 φύσει
3502 4604 3823 4698 ἀκόλουθον,

422 4700 560 4757 erat
586 4694 676 4755 rei
711 4702 771 4755 et
804 4702 1033 4755 natura:
1068 4695 1474 4775 consequens,
1503 4695 1833 4760 credebant
1875 4718 2078 4764 omnes

2170 4694 2411 4762 τεθνάναι
2470 4706 2666 4771 πάντες
2725 4694 3020 4769 επίστευον.
3085 4694 3382 4787 Ἐσήμαίνε
3434 4709 3488 4766 δὲ
3545 4710 3639 4766 καὶ
3699 4694 3827 4776 τοῖς

423 4792 670 4887 sanctos
693 4802 830 4847 esse
863 4792 1159 4887 mortuos.
1189 4783 1580 4866 Signiﬁcabat
1599 4798 1797 4850 autem
1826 4792 1950 4869 jam
1982 4791 2078 4853 lic-

2170 4794 2383 4871 δημίοις
2443 4798 2470 4851 ὁ
2507 4796 2746 4875 βικάριος
2801 4796 2931 4874 ἤδη,
2965 4783 3254 4867 σϐέσαντας
3301 4802 3398 4869 τὴν
3445 4799 3613 4879 πυρὰν
3667 4798 3822 4876 ῥίψαι

431 4874 661 4936 toribus
693 4893 938 4957 quoque
980 4876 1363 4970 _vicarius,_ut
1388 4896 1556 4970 rogo
1588 4880 1912 4958 exstincto,
1944 4900 2078 4944 cor-

2170 4887 2304 4943 κατᾶ
2362 4894 2457 4945 τοῦ
2514 4895 2761 4962 ποταμοῦ
2814 4894 2922 4945 τῶν
2964 4891 3130 4970 ἁγίων
3188 4892 3253 4947 τὸ.
3308 4891 3530 4967 σώματα
3577 4889 3701 4952 τοὺς
3762 4887 3821 4945 δὲ

424 4980 571 5042 pora
600 4970 947 5025 sanctorum
970 4965 1251 5043 jacerent
1280 4966 1338 5026 in
1377 4967 1651 5028 ﬂuvium.
1689 4967 1802 5030 Eos
1822 4987 1963 5032 vero
1994 4971 2078 5032 in-

2172 4977 2240 5045 ἧν
2300 4975 2399 5053 ἄρα
2474 4974 2651 5033 λαϐὼν
2721 4976 2883 5047 ὕπνος
2952 4965 3033 5045 τις
3097 4979 3290 5059 γλυκὺς
3346 4965 3671 5060 ἀπόρῤἢτος,
3728 4977 3822 5035 ἰπὶ

423 5063 660 5115 vaserat
689 5054 935 5136 quidem
967 5054 1161 5117 dulcis
1184 5073 1429 5118 somnus
1460 5066 1519 5117 et
1548 5057 2078 5140 iuexplicabiiis;in

2172 5073 2249 5141 τῷ
2306 5066 2454 5142 ὕπνῳ
2484 5065 2538 5123 δὲ
2590 5068 2677 5125 καὶ
2707 5067 2836 5144 ’ὄψις
2886 5054 3122 5149 εφοίταί
3144 5061 3209 5128 Ἠ
3240 5068 3295 5127 δὲ
3325 5054 3732 5147 ὄψιςμαῦτὸίῆν
3791 5070 3822 5125 6

420 5160 636 5244 somno
689 5153 892 5206 autem
924 5144 1076 5244 visio
1098 5163 1338 5225 quoque
1368 5146 1715 5212 accedebat.
1750 5147 1916 5214 Visio
1948 5170 2078 5214 vero

2171 5155 2508 5235 ἀγωνοθέτης
2555 5159 2782 5237 Χριστὸς
2838 5144 2974 5236 μετά
3033 5166 3282 5241 στρατιᾶς
3332 5144 3579 5239 ἀγγέλων
3626 5158 3824 5237 ἐπιφα-

422 5238 554 5292 erat
580 5233 743 5336 _ipse
770 5233 1137 5336 agonotheta
1179 5233 1609 5336 Christus,‘qui
1654 5256 1787 5301 cum
1819 5242 2078 5305 exercitu

2174 5233 2303 5320 νεὶς,
2366 5267 2480 5328 και,
2517 5233 2616 5316 Mi;-
2662 5233 2940 5330 φοϐεῖσθε,
2984 5233 3170 5308 εἰπών’
3228 5250 3337 5331 ἐγὼ
3380 5233 3489 5330 -γάρ
3546 5250 3655 5325 εἶμι
3697 5233 3823 5323 μεθ’

419 5319 779 5422 angelorum
809 5323 1438 5425 apparuittetudixit:
1475 5323 1675 5390 Nolite
1701 5329 1937 5411 timere,
1972 5352 2078 5414 ego

2170 5339 2339 5411 ὑμῶν,
2405 5319 2640 5396 Ἐκεῖνοι
2676 5319 2790 5415 ’μὲν
2834 5319 2939 5395 οὖν’
2966 5340 3060 5397 τοῦ
3113 5319 3281 5397 θείου.
3300 5319 3492 5397 τούτου
3518 5319 3824 5397 ὕπνου-ἀν-

419 5412 580 5473 enim
610 5430 742 5474 sum
769 5412 1080 5475 vobiscum
1099 5414 1150 5474 8.
1182 5412 1277 5476 llli
1302 5432 1446 5495 ergo
1480 5434 1617 5478 cum
1646 5416 1721 5480 ab
1749 5420 1864 5485 hoc
1887 5412 2078 5491 divino

2173 5430 2481 5509 ενεγκόντες
2538 5412 2797 5501 ἀλλήλοις
2848 5428 3143 5489 ἐκοινςυντο
3185 5430 3285 5498 τὴν
3340 5427 3548 5511 ὄράσιν,
3580 5427 3820 5511 καθάπερ

497 5620 531 5671 8
560 5617 764 5684 Matth.
800 5639 1003 5689 xxvul.
