4054 6204
282 338 404 408 869
1355 337 1540 406 VlTA
1584 340 1645 404 S.
1691 339 1931 405 CLEME

2021 340 2125 405 [‘IS
2168 336 2593 405 ANCYRANI.
3532 333 3659 401 870

274 475 332 531 ἐν
377 471 561 534 εὐώδει
619 474 728 546 πόα
784 474 871 529 καὶ
928 472 1174 552 μαλακῇ,
1223 472 1344 530 ἀλλ’
1375 477 1470 532 οὔκ
1501 473 1554 530 ἐν
1583 473 1739 555 φλογὶ
1783 473 1925 551 μέσῃ

2021 492 2221 538 somno
2266 483 2472 538 essent
2515 471 2941 555 expergefacti,
2976 469 3510 533 communicabaut
3541 469 3660 533 sibi

274 565 544 640 κείμενοι.
2008 564 2268 628 invicem
2292 563 2900 643 visionem,tanquam
2925 561 2984 622 in
3013 562 3199 622 herba
3235 559 3400 622 molli
3425 569 3484 622 et
3505 558 3657 623 odo-

2006 653 2210 731 rifera,
2251 673 2372 717 non
2405 654 2462 715 in
2489 650 2690 715 media
2713 657 2918 715 autem
2950 650 3215 726 ﬂamma,
3244 650 3545 730 jacentes.

1763 841 2008 907 CAPUT
2069 845 2175 910 ΧῙ.

1290 1050 1461 1131 Ignis
1502 1049 1996 1114 cruciamontum
2051 1049 2230 1116 Tarsi
2268 1059 2656 1134 superatum.

367 1257 507 1321 32'.
546 1261 805 1332 Δομίτιος
854 1254 909 1313 δὲ
967 1253 1281 1334 παραδόξως
1310 1255 1452 1312 οὕτω
1479 1256 1576 1312 γαί
1621 1262 1713 1312 τοῦ
1763 1257 1926 1332 πυρὸς

2083 1255 2442 1316 ιχνιωιιω
2465 1271 2564 1314 eos
2584 1270 2719 1313 vero
2739 1254 3024 1312 Domitius
3047 1252 3288 1310 vidisset
3313 1253 3393 1310 ita
3416 1250 3667 1312 admira-

281 1346 447 1404 αὐτοῦ
488 1347 933 1426 περιγενομένους
982 1344 1130 1415 ἰδὼν,
1183 1346 1268 1402 καί
1299 1347 1376 1420 μὴ
1406 1345 1554 1425 ἔχων
1585 1345 1612 1400 ὅ
1655 1368 1705 1402 τι
1736 1344 1927 1402 λοιπὸν

2021 1340 2215 1404 biliter
2235 1352 2292 1406 et
2314 1350 2531 1424 prater
2549 1340 2896 1422 opinionem
2920 1341 3119 1420 ignem
3141 1339 3663 1421 superavisse,uec

281 1441 470 1498 αὖτόἵς
557 1439 858 1517 χρήσαιτο,
919 1436 1064 1515 παρὰ
1141 1433 1474 1509 Μαξιμιανὸν
1533 1435 1677 1498 αὖθις
1742 1437 1929 1498 αὖτοὺς

2021 1435 2192 1498 sciret
2217 1437 2506 1519 deinceps
2526 1436 2816 1519 quidnam
2845 1431 3664 1510 eislaceret,remittiteosad

279 1523 589 1598 ἀναπέμπει
675 1524 736 1580 ἐκ
824 1531 1031 1602 Ταρσοῦ
1115 1529 1409 1591 τηνικαῦτα
1466 1527 1599 1599 πρὸς
1655 1523 1930 1603 ’Ἄγκυραν

2021 1523 2453 1601 Maximianum,
2486 1527 2587 1607 qui
2625 1534 2768 1587 tunc
2790 1543 2860 1588 ex
2881 1526 3066 1588 Tarso
3091 1522 3510 1586 revertebatur
3531 1523 3664 1584 Au-

281 1613 705 1692 ἆναστρέιροντα.
745 1616 806 1673 Oi
837 1612 981 1692 ἅγιοι
1025 1614 1200 1670 τοίνυν
1231 1615 1334 1670 ὑπὸ
1383 1614 1735 1690 στρατιώταις
1793 1615 1930 1689 μετὰ

2021 1615 2391 1695 cyram.Cum
2425 1616 2617 1678 sancti
2640 1632 2783 1694 ergo
2821 1613 2934 1675 sub
2969 1613 3260 1675 militibus
3291 1631 3426 1674 cum
3461 1612 3666 1674 multis

282 1701 503 1760 πολλῶν
569 1706 656 1760 καὶ
737 1703 914 1760 ἄλλων
973 1709 1301 1780 Χριστιανῶν
1356 1702 1624 1778 ἁψάμενοι
1681 1706 1778 1772 τῆς
1823 1725 1928 1759 πο-

2021 1723 2254 1784 quoque
2284 1705 2422 1766 aliis
2453 1704 2810 1767 Christianis
2836 1713 3041 1766 essent
3069 1703 3187 1765 iter
3217 1703 3662 1784 ingrcssi,quo-

284 1795 452 1870 ρείας,
486 1791 672 1862 ἐπειδὴ
714 1799 793 1868 τῷ
845 1816 897 1851 τε
957 1800 1056 1862 τῆς
1117 1793 1237 1851 ὁδοῦ
1279 1795 1444 1869 μήκει
1473 1796 1538 1850 τὰ
1569 1798 1792 1869 σώματα
1825 1815 1925 1850 πε-

2021 1793 2172 1855 niam
2206 1807 2266 1856 et
2292 1794 2399 1856 vise
2429 1795 2810 1873 longitudine
2841 1793 3076 1856 defessa
3111 1802 3282 1856 erant
3305 1809 3580 1873 corpora,
3606 1803 3666 1855 et

284 1884 618 1963 πονήκεσαν,
650 1883 828 1946 ἄλλως
860 1900 917 1940 τε
953 1882 1008 1940 δὲ
1042 1885 1128 1940 καὶ
1156 1886 1190 1952 ἡ
1224 1882 1342 1948 ὁδὸς
1399 1883 1464 1952 ἢν
1521 1882 1750 1958 ἔμελλον
1805 1881 1927 1939 δια-

2021 1882 2238 1961 alioqui
2262 1883 2500 1964 via,qua
2523 1891 2696 1946 erant
2718 1883 3190 1956 transituri,erat
3211 1881 3536 1944 admodum
3559 1880 3667 1943 de-

415 1940 425 1954 .
602 1940 618 1963 ,
815 1940 826 1946 -
1179 1940 1190 1952 .
1329 1940 1342 1948 .
1421 1940 1432 1952 .
1549 1940 1560 1958 .

281 1970 503 2052 ϐαίνειν,
540 1973 741 2052 ἔρημος
801 1973 1030 2030 ἐπιπολὺ
1089 1976 1217 2030 οὖσα
1277 1976 1364 2029 καὶ
1397 1975 1638 2054 ἀτεχνῶς
1684 1971 1924 2052 ἄνυδρος,

2021 1940 2174 2035 serta
2206 1982 2264 2035 et
2287 1940 2464 2054 plane
2486 1992 2654 2054 aquae
2672 1991 2916 2053 espers,
2952 1971 3084 2032 sitis
3115 1990 3220 2033 eos
3241 1970 3455 2032 urebat
3477 1968 3665 2032 vehe-

281 2064 357 2127 είς
387 2062 475 2128 ὀξὺ
529 2061 680 2139 δίψος
728 2065 916 2129 αὖτοὺς
960 2063 1249 2142 ἆνέφλεγε.
1319 2064 1502 2138 Τούτῳ
1557 2061 1612 2119 Si
1643 2066 1786 2138 αὖτῷ
1840 2064 1926 2120 καί

2021 2062 2415 2126 mentissime.
2449 2061 2518 2123 Et
2549 2081 2684 2124 eum
2718 2063 2996 2124 viderent
3025 2061 3284 2140 graviter
3317 2059 3511 2142 premi
3534 2076 3663 2137 eos,

283 2152 405 2216 τοὺς
463 2149 872 2228 ὁδοιποροῦντας
930 2152 1112 2216 δεινῶς
1153 2152 1501 2226 πιεζομένους
1557 2154 1784 2230 ὁρῶντες
1839 2156 1929 2209 καὶ

2021 2153 2111 2225 qui
2136 2168 2249 2211 una
2279 2156 2388 2211 iter
2410 2155 2975 2225 ingrediebantur,et
3001 2169 3133 2210 mox
3167 2169 3291 2211 esse
3313 2155 3664 2218 defecturos.

283 2238 413 2298 ὅσον
443 2239 592 2298 οὔπω
615 2241 986 2315 ἐκλείποντας,
1037 2244 1106 2308 εἷς
1153 2243 1326 2322 εύχὴν
1357 2243 1494 2316 μετὰ
1523 2249 1630 2299 τῶν
1688 2240 1929 2320 γονάτων

2021 2235 2084 2297 ad
2110 2252 2321 2316 preces
2343 2253 2479 2296 cum
2503 2235 2758 2312 genibus
2780 2235 2976 2322 ipsum
2993 2234 3669 2322 corquoqueincliuan-

283 2332 373 2388 καὶ
432 2331 597 2398 αὒτὴν
683 2331 958 2394 κλίναντες
1028 2334 1129 2388 τὴν
1209 2330 1449 2411 καρδίαν,
1528 2333 1678 2410 Κύριε
1751 2333 1931 2398 Ἰησοῦ

2021 2313 2149 2387 tes:
2187 2324 2438 2386 Domine
2458 2323 2601 2386 Jesu
2631 2313 3065 2404 Chrisﬁte,Deus
3099 2313 3328 2396 noster,
3355 2321 3666 2398 dicebant,

285 2419 500 2499 Χριστὶ,
534 2423 562 2477 δ
594 2422 724 2484 Θεὸς
753 2423 933 2500 ἡμῶν,
969 2422 1152 2500 εἶπον,
1207 2423 1234 2477 ὁ
1291 2423 1379 2478 καὶ
1434 2419 1706 2488 θαλάσσης
1765 2419 1928 2478 ὕδατα

2021 2421 2304 2492 quietiam
2325 2420 2488 2490 prius
2508 2436 2534 2476 a
2557 2435 2702 2492 quas
2718 2419 3186 2491 maristanuam
3209 2430 3442 2474 murum
3467 2415 3667 2500 ﬂrmas

281 2511 540 2588 πρότερον
571 2511 701 2567 ὡσεὶ
756 2523 950 2590 τεῖχος
998 2515 1238 2587 παγῆναι
1292 2513 1550 2583 ποιήσας,
1585 2511 1671 2566 καὶ
1701 2508 1840 2588 ὕδωρ
1870 2510 1930 2566 ὲκ

2021 2503 2266 2565 effecisti
2293 2512 2352 2565 et
2382 2501 2727 2583 stabiles,et
2747 2521 2960 2583 aquam
2986 2519 3200 2563 rursus
3231 2499 3486 2562 eduxisti
3509 2517 3666 2590 epe-

285 2599 482 2679 πέτρας
517 2598 679 2657 πάλιν
713 2588 1013 2677 ἐξαγαγὼν,
1051 2598 1208 2664 αύτὸς
1241 2598 1530 2675 ὶπίόλεψον
1562 2599 1650 2656 καὶ
1709 2607 1796 2656 νῦν
1846 2599 1929 2679 ἐφ’

2021 2602 2125 2669 tra;
2151 2593 2284 2674 ipse
2315 2611 2472 2654 nunc
2491 2610 2730 2673 quoque
2752 2609 2937 2673 super
2961 2611 3070 2653 nos
3101 2590 3360 2669 respice,
3395 2588 3660 2668 respice,

283 2690 453 2764 ἡμᾶς,
515 2686 826 2768 ἰπίϐλεψον,
885 2687 1110 2766 βασιλεύ
1143 2705 1156 2718 '
1193 2686 1578 2768 διαπέφλεκται
1634 2690 1736 2767 γὰρ
1765 2690 1930 2769 ίσχυ-

2021 2691 2288 2773 inquam,
2313 2710 2415 2752 rex
2455 2713 2467 2750 :
2501 2690 2672 2753 valde
2704 2690 2865 2752 enim
2893 2691 3061 2752 ardet
3092 2698 3297 2752 nostra
3345 2686 3568 2762 anima,
3601 2701 3662 2755 et

283 2782 389 2855 ρῶς
418 2779 452 2845 ἡ
485 2779 642 2856 ψυχὴ
676 2780 856 2853 ἡμῶν,
889 2779 978 2836 καὶ
1027 2777 1295 2857 τρέχομεν
1357 2781 1411 2833 ἐν
1467 2775 1607 2854 δίψει
1657 2781 1931 2852 καύματος

2021 2780 2390 2842 currimusin
2423 2779 2526 2842 siti
2558 2788 2737 2842 aestus
2765 2781 2826 2842 in
2874 2781 3004 2842 loco
3057 2779 3157 2861 qui
3191 2788 3280 2840 est
3309 2779 3440 2842 sine
3466 2779 3659 2862 aquis.

284 2865 340 2922 ἂν
371 2864 610 2944 ἀνύδρῳ·
666 2874 760 2923 σοῦ
817 2865 872 2923 δὲ
931 2868 1278 2946 βουλοτίένου,
1334 2867 1546 2930 πάντως
1593 2869 1678 2923 καὶ
1728 2865 1930 2940 ὕδωρὴ

2021 2873 2097 2934 Te
2121 2879 2320 2934 autem
2354 2871 2872 2946 volente,omnino
2907 2881 2961 2934 et
2991 2879 3148 2934 terra
3180 2889 3354 2952 aqua,
3374 2883 3432 2936 et
3451 2891 3663 2937 rursus

283 2956 382 3035 γῆ,
438 2958 527 3012 καὶ
567 2957 632 3012 αὖ
663 2953 826 3012 πάλιν
855 2961 927 3034 γῆ
955 2957 1019 3013 τὰ
1049 2953 1184 3034 ὕδωρ
1230 2957 1537 3034 γενήσεται.
1590 2963 1761 3015 Ταῦτα
1805 2955 1930 3013 ἕλε-

2021 2979 2168 3039 aqua
2190 2971 2350 3024 terra
2375 2961 2643 3025 ﬂet.Haac
2667 2970 2725 3023 et
2757 2961 3135 3041 dicebaut,et
3157 2961 3365 3024 calidas
3389 2965 3666 3048 lacrymte

283 3045 379 3124 γόν
425 3066 512 3135 τε,
541 3044 634 3135 καί
689 3045 857 3125 θερμὰ
899 3043 1095 3125 δάκρῦα
1152 3052 1258 3102 υῶν
1307 3045 1594 3126 ὀφθαλμῶν
1651 3044 1926 3126 ὰπέῤῥεον.

2021 3051 2100 3112 eis
2123 3051 2390 3112 ﬂuebant
2409 3069 2480 3113 ex
2507 3049 2875 3114 oculis.Cum
2901 3050 3102 3132 itaque
3121 3061 3486 3124 orassent,et
3516 3043 3662 3135 pro-

286 3133 734 3210 Προσεοξαμένων
820 3145 945 3213 γοῦν
1029 3137 1117 3193 καί
1177 3137 1250 3198 εἷς
1309 3137 1401 3192 τὸν
1457 3136 1678 3213 οὐρανὸν
1741 3136 1930 3202 εὐθέως

2021 3141 2172 3203 tinus
2206 3147 2266 3202 in
2297 3141 2517 3204 cmlum
2552 3143 2988 3223 suspexissent,
3024 3160 3238 3222 purum
3273 3133 3576 3224 quoddam
3606 3153 3666 3206 et

282 3224 527 3293 ἰδόντων,
575 3225 805 3303 καθαρόν
849 3246 898 3281 τι
931 3231 1073 3301 νᾶμα
1105 3227 1192 3282 καὶ
1221 3223 1408 3290 διειδὲς
1458 3228 1557 3294 της
1587 3225 1750 3304 ξηρᾶς
1781 3227 1928 3282 ὲκεί-

2021 3231 2403 3311 perspicuum
2435 3232 2724 3294 ﬂuentum
2757 3251 2826 3295 ex
2847 3231 2952 3295 illa
2973 3231 3141 3295 arida
3162 3239 3220 3294 et
3249 3223 3475 3297 inculta
3505 3242 3666 3296 terra

285 3338 385 3384 νης
419 3318 506 3371 καὶ
536 3294 806 3392 ἀνημέρου
856 3319 958 3394 γῆς
989 3294 1288 3372 ἀναδίδοται
1325 3333 1340 3350 ⁸
1375 3322 1437 3374 οὗ
1475 3317 1562 3372 καὶ
1616 3294 1826 3381 πίόντες
1869 3317 1930 3372 τὸ

2021 3294 2336 3383 emittitur.
2385 3321 2472 3384 Ex
2503 3341 2621 3403 quo
2653 3294 2788 3384 cum
2841 3321 3159 3397 bibissent,
3216 3294 3346 3384 eam
3395 3294 3665 3406 quae—eos

285 3402 466 3475 πιέζον
497 3404 686 3467 αὐτοὺς
717 3405 778 3461 τὸ
799 3401 952 3478 δίψος
986 3403 1286 3480 ἐκοίμισαν.

369 3491 515 3554 ΞΗ¹.
550 3493 658 3560 Τῆς
717 3495 906 3570 φήμης
938 3501 1026 3550 οὖν
1080 3496 1168 3551 καὶ
1216 3507 1336 3560 τοῖς
1379 3493 1557 3574 πόῤῥω
1602 3493 1932 3562 διαδοθείσης

288 3582 562 3661 συνέῤῥεον
642 3584 770 3661 πρὸς
848 3583 1035 3648 αὐτοὺς
1110 3585 1158 3640 οἱ
1222 3586 1508 3660 περίοικοι,
1569 3587 1656 3641 καὶ
1698 3587 1836 3642 πολύ
1877 3607 1930 3641 τι

287 3671 490 3740 πλῆθος
521 3675 706 3735 αὐτοῖς
739 3671 967 3737 πολλοῖς
992 3673 1088 3730 καῖ
1111 3672 1382 3738 ποικίλοις
1415 3676 1632 3730 πάθεσιν
1662 3674 1928 3754 ἔνοχλου-

285 3761 463 3836 μένων
505 3761 834 3840 προσήγετο.
893 3759 1048 3818 Ἀλλ’
1114 3763 1149 3830 ἡ
1214 3762 1320 3820 τῶν
1363 3769 1566 3842 χειρῶν
1613 3763 1722 3842 ἁφὴ
1770 3764 1934 3838 μόνον

289 3852 500 3925 ἑκάστῳ
563 3859 657 3909 τοῦ
729 3853 931 3918 πάθους
1001 3855 1205 3932 ὶγίνετο
1280 3856 1586 3934 φάρμακον.
1645 3846 1703 3912 ’0
1761 3857 1934 3913 τοίνυν

286 3941 697 4019 μακαριώτατος
752 3941 983 4016 Κλήμης
1043 3943 1150 4022 (ὶπ⁹
1224 3945 1383 4001 αὖτὸν
1426 3945 1528 4023 γάρ
1577 3946 1742 4020 μόνον
1785 3945 1934 4011 αὖθις

286 4033 380 4088 τὸν
433 4030 596 4109 λόγον
639 4031 1099 4112 ἐπαναγάγωμεν)
1154 4033 1294 4091 οὕτω
1357 4035 1594 4115 πάσχειν
1639 4032 1793 4111 estea
1847 4033 1932 4092 διὰ

287 4121 539 4201 Χριστὸν,
587 4121 727 4178 ὥστε
773 4120 912 4196 μηδὲ
959 4121 1286 4201 ὁλιγωθῆναι
1333 4138 1455 4188 ταῖς
1503 4125 1783 4202 τιμωρίαις
1841 4127 1932 4183 τόν

287 4211 486 4292 χρόνον
527 4209 671 4284 αύτῷ
711 4210 813 4280 τῆς
855 4217 1000 4283 ζωῆς
1045 4212 1276 4294 ηὔχετο,
1312 4213 1449 4272 ἀλλὰ
1490 4211 1576 4272 διὰ
1605 4215 1791 4280 τέλους
1820 4232 1932 4273 πα-

288 4302 578 4380 ραταθῆναι
634 4301 701 4356 τᾶ
787 4299 1102 4380 σκάμματα,
1183 4303 1427 4362 Δέσποτα
1488 4305 1668 4385 Κύριε,
1729 4304 1927 4384 λέγων,

289 4391 421 4466 μόνε
463 4387 684 4466 βασιλεῦ
728 4396 831 4448 τῶν
877 4391 1107 4466 αἰώνων,
1153 4393 1231 4468 μὴ
1283 4393 1560 4472 ἀναγάγῃς
1612 4415 1679 4468 με
1715 4393 1769 4450 ἒν
1806 4395 1932 4470 ἠμί-

290 4500 369 4536 σει
412 4481 520 4536 τῶν
562 4480 782 4558 ἡμερῶν
816 4503 939 4560 μου,
975 4495 1094 4546 τοῖς
1127 4487 1512 4558 καθημερινοϊς
1559 4485 1767 4548 τούτοις
1813 4506 1932 4541 κιν-

2016 3409 2330 3491 premebat
2362 3410 2526 3474 sitim
2561 3411 2874 3476 sedarunt.

2096 3497 2506 3562 LXVIII.Cum
2528 3501 2708 3580 hujus
2723 3511 2922 3565 autem
2943 3502 3029 3563 rei
3048 3503 3206 3564 fama
3228 3502 3408 3565 etiam
3432 3503 3502 3564 ad
3530 3522 3662 3580 eos,

2013 3588 2121 3666 qui
2145 3589 2355 3665 procul
2377 3597 2549 3652 erant
2569 3590 2814 3665 remoti,
2825 3591 3286 3670 pervasisset,ad
3318 3592 3481 3672 ipsos
3511 3612 3664 3656 con-

2015 3675 2289 3742 ﬂuebaut
2314 3678 2416 3759 qui
2439 3679 2832 3742 circumcirca
2853 3678 3292 3755 babitabant,et
3316 3700 3526 3760 magna
3547 3683 3663 3744 ho-

2017 3765 2246 3828 minum
2273 3767 2728 3847 multitudo.qui
2751 3767 2956 3828 multis
2979 3769 3232 3830 etvariis
3249 3768 3472 3831 morbis
3494 3789 3666 3834 vexa-

2020 3855 2260 3932 bantur,
2294 3855 2367 3916 ad
2395 3873 2500 3917 eos
2521 3854 3250 3919 adducebaturManuum
3277 3863 3475 3917 autem
3501 3858 3666 3920 solus

2017 3954 2330 4007 contactus
2379 3945 2490 4006 fuit
2518 3945 2846 4026 unicuique
2893 3943 3084 4006 morbi
3126 3945 3662 4011 medicamentum.

2016 4033 2403 4098 Beatissimus
2430 4053 2572 4112 ergo
2605 4035 2886 4098 Clemens
2918 4034 3012 4095 (ad
3045 4034 3240 4116 ipsum
3277 4035 3436 4097 enim
3467 4035 3663 4098 solum

2013 4141 2228 4185 rursus
2272 4123 2597 4186 revertitur
2646 4124 2858 4206 oratio)
2915 4132 3161 4206 propter
3208 4122 3515 4187 Christum
3549 4124 3672 4206 pati

2015 4217 2159 4276 adeo
2183 4217 2503 4281 sitiebat.ut
2524 4233 2634 4276 nec
2664 4220 2794 4276 vita:
2817 4218 3052 4292 quidem
3078 4233 3198 4276 sua:
3219 4228 3446 4289 tempus
3467 4229 3663 4279 oraret

2017 4301 2205 4362 minui
2228 4301 2680 4382 suppliciis,sed
2708 4304 2840 4383 ejus
2861 4311 3032 4383 septa
3057 4303 3296 4364 extendi
3325 4311 3614 4384 perpetuo
3642 4321 3658 4364 :

2015 4388 2639 4472 Domine,dicens,qui
2665 4411 2728 4454 es
2747 4391 2916 4454 solus
2939 4409 3040 4454 rex
3066 4392 3536 4466 saeculorumme
3568 4411 3664 4456 me

2015 4477 2340 4542 abduxeris
2365 4479 2426 4540 in
2458 4479 2711 4542 dimidio
2743 4481 2974 4544 dierum
3000 4499 3299 4555 meorum,
3335 4483 3427 4544 his
3455 4482 3663 4563 quoti-

289 4567 464 4628 δύνοις
507 4567 949 4647 ἀπαγορεύσαντα
984 4586 1002 4604 ⁶
1035 4569 1172 4632 ἀλλὰ
1207 4579 1491 4652 παράσχου
1518 4595 1617 4649 μοι
1649 4572 1726 4648 τῷ
1754 4575 1931 4651 ἀμαρ-

2021 4567 2216 4631 dianis
2248 4568 2552 4631 defessum
2589 4570 2873 4650 periculis
2900 4591 2913 4628 :
2940 4568 3044 4632 sed
3068 4569 3338 4651 praebeas
3361 4571 3510 4634 mihi
3528 4591 3664 4653 pec-

290 4656 451 4732 τωλῷ
495 4655 623 4736 παρ’
668 4655 806 4725 δλην
849 4680 951 4734 μου
1011 4659 1111 4727 τὴν
1141 4661 1288 4731 ζωὴν
1331 4663 1463 4741 ὑπὲρ
1491 4669 1584 4720 τοῦ
1613 4670 1707 4720 σοό
1731 4663 1931 4738 ὀνόμα-

2021 4661 2207 4725 calori
2235 4678 2342 4741 per
2364 4669 2543 4722 totam
2569 4679 2700 4722 eam
2727 4661 2910 4723 vitam
2935 4662 3136 4723 omnia
3166 4665 3281 4743 pati
3308 4681 3416 4743 pro
3439 4672 3539 4726 tuo
3561 4683 3666 4727 no-

289 4765 382 4808 τος
414 4744 505 4800 καὶ
543 4749 647 4812 τῆς
691 4749 792 4812 σῆς
825 4747 1116 4825 ὁμολογίας
1161 4749 1335 4805 πάντα
1393 4754 1612 4824 παθεῖν,
1658 4753 1746 4808 καὶ
1805 4751 1931 4810 αὐτά

2021 4751 2180 4812 mine
2208 4759 2266 4811 et
2299 4759 2398 4812 tua
2427 4751 2833 4827 confessione,
2869 4759 2929 4812 et
2959 4750 3054 4812 vel
3086 4752 3216 4831 ipsa
3248 4750 3356 4814 tibi
3390 4753 3666 4816 membra

293 4856 393 4924 σοιΔ
412 4839 704 4894 καταθῦσαι
761 4839 828 4894 τὰ
872 4837 1039 4913 μέλη,
1084 4841 1158 4906 ὡς
1204 4839 1264 4896 ἂν
1297 4843 1431 4917 μετὰ
1481 4841 1725 4906 πλείονος
1791 4842 1931 4900 ἀπο-

2021 4840 2382 4916 sacriﬂcare,
2419 4849 2482 4901 ut
2535 4859 2605 4902 ea
2663 4858 2874 4903 rursus
2931 4841 3222 4922 accipiam
3277 4861 3413 4904 cum
3448 4842 3663 4924 majori

290 4920 443 5012 λάβω
483 4924 646 4982 πάλιν
689 4928 824 4985 αὐτὰ
880 4933 979 4995 τῆς
1023 4928 1436 5007 λαμπρότητος.
1471 4934 1647 4989 Ταῦτα
1701 4935 1837 5008 ὁμοῦ
1877 4953 1931 4988 τε

2021 4930 2518 5011 ερΙοηόοεοῊεοο
2541 4929 2719 4992 simul
2740 4948 2808 4992 ac
2831 4920 3108 5010 precatus
3135 4933 3415 5012 est,visus
3437 4941 3527 4994 est
3542 4920 3660 4994 sibi

289 5011 512 5092 ηὸξατο,
566 5017 654 5072 καὶ
695 5017 881 5097 φωνῆς
929 5017 1127 5075 ἄνωθεν
1171 5018 1364 5084 εύθὲως
1421 5019 1634 5077 ἆκούειν
1664 5020 1817 5096 ξῷιιει
1849 5038 1863 5052 ⁶
1900 5023 1931 5089 ἡ

2022 5037 2226 5082 vocem
2248 5019 2458 5081 audire
2481 5037 2549 5081 οι
2574 5019 3032 5091 alto,dicentem
3059 5041 3073 5080 :
3099 5011 3242 5091 Quze
3263 5019 3661 5100 petiisti,Cle-

290 5105 443 5183 φωνὴ
472 5102 527 5160 δὲ
571 5104 637 5173 ἧν
670 5119 687 5137 ⁶
735 5105 916 5184 "Amp
943 5106 1159 5182 ᾐτήσω,
1209 5106 1435 5183 Κλήμη,
1466 5109 1552 5166 νῦν
1596 5109 1801 5168 δέδοταί
1828 5132 1931 5175 σοι⁴

2025 5128 2218 5180 mens.
2255 5127 2324 5171 ea
2356 5127 2517 5170 nunc
2544 5107 2651 5170 tibi
2695 5109 2831 5170 data
2860 5106 3115 5171 sunt.Te
3145 5108 3378 5170 fortiter
3403 5125 3569 5188 gere,
3603 5113 3663 5170 et

291 5193 483 5274 Ἴσχυι
538 5195 627 5252 καὶ
685 5194 1000 5272 ἕνδυναμοῦ,
1061 5199 1150 5253 καὶ
1201 5199 1293 5255 τὸν
1325 5197 1521 5277 δρόμον
1550 5199 1718 5266 ὄντως
1774 5201 1931 5281 τρέχε

2023 5209 2154 5261 tuas
2169 5200 2326 5260 vires
2345 5197 2726 5270 confirma,et
2745 5196 3095 5260 certaminis
3113 5213 3354 5258 cursum
3377 5205 3666 5259 constan-

289 5285 383 5342 τὸν
443 5288 544 5351 τῆς
601 5283 882 5357 ἀθλήσεως
917 5303 931 5318 '
965 5289 992 5342 ὁ
1025 5293 1131 5351 πᾶς
1162 5288 1263 5365 γάρ
1295 5310 1378 5345 σοι
1409 5293 1508 5355 τῆς
1535 5295 1679 5360 ζωῆς
1710 5289 1931 5347 ὑπόλοι-

2025 5297 2118 5351 ter
2143 5289 2396 5350 conﬁce.
2430 5286 2785 5364 Universum
2811 5287 2970 5348 enim
2995 5285 3151 5368 quod
3177 5283 3284 5347 tibi
3316 5295 3504 5348 restat
3533 5286 3667 5349 vita;

294 5395 397 5438 πος
455 5375 681 5454 χρόνος,
729 5377 865 5450 μετά
909 5397 970 5454 γε
1012 5382 1122 5433 τῶν
1164 5375 1268 5446 ἤδη
1299 5378 1368 5446 τῆ
1398 5376 1620 5448 ἀθλήσει
1651 5377 1931 5454 διηνυαμέ-

2026 5387 2284 5458 tempus,
2323 5395 2459 5439 cum
2494 5376 2592 5457 iis,
2619 5395 2752 5458 quae
2783 5375 3068 5438 certando
3093 5377 3213 5453 jam
3242 5393 3274 5434 a
3308 5383 3366 5438 to
3395 5384 3664 5456 suntpe-

294 5484 398 5520 νων
443 5466 518 5530 είς
563 5465 708 5522 ὀκτὼ
750 5468 838 5523 καὶ
881 5466 1089 5524 εἴκοσιν
1151 5466 1247 5536 im
1277 5474 1355 5543 τῷ
1387 5469 1660 5548 μαρτυρίῳ
1702 5467 1931 5546 ἀριθμη-

2022 5479 2209 5543 tacta,
2243 5466 2662 5530 numerabitur
2681 5466 2754 5528 ad
2795 5465 2996 5543 viginti
3023 5471 3083 5526 et
3113 5471 3248 5527 octo
3277 5482 3470 5528 annos
3500 5479 3663 5529 mar-

289 5555 538 5627 θήσεται.

2025 5556 2189 5639 tyrii.
