4104 6198
296 304 415 377 873

1350 302 1538 371 VITA
1584 304 1645 367 S.
1698 297 2147 366 CLEMENTIS
2201 299 2632 368 ANGYRANI.

3564 308 3683 377 874

297 477 389 531 νῃ,
436 448 603 517 δῆλον
658 450 733 511 ὡς
792 446 970 520 ἕτερος
1029 445 1123 512 εἴη
1169 445 1385 507 πάντως
1443 445 1471 499 ὁ
1525 447 1632 531 τῷν
1702 438 1977 531 suischva

2065 436 2305 531 iernum
2355 455 2548 531 usque
2581 437 2740 501 diem
2795 435 3059 531 abundet
3089 439 3151 531 in
3192 439 3336 504 orbe
3367 449 3687 522 terrarum,

298 529 569 619 βασιλέων
611 537 816 615 καιρός.
881 538 1019 612 Πρὸς
1075 538 1241 592 ταῦτα
1310 537 1462 608 θυμῷ
1504 530 1669 587 πάλιν
1736 529 1959 619 ᾇσχέτῳ

301 616 524 709 ληφθεὶς
600 627 931 702 Μαξιμιανὸς
1003 627 1104 692 τὴν
1161 624 1346 702 φωνὴν
1408 622 1599 684 εὒθέως
1656 616 1952 675 ἐσϐέννυτω

303 708 531 795 κάμινός
577 738 635 774 τε
679 716 866 775 αὐτίκα
918 720 1017 782 τῆς
1062 713 1337 771 Χαλδαίων
1400 712 1543 789 παρὰ
1588 708 1725 766 πολὺ
1768 710 1961 781 μείζων

306 822 426 871 τοῖς
462 806 629 884 ἁγίοις
679 805 979 874 ἂνήπτετο.
1013 801 1185 861 Ἀλλὰ
1215 802 1310 860 καί
1357 803 1431 862 εἰς
1463 800 1629 867 αὐτὴν
1660 796 1961 873 ἐμϐληθέν-

303 921 400 961 τας
460 900 495 965 ἡ
530 897 643 953 θεία
706 896 868 975 χάρις
901 893 1093 957 αὐτοὺς
1148 890 1433 970 ἐδρόσιζεν,
1465 888 1647 967 ὥσπερ
1681 891 1801 945 εκεῖ
1844 887 1962 947 τοὺς

305 984 532 1061 παῖδας,
568 984 737 1048 οὕτως
788 980 1045 1043 ἀϐλαϐεῖς
1099 983 1320 1039 ἐνταῦθα
1362 987 1599 1059 τηροῦσα
1647 979 1769 1039 τοὺς
1822 977 1964 1055 μάρ-

301 1096 491 1155 τυρας·
551 1076 715 1132 νύκτα
780 1073 877 1149 μὲν
937 1072 1026 1130 οὗν
1093 1071 1226 1139 ὅλην
1299 1071 1390 1128 καὶ
1438 1068 1643 1148 ἡμέραν
1700 1067 1888 1131 αὐτοὺς
1933 1068 1965 1134 ἦ

301 1167 534 1228 κάμινος
609 1164 796 1244 εἶχεν,
858 1163 999 1242 ἦχος
1071 1159 1126 1219 δέ
1172 1184 1254 1224 τις
1328 1160 1533 1217 ἐκεῖθεν
1597 1155 1951 1235 ἑορταζόντων

302 1257 559 1330 ἠκούετο,
594 1256 683 1312 καὶ
712 1254 916 1318 καπνὸς
948 1250 1149 1320 εὓώδης
1183 1252 1270 1309 καὶ
1299 1250 1426 1321 ἡδὺς
1456 1248 1761 1329 ἀνεφέρετο,

391 1516 524 1587 ΟΑ’.
558 1534 732 1585 Ταῦτα
780 1522 1039 1599 μηνύεται
1102 1519 1439 1596 Μαξιμιανῷ,
1473 1521 1562 1577 καὶ
1609 1516 1817 1580 ἐκεῖνος
1862 1512 1966 1583 ἤδη

2044 526 2263 588 clarum
2294 536 2384 588 est
2414 526 2673 589 futurum
2710 528 2954 590 omnino
2985 528 3142 590 aliud
3176 541 3413 612 tempus
3455 534 3692 615 piorum

2039 616 2501 697 imperaturum.
2538 616 2683 680 Cum
2719 635 2791 680 ex
2819 617 2916 680 his
2951 617 3063 694 ira,
3099 638 3230 700 quae
3258 622 3528 687 cohiberi
3572 642 3695 689 non

2045 715 2298 786 peierat,
2326 715 2485 769 esset
2507 706 2786 770 incitatus
2813 707 3228 786 Maximianus,
3256 710 3419 793 loqui
3449 714 3693 794 quidem

2047 796 2275 859 desiit:
2322 797 2527 860 fornax
2577 815 2742 872 vero,
2777 796 3187 861 Chaldaeorum
3231 800 3473 865 fornace
3514 804 3696 883 longe

2050 887 2265 967 major,
2303 888 2528 949 sanctis
2576 888 2689 949 fuit
2719 906 2995 952 accensa.
3041 887 3158 953 Sed
3213 908 3318 953 eos
3370 911 3606 975 quoque
3635 893 3699 956 in

2048 975 2236 1056 ipsam
2288 977 2544 1057 injectus
2574 977 2775 1040 divina
2801 996 2938 1042 rore
2970 979 3230 1060 perfudit
3270 983 3462 1062 gratia
3494 1003 3511 1065 ;
3543 984 3699 1047 sicut

2050 1065 2171 1127 illic
2227 1086 2471 1147 pueros,
2505 1070 2591 1130 sic
2621 1067 2720 1130 hic
2751 1087 3116 1133 conservans
3148 1081 3459 1154 martyres.
3504 1074 3699 1156 Atque

2037 1163 2217 1217 totam
2252 1157 2498 1234 quidem
2527 1168 2766 1220 noctem
2797 1166 2859 1220 et
2890 1159 3051 1222 diem
3086 1179 3190 1224 eos
3238 1162 3449 1225 fornax
3481 1164 3694 1229 tenuit:

2036 1245 2206 1308 illinc
2237 1265 2378 1309 vero
2409 1247 2768 1310 audiebatur
2796 1249 3038 1330 quidam
3071 1269 3257 1314 sonus
3287 1252 3501 1316 festum
3528 1254 3694 1317 cele-

2042 1335 2373 1412 brantium,
2407 1356 2709 1419 suaveque
2741 1339 2911 1401 olens
2941 1349 3001 1402 et
3047 1339 3240 1404 dulcis
3270 1342 3470 1405 fumus
3500 1361 3570 1407 ex
3622 1361 3694 1408 eo

2052 1447 2286 1490 sursum
2322 1428 2725 1500 emittebatur.

2113 1515 2462 1582 LXXlJlaec
2486 1519 2899 1597 significantur
2927 1517 3300 1584 Maximiano.
3340 1523 3447 1587 Ille
3469 1533 3694 1605 autem,

280 1622 408 1683 ’τῆς
469 1615 669 1696 φλογὸς
715 1611 1184 1690 ἀπομαρανθείσης
1243 1610 1462 1672 ἐπιστὰς
1535 1611 1629 1685 ὁρᾷ
1685 1604 1969 1696 σώουςγὲν

2065 1627 2185 1669 cum
2204 1609 2327 1687 jam
2358 1608 2595 1669 flamma
2618 1608 3001 1685 extabuisset,
3038 1613 3356 1689 accedens,
3380 1615 3533 1677 videt
3553 1604 3698 1678 san-

314 1708 450 1781 αὒτῇ
484 1694 629 1767 τοὺς
681 1704 889 1781 ἆγίους,
930 1699 998 1781 (ὢ
1055 1700 1146 1758 τοῦ
1202 1700 1472 1774 θαύματος
1510 1697 1557 1774 Ξ)
1616 1694 1755 1773 μηδὲ
1806 1695 1969 1774 τρίχα

2065 1706 2180 1759 ctus
2198 1700 2256 1758 in
2278 1715 2348 1758 ea
2369 1697 2656 1777 salvos,(o
2677 1698 3228 1770 miraculumllcum
3253 1702 3489 1765 ﬂamma
3517 1723 3590 1767 ne
3608 1706 3701 1768 vel

310 1798 489 1871 μόνην
548 1795 723 1852 ανότῶν
766 1800 865 1860 τῆς
898 1792 1097 1872 φλογὸς
1143 1792 1204 1847 τὸ
1248 1790 1498 1869 παράπαν
1553 1785 1963 1861 λυμηναμένης,

2065 1787 2246 1848 solum
2282 1787 2529 1867 quidem
2563 1805 2769 1849 eorum
2825 1788 3006 1867 pilum
3039 1789 3313 1868 lusisset,
3348 1794 3452 1855 sed
3493 1812 3702 1858 manus

312 1885 454 1943 ἀλλὰ
506 1887 604 1948 τὰς
650 1897 848 1963 χεῖρας
917 1884 992 1946 εἰς
1052 1881 1305 1958 οὐρανοὺς
1363 1878 1760 1953 ἀνατεταμένοις
1805 1875 1976 1956 ’έχον-

2065 1878 2299 1958 quidem
2334 1876 2626 1939 haberent
2670 1878 2730 1938 in
2762 1879 2977 1940 caalum
3021 1889 3322 1957 extensae,
3359 1882 3523 1945 labra
3561 1904 3702 1949 vero

312 1998 434 2044 τας,
472 1976 538 2031 τὰ
825 1972 879 2029 δὲ
913 1974 1045 2050 πρὸς
1089 1953 1397 2048 δοξολογίαν
1427 1971 1832 2031 ὕποκινούντας·
1889 1966 1976 2022 καί

2065 1953 2373 2029 moverent
2414 1968 2483 2029 ad
2514 1966 3036 2046 gloriﬁcationem.
3072 1969 3233 2042 Quos
3273 1953 3408 2034 cum
3440 1983 3707 2037 curasset

312 2069 535 2127 τούτους
598 2064 786 2128 εὒθέως
846 2069 924 2137 τῷ
978 2061 1156 2133 οἰκείῳ
1198 2060 1404 2136 βήματι
1460 2059 1840 2137 παραστήσας,
1876 2056 1976 2113 Καὶ

320 2156 377 2213 ἐν
436 2155 608 2227 τούτῳ
665 2161 813 2232 γοῦν,
849 2153 978 2232 ἔφη,
1013 2150 1307 2231 χαρίσασθέ
1358 2172 1473 2224 μοι,
1521 2149 1659 2205 ὥστε
1718 2148 1973 2226 γιωρίσαι

314 2245 525 2306 ὁποίαις
572 2243 773 2313 δήποτε
818 2239 1054 2314 ἐπῳδαῖς
1112 2240 1209 2308 τὴν
1280 2247 1376 2296 τοῦ
1435 2239 1600 2315 πυρὸς
1663 2239 1972 2317 ἄφαιρεῖσθε

315 2334 566 2410 δύναμιν,
612 2335 674 2392 Οἱ
705 2331 784 2412 δὲ,
821 2333 930 2390 Ούκ
972 2328 1234 2409 ἐπῳδαῖς,
1269 2330 1453 2405 εἶπον,
1486 2332 1531 2385 ὦ
1560 2327 1802 2407 βασιλεῦ,
1835 2326 1972 2383 ἀλλὰ

317 2448 462 2501 μονῃ
521 2423 615 2481 τοῦ
681 2422 924 2485 εἰπόντος
986 2418 1301 2499 ἐπαγγελίᾳ,
1350 2419 1431 2475 ὅτι
1492 2417 1600 2476 Κᾶν
1666 2415 1752 2473 διαὶ
1810 2426 1969 2495 πυρὸς

313 2514 552 2591 διέλθῃς,
609 2515 669 2571 ού
737 2512 1061 2569 κατακαύσει
1123 2531 1182 2565 σε
1253 2507 1406 2589 φλόξ.
1485 2506 1768 2564 Ἐδάγνετο
1839 2508 1968 2585 πρὸς

314 2613 476 2663 τοῦτο
534 2602 722 2683 πάλιν,
756 2604 845 2658 καί
905 2599 1091 2663 δεινῶς
1137 2599 1300 2678 εἶχεν
1345 2599 1372 2654 ὃ
1416 2595 1688 2675 βασιλεὺς,
1722 2598 1810 2653 καὶ
1871 2600 1971 2652 σύ-

318 2698 503 2774 ρεσθαι
562 2693 753 2759 αὐτοὺς
792 2691 1003 2749 ἐκέλευε
1059 2689 1314 2766 δημοσίᾳ,
1351 2690 1440 2745 καὶ
1467 2688 1569 2744 ὑπὸ
1603 2692 1709 2745 τῶν
1767 2685 1974 2760 δημίων

319 2784 744 2863 σπαράττεσθαι,
797 2783 887 2839 καὶ
942 2781 1008 2838 τὰ
1063 2782 1275 2859 ἔσχατα
1327 2778 1636 2852 δπομένειν.
1696 2774 1846 2834 Ἀλλ’
1891 2776 1975 2832 ἐπὶ

323 2881 477 2948 κακῷ
532 2878 621 2930 καὶ
652 2880 818 2930 ταῦτα
850 2874 927 2945 τῷ
956 2870 1142 2944 ἐκείνῳ
1184 2869 1411 2948 ἐγίνετο,
1446 2867 1644 2925 Πολλοὶ
1671 2868 1771 2946 γὰρ
1815 2889 1974 2932 τηνι-

318 2972 493 3021 καῦτα
548 2963 773 3019 καὶτῶν
832 2959 1071 3017 ἂπίστῶν
1104 2959 1351 3039 φρόνημά
1407 2980 1465 3014 τε
1525 2960 1753 3035 ὁρῶντες
1813 2956 1975 3014 ἀδού-

319 3054 522 3122 λωτον,
571 3053 660 3108 καὶ
713 3051 904 3131 ψυχὴν
959 3050 1348 3128 ἀταπείνωτον,
1395 3050 1481 3105 καὶ
1527 3047 1821 3127 παρρησίας
1882 3070 1975 3104 κο-

2057 2061 2256 2119 statim
2282 2057 2353 2120 ad
2382 2076 2553 2119 suum
2579 2056 2840 2120 tribunal
2865 2060 3200 2122 sistendos:
3235 2058 3345 2124 Vel
3377 2064 3435 2125 in
3462 2065 3706 2138 hoc,ino

2056 2150 2211 2229 quit,
2237 2148 2385 2210 mihi
2405 2149 2608 2211 saltem
2641 2150 3084 2229 gratiiicemini,
3109 2161 3170 2212 ut
3198 2152 3546 2232 signiﬁcetis
3567 2156 3706 2237 qui-

2058 2237 2307 2300 busnam
2342 2238 2847 2300 incantationibus
2881 2239 3002 2319 igni
3025 2247 3138 2300 vim
3160 2242 3442 2307 adimitis.
3480 2244 3569 2307 llli
3593 2262 3704 2306 au-

2058 2338 2173 2389 tem
2212 2347 2227 2391 :
2256 2327 2382 2390 Non
2414 2328 2945 2398 incantationibus.
2981 2329 3324 2407 dixerunt,o
3356 2332 3701 2414 imperator,

2055 2418 2157 2479 sed
2187 2418 2314 2480 sola
2345 2418 2499 2498 ejus,
2524 2419 2622 2499 qui
2653 2418 2822 2492 dixit,
2860 2419 3278 2498 promissione:
3315 2423 3564 2486 Etiamsi
3595 2439 3706 2503 per

2057 2514 2252 2587 ignem
2281 2509 2818 2583 transeas,ﬁamma
2842 2527 2961 2570 non
2986 2517 3043 2571 te
3063 2510 3377 2574 comburet
3395 2512 3592 2576 9.Hzec
3609 2530 3703 2578 er-

2054 2617 2127 2678 go
2151 2616 2360 2660 rursus
2392 2598 2745 2661 mordebant
2770 2607 2827 2660 et
2859 2599 3013 2661 male
3044 2598 3342 2663 habebant
3373 2603 3702 2685 imperato-

2058 2695 2280 2765 rem,et
2304 2706 2402 2750 eos
2415 2687 2597 2767 jussit
2625 2688 2772 2749 trahi
2809 2687 3071 2768 publice,
3100 2700 3158 2752 et
3178 2691 3432 2753 convelli
3462 2712 3494 2756 a
3525 2694 3705 2758 licto-

2060 2777 2225 2839 ribus
2278 2785 2339 2839 et
2366 2786 2633 2841 extrema
2686 2780 2937 2861 perpeti.
3003 2777 3121 2842 Sed
3172 2781 3298 2844 haec
3351 2802 3589 2866 quoque
3621 2784 3705 2848 illi

2064 2868 2219 2931 male
2240 2878 2574 2932 cesserunt.
2603 2866 2746 2931 Nam
2774 2878 2914 2931 tunc
2935 2888 3172 2951 quoque
3194 2872 3367 2934 multi
3390 2892 3459 2935 ex
3485 2874 3707 2937 inﬁde-

2062 2959 2220 3022 libus
2252 2958 2521 3021 videntes
2552 2960 2823 3041 spiritus,
2847 2960 2945 3040 qui
2968 2979 3085 3021 non
3124 2971 3398 3040 poterant
3424 2963 3616 3042 redigi
3646 2965 3708 3029 in

2063 3049 2434 3125 servitutem,
2469 3058 2529 3110 et
2554 3050 2847 3126 animum,
2881 3050 2983 3131 qui
3006 3051 3188 3131 dejici
3222 3053 3558 3134 etdeprimi
3589 3073 3711 3117 non

325 3142 459 3219 μιδῇ
523 3141 813 3213 πνέουσαν,
850 3141 977 3199 αὐτὸ
1037 3140 1098 3195 τὸ
1141 3138 1414 3217 μέγιστον,
1462 3138 1770 3216 ἀνθρώπουν
1815 3136 1976 3194 ἑλκο-

2066 3149 2311 3222 poterat,
2336 3139 2629 3221 planeque
2660 3139 2934 3201 ﬁduciam
2970 3140 3232 3220 spirabat
3253 3150 3311 3203 et
3343 3142 3707 3221 libertatem,

325 3233 524 3302 μένους
586 3236 791 3309 πικρῶς
824 3232 911 3287 καὶ
964 3229 1437 3308 σπαρασσομὲνους
1482 3232 1570 3285 καὶ
1614 3230 1664 3285 τί
1710 3234 1813 3285 τῶν
1869 3228 1983 3287 δει-

322 3326 428 3379 νῶν
494 3322 571 3398 μὴ
641 3322 988 3400 πάσχοντας,
1034 3320 1124 3376 καί
1185 3318 1215 3373 ύ
1276 3319 1439 3393 μόνον
1495 3319 1592 3374 οὐκ
1664 3317 1979 3397 ἐνδιδόντας,

327 3410 472 3468 ἀλλὰ
527 3412 616 3469 καὶ
678 3410 1091 3490 ἂκμαιοτέρους,
1137 3409 1294 3467 οἰονεί
1366 3409 1705 3487 γινομένους,
1763 3410 1982 3491 θάρσους

326 3522 389 3558 τε
447 3500 953 3574 ὕποπιπλαμέθους,
1007 3501 1094 3555 καὶ
1168 3498 1330 3555 αότοῦ
1398 3500 1836 3576 περιγινομένους
1893 3506 1986 3556 τοῦ

329 3589 622 3669 βασιλέως
687 3598 851 3648 ταῦτα
885 3591 1112 3669 ὁρῶντες
1174 3589 1273 3659 τήν
1307 3609 1367 3644 τε
1421 3589 1647 3667 πάτριον
1690 3588 1986 3663 ἐξώμνυντο

325 3683 639 3759 θρησκείαν,
675 3682 765 3737 καὶ
809 3682 995 3743 αὐτοῖς
1040 3701 1098 3735 τε
1160 3682 1246 3735 καὶ
1291 3685 1368 3753 τῷ
1411 3677 1499 3735 ὑπ’
1565 3678 1737 3736 αὐτῶν
1779 3701 1984 3759 κηρυτ-

326 3770 541 3848 τομένῳ
575 3777 790 3850 Χριστῷ
822 3770 1221 3849 προσετίθεντο.

413 3948 550 4010 OB'.
585 3947 815 4031 Ἀπορίᾳ
842 3955 968 4027 γοῦν
1012 3949 1274 4007 πάντοθεν
1321 3951 1677 4029 περισχεθεὶς
1710 3946 1983 4023 Μαξιμια-

331 4042 448 4121 νὸς,
484 4042 671 4104 αὐτοῖς
734 4042 808 4106 ὡς
837 4041 1002 4120 εῒχον
1034 4038 1281 4121 δεσμοῖς,
1314 4046 1383 4117 τῇ
1426 4038 1637 4119 φυλακῇ
1666 4039 1790 4101 τοὺς
1844 4038 1987 4116 μάρ-

333 4153 493 4211 τυρας
542 4128 751 4203 δίδωσι,
806 4129 1061 4208 τέταρτον
1104 4128 1223 4192 ἔτος
1282 4129 1468 4191 αὖτοὺς
1506 4131 1567 4185 τὸ
1622 4126 1988 4206 δεσμωτήριον

334 4223 507 4278 οἰκεῖν
540 4220 889 4298 κατακρίνας·
938 4219 1005 4277 Εῗ
1038 4242 1177 4292 πως,
1212 4221 1364 4300 φησὶ,
1397 4218 1493 4276 κᾶν
1536 4221 1563 4275 ὁ
1608 4217 1804 4295 μεταξὺ
1847 4218 1985 4298 χρό-

337 4333 426 4377 νος
470 4310 729 4368 ὒπολύσει
761 4313 853 4367 τὸν
882 4310 1039 4367 τόνον
1068 4310 1282 4384 αὖτοῖς,
1314 4311 1403 4367 καὶ
1434 4310 1533 4376 τῆς
1585 4310 1880 4387 προθυμίας
1927 4308 1988 4365 τὸ

337 4401 623 4479 διάθερμον
682 4398 969 4475 ἁμϐλυνεῖ.
1006 4398 1153 4456 Ἀλλ’
1213 4399 1280 4467 ἧν
1332 4399 1654 4464 ἆπεναντίας
1707 4404 1769 4476 τῇ
1816 4397 1989 4455 ἑλπίδι

333 4493 402 4548 τὰ
433 4492 847 4560 circumﬂectitur:
881 4491 975 4547 τόν
1017 4511 1075 4545 τε
1113 4490 1208 4567 γὰρ
1240 4488 1435 4563 μεταξὺ
1494 4512 1692 4571 χρονον
1737 4489 1990 4570 εὒψύχως

2069 3239 2128 3293 et
2157 3232 2270 3293 hoc
2293 3231 2453 3307 quod
2475 3240 2566 3291 est
2582 3230 3217 3309 maximum,homines
3232 3233 3330 3313 qui
3355 3233 3572 3297 acerbe
3597 3245 3711 3298 tra-

2070 3320 2362 3384 hebantur
2379 3328 2437 3381 et
2458 3318 2969 3394 convellebantur,
2999 3329 3055 3382 et
3078 3322 3219 3402 quid
3243 3342 3360 3385 non
3392 3343 3567 3403 grave
3601 3345 3712 3406 pa-

2072 3412 2398 3483 tiebantur,
2426 3424 2481 3472 et
2507 3430 2626 3472 non
2652 3410 2843 3471 solum
2881 3430 3000 3473 non
3031 3413 3345 3491 cedebant,
3377 3418 3480 3478 sed
3504 3435 3714 3480 evase-

2068 3511 2200 3564 rant
2252 3500 2700 3578 quodammodo
2749 3499 3117 3563 robustiores
3163 3513 3222 3565 et
3270 3505 3624 3585 vegetiores,
3660 3515 3717 3569 et

2070 3592 2231 3673 pleni
2281 3598 2451 3652 erant
2481 3591 2720 3666 ﬁducia,
2754 3601 2812 3652 et
2863 3591 3224 3673 superabant
3281 3595 3476 3676 ipsum
3526 3596 3717 3678 impe-

2070 3690 2327 3743 ratorem
2365 3696 2380 3751 ;
2415 3680 2541 3741 haec
2570 3679 2930 3752 videntes,et
2959 3685 3207 3760 patriam
3235 3684 3714 3763 abjurabautre-

2069 3770 2376 3849 ligionem,
2429 3776 2487 3829 et
2536 3769 2624 3829 eis
2672 3786 2738 3829 se
2786 3767 3206 3848 adiungebant,
3268 3784 3328 3833 et
3375 3775 3454 3853 ei,
3491 3777 3592 3855 qui
3641 3776 3716 3839 ab

2067 3859 2216 3940 ipsis
2250 3856 2709 3937 praedicabatur,
2741 3857 3000 3921 Christo.

2128 3947 2356 4010 LXXII.
2394 3949 2540 4009 Cum
2575 3946 2773 4027 itaque
2796 3948 3031 4010 consilii
3053 3950 3252 4031 inopia
3273 3960 3430 4013 esset
3455 3951 3629 4033 plane
3645 3971 3718 4017 ex

2070 4039 2229 4101 omni
2251 4047 2419 4119 parte
2444 4035 2786 4117 implicatus
2811 4037 3630 4123 Maximianus,martyres,ita
3652 4059 3719 4106 ut

2072 4129 2504 4204 erant,vinctos
2526 4125 2705 4188 tradit
2727 4134 2786 4188 in
2810 4129 3302 4203 custodiam,cum
3323 4150 3425 4193 eos
3446 4133 3718 4196 damnas-

2071 4231 2160 4284 set
2190 4228 2441 4302 quatuor
2461 4236 2649 4279 annos
2673 4217 2942 4282 habitare
2971 4237 3299 4284 carcerem:
3327 4224 3386 4287 Si
3421 4223 3594 4299 forte,
3616 4224 3717 4286 in-

2074 4309 2392 4394 quii,quod
2417 4309 2738 4371 intercedit
2760 4320 3019 4389 tempus,
3041 4312 3116 4374 sit
3140 4330 3347 4374 eorum
3379 4315 3714 4378 soluturum

2074 4401 2496 4480 constantiam,
2523 4400 2902 4480 promptique
2936 4401 3236 4475 etalacris
3256 4405 3441 4466 animi
3473 4405 3718 4468 hebeta-

2078 4502 2275 4555 turum
2300 4491 2889 4554 vehementiam.Sed
2922 4510 2991 4553 ea
3014 4503 3220 4556 contra
3236 4504 3412 4576 atque
3438 4493 3718 4576 sperabat

338 4578 628 4660 διήγαγον,
694 4581 782 4636 καὶ
838 4583 937 4646 τῆς
1008 4565 1333 4657 προθεσμίας
1390 4565 1977 4658 ἤδη-ᾐπαρισταμέθῆς,

2075 4589 2425 4645 evenerunt.
2461 4580 2628 4642 Bono
2652 4580 2812 4641 enim
2837 4591 2894 4642 et
2917 4584 3235 4665 tranquillo
3257 4565 3457 4648 animo
3474 4565 3720 4649 fuerunt

337 4670 581 4747 καθάπερ
657 4669 789 4749 χθὲς
851 4671 934 4726 καί
997 4676 1189 4740 πρώην
1249 4669 1624 4726 κατάκλειστοι
1683 4670 1990 4750 γεγονότες,

336 4758 477 4817 οὕτω
533 4760 729 4839 θερμὸν
763 4760 991 4816 πνέοντα
1051 4761 1144 4816 τὸν
1174 4760 1307 4838 πρὸς
1352 4760 1449 4828 τὴν
1482 4759 1774 4838 ὁμολογίαν
1827 4758 1992 4832 ζῆλον

335 4849 589 4927 ὶτήρουν.
654 4839 712 4906 Ὀ
746 4849 847 4928 γὰρ
903 4850 976 4914 εἰς
1010 4850 1239 4928 Χριστὸν
1282 4849 1443 4914 πόθος
1474 4850 1560 4906 καὶ
1618 4853 1654 4921 ἡ
1686 4855 1793 4906 τῶν
1853 4849 1991 4923 μελ-

336 4938 547 4996 λόντων
579 4935 731 5000 ἐλπὶς
766 4940 840 5000 ὡς
874 4938 1032 4996 οἶκον
1077 4939 1264 5002 αὐτοῖς
1296 4940 1385 4995 καὶ
1414 4938 1677 4995 παλάτιον
1719 4938 1991 5008 πολυτελῆ

343 5032 447 5094 τὴν
509 5027 753 5108 φυλακὴν
814 5030 983 5086 οἰκεῖν
1040 5030 1458 5108 παρεσκεύαζον,
1518 5028 1846 5106 Μαξιμιανὸς
1905 5033 1993 5088 οὖν

342 5117 421 5175 ἔτι
482 5119 571 5174 καὶ
621 5126 784 5181 ταῦτα
830 5119 1035 5200 μαθὼν,
1072 5119 1229 5184 αὐτὸς
1288 5120 1388 5194 μὲν
1439 5119 1559 5185 τοὺς
1604 5122 1734 5197 πρὸς
1767 5120 1995 5185 ἐκείνους

339 5208 559 5287 ἀγῶνας
614 5207 866 5266 ὑπελθεῖν
919 5209 1074 5275 αὖθις
1115 5209 1508 5289 ἀπαγορεύσας,
1553 5210 1841 5267 ἐσκέπτετο
1895 5210 1994 5267 τίνι

340 5296 543 5354 λοιπὸν
606 5296 797 5364 αὐτούς
856 5301 1262 5377 παραπέμψειε,
1296 5299 1599 5380 πρόσχημα
1643 5300 1742 5374 μὲν
1800 5302 1874 5364 ὡς
1928 5300 1997 5356 δι’

2073 4677 2388 4753 interea,et
2413 4670 2683 4750 cumjam
2713 4680 2947 4750 tempus
2968 4673 3203 4736 adesset
3229 4677 3720 4759 praeﬁnitum,pe-

2072 4764 2248 4828 rinde
2292 4782 2361 4823 ac
2403 4763 2451 4823 si
2495 4761 2705 4822 fuisset
2741 4761 2955 4823 inclusi
2994 4763 3126 4825 heri
3162 4774 3219 4827 et
3261 4768 3715 4849 nudiustertius,

2075 4873 2274 4919 acrem
2302 4862 2359 4914 et
2382 4851 2796 4913 vehementem
2822 4857 3135 4917 servabant
3156 4856 3348 4918 zelum
3380 4858 3454 4921 ad
3482 4860 3720 4922 confes-

2077 4947 2332 5008 sionem.
2359 4940 2736 5003 Desiderium
2763 4941 2922 5004 enim
2948 4944 3004 5005 in
3025 4944 3344 5023 Christum,
3372 4958 3431 5009 et
3457 4968 3593 5030 spes
3624 4951 3714 5012 fu-

2082 5045 2378 5108 turorum,
2403 5031 2747 5096 efﬁciebant
2779 5043 2841 5095 ut
2889 5035 3228 5099 habitarent
3259 5057 3564 5101 carcerem
3599 5057 3720 5099 non

2079 5144 2255 5190 secus
2275 5143 2343 5185 ac
2363 5123 2706 5204 magniﬁcas
2727 5124 2886 5186 aedes
2917 5136 2975 5188 et
2998 5126 3301 5206 palatium.
3328 5128 3719 5191 Maximianus

2082 5235 2221 5294 ergo
2272 5233 2405 5276 eum
2454 5215 2578 5275 haec
2620 5232 2857 5296 quoque
2910 5215 3242 5298 didicisset,
3294 5217 3426 5299 ipse
3475 5217 3718 5296 quidem

2080 5314 2317 5371 recusat
2363 5304 2619 5383 amplius
2668 5305 2981 5387 suscipere
3029 5306 3310 5368 adversus
3364 5327 3466 5370 eos
3524 5318 3720 5371 certa-

340 5384 648 5466 ὕπερὸολήν
704 5388 1082 5464 ἀνοσιότητος,
1130 5388 1245 5448 οὐδὲ
1296 5387 1468 5456 ἀξίους
1519 5389 1673 5454 ὄντας
1718 5390 1977 5468 βασιλικοὶ

2084 5404 2285 5461 mina:
2323 5392 2692 5458 deliberabat
2719 5384 2915 5457 autem
2948 5397 3018 5460 ad
3053 5414 3230 5480 quem
3262 5415 3367 5461 eos
3396 5401 3475 5462 de
3505 5408 3720 5463 caetero

416 5547 454 5603 ο
480 5550 598 5613 Isa.
630 5565 803 5627 XLllI,
849 5551 910 5614 2.

590 5686 850 5750 Ρλτιιοι.
902 5689 1016 5754 Gn.
1063 5690 1248 5757 CXIV

3298 5703 3402 5769 ‘28
