4104 6198
441 298 558 368 875

1724 303 2006 368 MENSIS
2056 301 2510 369 JANUARIUS.

444 439 912 515 transmitteret,
942 446 1228 521 praetextu
1259 436 1523 518 quidem,
1559 436 1714 516 quod
1749 449 1992 517 propter
2013 439 2099 500 in-

3716 303 3828 371 876

2123 442 2450 516 Αβήματος,
2483 445 2517 509 ἡ
2575 441 2620 496 δ’
2655 441 2860 509 ἀληθὴς
2923 445 3061 499 αἰτία
3096 442 3279 521 ὅτιπερ
3336 444 3548 509 ἀπάσης
3605 443 3821 518 ἐπαγω-

445 529 680 609 signem
731 529 1118 610 impietatem,
1155 545 1230 588 ue
1283 527 1666 605 imperatoris
1697 527 1938 606 quidem
1999 547 2061 589 es

2181 533 2286 607 γῆς
2330 532 2624 603 ἀνωτὲρους
2673 534 2860 609 εὑρὼν,
2900 534 2984 588 καὶ
3039 535 3176 607 μήτε
3209 533 3418 610 ἀγαθῶν
3475 533 3824 609 ἐπαγγελίαις

441 628 574 681 sent
605 618 770 697 digni
805 617 1112 689 tribunali;
1151 635 1286 678 vera
1318 624 1516 678 autem
1552 634 1729 677 causa
1760 624 1908 694 erat,
1941 637 2069 698 quo:

2179 621 2574 699 ὑπαγομένους,
2610 625 2749 694 μήτε
2805 628 2984 677 κακῶν
3046 624 3328 702 ἐπιφοραῖς
3384 622 3819 697 καμπτομένους,

439 726 577 770 cum
612 726 717 769 eos
740 708 1072 769 invenisset
1105 705 1386 768 omnibus
1419 725 1520 767 eos
1552 706 1877 767 inducendi
1908 709 2069 769 ratio

2177 710 2336 768 ὤκνει
2399 716 2498 779 τὴν
2559 715 2631 772 εἰς
2695 713 2767 768 ἔτι
2813 714 2943 790 πρὸς
3005 715 3188 779 αὖτοὺς
3248 713 3589 788 συμπλοκὴν,
3624 715 3683 769 τὸ
3729 713 3820 769 εὖ·

435 795 612 859 nibus
647 816 1012 878 superiores,
1049 805 1108 859 et
1159 815 1355 878 neque
1387 797 1589 858 induci
1622 795 1914 858 bonorum
1952 816 2069 872 pro!

2179 802 2331 878 γενές
2394 806 2565 860 αὐτῶν
2625 804 2709 858 καὶ
2765 803 3127 860 ἀταπείνωτον
3181 811 3272 860 τοῦ
3323 807 3662 883 φρονήματος
3721 825 3818 858 τα-

437 887 848 965 missionibus,
912 906 1113 966 neque
1171 889 1332 951 ﬂecti
1397 888 1684 950 malorum
1750 887 2088 961 insultibus,

427 975 753 1039 verebatur
777 977 972 1040 adhuc
1006 996 1218 1040 manus
1245 998 1378 1040 cum
1411 982 1499 1041 eis
1529 995 1874 1052 conserere,
1909 996 2088 1057 gene-

2178 891 2392 947 πεινοῦν
2454 897 2594 967 αὖτῷ
2628 895 2727 960 τὴν
2783 891 2936 964 δόξαν
2965 895 3048 950 καὶ
3104 893 3486 968 ὑποτέμνεσθαι
3519 894 3609 948 τὸν
3658 891 3820 969 ὄγκον

2175 980 2587 1056 ὑπολαμϐάνων,

424 1083 657 1141 rosum,
683 1076 741 1130 et
769 1068 872 1149 qui
922 1067 1176 1150 deprimi
1211 1089 1331 1132 non
1365 1077 1621 1151 poterat,
1655 1086 1862 1130 eorum
1895 1069 2175 1148 spiritum
2227 1071 2358 1150 ejus
2390 1070 2732 1152 deprimere
2765 1071 3012 1152 gloriam
3066 1079 3126 1134 et
3155 1070 3375 1153 aliquid
3419 1071 3494 1132 de
3528 1071 3820 1150 magnitu-

425 1154 570 1220 dine
599 1156 924 1223 detrahere
953 1159 1327 1224 existimans.

1905 1318 2151 1384 CAPUT
2203 1319 2332 1386 XII.

1325 1487 1378 1549 Α
1413 1485 1784 1566 praesidibus
1810 1482 2137 1545 Sacerdote
2179 1491 2235 1544 et
2275 1483 2546 1548 Maximo
2589 1490 2920 1548 intentata.

504 1657 763 1725 LXXIII.
797 1660 866 1724 Ei
891 1669 1086 1724 autem
1117 1661 1206 1723 sic
1230 1660 1586 1722 deliberanti
1617 1659 1863 1720 aderant
1895 1655 2060 1717 multi

2228 1650 2352 1722 Ol".
2416 1659 2569 1717 Οὕτω
2625 1659 2678 1716 δὲ
2711 1665 2854 1736 αὐτῷ
2913 1661 3269 1736 σκεπτομένῳ
3313 1671 3559 1738 παρῆσαν
3620 1659 3810 1719 πολλοὶ

421 1763 656 1825 quoque
679 1754 775 1810 alii
799 1755 974 1811 simul
994 1754 1367 1824 magisrratus
1383 1763 1436 1808 et
1458 1754 1725 1822 praesides
1738 1755 1832 1822 qui
1849 1764 1915 1806 ex
1933 1748 2074 1806 mul-

418 1840 498 1896 tis
518 1847 915 1896 convenerant
937 1840 1275 1910 provinciis.
1311 1839 1466 1894 Inter
1493 1852 1640 1905 quos
1659 1847 1778 1892 erat
1804 1838 1972 1892 etiam
1993 1836 2070 1903 (4)

421 1921 852 2005 Sacerdosqui
875 1925 1260 2005 eratquideui
1297 1924 1635 2005 principatu
1666 1921 1940 2000 insignis,
1965 1920 2069 1981 sed

420 2027 554 2080 erat
586 2019 762 2095 longe
786 2020 1088 2100 impietate
1121 2020 1430 2097 insigninr,
1459 2028 1518 2080 et
1541 2017 1758 2078 multos
1779 2015 2069 2077 Christia-

421 2125 536 2170 nos
561 2109 766 2172 multis
795 2128 954 2190 saepe
989 2120 1044 2173 et
1083 2110 1261 2171 variis
1291 2109 1632 2188 subjecerat
1660 2107 1966 2188 supplicis.
2002 2105 2071 2167 Ei

421 2199 664 2260 mandat
695 2200 1090 2262 Maximianus
1139 2200 1538 2279 cognitionem
1573 2198 1648 2259 de
1686 2196 2066 2276 martyribus.

417 2288 562 2348 Cum
595 2297 791 2350 autem
831 2290 1231 2366 persuadendi
1259 2308 1470 2368 magna
1496 2290 1554 2351 vi
1579 2297 1738 2349 esset
1761 2287 2064 2367 praeditus,

415 2389 470 2437 et
495 2381 564 2437 ad
600 2381 924 2439 illiciendas
959 2385 1258 2440 hominum
1284 2393 1504 2439 mentes
1539 2383 1741 2438 anim
1765 2380 2054 2453 egregius,

415 2477 474 2528 et
499 2465 720 2550 alioqui
755 2469 1029 2531 studeret
1051 2469 1391 2542 ostendere,
1418 2485 1522 2530 eos
1551 2466 1650 2548 qui
1674 2466 1870 2548 ipsum
1898 2485 2054 2544 prae-

415 2567 747 2640 cesserant,
783 2579 902 2620 non
935 2577 1006 2622 ex
1039 2569 1360 2640 martyrum
1395 2558 1581 2618 animi
1621 2556 2050 2633 magnitudine,

417 2647 522 2710 sed
551 2667 618 2710 ex
649 2668 756 2711 sua
789 2650 984 2730 potius
1013 2649 1397 2730 simplicitate
1431 2648 1548 2709 illis
1575 2646 1899 2727 praebuisse
1931 2647 2051 2708 vic-

408 2739 876 2813 toriam,sedens
899 2741 958 2800 in
985 2738 1269 2800 tribunali
1295 2738 1586 2809 effecit,ut
1605 2737 1711 2796 viri
1736 2736 2055 2814 illiegregii

415 2844 614 2888 coram
650 2847 715 2890 se
744 2828 1123 2908 sisterentur,
1160 2838 1216 2889 et
1259 2829 1416 2888 varie
1461 2846 1594 2889 cum
1630 2827 1714 2886 eis
1746 2829 2055 2887 decertare

407 2924 498 2977 est
543 2935 883 2996 aggressus,
917 2917 1092 2978 modo
1126 2917 1367 2997 quidem
1421 2917 1668 2977 lenitate
1699 2924 1755 2975 et
1788 2920 2056 2994 pecuniae

2156 1749 2254 1820 μὲν
2285 1750 2380 1805 καὶ
2414 1749 2566 1806 ἄλλοι
2620 1751 2881 1829 ἄρχοντες
2911 1752 3023 1824 ἅμα
3057 1754 3141 1808 καὶ
3179 1753 3440 1828 ἡγεμόνες
3476 1752 3536 1808 ἐκ
3585 1749 3803 1808 πολλῶν

2155 1839 2490 1902 συνελθόντες
2523 1842 2826 1919 ἐπαρχιῶν⁹
2862 1841 2916 1896 ἐν
2947 1842 3000 1898 δὲ
3031 1840 3096 1910 δὴ
3126 1844 3216 1898 καὶ
3260 1841 3564 1914 Σακερδὼς,
3606 1841 3800 1918 ἐπιφα-

2154 1929 2248 1994 νὴς
2295 1929 2392 2002 μὲν
2424 1929 2524 1996 τὴν
2567 1932 2884 2008 ἡγεμονίαν,
2921 1931 3331 2011 ἐπιφανέστερος
3380 1930 3432 1986 δὲ
3479 1929 3663 2004 πολλῴ
3707 1931 3805 1998 τὴν

2157 2017 2424 2091 ἀσέϐειαν,
2462 2021 2549 2075 καὶ
2582 2018 2808 2079 πολλοὺς
2839 2022 2944 2076 τῶν
2975 2027 3303 2096 Χριστιανῶν
3336 2018 3566 2083 πολλαῖς
3591 2017 3806 2076 πολλά-

2156 2129 2237 2169 κις
2273 2111 2553 2185 τιμωρίαις
2577 2110 2666 2164 καὶ
2698 2108 2966 2170 ποικίλαις
3002 2108 3303 2166 ὀποϐαλών.
3339 2110 3519 2183 Τούτῳ
3544 2107 3802 2183 Μαξιμια-

2155 2198 2242 2260 νὸς
2299 2201 2364 2254 τὰ
2408 2201 2546 2255 κατὰ
2574 2202 2695 2261 τοὺς
2756 2201 3024 2277 μάρτυρας
3081 2199 3374 2276 ἐπιτρέπει’
3405 2197 3569 2264 δεινὸς
3613 2195 3667 2253 δὲ
3723 2197 3797 2253 ὢν

2152 2289 2238 2344 καὶ
2270 2304 2456 2345 πεῖσαι
2520 2291 2603 2344 καὶ
2633 2288 2932 2362 ὑποκλέψαι
2978 2290 3195 2366 γνώμας
3244 2287 3444 2367 ἀνδρῶν
3491 2287 3797 2344 πιθανώτα-

2148 2400 2259 2452 τος,
2297 2377 2475 2442 ἄλλως
2512 2401 2568 2436 τε
2629 2376 2681 2433 δὲ
2712 2381 2800 2434 καὶ
2845 2381 2964 2442 τοὺς
3010 2381 3112 2455 πρὸ
3147 2381 3306 2436 αύτοῦ
3336 2377 3502 2443 δεῖξαι
3551 2375 3796 2457 φιλονει-

2143 2467 2276 2540 κῶν,
2325 2470 2418 2524 οὒκ
2475 2470 2535 2524 ἐκ
2592 2473 2690 2533 τῆς
2750 2475 2857 2523 τῶν
2912 2471 3191 2546 μαρτύρων
3251 2467 3519 2543 ἀνόρεῖας,
3569 2463 3689 2522 ἀλλ’
3736 2467 3801 2522 ἐκ

2140 2558 2238 2624 τῆς
2271 2560 2471 2614 ἑαυτῶν
2511 2556 2718 2632 μᾶλλον
2750 2556 3001 2634 ἀφελείας
3033 2566 3183 2631 νικᾷν
3234 2559 3456 2622 ἐκείνοις
3489 2578 3786 2636 παρασχο-

2143 2647 2359 2723 μένους,
2424 2649 2538 2703 ἐπεὶ
2601 2653 2692 2702 τοῦ
2758 2648 3002 2722 βήματος
3057 2647 3379 2726 προκαθίσας
3455 2647 3790 2721 παρέστησεν

2143 2737 2283 2808 αὸτῷ
2340 2737 2462 2800 τοὺς
2534 2742 2834 2812 γενναίους,
2896 2739 3153 2802 ποικίλως
3227 2737 3414 2812 μετῄει
3486 2739 3585 2804 τὴν
3657 2738 3788 2813 πρὸς

2142 2827 2326 2888 αὖτοὺς
2386 2825 2728 2900 συμπλοκήν
2777 2825 2892 2903 ἄρτι
2946 2828 3046 2902 μὲν
3104 2827 3361 2898 ἐπιεικείᾳ
3416 2829 3500 2882 καὶ
3558 2827 3785 2905 χρημά-

2139 2936 2245 2970 των
2305 2914 2666 2994 ἐππαγγελίᾳ,
2741 2916 2856 2994 ἁρτι
2923 2915 2976 2972 δὲ
3051 2917 3305 2994 αὐστηρίᾳ
3377 2918 3464 2972 καὶ
3537 2917 3784 2994 πονηρῶν

409 3006 1020 3086 promissione,modo
1046 3025 1187 3066 vero
1219 3005 1542 3068 acerbitate
1561 3014 1618 3067 et
1649 3005 1827 3064 minis
1851 3023 2048 3065 rerum

2137 3003 2357 3083 ἀπειλῇ,
2393 3015 2479 3063 νῦν
2522 3005 2798 3077 κολακείᾳ,
2833 3008 2920 3062 νῦν
2969 3007 3126 3084 ὀργῇ,
3163 3008 3257 3062 καί
3318 3005 3474 3062 τοῧτο
3502 3005 3602 3080 μὲν
3660 3006 3781 3061 πεί-

407 3093 724 3168 malarum,
761 3114 920 3156 nunc
953 3095 1280 3168 blanditiis,
1321 3115 1478 3156 nunc
1529 3094 1960 3171 indignatione,
1995 3106 2053 3155 et

407 3185 625 3265 partim
658 3184 900 3266 quidem
926 3204 1271 3265 asperarum
1296 3205 1496 3246 rerum
1523 3184 2052 3264 experientia,par-

406 3273 509 3336 tim
529 3283 724 3336 autem
761 3275 995 3355 iis,quze
1030 3274 1832 3356 praacesserant,adhibendo
1867 3275 2051 3334 medi-

406 3363 600 3426 cinam
637 3374 914 3443 tanquam
941 3383 1010 3425 ex
1041 3364 1416 3445 paenitentia.
1451 3368 1738 3426 Czeterum
1771 3383 1904 3423 cum
1937 3363 2048 3442 pri-

406 3472 570 3515 mum
596 3454 740 3516 fecit
769 3461 831 3513 ut
853 3455 1211 3515 sisterentur
1242 3464 1550 3534 martyres:
1578 3453 2044 3534 Adeste,inquit,

399 3543 472 3605 ad
501 3543 1092 3619 Sacerdotem,quem
1124 3544 1321 3604 nullus
1350 3545 1550 3622 effugit
1573 3563 1642 3604 ex
1663 3544 2042 3620 Christianis,

401 3633 502 3714 qui
527 3636 781 3696 Pontum
809 3632 1074 3694 habitant
1105 3635 1496 3697 etGalatiam:
1533 3635 1634 3696 sed
1669 3635 1883 3695 multos
1909 3636 2040 3712 qui-

395 3722 532 3786 dem
561 3742 896 3804 persuasos,
933 3723 1264 3785 honoribus
1295 3725 1467 3786 alfeci
1501 3736 1557 3785 et
1589 3724 1957 3798 muneribus,
1986 3734 2044 3786 et

391 3813 696 3894 diis,quod
723 3813 964 3894 quidem
1002 3823 1089 3874 est
1115 3813 1438 3876 maximum
1471 3814 1848 3876 reconciliavi
1874 3824 1930 3875 et
1963 3815 2042 3876 ef-

387 3903 500 3967 feci
531 3904 903 3976 familiares;
941 3904 1158 3964 multos
1210 3923 1350 3966 vero
1382 3923 1454 3966 ex
1503 3905 1599 3978 iis,
1634 3905 1728 3984 qui
1759 3923 1878 3964 non
1929 3924 2037 3981 pa-

383 4005 657 4068 ruerunt,
685 3995 845 4056 ferro
879 4002 937 4053 et
959 3994 1092 4072 igne
1127 3996 1498 4074 consumpsi,
1526 4004 1584 4055 et
1616 3997 1790 4055 morti
1822 3995 2038 4063 tradidi

393 4083 821 4146 acerbissimae.
861 4081 967 4144 Cui
1026 4083 1265 4162 quidem
1304 4104 1403 4144 vos
1434 4103 1670 4164 quoque
1731 4095 2028 4164 parentes,

380 4175 732 4243 sacriﬁcate,
767 4180 826 4232 ut
861 4190 966 4250 pro
1004 4173 1278 4252 portione
1311 4183 1394 4235 tot
1435 4175 1749 4248 malorum,
1785 4194 1916 4254 quae
1949 4184 2031 4238 tot

381 4279 576 4324 annos
607 4261 900 4341 patimini,
928 4279 1029 4322 vos
1061 4261 1237 4323 bonis
1269 4262 1569 4326 fruamini.

429 4353 750 4413 LXXIV.Ad
779 4355 895 4410 haec
915 4358 1182 4444 diXerunt
1205 4356 1524 4425 sanctizQui
1549 4373 1655 4416 nos
1680 4373 1783 4429 pro
1803 4363 2027 4416 meritis
2048 4393 2094 4444 ο

369 4451 456 4500 est
479 4451 962 4499 remuneraturus
986 4453 1034 4498 et
1063 4443 1476 4505 honoraturus.
1504 4457 1586 4500 ιιει
1607 4445 1887 4512 Christus,
1916 4449 2018 4518 qui

371 4525 530 4589 dona
554 4527 735 4588 habet
771 4535 884 4588 tam
923 4527 1296 4609 excellentia,
1331 4540 1394 4589 ut
1426 4547 1500 4591 ne
1526 4531 1834 4608 condigna)
1877 4532 2016 4610 qui-

374 4620 511 4683 dem
538 4622 658 4682 sint
699 4622 878 4698 hujus
907 4622 1105 4682 saeculi
1138 4623 1444 4701 passiones
1475 4625 1542 4684 ad
1580 4625 1851 4701 gloriam,
1888 4646 2018 4705 quae

367 4719 457 4772 est
480 4711 540 4772 in
561 4708 736 4771 nobis
752 4708 826 4770 ab
847 4709 976 4791 ipso
1001 4711 1342 4773 revelanda.
1372 4712 1622 4794 Propter
1642 4734 1772 4794 quae
1795 4717 2014 4777 Sacer-

361 4799 471 4862 dos
490 4819 640 4881 quos
667 4799 805 4862 fecit
829 4800 1104 4863 similiter
1127 4804 1198 4863 iis
1216 4805 1314 4884 qui
1350 4815 1800 4885 praecesserant,
1829 4814 1886 4867 et
1910 4825 2014 4867 eos

353 4891 539 4972 jussit
561 4891 709 4953 caedi
733 4890 792 4952 in
814 4890 1105 4972 humeris,
1139 4892 1329 4954 donec
1359 4894 1445 4955 eis
1477 4894 1603 4975 ipsa
1652 4914 1786 4956 ossa
1821 4896 2012 4977 aperi-

2135 3116 2198 3172 ρᾳ
2229 3095 2334 3149 τῶν
2395 3093 2680 3173 ἀλγεινῶν,
2714 3102 2872 3152 τοῦτο
2917 3095 2971 3151 δὲ
3031 3097 3283 3170 θεραπείᾳ
3315 3099 3420 3153 τῶν
3477 3092 3777 3174 προλαϐόν-

2133 3205 2240 3240 των
2271 3186 2344 3248 ὼς
2376 3183 2436 3240 ἐκ
2489 3185 2775 3259 μετανοίας
2810 3187 3235 3264 προσγινομένῃ,
3273 3184 3422 3253 Πλὴν
3455 3184 3581 3240 ἀλλ’
3617 3188 3689 3248 ὡς
3723 3188 3781 3241 τὸ

2132 3279 2346 3351 πρῶτον
2431 3274 2552 3336 τοὺς
2639 3275 2905 3353 μάρτυρας
2992 3278 3392 3353 πάρεστήσατο,
3477 3274 3776 3354 Σακερδῶτι

2133 3364 2481 3442 παρίστασθε,
2516 3363 2685 3442 λέγει,
2722 3364 2780 3420 ὃν
2830 3364 3006 3430 οὐδεῖς
3070 3373 3399 3444 Χριστιανῶν
3429 3371 3536 3421 τῶν
3586 3388 3776 3422 κατομ-

2130 3455 2367 3510 κούντων
2431 3455 2632 3510 Πόντον
2681 3457 2767 3511 καὶ
2828 3455 3089 3513 Γαλατίαν
3149 3455 3414 3536 διέφυγεν
3463 3453 3601 3510 ἀλλά
3633 3455 3769 3512 πολ-

2130 3543 2252 3607 λοὺς
2313 3545 2411 3620 μὲν
2443 3545 2744 3608 πεισθέντος
2807 3547 2892 3602 καὶ
2925 3553 3096 3622 τιμῶν
3155 3547 3356 3614 ἠξίωσα
3388 3547 3476 3603 καὶ
3535 3543 3766 3623 δωρεῶν,

2126 3636 2214 3690 καὶ
2267 3639 2438 3708 θεοῖς,
2498 3636 2622 3712 τόγε
2685 3643 2900 3709 μεῖζον,
2962 3634 3270 3706 κατήλλαξα
3341 3636 3430 3691 καὶ
3499 3636 3765 3708 ᾠκείωσα·

2127 3723 2359 3787 πολλοὺς
2418 3722 2472 3779 δὲ
2502 3725 2605 3780 τῶν
2666 3726 3072 3791 ἀπειθησάντων
3118 3724 3245 3802 πυρί
3297 3722 3390 3779 καὶ
3425 3722 3626 3800 σιδήρῳ
3668 3725 3766 3780 ἀν-

2124 3812 2359 3884 αλώσας,
2411 3815 2497 3869 καὶ
2555 3813 2765 3885 θανάτῳ
2809 3811 3077 3892 παρέδοκα
3128 3813 3381 3894 χαλεπῷ·
3437 3813 3482 3887 ᾧ
3537 3834 3600 3889 γε
3643 3834 3762 3870 πει-

2122 3906 2334 3968 σθέντες
2385 3905 2469 3960 καὶ
2529 3902 2682 3960 αὐτοὶ
2741 3905 2955 3979 θύσατε,
2990 3907 3064 3968 ὡς
3117 3904 3178 3958 ἂν
3235 3903 3510 3982 ἀναλόγως
3564 3906 3637 3959 ῶν
3680 3903 3761 3960 ἐπὶ

2122 3996 2403 4059 τοσούτους
2450 3993 2680 4073 χρόνους
2709 3993 2978 4062 ὑπέστητε
3028 3997 3231 4068 κακῶν,
3268 3995 3478 4073 ἀγαθῶν
3522 3993 3762 4053 ἀπολαύ-

2119 4105 2286 4142 σοιτε.

2193 4362 2304 4416 ΟΔ,
2353 4355 2488 4432 Πρὸς
2523 4362 2687 4412 ταῦτα
2744 4355 2792 4411 οἱ
2823 4352 2994 4432 ἅγιοι·
3041 4357 3100 4412 ⁴Ο
3147 4351 3359 4428 μιλλων
3391 4355 3534 4429 ἡμᾶς
3595 4351 3752 4420 ἀξίως

2107 4441 2419 4499 ἀπείϐεσθαι
2493 4443 2578 4498 καὶ
2653 4450 2837 4518 τιμᾷν,
2915 4444 3141 4524 Χριστός
3213 4443 3383 4517 ἐστιν,
3455 4447 3610 4500 εἷπον
3694 4445 3751 4508 ὃς

2104 4535 2369 4600 τοσαύτην
2423 4531 2543 4612 ἔχει
2586 4533 2693 4588 τῶν
2740 4531 2950 4611 δωρεῶν
3004 4535 3102 4601 τὴν
3145 4531 3447 4608 ὑπερϐολὴν
3494 4535 3567 4597 ὡς
3614 4530 3750 4608 μηδὲ

2103 4621 2218 4688 ἄξια
2278 4645 2370 4679 του
2427 4630 2513 4679 νῦν
2558 4630 2741 4699 καιροῦ
2788 4625 2854 4679 τὰ
2896 4625 3190 4698 παθήματα
3245 4623 3411 4698 εἶναι,
3474 4624 3607 4696 πρὸς
3650 4623 3750 4689 τὴν

2101 4711 2402 4781 μέλλοδσαν
2475 4715 2610 4788 ἡμῖν
2681 4712 3123 4793 ἀποκαλυφθῆναι
3169 4709 3297 4791 παρ’
3358 4715 3516 4772 αὖτοῦ
3568 4711 3743 4778 δόξαν.

2101 4800 2218 4881 Ἐφ’
2301 4803 2391 4867 οἷς
2456 4803 2544 4857 καὶ
2605 4800 2884 4880 Σακερδὼς
2947 4815 3065 4866 τοῖς
3137 4799 3491 4880 προλαϐοῦσιν
3548 4804 3745 4877 ὁμοίως

2102 4893 2294 4971 ἐποίει,
2329 4892 2418 4948 καὶ
2447 4890 2648 4958 ξέεσθαι
2697 4891 2882 4954 αὐτοὺς
2916 4893 3052 4948 κατὰ
3095 4897 3204 4949 τῶν
3252 4891 3417 4968 ὥμων
3475 4891 3738 4972 ἐκέλευεν,

357 4983 748 5045 rentur.Cum
773 4991 971 5043 autem
999 4981 1364 5063 martyribus
1386 4984 1700 5064 prresentia
1729 4986 2008 5046 videren-

2137 5005 2256 5061 χρις
2317 4983 2376 5037 ἃν
2424 4984 2511 5038 καὶ
2583 4981 2716 5038 αὔτα
2768 4982 3150 5061 ἐκκαλυφθεῖεν
3217 4985 3404 5046 αὐτοῖς
3476 4984 3542 5038 τὰ
3583 4983 3737 5045 ὀστᾶ.

360 5077 459 5133 tur
500 5090 633 5134 esse
667 5071 842 5146 levia,
875 5072 1049 5152 spina
1073 5091 1311 5152 quoque
1343 5074 1617 5134 similiter
1644 5075 2005 5150 caedebatur,

2097 5076 2245 5132 Ἐπεὶ
2297 5076 2351 5130 ὀέ
2385 5081 2554 5154 κοῦφα
2613 5086 2732 5136 τοῖς
2777 5073 3004 5149 μάρτυσι
3061 5073 3128 5130 τὰ
3159 5073 3395 5151 παρόντα
3457 5073 3619 5150 ἑώρα,
3653 5075 3737 5130 καὶ

361 5161 552 5224 donec
585 5181 618 5223 a
654 5162 1051 5242 prasentibus
1079 5164 1267 5225 oculis
1303 5165 1426 5225 visa
1456 5177 1546 5225 est
1578 5165 1798 5225 ossium
1832 5185 2003 5226 com-

2186 5168 2345 5246 ῥάχις
2402 5178 2515 5227 τοῖς
2574 5163 2794 5238 ξεσμοῖς
2850 5163 3051 5238 ὁμοίως
3110 5160 3333 5243 ἐδίδοτο,
3367 5162 3467 5228 ἕως
3512 5162 3646 5232 αὐτή
3677 5184 3735 5219 τε

354 5252 663 5328 positio,et
687 5261 806 5314 tota
839 5253 1109 5314 dimensa
1141 5263 1231 5312 est
1252 5273 1536 5333 compago
1569 5254 1997 5318 vertebrarum.

2086 5267 2206 5319 τοῖς
2251 5257 2504 5333 παροῦσιν
2571 5253 2871 5332 ὀφθαλμοῦς
2945 5255 2977 5320 ἡ
3039 5253 3280 5317 σύνθεσις
3353 5260 3462 5310 τῶν
3534 5253 3732 5309 ὀστέων

357 5341 662 5406 Sacerdos
709 5362 818 5422 ego
862 5351 975 5404 tam
1027 5360 1244 5402 misere
1300 5352 1357 5402 et
1408 5354 1522 5403 tam
1579 5345 2002 5408 miserabiliter

2133 5349 2263 5425 ραθη
2324 5346 2412 5403 καὶ
2443 5350 2586 5401 πᾶσα
2621 5342 2953 5422 ’διεμετρεῖτο
3011 5341 3116 5399 τῶν
3147 5341 3459 5400 σπονδύλων
3488 5346 3522 5412 ἡ
3555 5344 3730 5422 ἀρμο-

349 5431 542 5494 victus
589 5444 680 5494 est
729 5441 1049 5514 martyrum
1101 5431 1466 5496 fortitudine.
1520 5435 1811 5506 Quocirca
1867 5456 1998 5517 quae

2133 5438 2176 5506 ἤ.
2253 5427 2310 5494 t0
2362 5443 2483 5514 γοῦν
2545 5431 2822 5514 Σακερδὼς
2889 5432 3055 5495 οῧτως
3103 5431 3347 5498 ἐλεεινῶς
3393 5435 3479 5490 καὶ
3538 5431 3728 5497 ἀθλίως

424 5621 506 5700 (4)
537 5619 871 5698 Sacerdon,
912 5620 1215 5703 Σακέρδων,
1249 5621 1310 5683 in
1359 5621 1565 5687 Graeco
1598 5643 1712 5690 ms.
1739 5630 2082 5710 appellatur
2119 5649 2133 5690 :
2170 5628 2512 5707 diciturque
2541 5622 2727 5685 fuisse
2756 5619 2997 5684 Galatiae
3027 5621 3362 5704 praefectus.
