4104 6198
384 306 503 372 879

1675 309 1962 374 MENSIS
2002 307 2452 376 IANUARIUS.

3639 305 3745 373 880

394 444 546 506 Nam
578 442 630 504 si
660 459 796 504 cum
831 442 1004 515 dicis,
1041 443 1146 519 qui
1193 448 1425 504 constat
1454 460 1523 503 ex
1553 440 1776 521 lapide,
1809 441 2038 504 videbis

2125 446 2193 511 ὡς
2238 450 2469 526 ὁρῶμεν,
2513 450 2666 514 οὗτος
2701 468 2717 484 ⁵
2769 450 2799 518 ἢ
2845 452 2959 506 τίνα
3005 450 3190 506 τοῦτον
3234 448 3490 505 ἀθάνατον
3552 447 3751 517 ὀνομά-

394 533 578 614 paulo
613 543 743 614 post
775 535 933 594 hunc
966 533 1070 592 tibi
1102 534 1277 593 deum
1314 531 1716 594 immortalem
1761 533 1854 594 vel
1887 552 2035 594 con-

393 623 680 701 fractum,
714 623 804 682 vel
844 622 1131 700 injectum
1168 620 1228 680 in
1261 620 1608 696 aedilicium,
1645 622 1731 683 vel
1766 630 2036 683 exustum

394 724 454 776 et
486 715 546 775 in
579 713 802 773 calcem
829 719 1318 774 transmntatum.
1349 711 1514 782 Quod
1541 713 1590 772 si
1625 722 1821 774 tecum
1855 714 2036 773 disse-

389 803 509 865 ruit
539 820 766 872 aeneus,
803 802 847 861 is
905 820 1144 881 quoque
1201 803 1321 863 cito
1375 802 1626 882 pulchre
1657 803 1942 864 fundetur
1979 809 2038 862 in

389 910 692 974 vasa.quas
723 889 1072 953 deserviunt
1105 890 1788 973 ministeriis,quomodo
1814 911 2036 954 unum-

393 982 674 1066 quodque
707 999 914 1043 eorum
977 1000 1120 1044 usus
1175 987 1466 1062 exegerit.
1519 981 1665 1043 Cum
1703 982 1828 1043 hinc
1852 982 2040 1043 sancti

396 1072 877 1155 respondissent,
921 1083 983 1134 et
1017 1073 1402 1152 cognovisset
1430 1073 1723 1136 Maximus
1751 1073 1899 1134 nihil
1924 1071 2040 1134 sibi

395 1165 558 1229 aliud
597 1162 892 1244 profuisse
954 1165 1202 1225 omnino
1261 1165 1707 1226 simulationem
1771 1163 1930 1225 illam
1982 1171 2040 1225 et

393 1256 728 1327 fictionem,
763 1271 938 1334 quam
975 1254 1132 1334 quod
1167 1255 1292 1316 suis
1324 1254 1438 1316 diis
1496 1254 1691 1316 labem
1740 1264 1796 1317 et
1830 1273 2038 1316 macu-

393 1345 510 1408 lam
541 1345 853 1416 inusserit,
889 1362 1206 1424 personam
1243 1345 1534 1424 deinceps
1583 1363 1806 1406 exuens
1835 1352 2040 1424 aperte

397 1436 665 1500 ostendit
693 1436 1041 1512 Maximum,
1079 1445 1137 1498 et
1159 1435 1217 1498 id
1247 1436 1406 1516 quod
1438 1442 1586 1512 erat,
1625 1435 1898 1516 protinus
1929 1453 2037 1516 ap-

393 1525 615 1609 paruit.

2119 542 2226 606 ζεις
2261 557 2275 617 ;
2311 541 2400 594 τὸν
2447 538 2686 618 χαλκοῦν
2736 541 2765 607 ἢ
2809 538 3131 596 τὸνελίθινον
3168 558 3184 618 ;
3221 539 3278 596 Εἰ
3310 537 3406 613 μὲν
3451 539 3552 614 γὰρ
3577 538 3668 592 τὸν
3699 535 3756 590 ἐκ

2123 625 2270 684 λίθου
2303 628 2506 709 λέγεις,
2544 629 2664 698 ὄψει
2710 630 2844 705 μετὰ
2888 631 3066 709 βραχὺ
3096 630 3186 684 τὸν
3232 629 3490 684 ἀθάνατόν
3525 648 3603 682 σοι
3634 633 3758 682 τοῦ·

2122 739 2212 773 τον
2241 721 2385 796 θεὸν,
2431 721 2466 787 ἢ
2510 718 2799 776 θλασθέντα
2834 723 2927 776 καὶ
2962 721 3034 783 εἰς
3080 715 3366 791 οἰκοδομὴν
3407 714 3760 794 ἐμϐληθέντα,

2123 807 2155 873 ἢ
2239 808 2554 866 ἐκκαυθέντα
2626 811 2714 866 καὶ
2789 811 2861 872 εἰς
2921 807 3177 865 ἄσϐεστον
3237 807 3759 882 μετασκευασθέντα.

2128 899 2182 954 Εἰ
2243 895 2296 954 δὲ
2350 900 2437 956 καὶ
2492 902 2520 956 6
2555 907 2794 979 χαλκοῦς
2825 921 2911 956 σοι
2958 897 3270 973 διείλεκται,
3324 901 3516 954 Θᾶττον
3572 894 3637 950 ἂν
3679 895 3764 950 iui

2125 989 2282 1052 αὑτὸς
2341 990 2415 1050 εἰς
2485 990 2783 1068 ὑπηρετικὰ
2856 990 3021 1055 σκεύη
3092 987 3272 1054 καλῶς
3334 988 3760 1067 ἆναχωνευοειη,

2127 1076 2274 1143 ὅπως
2319 1077 2380 1134 ἆίν
2411 1078 2635 1137 ἕκαστον
2667 1082 2840 1138 αὑτῶν
2866 1080 3070 1155 ἀπαιτῇ
3101 1080 3167 1134 τὰ
3212 1081 3311 1145 τῆς
3343 1080 3562 1156 χρείας.
3593 1075 3765 1134 Ταῦτα

2124 1173 2230 1222 τῶν
2274 1170 2438 1246 ἁγίων
2482 1170 2947 1248 ἀποκριναμένων,
2981 1170 3138 1248 γνοὺς
3174 1172 3201 1225 6
3259 1168 3497 1244 Μάξιμος
3549 1167 3623 1231 ὣς
3667 1164 3764 1239 ἄρα

2125 1255 2272 1313 οὐδὲν
2318 1257 2494 1338 ἕτερον
2549 1264 2646 1329 τῆς
2708 1261 3035 1338 ὑποκρίσεως
3110 1259 3321 1326 ἐκείνης
3366 1255 3622 1314 ἀπώνατο
3678 1257 3762 1312 καὶ

2123 1355 2214 1404 τοῦ
2255 1349 2593 1430 πλάσματος,
2655 1351 2690 1418 ἢ
2750 1351 2875 1407 ὅσον
2931 1355 3120 1425 μῶμον
3175 1349 3601 1426 προστρίψασθαι
3644 1357 3760 1408 τοῖς

2125 1439 2339 1502 οἰκείοις
2384 1443 2552 1521 Θεοῖς,
2602 1439 2752 1503 ἐκδὺς
2797 1441 2858 1497 τὰ
2914 1453 3256 1518 προσωπεῖον
3286 1438 3507 1511 λοιπὸν,
3537 1434 3760 1516 φανερὸν

2122 1533 2305 1594 αὑτοῖς
2357 1529 2522 1587 ἐποίει
2594 1532 2686 1587 τῖον
2764 1527 3026 1604 Μάξιμον,
3089 1531 3177 1588 καὶ
3234 1529 3367 1608 ὅπερ
3423 1526 3514 1607 ἧν,
3568 1523 3758 1590 εὑθέως

2120 1617 2389 1698 ἐφαίνετο.

473 1801 906 1861 LXXVIIJuhet
928 1802 1123 1870 itaque
1146 1797 1432 1855 obeliscos
1455 1797 1511 1853 in
1537 1806 1793 1854 uti-emo
1815 1802 2037 1861 acutos,

2205 1788 2329 1859 OZ'.
2383 1799 2597 1857 Κελεύει
2644 1807 2770 1879 γοῦν
2833 1797 3138 1864 ὀϐελίσκους
3198 1801 3259 1856 τὸ
3293 1798 3454 1877 ἄκρον
3485 1793 3633 1862 ὀξεῖς
3664 1816 3767 1852 πο·-

396 1891 576 1945 unius
593 1891 749 1957 pedis
767 1885 1449 1959 magnitudinesuperne
1464 1883 1736 1940 habentes
1751 1883 2041 1953 cuspides,

398 1972 578 2050 deligi
611 1973 676 2032 in
712 1979 1026 2046 terram,et
1048 1969 1493 2032 B.Cle:nentem
1519 1971 1796 2048 supinum
1816 1967 2043 2031 acubus

398 2067 478 2127 im
491 2065 1182 2146 positum,crassissimis
1205 2063 1382 2143 lignis
1402 2063 1701 2125 verberari
1725 2066 2040 2128 vehemen-

401 2157 661 2218 tissime:
681 2155 1093 2234 Agathangelo
1110 2165 1305 2216 autem
1326 2153 1386 2214 in
1405 2163 1579 2235 caput
1601 2155 1833 2217 infundi
1853 2155 2041 2235 plum-

399 2247 540 2309 bum
579 2250 714 2326 igne
745 2243 1319 2329 liquefactum.Cum
1355 2261 1499 2324 ergo
1521 2245 1730 2324 jussus
1763 2247 2037 2307 effectum

397 2338 678 2400 celeriter
695 2336 1473 2416 accepisset,magnanimus
1492 2333 1732 2414 quidem
1763 2335 2041 2397 Clemens

399 2438 457 2491 et
489 2429 547 2488 in
585 2437 826 2508 pectore
885 2444 1146 2508 superne
1197 2424 1559 2497 caedebatur,
1617 2434 1674 2486 et
1718 2426 1848 2504 ejus
1882 2434 2042 2506 terga

407 2518 645 2580 inferne
669 2516 953 2578 obeliscis
979 2515 1504 2594 trausfigebantur.
1541 2516 1657 2577 Sed
1684 2535 1758 2577 ne
1780 2516 1864 2578 sic
1898 2519 2038 2595 qui-

404 2609 541 2670 dem
567 2609 768 2670 aniuia
791 2607 928 2668 huic
955 2616 1161 2667 sancto
1179 2605 1528 2666 discedebat
1548 2624 1578 2665 a
1604 2625 1881 2687 corpore.
1918 2605 2040 2668 Ve-

400 2719 499 2761 rax
517 2699 678 2762 enim
707 2710 833 2760 erat
856 2701 956 2778 qui
980 2698 1171 2758 fuerat
1216 2696 1540 2777 pollicitus,
1575 2706 1868 2758 tormenta
1901 2717 2038 2759 eum

401 2809 522 2852 non
543 2808 678 2852 esse
703 2798 1198 2868 superaturamec
1221 2787 1342 2848 ullo
1369 2787 1667 2868 supplicio
1698 2789 1872 2848 vitam
1909 2807 2042 2850 esse

399 2881 745 2942 ﬁniturum.
779 2877 1229 2955 Agathangelus
1251 2895 1390 2938 vero
1410 2878 1537 2958 ipse
1562 2898 1803 2958 quoque
1825 2879 2038 2940 simili-

399 2980 491 3032 ter
519 2969 934 3030 admirabilem
969 2969 1228 3029 ostendit
1279 2968 1713 3029 fortitudinem.
1754 2970 2041 3030 Maximus

406 3062 604 3138 itaque
639 3061 752 3120 hoc
795 3069 1010 3138 praeter
1050 3057 1393 3138 opinionem
1439 3059 1724 3120 miraculo
1750 3060 2037 3137 obstupe-

2125 1887 2322 1950 διαίους
2377 1891 2439 1945 τὸ
2500 1895 2674 1966 μῆκος
2738 1893 2830 1954 τάς
2876 1889 3052 1965 ἀκμὰς
3113 1887 3308 1946 ἄνωθεν
3339 1887 3563 1966 ἔχοντας
3597 1891 3666 1962 τῇ
3696 1889 3767 1962 γῆ

2125 1979 2467 2058 ἐμπαγῆναι,
2531 1983 2617 2038 καὶ
2663 1983 2754 2037 τὸν
2811 1982 3070 2060 μακάριον
3122 1981 3408 2054 Κλήμεντα
3438 1991 3560 2040 ταῖς
3592 1977 3766 2032 ἆκίσιν

2127 2069 2439 2127 ἐπιτεθέντα
2513 2070 2724 2150 ὕπτιον,
2799 2070 2968 2136 ξύλοις
3042 2071 3378 2150 παχυτάτοις
3437 2065 3767 2146 σφοδρότατα

2132 2163 2418 2217 τύπτεσθαι
2457 2181 2468 2194 ’
2511 2165 2586 2235 τῷ
2626 2157 3011 2239 Ἀγαθαγγέλῳ
3053 2157 3106 2215 δὲ
3153 2157 3410 2232 μόλυϐδον
3473 2156 3612 2214 κατᾶ
3670 2177 3765 2212 κε-

2124 2250 2301 2329 φαλῆς
2361 2253 2478 2328 πυρὶ
2511 2251 2741 2309 τακέντα
2772 2251 3110 2330 ἐπιχεθῆναι.
3153 2251 3303 2328 Ταχὺ
3347 2251 3522 2306 τοίνυν
3566 2245 3764 2303 ἑκϐανο

2120 2362 2213 2404 τος
2260 2341 2334 2404 εἷς
2381 2341 2531 2419 ἔργον
2595 2351 2689 2399 τοῦ
2741 2340 3131 2416 ἐπιτάγματος,
3180 2341 3207 2394 6
3253 2339 3349 2413 μὲν
3391 2339 3762 2416 γενναιότατος

2127 2429 2356 2504 Κλήμης
2419 2430 2605 2509 στέρνα
2667 2451 2724 2486 τε
2783 2428 2982 2486 ἄνωθεν
3041 2430 3316 2506 ἐτύπτετο,
3376 2430 3463 2483 καὶ
3522 2430 3586 2484 τὸ
3623 2427 3763 2483 νῶτα

2126 2534 2244 2582 τοῖς
2275 2519 2574 2583 ὀϐελίσκοις
2629 2521 2865 2577 κάτωθεν
2909 2519 3201 2597 διεπείρετο
3231 2539 3245 2555 ο
3282 2517 3418 2574 ἀλλὰ
3445 2517 3561 2576 οὑδὲ
3592 2517 3761 2578 οὕτως

2124 2613 2158 2678 ἡ
2206 2612 2360 2691 ψυχὴ
2406 2613 2499 2668 τοῦ
2543 2615 2795 2686 σώματος
2854 2615 2930 2684 τῷ
2981 2610 3116 2687 ἁγίῳ
3174 2607 3430 2668 διίστατο.
3498 2605 3764 2682 ’Λψευδής

2124 2705 2223 2780 γὰρ
2254 2703 2322 2767 ἦν
2366 2704 2393 2757 6
2451 2700 2910 2779 ἐωαγγειλάμενος
2956 2700 3031 2774 μή
3072 2699 3330 2776 βασάνους
3389 2702 3548 2756 αὑτοῦ
3605 2718 3759 2776 περι-

2124 2791 2388 2868 γενέσθαι,
2450 2789 2587 2865 μηδὲ
2671 2791 2901 2867 τιμωρία
2981 2787 3220 2864 μηδεμιᾷ
3283 2788 3598 2854 τελευτῆσαι
3675 2787 3763 2843 τὸν

2121 2883 2266 2958 βίον.
2317 2883 2411 2940 Καὶ
2455 2882 2855 2960 Ἀγαθαγγελος
2913 2878 2968 2936 δὲ
3035 2880 3289 2945 ὡσαύτως
3347 2881 3586 2957 ὑπερφυῆ
3647 2898 3762 2935 τινα

2122 2975 2221 3039 τὴν
2266 2971 2545 3049 καρτερίαν
2603 2975 2691 3027 καὶ
2742 2972 2898 3035 αὑτὸς
2954 2969 3280 3036 ἐπεδείξατο.
3316 2967 3555 3042 Μάξιμος
3589 2967 3764 3024 τοίνυν

2121 3070 2197 3136 τῷ
2255 3060 2533 3140 παραδόξῳ
2582 3069 2673 3118 τοῦ
2721 3063 2991 3134 Θαύματος
3047 3060 3181 3136 μετὰ
3227 3065 3332 3116 τῶν
3389 3057 3768 3134 περιεστώτνω

408 3147 622 3216 factus.
660 3165 795 3208 cum
828 3146 900 3207 iis
951 3148 1049 3227 qui
1082 3147 1568 3219 circumstabant,
1606 3148 2036 3228 propemodum

2125 3152 2523 3233 καταπλαγεὶς,
2553 3152 2730 3210 οὖκέτι
2760 3151 2877 3208 οὑδὲ
2911 3152 3174 3208 πιστεύειν
3227 3149 3357 3229 εἶχε
3415 3149 3604 3226 μὶκροῦ
3651 3158 3767 3211 τοῖς

402 3257 480 3300 ne
515 3245 742 3318 poterat
773 3237 1012 3318 quidem
1048 3239 1297 3298 credere
1327 3237 1453 3298 suis
1485 3238 1869 3304 oculis.adeo
1902 3238 2038 3299 ino-

404 3329 667 3410 pinatum
697 3339 756 3390 et
779 3331 934 3406 quod
981 3338 1107 3388 erat
1151 3337 1366 3407 praeter
1387 3327 1674 3388 rationem
1703 3327 2044 3390 videntibtts

407 3420 783 3491 miraculum,
822 3437 926 3498 per
944 3430 1291 3499 pectus,cor
1313 3429 1366 3477 et
1390 3426 1577 3478 totum
1604 3419 1891 3499 deinceps
1914 3438 2043 3479 cor-

404 3521 715 3591 pus,acuto
739 3510 895 3571 ferro
916 3507 1264 3567 transfixum
1289 3506 1622 3576 hominem,
1665 3518 1724 3569 et
1757 3519 2043 3588 praeterea

405 3619 665 3680 superne
687 3618 925 3680 quoque
951 3597 1340 3658 vehementer
1366 3605 1892 3673 verberatum,non
1915 3612 2042 3662 sta-

403 3691 510 3753 tim
539 3692 810 3751 emisisse
832 3688 1233 3760 animam,sed
1261 3690 1453 3748 vivum
1480 3689 1674 3750 adhuc
1698 3708 1832 3752 esse
1866 3701 1923 3753 et
1949 3712 2044 3754 su-

400 3782 808 3864 perstitem,et
834 3778 886 3840 vi
908 3780 991 3840 illi
1018 3779 1379 3840 intolerabili
1407 3797 1548 3839 sana
1573 3789 1769 3842 mente
1788 3783 2042 3846 resiste-

400 3874 609 3935 re.Vix
636 3891 778 3950 ergo
806 3872 1040 3930 tandem
1064 3888 1198 3928 eum
1229 3867 1483 3928 detrahi:
1503 3868 1574 3928 ab
1600 3871 1899 3947 obeliscis,
1924 3893 2041 3938 non

399 3983 573 4026 secus
593 3980 661 4022 ac
681 3971 904 4020 vestem
937 3960 1202 4038 undique
1228 3959 1634 4031 dilaceratam,
1673 3971 1725 4021 et
1760 3962 1889 4025 solo
1921 3984 2042 4026 ser-

406 4071 583 4114 mone
609 4051 1168 4130 persuadentem,se
1195 4067 1312 4107 non
1339 4065 1473 4136 esse
1500 4053 2045 4136 mortuum.lllartyr

403 4159 546 4219 ergo
562 4142 630 4200 ad
649 4142 962 4199 Maximum
993 4137 1266 4215 protinus
1285 4135 2038 4225 aspieiensuilodojnquit,

401 4227 782 4308 cognovistis,
819 4225 1326 4306 quemadmodum
1380 4246 1496 4287 non
1537 4229 1728 4290 solum
1770 4249 2040 4296 nostrum

402 4336 618 4397 corpus
639 4317 921 4379 adversus
945 4335 1046 4376 vos
1063 4316 1350 4390 decertat,
1387 4320 1490 4378 sed
1521 4321 1706 4382 Deum
1731 4323 2042 4406 habet.qui

407 4410 723 4490 peripsum
749 4407 924 4483 longe
944 4414 1170 4466 vestras
1197 4417 1437 4487 superat
1462 4408 1840 4492 insidias,qui
1865 4416 2040 4478 etiam

2125 3249 2272 3321 σφῶν
2333 3242 2660 3317 ὀφθαλμοῖς,
2705 3241 3011 3321 παράλογον
3043 3239 3208 3304 οὕτως
3252 3241 3412 3318 ὁρῶσι
3455 3239 3652 3311 θέαμα,
3706 3235 3769 3292 τὰ

2128 3334 2338 3411 στέρνα,
2369 3334 2470 3400 τὴν
2502 3332 2743 3412 καρδίαν,
2791 3331 2915 3388 ὅλον
2960 3331 3084 3400 ἑξῆς
3118 3333 3176 3386 τὸ
3208 3331 3366 3404 σῶμα
3409 3326 3624 3394 ὀξύτητι
3678 3347 3766 3383 σι-

2126 3423 2289 3502 δήρου
2324 3421 2726 3502 διαπειρύμενον
2776 3421 3074 3500 ἄνθρωπον,
3111 3421 3234 3478 εἶτα
3282 3421 3370 3476 καὶ
3427 3419 3767 3497 προστυπτόο

2128 3535 2285 3589 μενον
2331 3513 2530 3574 ἄνωθεν
2591 3513 2735 3589 μάλα
2785 3511 3041 3592 σφοδρῶς,
3102 3513 3188 3567 καὶ
3248 3513 3342 3568 οὑκ
3399 3509 3545 3572 εὑθῠς
3589 3505 3766 3587 ἀπορο

2127 3603 2357 3683 ρήξαντα
2406 3611 2504 3670 τὴν
2564 3605 2770 3686 ψυχὴν,
2825 3603 2964 3660 ἀλλὰ
3008 3604 3178 3673 ζῶντα
3222 3600 3301 3656 ἔτι
3351 3599 3438 3656 καὶ
3485 3600 3764 3678 περιόντα,

2127 3697 2217 3751 καὶ
2273 3697 2404 3772 πρὸς
2450 3697 2548 3764 τὴν
2594 3695 2859 3776 ἀφόρητον
2906 3693 3113 3759 ἐκείνην
3164 3691 3280 3768 βίαν
3313 3687 3430 3764 μεθ’
3463 3691 3638 3766 ὑγιοῦς
3678 3692 3766 3757 τῆς

2129 3787 2506 3850 καταστάσεως
2570 3786 2934 3859 ἐνιστάμενον.
2997 3779 3130 3858 Ὀψὲ
3181 3779 3234 3836 δὲ
3296 3779 3385 3835 οῦν
3451 3778 3599 3854 ὅμως
3658 3784 3765 3835 τῶν

2128 3874 2423 3933 ὀϐελίσκων
2482 3878 2640 3935 αὑτὸν
2682 3873 2997 3953 ἐξαιρεῖται,
3057 3870 3293 3948 καθάπερ
3350 3867 3561 3944 ἱμάτιον
3619 3889 3763 3926 παν·

2123 3966 2355 4045 ταχόϐεν
2389 3963 2734 4042 διεῤῥωγότα,
2768 3961 2863 4045 καί
2914 3962 2976 4018 τὸ
3011 3961 3090 4037 μὴ
3123 3961 3305 4038 νεκρὸς
3339 3961 3483 4015 εἶναι
3515 3957 3658 4032 μόνη
3697 3963 3764 4033 τῇ

2124 4043 2330 4136 φθογγῇ
2389 4054 2758 4113 ἀναπείθοντα,
2851 4043 2908 4109 Ὀ
2959 4050 3158 4128 μάρτυς
3226 4049 3397 4106 τοίνυν
3471 4048 3601 4124 πρὸς
3670 4049 3763 4104 τὸν

2127 4144 2367 4219 Μάξιμον
2414 4145 2558 4205 εὐθὺς
2625 4142 2850 4222 ἀπιδὼν,
2915 4139 3218 4220 Ἐγνωκατε
3275 4138 3372 4194 κᾶν
3429 4136 3568 4215 ἄρτι,
3634 4137 3764 4218 ἔφη,

2127 4236 2272 4298 ὅπως
2307 4235 2366 4290 οὗ
2396 4235 2455 4289 τὸ
2507 4232 2768 4310 ἡμέτερον
2814 4238 2973 4306 σῶμα
3017 4230 3180 4306 μόνον
3233 4230 3364 4307 πρὸς
3417 4230 3555 4303 ὑμᾶς
3609 4228 3766 4305 ἀγω-

2127 4328 2343 4403 νίζεται,
2399 4322 2533 4378 ἀλλὰ
2567 4325 2698 4380 Θεὸν
2745 4321 2984 4401 ἔχειτὸν
3039 4319 3104 4377 δι’
3170 4323 3327 4378 αὑτοῦ
3385 4319 3519 4393 μετὰ
3560 4317 3766 4386 πολλῆς

2126 4417 2219 4484 τῆς
2282 4415 2594 4494 περιουσίας
2644 4414 2738 4478 τὰς
2793 4411 3052 4490 ὑμετέρας
3099 4408 3383 4473 ἐπιϐουλὰς
3435 4409 3767 4488 κατισχύον-

404 4518 526 4560 non
552 4499 693 4558 sinit
714 4497 972 4558 animam
993 4496 1230 4559 evolare
1251 4516 1284 4559 e
1306 4516 1718 4578 corpore,eam
1749 4505 2039 4568 cohibens

2125 4530 2212 4582 τα,
2276 4505 2421 4567 ὅστις
2483 4505 2570 4560 καὶ
2614 4504 2712 4570 τὴν
2761 4504 2949 4582 ψυχὴν
3010 4498 3312 4568 ἆποπτῆναι
3371 4507 3460 4556 τοῦ
3518 4498 3768 4574 σώματος

402 4599 467 4651 et
495 4587 814 4650 continens
844 4605 1063 4647 arcano
1095 4586 1354 4666 quodam
1391 4589 1731 4666 consilio,et
1757 4612 1891 4670 quae
1921 4595 2039 4658 dici

2131 4599 2225 4655 οὑκ
2268 4596 2350 4671 ἐᾷ,
2383 4593 2680 4673 διακρατῶν
2707 4593 2871 4661 αὑτὴν
2915 4594 3009 4653 καῖ
3069 4589 3312 4671 σδνὲχων
3371 4588 3617 4668 ἀρρήτοις
3677 4590 3761 4646 οἳ·

403 4698 524 4742 non
562 4685 755 4758 potest
785 4677 1183 4758 providentia.

2130 4687 2430 4763 κονομίαις.

1861 4858 2110 4927 CAPUT
2152 4857 2310 4925 XIII.

1431 5034 1794 5114 Aphrodisit’
1822 5039 2032 5105 Persa
2059 5052 2311 5107 conatus
2339 5043 2404 5105 in
2438 5039 2728 5104 Sanctos.

447 5209 904 5274 LXXVIII.Cum
926 5208 1190 5272 animum
1207 5230 1347 5292 ergo
1362 5217 1606 5278 omnino
1629 5218 2039 5298 despondisset

2211 5222 2346 5286 OH'.
2388 5222 2790 5300 Ἀπαγορεύσας
2824 5223 2914 5280 οὖν
2944 5223 3004 5279 ἐκ
3034 5220 3248 5279 πάντων
3305 5221 3334 5277 6
3362 5221 3638 5299 τύραννος,
3674 5217 3768 5276 καί

405 5313 719 5382 tyrannus,
755 5311 814 5364 et
857 5301 1018 5362 nulla
1040 5319 1147 5380 Spe
1169 5306 1424 5382 amplius
1447 5313 1774 5382 teneretur,
1811 5329 2039 5372 sacrum

2130 5313 2400 5390 μηδεμιᾶς
2473 5311 2688 5372 ἐλπίδος
2742 5313 3046 5393 ἀνεχούσης
3116 5311 3300 5386 αὑτὸν,
3361 5312 3452 5368 τὸν
3495 5311 3592 5386 μὲν
3633 5311 3769 5387 ἱερὸν

401 5393 651 5473 quidem
680 5392 1076 5464 Clementem,
1118 5393 1219 5474 qui
1273 5393 1468 5456 adhuc
1503 5399 1876 5477 portabatur,
1909 5420 2039 5463 cum

2133 5404 2420 5479 Κλήμεντα
2474 5401 2549 5459 ἔτι
2599 5392 3094 5478 διαϐασταζόμενον
3137 5403 3228 5458 σὺν
3273 5400 3652 5480 Ἀγαθαγγέλιρ
3703 5404 3772 5476 τῇ

403 5485 812 5564 Agathaugelo
836 5484 1090 5547 includit
1113 5485 1172 5546 in
1197 5488 1675 5553 carcereRefert
1697 5503 1890 5556 autem
1918 5501 2039 5578 ipse

2129 5493 2341 5573 φυλακῇ
2385 5490 2722 5553 κατακλείει.
2761 5483 2818 5549 Ὀ
2879 5490 2933 5546 δὲ
2978 5490 3292 5566 Μαξιμιανῷ
3334 5491 3422 5546 καὶ
3472 5491 3624 5553 αὐτὸς
3679 5489 3772 5544 οἶα

404 5595 641 5653 quoque
663 5580 893 5652 singula
918 5579 1289 5654 Maximiano,
1308 5597 1565 5654 quaenam
1586 5587 1862 5648 adversus
1883 5605 2039 5650 mar-

2128 5606 2184 5642 τε
2216 5585 2350 5642 κατὰ
2382 5585 2490 5640 uin
2560 5583 2844 5663 μαρτύρων
2884 5581 3237 5660 ἐπινοήσειεν,
3291 5581 3436 5647 ὅπως
3490 5602 3550 5637 τε
3592 5579 3772 5663 κρείτ-
