4054 6204
426 359 545 428 883

1724 361 2008 426 MENSIS
2044 363 2507 427 JANUARIUS.

3680 355 3773 422 884

430 503 490 561 et
519 503 679 560 tanta
701 496 996 580 supplicia
1019 495 1208 560 valida
1229 502 1435 559 essent
1457 498 1542 559 eis
1565 515 1839 578 corpora,
1879 498 2067 560 maxi-

2159 500 2328 576 δρῶτα
2373 499 2518 564 ὅπως
2592 501 2690 572 μὲν
2757 497 2967 574 εὔθυμοι
3013 496 3098 554 διὰ
3161 499 3386 576 Χριστὸν
3447 498 3538 552 καὶ
3595 493 3777 574 φαιδροὶ

433 605 562 651 mas
582 587 716 651 illas
738 589 940 670 plagas
961 587 1078 649 cito
1101 585 1487 666 repellentia;
1513 606 1616 650 eos
1635 588 1814 650 veluti
1842 588 2080 669 impati-

431 680 585 738 biles
605 680 1007 739 existimantes
1030 685 1085 736 et
1111 679 1491 746 immortales,
1515 680 1597 738 illi
1625 695 1856 752 quoque
1881 695 2074 738 verum

432 763 620 830 Deum
639 763 1104 837 conﬁtebantur,
1140 771 1198 824 et
1244 763 1360 825 laeti
1383 763 1851 826 accedebantad
1881 764 2075 846 pieta-

433 861 573 917 tem.
609 855 753 916 Cum
785 852 872 916 sic
918 871 1058 932 ergo
1091 852 1270 931 longe
1305 853 1516 916 fuisset
1548 853 1804 916 inferior
1832 854 2074 936 Aphro-

429 942 644 1016 disias,
674 942 801 1006 hzec
843 941 1200 1006 Maximiano
1237 962 1479 1024 quoque
1500 943 1935 1023 significantur.
1971 942 2078 1006 Ille

429 1041 628 1096 autem
659 1051 794 1095 cum
852 1051 1021 1114 spem
1074 1050 1316 1094 omnem
1350 1031 1672 1113 abjecisset
1703 1032 2076 1110 mutationis,

427 1131 633 1205 utpote
663 1121 825 1205 quod
859 1121 984 1184 fieri
1036 1138 1158 1184 non
1196 1131 1422 1202 posset,
1462 1130 1526 1184 ut
1577 1143 1610 1185 a
1641 1141 1748 1185 sua
1781 1125 2080 1187 sententia

427 1213 892 1276 traducerentur
924 1220 1236 1292 martyres,
1273 1212 1533 1276 maxime
1565 1232 1701 1274 cum
1739 1232 1809 1275 ex
1841 1231 1912 1275 eo
1945 1213 2080 1294 plu-

426 1321 526 1366 res
557 1304 628 1365 ad
665 1321 874 1366 eorum
899 1303 1279 1365 traherentur
1308 1302 1693 1383 pietatem,ad
1723 1311 2075 1384 perpetuum

430 1411 534 1456 eos
568 1392 933 1455 condemnat
965 1409 1307 1467 carcerem,
1341 1401 1407 1453 ut
1436 1411 1570 1455 cum
1605 1393 1944 1466 custodia,a
1966 1411 2080 1474 qua

427 1483 889 1564 nullotempore
939 1481 1144 1562 egredi
1198 1481 1435 1564 liceret,
1468 1482 1904 1557 extabuissent,
1931 1483 2018 1545 sic
2045 1501 2078 1546 e

428 1574 544 1635 vita
578 1572 968 1646 excederent,
1003 1571 1125 1634 Deo
1161 1571 1277 1633 hoc
1308 1575 1396 1634 eis
1425 1573 1869 1653 providente,ut
1887 1573 2077 1635 oratio

2158 589 2472 666 περιῂεσαν,
2545 588 2692 656 ὅπως
2756 588 2811 646 δὲ
2857 590 3041 654 αὺτοῖς
3088 589 3174 644 ἐπὶ
3217 588 3510 650 τοσαύταις
3563 585 3658 660 ἄρα
3704 587 3780 642 καὶ

2163 677 2507 745 τηλικαύταις
2572 679 2822 738 κολάσεσι
2868 681 2932 737 τὰ
2977 681 3204 756 σώματα
3246 677 3472 757 ἕῤῥωτο,
3522 678 3660 757 ταχὺ
3701 677 3780 737 τὰς

2158 768 2484 835 ἀνηκέστους
2529 769 2747 847 πληγὰς
2807 771 3012 834 ἐκείνας
3075 766 3447 847 ἀποϐαλόντα,
3495 768 3586 823 καὶ
3627 766 3784 839 ὥσπερ

2157 857 2387 921 ἀπαθεῖς
2441 861 2627 925 αὖτοὺς
2689 863 2785 918 καὶ
2849 861 3138 924 ὰθάνάτους
3196 861 3340 915 εἶναι
3383 860 3651 932 οἰόμενοι.
3709 858 3784 912 τὸν

2157 947 2332 1016 ἀληθῆ
2388 949 2631 1007 κάκεῖνοι
2704 953 2834 1008 Θεὸν
2910 950 3248 1028 ὡμολόγουν,
3319 952 3407 1006 καὶ
3454 954 3528 1025 τῇ
3572 943 3786 1018 εύσεὸεὓᾳ

2159 1039 2436 1117 χαίροντες
2501 1046 2892 1117 προσετίθεντο.
2960 1041 3139 1105 Οὕτως
3201 1041 3289 1097 οὖν
3334 1040 3423 1096 καὶ
3469 1035 3785 1116 Ἀφροδισίου

2159 1128 2296 1202 μετὰ
2380 1129 2588 1198 πολλῆς
2673 1131 2997 1201 ἡττηθέντος
3068 1130 3398 1204 περιουσίας,
3491 1127 3787 1202 Μαξιμιανῷ

2160 1219 2247 1272 καὶ
2305 1225 2471 1276 ταῦτα
2527 1227 2602 1294 τῷ
2657 1219 2877 1297 βασιλεῖ
2941 1218 3074 1288 δῆλα
3119 1223 3340 1299 γίνεται.
3394 1209 3457 1276 Ὀ
3517 1215 3575 1273 δὲ
3637 1223 3788 1272 πᾶσαν

2161 1305 2348 1364 ἐλπίδα
2421 1308 2726 1383 μεταϐολῆς
2795 1310 3082 1390 ἀπογνοὺς,
3161 1313 3236 1374 ὡς
3292 1307 3557 1366 ἀδύνατον
3616 1308 3672 1362 ὃν
3724 1307 3790 1362 ἔτι

2159 1402 2583 1474 μεταπεισθῆναι
2665 1401 2791 1464 τοὺς
2869 1401 3161 1478 μάρτυρας,
3235 1398 3412 1464 ἄλλως
3474 1420 3535 1455 τε
3598 1398 3683 1453 καὶ
3721 1396 3789 1452 ὅτι

2164 1486 2376 1554 πλείους
2434 1488 2642 1564 μᾶλλον
2698 1490 2934 1548 ἐντεῦθεν
3009 1493 3347 1546 ἐπισπῶνται
3392 1491 3532 1566 πρὸς
3574 1489 3673 1545 τὶ)
3713 1486 3792 1542 εὖ·

2161 1575 2395 1653 σὲϐειαν,
2444 1576 2684 1647 διηνεκὲς
2729 1579 2918 1644 αύτοϊς
2949 1582 3381 1660 καταψηφίζεται
3413 1577 3792 1654 δεσμωτήριον,

431 1661 762 1727 Clementis
791 1679 1144 1742 eum,quem
1179 1667 1310 1742 ipse
1342 1674 1623 1742 precatus
1652 1661 1867 1737 fuerat,
1897 1664 2076 1725 tinem

2159 1668 2230 1732 ὡς
2275 1666 2336 1724 ἂν
2385 1670 2478 1725 τὸν
2535 1670 2748 1726 ἅπαντα
2806 1670 3007 1750 χρόνον
3050 1670 3119 1737 τη
3163 1668 3392 1744 ὰνεδόξῳ
3447 1667 3667 1750 φυλακῇ
3709 1687 3797 1722 κα-

429 1755 762 1833 acciperet,
795 1758 854 1812 et
907 1758 1110 1814 essent
1138 1751 1228 1814 eis
1263 1753 1522 1831 majores
1555 1751 1835 1832 martyrii
1865 1769 2074 1814 remu-

2159 1759 2612 1836 ταμαρανθέντες,
2687 1758 2828 1816 οὕτω
2897 1760 2994 1828 τὴν
3058 1760 3203 1830 ζωὴν
3261 1757 3636 1838 ἂποῤῥίιξωσι,
3685 1762 3799 1811 Θεοῦ

431 1825 801 1906 nerationes.
1355 1825 1374 1831 ⁷
1718 1825 1737 1832 ⁷

2161 1848 2246 1903 καὶ
2304 1855 2470 1905 ταῦτα
2527 1851 2650 1923 περὶ
2725 1851 2913 1916 αὐτοὺς
2985 1850 3462 1924 οἷκονομουμένου,
3530 1847 3609 1902 ἵν’
3668 1845 3701 1912 ἢ
3752 1865 3800 1901 τε

432 1940 526 1990 toi}
579 1932 889 2008 Κλήμεντος
949 1929 1159 2006 δέησις,
1215 1933 1409 1988 ὁποῖον
1451 1932 1664 1996 ἐκεῖνος
1711 1929 1905 1999 ηὔξατο
1948 1931 2160 2002 δέξηται
2219 1937 2305 1994 καὶ
2352 1937 2542 2017 πέρας,
2598 1941 2686 1996 καὶ
2735 1939 2968 2016 μείζονες
3031 1939 3212 2002 αὒτοϊς
3275 1940 3323 1995 αἱ
3379 1945 3476 1997 τοῦ
3539 1935 3801 2013 μαρτυρίου

430 2019 648 2098 ἀμοιϐαὶ
677 2020 912 2100 γὲνωντα
925 2042 963 2078 ι.

1886 2245 2135 2312 CAPUT
2177 2245 2330 2312 XIV.

1480 2452 1552 2516 S.
1598 2452 2009 2535 Agathangeh‘
2047 2459 2428 2536 martyrium
2471 2459 2758 2541 Ancyra.

512 2642 758 2711 LXXXI.
785 2645 931 2711 Cum
964 2647 1142 2728 longo
1175 2665 1316 2728 ergo
1344 2654 1617 2729 tempore
1647 2649 1734 2711 sic
1754 2647 1966 2711 morati
1986 2667 2075 2712 es-

2241 2651 2374 2712 ﬂA'.
2422 2652 2594 2710 Πολὺν
2624 2655 2796 2711 τοίνυν
2840 2653 2979 2712 οὕτω
3008 2658 3076 2732 τῇ
3119 2653 3332 2734 φυλακῇ
3366 2653 3569 2730 γρόνον
3602 2647 3788 2727 διατριο

429 2743 564 2800 sent
595 2737 652 2798 in
684 2737 1162 2814 custodia,multi
1194 2737 1295 2800 alii
1326 2757 1396 2800 ex
1434 2739 1572 2821 piis,
1601 2739 1705 2820 qui
1728 2738 2074 2820 martyrium

2159 2743 2401 2824 ψάντων,
2434 2742 2626 2800 πολλοὶ
2670 2747 2759 2802 καὶ
2803 2743 2957 2801 ἄλλοι
3003 2747 3108 2802 τῶν
3154 2740 3387 2801 εὐσεϐῶν
3434 2741 3658 2821 ὕστερον
3715 2748 3792 2797 τοῦ

431 2833 564 2908 post
593 2845 695 2890 eos
724 2828 1559 2906 tnchoaverant,acceperunt
1581 2835 1719 2890 ante
1749 2827 1914 2906 ipsos
1939 2847 2076 2890 con-

2159 2835 2445 2910 μαρτυρίου
2515 2833 2818 2914 ἀρξάμενοι,
2890 2837 2992 2914 πρὸ
3050 2834 3225 2891 αὐτῶν
3271 2832 3518 2899 ἐδέξαντο
3561 2831 3657 2900 τήν
3710 2851 3790 2885 τε·

429 2917 920 2981 snmmationem.
955 2918 1069 2990 Qui
1099 2925 1298 2979 autem
1333 2917 1663 2980 Clementis
1688 2926 1745 2979 et
1764 2917 2071 2998 Agathan-

2159 2920 2400 2984 λείωσιν.
2441 2926 2499 2982 Οἱ
2545 2927 2727 2998 μέντοι
2790 2923 3063 3000 Κλήμεντι
3124 2923 3220 2981 καὶ
3267 2921 3658 3002 Ἀγαθαγγὲλῳ
3685 2932 3790 2982 τοῖς

429 3007 570 3086 geli,
638 3006 1066 3086 praclarorum
1116 3006 1475 3069 athletarum
1530 3007 1790 3087 pietatis,
1845 3017 2076 3070 eranta

2159 3014 2420 3092 γενναίοις
2474 3013 2568 3081 τῆς
2627 3012 2896 3080 εὐσεϐείας
2955 3014 3289 3092 ἀγωνισταῖς
3342 3013 3647 3093 ἐφεστῶτες
3701 3011 3789 3066 ὑπὸ

431 3093 801 3184 Maximiano
845 3094 1108 3184 carceris
1163 3094 1464 3156 constituti
1501 3095 1802 3184 custodes,
1851 3095 2074 3160 defessi

2159 3101 2489 3175 Μαξιμιανοῦ
2573 3101 3000 3184 δεσμοφύλακες,
3073 3110 3142 3181 τῇ
3197 3103 3375 3181 πολλῇ
3432 3103 3617 3178 ἐκείνῃ
3676 3101 3789 3178 περὶ

431 3184 711 3247 diuturna
743 3183 848 3245 illa
875 3183 1141 3245 carceris
1165 3185 1460 3260 custodia,
1495 3183 1588 3246 vix
1621 3184 1860 3247 tandem
1892 3204 2069 3248 acce-

2159 3193 2277 3255 τοὺς
2359 3191 2631 3270 μάρτυρας
2714 3183 3045 3258 ὀκλάσαντες
3118 3191 3430 3274 προσεδρείᾳ
3465 3241 3484 3272 ,
3548 3191 3649 3267 ὀψὲ
3710 3189 3786 3245 καὶ

432 3274 581 3337 dunt
609 3274 682 3336 ad
712 3273 1100 3338 Maximinum
1139 3273 1363 3364 (7),qui
1396 3282 1541 3364 tunc
1563 3287 1919 3364 susceperat.
1951 3276 2070 3337 im-

2159 3281 2390 3361 βραδὲως
2449 3283 2697 3360 προσίασι
2778 3283 3118 3364 Μαξιμιανῷ,
3194 3291 3490 3351 τηνικαυτα
3541 3287 3640 3349 τῆς
3695 3281 3781 3355 β²⁶

433 3365 761 3448 perium,et
795 3369 1007 3443 rogant
1039 3362 1255 3443 ecquid
1273 3362 1484 3452 jubeat
1514 3363 1589 3424 de
1615 3363 1712 3438 iis,
1747 3382 1892 3444 quos
1914 3364 2071 3426 mul-

2159 3370 2356 3433 σιλείας
2413 3371 2826 3452 ἒπειλημμὲνῳ,
2885 3375 2999 3448 καὶ,
3053 3362 3113 3431 Τί
3161 3373 3280 3448 περὶ
3309 3376 3381 3429 ὧν
3424 3373 3513 3429 ἐπὶ
3573 3368 3780 3429 πολλοῖς

427 3455 502 3516 tis
534 3453 708 3516 annis
739 3461 947 3516 tenent
973 3452 1227 3529 vinctos,
1257 3451 1358 3534 qui
1390 3451 1744 3516 Christianae
1767 3463 1901 3515 sunt
1934 3454 2072 3517 reli-

2159 3459 2255 3528 ἤδη
2301 3461 2521 3542 χρόνοις
2569 3461 2768 3542 ἔχομεν
2810 3451 3126 3538 δεσμωτῶν,
3174 3468 3274 3530 τῆς
3318 3469 3424 3519 τῶν
3470 3463 3779 3540 Χριστιανῶν

427 3545 643 3625 gionis,
677 3547 776 3626 qui
830 3542 1162 3606 difﬁciliter
1195 3542 1555 3617 moriuntur,
1581 3543 1673 3605 vel
1704 3553 1841 3604 sunt
1877 3547 2072 3625 potius

2159 3551 2318 3609 ὄντων
2373 3554 2680 3631 θρησκείας,
2743 3549 3080 3610 δυσθανάτων
3156 3551 3370 3615 aranea;
3431 3552 3462 3620 ἢ
3524 3549 3779 3608 ἀθανάτων

426 3635 820 3697 immortales.
849 3633 946 3699 Sic
975 3633 1135 3696 enim
1171 3633 1562 3696 nominabant
1597 3633 2076 3718 beatos,propte-

2159 3641 2454 3707 ἐπιτάττεις
2488 3660 2505 3722 ;
2557 3641 2805 3720 ἠρώτων.
2861 3642 3014 3700 Οὕτω
3043 3642 3144 3721 γὰρ
3174 3643 3297 3706 τοὺς
3331 3643 3624 3716 μακαρίους
3654 3637 3778 3696 divti-

425 3742 530 3787 rea
558 3726 714 3806 quod
748 3724 898 3787 mala
929 3723 1521 3804 sustinuissent,quze
1552 3726 1714 3787 ferre
1733 3743 1852 3785 non
1879 3732 2074 3806 potest

2159 3740 2324 3809 μαζον
2377 3730 2462 3788 διὰ
2519 3733 2580 3788 τὸ
2651 3733 2816 3806 μείζω
2856 3731 3065 3812 φύσεως
3111 3732 3447 3810 ἀνθρωπίνης
3507 3734 3779 3805 ὑπομεῖναι

425 3815 686 3878 humana
743 3823 982 3878 natura.
1027 3813 1388 3878 Maximinus
1459 3822 1657 3877 autem
1715 3833 1848 3876 cum
1905 3815 2074 3894 prius

2159 3825 2222 3880 τὰ
2264 3821 2508 3902 χαλεπά,
2546 3819 2874 3896 Μαξιμιανὸς
2924 3825 3012 3878 οὗν
3057 3821 3233 3878 πολλὰ
3280 3823 3402 3886 τοὺς
3433 3823 3623 3879 ἑαυτοῦ
3651 3817 3779 3876 θεοὺς

428 3923 570 3968 suos
597 3906 742 3970 deos
797 3905 1002 3969 multis
1063 3904 1390 3967 insectatus
1441 3903 1653 3966 fuisset
1711 3904 2069 3980 maledictis,

2159 3913 2412 3992 πρότερον
2469 3911 2895 3991 βλασφημήσας,
2930 3910 3012 3968 ὅτι
3071 3912 3149 3980 μὴ
3207 3915 3306 3980 τῆς
3353 3913 3627 3990 παρούσης
3656 3909 3780 3980 ζωῆς

424 3996 584 4077 quod
617 4015 735 4059 non
770 3998 1108 4078 potuissent
1141 4002 1500 4075 praesentem
1558 3994 1683 4056 illis
1717 3995 1896 4056 vitam
1949 3993 2076 4056 adi-

2159 4000 2516 4081 ὑπεξαγαγεῖν
2561 4001 2794 4065 ἐκείνους
2835 4001 3121 4076 ἠδύναντο,
3184 4003 3312 4058 εἶτα
3353 4003 3442 4058 καὶ
3488 4003 3589 4069 τὴν
3645 3995 3782 4053 πόλιν

429 4103 620 4159 mere,
644 4086 871 4148 deinde
895 4085 1071 4148 etiam
1092 4085 1466 4166 quaesivisset
1493 4083 1569 4146 de
1601 4084 1932 4154 civitate,in
1958 4103 2075 4166 qua

2159 4092 2210 4149 ἐν
2265 4094 2302 4168 ᾗ
2345 4115 2401 4148 τε
2445 4093 2697 4171 γεγόνασι
2743 4093 2831 4149 καὶ
2889 4093 3005 4148 ὅθεν
3056 4091 3364 4170 ὥρμηνται,
3410 4091 3598 4148 καὶτό
3649 4086 3782 4164 γένος

429 4174 552 4234 nati
585 4183 642 4237 et
672 4191 745 4238 ex
777 4192 892 4256 qua
925 4175 1175 4256 profecti
1237 4175 1494 4251 fuerant,
1533 4182 1591 4237 et
1621 4175 1937 4254 cujusnam
1973 4192 2073 4236 es-

2159 4181 2337 4240 ὂποῐοί
2378 4181 2522 4247 τινές
2581 4183 2713 4238 εἰσιν
2773 4182 3105 4261 ἐκζητήσας,
3149 4183 3236 4238 ἐπὶ
3310 4181 3552 4246 Γαλάτας
3615 4175 3783 4234 αὖτοὺς

430 4273 565 4327 sent
586 4265 987 4346 generis,cum
1021 4284 1126 4329 eos
1149 4273 1204 4327 et
1227 4263 1460 4328 Galatas
1485 4283 1618 4328 esse
1648 4265 2066 4342 intellexisset,

2159 4271 2300 4328 εἶναι
2359 4271 2516 4345 μάθοι
2575 4272 2664 4326 καὶ
2735 4276 2833 4338 τῆς
2896 4269 3240 4349 Ἀγκυρανῶν
3297 4269 3534 4343 πόλεως,
3603 4262 3784 4333 Λουκίῳ

429 4361 492 4420 et
520 4374 590 4420 ex
650 4357 885 4420 civitate
941 4358 1289 4439 Ancyrana,
1351 4357 1424 4418 ad
1480 4357 1724 4419 Lucium
1761 4375 1866 4418 eos
1896 4357 2073 4418 mittit

2159 4361 2344 4423 αὐτοὺς
2403 4358 2781 4426 ἐξαποστέλλει
2836 4367 2914 4434 τῷ
2981 4361 3210 4438 ἡγεμόνι
3247 4376 3259 4389 ⁸
3326 4361 3476 4421 οὗτος
3507 4362 3609 4439 γὰρ
3638 4377 3778 4422 τηνιο

430 4445 748 4528 praesidem
788 4464 803 4511 :
843 4449 891 4510 is
923 4448 1083 4510 enim
1118 4456 1259 4509 tunc
1285 4445 1340 4508 ei
1367 4454 1619 4527 praeerat
1650 4445 1734 4508 Ita
1765 4444 2073 4530 cognosci-

2159 4457 2320 4507 καῦτα
2362 4453 2530 4517 αὐτῆς
2572 4451 2769 4530 ἦρχεν.
2839 4449 2989 4506 Οὕτω
3049 4449 3369 4528 γινώσκεται
3428 4452 3616 4529 Κύριος
3675 4444 3776 4522 κρί-

430 4543 528 4598 tur
578 4537 868 4602 Dominus
919 4538 1148 4618 judicia
1179 4536 1428 4646 faciens,
1462 4536 1562 4640 qui
1597 4549 1888 4618 martyres
1914 4554 2068 4616 quo-

2159 4563 2298 4616 ματα
2339 4540 2532 4614 ποιῶν,
2599 4538 2656 4602 ὅς
2702 4561 2764 4618 γε
2808 4538 2873 4607 δὴ
2917 4541 3006 4596 καὶ
3055 4540 3178 4600 τοὺς
3211 4541 3482 4618 μάρτυρας
3518 4540 3654 4617 μετὰ
3692 4556 3773 4590 τοο

2231 4631 2243 4646 .
2512 4631 2521 4646 .
2659 4629 2677 4646 ς
2795 4631 2806 4646 .
3081 4628 3129 4646 μ.
3381 4637 3401 4646 -
3469 4631 3482 4646 .
3710 4625 3720 4646 ρ

431 4645 552 4709 que
583 4635 716 4709 post
748 4636 830 4690 tot
860 4636 918 4690 et
941 4637 1101 4691 tanta
1131 4627 1424 4711 pericula,
1460 4627 1511 4688 ei
1548 4645 1776 4700 rursus,
1811 4644 1942 4706 quae
1965 4644 2070 4688 eos

2159 4631 2371 4692 σούτους
2434 4631 2524 4686 καὶ
2587 4629 2935 4698 τηλικούτους
2987 4628 3278 4705 κινδύνους,
3340 4637 3408 4706 τῇ
3465 4625 3776 4708 ἐνεγκαμένῃ

430 4716 666 4793 tulerat,
699 4717 772 4780 iis
801 4717 1020 4800 quibus
1050 4720 1179 4800 ipse
1211 4718 1374 4780 novit
1406 4717 1626 4792 modis,
1658 4715 1944 4778 restituit.
1976 4713 2070 4776 Illi

2159 4719 2314 4777 πάλιν
2373 4721 2462 4784 οἷς
2505 4717 2622 4778 οἶδε
2665 4720 2882 4798 τρόποις
2927 4719 3085 4784 «ora;
3152 4719 3492 4780 ἀποδίδωσιν.
3560 4720 3773 4779 Ἐκεῖνοι

431 4825 571 4889 ergo
599 4826 738 4871 cum
767 4808 972 4872 Tarsis
998 4810 1222 4890 egressi
1269 4817 1494 4884 essent,
1523 4807 1705 4870 alacri
1737 4805 1888 4887 pede
1919 4823 2069 4869 con-

2159 4810 2242 4868 οὖν
2299 4809 2418 4886 μετ’
2478 4811 2822 4891 εὔχαριστίας
2888 4811 3188 4888 ἀπάραντες
3246 4815 3345 4876 τῆς
3390 4812 3599 4890 Ταρσοῦ
3653 4827 3771 4884 προ·

430 4897 710 4962 fecerunt
741 4898 894 4961 viam
924 4918 1056 4982 quae
1089 4899 1201 4962 fert
1231 4899 1287 4963 in
1317 4898 1595 4981 patriam.
1630 4896 1773 4960 Cum
1810 4896 2068 4978 primum

2159 4901 2307 4976 θύμῳ
2347 4899 2469 4958 ποδὶ
2535 4901 2633 4969 την
2707 4900 2791 4956 ἐπὶ
2839 4901 2938 4969 τὴν
2995 4899 3221 4979 πατρίδα
3295 4899 3559 4981 φέρουσαν
3611 4899 3770 4967 ἤνυον.

429 4998 628 5054 autem
662 4989 939 5054 viderunt
963 4991 1286 5073 Ancyram,
1323 4988 1616 5051 sistuntur
1637 5005 1835 5049 coram
1871 4986 2072 5067 praesi-

2159 4989 2320 5068 Ὀμοῦ
2375 4989 2429 5046 δὲ
2469 4992 2568 5058 τὴν
2611 4989 2885 5070 ’Ἄγκυραν
2945 4989 3118 5064 εἶδον,
3166 4992 3256 5047 καὶ
3287 4993 3423 5065 ὁμοῦ
3451 4999 3528 5067 τῷ
3574 4985 3773 5070 ἡγεμόνι

431 5080 509 5144 de
537 5079 743 5146 Lucio.
778 5081 889 5144 Ille
914 5099 1054 5144 vero
1079 5099 1214 5144 cum
1246 5097 1359 5144 nec
1390 5082 1479 5142 eis
1509 5077 1750 5160 quidem
1785 5076 1949 5158 prius
1972 5077 2067 5139 lo-

2159 5081 2360 5154 Λουκίῳ
2417 5083 2767 5160 παρίστανται
2804 5100 2816 5113 ⁸
2901 5081 2928 5136 ὃ
3001 5079 3058 5137 δέ
3116 5078 3255 5156 μηδὲ
3317 5080 3483 5161 λόγου
3541 5082 3774 5162 πρότερον

429 5171 650 5255 quendi
681 5173 927 5239 fecisset
957 5179 1486 5255 potestatem,tunc
1517 5187 1621 5231 eos
1641 5167 1884 5250 quidem
1919 5167 2069 5229 vali-

2159 5172 2341 5231 αὖτοϊς
2401 5167 2660 5246 μεταδοὺς
2736 5169 2854 5226 τότε
2943 5168 3040 5244 μὲν
3101 5168 3356 5249 ἀσφαλῶς
3413 5171 3468 5226 ὲν
3529 5178 3606 5244 τῷ
3661 5163 3776 5233 ξύλον

429 5253 508 5324 de
533 5259 792 5324 includit
819 5261 882 5325 in
910 5253 1096 5344 ligno,
1127 5261 1323 5345 lapide
1349 5260 1594 5340 utrique
1624 5256 1976 5337 alligato,ita
2007 5264 2071 5318 ut

2159 5260 2346 5325 αὐτοὺς
2434 5259 2764 5335 κατακλείει,
2853 5258 2992 5316 λίθον
3081 5258 3336 5337 ἑκατέρου
3404 5259 3656 5332 ἐκδήσας,
3717 5253 3776 5312 ὡς

428 5368 542 5416 nec
592 5350 707 5434 ipsi
765 5340 1010 5435 quidem
1069 5340 1316 5436 possent
1373 5348 1620 5414 omnino
1653 5347 1903 5426 moveri,
1955 5365 2072 5411 nec

2159 5349 2293 5428 μηδὲ
2317 5353 2581 5407 κινεῖσθαι
2615 5349 2756 5415 ὅλως
2785 5349 2998 5424 αὖτοὺς,
3034 5346 3170 5426 μηδὲ
3203 5349 3502 5406 ἀποτείνειν
3533 5349 3596 5406 τὰ
3628 5340 3767 5405 σκέλη

429 5459 605 5506 crura
631 5442 978 5506 extendere.

2159 5439 2419 5500 Ιδύνασθαι.

501 5612 580 5682 (Ἷ)
635 5611 692 5669 Si
749 5626 872 5672 non
933 5627 1088 5673 anno
1153 5613 1361 5672 ultimo
1419 5611 1646 5682 imperii
1701 5609 2064 5682 Diocletiani,
2149 5609 2295 5682 alias
2344 5607 2848 5682 disptttatum),gis
2902 5606 3768 5682 GaleriigMaximianiquintus

424 5680 636 5748 Christi
692 5681 819 5752 θοι,
879 5687 1061 5744 occisi
1123 5694 1257 5743 sunt
1315 5680 1524 5749 sancti,
1582 5683 1684 5741 sed
1734 5681 1838 5739 309
1886 5683 2067 5754 (quod
2151 5680 2476 5752 {umquam
2535 5681 2700 5740 multi
2749 5680 3082 5738 Graecorum
3137 5680 3520 5739 Maximinum
3552 5680 3757 5738 vocant.
