4054 6204
285 366 414 433 885

1342 364 1531 428 VITA
1582 362 1644 425 S.
1688 358 2133 424 CLEMENTIS
2192 356 2618 420 ANCYRANI.

3547 350 3667 420 886

379 490 509 566 HB'.
572 503 681 569 Τῆς
712 499 768 558 δὲ
806 499 1058 567 ἐπιούσης
1092 498 1579 576 μεταστειλάμενος
1610 499 1700 556 τὸν
1761 501 1905 578 Αγαθ

1997 540 2000 548 ι
2102 494 2385 560 LXXXII.
2411 493 2696 577 Sequenti
2716 500 2912 556 autem
2937 491 3035 555 die
3053 490 3347 555 accersito
3370 489 3663 572 Agathan-

280 591 547 671 ἄγγελον,
598 589 737 650 Οἶδα
793 591 978 671 φησὶν,
1026 590 1099 652 ὠς
1160 594 1218 648 οῦ
1277 587 1363 645 διὰ
1420 590 1763 668 κακουργίαν,
1798 588 1935 647 ἀλλά

279 682 479 762 ψυχῆς
543 680 789 739 εὖκολίαν
846 683 932 737 καὶ
993 679 1187 757 τρόπον
1243 678 1549 752 ἁπλότητα,
1608 678 1775 740 οὕτως
1836 679 1934 735 ὕπὸ

274 783 382 833 τοῦ
425 773 679 841 συνήθους
711 771 992 839 ῆπάτησαι
1041 771 1376 849 Κλήμεντος,
1411 769 1551 826 ὥστε
1609 770 1697 826 καὶ
1754 766 1933 828 δοκεῖς

273 875 400 923 τοῖς
439 860 671 925 πολλοῖς
731 858 943 917 οἴκοθεν
995 858 1146 939 ἔχειν
1211 861 1273 915 τὸ
1302 859 1418 916 λίαν
1472 860 1796 939 φιλόνεικον
1844 860 1930 915 καὶ

269 953 590 1027 θαυμαστὸν
650 948 824 1029 οὒδὲν,
859 951 902 1006 εἶ
946 949 1123 1030 φαύλη
1176 952 1432 1019 συνήθεια
1463 958 1646 1030 χρόνῳ
1692 950 1931 1026 καθάπερ

273 1063 363 1107 τις
423 1042 578 1106 νόσος
637 1040 1027 1116 ἐνσκιρωθετσα
1090 1037 1400 1115 μεταϐολὴν
1459 1039 1740 1117 εἰργάσατο
1783 1040 1929 1118 γνώω

278 1149 420 1207 μης⁶
484 1132 601 1188 ἐπεὶ
633 1131 721 1187 καὶ
777 1130 918 1207 ῥανίς
962 1127 1149 1193 ὕδατος
1206 1128 1508 1208 ὶνδελεγῶς
1552 1129 1926 1204 ἐπιστάζουσα,

276 1226 372 1277 καὶ
442 1221 645 1298 πέτραν
721 1219 895 1292 οἶδεν,
967 1222 1042 1282 ὡς
1116 1218 1306 1298 λόγος,
1381 1219 1689 1280 κοιλαίνιιν.
1765 1217 1933 1276 Ἀλλὰ

275 1318 439 1369 τοῦτο
498 1311 561 1381 δή
617 1333 714 1368 σου
782 1311 841 1366 τὸ
917 1310 1179 1384 εὐπειθὲς,
1252 1308 1643 1389 Ἀγαθςίγγελε,
1711 1312 1933 1389 χάρισαί

277 1422 418 1459 ποτε
446 1402 535 1458 καὶ
582 1403 742 1475 ἡμῖν,
776 1398 963 1474 πολλῷ
1022 1397 1453 1479 λυσιτελέστερόν
1483 1421 1540 1456 τε
1569 1398 1665 1456 καί
1717 1398 1928 1456 δικαιό-

277 1513 462 1566 τερον,
500 1490 728 1569 ἅγγελος
782 1492 921 1564 ἡμῖν
963 1490 1160 1566 ἀγαθὸς
1218 1491 1353 1546 κατά
1384 1491 1481 1558 τὴν
1509 1489 1702 1557 κλῆσιν
1750 1493 1925 1568 γενοῦ,

278 1582 387 1648 τὴν
471 1583 666 1638 οἰκείαν
739 1581 953 1656 μηνύων
1038 1580 1362 1659 ἐπιστροφήν
1446 1580 1541 1636 καί
1624 1580 1928 1655 μετάνοιαν.

284 1673 430 1748 Πρὸς
476 1678 640 1728 ταῦτα
708 1674 734 1727 ὃ
790 1668 1206 1750 Ἀγαθᾶγγελος’
1270 1669 1434 1745 Ἐμοΐ
1490 1670 1589 1737 τὴν
1659 1668 1927 1744 ἔσκτασιν,

281 1760 414 1839 ἔφη,
451 1762 650 1827 ταύτην
696 1759 806 1818 ὦτ’
861 1760 1141 1836 εὖκολογία
1194 1760 1443 1838 γνώμης,
1478 1760 1593 1817 οὔτε
1641 1761 1932 1838 κακουργία

2017 585 2147 663 gelo
2176 608 2187 644 :
2225 583 2388 660 Scio,
2423 586 2635 667 inquit,
2670 583 2829 665 quod
2882 601 3000 644 non
3033 590 3278 662 propter
3306 581 3663 662 improbita-

2018 676 2272 749 tem,sed
2306 686 2553 756 propter
2576 674 2759 735 animi
2786 673 3130 735 facilitatem
3163 681 3221 732 et
3252 690 3483 733 morum
3507 672 3663 735 sim-

2020 764 2367 844 plicitatem,
2402 765 2688 845 deceptus
2719 782 2784 825 es
2812 783 2845 824 a
2895 771 2991 824 tuo
3023 760 3296 823 familiari
3328 760 3660 828 Clemente.

2017 853 2309 926 Quocirca
2346 855 2566 915 videris
2600 854 2801 916 multis
2833 852 3055 917 habere
3098 852 3369 913 innatum
3404 851 3656 915 nimium

2016 944 2418 1006 contendendi
2461 944 2750 1008 studium.
2805 943 2935 1007 Non
2968 952 3056 1004 est
3110 952 3304 1004 autem
3340 941 3579 1017 mirum,
3613 942 3666 1006 si

2016 1035 2171 1096 mala
2192 1034 2584 1103 consuetudo,
2611 1053 2744 1110 quae
2770 1033 2945 1095 veluti
2980 1030 3226 1094 morbus
3248 1030 3492 1113 quidam
3514 1040 3662 1094 tem-

2018 1144 2160 1205 pore
2191 1124 2409 1187 callum
2445 1125 2715 1205 obduxit,
2747 1122 3057 1186 mutaverit
3085 1121 3466 1184 sententiam.
3504 1123 3656 1186 Nam

2015 1223 2181 1294 gutta
2231 1233 2473 1295 quoque
2527 1232 2697 1295 aqua:
2753 1213 2995 1276 assidue
3052 1212 3368 1283 distillans,
3426 1222 3654 1292 petram

2015 1325 2253 1385 quoque
2284 1305 2395 1367 scit
2421 1323 2656 1379 cavare,
2694 1312 2756 1365 ut
2785 1305 3026 1368 dicitur.
3060 1302 3175 1367 Sed
3207 1303 3361 1364 hanc
3390 1310 3549 1363 tuam
3582 1302 3658 1367 ad

2019 1414 2244 1456 morem
2300 1395 2628 1475 gerendum
2681 1394 3024 1456 facilitatem
3059 1392 3232 1455 nobis
3277 1409 3514 1474 quoque
3542 1392 3658 1455 ali-

2016 1485 2252 1565 quando
2296 1484 2583 1559 concede,
2618 1483 3048 1564 Agathangele,
3078 1482 3379 1546 utiliorem
3432 1490 3492 1544 et
3526 1482 3659 1563 jus-

2018 1575 2324 1647 tiorem,et
2345 1575 2775 1637 convenienter
2798 1585 2897 1636 tuo
2924 1573 3151 1636 nomini
3171 1574 3254 1635 sis
3275 1572 3449 1634 nobis
3465 1572 3658 1637 bonus

2016 1668 2282 1737 nuntius,
2320 1664 2601 1725 nuntians
2631 1663 3083 1726 conversionem
3117 1662 3417 1744 propriam
3449 1670 3507 1723 et
3536 1680 3659 1745 pm-

2017 1754 2350 1817 nitrntiam.
2384 1755 2474 1817 Ad
2529 1756 2653 1816 haec
2701 1753 3186 1834 Agathangelus:
3238 1753 3405 1827 Mihi,
3437 1753 3649 1835 inquit,

281 1852 607 1922 πεποὶηκεν,
673 1848 794 1907 ἀλλ’
855 1851 935 1907 ὅτι
993 1850 1090 1925 μὲν
1150 1851 1231 1929 οὗ*
1264 1852 1577 1929 κακουργία,
1629 1852 1715 1906 καὶ
1770 1852 1909 1909 αὐτὸς

2014 1844 2165 1905 hanc
2224 1846 2620 1906 constantiam
2672 1864 2785 1907 nec
2828 1843 3013 1907 animi
3054 1842 3196 1905 fecit
3241 1843 3512 1918 facilitas,
3544 1863 3656 1908 nec

277 1940 389 2009 ἤδη
454 1945 655 2019 φθασας
714 1924 1151 2018 διωμολόγησας.
1211 1924 1326 1997 ’.Οτι
1376 1924 1444 1995 δὲ-
1479 1924 1646 1996 πάλιν
1692 1939 1808 1997 οὐδὲ
1865 1943 1925 1997 τὸ

274 2043 401 2094 τοῖς
469 2037 722 2109 τυχοῦσιν
786 2029 1019 2091 εὐκόλως
1085 2030 1372 2100 πείθεσθαι,
1439 2028 1602 2096 δῆλον
1663 2029 1919 2087 ἐντεῦθενο

273 2121 398 2183 πῶς
455 2121 556 2197 γαρ
616 2118 679 2176 ἂν
740 2120 873 2197 πρὸς
944 2120 1229 2184 τοσούτους
1301 2120 1567 2201 ἀντεσχον
1622 2121 1918 2201 ἡγεμόνας,

273 2208 356 2267 ἔτι
401 2207 454 2265 δὲ
486 2211 574 2266 καὶ
632 2210 790 2266 αὐτὸν
840 2208 1063 2286 βασιλέα
1095 2208 1153 2266 οἳ
1208 2209 1273 2284 μὲ
1336 2211 1424 2266 καὶ
1472 2213 1564 2266 σὺν
1593 2210 1706 2285 ἅμα
1769 2211 1920 2282 Κλή-

269 2321 452 2376 μεντι,
514 2300 601 2356 καὶ
657 2298 758 2371 ἰδίᾳ
819 2298 981 2359 πάλιν
1061 2297 1427 2364 ἀπολαϐόντες
1492 2299 1739 2376 οὗδεμιᾶς
1806 2302 1919 2358 ἀπ-

268 2390 508 2471 έσχοντο
582 2393 864 2469 μηχανῆς,
913 2388 1051 2446 ἀλλά
1113 2390 1195 2446 καὶ
1248 2390 1577 2470 ὑποσχέσεσι
1647 2389 1915 2455 δελεάσαι,

265 2482 361 2536 καὶ
414 2478 669 2542 ἀπειλαῖς
728 2476 1096 2555 καταπλῆξαι,
1142 2478 1237 2535 καὶ
1299 2480 1549 2538 κολάσεσι
1594 2496 1918 2556 μεταπεῖσαι

267 2572 406 2649 πρὸς
468 2570 587 2646 βίαν
621 2568 883 2628 ἔσπευσαν
919 2590 934 2639 ;
995 2571 1139 2640 Φήτε
1172 2572 1263 2627 οὖν
1318 2570 1588 2651 εὖκολίαν,
1620 2573 1760 2647 μήτε
1812 2595 1919 2629 κα-

268 2660 544 2739 κουργίαν,
580 2657 718 2715 ἀλλά
772 2659 960 2738 σοφίαν
1013 2658 1223 2734 μᾶλλον
1278 2661 1367 2717 καὶ
1408 2660 1646 2740 ἀνδρείαν
1688 2664 1919 2738 ἀνόμαζε

266 2751 337 2807 τὰ
406 2756 645 2807 τοιαῦτα·
707 2748 895 2829 σοφίαν
952 2749 1072 2824 μὲν,
1129 2751 1164 2826 ᾗ
1221 2750 1327 2806 τῶν
1380 2752 1741 2832 φθειρομένων
1788 2754 1916 2809 τού-

264 2862 378 2896 των
449 2840 515 2896 τὰ
568 2842 777 2895 ἒστῶτα
851 2840 939 2895 καὶ
1020 2839 1247 2913 μένοντα
1337 2842 1752 2921 προαιρούμεθα,
1828 2842 1916 2898 καὶ

262 2929 386 2992 τοὺς
452 2926 667 3005 ψευδεῖς
697 2929 843 3002 ὑμῶν
904 2929 1053 2994 θεοὺς
1097 2931 1184 2986 καὶ
1229 2928 1512 3000 κιϐδήλους
1570 2932 1913 3012 ἀποστρεφό-

264 3040 444 3094 μενοι,
479 3026 556 3093 τῷ
584 3022 742 3090 ζῶντι
776 3018 922 3092 μόνῳ
952 3021 1039 3076 καὶ
1071 3018 1267 3088 ἀληθεῖ
1322 3028 1439 3096 Θεῷ
1470 3021 1908 3102 προσανέχομεν,

260 3108 504 3186 ἀνδρείαν
562 3106 642 3181 δὲ,
675 3107 743 3164 δι’
786 3110 854 3175 ῆς
908 3108 1245 3176 τηλικούτοις
1289 3113 1420 3188 ’ὅπερ
1452 3120 1681 3191 Χριστοῦ
1730 3111 1908 3170 κινδύ-

2010 1934 2510 2016 improliitas.Sed
2533 1935 2692 2016 quod
2722 1955 2839 1997 non
2865 1934 3214 2016 improbitas
3239 1934 3505 2014 quidem,
3527 1936 3655 2017 ipse

2011 2027 2176 2107 prius
2202 2045 2265 2087 es
2287 2027 2801 2098 confessus.Quod
2816 2035 3012 2088 autem
3039 2044 3247 2087 rursus
3268 2042 3379 2086 nec
3405 2024 3655 2103 quibus.

2009 2116 2154 2179 libet
2200 2117 2371 2178 facile
2404 2136 2670 2197 paream,
2705 2118 2841 2179 hinc
2872 2128 2964 2179 est
2990 2124 3269 2197 apertum
3298 2134 3313 2176 :
3351 2116 3651 2197 quomodo

2006 2208 2162 2269 enim
2213 2216 2328 2268 tam
2394 2207 2592 2269 multis
2648 2206 3003 2268 restitissem
3058 2205 3437 2288 praesidibus,
3472 2217 3650 2289 atque

2006 2297 2159 2358 adeo
2209 2292 2321 2376 ipsi
2353 2298 2535 2360 etiam
2581 2297 2951 2376 imperatori,
2984 2301 3081 2377 qui
3116 2315 3251 2358 cum
3300 2314 3397 2356 me
3426 2304 3483 2356 et
3513 2315 3649 2359 cum

2006 2384 2314 2449 Clemente
2355 2395 2414 2448 et
2442 2406 2711 2448 seorsum
2761 2405 2968 2448 rursus
2995 2387 3394 2465 accepissent,
3426 2386 3649 2447 nullam

2005 2494 2124 2537 non
2156 2476 2487 2538 adhibuere
2510 2475 2866 2548 machinam,
2901 2475 3004 2537 sed
3044 2486 3107 2537 et
3140 2474 3450 2553 promissis
3478 2475 3648 2538 ines-

2005 2585 2163 2639 care,
2193 2575 2251 2627 et
2274 2566 2451 2627 minis
2483 2574 2843 2647 perterrere,
2868 2574 2927 2628 et
2948 2564 3259 2646 suppliciis
3290 2565 3485 2626 conati
3509 2572 3652 2629 sunt

2005 2658 2063 2716 in
2095 2655 2269 2717 aliam
2305 2656 2622 2719 traducere
2645 2656 3027 2719 sententiam.
3054 2657 3264 2736 Neque
3298 2672 3438 2732 ergo
3462 2655 3646 2718 facili-

2003 2754 2410 2828 tatem,neque
2441 2747 2906 2827 improbitatem,
2933 2745 3038 2807 sed
3063 2745 3413 2827 sapientiam
3450 2745 3646 2827 potius

1998 2849 2057 2899 et
2086 2836 2273 2899 animi
2316 2836 2727 2899 fortitudinem
2761 2837 2888 2898 haec
2928 2836 3247 2899 nomines:
3283 2835 3642 2917 sapientiam

1995 2927 2264 3008 quidem,
2298 2946 2415 3005 qua
2435 2926 2510 2988 iis
2540 2946 2672 3009 quae
2693 2928 2996 2988 intereunt
3023 2934 3081 2988 et
3108 2925 3226 2988 cito
3248 2926 3469 3002 ﬂuunt,
3494 2946 3641 3008 prai-

1991 3017 2240 3079 ferimus
2268 3037 2335 3080 ea
2367 3037 2500 3099 quae
2526 3026 2684 3079 stant
2708 3026 2768 3078 et
2796 3026 3059 3093 manent;
3083 3016 3387 3096 falsosque
3409 3027 3640 3082 vestrae

1992 3106 2138 3169 deos
2155 3116 2211 3170 et
2235 3109 2604 3170 adulterinos
2632 3108 3199 3182 aversantes,solum
3232 3126 3418 3169 unum
3449 3107 3638 3171 Deum

258 3220 369 3261 νοις
421 3196 826 3273 διαπαλαίοιέεν,
873 3200 961 3256 καὶ
1019 3199 1198 3277 ὥσπερ
1240 3201 1403 3257 ὕπνου
1461 3204 1602 3267 τινος
1662 3211 1757 3260 τοῦ
1810 3207 1901 3261 θα-

1997 3206 2049 3258 et
2100 3217 2304 3259 verum
2358 3198 2767 3260 attendimus:
2819 3198 3226 3260 fortitudinem
3277 3205 3641 3279 autem,per

260 3290 424 3358 νήτου
493 3295 947 3367 κοταφρονοῦμεν.
1025 3288 1155 3346 Οὔτε
1224 3292 1314 3348 οὗν
1376 3291 1605 3366 Κλήμης
1666 3293 1806 3350 ἐστὶν
1877 3298 1903 3351 ὁ

1997 3307 2167 3369 quam
2202 3308 2334 3351 cum
2395 3299 2511 3351 tam
2561 3287 2767 3352 multis
2822 3307 2927 3371 pro
2958 3288 3197 3352 Christo
3244 3287 3643 3352 colluctantur

256 3380 452 3435 πείθων
510 3377 630 3453 ἐμὲ,
703 3376 844 3437 ἀλλὰ
921 3381 1145 3456 Χριστὸς
1204 3379 1340 3437 πολὺ
1409 3382 1663 3460 πρότερον
1736 3386 1763 3440 ὸ
1821 3382 1905 3442 διὰ

257 3465 571 3542 Κλήμεντος
647 3489 712 3541 με
776 3467 1301 3545 προσκαλεσάμενος.
1366 3471 1475 3528 Οὒκ
1533 3471 1900 3554 ὶξηπατήθην,

247 3555 390 3612 ἀλλά
448 3563 544 3623 τῆς
603 3557 814 3624 ἀπάτης
875 3557 1083 3631 μᾶλλον
1146 3559 1408 3630 ἀπέστην.
1458 3561 1521 3627 ἧς
1597 3562 1900 3630 ἀποστῆναι

250 3649 340 3702 καὶ
396 3647 532 3721 ὑμᾶς
575 3646 831 3726 εὔχομαι,
877 3648 1095 3726 ἀγαθὸς,
1153 3650 1197 3704 εἰ
1253 3648 1546 3725 βούλοιςθε,
1594 3653 1682 3708 καὶ
1771 3655 1901 3723 ύμῖν

246 3734 479 3814 ἅγγελος
510 3741 608 3804 τῆς
641 3736 895 3805 ἀληθείας
930 3741 1234 3815 γινόμενος.

339 4019 464 4083 fil",
513 4022 688 4077 Ταῦτα
756 4027 846 4076 τοῦ
919 4018 1318 4097 Ἀγαθαγγέλου
1376 4020 1752 4095 διεξελθόντος,
1801 4022 1897 4079 ἐλι-

250 4107 401 4175 πίδος
460 4108 547 4165 ἐπ’
597 4109 740 4184 αὒτῷ
777 4111 957 4177 πάσης
1016 4113 1043 4166 ὁ
1101 4112 1322 4187 ἡγεμὼν
1378 4111 1638 4192 ἀποστὰς,
1674 4111 1894 4190 σιδηρᾶς

249 4220 307 4255 τι
379 4201 604 4275 περόνας
647 4200 882 4278 ἰσχυρῶς
958 4199 1091 4277 ἄγαν
1161 4200 1547 4279 ἐκπυρωθείσας
1605 4205 1741 4260 κατά
1788 4210 1894 4260 τῶν

246 4287 453 4344 ἐκείνου
502 4287 657 4345 ὤτων
716 4286 993 4365 ἐμϐάλλει,
1027 4292 1112 4346 καὶ
1172 4289 1453 4365 λαμπάδας
1499 4292 1722 4372 ἄφθονον
1779 4317 1893 4372 τρε-

245 4378 444 4456 φούσας
499 4379 559 4434 τὸ
617 4385 739 4455 πῦρ,
802 4392 923 4443 ταέ’ς
976 4377 1235 4457 πλευραῖς
1281 4381 1555 4456 ἑκατέραις
1608 4383 1887 4461 προσάγει,

248 4469 500 4542 Δριμείας
564 4466 655 4523 οὖν
718 4467 776 4524 ἰκ
804 4473 911 4523 τῶν
952 4466 1106 4524 ὤτων
1137 4466 1325 4535 ὀδύνης
1373 4472 1699 4550 στρεφούσης
1754 4472 1891 4531 ἔνδο-

1990 3381 2295 3460 periculis,
2334 3390 2391 3443 et
2441 3381 2626 3442 veluti
2678 3380 3001 3458 quemdam
3052 3397 3330 3442 somnum
3379 3390 3635 3443 mortem

1987 3472 2449 3532 contemnimus.
2486 3470 2692 3551 Neque
2733 3478 2822 3532 est
2857 3489 2997 3548 ergo
3030 3471 3330 3541 Clemens,
3358 3470 3461 3549 qui
3484 3471 3635 3535 mihi

1988 3562 2309 3639 persuadet
2342 3584 2356 3635 ;
2390 3561 2494 3622 sed
2528 3560 2798 3623 Christus
2831 3562 3016 3623 multo
3050 3561 3238 3641 prius,
3271 3561 3376 3642 qui
3407 3575 3502 3625 me
3534 3581 3635 3625 vo-

1984 3651 2135 3711 cavit
2182 3670 2288 3730 per
2317 3651 2710 3713 Clementem.
2765 3649 2972 3731 Neque
3004 3651 3294 3731 deceptus
3328 3670 3486 3733 sum,
3521 3652 3631 3717 sed

1984 3738 2183 3820 potius
2229 3739 2482 3801 discessi
2534 3738 2608 3801 ab
2657 3756 2915 3801 errore:
2964 3758 2998 3800 a
3050 3758 3166 3821 quo
3209 3758 3379 3820 rogo,
3411 3747 3476 3800 ut
3525 3758 3630 3803 vos

1983 3847 2221 3909 quoque
2255 3828 2574 3899 recedatis,
2603 3836 2667 3889 ut
2696 3828 2797 3909 qui
2827 3827 2993 3890 vobis
3041 3846 3300 3909 quoque,
3336 3829 3388 3890 si
3425 3830 3626 3913 vultis,

1980 3918 2093 3980 sim
2126 3918 2372 3981 nuntius
2405 3918 2689 3980 veritatis.

2060 4021 2366 4086 LXXXIII.
2389 4021 2526 4083 Haec
2548 4040 2684 4084 cum
2719 4019 2967 4083 dixisset
2985 4018 3623 4101 Agatbangelus,omni

1978 4116 2050 4177 de
2083 4133 2154 4175 eo
2202 4132 2309 4195 spe
2339 4122 2631 4194 concepta
2665 4130 2883 4194 praeses
2933 4111 3274 4189 frustratus,
3308 4119 3369 4173 et
3393 4111 3622 4179 ferreas

1978 4203 2200 4267 fibulas
2248 4204 2417 4265 valde
2445 4221 2728 4265 accensas
2778 4202 2840 4263 in
2889 4200 3052 4263 illius
3079 4218 3257 4263 aures
3308 4201 3527 4282 injicit.
3559 4214 3622 4267 et

1975 4296 2136 4357 faces
2186 4295 2494 4374 copiosum
2526 4297 2725 4373 ignem
2758 4292 2990 4355 alentes
3026 4290 3301 4373 utrisque
3343 4293 3625 4359 admovet

1976 4384 2286 4447 lateribus.
2341 4386 2487 4445 Cum
2522 4383 2679 4445 acris
2722 4382 2922 4464 itaque
2949 4382 3122 4444 dolor
3172 4382 3314 4444 hinc
3345 4400 3417 4445 ex
3460 4386 3622 4447 auri-

1976 4474 2087 4536 bus
2133 4475 2502 4536 intrinsecus
2533 4487 2794 4536 versaret
2823 4471 3166 4545 cerebrum,
3200 4471 3523 4555 fumusque
3555 4485 3615 4539 et

242 4562 328 4613 θεν
379 4560 471 4614 τον
503 4556 826 4637 ἐγκέφαλον,
856 4558 946 4614 καὶ
1002 4566 1204 4615 καπνοῦ
1247 4561 1334 4616 καὶ
1365 4560 1675 4630 σκοτοδίνης
1735 4567 1893 4624 αὖτὶον

1999 4563 2241 4625 enebrm
2268 4565 2324 4625 id
2362 4563 2706 4643 implerent,
2742 4562 2975 4625 fortiter
3020 4562 3077 4623 id
3110 4561 3339 4625 ferebat
3371 4575 3612 4647 martyr,

244 4647 629 4721 ἑμπιπλώσης,
684 4646 954 4726 ἐκαρτέρει
1014 4650 1267 4724 γενναίως
1319 4652 1346 4705 ὃ
1404 4652 1600 4728 μάρτυς
1660 4656 1890 4724 Χριστὸν

1997 4654 2274 4717 lhrislum
2310 4654 2626 4729 confitens,
2663 4661 2721 4714 et
2750 4671 2886 4715 eum
2946 4651 3140 4715 solum
3174 4671 3391 4716 vocans
3421 4655 3480 4717 in
3510 4646 3618 4718 au-

244 4735 549 4814 ὁμολογῶν,
613 4738 700 4793 καὶ
759 4737 922 4812 μόνον
982 4737 1138 4794 αὐτὸν
1202 4740 1276 4804 εἰς
1321 4739 1625 4816 ἐπικουρίαν
1686 4742 1885 4818 καλῶν,

250 4825 522 4900 Δέσποτα,
569 4826 799 4902 κράζων,
853 4826 1029 4894 Ἰησοῦ
1088 4830 1303 4907 Χριστὲ,
1359 4832 1436 4903 μὴ
1496 4853 1763 4910 στερησῃς
1823 4856 1889 4910 με

245 4920 346 4982 τῆς
391 4918 653 4994 μακαρίας
713 4915 922 4983 ἐκείνης
986 4923 1091 4972 τῶν
1148 4918 1420 4979 ἀθανάτων
1489 4920 1699 4999 ἀγαθῶν
1759 4926 1890 4982 ἀπο-

244 5005 513 5085 λαύσεως,
573 5003 710 5063 ἀλλά
779 5003 894 5063 δοὺς
966 5008 1240 5082 ὑπομονήν
1299 5032 1391 5083 μοι
1442 5014 1531 5068 καὶ
1586 5016 1888 5094 καρτερίαν,

247 5096 334 5153 καὶ
394 5093 609 5161 τελείως
666 5095 852 5153 ἀνῦσαί
882 5118 949 5171 με
992 5098 1083 5153 τὸν
1127 5095 1322 5173 δρόμον
1375 5102 1475 5167 τῆς
1523 5108 1626 5170 σῆς
1683 5093 1888 5179 ὁμολοὲ

242 5185 361 5263 γίας
432 5183 763 5251 καταξιώσας
832 5187 1221 5263 συναρίθμησὸν
1294 5211 1362 5263 με
1420 5198 1497 5265 τῷ
1555 5189 1723 5268 δούλῳ
1792 5218 1886 5253 σο)

248 5273 543 5355 κλήμεντι,
596 5276 684 5331 καὶ
729 5281 890 5332 πᾶσιν
950 5278 1005 5331 οἳ
1052 5284 1142 5334 τοῦ
1199 5285 1292 5334 σοῦ
1358 5277 1563 5346 ἐνδόξου
1627 5283 1885 5360 ὀνόματος

237 5363 759 5455 ὓπερήθλησανηότι
815 5364 1116 5436 ὲξέλιπενὴ
1174 5369 1329 5447 ἰσχύς
1388 5392 1512 5446 μου,
1545 5372 1579 5439 ἡ
1611 5369 1667 5428 δὲ
1727 5377 1881 5455 ψυχή

236 5475 341 5528 μου
397 5453 481 5509 ἰπὶ
513 5455 594 5510 σοὶ
653 5452 872 5522 ἤλπισε.
919 5461 1092 5513 Ταῦτα
1137 5457 1165 5512 ὁ
1222 5456 1318 5533 μὲν
1363 5457 1592 5538 ηὔχετο,
1629 5461 1759 5525 Θεὸς
1805 5452 1870 5518 δὲ

238 5541 436 5602 ἄπωθεν
466 5542 728 5607 ἐπετέλει.

316 5766 455 5841 ΠΔ’.
515 5777 612 5839 Καὶ
642 5779 795 5861 γνοὺς
854 5783 883 5839 ὁ
915 5783 1130 5863 ἡγεμὼν
1172 5784 1244 5851 ὡς
1274 5780 1374 5863 ἄρα
1424 5788 1483 5846 ού
1511 5786 1677 5864 μόνον
1729 5789 1878 5851 οὐδὲν

1972 4745 2203 4824 xilium,
2242 4755 2298 4806 et
2324 4744 2588 4806 clamans
2622 4764 2634 4803 :
2670 4744 2925 4806 Domine.
2953 4745 3094 4806 .Iesu
3126 4741 3381 4821 Christe,
3415 4764 3492 4809 ne
3521 4765 3619 4811 me

1975 4835 2302 4915 privaveris
2348 4835 2523 4895 beato
2569 4834 2672 4896 illo
2721 4833 2917 4895 fructu
2965 4833 3256 4896 bonorum
3303 4834 3619 4900 immorta-

1971 4926 2165 5001 lium;
2222 4926 2326 4987 sed
2380 4925 2488 4987 des
2534 4924 2677 4987 mihi
2727 4926 3071 5006 patientiam
3101 4935 3163 4987 et
3209 4925 3612 5004 tolerantiam,

1973 5025 2032 5078 et
2062 5034 2195 5077 cum
2246 5014 2526 5094 dignatus
2559 5032 2656 5077 me
2685 5014 2867 5077 fueris
2894 5016 3192 5097 perficere
3220 5034 3461 5078 cursum
3498 5024 3614 5079 tute

1972 5109 2395 5183 confessionis,
2428 5126 2561 5171 cum
2595 5116 2692 5169 tuo
2721 5108 2941 5171 famulo
2999 5109 3306 5172 Clemente
3337 5126 3432 5170 me
3463 5126 3611 5170 con-

1972 5217 2277 5273 numeres,
2312 5208 2371 5260 et
2413 5217 2547 5261 cum
2581 5199 2884 5275 omnibus,
2918 5199 3020 5281 qui
3071 5218 3176 5280 pro
3206 5197 3465 5278 glorioso
3506 5206 3609 5263 tuo

1969 5290 2213 5353 nomine
2235 5291 2641 5363 deuerterunt,
2668 5290 2947 5372 quoniam
2979 5289 3205 5352 defecit
3232 5289 3419 5352 virtus
3448 5308 3606 5368 mea;

1966 5382 2166 5444 anima
2210 5395 2407 5443 autem
2453 5399 2586 5444 mea
2613 5380 2672 5442 in
2721 5390 2777 5443 te
2824 5380 3104 5461 speravit.
3153 5380 3293 5443 Haec
3324 5379 3429 5444 illa
3475 5386 3607 5464 qui-

1958 5474 2094 5536 dem
2127 5481 2217 5535 est
2267 5480 2567 5555 precatus,
2600 5472 2758 5536 Deus
2801 5481 2998 5534 autem
3031 5489 3103 5534 ex
3149 5471 3269 5536 alto
3299 5472 3427 5538 haec
3456 5493 3604 5557 per-

1956 5562 2120 5627 fecit.

2014 5797 2282 5861 LXXXIV.
2313 5799 2454 5861 Cum
2486 5798 2707 5862 videret
2732 5814 2943 5875 praeses
2975 5800 3125 5863 nihil
3152 5800 3266 5863 sibi
3291 5801 3603 5866 succedere
