4104 6198
441 341 560 420 887
1733 344 2017 409 MENSIS
2073 345 2530 410 JANUARIUS.
3699 340 3826 408 888

451 496 524 560 ex
548 474 989 548 sententia,sed
1015 477 1303 539 athletam
1337 475 1539 556 potius
1562 477 1717 541 efﬁci
1749 479 2094 560 clariorem,
2119 527 2124 537 .

2214 485 2357 557 αυτῷ
2412 484 2548 539 κατὰ
2579 484 2802 562 γνώμην
2859 485 3005 541 ἀνύει
3057 481 3179 540 ἀλλ’
3230 480 3637 559 ἐπιφανέστερον
3683 477 3832 554 μᾶλα

448 569 713 633 abducto
738 566 840 630 illo
864 567 923 627 in
949 566 1173 640 locum,
1203 566 1305 648 qui
1329 565 1668 648 Cryptos,id
1704 578 1794 630 est
1823 569 2102 644 Abditus,

2207 592 2279 627 ιον
2336 573 2426 628 τὸν
2476 571 2715 641 ἀθλητὴν
2776 575 3153 652 ἀπεργάζεται,
3186 572 3484 650 ἀπαγαγὼν
3540 570 3699 626 αὐτὸν
3758 570 3832 631 εἷς

451 659 810 743 appellatur,
847 674 996 718 ense
1048 656 1286 718 beatum
1338 666 1520 737 caput
1569 669 1858 740 amputat,
1896 661 2105 740 quinto

458 749 686 812 mensis
730 745 1113 810 Novembris.
1147 752 1344 828 Atque
1399 757 1619 829 martyr
1669 751 1937 830 quidem,
1970 768 2105 811 cum

449 839 810 901 recessisset
831 837 908 899 ab
937 838 1177 918 iis,quae
1197 845 1334 898 sunt
1356 839 1428 900 ad
1465 847 1796 919 tempus,et
1824 859 1856 900 a
1890 839 2109 901 labori-

453 930 567 992 bus
598 929 888 992 liberatus
919 928 1133 991 fuisset
1167 934 1224 989 et.
1282 930 1628 1007 tormentis,
1661 930 1771 990 fuit
1801 930 1861 991 in
1894 929 2108 1000 ccelis;

456 1029 516 1083 et
545 1019 647 1100 qui
680 1027 864 1080 staret
893 1038 1028 1080 cum
1066 1020 1323 1097 angelis,
1363 1026 1421 1079 et
1455 1037 1590 1080 cum
1625 1019 1860 1100 superis
1891 1020 2110 1080 choros

456 1109 954 1189 duceret,dignus
979 1110 1086 1171 fuit
1111 1109 1520 1184 babitus,cum
1550 1119 1844 1172 certasset
1866 1109 1979 1170 sub
2004 1109 2112 1169 im-

457 1200 833 1283 peratoribus
857 1200 1099 1282 quidem
1125 1199 1493 1261 Diocletiano
1517 1209 1577 1279 et
1599 1197 2110 1274 Maximiano,sub

457 1290 909 1370 magistratibus
934 1301 1131 1352 autem
1156 1290 1516 1369 Agrippino,
1540 1288 2106 1360 Curicio,Domitio,

458 1380 1471 1461 Sacerdote,Maximo,Aphrudisio
1493 1390 1551 1442 et
1579 1379 1891 1441 Lucio.Pia
1911 1388 2108 1439 autem

459 1474 565 1536 illa
619 1482 677 1534 et
710 1480 1038 1550 martyrum
1094 1471 1515 1533 amantissima
1559 1470 1806 1550 Sophia,
1846 1479 2111 1531 materno

461 1581 669 1626 amore
707 1565 769 1623 in
801 1561 1272 1640 Agathangelum
1311 1579 1553 1642 quoque
1585 1578 1840 1620 accensa
1872 1567 2118 1640 propter

467 1671 748 1733 magnum
775 1650 1497 1733 Clementem,postquam
1528 1651 1673 1711 vidit
1695 1657 1929 1723 eum,ut
1956 1657 2117 1726 opta-

2189 663 2280 719 τὸν
2340 665 2580 739 Κρυπτὸν
2640 663 2848 720 ἐκεῖνον
2903 663 3037 721 οὕτω
3091 661 3419 737 καλούμενον
3475 661 3659 740 τόπον,
3695 659 3832 738 ξίφει

2190 751 2289 818 τὴν
2361 753 2628 828 μακαρίαν
2684 752 2924 831 κεφαλὴν
2997 753 3308 828 ἀποτέμνει,
3385 751 3636 825 πέμπτην
3715 751 3837 805 τότε

2192 847 2282 897 τοῦ
2341 838 2633 919 Νοεμϐρίου
2693 845 2861 917 μηνὸς
2917 843 3162 921 ἄγοντος.
3231 834 3286 900 Ὀ
3340 843 3436 915 μὲν
3479 841 3569 898 οὖν
3630 840 3836 916 μάρτυς

2189 930 2377 988 λοιπὸν
2451 930 2693 996 ἀποστὰς
2764 940 2868 989 τῶν
2941 935 3299 1012 προσκαίρων,
3363 932 3451 988 καὶ
3518 930 3679 987 πόνον
3750 930 3841 986 καὶ

2192 1021 2440 1098 βασάνων
2513 1020 2866 1100 ἀπαλλαγεὶς,
2937 1023 2992 1078 ἐν
3061 1023 3308 1099 οὒρανοῖς
3379 1025 3469 1090 ἦν’
3543 1021 3630 1076 καὶ
3703 1019 3842 1094 μετᾶ

2193 1108 2438 1186 ἀγγέλων
2511 1110 2752 1190 ἑστάναι,
2827 1112 2919 1168 καί
3009 1110 3144 1187 μετά
3219 1118 3327 1167 τῶν
3399 1109 3508 1166 ἄνω
3592 1109 3840 1188 χορεύειν

2191 1199 2409 1277 ἠξίωτο,
2444 1199 2684 1266 ἀθλήσας
2737 1200 2828 1258 ἐπί
2862 1202 2959 1276 μὲν
3002 1206 3107 1258 τῶν
3137 1200 3404 1277 βασιλέων
3449 1198 3843 1265 Διοκλητιανοῦ

2194 1291 2282 1346 καὶ
2341 1288 2691 1364 Μαξιμιανοῦ,
2726 1291 2811 1347 ἐπὶ
2867 1291 2918 1347 δὲ
2967 1298 3070 1348 τῶν
3125 1292 3408 1372 ἀρχόντων
3460 1289 3842 1367 Ἀγριππίνου,

2199 1380 2494 1454 Κουρικίου,
2558 1385 2838 1455 Δομετίου,
2894 1380 3258 1460 Σακερδῶτος,
3311 1381 3576 1455 Μαξίμου,
3630 1378 3844 1457 Ἀφρο-

2197 1466 2360 1526 δισίου
2431 1471 2524 1526 καί
2579 1475 2826 1530 Λουκιου.
2884 1465 2945 1528 Ἠ
3003 1471 3058 1528 δέ
3116 1494 3177 1551 γε
3234 1470 3485 1549 θεοφιλὴς
3539 1470 3718 1535 ἐκείνη
3759 1467 3848 1522 καὶ

2199 1558 2523 1639 φιλόμαρτυς
2597 1563 2761 1640 Σοφία
2829 1567 3104 1638 μητρικῶς
3164 1563 3249 1618 καὶ
3300 1558 3704 1638 Ἀγαθαγγέὶου
3765 1557 3848 1613 διὰ

2197 1651 2290 1705 τὸν
2347 1649 2516 1726 μέγαν
2595 1650 2880 1726 Κλήμεντα
2948 1651 3357 1728 περικαιομὲνη,
3419 1650 3635 1725 ἐπείπερ
3699 1647 3848 1704 εἶδεν

464 1745 1178 1819 bat,consummatum,et
1198 1740 1272 1803 ab
1292 1743 1547 1820 iis,quas
1569 1760 1676 1821 pro
1695 1741 1828 1819 ipso
1846 1739 2114 1818 gerebat,

2207 1740 2380 1810 αὐτὸν,
2413 1741 2487 1802 ὡς
2546 1739 2746 1817 ἐπόθει,
2782 1741 3149 1814 τελειωθέντα,
3191 1743 3277 1798 καῖ
3338 1746 3444 1796 τῶν
3499 1740 3629 1816 ὑπὲρ
3689 1741 3851 1797 αὐτοῦ

468 1835 633 1898 curis
656 1843 749 1896 est
775 1831 1135 1905 exsoluta,et
1160 1851 1292 1892 cum
1322 1849 1530 1909 magna
1567 1830 1867 1909 voluptate
1901 1828 2118 1889 tollens

2207 1827 2487 1909 φροντίδων
2543 1829 2726 1904 ἐλύθη,
2759 1834 2848 1888 καὶ
2904 1834 2996 1888 σὺν
3039 1831 3203 1908 ἡδονῇ
3261 1829 3440 1904 πολλῇ
3469 1831 3526 1886 τὸ
3583 1851 3849 1907 μαρτλρι-

467 1925 622 1990 illud
677 1941 895 2002 corpus
927 1921 1342 2002 martyricum,
1381 1929 1438 1982 et
1471 1937 1845 1999 componens
1892 1919 1951 1978 in
1988 1918 2118 1978 loco

2207 1921 2296 1975 σιὸν
2356 1917 2555 1976 ἐκείνου
2607 1923 2762 1996 σῶμα
2812 1921 3110 1995 ἀνελομένη
3169 1921 3264 1977 καί
3296 1918 3671 1997 περιστείλασα
3726 1918 3852 1974 κατ’

469 2011 1033 2086 consummationis,
1068 2012 1129 2073 in
1162 2012 1421 2093 quodam
1456 2010 1736 2090 sepulcro
1771 2008 2116 2089 profundis-

2207 2009 2365 2067 αὐτὸν
2421 2011 2510 2065 τὸν
2563 2013 2660 2077 τῆς
2701 2011 3035 2076 τελειώσεως
3091 2011 3278 2088 τόπον,
3312 2009 3366 2065 ἕν
3417 2031 3519 2064 τινι
3573 2008 3852 2084 βαθυτάτῳ

468 2104 650 2180 sime,
683 2101 743 2162 in
783 2101 1058 2180 ingressu
1101 2101 1308 2182 templi
1343 2099 1506 2182 quod
1537 2099 1663 2162 illic
1693 2106 1785 2161 est
1813 2097 2115 2180 deposuit.

2207 2098 2379 2178 τάφῳ,
2413 2100 2547 2178 πρὸς
2577 2107 2646 2177 τῇ
2677 2111 2770 2160 τοῦ
2800 2101 2978 2160 ἐκεῖσε
3011 2107 3135 2159 ναοῦ
3166 2097 3354 2176 εἰσόδῳ
3383 2098 3654 2160 κατέθετο.

1959 2355 2205 2423 CAPUT
2235 2356 2361 2420 XV.

1179 2549 1557 2632 Martyrium
1601 2549 1719 2614 SS.
1766 2546 2128 2622 Clementis,
2174 2544 2611 2627 Christophorz‘
2654 2557 2711 2615 et
2759 2551 3138 2616 Charitom‘s.

555 2730 852 2798 LXXXV.
886 2730 1220 2795 Prmclarus
1268 2739 1463 2794 autem
1497 2725 1720 2791 Christi
1749 2727 1966 2789 athleta
1996 2724 2124 2788 Cle-

2291 2728 2428 2792 HE'.
2494 2721 2550 2789 Ὀ
2621 2732 2803 2807 μέντοι
2863 2746 3108 2813 γενναῖος
3170 2731 3404 2800 ἀθλητὴς
3464 2736 3558 2787 τοῦ
3629 2731 3855 2798 Χριστοῦ

475 2843 674 2897 mens,
711 2842 844 2884 cum
894 2826 986 2883 sui
1036 2824 1094 2883 in
1149 2821 1478 2883 certamine
1527 2818 1677 2879 socii
1728 2813 2124 2895 Agathangeli

2212 2817 2467 2899 Κλήμης,
2501 2822 2600 2888 τὴν
2658 2830 2751 2879 τοῦ
2812 2823 3068 2881 συνάθλον
3127 2821 3401 2879 τελείωσιν
3461 2816 3862 2896 Ἀγαθαγγέλον

475 2912 887 2976 intellexisset
939 2912 1550 2980 consummationem,
1586 2907 1714 2987 ipse
1746 2924 1988 2987 quoque
2012 2924 2123 2966 vo-

2209 2909 2414 2983 μαθὼν,
2465 2912 2554 2966 καὶ
2611 2910 2804 2979 ἡδονῆς
2863 2915 2951 2970 καί
3025 2914 3178 2974 αὗτὸς
3236 2913 3334 2978 τὴν
3397 2910 3585 2988 ψυχὴν
3657 2907 3860 2986 ἀφέτου

477 3001 731 3079 luptate,
769 3017 901 3078 quae
954 2997 1204 3059 minime
1253 3006 1448 3078 potest
1497 2996 1813 3074 explicari,
1861 2995 2124 3074 repletus

2208 2996 2488 3072 πλησθεὶς,
2524 3003 2598 3064 ὡς
2654 3003 2813 3082 εἶχεν
2847 3002 2933 3060 ἐπὶ
2963 3011 3056 3060 τοῦ
3107 3001 3471 3078 δεσμωτηρίου
3503 2998 3712 3074 πρηνὴς
3762 2995 3858 3050 ἐκ·

478 3090 540 3149 in
591 3105 836 3148 carcere
891 3087 971 3148 ita
1030 3103 1095 3147 ut
1152 3095 1280 3148 erat
1337 3103 1560 3166 pronus
1607 3085 1770 3144 humi
1824 3103 1893 3146 ex
1917 3091 2124 3146 tensu

2213 3089 2395 3152 ταθεές
2469 3097 2545 3161 τῷ
2606 3089 2784 3171 ἐδάφει
2849 3091 3106 3172 (ἐκώλυον
3177 3094 3277 3170 γὰρ
3337 3091 3494 3146 αὐτὸν
3566 3085 3858 3150 ἀναστῆναι

482 3176 861 3258 (prohibebat
894 3176 1056 3237 enim
1110 3195 1184 3238 ne
1225 3183 1523 3254 surgeret,
1557 3173 1784 3252 lignum
1836 3174 1993 3250 quod
2029 3174 2124 3234 ha-

2212 3178 2275 3234 τό
2318 3199 2375 3234 τε
2405 3178 2556 3244 ξύλον
2615 3183 2675 3237 τὸ
2707 3183 2792 3238 ἐπὶ
2821 3196 2940 3246 τοῖς
2973 3185 3096 3240 ποσὶ
3139 3184 3228 3239 καὶ
3259 3184 3286 3238 ὁ
3338 3177 3672 3246 ἐκδεδεμένος
3716 3175 3858 3236 λίθος

481 3265 665 3330 bebat
694 3265 752 3326 in
779 3265 1062 3345 pedibus,
1097 3274 1156 3327 et
1183 3266 1337 3346 lapis
1358 3265 1634 3343 alligatus
1666 3264 1934 3343 corpori)
1964 3265 2124 3325 emit-

2214 3274 2308 3324 τοῦ
2363 3268 2670 3347 σώματος),
2703 3272 2882 3350 ’ξωνὰς
2935 3274 3068 3350 πρὸς
3100 3295 3190 3329 τον
3249 3277 3400 3340 Θεὸν,
3439 3270 3535 3325 οἷα
3566 3269 3704 3328 εἰκὸς
3763 3263 3854 3319 ιδ’

481 3357 667 3430 tebat,
703 3366 772 3416 ut
801 3373 908 3435 par
953 3363 1064 3428 est,
1098 3356 1169 3416 ad
1203 3354 1393 3416 Deum
1444 3371 1644 3426 voces,
1677 3353 1892 3434 quibus
1920 3353 2124 3433 agebat

489 3445 701 3470 ---.ε,,
760 3445 874 3470 ομ.
924 3463 1117 3470 _____-
1151 3445 1206 3470 ε..
1260 3463 1389 3470 μ-..
1447 3453 1709 3470 “mn--.
1745 3461 1966 3470 μη---
2015 3462 2088 3470 _-

2213 3359 2498 3438 χαριστίας
2558 3360 2864 3439 ἐφθέγγετο.
2900 3363 2970 3420 0'3
3029 3363 3126 3437 μὲν
3159 3359 3274 3419 οῦδὲ
3331 3361 3448 3439 περῖ
3481 3359 3634 3415 αὐτὸν
3692 3356 3853 3432 ῥᾳθυ-

2272 3448 2282 3470 ¹
2330 3469 2335 3470 ν
2496 3449 2518 3470 ν
2719 3455 2731 3470 ε
2807 3455 2818 3470 ι
2958 3454 2971 3470 κ
3091 3451 3171 3470 ηπ
3194 3453 3205 3469 ς
3353 3452 3364 3470 ς
3520 3461 3545 3470 ,,
3636 3445 3681 3470 δ,
3701 3469 3718 3470 7
3746 3468 3753 3470 _
3775 3457 3851 3470 Α.-

483 3445 729 3527 gratias.
760 3445 878 3509 Sed
924 3463 1121 3526 neque
1149 3445 1210 3505 in
1255 3463 1391 3505 eum
1442 3453 1715 3505 evaserat
1745 3461 1968 3524 praeses
2015 3462 2128 3505 ne-

486 3536 838 3616 gligentior,
871 3535 978 3598 sed
1031 3545 1251 3617 praeter
1287 3535 1542 3606 vincula,
1579 3543 1638 3595 et
1683 3553 1858 3615 quam
1905 3553 2130 3615 perpe-

486 3626 752 3690 tiebatur
808 3645 876 3690 ex
936 3627 1055 3689 illis
1113 3625 1442 3698 miseriam,
1477 3625 1732 3706 jubebat
1772 3635 2012 3687 centum
2075 3633 2134 3687 et

487 3716 921 3799 quinquaginta
977 3718 1179 3796 plagas
1213 3716 1267 3778 ci
1299 3717 1359 3777 in
1393 3719 1552 3778 vultu
1613 3725 1671 3778 et
1701 3714 1760 3776 in
1793 3717 1987 3795 capite
2033 3714 2132 3776 in-

483 3808 610 3888 ﬂigi
655 3807 948 3890 quotidie.
981 3808 1080 3870 Sic
1123 3825 1265 3885 ergo
1317 3807 1588 3883 quotidie
1638 3824 1705 3867 ex
1751 3824 1822 3867 eo
1873 3803 2136 3867 ﬂuebant

484 3897 596 3960 rivi
636 3896 968 3975 sanguinis,
1006 3905 1070 3957 ut
1119 3898 1250 3976 ipse
1282 3914 1519 3977 quoque
1565 3895 1737 3975 lapis,
1772 3895 1870 3975 qui
1905 3903 2032 3956 erat
2081 3897 2135 3958 ei

485 3987 783 4067 alligatus,
818 3995 879 4048 et
928 3995 1085 4048 totus
1116 3985 1427 4066 subjectus
1479 3986 1650 4047 locus
1679 3985 1851 4046 ﬁeret
1902 4004 2130 4066 purpu-

486 4096 652 4141 reus.
674 4076 865 4138 Nocte
889 4085 1092 4137 autem
1122 4094 1334 4138 rursus
1362 4075 1746 4148 adveniente,
1772 4083 1832 4136 et
1859 4074 1954 4137 lux
1977 4081 2138 4138 circa

487 4168 683 4246 ipsum
744 4165 932 4226 veluti
965 4166 1152 4228 eluxit
1182 4175 1238 4226 et
1272 4167 1472 4245 angeli
1525 4165 1861 4240 astiterunt,
1898 4173 1955 4226 et
2006 4167 2138 4246 ejus

489 4253 767 4319 liberalis
797 4264 1126 4318 consecuta
1154 4262 1244 4316 est
1275 4256 1530 4319 curatio.

2213 3448 2438 3524 μότερον
2495 3449 2654 3528 ἔσχεν
2713 3455 2740 3508 ὁ
2799 3454 3044 3532 ἡγεμὼν,
3082 3451 3219 3508 ἀλλὰ
3281 3452 3406 3527 πρὸς
3454 3461 3573 3512 τοῖς
3632 3445 3851 3518 δεσμοῖς

2214 3538 2311 3594 καί
2368 3545 2435 3614 τῇ
2477 3539 2584 3596 ἀπὸ
2641 3542 2748 3598 τών
2811 3541 3018 3616 δεσμῶν
3079 3542 3294 3598 ὶκείνων
3351 3538 3705 3616 ταλαιπωρίᾳ,
3767 3534 3854 3590 καὶ

2216 3627 2430 3707 πληγὰς
2461 3631 2604 3704 αῦτῷ
2656 3633 2792 3690 κατὰ
2821 3655 2876 3690 τε
2912 3639 3005 3690 τοῦ
3049 3633 3337 3710 προσώπου
3393 3631 3480 3686 καὶ
3523 3634 3621 3694 τῆς
3679 3645 3850 3704 κεφα-

2215 3723 2314 3784 Αῆς
2397 3721 2528 3798 πρὸς
2585 3735 2707 3784 ταῖς
2766 3724 2953 3779 ἐκανὸν
3032 3723 3265 3787 ἑκάστης
3323 3720 3527 3797 ἡμέρας
3603 3717 3851 3773 ἐκτείνειν

2217 3806 2514 3872 ἒκέλευσεν.
2577 3811 2821 3886 Αἵματος
2881 3813 2978 3888 μὲν
3029 3811 3119 3868 οὗν
3149 3811 3286 3868 οὕτω
3338 3809 3453 3866 καθ’
3509 3808 3742 3872 ἑκάστην
3804 3803 3852 3867 ἒξ

2219 3899 2376 3956 αὐτοῦ
2434 3902 2736 3978 κατήγοντο
2792 3901 3002 3981 ρύακες,
3051 3904 3122 3967 ὡς
3175 3904 3264 3958 καὶ
3322 3899 3478 3957 αότὸν
3534 3896 3704 3969 δήπου
3761 3897 3852 3952 τὸν

2217 3987 2553 4065 ὲκδεδεμένον
2611 3993 2770 4052 αὐτοῦ
2827 3992 2990 4071 λίθον,
3028 3993 3114 4049 καὶ
3170 3991 3344 4047 πάντα
3399 3987 3452 4044 δὲ
3485 3991 3578 4060 τὸν¹
3630 3985 3851 4043 ὑποκεί-

2219 4101 2380 4156 μενον
2440 4082 2796 4159 φοινίσσεσθαι
2828 4083 3014 4142 τόπον.
3064 4083 3266 4145 Νυκτὸς
3308 4078 3363 4135 δὲ
3393 4078 3551 4136 πάλιν
3610 4078 3852 4155 ἐπιγινο-

2221 4170 2412 4245 μένης,
2447 4176 2558 4250 φῶς
2592 4193 2646 4226 τε
2688 4174 2808 4248 περὶ
2839 4173 2996 4229 αὐτὸν
3024 4173 3144 4229 οἷον
3193 4170 3481 4245 ἐξέλαμπε,
3515 4169 3604 4225 καὶ
3634 4165 3852 4244 ἄγγελοι

2221 4258 2631 4339 ἐφειστήκεσαν,
2691 4261 2776 4317 καὶ
2851 4264 2886 4329 ἡ
2956 4262 3204 4340 θεραπεία
3278 4259 3574 4340 φιλοτίμως
3656 4256 3859 4324 ἐπηκο-

2221 4348 2394 4406 λούθει
2405 4396 2417 4409 .

548 4434 835 4500 LXXXVI
846 4432 1015 4497 .Cum
1051 4435 1184 4517 ipse
1207 4453 1350 4516 ergo
1373 4446 1435 4498 et
1452 4435 1718 4517 lapidem
1745 4444 1806 4496 et
1827 4433 2062 4496 vincula
2083 4448 2124 4496 e‘

2309 4428 2456 4514 [ις’.
2507 4439 2686 4503 Θῧτως
2717 4440 2807 4496 οὖν
2838 4443 2996 4499 αὐτοῦ
3051 4443 3126 4516 τῷ
3157 4441 3304 4515 λίθῳ,
3337 4441 3424 4496 καὶ
3456 4452 3570 4505 τοῖς
3617 4437 3859 4515 δεσμοῖς,

488 4541 806 4589 nocturnas
827 4528 951 4586 illas
967 4528 1163 4601 plagas
1179 4531 1353 4589 {erret
1372 4531 1594 4588 fortiter
1609 4529 1727 4601 jam
1743 4528 1920 4601 longo
1935 4538 2120 4598 tempo

2223 4531 2312 4586 καὶ
2383 4543 2505 4596 ταῖς
2563 4533 2950 4608 καθημεριναῖς
3012 4531 3239 4594 ἐκείναις
3309 4529 3553 4607 πληγαῖς
3637 4526 3858 4604 διακαρ-

490 4635 582 4693 re,
611 4616 968 4680 Christianis
999 4616 1244 4698 quidem
1285 4619 1410 4698 jam
1443 4624 1615 4679 erant
1641 4616 1788 4680 festa
1819 4615 2124 4677 adventur:

2223 4626 2498 4692 τεροῧντοὲ
2571 4619 2656 4676 ἒπῖ
2699 4623 2894 4698 χρόνον
2952 4619 3055 4689 ἤδη
3113 4623 3339 4700 συχνὸν,
3373 4620 3544 4697 ἑορταὶ
3605 4618 3700 4692 μὲν
3759 4615 3860 4684 ἤδη

489 4711 813 4768 Servatoris
835 4714 1013 4769 nostri
1036 4711 1169 4770 Jesu
1189 4713 1402 4769 Christi
1427 4711 1818 4783 Theophanis:
1834 4714 1926 4782 pia
1952 4720 2124 4767 auten

2226 4717 2566 4787 Χριστιανοῖς
2623 4708 2850 4783 ἔμελλον
2908 4711 2974 4766 τὰ
3031 4717 3121 4766 τοῦ
3181 4709 3428 4786 Σωτῆρος
3479 4713 3633 4782 ἡμῶν
3686 4705 3863 4772 Ἰησοῦ

491 4796 673 4861 etDei
689 4815 897 4859 amans
912 4795 1303 4880 Sophia,quaa
1321 4800 1666 4861 vehementi
1689 4796 1936 4875 quidem
1962 4798 2124 4877 pieta

2224 4805 2450 4876 Χριστοῦ
2499 4800 2787 4876 Θεοφάνια·
2850 4801 2884 4868 ἡ
2933 4798 2987 4856 δέ
3045 4822 3106 4877 γε
3148 4797 3403 4879 θεοφιλὴς
3436 4799 3600 4877 Σοφία
3657 4794 3864 4874 σφοδρῷ

491 4891 563 4950 tis
586 4891 709 4949 zelo
731 4905 964 4961 semper
985 4891 1409 4963 movebatur,et
1429 4891 1648 4964 alioqui
1667 4889 1982 4949 διαί-ηιίωὶ
2006 4903 2124 4946 tum

2224 4890 2321 4964 μὲν
2370 4890 2458 4945 καὶ
2487 4889 2570 4945 ἀεὶ
2598 4893 2676 4961 τῷ
2707 4895 2802 4957 τῆς
2852 4888 3115 4954 εὒσεϐείας
3148 4890 3434 4964 κινουμένη
3479 4887 3649 4962 ζήλῳ,
3683 4885 3861 4950 ἄλλως

490 4975 760 5040 fervebat
784 4977 1212 5058 spiritu,audet
1248 4978 1599 5060 praeclarum
1633 4977 1874 5057 aggredi
1908 4977 2124 5038 facinu:

2221 5001 2279 5037 τε
2334 4977 2388 5034 δὲ
2447 4982 2536 5036 καὶ
2589 4980 2891 5059 θερμοτέρῳ
2958 4987 3252 5047 τηνικαῦτα
3313 4979 3512 5050 ζέσασα
3575 4978 3858 5050 πνεύματι,

489 5077 551 5133 et
579 5068 780 5149 magni
804 5067 1166 5132 animi.Cum
1192 5069 1550 5131 famulorum
1575 5067 1912 5148 accepisset
1944 5064 2141 5126 multi-

489 5159 853 5230 tudinem,et
876 5160 1336 5240 puerorum,qui
1357 5158 1431 5220 ab
1454 5177 1526 5219 ea
1545 5156 2138 5230 alebantur,mascu-

490 5249 582 5310 los
607 5257 664 5313 et
686 5248 1308 5328 feminas,ingreditur
1330 5267 1660 5321 carcerem,
1684 5255 1742 5308 et
1763 5265 1894 5307 cum
1932 5247 2138 5308 vincu-

491 5339 565 5402 lis
587 5339 902 5402 solvissent
926 5339 1548 5421 martyrem,educunt
1570 5357 1601 5400 e
1631 5334 2140 5400 carcere.Deinde

491 5447 633 5492 vero
665 5448 799 5491 cum
827 5429 1048 5510 Sophia
1085 5448 1222 5491 eum
1246 5437 1412 5492 veste
1443 5428 1741 5491 induisset
1770 5426 2047 5500 candida,
2080 5432 2140 5487 et

489 5520 988 5601 superhumerale
1014 5519 1068 5583 ei
1099 5519 1511 5601 imposuisset,
1533 5531 1595 5582 et
1630 5517 1688 5580 ei
1721 5535 1932 5579 manus
1955 5515 2135 5579 tradi-

488 5609 674 5672 disset
696 5609 1248 5690 Evangelium,cum
1275 5611 1477 5674 multis
1495 5606 1872 5691 lampadibus
1895 5615 1955 5669 et
1975 5607 2134 5669 suffi-

493 5699 653 5764 tibus
681 5699 1145 5783 circumsoptum
1167 5701 1502 5768 deducebat
1528 5702 1599 5769 ad
1629 5696 2131 5764 ecclesiam.Cum

2221 5067 2394 5144 τολμᾷ
2443 5091 2493 5126 τι
2552 5083 2802 5148 γενναῖον
2854 5071 2944 5128 καὶ
2979 5069 3248 5147 ἀνδρικόν·
3322 5069 3419 5125 καί
3480 5065 3858 5146 παραλαϐοῦσα

2224 5159 2426 5227 πλῆθός
2485 5181 2543 5216 τε
2589 5161 2834 5230 οἰκετῶν,
2887 5162 2974 5217 καὶ
3031 5161 3137 5217 τῶν
3195 5158 3530 5238 τρεφομένων
3587 5154 3676 5213 ὑπ’
3733 5157 3862 5231 αὒτῇ

2221 5248 2447 5324 παίδων,
2511 5250 2648 5307 ὥσον
2719 5272 2776 5306 τε
2815 5249 2948 5316 θῆλυ
3000 5251 3089 5306 καὶ
3145 5248 3268 5305 ὅσον
3330 5249 3382 5304 ὲν
3443 5246 3650 5326 ἄρρεσιν
3715 5243 3861 5302 ἔνδον

2220 5340 2313 5396 τοῦ
2358 5339 2726 5418 δεσμωτηρίου
2775 5340 3000 5416 γίνεται,
3033 5341 3119 5394 καὶ
3183 5339 3429 5398 λύσαντες
3481 5339 3571 5392 τὸν
3629 5335 3860 5412 μάρτυρα

2220 5430 2328 5486 τῶν
2397 5428 2632 5509 δεσμῶν,
2709 5428 2958 5506 ἐξάγουσι
3016 5429 3108 5484 τοῦ
3173 5427 3559 5505 δεσμωτηρίου,
3634 5425 3862 5480 ’Ἔπειτα

2213 5518 2267 5576 δὲ
2326 5520 2414 5576 καὶ
2444 5518 2644 5586 στολὴν
2701 5519 2844 5592 αὐτῷ
2900 5521 3179 5596 περιθεῖσα
3234 5516 3492 5584 λευκὴνὴ
3552 5516 3740 5592 Σοφία,
3774 5513 3860 5568 καὶ

2211 5611 2311 5677 τὴν
2383 5607 2624 5684 ἐπωμίδα
2708 5605 3098 5687 περιϐαλοῦσα,
3173 5608 3260 5664 καὶ
3342 5607 3530 5686 χερσὶν
3609 5601 3855 5661 ἐπιδοῦσα

2213 5701 2275 5757 τὸ
2331 5697 2675 5779 Εὖκγγέλιον,
2724 5697 2890 5762 οὕτως
2941 5698 3041 5760 ὑπὸ
3098 5695 3331 5762 πολλαῖς
3393 5695 3552 5754 αῦτὸν
3607 5693 3849 5772 λαμπάσι
