4054 6204
301 399 424 466 889
1350 415 1539 480 VITA
1599 416 1658 479 S.
1705 417 2145 482 CLEMENTIS
2204 419 2630 484 ANCYRANI.
3562 420 3681 487 890

301 544 393 602 καὶ
439 542 733 619 θυμιάμασι
785 545 946 620 μέσον
994 546 1425 634 ἀπειλημμένον,
1458 552 1544 611 ἐπὶ
1588 555 1685 622 τὴν
1737 552 1941 622 ἐκκλη-

2053 573 2156 635 psa
2185 562 2380 615 autem
2414 560 2638 614 vestem
2673 572 2910 635 quoque
2933 553 3230 618 induisset
3250 554 3597 633 candidam,
3622 564 3681 617 et

304 636 424 692 σίαν
479 635 818 712 παρέπεμπε.
870 640 1077 708 Λευκὴν
1148 638 1200 696 δὲ
1274 645 1406 712 αὕτη
1467 643 1666 712 στολὴν
1720 645 1948 724 περιϐα-

2059 654 2328 706 nternam
2355 653 2600 724 propter
2617 649 2919 723 egregium
2943 645 3310 708 Clementem
3335 647 3680 709 ostenderet

305 723 534 799 λομένη,
582 729 669 782 καὶ
696 727 796 793 τὴν
855 727 997 786 ἔνδον
1029 732 1116 786 επὶ
1163 739 1238 804 τῷ
1267 734 1491 811 γενναίῳ
1552 723 1822 810 Κλήμεντι
1854 737 1951 801 τῆς

2048 733 2218 794 animi
2249 733 2540 808 laetitiam,
2569 735 2619 794 ei
2654 734 2713 796 in
2749 735 2991 796 sinistra
3025 744 3190 814 parte
3220 755 3459 798 manum
3492 736 3679 816 subji-

306 819 496 894 ψυχῆς
571 814 920 875 ἆποδεικνῦσα
991 819 1340 900 φαιδρότητα,
1415 826 1502 880 καὶ
1583 839 1749 904 χεῖρα
1818 826 1953 880 κατὰ

2048 823 2253 893 :iebat,
2283 840 2418 905 quae
2449 843 2582 885 eum
2617 825 2960 903 sustineret,
2999 836 3056 888 et
3086 825 3159 888 ad
3209 814 3678 906 ingrediendum

303 907 368 961 τὸ
419 906 685 980 εὐώνυμον
721 908 878 986 μέρος
931 911 1186 992 ὑπεῖχεν,
1220 912 1521 993 ἀνέχουσαν
1569 918 1656 972 καὶ
1701 937 1950 994 συναιρο-

305 995 475 1071 μὲνην
520 998 651 1075 πρὸς
682 998 781 1065 τὴν
809 1000 1022 1077 πορείαν
1053 1009 1130 1076 τῷ
1160 1009 1403 1080 μάρτυρι.

387 1112 522 1178 IIZ',
561 1114 680 1172 ’Έτι
712 1115 800 1172 οὗν
833 1117 1058 1196 εἴχοντο
1101 1125 1200 1188 τῆς
1233 1119 1374 1196 ὁδοῦ,
1414 1127 1499 1179 καὶ
1530 1125 1556 1180 ὁ
1589 1123 1756 1202 μέγας
1792 1123 1946 1193 Κλή-

307 1226 443 1280 μης,
479 1204 712 1282 καθάπερ
743 1204 846 1273 ἤδη
891 1208 985 1265 τοῦ
1019 1212 1288 1268 Δεσπότου
1343 1215 1475 1292 πρὸς
1508 1217 1665 1273 αὐτὸν
1713 1217 1945 1272 καλοῦν-

304 1315 399 1356 τος
457 1294 791 1376 αἰσθόμενος,
825 1298 923 1363 τὴν
982 1297 1152 1366 δεξιὰν
1183 1303 1253 1367 εἷς
1310 1305 1400 1359 τὸν
1432 1304 1649 1380 οὖρανὸν
1697 1304 1949 1384 ἀνοσχὼν

308 1385 366 1463 (ἡ
425 1383 576 1463 ἑτέρα
631 1387 731 1465 γὰρ
787 1389 849 1444 τὸ
909 1390 1236 1468 Εὖαγγέλιον
1307 1397 1433 1473 εἶχε
1464 1395 1799 1474 ὑπερηύχετο
1853 1383 1950 1461 τῆς

305 1476 446 1532 κατὰ
527 1483 734 1552 πνεῦμα
819 1480 1025 1557 μητρὸς
1111 1482 1270 1541 αὒτοῦ
1353 1485 1574 1563 Σοφίας,
1658 1486 1952 1564 ὕπερύχετο

2037 915 2224 977 ferret
2253 934 2428 994 opem
2467 916 2735 995 martyri.

2113 1117 2442 1184 LXXXVII.
2491 1121 2708 1184 Adhuc
2741 1130 2938 1186 autem
2973 1132 3140 1186 erant
3173 1125 3231 1185 in
3267 1123 3504 1195 itinere,
3543 1141 3676 1184 cum

2032 1208 2332 1285 Clemens,
2367 1221 2432 1273 ut
2459 1213 2561 1294 qui
2599 1215 2715 1292 iam
2751 1215 3067 1289 sensisset,
3101 1215 3418 1278 Dominum
3444 1232 3578 1275 eum
3605 1213 3678 1274 ad

2035 1319 2099 1362 se
2113 1302 2517 1378 vocantem,in
2539 1304 2756 1366 coelum
2778 1305 3014 1367 sublata
3033 1305 3274 1368 dextera
3290 1305 3497 1385 (altera
3515 1303 3680 1365 enim

2035 1390 2273 1452 tenebat
2305 1392 2747 1476 Evangelium),
2783 1396 2970 1457 oravit
2991 1405 3050 1458 et
3083 1415 3186 1474 pro
3212 1414 3316 1456 sua
3347 1393 3677 1457 secundum

2036 1481 2314 1562 spiritum
2346 1493 2533 1547 matre
2576 1486 2820 1566 Sophia,
2857 1495 2914 1546 et
2945 1486 3131 1548 oravit
3162 1488 3340 1548 etiam
3374 1503 3482 1564 pro
3515 1483 3678 1544 clero

305 1568 403 1622 τοῦ
477 1565 677 1644 κλήρου
748 1569 836 1624 καὶ
881 1578 972 1628 τοῦ
1020 1574 1272 1646 ποιμνίου
1329 1575 1550 1635 παντός’
1597 1575 1783 1650 ᾐτεῖτο
1836 1588 1953 1639 τοῖς

307 1656 753 1732 ἐπικαλουμένοις
817 1659 973 1716 αὐτὸν
1025 1663 1162 1736 μετὰ
1220 1664 1319 1730 τὴν
1376 1662 1609 1720 ἐντεῦθεν
1669 1663 1950 1740 ἐκδημίαν,

307 1749 398 1805 καὶ
448 1747 623 1808 ἄλλως
655 1752 996 1827 θεραπεύουσι
1050 1755 1136 1810 καὶ
1189 1761 1439 1833 τιμῶσιν,
1473 1756 1754 1831 ἀντίληψιν
1812 1758 1953 1833 παρά

2039 1580 2098 1633 et
2129 1577 2406 1634 universo
2438 1593 2641 1653 grege,
2681 1583 2737 1636 et
2773 1576 2942 1656 petiit
2971 1577 3071 1649 iis,
3119 1578 3221 1654 qui
3259 1575 3453 1655 ipsum
3503 1573 3677 1633 invo-

2037 1671 2270 1735 carent,
2299 1672 2608 1743 postquam
2643 1665 2786 1727 hinc
2810 1667 3190 1739 excessisset,
3220 1675 3433 1727 etcum
3456 1662 3680 1743 alioqui

2036 1751 2402 1814 honorarent
2453 1763 2512 1816 et
2559 1756 2854 1826 colerent,
2905 1756 3144 1818 Domini
3175 1756 3590 1817 defensionem
3624 1759 3685 1814 et

310 1840 500 1912 Κυρίου
557 1841 645 1896 καὶ
676 1843 965 1922 σωτηρίαν,
1000 1846 1086 1900 καὶ
1146 1851 1250 1900 πᾶν
1280 1845 1361 1901 ὅτι
1393 1868 1491 1924 περ
1539 1849 1601 1901 ἂν
1633 1847 1817 1911 αὺτοῖς
1876 1849 1948 1910 εἷς

2048 1843 2310 1916 salutem,
2345 1851 2403 1904 et
2432 1844 2725 1926 quidquid
2757 1847 2828 1906 ad
2862 1866 3068 1908 eorum
3103 1847 3450 1927 petitionem
3486 1844 3681 1905 tribu-

307 1930 536 1997 αἴτησιν
693 1933 824 2006 πρὸς
895 1934 954 1988 τὸ
1018 1934 1282 2014 συμφέρον
1348 1937 1815 2012 οἱκονομούμενον,
1863 1940 1950 1993 καὶ

2048 1951 2161 1993 :uin
2190 1932 2453 1994 futurum
2479 1945 2638 1995 esset
2657 1937 2744 1996 eis
2766 1937 2911 1997 utile
2933 1955 2947 1999 :
2968 1945 3025 1996 et
3045 1936 3129 1997 sic
3153 1947 3456 2016 postremo
3479 1950 3678 2006 orans,

306 2020 561 2096 δεόμενος
615 2020 754 2079 οὕτω
783 2024 848 2080 τὰ
897 2023 1206 2104 τελευταῖα,
1242 2024 1435 2082 εἴσεισι
1480 2029 1617 2102 μετὰ.
1646 2032 1744 2095 τῆς
1788 2027 1948 2108 φιλο-

2048 2039 2168 2084 :um
2206 2032 2526 2105 martyrum
2561 2035 2800 2088 amante
2825 2025 3072 2106 Sophia,
3099 2035 3158 2088 et
3188 2028 3261 2088 iis
3286 2025 3387 2106 qui
3412 2043 3546 2086 eum
3580 2023 3684 2082 de-

306 2113 570 2190 μάρτυρος
628 2114 824 2192 Σοφὶας
865 2116 955 2171 καὶ
1013 2122 1119 2172 τῶν
1162 2120 1634 2196 παραπεμπόντων
1693 2118 1792 2186 τὴν
1853 2117 1948 2174 ἐκ·

2048 2113 2359 2187 lurebant,
2379 2115 2720 2193 ingreditur
2746 2119 3090 2180 ecclesiam.
3111 2120 3312 2193 Atque
3333 2116 3414 2178 illi
3439 2115 3681 2196 quidem

305 2202 560 2270 κλησίαν.
607 2201 844 2261 Ἐκεῖνοι
902 2205 1002 2280 μὲν
1059 2208 1146 2264 οὖν
1191 2207 1433 2287 μοχλοῖς
1479 2211 1566 2266 καὶ
1625 2207 1799 2265 κλεισὶ
1856 2210 1952 2272 τὰς

2048 2223 2172 2266 :um
2207 2205 2478 2267 clavibus
2510 2215 2571 2268 et
2601 2207 2872 2268 vectibus
2893 2208 3056 2270 fores
3089 2209 3443 2269 muniissent
3475 2206 3681 2277 (time-

306 2292 469 2369 θάρας
536 2291 959 2374 ἀσφαλισάμενοι
1030 2294 1314 2372 (ἐδεδίεσαν
1378 2299 1478 2376 γὰρ
1524 2297 1600 2372 μῆ
1655 2319 1793 2361 τινες
1851 2300 1951 2354 αύ-

2048 2294 2182 2356 bant
2211 2295 2396 2370 enim,
2433 2314 2508 2356 ne
2538 2297 2724 2376 aliqui
2769 2316 2838 2358 ex
2874 2299 3076 2378 impiis
3106 2299 3163 2358 in
3197 2316 3300 2358 eos
3333 2297 3680 2368 irruerent),

308 2383 430 2447 τοῖς
503 2389 610 2441 τῶν
676 2383 880 2442 ἀσεϐῶν
951 2387 1295 2465 ὶπιπέσωσι),
1363 2385 1449 2447 διὰ
1517 2389 1694 2456 πάσης
1770 2390 1953 2452 νυκτὸς

2048 2392 2158 2444 tota
2182 2393 2358 2446 nocte
2382 2386 2699 2448 canebant.
2730 2390 3045 2464 Postquam
3075 2397 3270 2449 autem
3298 2387 3426 2448 dies
3446 2384 3684 2446 advenit

313 2471 533 2545 ᾄδοντες
582 2473 736 2542 ἧσον,
787 2465 881 2538 Ὠς
930 2473 984 2532 δὲ
1028 2477 1115 2532 καὶ
1143 2479 1178 2546 ἡ
1239 2479 1499 2557 σωτήριος
1529 2477 1704 2556 ἡμέρα
1753 2482 1953 2555 παρῆν,

2048 2474 2338 2548 salutaris,
2366 2475 2639 2555 jucunde
2677 2485 2736 2538 et
2765 2479 3032 2539 suaviter
3061 2477 3417 2539 illucessens
3446 2491 3678 2549 eorum,

312 2562 534 2643 φαιδρὸν
589 2587 640 2622 τι
670 2563 789 2621 λίαν
843 2567 932 2623 καὶ
994 2565 1090 2635 ἡδὺ
1133 2567 1418 2643 λάμπουσα
1475 2581 1597 2634 ταῖς
1653 2573 1759 2624 τῶν
1802 2566 1958 2632 ἀξίων

314 2659 523 2735 ψυχατ,
555 2653 817 2732 λαμπρῶς
871 2654 1007 2733 ἄγαν
1064 2659 1092 2713 ὃ
1141 2659 1339 2735 μάρτυς
1386 2659 1486 2726 την
1515 2659 1656 2736 ἱερὰν
1714 2656 1959 2736 λειτουρ-

317 2744 437 2820 γίαν
493 2743 828 2819 διατελέσας,
863 2747 950 2802 καὶ
993 2769 1088 2823 τῃς
1148 2748 1418 2827 ἀχράντου
1447 2750 1779 2815 κοινωνήσας
1837 2761 1957 2810 τοῖς

313 2842 539 2912 παροῦσι
612 2837 700 2891 καὶ
771 2837 1099 2911 ἀναιμάκτου
1169 2839 1366 2912 θυσίος,
1416 2843 1537 2895 εἶτα
1608 2837 1704 2895 καὶ
1760 2836 1957 2916 γλυκὺν

312 2925 497 2990 αὐτοῖς
549 2927 610 2982 τὸ
641 2933 732 2983 τοῦ
763 2934 987 3004 Χριστοῦ
1042 2927 1230 3004 κλῆμα
1259 2931 1350 2985 τόν
1381 2932 1532 2986 οἰνον
1561 2932 1659 2997 τῆς
1701 2925 1954 2986 διδασκα-

312 3011 428 3079 λίας
456 3015 736 3082 ἀπέσταξε.

393 3129 538 3190 ΠΗ’.
588 3130 857 3206 Περιδεεϊς
910 3130 964 3188 δὲ
1017 3133 1202 3200 αὖτοὺς
1255 3135 1343 3192 καὶ
1401 3138 1733 3204 καταφόϐους
1787 3143 1950 3217 ὁρῶν,

2041 2564 2142 2643 qui
2177 2564 2341 2642 digni
2374 2575 2571 2636 erant,
2605 2567 2846 2640 animis,
2878 2586 3015 2629 cum
3045 2566 3325 2647 praeclare
3355 2563 3678 2626 admodum

2043 2664 2266 2735 martyr
2311 2673 2516 2716 sacum
2567 2656 2934 2719 celebrasset
2980 2657 3404 2731 ministerium,
3439 2662 3497 2714 et
3526 2654 3681 2714 inte-

2042 2752 2270 2806 merato
2303 2754 2361 2806 et
2393 2746 2714 2808 incruento
2745 2766 2849 2808 eos
2867 2748 2966 2828 qui
2993 2747 3263 2820 aderant,
3291 2743 3684 2823 impertiisset

2039 2835 2363 2909 sacriﬁcio,
2419 2835 2506 2897 eis
2557 2839 2757 2899 suavis
2807 2836 3025 2900 Christi
3077 2837 3326 2918 palmes,
3382 2834 3683 2912 Clemens,

2038 2924 2306 3006 inquam,
2343 2926 2431 2988 eis
2461 2927 2776 2990 instillavit
2803 2927 2980 2990 dulce
3012 2934 3211 2990 vinum
3243 2924 3556 2990 doctrinae.

2117 3140 2483 3207 LXXXVIII.
2538 3143 2682 3206 Cum
2720 3151 2917 3206 autem
2950 3143 3183 3206 videret
3215 3141 3596 3226 perturbatos
3631 3150 3689 3204 et

313 3224 405 3291 οἷα
449 3241 568 3278 τινα
600 3221 706 3277 τῶν
754 3223 992 3280 ἆπίστων
1022 3221 1299 3280 ἐπέλευαιν
1349 3227 1762 3305 ὑποπτεύοντας,
1796 3231 1953 3310 ἐπέρι

2048 3231 2256 3293 timore
2278 3234 2548 3305 affectos,
2581 3235 2764 3314 utqui
2792 3221 3245 3315 suspicarentur
3273 3235 3398 3296 fore
3422 3235 3684 3310 aliquam

313 3311 480 3388 ρωσεν
536 3311 708 3368 αὒτῶν
764 3313 830 3368 τὰ
873 3315 1206 3392 γρονήματα,
1246 3315 1339 3372 καί
1400 3319 1497 3386 την
1548 3318 1742 3378 δειλίαν
1795 3303 1953 3379 ἐκϐέ-

2048 3322 2382 3383 infidelium
2420 3303 2855 3400 incursionem,
2885 3303 3259 3387 confirmavit
3280 3344 3486 3386 eorum
3512 3323 3688 3402 spiri-

316 3400 510 3475 ὄληκε,
557 3404 755 3481 φανερὰ
811 3406 898 3460 καὶ
957 3403 1047 3461 ὑπ’
1105 3405 1408 3482 ὀφθαλμοὺς
1464 3412 1644 3473 αὗτοϊς
1694 3416 1758 3468 τὰ
1816 3413 1953 3488 μέλ-

2048 3421 2162 3488 tus,
2201 3421 2259 3473 et
2290 3432 2424 3473 cum
2459 3433 2590 3494 quae
2621 3413 2820 3475 futura
2851 3425 3042 3490 erant,
3078 3434 3286 3477 eorum
3333 3400 3690 3494 subjecisset

318 3491 482 3550 λοντα
563 3491 928 3568 συμϐήσεπθαι
1009 3499 1401 3572 παραστήσας,
1491 3507 1746 3575 Θαρσεῖτε
1831 3505 1953 3581 γὰρ,

2048 3503 2281 3566 oculis:
2333 3491 2519 3578 Bono,
2574 3503 2789 3584 inquit,
2841 3505 2968 3565 sitis
3001 3507 3222 3578 animo,
3274 3491 3509 3576 fratres,
3568 3522 3688 3564 non

319 3585 502 3664 φησὶν,
537 3582 749 3663 ἀδελφοὶ
799 3589 1066 3663 θαρσεῖτε⁶
1101 3587 1187 3649 εἷς
1219 3586 1270 3653 ἐξ
1328 3590 1476 3663 ὑμῶν
1507 3590 1602 3646 οὒκ
1644 3591 1953 3668 ἀπολεῖται,

2048 3593 2266 3672 peribit
2299 3612 2454 3654 unus
2487 3613 2557 3655 ex
2587 3582 2756 3653 vobis
2817 3595 2944 3656 Duo
2974 3603 3169 3655 autem
3207 3596 3472 3673 quidam,
3500 3604 3556 3656 et
3581 3613 3688 3672 ego

319 3673 407 3730 δύο
449 3671 505 3730 δέ
562 3695 700 3737 τινες
759 3676 848 3731 καὶ
904 3676 1079 3752 τρίτος
1140 3676 1249 3754 ἆγὼ
1311 3679 1400 3732 σὺν
1456 3681 1664 3753 αὐτοῖς,
1698 3680 1800 3748 ἤδη
1858 3683 1953 3749 τὴν

2048 3671 2258 3742 tertius
2305 3699 2438 3741 cum
2493 3681 2580 3741 eis
2632 3692 2968 3762 prostremo
3000 3700 3032 3741 a
3063 3671 3239 3741 vobis
3289 3671 3684 3742 excedemus.

317 3764 623 3822 τελευταίαν
679 3761 937 3838 ἔκδημίαν
989 3765 1082 3845 ἀφ’
1112 3767 1260 3841 ὑμῶν
1311 3766 1711 3843 ἑκδημήσομεψ
1773 3769 1953 3827 ἔπειτα

2048 3771 2270 3834 Deinde
2300 3761 2719 3850 exstinguetur
2744 3771 3012 3852 quidem,
3049 3790 3179 3851 qua;
3223 3773 3385 3832 sagvit
3417 3773 3477 3831 in
3510 3769 3686 3832 Chri-

319 3851 668 3921 σόεσθήσεται
740 3856 838 3928 μὲν
883 3857 916 3924 ἡ
972 3857 1109 3912 κατὰ
1165 3863 1492 3934 Χριστιανῶν
1550 3858 1734 3923 λύσσα,
1773 3862 1953 3940 εἰρήνη

2048 3861 2290 3934 stianos,
2324 3861 2523 3922 rabies
2559 3877 2572 3922 :
2609 3860 2841 3922 orietur
2867 3876 3006 3920 vero
3044 3879 3151 3938 pax
3185 3861 3244 3920 in
3279 3861 3534 3939 imperio
3566 3859 3684 3920 Ro-

316 3942 374 4002 δε
423 3945 555 4022 πρὸς
601 3945 667 4000 τὰ
713 3935 990 4018 Ῥωμαίων
1022 3945 1295 4021 ἀνατελεῒ,
1330 3950 1416 4004 καὶ
1470 3955 1612 4006 πᾶσα
1656 3935 1830 4012 πόλις⁷
1871 3953 1953 4008 vui

2048 3970 2357 4012 manorum
2396 3969 2410 4013 :
2449 3951 2764 4032 omnisque
2816 3951 3020 4011 civitas
3044 3935 3109 4011 et
3141 3951 3306 4029 regio
3338 3935 3687 4028 implebitur

315 4036 475 4116 χώρα
544 4037 645 4102 τῆς
703 4035 1047 4114 ἰπιγνώσεως
1118 4037 1488 4109 πλησθήσεται
1559 4050 1650 4100 to")
1706 4044 1953 4118 Χριστσῦ⁴

2048 4040 2260 4105 Christi
2311 4041 2654 4121 cognitione
2689 4060 2702 4104 :
2740 4051 2798 4102 et
2830 4040 3138 4119 aperietur
3189 4040 3435 4120 quidem
3483 4036 3681 4098 omnis

319 4147 386 4182 κα
443 4126 787 4202 ἀνοιγήσεται
834 4128 946 4209 μὲν.
991 4127 1130 4194 ἄπας
1204 4131 1230 4184 ὁ
1287 4131 1424 4206 ἱερὸς
1483 4130 1662 4204 οἶκος,
1708 4130 1953 4201 κλεισθή-

2048 4133 2204 4193 aedes
2234 4151 2426 4208 sacra,
2461 4131 2818 4193 claudentur
2859 4140 3060 4192 autem
3098 4131 3315 4209 templa
3347 4128 3682 4209 gentilium,

315 4236 498 4273 σονται
557 4213 609 4270 δὲ
669 4217 715 4272 oi
772 4223 879 4272 τῶν
935 4207 1208 4287 Ἐλλήνων
1266 4221 1401 4290 ναοὶ,
1435 4221 1522 4275 καὶ
1579 4219 1856 4300 φεύξονται
1914 4215 1953 4276 οἳ

2048 4232 2103 4284 et
2132 4223 2383 4301 fugient,
2414 4207 2516 4302 qui
2550 4222 2611 4283 in
2646 4223 2754 4288 eis.
2801 4225 3075 4291 adorant,
3125 4230 3182 4282 et
3214 4207 3308 4294 eo,
3354 4207 3473 4301 quo
3526 4236 3686 4281 nunc

317 4305 730 4383 προσκυνοῦντες
792 4305 846 4362 ἒν
879 4306 1089 4379 αὒτοῖς,
1124 4307 1220 4363 καὶ
1251 4311 1343 4364 τὸν
1399 4308 1561 4388 φόϐον
1603 4312 1758 4385 ἡμῶν
1811 4312 1953 4368 αύτοὶ

2048 4330 2169 4386 vos,
2208 4311 2322 4392 ipsi
2355 4310 2568 4372 timore
2613 4312 2974 4374 afficientur.
3031 4309 3154 4372 Hoc
3204 4320 3400 4371 autem
3453 4320 3692 4386 tempus

314 4393 730 4473 φοϐηθήσονται.
785 4387 843 4454 Ὀ
877 4395 932 4452 δὲ
964 4399 1144 4475 καὶρὸς
1188 4398 1336 4462 οὗτος
1369 4387 1550 4478 ἐγγὺς,
1587 4403 1675 4457 καὶ
1717 4423 1857 4463 τινες
1903 4403 1953 4470 ἐξ

2048 4387 2376 4482 prope-est,
2416 4410 2473 4462 et
2519 4403 2760 4482 quidam
2793 4421 2862 4465 ex
2899 4399 3066 4461 vobis
3111 4399 3398 4462 videbunt
3445 4415 3691 4461 eiersos

307 4487 456 4561 δμῶν
489 4485 588 4553 τὴν
620 4487 993 4564 καταστροφὴν
1055 4493 1158 4542 τῶν
1191 4485 1477 4544 διοκόντων
1506 4491 1650 4563 ἡμᾶς
1701 4490 1948 4566 ὄψονται.

391 4601 523 4665 ΠΘ’.
584 4613 759 4662 Ταῦτα
815 4603 1016 4660 ἐκείνου
1072 4610 1285 4682 γυμνῶς
1331 4603 1468 4661 οὕτω
1519 4607 1607 4662 καὶ
1669 4607 1948 4666 ἀποκεκα-

311 4693 594 4768 λυμμένως
658 4706 776 4758 τοῖς
850 4700 1075 4771 παροῦσι
1118 4690 1424 4772 διεξιόντος,
1475 4695 1824 4775 φιλοχριστός
1893 4721 1949 4755 τε

315 4786 403 4842 καὶ
433 4782 758 4864 φιλόμαρτυς
817 4784 983 4863 Σοφία
1029 4784 1232 4857 μεστὴν
1288 4783 1481 4852 ἡδο-ρης
1544 4784 1744 4862 ἐπίτῷ
1804 4787 1954 4856 Κλή-

315 4897 466 4950 μεντι
498 4879 586 4931 καὶ
617 4872 970 4952 φαιδρότητος
1029 4873 1230 4954 ἔχουσα
1261 4875 1358 4943 τὴν
1401 4874 1641 4954 καρδίαν,
1674 4879 1852 4956 χήρας
1898 4900 1956 4934 τε

313 4967 403 5023 καὶ
471 4964 726 5045 ὀρφανοὺς
773 4963 1071 5036 συνεκάλει,
1120 4965 1205 5020 καὶ
1254 4964 1409 5032 ἄρτον
1460 4965 1643 5031 αὐτοῖς
1711 4969 1798 5022 καὶ
1842 4967 1957 5024 ἑδέ-

315 5078 488 5131 σματο
545 5056 634 5112 καὶ
694 5067 839 5111 οτνον
899 5053 1097 5132 ἄφθονα
1153 5055 1450 5132 προσετίθει
1505 5057 1699 5133 πάντα,
1747 5059 1835 5112 καὶ
1882 5060 1957 5120 ὡς

315 5149 348 5215 ἡ
408 5147 530 5226 χεὶρ
563 5145 722 5224 εἶχεν
781 5142 1061 5210 ἐδεξιοῦτο.
1121 5145 1293 5202 Τᾶῦτα
1355 5144 1451 5218 μὲν
1510 5145 1598 5201 οὖν
1654 5144 1959 5215 δωδεκάτην

316 5235 436 5304 ἑξῆς
490 5236 731 5292 ἐτελεῖτο
782 5234 1007 5312 ἡμέραν,
1045 5236 1131 5289 καὶ
1173 5232 1462 5314 φιλοτίμως
1493 5236 1613 5298 τοὺς
1672 5235 1958 5315 παραϐάλ-

315 5327 506 5391 λοντας
548 5326 584 5393 ἠ
625 5324 789 5405 Σοφία
821 5323 1008 5396 εἱστία,
1046 5324 1139 5380 καί
1199 5324 1336 5392 ἦσαν
1379 5323 1433 5378 ἐν
1491 5325 1703 5402 ἑορταῖς
1763 5327 1956 5390 πάντες

316 5420 404 5475 καὶ
461 5415 780 5480 εὒπαθείαις,
817 5415 905 5470 καὶ
953 5412 1262 5488 Κλήμεντος
1311 5413 1410 5481 τὴν
1443 5411 1769 5488 ἐπεκδημίαν
1819 5416 1955 5493 ἑώρ-

315 5515 496 5578 ταζον·
562 5505 671 5561 Emi
705 5501 759 5559 δὲ
808 5506 896 5560 καὶ
947 5506 980 5572 ἡ
1020 5504 1310 5583 προθεσμία
1367 5507 1538 5578 πορῆν
1572 5504 1840 5582 (Κυριακή
1901 5504 1954 5561 δὲ

316 5597 382 5668 ἧν
425 5597 460 5666 ἡ
493 5593 686 5676 ἥμερα)
722 5595 812 5652 τὸν
843 5593 1078 5664 ἀθλητὴν
1135 5594 1241 5652 ἀπὸ
1273 5596 1370 5664 τῆς
1415 5593 1686 5674 παρούσης
1720 5592 1954 5653 καλοῦσα

2037 4503 2481 4571 persecutores.

2115 4607 2414 4672 LXXXIX.
2449 4607 2586 4672 Hac
2609 4627 2742 4670 cum
2767 4608 2868 4670 ille
2891 4615 3006 4668 tam
3036 4615 3244 4687 aperte
3263 4608 3591 4669 dissereret
3611 4606 3688 4668 iis

2039 4697 2135 4776 qui
2165 4697 2438 4770 aderant,
2470 4697 2688 4758 Christi
2715 4707 2774 4758 et
2799 4707 3123 4776 martyrum
3150 4697 3556 4757 amantissima
3583 4696 3688 4759 So-

2043 4786 2205 4865 phia,
2225 4788 2479 4848 maximo
2499 4787 2714 4866 gaudio
2738 4797 2800 4849 et
2825 4787 3027 4847 laetitia
3053 4797 3294 4867 propter
3315 4787 3686 4848 Clementem

2039 4875 2099 4937 in
2134 4877 2316 4938 corde
2348 4878 2546 4957 plena,
2582 4877 2951 4938 consocabat
3003 4877 3210 4938 viduas
3258 4886 3316 4938 et
3359 4878 3684 4958 orphanos,

2043 4984 2379 5047 panemque
2412 4977 2466 5028 et
2499 4966 2700 5028 cibum
2733 4977 2790 5028 et
2821 4968 3021 5027 vinum
3057 4967 3144 5028 eis
3173 4967 3413 5028 abunde
3464 4984 3689 5045 suppe-

2043 5054 2288 5126 ditabat,
2325 5065 2381 5117 et
2415 5075 2520 5136 pro
2543 5057 2768 5117 viribus
2801 5075 2906 5117 eos
2936 5059 3469 5135 complectabatur.
3496 5057 3689 5132 Atque

2043 5145 2168 5207 haec
2201 5147 2441 5226 quidem
2475 5147 2790 5213 duodecim
2829 5147 3118 5225 deinceps
3150 5146 3281 5206 dies
3322 5146 3474 5204 facta
3521 5153 3682 5218 sunt,

2042 5245 2100 5297 et
2118 5255 2245 5307 eos,
2264 5236 2364 5316 qui
2390 5236 2782 5306 accedebant,
2805 5235 3072 5297 convivio
3101 5234 3436 5295 liberaliter
3455 5233 3688 5314 accepit

2041 5324 2282 5406 Sophia,
2337 5326 2643 5407 festosque
2674 5326 2805 5386 dies
2855 5323 3241 5387 celebrabant
3299 5330 3358 5384 et
3410 5324 3687 5386 hilariter

2037 5414 2474 5494 transigebant,
2501 5426 2560 5478 et
2585 5415 2915 5480 Clementis
2936 5413 3254 5475 adventum
3281 5414 3681 5477 honorabant.

2040 5503 2182 5566 Cum
2230 5515 2427 5566 autem
2475 5507 2600 5587 jam
2653 5507 2781 5566 dies
2829 5504 3067 5565 adesset
3119 5505 3482 5583 priestitutus
3528 5505 3687 5585 (erat

2039 5613 2178 5658 vero
2231 5595 2363 5661 dies
2395 5595 2766 5678 Dominicus)
2817 5611 2853 5657 ι
2904 5594 3180 5684 praesenti
3229 5596 3345 5660 vita
3395 5595 3680 5663 athletam
