4054 6204
406 312 516 383 891

1688 298 1981 382 ’ΜΕΝδΙε
2019 317 2477 385 JANUARIUS.

3656 317 3796 385 892

405 449 797 525 evocans,ille
817 448 1057 533 quidem
1084 448 1349 511 divinum
1363 449 1633 513 celebrat
1652 450 2037 517 sacriﬁcium.

2130 460 2298 531 ζωῆς,
2333 458 2361 512 ὁ
2419 453 2518 532 μὲν
2546 450 2810 535 ἐτύγχανε
2869 453 2967 523 τὴν
2996 455 3139 511 θείαν
3181 453 3517 533 λειτουργίαν
3575 456 3797 535 ἱερουρ-

402 538 726 623 Postquam
758 551 953 603 autem
976 538 1238 621 perfecta
1270 540 1537 617 fuerant,
1564 561 1695 623 quae
1721 561 2046 607 consueve-

404 640 561 706 rant,
586 641 645 693 et
677 631 997 709 participes
1018 630 1261 692 fuerunt
1291 630 1505 694 ﬁdeles
1528 631 1743 695 viviﬁci
1772 635 2047 715 corporis

406 730 464 782 et
494 721 825 800 sanguinis,
857 719 1074 782 divinis
1104 720 1301 782 adhuc
1334 720 1506 783 donis
1539 722 1600 784 in
1631 741 1799 785 sacra
1844 743 2049 787 mensa

401 810 745 890 propositis,
780 818 841 872 et
868 811 941 871 ad
975 829 1043 873 ea
1076 820 1332 892 martyre
1364 813 1585 875 collum
1638 812 1898 876 habente
1948 815 2046 878 in-

399 898 710 970 clinatum,
765 900 1008 977 quidam
1069 919 1139 964 ex
1187 901 1654 981 magistratibus,
1706 903 2049 966 Alexander

398 988 908 1070 nomine,impetu
929 1000 1181 1073 repente
1208 992 1360 1054 facto
1386 1011 1518 1054 cum
1549 992 2048 1074 militibus,jubet

398 1078 499 1139 uni
554 1097 621 1140 ex
674 1079 799 1141 suis
828 1092 1143 1162 amputare
1196 1100 1430 1144 sacrum
1486 1091 1661 1163 caput
1691 1083 2040 1148 Clementis.

395 1166 629 1231 Deinde
659 1170 839 1231 etiam
873 1171 1296 1234 intemeratam
1352 1171 1720 1235 oblationem
1770 1176 1827 1254 (ο
1862 1182 2044 1251 tuam,

394 1257 629 1321 Christe
653 1277 780 1332 rex,
811 1262 1154 1340 patientiam
1182 1266 1225 1339 ί)
1252 1263 1610 1344 dejecerunt
1633 1263 1694 1325 in
1720 1272 1961 1341 terram,
1988 1276 2048 1329 et

395 1348 659 1430 profanis
692 1351 951 1433 pedibus
984 1352 1221 1433 profani
1252 1352 1704 1417 conculcarunt.
1742 1354 1938 1433 Atque
1960 1357 2045 1419 sic

392 1439 633 1518 quidem
656 1460 909 1521 magnus
928 1442 1031 1506 ille
1052 1443 1331 1507 Clemens
1354 1443 2041 1524 sacriﬁcans,acceptum

392 1545 501 1609 pro
534 1530 738 1612 aliquo
768 1533 887 1594 alio
921 1534 1281 1596 sacriﬁcium
1313 1535 1443 1614 ipse
1475 1536 1597 1597 Deo
1629 1535 1900 1597 oll‘ertur.
1930 1537 2046 1598 Eo-

2129 547 2258 622 γῶν.
2319 536 2414 611 Ὠς
2467 543 2521 601 δὲ
2578 568 2751 603 παντα
2807 543 3061 613 ἒτελέσθη
3122 545 3188 603 τὰ
3232 547 3476 619 εἰωθότα,
3540 545 3631 601 καὶ
3683 551 3797 602 τοῦ

2128 643 2395 707 ζωοποιοῦ
2456 636 2728 717 μετέσχον
2758 637 2806 694 οἱ
2858 639 3044 693 πιστοὶ
3080 636 3331 712 σώματός
3373 657 3431 693 τε
3460 637 3551 693 καὶ
3600 635 3796 711 αἵμα-

2129 748 2247 800 τος,
2309 726 2384 781 ἔτι
2439 726 2546 782 τῶν
2603 729 2754 783 θείων
2815 724 2997 805 δώρων
3044 733 3140 796 τῆς
3200 729 3344 803 ἱερᾶς
3407 726 3794 804 προκειμένων

2128 814 2416 893 τραπέξης,
2495 815 2590 873 καῖ
2657 825 2749 875 τοῦ
2829 818 3090 896 μάρτυρος
3171 815 3594 889 ὑποκεκ).ιμένον
3679 819 3797 874 αὖ·

2130 920 2247 971 τοῖς
2316 905 2538 985 ἔχοντος
2612 907 2703 963 τὸ)
2760 905 2988 986 αὒχένα,
3036 907 3172 982 μετὰ
3213 904 3451 976 πλήθους
3518 926 3798 986 στρατιω-

2127 995 2233 1051 τῶν
2293 994 2479 1075 ἄρχων
2528 1017 2632 1074 τις,
2697 992 3033 1073 Ἀλέξανδρος
3091 996 3282 1071 ὄνομα,
3331 996 3392 1051 ἐκ
3449 1003 3541 1052 τοῦ
3596 996 3793 1073 αἰφνι-

2126 1082 2237 1140 δίου
2310 1085 2647 1142 ἐπεισπεσὼν
2710 1084 2915 1141 κελεύει
2973 1092 3078 1142 τῶι
3131 1086 3221 1141 ὑπ’
3279 1086 3454 1142 αὐτῶν
3507 1085 3583 1142 ἐνὶ
3640 1082 3794 1163 ξίφει

2131 1175 2228 1243 τὴν
2299 1177 2443 1253 ἱερὰν
2500 1178 2589 1233 καὶ
2669 1176 2813 1234 θείαν
2882 1178 2977 1232 τοῦ
3054 1176 3368 1251 Κλήμεντος
3450 1175 3790 1249 ἀποτέμνειν

2129 1263 2389 1344 κεφαλὴν.
2454 1266 2590 1323 Εἶτα
2647 1267 2734 1322 καὶ
2787 1264 2887 1334 τὴν
2935 1262 3202 1345 ἄχραντον
3262 1265 3588 1346 προσφορὰν,
3637 1264 3794 1345 (ὅση

2129 1375 2242 1427 σου,
2320 1354 2510 1434 Χριστὲ
2584 1354 2826 1432 βασιλεῦ,
2901 1358 2937 1425 ἡ
2994 1357 3319 1435 κακροθυμία
3353 1356 3389 1434 ί)
3459 1355 3595 1411 κατὰ
3668 1359 3793 1432 γῆς

2127 1441 2420 1525 ἐῤῥέπτουν,
2460 1447 2548 1502 καὶ
2590 1446 2716 1503 ποσί
2755 1442 3003 1522 βεϐήλοις
3063 1448 3110 1502 οἱ
3140 1443 3362 1522 βέϐηλοι
3412 1445 3795 1504 κατεπάτουν.

2125 1532 2276 1591 Οὕτω
2334 1536 2433 1609 μὲν
2492 1536 2581 1593 οὖν
2624 1537 2760 1593 θύων
2794 1538 2822 1592 6
2878 1537 3048 1614 μέγας
3109 1538 3365 1616 Κλήμης,
3394 1540 3529 1610 θῦμα
3580 1534 3793 1591 δεκτὸν

391 1635 524 1680 rum
561 1630 763 1683 autem
800 1623 900 1703 qui
931 1624 1185 1686 aderant
1232 1625 1576 1703 multitudo,
1639 1624 1741 1687 alii
1796 1626 2037 1705 quidem

2124 1620 2239 1679 ἀντ’
2289 1623 2450 1681 ἄλλου
2507 1626 2649 1690 τινός
2703 1627 2861 1689 αὗτδς
2917 1626 3245 1704 προσάγεται
3293 1632 3371 1699 τῷ
3427 1632 3562 1700 Θεῷ·
3607 1626 3669 1681 τὸ
3722 1622 3793 1682 δὲ

389 1721 771 1775 recesserunt
796 1712 1228 1795 lacrymantes;
1260 1716 1378 1777 duo
1402 1735 1541 1779 vero
1562 1715 1674 1778 soli
1698 1734 1767 1777 ex
1796 1715 2034 1793 Levitis,

2124 1714 2228 1770 τῶν
2284 1716 2640 1794 παρεστώτων
2697 1716 2929 1791 πλῆθος,
2988 1718 3036 1774 οἱ
3089 1716 3187 1793 μὲν
3242 1715 3395 1772 ἄλλοι
3452 1713 3795 1793 δακρύοντες

389 1799 491 1880 qui
514 1803 694 1864 etiam
722 1803 1077 1866 intemerato
1103 1805 1521 1868 ministrabant
1543 1805 1862 1880 sacriﬁcio,
1888 1824 2037 1868 unus

2124 1805 2462 1884 ὑπεχώρουν,
2523 1804 2611 1863 δύο
2666 1804 2721 1863 δέ
2775 1807 2930 1881 μόνοι
2981 1813 3089 1864 τῶν
3143 1811 3404 1877 Λευῖτῶν,
3452 1809 3506 1863 o'i
3559 1807 3649 1863 καὶ
3704 1812 3795 1883 τῇ

390 1888 632 1971 quidem
696 1891 1215 1974 Christophorus,
1271 1896 1426 1958 alter
1494 1904 1689 1957 autem
1754 1894 2036 1959 Chariten

2124 1893 2375 1973 ἆχράντῳ
2403 1896 2551 1969 θύσίᾳ
2588 1894 2987 1971 διακονούμενοι
3030 1896 3191 1970 ἦσαν,
3224 1898 3251 1952 6
3308 1896 3406 1970 μὲν
3460 1896 3792 1976 Χριστοφόο

390 1981 661 2058 nomine,
693 1990 760 2044 ut
788 1984 918 2065 ipse
950 1984 1117 2065 prius
1145 1987 1503 2065 signiﬁcavit
1533 1986 1773 2060 beatus,
1818 1986 1889 2046 ad
1936 1986 2035 2047 di-

2124 2005 2232 2058 ρος,
2267 1987 2295 2041 6
2325 1983 2380 2041 δὲ
2433 1986 2671 2064 Χαρίτων
2702 1986 3046 2062 καλούμενοι,
3079 1987 3155 2049 ὡς
3209 1986 3365 2050 αὐτὸς
3405 1984 3790 2064 προαγγείλας

384 2068 584 2133 vinam
616 2073 859 2154 quidem
904 2074 1037 2155 ejus
1068 2094 1335 2140 mensam
1369 2076 1614 2142 beatum
1649 2075 1761 2157 ipsi
1795 2095 2036 2159 quoque

386 2159 566 2223 ﬁnem
598 2174 986 2244 acceperunt.

470 2250 587 2316 XC.
619 2252 844 2317 Fidelis
866 2262 1060 2318 autem
1079 2254 1324 2338 Sophia,
1341 2275 1476 2339 quae
1500 2275 1713 2339 magno
1737 2256 2029 2321 Clementi

386 2341 497 2406 fuit
527 2362 595 2405 ex
625 2342 748 2407 Deo
780 2353 970 2407 mater
999 2355 1056 2408 et
1085 2346 1285 2408 nutrix
1318 2360 1376 2409 et
1408 2346 1765 2422 institutrix,
1799 2368 1933 2412 cum
1967 2349 2029 2412 in

383 2435 521 2497 aula
548 2434 843 2498 tutissima
867 2434 1116 2499 haberet
1146 2436 1337 2500 ﬁlium
1367 2440 1726 2519 repositum,
1755 2438 1933 2520 etqui
1952 2440 2025 2501 ad

381 2542 678 2605 supernas
712 2526 1034 2590 transierat
1063 2546 1341 2604 coronas,
1369 2538 1427 2591 et
1454 2528 1857 2591 immobilium
1890 2529 2031 2591 illo—

381 2632 515 2677 rum
576 2614 873 2678 bonorum
939 2618 1492 2687 remunerationes.
1556 2617 2027 2680 sollicitudinem

379 2722 621 2767 omnem
652 2706 891 2769 solvens
922 2715 983 2771 et
1011 2726 1352 2785 maerorem,
1385 2717 1445 2771 et
1490 2708 1877 2771 lucernarum
1923 2726 2026 2771 ac-

378 2794 583 2857 cendit
605 2795 1395 2877 multitudinem,multaque
1419 2816 1767 2879 perpessum
1789 2808 1847 2862 et
1869 2806 2024 2877 quod

381 2884 567 2946 multa
595 2886 817 2948 vicerat
860 2889 1219 2965 certamina,
1273 2895 1363 2951 sui
1414 2888 1765 2951 amicissimi
1809 2889 2030 2951 mortui

378 2974 599 3037 tollens
623 2993 864 3058 corpus,
894 2979 1132 3040 mundis
1154 2978 1418 3041 vestibus
1442 2987 1497 3039 et
1520 2978 1724 3041 linteis
1754 2978 2026 3053 involvit,

381 3075 443 3125 et
472 3068 532 3125 in
565 3064 696 3146 ipso
733 3068 981 3149 templo,
1036 3069 1196 3147 quod
1236 3079 1329 3132 est
1359 3069 1420 3131 in
1451 3069 1612 3143 loco,
1665 3075 1760 3150 qui
1808 3069 2031 3133 dicitur

2117 2073 2183 2141 ἧν
2242 2078 2269 2132 ὁ
2302 2079 2587 2156 μακάριος,
2622 2077 2783 2135 αὐτου
2842 2100 2944 2136 που
2972 2076 3117 2152 παρὰ
3171 2077 3239 2151 τῇ
3264 2076 3375 2149 θείᾳ
3419 2077 3650 2155 τραπέζῃ
3708 2076 3789 2133 τὸ

2116 2164 2379 2244 μακάριον
2407 2167 2496 2224 καί
2524 2168 2673 2225 αὐτοὶ
2701 2166 2856 2228 τέλος
2886 2164 3119 2231 ἐδέξατο.

2197 2245 2279 2332 4’.
2345 2244 2407 2312 Ἠ
2436 2253 2617 2331 μέντοι
2670 2255 2834 2324 πιστὴ
2862 2255 3029 2335 Σοφία
3086 2256 3122 2323 ἡ
3154 2257 3249 2312 καὶ
3296 2256 3479 2330 μήτηρ
3521 2261 3598 2329 τῷ
3655 2276 3786 2329 με-

2113 2344 2265 2423 γάλῳ
2324 2344 2594 2421 Κλήμεντι
2650 2345 2786 2402 κατὰ
2843 2345 2996 2419 Θεὸν,
3029 2343 3119 2402 καί
3173 2346 3390 2426 τροφὸς,
3422 2345 3511 2401 καὶ
3558 2344 3786 2402 παιδα-

2112 2437 2285 2514 γωγὸς
2340 2435 2629 2516 γενομένη,
2660 2432 2846 2502 ἐπειδή
2895 2435 2984 2492 καὶ
3044 2434 3137 2491 τὸν
3167 2436 3278 2491 υἱὸν
3328 2432 3433 2503 ἤδη
3463 2432 3653 2492 λοιπὸν
3715 2438 3784 2494 ἒν

2113 2525 2296 2600 6wqu;
2347 2523 2672 2582 ἀποτεθέντα
2702 2525 2832 2605 εἶχε
2885 2524 3111 2600 ταμείῳ,
3159 2523 3256 2582 καὶ
3312 2526 3446 2603 πρὸς
3474 2525 3595 2589 τοὺς
3651 2524 3786 2583 ἄνω

2113 2612 2369 2672 διαϐάντα
2426 2616 2736 2695 στεφάνους,
2764 2615 2852 2672 καὶ
2893 2620 3001 2671 τῶν
3052 2614 3316 2687 ἀκινήτων
3345 2616 3556 2693 ἀγαθῶν
3614 2612 3786 2671 ἐκεί-

2114 2728 2218 2763 νων
2291 2705 2386 2769 τὰς
2453 2704 2748 2769 ἀντιδόσεις
2807 2701 3079 2783 φροντίδος
3131 2705 3311 2772 πάσης
3384 2705 3472 2760 καὶ
3526 2704 3780 2781 ἀγωνίας

2114 2796 2309 2864 ἑαυτὴν
2368 2795 2604 2869 ἀνιεῖσα,
2655 2793 2951 2871 λαμπάδων
3008 2816 3068 2851 τε
3124 2793 3329 2863 πλῆθος
3383 2793 3628 2870 ἀνάπτει,
3671 2792 3780 2849 καὶ

2112 2885 2333 2954 ἡδίσνης
2389 2882 2609 2949 εὐωδίας
2662 2886 2753 2942 τὸν
2808 2883 2936 2963 ἀέρα
2994 2882 3223 2958 πληροῖ,
3271 2885 3440 2947 θείους
3498 2905 3556 2940 τε
3614 2887 3781 2955 αἱ)τῷ

2111 2976 2304 3051 ὕμνους
2381 2975 2585 3049 ἔπάδει,
2644 2976 2732 3032 καὶ
2786 2972 2924 3031 οὕτω
2994 2975 3087 3031 τὸν
3158 2973 3438 3051 πολυπαθῆ
3508 2976 3594 3031 καὶ
3652 2997 3782 3033 πο-

2112 3065 2334 3123 λύαθλον
2406 3066 2616 3124 ἐκεῖνον
2699 3071 2790 3122 τοῦ
2865 3062 3122 3145 φιλτάτου
3206 3063 3508 3140 ἀνελομένη
3576 3066 3783 3144 νεκρὸν

379 3153 650 3235 Cryptos,
687 3159 1041 3239 praeclarum
1073 3161 1362 3241 praeclare
1393 3160 1679 3241 deponit:
1712 3159 1817 3222 ubi
1843 3166 2023 3223 etiam

2124 3157 2375 3231 ἓοθήμασί
2430 3178 2486 3212 τε
2542 3156 2632 3213 καὶ
2689 3153 2891 3212 σινδόσι
2951 3158 3206 3233 καθαροῖς
3268 3155 3608 3231 περιελίττει,
3665 3157 3778 3212 καὶ

379 3243 546 3325 prius
577 3244 939 3326 deposuerat
964 3248 1469 3329 Agathangelum,
1519 3257 1579 3309 ut
1609 3249 1714 3310 uni
1746 3250 2025 3330 sepulcro

2124 3248 2163 3300 iv
2211 3246 2352 3320 αὗτῷ
2383 3249 2461 3319 τῷ
2486 3246 2621 3302 κατὰ
2650 3245 2742 3301 τὸν
2792 3247 2957 3301 τόπον
2990 3252 3121 3320 ναῷ,
3158 3246 3218 3309 ’ὃς
3267 3244 3369 3322 ἄρα
3401 3246 3488 3302 καὶ
3521 3247 3777 3323 Κρυπτὸς

378 3334 771 3399 crederentur
805 3356 1085 3418 corpora,
1123 3357 1380 3416 quorum
1413 3338 1648 3400 animas
1680 3338 1843 3401 idem
1891 3341 2023 3404 caali

2124 3336 2382 3410 ἐκαλεῖτο,
2442 3334 2687 3411 λαμπρὸν
2746 3334 3007 3411 λαμπρῶς
3097 3337 3458 3414 κατατίθεται,
3510 3336 3603 3391 ’ἕνα
3665 3338 3775 3393 καὶ

334 3432 335 3435 ‘
377 3427 639 3507 suscepit
693 3427 1173 3490 tabernaculum.
1232 3426 1426 3509 Prope
1479 3447 1583 3491 eos
1630 3439 1856 3507 autem,
1891 3431 2027 3494 illos

2124 3429 2203 3483 τὸν
2277 3423 2679 3504 Ἀγαθάγγελον
2751 3424 3017 3504 ἐτύγχανε
3077 3425 3543 3503 προκαταθεμένη,
3604 3425 3772 3491 ὅπως

377 3515 555 3578 etiam
591 3517 805 3596 sepelit
835 3515 1146 3590 diaconos,
1173 3516 1275 3597 qui
1298 3536 1431 3578 cum
1466 3536 1676 3597 magno
1713 3517 2027 3583 Clemente

2124 3518 2199 3574 uti
2270 3517 2435 3596 τάφος
2508 3518 2592 3578 εἷς
2660 3515 2727 3570 τὰ
2785 3515 3014 3590 σώματα
3069 3519 3348 3592 πιστευθῇ,
3400 3516 3476 3572 ὧν
3530 3517 3563 3582 ἡ
3621 3516 3772 3584 αὒτὴ

377 3615 893 3681 concertaverant,
931 3626 1050 3689 quo
1075 3607 1131 3667 in
1164 3608 1296 3669 loco
1332 3626 1537 3670 eorum
1571 3628 1818 3687 quoque
1844 3629 2021 3690 paria

2124 3606 2288 3673 τκηνὴ
2332 3607 2418 3662 καὶ
2449 3606 2541 3669 τὰς
2575 3606 2758 3684 ψυχὰς
2789 3604 2843 3660 ἒν
2888 3607 3135 3681 οὐρανοῖς
3164 3603 3472 3670 ὑπεδέξατο,
3521 3603 3774 3671 Πλησίον

376 3695 669 3758 aediﬁcata
691 3707 775 3758 est
802 3696 1073 3760 aedicula.
1097 3697 1331 3761 Deinde
1355 3717 1488 3760 cum
1517 3696 1847 3762 Clementis
1866 3719 2026 3763 asse-

2124 3696 2164 3753 i‘a
2220 3698 2307 3752 καὶ
2367 3695 2554 3758 αὐτοὺς
2616 3696 2804 3751 θάπτει
2861 3695 2982 3757 τοὺς
3039 3695 3469 3765 συναθλήσαντας
3516 3701 3594 3769 τῷ
3650 3717 3772 3770 με-

354 3785 564 3848 ‘disset
594 3789 902 3867 sepulcro,
935 3788 1059 3850 haec
1093 3789 1591 3868 humanitateque
1616 3796 1678 3852 et
1708 3791 2025 3853 aﬁectione

2124 3786 2260 3867 γάλῳ
2316 3785 2587 3861 Κλήμεντι
2642 3781 2947 3863 διακόνους,
2979 3784 3101 3842 ἔνθα
3136 3787 3224 3842 καὶ
3282 3784 3446 3863 μικρά
3475 3806 3554 3847 τις
3606 3786 3770 3860 ᾠκο-

377 3877 552 3958 plena
570 3875 751 3939 verba
782 3879 1221 3960 eloquebatur:
1257 3878 1380 3957 Ego
1407 3880 1650 3960 quidem
1687 3899 1809 3956 vos,
1833 3900 1866 3943 ο
1889 3881 2019 3957 ﬁlii,

2124 3879 2312 3953 ῖόμητο
2371 3877 2586 3933 ἐκείνων
2658 3876 2820 3933 οἰκία.
2873 3876 3012 3933 Εἶτα
3070 3876 3474 3954 παρακαθίσασα
3529 3882 3608 3951 τῷ
3661 3881 3769 3933 τοῦ

372 3966 431 4029 in
462 3968 701 4049 Crypto,
729 3967 788 4028 id
823 3980 913 4031 est
945 3970 1002 4031 in
1035 3970 1263 4045 abdito,
1300 3970 1554 4051 deposui
1585 3987 1598 4031 :
1630 3970 1736 4031 sed
1760 3989 1860 4031 vos
1886 3989 2022 4032 om-

2124 3967 2425 4041 ίλήμεντος
2480 3965 2654 4045 τάφῳ,
2703 3965 2839 4022 οὕτω
2898 3986 3011 4030 πως
3076 3965 3435 4046 ὑπεφθέγγετο
3492 3966 3558 4023 τὰ
3626 3986 3767 4042 γεν-

372 4057 516 4119 nino
577 4058 845 4121 Christus
883 4059 946 4122 in
1005 4069 1211 4141 aperto
1280 4059 1541 4121 deducet
1598 4057 1660 4119 in
1722 4060 2019 4140 requiem,

2124 4072 2234 4114 γαῖα
2281 4061 2427 4114 ταυτὶ
2484 4057 2572 4113 καὶ
2644 4055 2990 4134 φιλάνθρωπα
3048 4057 3136 4112 καὶ
3193 4058 3461 4134 περιπαθῇ
3514 4054 3760 4132 ῥήματα·

371 4156 617 4225 propler
639 4165 812 4227 quem
844 4156 929 4209 tot
959 4159 1016 4209 et
1048 4157 1206 4211 tanta
1236 4156 1430 4209 vestra
1462 4156 1676 4229 sponte
1709 4149 1830 4227 pati
1862 4148 2024 4210 dele-

2131 4150 2252 4225 Εγὼ
2302 4148 2398 4224 μὲν
2432 4149 2590 4225 ⁸)μᾶς,
2622 4148 2667 4204 ὦ
2697 4145 2881 4221 τέκνα,
2914 4144 2970 4201 ἐν
3016 4154 3093 4220 τῷ
3141 4150 3369 4221 Κρυπτῷ
3427 4144 3759 4222 κατεθέμην,

370 4235 564 4311 gistis,
598 4243 659 4296 et
690 4236 858 4298 vobis
891 4237 1130 4317 dignam
1166 4238 1355 4299 eodem
1393 4237 1704 4314 excitabit,
1739 4248 1797 4301 et
1826 4249 2021 4302 vestra

2124 4238 2240 4294 ὶλλὰ
2311 4238 2533 4315 Χριστὸς
2595 4235 2650 4291 ἐν
2709 4242 2786 4309 τῷ
2846 4240 3056 4314 φανερῷ
3115 4242 3324 4299 πάντως
3378 4233 3757 4293 διαναπαύσει⁸

371 4344 624 4407 corpora
649 4326 710 4387 in
737 4346 805 4389 ea
822 4336 1214 4409 reponentur.
1231 4327 1419 4390 Porro
1437 4337 1637 4390 autem
1665 4348 1758 4391 me
1780 4349 2019 4411 quoque

2124 4328 2171 4384 ἶι⁹
2223 4328 2282 4384 ὃν
2311 4329 2399 4384 καὶ
2443 4327 2509 4382 τὰ
2563 4333 2797 4383 τοσαῦτα
2848 4329 3038 4382 παθεῖν
3086 4323 3258 4391 ἡδέως
3301 4324 3635 4401 προείλεσθε,
3665 4328 3763 4383 καὶ

361 4417 487 4497 jam
508 4421 577 4479 ad
594 4436 697 4478 vos
710 4426 878 4479 vocat
894 4426 1334 4499 senectus,quze
1356 4428 1672 4500 prepterea
1694 4419 1752 4480 in
1780 4420 2019 4482 hodier-

2124 4419 2256 4475 ιῖκον
2307 4419 2435 4491 ὑμῖν
2469 4414 2608 4481 ἄξιον
2662 4415 2976 4483 ἀναστήσει,
3011 4417 3098 4472 καὶ
3146 4416 3210 4473 τὰ
3243 4416 3470 4489 σώματα
3514 4415 3661 4489 ἐμῶν
3701 4416 3760 4472 ἰν

368 4526 510 4569 num
546 4526 735 4589 usque
762 4506 921 4572 diem
946 4517 1035 4569 est
1065 4518 1435 4579 conservata.
1467 4518 1531 4570 ut
1552 4508 1719 4572 vobis
1743 4528 2017 4573 commu-

2124 4510 2245 4583 ιε’)τῷ
2316 4508 2671 4575 ἀποθήσεται.
2738 4505 2888 4580 Κάμὲ
2956 4502 3010 4560 δὲ
3063 4507 3124 4561 τὸ
3179 4505 3346 4582 γῆρας
3404 4502 3508 4572 ἤδη
3564 4502 3760 4562 λοιπὸν

369 4615 506 4658 nem
526 4597 774 4659 omnino
797 4616 1116 4679 congeram
1138 4600 1469 4680 pulverem,
1488 4618 1637 4680 quos
1668 4618 1741 4661 ne
1766 4599 2012 4681 longum

2124 4598 2262 4654 ιαλεῖ
2312 4598 2442 4674 πρὸς
2498 4597 2661 4669 ὑμᾶς,
2696 4592 2782 4651 διὰ
2840 4604 2993 4654 τοῦτο
3045 4595 3131 4651 καὶ
3191 4596 3261 4657 εἷς
3307 4592 3458 4668 δεῦρο
3500 4598 3762 4663 τηρηθεῖο

328 4728 331 4733 η
366 4684 610 4769 quidem
639 4694 876 4758 tempus
899 4689 1163 4770 martyrii
1187 4707 1221 4751 a
1246 4707 1310 4751 se
1335 4689 1594 4750 invicem
1620 4691 2018 4769 separavit,et

2124 4711 2221 4757 raw,
2269 4685 2363 4742 ’ίνα
2413 4686 2629 4749 πάντως
2701 4685 2880 4752 κοινὴν
2938 4686 3065 4757 ὕμῖν
3125 4682 3385 4764 ἐπιχῶσω
3442 4685 3610 4763 κόνιν,
3662 4685 3758 4749 οὓς

369 4777 659 4858 meipsam
693 4776 859 4840 vobis
891 4779 1207 4859 pulchrum
1259 4779 1495 4842 bustum
1534 4779 1860 4859 praebeam.
1895 4779 2015 4844 Sed

2124 4775 2218 4837 ὧδὲ
2251 4779 2278 4833 6
2333 4775 2537 4853 μακρὸς
2584 4772 2676 4830 ἀπ’
2736 4771 2990 4843 ἀλλήλων
3047 4783 3139 4833 τοῦ
3182 4774 3466 4852 μαρτυρίου
3505 4770 3759 4839 διέστησε

368 4876 536 4930 orate
566 4886 674 4949 pro
706 4887 825 4943 me,
884 4888 918 4931 ο
969 4869 1334 4946 cbarissimi,
1381 4887 1513 4950 quas
1541 4887 1674 4931 sum
1710 4875 1923 4951 mater,
1958 4880 2014 4933 et

2124 4865 2323 4948 ερόνος,
2360 4866 2446 4922 καὶ
2476 4862 2642 4921 καλὸν
2686 4863 2924 4940 ἐμαυτὴν
2975 4863 3244 4944 παράσχω
3277 4862 3547 4945 ἐντάφιον,
3600 4862 3756 4920 Ἀλλ’

366 4958 593 5034 nutrix,
626 4964 689 5020 et
717 4959 990 5039 supplex,
1025 4965 1089 5019 ut
1122 4957 1344 5038 possim
1378 4958 1536 5019 sicut
1568 4959 1689 5032 hic,
1725 4958 1803 5019 ita
1835 4960 2012 5021 etiam

2124 4956 2310 5023 ῧξασθε
2367 4954 2498 5033 ὑπὲρ
2555 4958 2710 5030 εμοῦ,
2765 4953 3037 5035 φίλτατοι,
3095 4954 3193 5022 τῆς
3252 4955 3342 5011 καὶ
3399 4956 3632 5034 μητρὸς,
3662 4952 3756 5010 καὶ

366 5045 491 5110 illic
509 5066 753 5129 quoque
770 5066 902 5111 esse
925 5066 1112 5130 prope
1130 5054 1334 5125 vos,et
1355 5048 1509 5129 apud
1535 5047 1856 5111 Dominum
1885 5066 2015 5129 pos-

2124 5053 2316 5127 ’ροφοῦ,
2370 5046 2457 5102 καὶ
2514 5043 2762 5119 ἱκέτιδος,
2811 5043 2947 5101 ὥστε
3019 5041 3307 5112 δυνηθῆναι
3374 5043 3611 5121 καθάπερ
3666 5045 3759 5100 ὶν-

364 5135 480 5199 sim
512 5155 756 5217 quoque
779 5156 1023 5220 parvam
1053 5138 1312 5220 aliquam
1337 5137 1561 5201 habere
1588 5137 1888 5202 ﬁduciam.
1906 5139 2014 5202 At-

2124 5140 2284 5216 έαῦθα,
2319 5135 2458 5192 οὕτω
2515 5137 2609 5191 καί
2642 5134 2822 5192 αὐτόθι
2855 5131 3094 5214 γένεσθαί
3151 5154 3252 5190 που
3284 5131 3516 5201 πλησίον
3571 5134 3751 5213 ὑμῶν,

366 5243 484 5307 que
509 5226 611 5289 illa
640 5228 882 5309 quidem
913 5229 1041 5291 haec
1063 5227 1224 5308 apud
1254 5228 1597 5310 sepulcrum
1633 5228 2012 5311 loquebatur,

2124 5230 2185 5286 ιαὶ
2229 5232 2421 5304 μικρᾶς
2477 5246 2618 5290 τινος
2686 5225 2824 5298 καμὲ
2883 5223 3011 5303 πρὸς
3068 5225 3159 5281 τὸν
3218 5224 3399 5281 κοινὸν
3467 5224 3754 5291 Δεσπότην

371 5324 429 5377 et
454 5317 824 5396 sensimjuna
847 5337 982 5381 cum
1002 5324 1145 5381 vdce
1168 5318 1342 5381 etiam
1369 5318 1692 5381 eﬁluebant
1714 5320 2010 5401 lacrymaa.

2124 5320 2423 5383 ιοινωνῆσαι
2480 5317 2578 5381 τῆς
2638 5313 2953 5393 παρρησίας,
3016 5314 3083 5372 ’Β
3138 5313 3236 5391 μὲν
3293 5312 3383 5372 οὖν
3456 5314 3602 5395 παρὰ
3670 5320 3752 5390 τῷ

361 5406 516 5487 τάφῳ
546 5416 711 5466 ταῦτα
740 5409 1048 5490 ἒφθέγγετο,
1079 5412 1167 5467 καὶ
1198 5411 1380 5491 ἡσυχῆ
1410 5412 1545 5478 μετὰ
1575 5411 1641 5477 τῆ
1672 5411 1840 5492 φονῆς
1873 5412 2117 5494 παρέῤῥει
2146 5410 2232 5469 καί
2265 5406 2484 5486 δάκρυα.

442 5494 586 5559 XCI.
627 5498 952 5561 Praeclarus
982 5505 1179 5561 autem
1213 5490 1435 5563 Christi
1464 5490 1695 5562 athleta
1732 5490 2023 5564 Clemens

2186 5495 2317 5578 4A..
2378 5496 2447 5554 uo
2499 5518 2560 5575 γε
2611 5498 2721 5571 μὴν
2777 5498 3025 5574 γενητὰς
3089 5501 3182 5552 τοῦ
3237 5499 3466 5573 Χριστοῦ
3507 5490 3755 5562 ἀθλητὴς

367 5585 531 5665 (nam
590 5605 725 5650 cum
761 5588 855 5662 iis,
892 5607 1023 5669 quae
1065 5587 1224 5651 dicta
1272 5596 1433 5662 sunt,
1496 5606 1685 5669 pauca
1738 5591 2013 5671 quaedam

2124 5590 2336 5663 (λήμης
2390 5587 2605 5668 (μικρὸν
2664 5586 2766 5665 γὰρ
2821 5585 2896 5643 ἔτι
2952 5598 3070 5650 τοῖς
3142 5583 3442 5663 εἰρημένοις
3502 5585 3752 5663 προσθεὶς

363 5676 671 5756 adjecero,
702 5677 904 5741 ﬁniam
937 5679 1294 5758 orationem)
1319 5688 1606 5763 perpetuo
1639 5679 1884 5759 quidem
1909 5681 2019 5745 de-

2124 5679 2388 5741 ιαταλόσω
2444 5679 2535 5735 τὸν
2566 5674 2750 5755 λόγον)
2811 5674 3073 5736 διετέλεσε
3106 5676 3205 5753 μὲν
3252 5673 3426 5733 ἀθλῶν
3457 5674 3545 5734 ἰπὶ
3600 5675 3757 5753 βασι-
