4054 6204
211 361 336 430 893

1237 363 1420 428 νΙΤΑ
1473 365 1532 427 8.
1580 363 1902 427 JOANNIS
1944 361 2598 426 ELEEMOSYNARII.

3490 369 3604 436 894

206 497 348 557 λέων
405 496 797 564 Διοκλητιανοῦ
857 497 950 554 καὶ
1013 495 1380 573 Μαξιμιανοῦ,
1441 496 1528 554 ἐπὶ
1583 496 1868 576 ἀρχόντων

1953 502 2203 558 certavit
2253 495 2366 558 sub
2397 497 2864 578 imperatoribus
2914 498 3292 564 Diocletiano
3325 507 3384 566 et
3414 505 3607 568 Maxi-

208 587 266 645 δὲ
346 594 704 663 Δομετιανοῦ,
765 585 1142 668 Ἀγριππίνου,
1206 585 1508 660 Κουρικίου,
1589 589 1866 662 Δομετίου,

212 675 588 758 Σακερδῶτος,
678 673 944 751 Μαξίμου,
1022 675 1383 757 Ἀφροδισίου,
1461 678 1710 756 Λουκίου,
1783 669 1870 733 καὶ

208 766 589 847 Ἀλεξάνδρου*
639 769 731 824 τὸν
776 767 960 845 ἀγῶνα
1010 765 1064 823 δὲ
1125 768 1276 846 τρίτῃ
1321 768 1493 842 μηνὸς
1551 765 1872 846 Ἰανουαρίου

213 859 305 914 καὶ
350 859 570 934 εἰκοστῇ
599 855 880 930 καταλύει,
913 859 986 920 ὡς
1039 857 1184 914 εἶναι
1215 859 1305 912 τὸν
1337 857 1508 912 πάντα
1539 856 1647 935 τοῦ-
1664 879 1870 935 μαρτυ-

211 949 327 1027 ρίου
373 949 572 1028 χρόνον
627 949 872 1004 εἰκοστὸν
921 951 1065 1020 αὒτῷ
1098 948 1186 1003 καὶ
1240 945 1425 1026 ὄγδοον
1456 946 1600 1010 ἔτος.
1627 931 1693 1005 “0
1737 949 1870 1020 πρὸς

216 1036 491 1113 ἀνανηψιν
551 1039 694 1112 ἡμᾶς
752 1042 852 1104 τῆς
910 1037 1107 1102 οἰκείας
1139 1036 1289 1116 ἔχειν
1333 1034 1418 1092 δεῖ
1475 1036 1752 1116 ῥᾳθυμίας,
1784 1036 1872 1094 καὶ

210 1127 317 1194 τὴν
376 1129 588 1206 μακρὰν
641 1127 840 1194 ταύτην
895 1124 1126 1184 αἶδεσθαι
1166 1126 1274 1183 τῶν
1319 1124 1494 1183 ἄθλων
1547 1127 1867 1200 παράτασιν,

211 1218 332 1274 ὅσοι
367 1215 508 1291 μηδὲ
553 1217 828 1297 βραχεῖάν
886 1239 1007 1274 τινα
1038 1224 1225 1295 καιροῦ
1277 1217 1450 1293 ῥοπὴν
1481 1216 1771 1291 ὑπομεῖναί
1817 1239 1867 1273 τι

209 1307 309 1364 καὶ
365 1310 468 1363 τῶν
533 1305 870 1386 ἀηδεστέρων
936 1305 1021 1363 διὰ
1097 1309 1324 1384 Χριστὸδ
1385 1307 1714 1384 ἀνεχόμεθα,
1772 1305 1867 1362 καΐ

209 1397 356 1455 οὕτω
393 1398 852 1474 παρεσκευάσθαι,
884 1397 972 1454 καὶ
1011 1397 1157 1454 αὕτω
1214 1394 1447 1476 θαρρεῖν,
1481 1396 1617 1453 ὥστε
1648 1394 1717 1452 δι’
1775 1396 1869 1452 αὖ-

211 1488 330 1558 τὸν,
366 1488 410 1543 εί
459 1486 660 1567 δεήσει,
717 1488 890 1544 πάντα
937 1491 1152 1561 παθεῖν,
1200 1485 1295 1542 ’ίνα
1339 1488 1428 1542 καὶ
1479 1485 1624 1542 αῦτοὶ
1670 1508 1866 1562 προαι-

209 1577 410 1655 ρέσεως
476 1577 621 1652 ὦμεν
689 1578 977 1654 μαρτύριον
1021 1575 1389 1648 διανύσαντες,
1441 1577 1528 1631 καὶ
1571 1574 1866 1652 παρῤησίας

211 1668 346 1742 πρὸς
407 1668 682 1743 Θεὸνιᾶμα
741 1677 832 1722 συν
883 1666 1068 1738 ἐκείνῳ
1120 1665 1496 1744 μετάσχομεν’
1536 1670 1605 1730 ἧς
1665 1664 1868 1742 γένοιτο

206 1756 418 1822 πάντας
463 1759 607 1832 ἡμας
661 1755 972 1834 ἐπιτυχεῖν,
1006 1755 1194 1835 χάριτι
1247 1755 1335 1810 καὶ
1379 1753 1744 1833 φιλανθρωπίᾳ
1775 1763 1868 1813 τοῦ

1955 589 2194 650 miano:
2248 586 2359 648 sub
2395 587 2850 666 magistratibus
2899 599 3097 652 autem
3130 610 3200 653 ac
3251 592 3609 672 praasidihus

1955 675 2316 750 Domitiano,
2351 677 2706 757 Agrippino,
2764 679 3028 754 Curicio,
3060 681 3346 762 Domitio,
3399 681 3610 745 Sacer-

1954 766 2115 841 dote,
2151 767 2436 837 Maximo,
2471 767 2860 846 Aphrodisio,
2912 770 3094 832 Lucio
3128 778 3186 833 et
3233 771 3607 840 Alexandro.

1951 856 2135 918 Finiit
2160 876 2302 920 vero
2334 867 2643 920 certamen
2701 858 2780 920 23
2820 858 3113 935 Januarii,
3148 862 3298 923 adeo
3325 870 3389 923 ut
3420 871 3607 924 totum

1956 954 2192 1027 tempus
2250 947 2524 1027 martyrii
2579 949 2633 1009 ei
2682 948 2860 1010 fuerit
2890 949 3097 1027 viginti
3149 959 3207 1012 et
3251 960 3382 1013 octo
3435 953 3606 1016 anni.

1954 1035 2122 1110 Quod
2177 1036 2423 1118 quidem
2459 1055 2569 1098 nos
2599 1046 2837 1118 oportet
2891 1047 3101 1101 tenere
3134 1042 3428 1103 memoria
3459 1050 3521 1103 ut
3573 1060 3609 1104 a

1953 1136 2160 1188 nostra
2211 1125 2548 1187 excitemur
2597 1127 2895 1200 socordia,
2927 1136 2986 1189 et
3032 1129 3161 1190 haec
3208 1138 3322 1191 tam
3381 1129 3610 1211 prolixa

1951 1235 2340 1277 revereamur
2395 1215 2748 1288 certamina,
2782 1218 2883 1292 qui
2919 1236 3028 1280 nec
3061 1236 3311 1298 parvum
3367 1221 3607 1302 aliquod

1952 1315 2326 1368 momentum
2391 1306 2687 1385 temporis
2745 1307 2970 1387 aliquid
3048 1309 3288 1370 molesti
3363 1320 3608 1392 propter

1949 1397 2256 1458 Christum
2313 1395 2574 1457 tolerare
2607 1396 2979 1457 sustinemus
3018 1417 3030 1456 :
3066 1406 3122 1458 et
3154 1397 3242 1459 sic
3275 1417 3384 1459 nos
3434 1418 3605 1461 eoat-

1953 1504 2258 1566 paremus,
2296 1493 2355 1545 et
2379 1494 2600 1546 tantam
2634 1485 3034 1566 suspiciamus
3063 1487 3513 1564 conﬁdentiam,
3542 1498 3608 1552 ut

1952 1585 2200 1656 propter
2246 1576 2466 1653 ipsum,
2501 1575 2550 1634 si
2585 1594 2734 1655 opus
2794 1577 2995 1646 fuerit,
3034 1578 3236 1639 omnia
3287 1580 3601 1658 patiamur,

1953 1674 2014 1726 ut
2046 1665 2161 1744 ipsi
2214 1665 2542 1726 voluntatis
2577 1665 2903 1726 subeamus
2952 1669 3327 1747 martyrium,
3363 1678 3422 1730 et
3447 1671 3604 1750 apud

1950 1754 2138 1816 Deum
2193 1753 2475 1813 ﬁduciam
2511 1772 2646 1814 cum
2702 1754 2822 1815 illis
2873 1774 3368 1837 consequamur:
3421 1779 3603 1836 quam

209 1845 406 1924 Κυρίου
460 1847 620 1920 ἡμῶν
690 1842 872 1912 Ἰησοῦ
929 1851 1176 1923 Χριστοῦ,
1245 1842 1362 1919 μεθ’
1443 1842 1502 1899 οὗ
1568 1847 1646 1917 τῷ
1703 1846 1865 1920 Πατρί

1952 1843 2126 1905 detur
2163 1841 2335 1903 nobis
2359 1841 2642 1903 omnibus
2673 1845 2961 1925 consequi
2989 1847 3180 1922 gratia
3207 1855 3266 1907 et
3287 1848 3605 1911 clementia

203 1936 323 2010 ἅμα
379 1941 455 2010 τῷ
531 1936 666 2015 ἁγίῳ
737 1936 1008 2002 Πνεύματι
1079 1931 1228 2010 δόξα,
1286 1933 1505 2007 κράτος,
1564 1936 1722 2008 τιμὴ,
1774 1934 1864 1989 καὶ

1952 1933 2190 1997 Domini
2235 1932 2424 1993 nostri
2457 1933 2601 1996 Jesu
2630 1933 2878 2009 Christi,
2915 1952 3049 1998 cum
3085 1954 3202 2015 quo
3233 1937 3392 1997 Patri
3423 1938 3603 2000 simul
3709 2022 3713 2026 _

205 2025 590 2102 προσκόνησις,
624 2047 713 2084 νυν
753 2025 840 2082 καὶ
895 2024 1012 2100 ἀεὶ,
1065 2025 1155 2080 καὶ
1202 2024 1276 2087 εἷς
1332 2023 1454 2086 τοὺς
1498 2023 1694 2087 αἰῶνας
1751 2029 1859 2090 τῷν

1952 2042 2080 2086 cum
2133 2031 2342 2084 sancto
2404 2024 2640 2103 Spiritu
2694 2025 2907 2102 gloria,
2973 2026 3262 2106 potentia,
3296 2026 3492 2090 honor
3543 2035 3600 2090 et

209 2113 443 2176 αἰώνων,
478 2113 679 2192 Ἀμήν.

1952 2113 2236 2185 ιόοτοιίο,
2271 2129 2431 2174 nunc
2481 2121 2541 2174 et
2591 2130 2834 2195 semper
2863 2121 2923 2177 et
2969 2115 3032 2177 in
3064 2116 3284 2179 saecula
3338 2117 3596 2181 saeculo-

1939 2221 2098 2266 rum.
2132 2202 2352 2264 Amen.

2779 2384 2833 2392 ,υ

827 2537 1009 2647 DE
1120 2531 1676 2644 JOANNE
1796 2534 2990 2648 ELEEMOSYNARIO

1358 2768 1843 2834 PATRIARCHA
1883 2767 2456 2835 ALEXANDBINO.

208 2379 1550 2416 ==——__——_.—-—_-—__———==——_—

1031 2951 1201 3020 (Anno
1239 2949 1368 3018 596,
1399 2953 1528 3010 Acta
1555 2955 1850 3007 sanctorum
1883 2948 2119 3006 Bolland.
2153 2949 2216 3006 ad
2245 2949 2378 3008 diem
2408 2951 2478 3008 23
2509 2950 2787 3020 Januarii.)

286 3267 580 3333 Amathus
631 3265 775 3330 urbs
806 3273 896 3329 est
945 3262 1118 3346 Cypri
1146 3270 1481 3345 pervetusta
1527 3264 1735 3346 (aqua
1764 3263 2022 3327 insulam
2075 3265 2271 3346 ipsum
2306 3266 2626 3348 aliquando
2673 3265 3084 3330 Amathusiam
3118 3267 3475 3348 appellatam
3529 3286 3601 3330 ex

205 3359 402 3422 I’linio
438 3367 600 3440 patet
630 3356 738 3420 lib.
773 3373 836 3428 ν,
871 3373 1002 3431 cap.
1037 3355 1134 3430 3t)
1161 3355 1272 3416 sita
1300 3353 1360 3415 in
1408 3371 1512 3416 ora
1548 3354 1904 3429 meridiana,
1941 3356 2270 3436 episcopali
2300 3357 2591 3434 dignitate
2645 3357 2718 3420 ab
2751 3357 2894 3438 ipsis
2927 3356 3218 3418 Ecclesiae
3254 3357 3599 3419 incunabu-

202 3451 277 3514 lis
305 3457 540 3512 oruata.
573 3447 682 3510 Hic
711 3446 908 3509 editus
939 3445 999 3504 in
1035 3446 1232 3506 lucem
1265 3453 1356 3504 est
1386 3445 1446 3507 S.
1482 3443 1745 3507 Joannes
1775 3444 2322 3524 Eleemosynarius,
2359 3447 2804 3510 Alexandrinus
2837 3446 3212 3526 patriarcha;
3249 3446 3602 3524 ibidemque

203 3537 466 3604 excessit
497 3558 529 3600 e
562 3536 732 3601 vivis.
765 3534 914 3615 Ejus
943 3532 1136 3596 Vitam
1195 3532 1386 3614 primo
1418 3533 1792 3614 scripserunt
1821 3537 2081 3598 Joannes
2133 3546 2190 3596 et
2221 3535 2619 3614 Sophronius,
2654 3537 2751 3618 qui
2785 3555 2816 3597 a
2850 3536 3096 3597 Leontio
3131 3537 3189 3596 in
3224 3539 3362 3600 Vita
3387 3539 3600 3618 appel-

200 3629 406 3691 lantur
466 3626 629 3690 «Dei
685 3625 973 3696 cultores,
1009 3632 1306 3684 amatores
1356 3627 1668 3698 virtutum,
1732 3623 1974 3703 pietatis
2035 3634 2563 3704 propugnatores;
2603 3651 2628 3682 ι
2689 3624 2971 3688 Leontius
3022 3625 3266 3700 deinde,
3300 3629 3600 3709 Neapoles

200 3717 375 3800 Cypri
427 3719 768 3798 episc0pus,
805 3716 981 3794 cujus
1013 3711 1423 3800 testimonium
1476 3731 1583 3794 pro
1615 3713 2098 3775 Christianorum
2153 3713 2432 3794 apolagio
2471 3725 2676 3778 contra
2717 3715 2977 3788 Judaeos,
3013 3733 3082 3776 ac
3111 3715 3186 3777 de
3233 3715 3600 3796 imaginibus

197 3798 546 3870 sanctorum
599 3815 810 3877 exstat,
849 3805 906 3864 in
959 3805 1184 3884 synodo
1235 3798 1573 3882 Nicaanatt,
1608 3805 1844 3864 actione
1903 3805 1963 3878 4,
2005 3802 2104 3863 ubi
2171 3812 2227 3864 et
2283 3827 2310 3857 α
2345 3804 2778 3866 Constantinus
2809 3803 3229 3865 sanctissimus
3279 3807 3598 3885 episcopus

197 3897 564 3962 Constantia;
615 3895 789 3977 Cypri
824 3892 975 3956 dixit
1010 3910 1024 3956 :
1058 3891 1168 3953 Hic
1199 3891 1302 3972 qui
1333 3891 1524 3952 lectus
1555 3901 1645 3953 est
1678 3894 1872 3969 Pater,
1905 3892 1964 3954 in
2025 3911 2144 3954 una
2177 3891 2413 3954 urbium
2450 3891 2619 3974 Cypri
2655 3893 2874 3956 decore
2920 3894 3326 3954 sacratissimo
3359 3893 3595 3964 claruit,

201 3995 264 4049 et
321 3987 506 4048 multa
537 3988 839 4066 praeconia
872 3992 929 4046 et
964 3982 1208 4044 festivos
1239 3999 1557 4043 sermones
1587 3982 1719 4061 ejus
1751 3982 2046 4044 habemus
2081 4003 2094 4044 :
2157 4001 2290 4044 cum
2327 3981 2551 4062 qltibus
2584 3993 2676 4044 est
2707 3983 2884 4044 etiam
2923 4001 3122 4043 sermo
3156 3984 3286 4062 ejus
3333 3982 3599 4045 Transii-

199 4075 581 4158 gurationem
642 4074 966 4136 Salvatoris
1008 4073 1215 4134 nostri.
1269 4070 1645 4152 Conscripsit
1695 4082 1892 4134 autem
1938 4082 1997 4133 et
2051 4073 2246 4133 Vitam
2303 4070 2364 4134 S.
2423 4073 2672 4135 Joannis
2703 4071 3140 4152 archiepiscopi
3197 4071 3595 4146 Alexandriae,

201 4173 611 4246 cognomento
643 4163 1010 4234 Eleemonis,
1046 4162 1106 4222 id
1160 4169 1248 4222 est
1284 4160 1700 4222 misericordis
1733 4182 1750 4236 ;
1785 4163 1928 4242 quin
1961 4170 2018 4222 et
2052 4160 2114 4226 8.
2152 4161 2459 4224 Simeonis
2491 4161 2823 4242 Simplicis,
2865 4171 2920 4223 et
2951 4162 3068 4223 alio
3101 4161 3393 4242 quaedam,
3422 4173 3599 4244 atque

198 4259 262 4321 in
297 4254 582 4317 omnibus
613 4251 998 4315 sermonibus
1029 4251 1154 4312 suis
1186 4250 1554 4311 orlhodoxus
1588 4252 1878 4316 cernitur.
1929 4250 2157 4313 Floruit
2189 4260 2385 4311 autem
2425 4251 2795 4332 temporibus
2825 4251 3089 4312 Mauricii
3121 4253 3526 4330 imperatoris.
3565 4279 3592 4309 ι

279 4344 414 4406 Alia
444 4353 636 4408 exstat
669 4342 941 4423 ejusdem
998 4339 1058 4403 S.
1096 4339 1347 4401 Joannis
1371 4337 1530 4413 Vita,
1565 4340 1688 4400 sive
1719 4359 1750 4402 a
1783 4339 2068 4403 Simeone
2101 4342 2524 4420 Metaplirasto,
2557 4360 2664 4402 seu
2697 4360 2811 4422 quo
2843 4340 2959 4402 alio
2989 4340 3332 4421 antiquiore
3361 4341 3592 4414 Graeco,

198 4434 572 4514 conscripta,
611 4433 812 4494 Latine
868 4431 1101 4493 reddita
1149 4447 1184 4489 a
1232 4429 1528 4492 Gentiano
1580 4427 1867 4504 Herveto,
1900 4441 1958 4492 et
2008 4430 2082 4491 ab
2135 4431 2375 4510 Aluysio
2437 4431 2761 4511 Lipomano
2812 4431 2974 4492 edita
3003 4440 3163 4490 tomo
3214 4430 3286 4508 V,
3318 4432 3394 4494 de
3443 4432 3593 4493 Vitis

196 4532 393 4585 sanet.
450 4528 548 4596 η,
580 4521 933 4585 Novembris
968 4541 981 4584 :
1016 4537 1194 4600 quam
1249 4527 1396 4580 tom.
1429 4517 1472 4580 Ι.
1526 4515 1797 4580 Vitarum
1829 4521 1944 4582 hoc
1981 4519 2165 4582 XXIII
2220 4520 2490 4581 Januarii
2524 4520 2780 4581 inseruit
2833 4521 3186 4581 Laurentius
3217 4519 3430 4583 Surius
3463 4544 3476 4580 :
3531 4530 3592 4583 et

203 4631 314 4674 nos
347 4613 444 4676 hic
475 4613 687 4674 damus
719 4630 852 4673 cum
890 4608 1125 4671 duobus
1157 4607 1462 4688 praclarls
1493 4604 1717 4670 Gracis
1749 4610 2187 4690 antiquissimis
2244 4627 2389 4672 tuss.
2425 4609 2734 4671 codicibus
2767 4609 3062 4689 collatam,
3096 4628 3164 4670 ac
3205 4611 3316 4672 sub
3348 4612 3591 4674 nomine

201 4703 450 4784 quidem
504 4703 942 4782 Metaphrastaa,
979 4700 1119 4762 licet
1171 4697 1231 4758 hi
1264 4696 1507 4763 codices
1555 4696 1848 4776 plurimas
1899 4700 2086 4776 Vitas,
2117 4700 2190 4762 ab
2239 4699 2312 4761 iis
2363 4719 2512 4779 quas
2541 4700 2976 4780 Metaphrastes
3024 4700 3262 4780 scripsit
3293 4701 3586 4782 diversas,

202 4792 573 4856 contineant.
