4104 6198
505 363 624 431 895
1795 357 2078 423 MENSIS
2113 355 2576 424 JANUARIUS.

1286 673 1694 802 ΒΙΟΣ
1820 671 2126 801 ΚΑΙ
2233 671 3110 804 ΠΟΛΙΤΕΙΑ

1744 918 1867 968 ΤΟΥ
1909 917 2106 969 ΟΣΙΟΥ
2160 915 2421 968 ΠΑΤΡΟΣ
2465 915 2659 968 ΗΜΩΝ

959 1092 1474 1180 ΙΩΑΝΝΟΥ
1540 1088 2475 1180 ΑΡΧΙΕΠΙΣΚΟΠΟΥ
2539 1089 3428 1204 ΑΛΕΞΑΝΔΡΕΙΑΣ,

1350 1426 1676 1543 VITA
1769 1431 1942 1542 ET
2050 1429 3029 1544 CONVERSATIO

1841 1663 1904 1728 S.
1951 1662 2228 1730 PATRIS
2270 1662 2557 1729 NOSTRI

1070 1863 1542 1952 JOANNIS
1627 1863 2370 1950 ALEXANDRIfE
2463 1861 3319 1955 ARCHIEPISCOPI

1603 2065 2042 2134 COGNOMINE
2095 2067 2788 2136 ELEEMOSYNARII

510 2227 737 2297 (Textus
767 2226 986 2286 Gracus
1012 2244 1148 2287 nunc
1179 2230 1400 2304 primum
1425 2232 1590 2306 prodit
1621 2247 1682 2288 ex
1702 2230 1873 2288 codice
1903 2229 2066 2306 Regio
2097 2249 2150 2288 n.
2189 2232 2324 2292 l307
2355 2240 2548 2299 notato,
2586 2231 2759 2289 saeculi
2775 2243 2870 2300 xx;
2904 2232 3083 2290 Latine
3110 2234 3242 2306 apud
3263 2235 3481 2296 Bollant.
3504 2237 3660 2297 Eot'r.
3691 2234 3900 2300 Pun.)

1889 2510 2136 2576 CAPUT
2179 2509 2491 2576 PRIMUM.

1389 2662 1598 2738 Ortus,
1633 2663 2008 2743 conjugium,
2041 2661 2548 2736 Patriarchatus,
2593 2662 3006 2744 Eleemosyna.

837 2823 1128 2898 Benedic,
1166 2823 1446 2886 Domine.

591 2928 637 2992 Ι.
661 2928 964 2992 Bonorum
989 2931 1250 2991 virorum
1284 2932 1528 3011 scriptis
1560 2929 1847 2991 mandare
1871 2934 2162 3002 actiones,

512 3027 573 3079 et
593 3019 941 3080 memoriam
968 3038 1174 3080 eorum
1202 3021 1440 3081 tradere
1463 3019 2021 3098 posteris,conciliat
2048 3035 2169 3078 ma-

517 3126 691 3187 gnam
719 3110 852 3170 vitae
885 3109 1228 3169 utilitatem.
1265 3109 1591 3180 Quemdam
1618 3109 1775 3168 enim
1809 3109 1920 3168 zeli
1945 3111 2168 3168 stimu-

518 3198 642 3259 lum
668 3197 867 3259 imittit
898 3197 1117 3260 animis
1153 3199 1409 3276 piorum,
1437 3217 1645 3259 eorum
1682 3216 1812 3277 qua.
1843 3197 1915 3258 ab
1950 3195 2038 3258 eis
2071 3217 2170 3258 re-

523 3295 614 3350 cte
663 3300 832 3366 gesta
887 3295 1047 3357 sunt,
1085 3287 1372 3367 narratio,
1408 3296 1466 3348 et
1511 3287 1582 3348 ad
1636 3287 1855 3348 similia
1903 3289 2176 3348 facienda

520 3377 892 3439 adhortatur.
934 3380 1202 3450 Quarum
1240 3397 1354 3438 una
1382 3387 1471 3438 est
1497 3396 1566 3438 ea
1597 3396 1838 3458 quoque
1869 3379 2008 3450 vita,
2045 3397 2174 3458 qute

518 3486 678 3529 nunc
732 3467 911 3528 nobis
945 3478 1034 3528 est
1087 3468 1392 3548 proposita
1443 3468 1514 3528 ad
1571 3467 1964 3542 narrandum,
2005 3468 2168 3544 boni,

519 3559 791 3638 inquam,
821 3557 1097 3634 Joannis,
1134 3559 1305 3637 cujus
1354 3557 1576 3618 actioni
1632 3576 1851 3618 nomen
1887 3569 1974 3617 est
2018 3578 2170 3619 con-

514 3648 761 3710 veniens
798 3669 810 3710 :
865 3658 1106 3709 vocatur
1138 3649 1298 3710 enim
1352 3646 1666 3724 Eleemon,
1705 3647 1760 3706 id
1811 3657 1901 3707 est
1930 3647 2170 3709 Miseri-

520 3757 677 3815 cors,
717 3749 965 3820 propter
1015 3759 1286 3819 magnam
1321 3757 1489 3800 suam
1539 3739 1608 3799 ad
1645 3739 1757 3799 hoc
1808 3743 2168 3819 prOpensio-

517 3847 653 3891 nem
690 3839 748 3891 et
779 3849 1074 3891 summam
1115 3830 1467 3890 bonitatem.

599 3918 670 3982 Il.
705 3918 890 3991 Quem
946 3920 1078 3982 tulit
1109 3919 1351 4000 quidem
1407 3917 1603 3978 insula
1636 3915 1882 3996 Cyprus,
1922 3925 1979 3977 et
2025 3914 2168 3976 aluit

2565 2828 2740 2904 Κύριε,
2776 2827 3075 2905 εύλόγησον
3115 2825 3130 2885 ἔ

2334 2934 2417 2996 Α’.
2477 2935 2580 2999 Τὰς
2611 2940 2718 2992 τῶν
2751 2934 2982 3010 ’ἀγαθῶν
3020 2932 3219 3010 ἀνδρῶν
3277 2933 3641 3012 ἀναγράπτυυς
3697 2931 3897 2988 τιθέναι

2251 3025 2491 3104 πράξεις,
2550 3027 2636 3081 καὶ
2696 3025 2796 3092 τὴν
2851 3025 3052 3082 τούτων
3115 3025 3340 3100 μνήμην
3395 3029 3474 3096 τῷ
3531 3023 3668 3098 μετὰ
3725 3029 3899 3079 ταῦτα

2253 3118 2436 3196 χρόνῳ
2491 3114 2836 3193 παραδιδόναι
2886 3122 3106 3192 πρᾶγμα
3142 3112 3347 3180 πολλῆς
3404 3113 3648 3193 ὀφελείας
3675 3121 3753 3187 τῷ
3794 3114 3899 3189 βίῳ

2256 3205 2550 3271 καθέστησε
2622 3204 2896 3280 πρόξενον.
2951 3203 3123 3272 Ζήλου
3179 3204 3279 3282 γάρ
3333 3225 3384 3259 τι
3442 3201 3658 3278 κέντρον
3718 3203 3898 3270 ἐνίησι

2256 3310 2378 3360 ταῖς
2419 3302 2524 3352 τῶν
2577 3293 2832 3373 φιλοθέων
2883 3298 3094 3374 ψυχαῖς
3149 3293 3184 3360 ἦ
3245 3294 3352 3350 τῶν
3383 3294 3566 3357 αὖτοτς
3616 3296 3899 3370 κ²τοί⁵θω’

2254 3384 2450 3441 Οέντων
2504 3383 2779 3462 διήγησις,
2813 3385 2900 3440 καὶ
2932 3385 3064 3462 πρὸς
3113 3387 3209 3450 τὴν
3253 3389 3358 3441 τῶν
3402 3384 3600 3458 ὁμοίων
3650 3383 3900 3459 ἐργασίαν

2263 3474 2586 3552 παρακαλεῖ.
2637 3462 2733 3528 1'Qv
2777 3473 2862 3536 εἷς
2909 3473 3018 3528 ἐστι
3050 3475 3139 3529 καὶ
3181 3475 3208 3529 ὁ
3237 3483 3324 3532 νῦν
3356 3475 3492 3547 ἡμῖν
3523 3474 3594 3532 εἰ(
3645 3469 3900 3549 διήγησιν

2254 3565 2598 3641 προκείμενος
2646 3565 2782 3640 βίος,
2830 3561 3104 3635 Ἰωάννου,
3135 3564 3298 3642 φημὶ,
3336 3570 3428 3618 τοῦ
3472 3569 3717 3642 χρηστοῦ
3832 3568 3899 3638 τῇ

2255 3656 2438 3732 πράξει
2485 3654 2647 3710 κατά)
2662 3652 2829 3718 ληλος
2860 3655 2894 3721 ἡ
2927 3652 3226 3725 ἐπωνυμία,
3263 3651 3546 3728 Ἐλεήμων
3578 3653 3678 3731 γὰρ
3722 3675 3896 3731 προσ-

2255 3752 2539 3823 ηγόρευται
2592 3743 2674 3799 διὰ
2723 3745 2824 3810 τὴν
2872 3741 3083 3810 πολλὴν
3115 3744 3248 3822 πρὸς
3299 3750 3452 3801 τοῦτο
3499 3743 3670 3820 ῥοπὴν
3701 3745 3790 3799 καὶ
3838 3745 3898 3800 τὸ

2255 3837 2436 3913 περιὸν
2466 3835 2561 3900 τῆς
2593 3834 2992 3913 χρηστότητος,

2337 3927 2418 3986 B'.
2479 3910 2822 3999 ”Ον”ἥνεγκε
2875 3925 2972 3999 μὲν
3035 3923 3241 4000 Κύπρος
3303 3925 3336 3991 ἡ
3397 3921 3582 3991 νῆσος·
3637 3923 3725 3979 καὶ
3781 3920 3899 3980 ὅστι

519 4019 800 4090 tanquam
838 4010 1094 4090 plantam
1133 4011 1392 4088 aliquam
1429 4009 1744 4068 ﬂorentem
1779 4016 1837 4066 et
1869 4014 2168 4067 comatum

2271 4015 2418 4088 fort.
2474 4014 2546 4078 ὥς
2590 4016 2656 4093 τι]
2700 4017 2860 4096 φυτὸν
2913 4012 3128 4076 εὐθαλὲς
3188 4015 3274 4070 καὶ
3321 4013 3537 4091 ἀρεταῖς
3595 4013 3900 4088 κατάκομον

519 4099 874 4162 virtutibus:
929 4101 1092 4160 clara
1120 4109 1320 4160 autem
1376 4097 1743 4160 Alexandria
1777 4115 1912 4156 eum
1965 4095 2175 4156 sortita
2256 4141 2257 4150 χ

2271 4104 2606 4180 ἰινεθρέψατο,
2663 4095 2723 4171 ἡν
2757 4104 3054 4184 περιφανὴς
3111 4101 3164 4158 δὲ
3225 4101 3593 4174 Ἀλεξάνδρεια
3650 4101 3902 4182 ἄρχιερέα

521 4198 612 4251 est
636 4190 981 4271 pontiﬁcem
1019 4197 1076 4250 et
1109 4200 1427 4267 patronum
1465 4185 1820 4248 civitatis.Ei
1846 4207 1878 4265 p
1904 4194 2014 4246 «ter
2043 4185 2172 4265 qui-
2198 4189 2232 4238 Β

2271 4216 2312 4249 τε
2370 4195 2458 4249 καὶ
2509 4194 2774 4274 πολιοῦχν
2829 4195 3141 4271 εὔμοίρησε.
3199 4194 3379 4268 Τούτῳ
3423 4191 3598 4270 πάτὲιρ
3641 4193 3737 4268 μὲν
3792 4200 3902 4250 τῶν

522 4279 659 4342 dem
695 4289 824 4340 erat
849 4279 1126 4350 illustris,
1154 4279 1399 4340 nomine
1432 4277 1822 4358 Epiphanius.
1858 4277 1960 4338 Cui
1991 4278 2166 4338 etiam
2253 4311 2257 4336 λ

2271 4289 2549 4364 ιτιφανῶν,
2590 4281 2900 4362 Ἐπιφάνιος
2935 4284 3193 4357 τούνομα,
3227 4284 3272 4358 ᾧ
3317 4282 3410 4340 καῖ
3441 4283 3502 4339 τὸ
3550 4288 3656 4338 τῶν
3685 4281 3901 4339 πολλῶν

523 4369 758 4434 virtutis
794 4371 1138 4448 praestantia
1170 4370 1392 4440 effecit,
1425 4377 1489 4429 ut
1524 4374 1576 4428 ei
1618 4368 2073 4428 commiteretur
2103 4367 2171 4426 il-
2253 4401 2257 4422 ι

2271 4374 2499 4452 ῖιαφὲρον
2570 4377 2642 4436 εἰς
2701 4374 2896 4452 ἀρετὴν
2964 4373 3326 4450 ἐπιτραπῆναι
3400 4373 3496 4440 τῆς
3569 4374 3732 4442 νήσου
3801 4373 3902 4440 τὴν

522 4461 642 4523 lius
675 4458 886 4519 insula:
918 4459 1130 4519 rectio.
1189 4459 1373 4521 Mater
1403 4467 1600 4519 autem
1638 4457 1910 4526 honesta,
1947 4465 2004 4518 et
2037 4474 2173 4532 qua!
2255 4497 2257 4516 ς

2271 4465 2432 4544 Ξιρχὴν
2499 4465 2884 4540 παρεσκεύασε·
2963 4463 3148 4539 μήτηρ
3207 4460 3262 4518 δὲ
3335 4463 3531 4536 κοσμία
3603 4463 3690 4518 καὶ
3761 4459 3905 4539 ἄνδρὶ

527 4549 626 4611 tali
690 4546 905 4608 marito
960 4548 1378 4620 conveniebat,
1443 4555 1506 4608 ut
1561 4566 1694 4626 quae
1749 4545 2174 4626 resplendet-et

2271 4557 2480 4628 ςοιούτῳ
2525 4553 2895 4631 προσήκουσα,
2928 4553 3060 4630 πρὸς
3109 4557 3186 4625 τῷ
3235 4558 3527 4628 σωματικῷ
3571 4551 3758 4608 κάλλει
3815 4544 3905 4608 καὶ

526 4639 798 4719 corporis
831 4649 889 4700 et
917 4637 1134 4699 animae
1161 4637 1628 4716 pulchritudine.
1663 4635 1882 4698 Joanni
1913 4654 2050 4695 cum
2086 4645 2172 4695 ta-

2259 4652 2332 4716 τῷ
2391 4650 2612 4724 ψυχικῷ
2659 4640 3055 4707 διαλάμπουσα.
3103 4642 3380 4707 Τοιούτους
3411 4641 3666 4708 Ἰωάννης
3714 4640 3905 4721 λαχὼν

525 4729 613 4790 les
642 4727 998 4806 obtigissent
1041 4738 1340 4806 parentes,
1378 4746 1497 4787 non
1531 4727 1731 4787 affecit
1763 4743 1954 4802 genus
1999 4743 2170 4785 suum
2256 4765 2257 4768 η

2271 4737 2602 4812 γεννήτορας,
2635 4733 2731 4788 οῦκ
2785 4732 2986 4812 ἧσχυνε
3040 4733 3099 4788 τὸ
3145 4732 3320 4808 γένος,
3354 4731 3476 4788 ἀλλ’
3534 4731 3904 4807 ἐπικοσμῆσαι

526 4818 826 4880 dedecore
863 4839 875 4874 :
913 4817 1015 4878 sed
1050 4818 1274 4879 studuit
1307 4817 1500 4897 potius
1537 4817 1592 4875 id
1655 4831 1893 4888 ornare,
1929 4815 2078 4875 adeo
2113 4819 2177 4873 ut

527 4909 707 4970 arbor
761 4925 833 4968 ex
867 4907 1062 4967 fructu
1099 4907 1269 4968 ﬁeret
1317 4906 1652 4979 manifesta,
1686 4915 1742 4965 et
1778 4922 1894 4964 non
1929 4909 2059 4982 ipse
2108 4922 2176 4964 ex

528 5000 646 5061 illis
701 5004 1120 5059 ornamentum
1173 4997 1500 5076 acciperet,
1537 4995 1638 5054 sed
1673 4994 1760 5055 illi
1823 5000 2015 5070 potius
2045 4993 2176 5070 glo-

528 5096 835 5152 riarentur
889 5086 1037 5162 ﬁlio,
1075 5105 1208 5147 cum
1245 5092 1757 5164 cognoscerentur
1791 5099 1924 5144 esse
1981 5092 2178 5162 patres

531 5179 666 5242 talis
699 5179 825 5239 lilii.

585 5271 828 5328 lIl.Cum
855 5280 1047 5327 autem
1071 5278 1222 5326 recte
1242 5269 1516 5326 educatus
1542 5268 1899 5339 pervenisset
1924 5267 1991 5323 ad
2015 5280 2185 5323 men-

531 5372 724 5415 suram
750 5354 1044 5418 :etatis,vel
1075 5353 1285 5410 invitus
1308 5369 1336 5409 a
1360 5353 1699 5424 parentibus
1731 5351 1894 5409 uxori
1919 5351 2184 5423 jungitur

2259 4811 2466 4889 μᾶλλον
2496 4812 2580 4871 διὰ
2631 4812 2865 4878 σπουδῆς
2897 4813 3067 4870 ΞΘετο⁹
3114 4812 3251 4870 ὥστε
3295 4811 3455 4881 δῆλον
3485 4811 3591 4868 ἀπὸ
3643 4819 3736 4868 τοῦ
3767 4835 3904 4885 καρ-

2262 4913 2364 4961 ποῦ
2419 4905 2650 4960 κῖνεσθαι
2701 4903 2764 4958 τὰ
2811 4900 3042 4979 δένδρον,
3091 4902 3176 4958 καὶ
3219 4902 3316 4959 οὒκ
3358 4902 3514 4958 αυτὸν
3557 4900 3763 4958 ἰκιϊθεν
3807 4901 3900 4977 ἑγ-

2261 4994 2714 5065 καλλωπίζεσθαι,
2775 4991 2896 5048 ἀλλ’
2953 4992 3183 5055 ἐκείνους
3241 4991 3348 5048 ἀπὸ
3412 4991 3504 5048 τοῦ
3561 4990 3748 5055 παιδος
3809 5013 3902 5050 σε·

2263 5087 2544 5159 μνύνεσθαι
2602 5080 2832 5157 μᾶλλον,
2868 5082 3097 5156 πατέρας
3144 5084 3287 5137 εἶναι
3342 5087 3432 5138 τοῦ
3459 5083 3700 5139 τοιούτου
3758 5105 3904 5160 γνω-

2264 5173 2596 5252 ριζοπένους.

2347 5262 2434 5324 Γ¹.
2480 5260 2630 5318 Ἐπεὶ
2658 5257 2714 5315 δὲ
2763 5261 2837 5322 εἷς
2869 5258 3061 5337 μέτρον
3108 5257 3322 5326 ἡλικίας
3357 5258 3537 5322 καλῶς
3569 5262 3656 5316 καὶ
3688 5262 3899 5342 τραφεὶς

2267 5354 2354 5408 καὶ
2407 5349 2701 5413 παιδευθεὶς
2745 5347 3010 5421 εληλύθει,
3047 5349 3254 5426 γυναικὶ
3291 5351 3424 5422 πρὸς
3468 5349 3644 5426 γάμου
3701 5372 3900 5407 κοινω-

535 5440 916 5504 matrimonio
953 5461 964 5496 :
1003 5458 1137 5500 cum
1165 5457 1280 5520 qua
1301 5439 1595 5513 habitare,
1624 5437 1790 5513 dum,
1827 5447 1891 5498 ut
1921 5437 2187 5518 parenti-

2271 5443 2378 5499 νίαν
2437 5442 2524 5497 καὶ
2577 5439 2720 5496 ἄκων
2768 5439 2910 5517 παρὰ
2952 5445 3058 5495 τῶν
3114 5439 3448 5517 γεννητόρων
3493 5439 3792 5517 ζεύγνυταν
3837 5442 3901 5508 ἧς

535 5534 645 5597 bus
677 5531 974 5606 obediret,
1009 5532 1375 5605 admisisset,
1411 5539 1713 5592 aversatus
1746 5539 1836 5591 est
1887 5531 2244 5610 conjunc-c

2271 5535 2366 5600 τὴν
2429 5529 2734 5597 συνοίκησιν
2766 5533 2842 5601 τῷ
2869 5528 3135 5585 πείθεσθαι
3185 5529 3282 5586 κᾶν
3312 5528 3485 5603 τούτῳ
3515 5541 3638 5594 τοῖς
3696 5536 3902 5608 γονεῦσι

535 5623 786 5695 tionem,
824 5621 1278 5702 temperantiam
1312 5631 1372 5684 et
1402 5620 1835 5684 continentiam
1869 5619 2185 5700 amplexus

2271 5619 2691 5701 παραδεξάμενος
2747 5619 2843 5685 τὴν
2896 5618 3179 5698 συνάφειαν
3223 5617 3561 5700 ἀπεστράφη,
3594 5619 3656 5676 τὸ
3699 5619 3904 5698 σῶφρον

536 5713 711 5784 etiam
743 5711 809 5776 in
863 5711 1270 5778 matrimonio.
1305 5709 1424 5779 Sed
1458 5727 1672 5794 magna
1705 5709 1903 5775 soceri
1952 5711 2181 5793 impor-

2271 5712 2366 5770 κᾶν
2424 5711 2502 5786 τῷ
2549 5710 2706 5790 γάμῳ
2767 5708 2856 5764 καὶ
2905 5707 3157 5788 ἐγκρατὲς
3205 5707 3609 5789 ἀσπασαμενος.
3662 5706 3812 5770 Ἀλλ’
3867 5709 3903 5776 ἡ
