4054 6204
180 298 340 368 897
1221 303 1410 369 VITA
1455 303 1514 365 S.
1563 299 1887 365 JOANNIS
1928 295 2573 366 ELEEMOSYNARII.

3470 305 3586 370 898

171 439 390 508 πολλή
445 445 540 497 τοῦ
596 438 857 507 κηδεστοῦ
914 437 1145 503 ἐπίθεσις
1202 440 1472 507 ἠνάγκασε
1535 441 1627 494 τὸν
1686 440 1856 516 μέγαν

1958 437 2160 499 .unitas
2209 436 2404 516 coegit
2457 455 2738 514 magnum
2788 437 3080 501 Joannem
3115 437 3331 501 cedere
3361 445 3586 502 natura;

167 543 330 593 τοῖς
395 542 644 609 φυσικοῖς
702 529 916 595 ὑπεῖξαι
987 533 1232 603 θεσμοῖς,
1295 528 1348 593 ἐξ
1391 531 1452 583 οῦ
1495 529 1696 586 παίδων
1754 530 1852 603 μὲν

1962 529 2193 605 egibus,
2231 545 2300 587 ex
2355 547 2472 607 quo
2526 528 2790 589 efﬁcitur
2847 528 3087 608 quidem
3140 539 3308 609 pater
3351 530 3583 592 libero-

172 621 390 698 πατὴρ
448 617 823 676 ἀποδείκνυται
860 635 872 650 '
911 621 1116 677 θᾶττον.
1154 617 1208 674 δὲ
1252 620 1312 674 τὸ
1344 618 1625 675 καλεῖσθαι
1674 620 1852 696 πατήρ

1958 635 2090 679 'um.
2153 616 2385 677 Patrem
2450 625 2645 677 autem
2711 618 2909 678 vocari
2941 618 3057 677 cito
3085 619 3136 678 ei
3172 630 3263 680 est
3293 621 3584 699 ablatum,

1937 707 2252 768 immatura
2288 716 2478 766 morte
2512 707 2566 767 ei
2604 706 2912 786 praereptis
2941 707 3103 768 ﬁliis.
3127 709 3450 789 Postquam
3486 729 3591 770 au-

1939 804 2055 856 tem
2091 815 2228 856 cum
2288 795 2471 856 ramis
2531 797 2795 858 radicem
2849 815 3094 876 quoque
3155 797 3334 859 simul
3368 799 3588 861 excidit

1940 887 2279 947 communis
2333 885 2520 946 hostis
2573 886 2837 963 generis,
2893 896 2949 946 et
2979 885 3224 948 abstulit
3254 888 3308 949 ei
3342 888 3468 950 vita;
3496 908 3588 955 so-

1941 975 2118 1049 ciam,
2181 985 2426 1056 propter
2478 976 2682 1036 omnia
2740 974 2983 1056 quidem
3021 977 3141 1054 agit
3171 979 3394 1055 gratias
3423 990 3588 1056 grata

1942 1077 2000 1126 et
2027 1083 2258 1127 memor
2286 1065 2486 1126 anima
2516 1065 2803 1152 Deo,_qui
2847 1065 3096 1127 dederat
3129 1077 3188 1128 et
3217 1068 3584 1152 abstulerat;

1941 1174 2071 1216 eam
2105 1167 2306 1216 autem
2339 1174 2470 1216 rem
2504 1147 2689 1217 efﬁcit
2717 1157 3020 1216 materiam
3072 1157 3329 1231 virtutis,
3360 1167 3418 1220 et
3447 1147 3584 1223 cum

1940 1246 2175 1306 illorum
2212 1245 2604 1325 privationem
2641 1255 2974 1325 reputasset
3006 1264 3136 1322 esse
3164 1266 3441 1310 curarum
3473 1251 3582 1312 de-

1945 1337 2325 1416 positionem,
2363 1338 2485 1398 Deo
2516 1345 2805 1415 perpetuo
2831 1337 2906 1397 ita
2939 1335 3260 1414 assidebat,
3296 1346 3359 1400 ut
3389 1340 3590 1404 divelli

1942 1444 2063 1487 non
2099 1435 2320 1506 posset,
2358 1435 2414 1486 et
2441 1427 2512 1486 ad
2549 1426 2765 1487 Christi
2802 1435 3030 1504 portam
3065 1427 3305 1490 assidue
3352 1431 3586 1508 pulsan-

1944 1517 2010 1596 ti,
2047 1519 2099 1578 ei
2131 1518 2482 1596 aperiuntur
2520 1516 2751 1578 viscera
2784 1517 3001 1578 divina:
3032 1518 3442 1597 benignitatis.
3476 1519 3590 1584 Ita-

174 709 546 788 ἀφαιρεῖται,
625 711 850 767 θανάτου
905 717 1045 785 τομῇ
1105 711 1211 766 τῶν
1288 707 1490 765 παίδων
1557 713 1696 784 αὐτῷ
1754 713 1854 785 πρὸ

181 798 217 822 υ
332 823 351 836 ρ
397 799 420 855 ἑ
580 803 589 814 .
806 799 819 823 ,
945 804 952 812 .
1037 801 1056 831 λ
1367 797 1409 817 ια
1595 802 1607 816 κ
1643 802 1703 834 ,χ
1781 801 1816 820 υ

171 820 350 877 ωρα,
428 823 756 859 κκοπεντων.
831 808 961 856 Επει
1004 797 1059 854 δε.
1106 813 1220 859 τοῖς
1275 799 1494 862 κλαοοις
1524 822 1611 856 και
1651 823 1740 866 ..ην
1770 821 1852 876 ρι-

173 896 305 960 ζαν
366 893 394 946 ὁ
428 893 602 951 κοινὸς
647 898 741 948 τοῦ
787 889 972 968 γένους
1004 891 1224 970 φθορεὺς
1269 887 1598 968 συνεξέτεμε,
1648 892 1732 945 καὶ
1760 891 1854 957 τὴν

172 982 466 1036 κοινωνὸν
528 982 672 1054 αὐτῷ
729 987 824 1036 τοῦ
877 981 993 1056 βίου
1054 979 1328 1059 ἀφείλετο,
1377 979 1695 1058 εὐχαριστεῖ
1757 980 1855 1053 μὲν

173 1071 296 1125 Eni.
345 1076 506 1126 πᾶσιν
566 1071 600 1138 ἡ
647 1069 939 1146 εὐγνώμων
982 1071 1140 1149 ψυχὴ
1190 1074 1266 1142 τῷ
1329 1071 1416 1126 καὶ
1460 1067 1712 1125 δεδωκότι
1768 1071 1855 1126 καὶ

180 1159 531 1238 ἀφελομένῳ
562 1165 702 1234 Θεῷ,
734 1159 866 1228 ὕλην
898 1158 955 1215 δὲ
988 1161 1183 1239 ἀρετῆς
1230 1162 1290 1216 τὸ
1336 1166 1559 1236 πρᾶγμα
1591 1173 1852 1234 ποιεῖται,

178 1251 301 1305 καὶ
357 1249 457 1316 τὴν
501 1248 718 1305 ἐκείνων
764 1249 1014 1328 στέρησιν
1059 1247 1348 1327 φροντίδων
1406 1246 1658 1305 ἀπόθεσιν
1696 1249 1855 1328 λογι-

186 1340 446 1413 σάμενος
526 1340 940 1417 ἀπερισπάστως
1027 1337 1350 1417 προσήδρευε
1429 1346 1505 1412 τῷ
1557 1347 1696 1413 Θεῷ,
1770 1341 1859 1396 καὶ

187 1430 346 1508 πρὸς
402 1435 470 1506 τῇ
526 1437 620 1486 τοῦ
666 1436 892 1505 Χριστοῦ
950 1430 1076 1508 θύρᾳ
1119 1428 1202 1484 διὰ
1248 1430 1444 1491 παντὸς
1501 1431 1744 1505 κρούοντι
1794 1432 1859 1486 τὰ

189 1515 510 1600 σπλάγχνα
567 1525 667 1586 τῆς
724 1522 868 1582 θείας
922 1521 1301 1598 χρηστότητος
1365 1521 1507 1593 αῦτῷ
1556 1518 1857 1598 διανοίγον-

189 1632 322 1671 ται.
361 1606 580 1682 Ἀμέλει
625 1621 750 1688 γοῦν
800 1611 888 1666 καὶ
919 1613 1080 1675 αὐτὸς
1117 1609 1300 1666 ἐκεῖνα
1329 1610 1468 1665 κατὰ
1518 1610 1580 1666 τὰ
1643 1609 1858 1666 δυνατὸν

202 1699 641 1780 ἐκμιμούμενος,
676 1700 875 1777 ἀνοίγει
936 1703 1024 1756 καὶ
1083 1701 1373 1780 σπλάγχνα
1402 1701 1488 1756 καὶ
1530 1701 1687 1776 θύρας
1746 1701 1858 1758 τιά-

1958 1698 2172 1758 iiscera
2203 1708 2262 1758 et
2293 1705 2495 1776 portas
2522 1716 2734 1758 omnes
2766 1706 2825 1758 et
2859 1717 3097 1758 manutn
3157 1699 3584 1778 indigentibus,

201 1812 314 1853 σας
347 1792 436 1846 καὶ
469 1803 636 1870 χεῖρα
669 1804 785 1853 τοῖς
817 1789 1115 1866 δεομένοις,
1147 1792 1206 1846 οὒ
1235 1789 1470 1865 ψεκαδας
1502 1792 1646 1858 τινὰς
1679 1791 1858 1855 ἐλέους

1958 1807 2064 1847 non
2102 1786 2529 1848 misericordiae
2591 1796 2784 1865 guttas
2820 1788 3049 1866 aliquas
3083 1807 3258 1868 parce
3291 1792 3587 1870 praibens,

204 1863 583 1958 μικρολόγως,
623 1863 920 1960 παρέχων,
964 1878 1087 1937 ἀλλ’
1144 1863 1375 1956 ὄμϐρους
1433 1879 1588 1944 ὅλους
1645 1884 1859 1953 ὒετίζων

1958 1878 2047 1938 sed
2077 1877 2358 1937 emittens
2383 1863 2614 1936 imbres
2643 1863 3113 1955 benignitatis,et
3137 1863 3427 1942 ambabus
3457 1863 3588 1944 ma;

202 1971 621 2051 χρηστότητος,
654 1971 746 2028 καῖ
809 1971 1134 2050 ἀμφοτέραις
1187 1973 1279 2027 τὸν
1311 1970 1539 2029 πλοῦτον
1599 1971 1858 2038 ἐξαντλῶν

1958 1967 2124 2029 nibus
2157 1985 2300 2048 opes
2333 1965 2648 2028 effundens
2679 1968 2979 2048 inopibus.
3295 1985 3298 1990 '

203 2075 338 2124 τοῖς
357 2062 688 2160 ’χρῇζουσικ

1944 1627 2061 1688 que
2093 1608 2222 1685 ipse
2276 1625 2515 1686 quoque
2547 1606 2650 1667 illa
2685 1605 2926 1667 imitans
2961 1625 3065 1684 pro
3097 1611 3343 1685 viribus,
3399 1613 3590 1690 aperit

300 2150 388 2213 Δ”.
430 2151 699 2210 Ἐντεῦθεν
733 2150 984 2218 ἐπίδηλος
1021 2165 1139 2217 τοῖς
1171 2159 1301 2208 πᾶσι
1332 2153 1558 2230 γίνεται,
1591 2152 1857 2209 οὖκὶδιώ-

213 2263 350 2304 ταις
408 2243 568 2315 μόνον
623 2245 712 2299 καὶ
773 2241 1054 2322 ἄρχουσιν,
1113 2241 1249 2298 ἀλλὰ
1292 2244 1380 2298 καὶ
1418 2243 1561 2316 αὐτῷ
1592 2242 1807 2317 βασιλεῖ
1843 2262 1856 2277 ⁶

218 2323 538 2408 Ἠράνλειος
589 2331 644 2388 δὲ
675 2334 797 2390 τότε
829 2335 896 2399 ἦν
927 2334 994 2388 τὰ
1027 2324 1304 2407 Ῥωμαίων
1336 2338 1583 2410 σκῆπτρα
1612 2331 1805 2390 διέπων
1842 2348 1856 2364 ’

212 2421 340 2479 ὅθεν
369 2424 403 2490 ἡ
435 2429 542 2478 τῶν
568 2421 963 2500 Ἀλεξκ-ιδρὲων
1008 2421 1191 2495 πόλις,
1226 2422 1561 2502 πατριάρχου
1592 2424 1710 2478 τότε
1743 2447 1859 2502 χη-

213 2511 468 2589 ρεύουσα,
505 2511 598 2568 Eni
653 2514 744 2568 τὸν
804 2511 964 2592 ἄνδρα
992 2521 1178 2569 τοῦτον
1210 2513 1320 2584 ὅλῳ
1351 2512 1498 2586 πῖθῳ
1532 2527 1729 2592 χωρεῖ,
1775 2515 1864 2568 καὶ

216 2600 489 2675 βασιλέως
521 2599 692 2657 δεῖται
727 2601 806 2673 μὴ
838 2601 1158 2681 διαμαρτεῖν
1189 2611 1282 2658 τοῦ
1314 2601 1539 2680 σκοποῦ,
1594 2601 1717 2657 ἀλλ’
1766 2604 1865 2658 ὕπὸ

217 2691 476 2769 ἀρχιερεῖ
511 2692 639 2764 τῷδε
671 2691 772 2757 τὴν
814 2691 936 2748 κατ’
985 2693 1175 2755 αὖτοὺς
1229 2693 1600 2766 ποιμαίνεσθιι
1635 2690 1866 2759 Ἐκκληο

214 2782 362 2842 σίαν,
415 2782 510 2837 Καὶ
573 2783 596 2836 ὁ
642 2781 741 2855 μὲν
805 2783 952 2846 εὐθὺς
1017 2781 1410 2857 μετακαλεῖται
1457 2784 1548 2837 τὸν
1579 2782 1748 2859 μέγαν
1779 2784 1866 2838 καὶ

221 2875 357 2942 πᾷσι
415 2871 634 2948 τρόποις
675 2868 933 2938 ἱπιϐἧναι
967 2878 1062 2928 τοῦ
1105 2873 1290 2948 θρόνου
1346 2878 1533 2928 τοῦτον
1563 2871 1860 2952 ἐπιχειρεῖ.

224 2949 284 3017 ’0
346 2956 400 3014 δὲ
456 2959 762 3017 ἀνθίσταται
805 2962 1198 3040 γενναιότερον,
1231 2963 1322 3017 τὸν
1373 2958 1534 3038 ὄγκον
1574 2969 1667 3018 τοῦ
1722 2963 1862 3037 πρά-

228 3067 440 3126 γματος
500 3046 796 3107 δεδοικέναι
831 3048 1030 3128 λέγων,
1063 3053 1151 3106 καὶ
1195 3053 1271 3124 μὴ
1302 3051 1420 3114 οἷός
1453 3072 1508 3106 τε
1541 3055 1682 3107 εἶναι
1715 3051 1869 3116 ἀξιώ-

224 3160 398 3214 ματος
443 3141 696 3198 τοσούτου
745 3141 968 3219 μέγεθος
1018 3140 1293 3203 ὑπελθεῖν,
1351 3137 1498 3197 Ἐπεὶ
1529 3139 1584 3196 δὲ
1631 3143 1866 3210 Νικήτας

2027 2144 2286 2209 lV.Hinc
2305 2147 2502 2209 evadit
2537 2146 2820 2209 omnibus
2845 2147 3222 2222 manifestus,
3248 2168 3365 2213 non
3401 2153 3592 2233 priva-

1949 2237 2022 2297 tis
2053 2237 2245 2298 solum
2277 2248 2338 2297 et
2396 2237 2792 2318 principibus,
2827 2239 2932 2298 sed
2967 2239 3146 2300 etiam
3184 2241 3291 2320 ipsi
3329 2242 3594 2322 impera-

1948 2328 2060 2387 tori
2097 2328 2206 2405 (1).
2243 2326 2555 2389 Heraclius
2611 2337 2809 2388 autem
2867 2337 3004 2388 tunc
3065 2343 3302 2408 sceptra
3354 2335 3598 2396 tenebat

1946 2416 2381 2478 Romanorum.
2436 2416 2842 2488 Quamobrem
2904 2437 3036 2478 cum
3091 2419 3295 2482 civitas
3328 2423 3596 2486 Alexan—

1947 2507 2120 2568 drina
2150 2518 2288 2569 tunc
2325 2517 2485 2569 esset
2517 2507 2728 2568 orbata
2756 2508 3196 2587 patriarcita,ad
3224 2512 3382 2574 hunc
3408 2511 3597 2576 virum

1950 2607 2071 2658 toto
2097 2598 2411 2659 contendit
2443 2595 2844 2671 desiderio,et
2877 2608 3044 2676 rogat
3069 2602 3598 2680 imperatorem,ne

1949 2692 2080 2768 ipsa
2108 2709 2139 2750 a
2171 2709 2352 2769 scopo
2411 2708 2519 2749 suo
2580 2689 2912 2763 excideret,
2964 2691 3068 2750 sed
3103 2692 3178 2752 ab
3211 2711 3282 2752 eo
3317 2695 3599 2773 pontiﬁce

1953 2787 2301 2858 pasceretur
2332 2797 2537 2840 eurum
2594 2776 2887 2841 Ecclesia.
2927 2778 2999 2840 Et
3029 2779 3132 2842 ille
3189 2782 3431 2861 quidem
3467 2803 3593 2846 ma-

1951 2888 2131 2947 gnum
2179 2869 2343 2930 illum
2376 2869 2633 2929 accersit
2665 2869 2959 2949 protinus,
2997 2880 3054 2932 et
3085 2871 3365 2932 omnibus
3401 2872 3596 2936 modis

1952 2969 2206 3020 conatur
2239 2960 2291 3020 ei
2319 2960 2707 3039 persuadere,
2746 2967 2806 3020 ut
2835 2960 2906 3019 ad
2942 2962 3150 3021 sedem
3177 2962 3598 3027 ascendatJllo

1949 3061 2146 3111 autem
2183 3060 2429 3111 strenue
2462 3048 2714 3123 resistit,
2751 3049 2960 3110 dicens
2991 3069 3056 3110 se
3098 3058 3308 3114 timere
3341 3057 3428 3114 rei
3464 3071 3596 3114 ma-

1952 3139 2352 3218 gnitudinem,
2387 3159 2499 3201 nec
2532 3159 2596 3200 se
2630 3157 2804 3219 posse
2832 3149 3050 3200 tantam
3083 3149 3384 3204 sustinere
3415 3142 3601 3223 digni-

219 3231 251 3285 ὁ
309 3229 408 3297 τὴν
460 3229 606 3294 ἀξίαν
652 3232 952 3309 πατρίκιος,
1003 3230 1212 3308 μεγάλα
1275 3233 1335 3288 τὸ
1392 3239 1687 3298 τηνικαῦτα
1725 3233 1864 3310 παρὰ

1958 3240 2154 3291 tatem.
2188 3233 2335 3291 Cum
2387 3248 2528 3292 vero
2555 3229 2792 3292 Nicetas
2823 3229 3110 3308 dignitate
3158 3234 3465 3312 patricius,
3501 3232 3603 3314 qui

226 3317 448 3395 βασιλεῖ
489 3317 806 3396 δυνάμενος,
843 3319 1068 3400 ἀδελφός
1099 3341 1158 3376 τε
1208 3322 1344 3377 κατὰ
1381 3329 1587 3394 πνεῦμα
1634 3328 1712 3395 τῷ
1757 3345 1864 3396 μα-

224 3409 393 3486 καρίῳ
433 3407 627 3483 τελῶν,
659 3412 750 3466 καὶ
779 3409 1002 3485 δεσμοῖς
1064 3410 1209 3485 αύτῷ
1265 3409 1444 3490 φιλίας
1502 3411 1692 3490 ἄριστα
1738 3435 1867 3469 συν-

224 3499 496 3575 ημμένος,
541 3498 720 3565 ἄλλως
754 3520 810 3556 τε
855 3501 912 3557 δὲ
958 3502 1046 3557 καὶ
1088 3502 1148 3556 τὸ
1192 3499 1569 3578 ἂπαρᾶμιλλον
1629 3506 1728 3568 τῆς
1779 3508 1872 3558 τοῦ

226 3586 417 3664 ἀνδρὸς
470 3589 665 3668 ἀρετῆς
727 3587 1097 3670 ἀκριϐέστερον
1157 3589 1536 3665 ἐπιστάμενος,
1584 3593 1672 3647 καὶ
1730 3591 1872 3656 ἄξιον

228 3681 374 3736 εἶναι
418 3681 512 3736 τοῦ
538 3678 754 3758 θρόνου,
791 3681 834 3736 ei.
865 3681 952 3738 καὶ
981 3703 1100 3738 τινα
1130 3679 1334 3758 ἕτερον,
1370 3681 1639 3759 ἐγνωκὼς,
1673 3685 1750 3756 τῷ
1778 3684 1872 3758 βα-

229 3766 378 3825 σιλιῖ
408 3767 647 3849 σφοδρῶς
706 3769 964 3851 ὶνέκειτο,
1031 3770 1111 3846 μτὶ
1174 3772 1460 3827 ὑπανετναι
1492 3771 1686 3850 λέγων,
1737 3771 1876 3827 ἀλλὰ

237 3860 330 3915 καὶ
372 3855 567 3916 ἄκοντα
619 3861 750 3939 πρὸς
805 3862 894 3917 τὸν
939 3861 1120 3938 θρόνον
1163 3859 1461 3938 ἀναγαγεῖν
1495 3879 1510 3896 ⁶
1560 3864 1587 3918 ὁ
1630 3860 1876 3938 βασιλεὺς

235 3956 381 4032 ὁρμῇ
430 3949 637 4008 πλείονι
720 3951 807 4008 καὶ
869 3951 1130 4026 πνεύματι
1207 3953 1468 4031 προσχὼν
1551 3953 1874 4031 θερμοτέρῳ,

235 4043 403 4100 πείθει
452 4043 546 4097 τὸν
599 4038 758 4120 ἄνδρα
817 4061 917 4110 την
973 4041 1264 4118 ἱερωσύνην
1321 4040 1727 4115 καταδέξασθαι,
1785 4049 1877 4102 οὒκ

235 4133 376 4189 ἆθεεῖ
433 4131 674 4210 γενέσθαι
754 4133 853 4199 τὴν
930 4154 986 4188 τε
1045 4133 1309 4199 τοσαύτην
1391 4140 1486 4189 τοῦ
1541 4131 1712 4206 δήμου
1771 4135 1875 4192 τῶν

231 4219 600 4301 Δλεξανὲρέων
658 4244 1003 4300 συγκινησιν,
1082 4225 1169 4279 καὶ
1240 4223 1334 4280 τοῦ
1390 4226 1707 4301 κρατοῦντος
1775 4229 1874 4292 την

231 4309 506 4386 ἕνστάσιν,
553 4310 936 4388 λογισάμενον,
989 4311 1190 4368 Γίνεται
1253 4311 1425 4368 τοίνυν
1469 4312 1560 4368 τοῦ
1613 4316 1874 4392 μακαρίου

233 4402 419 4478 θρόνου
447 4397 726 4481 διάδοχος,
757 4407 835 4475 τῷ
877 4401 1064 4481 χρόνῳ
1107 4401 1204 4476 μὲν
1236 4400 1538 4466 πολλοστὸς
1571 4403 1690 4477 μετ’
1723 4404 1874 4462 ἐκεῖ·

1951 3329 2092 3381 tunc
2112 3321 2363 3382 multum
2396 3330 2626 3400 poterat
2646 3319 2801 3401 apud
2820 3321 3338 3399 imperatorem,et
3361 3322 3605 3386 Βαιθω-

1958 3409 2018 3470 oi
2053 3420 2178 3472 erat
2209 3411 2394 3470 frater
2423 3410 2662 3488 spiritu,
2713 3420 2771 3471 et
2798 3411 3056 3472 vinculis
3082 3413 3360 3474 amicitiae
3386 3424 3514 3474 erat
3543 3413 3599 3476 ei

1956 3502 2180 3579 optime
2211 3501 2590 3580 coniunctus,
2627 3511 2686 3561 et
2715 3500 2940 3580 alioqui
2973 3512 3137 3563 recte
3167 3503 3397 3564 sciebat
3426 3503 3605 3565 virtu-

1957 3599 2075 3652 tem
2104 3590 2233 3670 ejus
2253 3590 2876 3669 incomparabilem,et
2902 3601 3146 3654 noverat
3170 3593 3421 3667 ilium,si
3443 3593 3604 3658 ullus

1958 3689 2116 3741 esset
2154 3679 2326 3750 alius,
2362 3698 2434 3741 ea
2464 3679 2610 3740 sede
2641 3698 2775 3742 esse
2797 3679 3604 3758 dignum,vehementerins—

1959 3778 2110 3830 taret
2149 3769 2524 3848 imperatori,
2574 3767 2784 3830 dicens
2813 3789 2888 3830 ne
2921 3789 3058 3831 eum
3093 3771 3454 3846 remitteret,
3489 3773 3598 3836 sed

1957 3861 2050 3922 vel
2084 3861 2333 3920 invitum
2366 3858 2440 3919 ad
2476 3858 2682 3920 sedem
2706 3858 3057 3940 inveiteret;
3095 3877 3313 3938 urgens
3339 3863 3602 3941 impera-

1957 3958 2057 4012 tor
2088 3950 2315 4028 majore
2347 3948 2577 4028 impetn
2612 3957 2671 4010 et
2720 3951 2959 4030 spiritu,
3011 3950 3332 4030 persuadet
3359 3947 3599 4024 Joanni,

1964 4048 2027 4101 ut
2057 4039 2345 4120 suscipiat
2379 4040 2812 4119 pontiﬁcatum,
2847 4049 2911 4100 ut
2953 4039 3052 4121 qui
3084 4043 3451 4120 reputaverit
3482 4058 3604 4102 non

1961 4131 2096 4193 sine
2131 4132 2233 4192 Dei
2263 4130 2511 4192 numine
2537 4130 2719 4191 fuisse
2743 4139 2964 4191 tantam
2981 4130 3370 4192 Alexandrini
3398 4131 3605 4211 populi

1958 4223 2424 4283 commotionem
2479 4228 2537 4280 et
2596 4220 2975 4299 imperatoris
3003 4221 3474 4282 contentionem.
3511 4219 3607 4283 Fit

1956 4311 2162 4390 itaque
2193 4310 2354 4372 sedis
2380 4309 2563 4372 Marci
2587 4329 2928 4385 successor,
2962 4321 3234 4391 tempore
3264 4311 3505 4391 quidem
3529 4311 3602 4374 ab

1960 4402 2060 4463 illo
2093 4401 2270 4479 longe
2301 4409 2593 4479 remotus,
2628 4401 2732 4462 sed
2770 4420 2887 4460 non
2943 4403 3194 4462 multum
3248 4409 3516 4462 remotus
3572 4417 3607 4463 a

236 4512 348 4571 νον,
383 4492 445 4549 οῦ
475 4489 611 4548 πολὺ
656 4489 711 4547 δὲ
741 4494 836 4548 τοῦ
864 4493 979 4568 βίου
1022 4493 1110 4548 καὶ
1155 4496 1252 4559 τῆς
1294 4490 1487 4569 ἀρετῆς
1531 4491 1868 4570 λειπόμενος·

1961 4495 2078 4556 vita
2113 4492 2271 4553 illius
2306 4500 2363 4552 et
2399 4491 2606 4551 virtute
2635 4511 2647 4551 :
2685 4491 2990 4568 quomodo
3021 4493 3198 4553 etiam
3235 4498 3481 4572 possunt
3515 4507 3608 4552 os-

235 4580 418 4660 ὥσπερ
443 4580 543 4658 ἄρα
571 4584 660 4639 καὶ
681 4579 876 4649 δηλοῦν
911 4581 1098 4663 ἔχουσι
1132 4583 1198 4638 τὰ
1223 4583 1360 4658 μετὰ
1388 4583 1487 4649 τὴν
1519 4583 1697 4664 ἀρχὴν
1732 4590 1877 4656 εὐθὺς

234 4677 328 4729 τοῦ
355 4671 540 4750 ἀνδρὸς
572 4675 982 4750 κατορθώματα,

319 4761 402 4823 E'.
440 4753 536 4827 ²Ως
566 4763 668 4842 γὰρ
697 4759 867 4830 ἰπὲϐη
897 4769 992 4819 τοῦ
1035 4761 1245 4842 θρόνου,
1278 4760 1426 4840 ἀγὼν
1461 4765 1604 4841 αὐτῷ
1633 4766 1719 4825 διὰ
1753 4792 1883 4828 παν-

240 4853 328 4915 τὸς
375 4852 557 4930 ἑτέρου
600 4854 661 4908 τὸ
721 4853 936 4932 Μάρκου
967 4853 1220 4931 κήρυγμα
1251 4853 1340 4908 καὶ
1368 4854 1467 4921 τὴν
1503 4858 1602 4912 τῶν
1634 4862 1878 4938 φθκσάν-

235 4965 344 5000 των
378 4941 624 5021 Πατέρων
679 4943 854 5000 πίστιν
903 4943 1326 5017 ἀνανεώσασθαι,
1363 4945 1450 5000 καὶ
1482 4947 1544 5001 τὰ
1576 4949 1683 5004 τῶν
1728 4952 1880 5029 αἱρε-

235 5040 401 5090 τικῶν
488 5032 828 5113 παραφυὲντα
885 5033 1092 5105 ζιζάνια
1163 5033 1327 5111 ῥίζαις
1401 5033 1592 5101 αύταῖς
1654 5038 1880 5104 ἐξελεῖν.

240 5133 341 5184 Τοῦ
370 5124 471 5203 γὰρ
517 5123 770 5204 Κναφέως
824 5123 1024 5204 Πέτρου
1074 5123 1384 5200 προσθήκην
1413 5127 1530 5182 τινὰ
1561 5127 1883 5208 βλάσφημον

319 5232 402 5302 (1)
445 5229 861 5308 Metapbrastes
915 5229 1180 5308 fortassis
1229 5230 1404 5289 verba
1465 5232 1585 5308 1352c
1638 5235 1889 5308 adjecit;

247 5301 405 5379 certe
443 5316 560 5359 non
578 5301 690 5379 diu
723 5306 858 5359 ante
889 5301 1075 5373 potuit
1105 5317 1232 5379 esse
1271 5315 1444 5379 notus
1475 5301 1746 5379 Heraclio
1771 5301 1891 5379 jam

245 5375 757 5444 imperatori.cum
785 5387 881 5431 aut
912 5389 1047 5431 mox
1083 5375 1410 5445 patriarcha
1439 5375 1514 5434 sit
1544 5375 1897 5442 creatuslant

249 5446 865 5519 potius_aliquotiante
895 5450 1086 5502 annis.

323 5518 406 5590 (2)
439 5515 656 5593 Petrus
685 5517 1166 5593 Cnaphcus,_sive
1196 5515 1384 5593 Fullo,
1410 5519 1518 5593 sub
1539 5521 1730 5578 Leone
1755 5523 1892 5593 imp.

246 5587 458 5649 More
511 5589 761 5662 Zenonis
809 5587 986 5647 duris
1014 5588 1267 5662 orientis
1322 5592 1444 5662 (qui
1473 5592 1680 5651 deinde
1718 5587 1897 5652 Leoni

253 5663 559 5723 successit
580 5661 813 5734 sum)
845 5659 1173 5726 Antiochia
1199 5659 1402 5725 contra
1421 5663 1758 5740 episcopum
1773 5665 1899 5742 ejus

1966 4583 2239 4662 tendere,
2290 4599 2420 4661 quze
2467 4581 2665 4642 statim
2723 4591 2854 4662 post
2883 4595 3228 4661 susceptam
3274 4583 3605 4645 rectionem

1964 4683 2130 4737 recte
2155 4673 2228 4733 ab
2261 4671 2360 4732 illo
2393 4681 2556 4750 gesta
2587 4681 2747 4734 sunt.

2045 4763 2443 4843 V.Postquam
2475 4761 2634 4823 enim
2659 4759 2935 4840 ascendit
2955 4760 3310 4839 sedem,boc
3330 4771 3472 4825 ante
3495 4761 3611 4824 alia

1965 4861 2160 4918 omnia
2187 4858 2576 4922 contendit,ut
2595 4868 2896 4915 renovaret
2928 4858 3094 4914 Marci
3122 4859 3606 4928 praedicationem.

1965 4953 2022 5005 et
2046 4942 2222 5004 ﬁdem
2256 4945 2494 5002 Patrum
2516 4945 2613 5022 qui
2651 4942 3608 5022 prmcesserant,ethaireticorum

1967 5051 2100 5113 quae
2125 5042 2296 5093 enata
2320 5033 2550 5093 fuerant
2580 5031 2804 5093 zizania
2828 5032 3114 5094 evelleret
3144 5029 3609 5093 radicitus.Nam

1969 5142 2105 5186 cum
2131 5125 2344 5186 Petrus
2370 5123 2688 5202 Cnapheus
2716 5123 2799 5202 (‘2)
2833 5123 3249 5201 blusphemam
3283 5118 3605 5198 quamdam

1977 5231 2140 5288 urbis
2201 5231 2580 5287 orthodoxum
2622 5232 2962 5301 martyrium
3024 5232 3305 5286 concitata
3342 5227 3608 5301 multitu-

1977 5304 2130 5366 dine,
2173 5317 2297 5358 eam
2340 5302 2534 5357 sedem
2574 5299 2802 5371 invasit,
2835 5318 2901 5357 ac
2931 5300 3482 5369 Tbeopaschitarum
3517 5299 3612 5354 in-

1978 5377 2258 5430 stauravit
2292 5374 2680 5444 haeresini,_de
2710 5388 2818 5442 qua
2853 5373 3127 5444 pluribus
3176 5372 3359 5428 acturi
3414 5383 3618 5428 sumus

1975 5456 2092 5501 xxv
2128 5444 2433 5502 Februarii
2469 5445 2537 5498 ad
2569 5443 2754 5500 Vitam
2782 5443 3082 5500 SJFeliCis
3111 5443 3183 5499 lli
3221 5456 3398 5514 papa.
3426 5444 3618 5498 Leon-

1978 5520 2090 5574 tius
2127 5531 2289 5573 num.
2325 5515 2395 5572 60
2450 5516 2964 5578 Severianitarum,
3015 5517 3134 5571 sive
3167 5516 3614 5584 Acephaiorum,

1977 5589 2351 5722 siderumque
2383 5588 2788 5648 haereticorum
2818 5584 3104 5652 meminit,
3143 5600 3262 5644 non
3290 5583 3456 5646 Petri
3479 5583 3624 5645 Cn:-

1978 5675 2014 5722 ι)
2059 5675 2132 5720 ei.
