4104 6198
466 327 472 348 ,
502 286 620 354 899

1797 281 2082 350 MENSIS
2121 284 2581 354 JANUARIUS.

3737 289 3838 356 900

434 446 436 448 ν
500 427 561 488 in
587 427 964 490 Divinitatem
984 427 1348 491 additionem
1373 426 1590 504 hymno
1619 429 1711 484 ter
1738 427 1946 484 sancto
1965 436 2126 482 ausu:

2230 420 2369 476 κατὰ
2412 424 2510 486 τῆς
2543 421 2796 487 θεότητος
2841 423 2920 491 τῷ
2976 419 3244 498 Τρισαγίῳ
3287 434 3594 504 παρενεϊραι
3657 419 3835 496 τολμή-

502 525 662 578 esset
684 519 1145 593 inserere,etei,
1180 516 1336 596 quod
1367 523 1480 586 est,
1514 511 1804 573 «Sanctus
1826 511 2146 571 immorta-

501 605 635 679 lis,»
666 608 1007 686 adjecisset,
1041 632 1066 661 α
1095 606 1204 678 Qui
1229 603 1555 665 cruciﬁxus
1579 611 1675 663 est
1699 615 1946 682 propter
1969 617 2140 663 nosu

505 694 735 758 divinus
756 697 854 756 ille
881 696 1108 764 vir,hac
1143 693 1514 772 blaSphemia
1541 691 1797 765 sublata,
1834 689 2141 770 impatibi-

500 782 616 844 lem
651 798 710 846 et
737 784 1131 846 immortalem
1163 783 1533 846 divinitatem
1559 801 1666 842 suo
1690 781 1965 860 dogmate
1989 797 2145 840 asse-

496 874 703 945 rui’t,et
734 893 976 953 gregem
1002 874 1082 936 ita
1096 873 1324 935 sentire
1349 870 1728 935 docuit.Cum
1747 879 1944 932 autem
1971 869 2142 930 inve-

497 962 684 1024 nisset
731 975 960 1044 septem
1013 964 1138 1026 sola
1191 963 1664 1024 orthodoxornm
1721 961 2007 1034 oratoria,
2075 977 2144 1020 ea

496 1051 685 1114 efﬁcit
715 1053 919 1114 decies
953 1055 1219 1135 plura,ut
1250 1051 1353 1134 qui
1385 1070 1455 1114 ea
1504 1050 1882 1131 septuaginta
1913 1049 2140 1112 consti-

497 1140 702 1206 tuerit.
725 1142 954 1206 Deinde
987 1162 1165 1205 omne
1195 1143 1432 1205 confert
1462 1141 1827 1214 studium,ut
1851 1140 1953 1220 qui
1987 1139 2141 1220 capti

492 1230 730 1294 fuerant
761 1253 939 1296 omne
959 1251 1148 1313 genus
1175 1231 2037 1312 haeresibus,converterentur
2067 1228 2138 1290 ad

493 1321 805 1402 pietatem.
839 1322 1094 1404 Fuitque
1126 1324 1289 1386 zelus
1319 1323 1449 1402 ejus
1485 1320 2048 1383 vehementissimus
2079 1318 2138 1380 in

495 1409 1069 1488 ordinationibus,ut
1099 1432 1186 1474 ea;
1224 1412 1464 1493 quidem
1491 1428 1654 1492 purae
1678 1418 1933 1472 essenta
1957 1409 2140 1471 lucris

493 1508 552 1561 et
584 1501 969 1564 muneribus:
999 1503 1162 1564 nulla
1183 1511 1384 1564 autem
1409 1520 1614 1562 earum
1645 1503 1815 1562 fieret
1839 1500 1986 1561 citra
2008 1517 2140 1560 exa—

495 1590 1221 1656 minationemPrazterea
1246 1601 1443 1654 autem
1471 1592 1791 1653 maximum
1815 1589 2141 1651 adhibebat

493 1680 865 1760 diligentiam
891 1683 950 1743 in
977 1681 1375 1744 defendendis
1409 1683 1479 1743 iis
1511 1680 1727 1762 quibus
1763 1679 1940 1741 fiebat
1971 1679 2136 1758 inju-

488 1770 672 1844 ria,et
705 1791 780 1833 ne
805 1772 1044 1851 judices
1071 1771 1462 1852 gratiﬁcando
1492 1770 1768 1850 personis
1792 1771 1888 1848 jus
1922 1768 2138 1850 prode-
2164 1787 2200 1838 ῃ

489 1869 646 1938 rent,
682 1861 786 1922 sed
813 1860 1062 1941 justitiae
1093 1861 1314 1924 trutina
1365 1860 1764 1940 ponderarent
1790 1858 2044 1938 judicia,
2083 1867 2139 1919 et

492 1968 604 2012 nec
634 1950 706 2012 ad
738 1952 989 2031 gratiam
1024 1953 1384 2032 aspicerent,
1421 1968 1532 2012 nec
1565 1951 1637 2012 ad
1670 1950 1897 2010 odium.

567 2038 669 2103 Vl.
723 2040 892 2113 Quod
925 2051 1125 2104 autem
1162 2049 1290 2104 erat
1338 2040 1394 2102 ei
1429 2039 1755 2101 maximum
1787 2046 1846 2100 et
1877 2037 2136 2100 maxime

487 2130 957 2212 preprium,erat
977 2132 1214 2196 fervens
1237 2129 1733 2193 misericordiain
1759 2146 2144 2209 pauperes,et

486 2225 547 2281 in
572 2228 845 2283 curandis
862 2227 1260 2298 indigentibus
1279 2223 1682 2283 insatiabilitas
1707 2233 1759 2281 et
1786 2223 2137 2294 proclivitas,

487 2327 618 2392 quae
641 2329 760 2373 non
785 2320 1019 2392 poterat
1047 2311 1368 2391 comprimi
1397 2332 1412 2382 ;
1442 2318 1500 2372 et
1525 2308 1676 2371 nihil
1710 2307 1958 2370 omnino
1993 2325 2135 2389 par-

485 2419 617 2461 cere
641 2406 926 2476 pecuniis,
954 2406 1096 2464 adt-o
1123 2406 1381 2463 utetiam
1407 2418 1557 2474 saepe
1578 2403 1647 2460 ad
1674 2403 1915 2459 fundum
1944 2405 2132 2472 ipsum

489 2489 857 2569 perveniret.
883 2490 1029 2552 Cum
1062 2488 1270 2566 itaque
1301 2498 1517 2570 praeter
1544 2488 1662 2550 alia
1685 2505 1793 2548 sua
1811 2485 2130 2565 beneficia,

483 2579 879 2642 exstruxisset
900 2579 1283 2641 xenodochia
1303 2589 1360 2641 et
1405 2578 1755 2640 nosocomia
1785 2586 1843 2638 et
1874 2577 2125 2658 ptocho-

482 2669 745 2750 trophia,
776 2671 862 2732 eis
921 2669 1285 2732 frumentum
1343 2667 1616 2730 attribuit
1665 2667 2126 2749 quotidianum:

2232 531 2448 584 σαντος,
2477 513 2560 566 καὶ
2606 517 2681 584 τῷ
2713 509 2908 588 ’Ἄγιος
2941 509 3229 582 ἀθάνατος,
3264 512 3325 567 τὸ
3357 502 3418 567 e0
3451 513 3753 588 σταυρωθεὶς
3781 509 3836 567 δι’

2231 601 2378 674 ἡμᾶς
2423 600 2766 678 προσθέντοςο
2804 602 2832 655 ὁ
2865 603 3009 659 θεῖος
3055 599 3266 665 ἐκεῖνος
3299 601 3432 676 ἀνὴρ
3463 601 3524 656 τὸ
3552 600 3836 679 βλάσφημον

2229 697 2384 748 τοῦτο
2451 689 2742 764 ὅπεξελὼν,
2812 689 2990 756 ἀπαθῆ
3062 691 3150 746 καὶ
3196 689 3454 750 ἀθάνατον
3505 693 3596 756 τὴν
3637 690 3835 758 θεότητα

2228 777 2547 856 ἐδογμάτισε
2578 802 2636 837 τε
2668 781 2753 838 καὶ
2787 780 2848 834 τὸ
2879 779 3128 851 ποίμνιον
3161 778 3300 836 οὕτω
3343 790 3563 859 φρονεῖν
3617 776 3834 844 ὶδίδαξεν,

2231 859 2398 926 Ἐπτὰ
2441 867 2497 925 δὲ
2541 869 2678 944 μόνα
2741 869 2978 948 εὸρηκὼς
3039 865 3327 946 ὀρθοδόξων
3386 868 3661 949 εὖκτήρια,
3700 867 3835 927 δεκα-

2225 955 2509 1028 πλασιάζει
2555 965 2745 1031 ταῦτα,
2798 959 2871 1022 εἰς
2923 954 3297 1031 ἑϐδομήκοντα
3325 959 3693 1026 καταστήσας.
3727 959 3838 1016 Εἶτα

2228 1045 2466 1117 σπουδήν
2507 1069 2565 1104 τε
2605 1052 2782 1105 πᾶσαν
2836 1047 3093 1126 εἰσφέρει,
3127 1046 3247 1108 τούς
3283 1044 3662 1110 παντοδαπαῖς
3703 1043 3839 1101 ἁλόν-

2223 1157 2319 1200 τας
2382 1137 2642 1216 αἱρέσεσιν
2701 1136 3025 1214 ἓπιστρέψαι
3085 1138 3219 1216 πρὸς
3276 1137 3378 1204 τὴν
3425 1133 3712 1215 εὐσέϐειαν,
3770 1137 3840 1192 καὶ

2223 1226 2388 1296 ζῆλον
2448 1228 2570 1284 οἷον
2627 1229 2746 1306 περὶ
2805 1227 2898 1288 τὰς
2961 1229 3294 1306 χειροτονίος
3345 1225 3698 1305 θερμότατον,
3725 1224 3838 1282 ὥστε

2225 1314 2527 1391 λημμάτων
2587 1317 2685 1392 μὲν
2734 1318 2893 1379 αὐτὰς
2939 1317 3273 1394 καθαρεύειν,
3334 1316 3492 1380 ἐκτὸς
3546 1315 3600 1372 δὲ
3642 1314 3835 1390 δοκιμα-

2226 1411 2338 1470 σίας
2387 1406 2654 1483 μηδεμίαν
2703 1409 2878 1463 αὐτῶν
2938 1408 3171 1485 γίνεσθαι
3218 1408 3346 1484 πρὸς
3389 1408 3608 1470 τούτους
3669 1405 3836 1480 impi-

2222 1495 2376 1553 λειαν
2411 1517 2423 1530 ’
2462 1497 2596 1564 ὅσην
2629 1506 2748 1568 περί
2793 1497 2893 1564 τὴν
2940 1497 3046 1553 τῶν
3105 1494 3467 1572 ἀδικουμένων
3523 1497 3834 1575 προστασίαν³

2223 1588 2310 1642 καὶ
2364 1589 2426 1644 τὸ
2487 1589 2565 1664 μὴ
2610 1589 2734 1650 τοὺς
2781 1584 3092 1657 δικάζοντας
3135 1587 3386 1664 θεραπείᾳ
3431 1586 3723 1664 προσώπων
3750 1607 3834 1642 κα-

2221 1675 2595 1756 ταπροδιδόναι
2675 1679 2739 1734 τὸ
2818 1675 3043 1751 δίκαιον,
3119 1675 3258 1732 ἀλλὰ
3321 1679 3468 1755 ζυγῷ
3525 1675 3833 1743 δικαιοσύνης

2224 1770 2555 1844 σταθμᾶσθαι
2613 1767 2709 1830 τὰς
2764 1769 2983 1844 κρίσεις,
3034 1767 3122 1823 καὶ
3151 1768 3290 1841 μήτε
3324 1769 3456 1839 πρὸς
3491 1767 3649 1846 χάριν
3677 1765 3837 1829 αὐτοὺς

2223 1858 2373 1936 ὸρᾷν,
2411 1858 2550 1933 μήτε
2583 1860 2688 1934 μὴν
2715 1859 2847 1935 πρὸς
2880 1856 3202 1936 ἀπέχθειαν,

2299 2035 2400 2109 ς’.
2437 2039 2508 2094 Τὸ
2566 2035 2620 2093 δὲ
2677 2043 2870 2112 μεῖζον
2917 2036 3062 2110 αὒτῷ
3099 2036 3187 2093 καὶ
3235 2033 3527 2093 ἱδιαίτατον
3558 2037 3585 2092 ὁ
3614 2032 3833 2112 διάπυρος

2227 2127 2358 2204 πρὸς
2421 2127 2542 2192 τοὺς
2595 2127 2831 2193 πένητας
2881 2125 3030 2189 ἔλεος
3075 2128 3162 2199 ἦν,
3215 2127 3391 2182 καὶτὸ
3425 2127 3544 2203 περῖ
3573 2125 3668 2191 τὴν
3696 2127 3832 2191 θερα-

2222 2218 2378 2272 πείαν
2424 2219 2530 2273 τῶν
2591 2214 2856 2291 δεομένων
2916 2214 3195 2283 ἄπληστον
3233 2215 3323 2272 καὶ
3376 2214 3698 2296 ἀφύλακτον,
3750 2216 3830 2268 καὶ

2221 2306 2281 2361 τὸ
2325 2303 2461 2381 μηδὲ
2511 2304 2648 2370 ὅλως
2709 2302 2874 2386 φειδὼ
2929 2309 3198 2362 ποιεῖσθαι
3230 2305 3560 2385 χρημάτων,
3596 2304 3725 2360 ὥστε
3759 2301 3832 2358 καί

2220 2399 2380 2455 αὐτοῦ
2435 2395 2700 2462 πολλάκις
2757 2403 2849 2452 τοῦ
2908 2397 3171 2472 πυθμένος
3228 2396 3490 2473 ἅψασθαι.
3523 2392 3830 2472 Ξενοδοχεῐα

2217 2493 2341 2565 γοῦν
2400 2489 2488 2544 καὶ
2543 2499 2892 2562 νοσοκομεϊα,
2956 2488 3384 2567 πτωχοτροφεϊά
3442 2508 3501 2543 τε
3545 2487 3674 2561 πρὸς
3727 2495 3828 2546 ταῖς

2216 2573 2406 2640 ἄλλαις
2467 2580 2629 2636 αὖτοῦ
2673 2578 2934 2639 εὖποιίαις
2985 2574 3331 2653 δειμάμενος,
3389 2575 3618 2642 ἆπέταξε
3647 2575 3826 2634 τούτοις

2213 2667 2548 2746 καθημερινὰ
2577 2666 2879 2745 σιτηρέσια,
2932 2668 3019 2722 καὶ
3075 2674 3327 2725 τοσοῦτον
3363 2667 3510 2741 αὖτῷ
3541 2667 3597 2722 τὸ
3627 2664 3738 2742 περὶ
3774 2662 3827 2717 τὰ

483 2766 782 2840 tantaque
809 2759 937 2822 haec
970 2767 1144 2821 erant
1169 2761 1224 2820 ei
1247 2777 1423 2833 cura),
1457 2759 1720 2820 utetiam
1765 2755 2126 2836 pauperibus

2214 2764 2430 2813 τοιαῦτα
2491 2755 2751 2832 ἐπιμελὲς
2810 2756 2899 2832 ἦν,
2935 2758 3006 2819 ὼς
3041 2758 3129 2814 καὶ
3184 2755 3419 2836 γυναιξιν
3483 2756 3694 2834 ἀπόροις
3749 2752 3826 2814 αἶς

482 2849 752 2924 feminis,
784 2849 1002 2929 quibus
1032 2849 1103 2910 a:l
1138 2848 1496 2929 pariendum
1535 2867 1656 2910 non
1686 2853 1857 2908 erant
1886 2843 2125 2905 habita-

2211 2847 2340 2923 πρὸς
2401 2847 2462 2902 τὸ
2521 2847 2719 2904 τίκτειν
2751 2845 2848 2902 οὒκ
2889 2846 2954 2914 ἧν
2985 2847 3325 2927 καταγώγια,
3359 2842 3479 2905 οὒδέ
3511 2869 3559 2902 τι
3589 2847 3690 2901 τῶν
3716 2843 3826 2921 πρὸς

480 2939 842 3019 cula,neque
863 2939 1090 3020 aliquid
1115 2956 1329 2999 eorum
1350 2956 1484 3018 qute
1509 2946 1647 2998 sunt
1667 2944 1803 3014 apta
1823 2935 1896 2994 ad
1920 2951 2126 2995 earum

2212 2935 2494 3012 θεραπείαν
2581 2934 2925 3012 ὶπιτηδείων,
3005 2935 3192 3002 οἴκους
3271 2936 3406 2992 ἑπτὰ
3467 2935 3523 2991 ὲν
3579 2931 3826 3014 διαφόροις

479 3031 878 3101 curationem,
906 3037 1136 3107 septem
1162 3027 1374 3088 domos
1406 3025 1749 3089 attribuerit
1777 3024 1836 3084 in
1870 3023 2126 3085 diversis

2214 3023 2474 3091 άποτάξαι
2519 3024 2704 3088 τόποις
2752 3027 2852 3094 τῆς
2911 3025 3148 3104 πόλεως,
3194 3024 3381 3090 κλίνας
3430 3047 3492 3082 τε
3541 3025 3628 3082 καὶ
3670 3044 3824 3099 στρω-

481 3115 631 3178 locis
654 3117 934 3192 civitatis,
971 3117 1363 3196 eil‘eceritque
1385 3125 1445 3178 ut
1479 3115 1538 3176 in
1565 3115 1654 3176 eis
1673 3123 1876 3176 essent
1897 3113 2039 3174 lecti
2075 3121 2126 3175 et

2215 3115 2350 3190 μνὰς
2411 3115 2468 3171 ἂν
2526 3117 2740 3178 τούτοις
2798 3115 2942 3173 εἶναι
3017 3117 3446 3195 παρασκευάσαι,
3505 3117 3591 3172 καὶ
3647 3117 3825 3191 τροφῶν

478 3206 738 3282 stragula
758 3213 816 3266 et
837 3206 1237 3288 suppeditatio
1257 3207 1830 3284 alimentorum.qua
1853 3202 2126 3265 reficere-

2213 3204 2480 3284 χορηγίαν
2541 3205 2599 3262 τὸ
2659 3205 2765 3263 τῶν
2823 3212 3120 3263 τικτουσῶν
3181 3205 3392 3271 ἐπιδεὲς
3437 3205 3821 3285 θεραπεύουσαν.

477 3303 574 3356 tur
606 3296 936 3372 indigentia
970 3295 1585 3376 parientium.Prteter
1609 3295 1734 3355 haec
1760 3292 2131 3375 pauperibus

476 3405 713 3466 quoque
735 3385 978 3448 clericis
1003 3383 1788 3465 providebat,etunicuique
1802 3401 2009 3444 eorum
2028 3402 2127 3464 pe-

475 3476 669 3538 cuniae
693 3475 1113 3557 praebebantur
1133 3474 1506 3539 annum.Non
1523 3475 1612 3537 eis
1634 3481 1832 3536 autem
1846 3472 2126 3546 solis,sed

475 3566 656 3627 etiam
694 3565 1242 3647 episcOpts,quihus
1270 3575 1542 3646 sumptus
1573 3563 1822 3626 minime
1848 3569 2126 3644 suppete-

476 3655 619 3716 bant
659 3655 731 3716 ad
765 3656 1010 3716 victum.
1044 3654 1159 3716 Sed
1193 3654 1336 3735 quid
1384 3656 1514 3717 haec
1547 3655 1621 3715 ad
1650 3672 1927 3732 magnum
1962 3670 2126 3714 mare

474 3745 606 3824 ejus
632 3745 895 3807 liberalis
936 3746 1279 3818 voluntatis,
1316 3753 1374 3807 et
1427 3753 1659 3808 vastum
1695 3744 1841 3806 illud
1877 3741 2125 3825 pelagus

473 3833 892 3915 benignitatis?
917 3834 1055 3896 Erat
1078 3835 1236 3898 enim
1262 3835 1414 3896 alter
1434 3835 1604 3898 Nilus
1627 3837 1870 3915 copioso
1896 3833 2124 3895 ﬂuento

471 3925 1020 4007 eleemosynaamon
1053 3927 1339 3999 solam,ut
1370 3925 1498 3999 ille,
1533 3924 1735 4004 rigans
1765 3926 2119 4003 ZEgyptum,

471 4015 577 4076 sed
605 4016 794 4095 ipsam
821 4014 1261 4091 universam,ut
1287 4015 1475 4076 semel
1493 4015 1716 4088 dicam,
1745 4024 1964 4076 terram
1997 4011 2120 4075 cir-

479 4105 835 4166 cumﬂuens.
864 4104 1007 4176 Quis
1049 4104 1210 4166 enim
1236 4121 1307 4164 ex
1331 4104 1404 4164 iis
1424 4104 1522 4184 qui
1549 4103 1814 4184 undique
1835 4103 2120 4165 adventa-

480 4193 808 4268 bant,victu
839 4194 1197 4274 indigens.si
1227 4193 1298 4255 ad
1330 4194 1523 4274 ipsum
1552 4194 1930 4273 accessisset,
1966 4191 2123 4254 tristi

475 4282 636 4343 vultu
667 4291 728 4344 et
773 4285 974 4344 vacuis
1003 4300 1280 4344 reversus
1331 4292 1418 4344 est
1452 4285 1750 4359 manibus,
1785 4291 1845 4346 et
1876 4301 1996 4344 non
2030 4291 2121 4343 est

471 4371 902 4453 benignitatem
919 4373 1159 4434 abunde
1175 4371 1692 4436 cortsecutus'flmo
1717 4392 1855 4436 vero
1873 4372 2116 4454 quinam

471 4482 544 4525 ex
573 4462 670 4540 iis,
704 4463 806 4544 qui
843 4471 1112 4543 egestate
1139 4461 1498 4524 laborabant
1529 4464 1875 4545 ubicunque
1915 4472 2111 4524 terra-

467 4570 599 4614 rum
627 4527 762 4614 e’utln
788 4527 921 4615 esse
944 4555 1301 4635 recepisset,
1331 4572 1450 4615 non
1481 4573 1550 4616 ea
1577 4527 1855 4636 praebuit,
1879 4572 2009 4635 quae
2035 4553 2110 4614 ad
2133 4527 2181 4580 θ

467 4659 641 4704 usum
680 4643 1061 4706 sufficerent?
1095 4645 1242 4706 Nam
1278 4662 1414 4704 cum
1447 4652 1587 4706 tunc
1619 4643 1817 4706 Persae
1849 4643 2112 4724 populati

467 4745 671 4796 essent
693 4735 1032 4795 universam
1053 4733 1306 4814 Syriam,
1340 4734 1442 4814 qui
1466 4753 1676 4797 eorum
1705 4752 1914 4794 manus
1938 4743 2108 4812 pote-

463 4831 598 4882 rant
616 4823 969 4900 eﬁ‘ugere,et
989 4822 1280 4897 laici,tam
1305 4822 1342 4882 ii
1373 4823 1475 4903 qui
1501 4823 1906 4900 magistratum
1931 4839 2105 4900 gere-

464 4909 630 4993 bant,
662 4931 838 4994 quam
869 4911 1103 4993 privati,
1125 4922 1183 4973 et
1218 4911 1423 4973 clerici
1455 4931 1590 4974 cum
1629 4912 1928 4990 episcottis
1959 4929 2108 4972 con-

463 5001 694 5082 fugiunt
721 5001 1411 5073 Alexandriam.Quibus
1434 5000 1715 5063 omnibus
1739 5000 1904 5061 dives
1927 5000 2031 5061 ille
2053 5008 2110 5061 et

465 5099 713 5154 minime
727 5097 1015 5170 angustus
1034 5091 1381 5152 convivator
1401 5091 1668 5171 quotidie
1690 5087 2111 5169 suppeditabat

463 5199 593 5258 quae
615 5185 873 5243 erantad
898 5199 1069 5242 usum
1096 5189 1446 5248 necessaria,
1469 5199 1582 5240 non
1614 5184 1683 5240 ad
1720 5181 2106 5254 indigentium

462 5271 761 5350 aSpiciens
795 5269 1264 5342 multitudinem,
1307 5279 1368 5329 ut
1397 5268 1620 5348 aliquid
1655 5269 1904 5341 faceret,
1950 5268 2107 5348 quod

463 5368 628 5422 esset
652 5359 882 5422 sordidi
913 5368 973 5421 et
1005 5358 1320 5420 illiberalis
1347 5358 1546 5432 animi,
1577 5357 1682 5418 sed
1709 5357 1782 5419 ad
1817 5376 1980 5433 eum,
2005 5357 2108 5438 qui

463 5457 644 5525 aperit
671 5463 990 5524 manum,et
1014 5467 1189 5512 omne
1213 5452 1427 5509 animal
1461 5453 1658 5522 implet
1679 5451 2105 5510 benedictione.

462 5541 609 5603 Cum
633 5549 829 5602 autem
854 5541 1196 5601 Basmiszus
1217 5538 1321 5616 (3),
1349 5537 1464 5599 dux
1489 5539 1791 5599 exercitus
1817 5537 2109 5612 Cbosroe,

535 5647 614 5717 (3)
649 5647 744 5704 .‘tls.
803 5647 980 5704 Graec.
1033 5646 1441 5708 Hhasmiuzus;
1483 5646 1728 5703 aLerum
1783 5660 1891 5703 ms.
1935 5645 2110 5704 Grec.

462 5719 780 5778 Rasmozus.
816 5720 1177 5778 Describitur
1213 5721 1334 5776 haec
1375 5718 1683 5778 Persarum
1717 5718 2023 5792 expeditio
2049 5718 2111 5776 in

2210 3292 2333 3352 Ἐπὶ
2371 3295 2581 3359 τούτοις
2626 3305 2732 3353 τῶν
2774 3297 3082 3373 πενομένων
3144 3304 3238 3354 τοῦ
3288 3296 3494 3376 κλήρου
3526 3294 3821 3374 προμήθεια,

2208 3387 2298 3440 καὶ
2333 3386 2390 3441 τὸ
2436 3385 2644 3461 ἑκάστῳ
2676 3387 2877 3444 τούτων
2910 3386 3098 3457 ἐτήσια
3131 3389 3392 3467 χρήματα
3442 3385 3676 3465 ἐπιῤῥεϊν
3702 3403 3716 3420 ·
3745 3385 3823 3440 οὐκ

2213 3477 2398 3539 αὐτοῖς
2429 3473 2483 3532 δὲ
2529 3479 2742 3558 μόνοις³
2773 3475 2910 3533 ἀλλὰ
2940 3480 3030 3534 καὶ
3059 3480 3164 3534 τῶν
3209 3476 3522 3535 ἐπισκόπων
3567 3476 3704 3537 ὅσοις
3744 3471 3822 3528 οὒκ

2211 3564 2448 3645 αὐτάρκη
2511 3567 2572 3623 τὰ
2645 3569 2776 3646 πρὸς
2837 3569 2899 3626 τὸ
2961 3575 3058 3643 ζῇν
3129 3568 3394 3648 ἐτύγχανε
3467 3566 3818 3641 δαπανήματα.

2211 3653 2380 3712 Ἀλλὰ
2423 3659 2471 3713 τί
2514 3664 2680 3714 ταῦτα
2723 3661 2856 3738 πρὸς
2898 3660 2998 3728 τὴν
3042 3657 3285 3738 μεγάλην
3345 3664 3444 3727 τῆς
3493 3656 3821 3738 προαιρέσεως

2209 3745 2369 3802 αὐτοῦ
2424 3744 2720 3822 θάλασσαν,
2768 3750 2857 3804 καὶ
2885 3750 2947 3805 τὸ
2994 3749 3199 3829 ἀχανὲς
3241 3747 3420 3806 ἐκεῖνο
3477 3747 3712 3825 πέλαγος
3742 3741 3821 3809 τῆς

2209 3836 2586 3914 χρηστότητος
2625 3857 2640 3917 ;
2688 3836 2886 3903 Νεῖλος
2931 3838 3033 3919 γάρ
3083 3861 3165 3905 τις
3197 3839 3262 3907 ἧν
3293 3838 3472 3917 ἕτερος
3505 3836 3724 3913 δαψιλεῖ
3760 3831 3820 3906 τῷ

2205 3925 2426 4002 ῥεύματι
2469 3931 2570 3994 τῆς
2616 3926 3008 4006 ἐλεημοσύνης,
3055 3928 3115 3988 οὒ
3144 3928 3244 3996 τὴν
3277 3927 3558 4007 Αἴγυπτον
3587 3930 3657 3991 ὡς
3689 3927 3815 3982 ἐκεῖ·

2210 4037 2296 4080 νος
2351 4013 2522 4094 ἄρδων
2580 4016 2776 4092 μόνην,
2839 4017 2976 4074 ἀλλὰ
3019 4020 3111 4077 καὶ
3163 4017 3329 4086 αιῦτήν
3377 4019 3479 4085 τὴν
3539 4019 3818 4092 σύμπασαν,

2205 4106 2280 4170 ὡς
2324 4107 2524 4186 είπεϊν,
2570 4105 2884 4185 περιρρέων,
2923 4109 3008 4172 Τίς
3042 4109 3145 4187 γὰρ
3175 4111 3278 4165 τῶν
3313 4107 3686 4188 ἅπανταχόθεν
3713 4105 3816 4160 ἐπι-

2205 4192 2542 4275 δημόύντων,
2617 4197 2732 4272 βίου
2815 4197 3079 4269 σπανίζων
3135 4199 3224 4254 καὶ
3297 4201 3442 4272 αὖτῷ
3511 4194 3814 4277 προσελθὼν,

2203 4291 2412 4363 στυγνῷ
2454 4286 2758 4364 προσώπῳ,
2818 4301 3002 4352 κεναῖς
3059 4285 3328 4354 ἐπανῆλθε
3377 4290 3562 4368 χερσὶ,
3609 4288 3690 4343 καὶ
3718 4283 3818 4362 οὒχὶ

2201 4373 2459 4439 πλουσίας
2493 4375 2774 4442 ἂπήλαυσε
2806 4382 2904 4444 τῆς
2937 4380 3317 4457 χρηστότητος
3352 4393 3369 4451 ;
3404 4376 3614 4454 μᾶλλον
3643 4375 3693 4431 δὲ
3723 4373 3816 4430 τίνα

2201 4472 2306 4521 τῶν
2355 4463 2544 4528 ἐνδεῶς
2605 4465 2848 4546 ἐχόντων
2893 4467 3026 4525 ὅπου
3071 4468 3191 4526 ποτ’
3239 4468 3299 4523 ἃν
3347 4469 3436 4524 καὶ
3493 4470 3598 4547 γῆς
3629 4467 3816 4542 ὑπῆρχε

2198 4557 2402 4632 μαθὼν,
2439 4557 2534 4612 οὒκ
2567 4556 2806 4632 αὒτάρκη
2855 4559 2920 4614 τὰ
2965 4560 3097 4637 πρὸς
3157 4558 3257 4624 τὴν
3287 4557 3479 4638 χρείαν
3511 4563 3653 4632 αὖτῴ
3694 4573 3816 4624 παρ-

2195 4647 2326 4725 έσχε
2360 4664 2375 4723 ;
2413 4651 2636 4722 Περσῶν
2670 4647 2770 4725 γὰρ
2800 4649 2860 4704 τὸ
2891 4655 3185 4714 τηνικαῦτα
3215 4649 3315 4715 τὴν
3346 4649 3529 4726 Σύρων
3582 4651 3680 4725 γῆν
3721 4649 3814 4700 πά·

2194 4757 2294 4791 σαν
2357 4734 2733 4810 λη’ίσαμένων,
2797 4738 2844 4793 οἱ
2917 4737 3010 4802 τὰς
3065 4737 3272 4794 τούτων
3331 4749 3532 4817 χεῖρας
3592 4737 3817 4814 ἐκφυγιιν

2196 4822 2539 4900 δυνηθέντες,
2575 4824 2690 4882 ὅσοι
2734 4846 2793 4882 τε
2821 4833 2930 4884 τῶν
2960 4825 3167 4884 λα’ίκῶν
3221 4827 3356 4894 ἦσαν
3403 4825 3662 4906 ἄρχοντες
3703 4821 3818 4896 ὁμοῦ

2193 4914 2281 4970 καὶ
2338 4914 2667 4993 ἀρχόμενοι,
2701 4917 2797 4973 καὶ
2841 4915 2957 4973 ὅσοι
2987 4923 3081 4973 τοῦ
3128 4915 3330 4994 κλήρου
3379 4915 3566 4980 αὐτοῖς
3614 4911 3815 4972 ἐπισκό-

2195 5023 2314 5064 ποις
2367 5004 2442 5065 εἷς
2491 5001 2899 5084 Ἀλεξάνδρειαν
2943 5007 3368 5086 καταφεύγουσιν
3402 5024 3417 5042 ·
3455 5007 3547 5071 οἷς
3593 5010 3744 5062 πᾶσιν
3791 4999 3814 5052 δ

2195 5091 2446 5154 πλούσιος
2515 5094 2723 5160 ἐκεῖνος
2767 5097 2855 5153 καὶ
2901 5096 3354 5177 ἀστενοχώρητος
3403 5096 3661 5174 ἑστιάτωρ
3708 5091 3813 5148 Uta—

2192 5188 2298 5258 ρῶς
2351 5183 2466 5240 καθ’
2501 5185 2734 5253 ἑκάστην
2779 5186 3042 5266 ἐχορήγει
3087 5188 3152 5242 τὰ
3195 5189 3325 5266 πρὸς
3380 5187 3480 5254 τὴν
3511 5185 3712 5267 χρείαν,
3765 5179 3816 5235 οὗ

2190 5273 2341 5351 πρὸς·
2360 5275 2424 5329 τὸ
2455 5273 2653 5342 πλῆθος
2686 5276 2744 5351 βλ
2759 5275 2901 5333 έπων
2945 5278 3052 5332 τῶν
3084 5273 3379 5357 δεομένων,
3407 5276 3501 5332 ἵνα
3530 5299 3579 5333 τι
3623 5274 3704 5330 καὶ
3732 5289 3816 5345 μι-

2189 5363 2468 5442 κρόψυχον
2523 5365 2753 5440 ὑποστῇ,
2801 5364 2942 5421 ἀλλὰ
3005 5367 3136 5444 πρὸς
3196 5366 3292 5421 τὸν
3351 5365 3631 5444 ἀνοίγοντα
3669 5371 3816 5443 χεῖρα

2197 5453 2284 5507 καὶ
2316 5457 2472 5508 παντὶ
2531 5453 2651 5528 ζώῳ
2711 5453 2950 5520 εὒδυκίας
3010 5452 3389 5531 μεταδιδόντα,
3429 5447 3734 5532 Ῥασμιόζου
3771 5444 3817 5501 δὲ

2197 5551 2290 5600 τοῦ
2350 5541 2754 5622 ἁχιστρατήγου
2833 5547 3072 5625 Χοσρόου
3162 5546 3285 5612 τοὺς
3356 5541 3673 5624 σεϐασμίους
3727 5542 3818 5595 τῶν

2203 5647 2493 5727 Chronico
2524 5649 2930 5727 Alexandrino
2985 5665 3142 5711 anno
3174 5652 3431 5727 Heraclii
3464 5663 3526 5727 tv
3543 5668 3563 5724 ;
3594 5667 3622 5710 a
3651 5647 3820 5727 Theo-

2206 5723 2400 5795 phane
2432 5718 2536 5781 lib.
2570 5732 2730 5781 xvut.
2754 5737 2879 5796 cap.
2899 5723 2956 5794 5,
2983 5737 3102 5783 non
3128 5726 3430 5786 nominato
3451 5718 3600 5784 duce
3617 5718 3819 5780 exerci-
