4054 6204
252 298 381 374 905
1271 309 1460 382 VITA
1507 319 1568 381 S.
1613 315 1940 384 JOANNIS
1987 308 2638 383 ELEEMOSYNARII.

243 447 610 524 πραγμόνων.
687 451 743 507 Ei
799 453 900 526 μὲν
957 453 1058 532 γὰρ
1115 453 1352 534 ἡμέτερα
1410 461 1478 525 ἦν
1540 458 1607 514 τὰ
1665 455 1909 532 διδόμενα

1998 450 2045 512 si
2075 461 2281 514 nostra
2311 451 2554 533 quidem
2587 456 2816 526 essent,
2854 467 2988 531 quas
3015 451 3256 526 dantur,
3290 457 3349 514 et
3373 469 3444 515 ea
3475 469 3646 514 ano-

238 535 350 591 καΐ
378 537 505 613 παρ’
558 539 713 612 ἡμῶν
776 543 943 597 ταῦτα
1000 543 1364 614 εἰσενήνεκται
1411 546 1486 610 εἰς
1529 547 1622 602 τὸν
1681 547 1905 622 κόσμον,

1998 540 2088 602 his
2138 541 2302 602 illata
2366 548 2572 603 essent
2622 541 2680 602 in
2739 540 3077 618 mundum;
3138 541 3394 606 fortasse
3449 541 3645 624 aliqua

238 623 388 690 ἴσως
459 625 523 682 ἂν
592 630 680 685 καὶ
725 630 1018 708 συγγνώμη
1090 654 1173 695 τις
1232 637 1300 702 ἦν
1346 641 1421 708 τῷ
1479 634 1657 714 φειδοῖ
1701 637 1908 702 τούτοις

1998 630 2191 692 danda
2240 637 2399 692 esset
2424 631 2597 693 venia
2626 628 2709 705 ei,
2741 629 2846 707 qui
2901 647 3078 709 parce
3109 629 3196 692 eis
3225 637 3522 695 uteretur.
3548 623 3645 695 ’Si

238 716 544 793 χρωμένῳσ
580 719 625 773 εἰ
668 716 721 774 δὲ
788 731 874 777 τοῦ
935 729 1068 780 Θεοῦ
1116 722 1288 780 πάντα
1336 726 1696 804 τυγχάνουσιν
1757 726 1904 802 ὄντα,

1998 727 2188 780 autem
2241 718 2350 783 Dei
2397 727 2534 782 sunt
2592 720 2795 781 omnia
2843 737 2974 801 quis
3023 729 3162 782 sunt
3216 724 3372 803 ejus,
3403 738 3643 790 servare

241 806 315 858 τὸ
376 805 538 862 αὒτοῦ
567 809 885 888 πρόσταγμα
941 812 1154 874 πάντως
1211 812 1266 869 έν
1295 814 1418 877 τοῖς
1449 814 1607 874 αὐτοῦ
1648 817 1909 894 προσήκει

1998 819 2251 888 oportet.
2286 809 2392 870 Sin
2423 816 2623 871 autem
2662 827 2766 872 vos
2794 809 2976 872 subiit
3006 810 3182 872 timor
3210 828 3281 872 ex
3312 811 3641 874 increduli—

251 893 638 972 φυλάττεσθαι⁹
716 900 760 954 εἰ
823 899 878 956 δὲ
942 899 1105 980 φόϐος
1171 903 1306 978 ὅμᾰς
1374 903 1602 972 ὑπῆλθεν
1662 893 1713 971 ἐξ
1777 905 1909 962 άπιση

249 983 432 1058 στίας,
473 987 546 1050 ὡς
585 990 662 1060 μὴ
693 1011 823 1046 ποτε
874 992 935 1047 τὸ
964 997 1069 1047 τῶν
1102 992 1538 1068 ἀναλισκομένων
1568 994 1771 1064 πλῆθος
1816 997 1912 1059 τὰς

248 1070 714 1140 ἐκκλησιαστικὰς
786 1079 1079 1158 προσόδους
1141 1079 1484 1160 ὅπερϐάλλοιο
1546 1083 1656 1162 ἐγὼ
1716 1105 1913 1142 κοινω-

251 1176 379 1218 νεῖν
431 1165 560 1238 ὑμῖν
594 1171 694 1233 τῆς
743 1166 1118 1247 όλιγοπιστίας
1166 1174 1366 1239 ταύτης
1413 1170 1531 1230 οὐδὲ
1574 1180 1753 1237 ποσῶς
1805 1174 1906 1230 ἆν-

251 1250 469 1326 ἐξομαι’
506 1254 802 1331 πέπεισμαι
846 1259 946 1337 γὰρ
1000 1259 1082 1316 ὅτι
1119 1260 1218 1317 κᾶν
1261 1264 1351 1319 τὸν
1407 1264 1603 1338 ἀόσμον
1649 1262 1774 1319 ὃλον
1833 1265 1913 1326 εἷς

247 1341 357 1408 τὴν
426 1341 824 1423 Ἀλεξάνδρειαν
882 1348 935 1405 ἐν
991 1357 1166 1426 ταῦτῷ
1233 1368 1443 1430 γένοιτο
1501 1352 1773 1412 συνελθεῖν
1821 1357 1908 1413 εύ-

255 1430 449 1498 ποιίας
496 1431 770 1510 δεόμενον,
806 1440 1005 1506 ἣκιστα
1059 1441 1120 1495 ἃν
1149 1445 1272 1505 τοὺς
1331 1449 1424 1499 τοῦ
1456 1449 1589 1500 Θεοῦ
1623 1443 1908 1501 στενώσειε

249 1523 569 1598 θησαυρούς.

340 1602 453 1677 ΙΑ’.
501 1605 592 1680 Ὠς
634 1613 688 1671 δὲ
721 1622 895 1674 πᾶσαν
929 1621 1096 1676 αὐτῶν
1149 1621 1399 1679 ἀπιστίαν
1429 1636 1677 1685 συνεταῖς
1707 1645 1908 1702 παραιο

254 1701 437 1759 νέσεσι
505 1706 832 1782 θεραπεύσας
889 1707 1180 1790 ἐξέπεμψε,
1245 1725 1362 1777 τοῖς
1433 1713 1905 1789 συγκαθεζομένοις

1994 906 2134 974 tate,
2163 915 2240 960 ne
2271 898 2422 960 forte
2452 899 2770 972 multitudo
2801 899 3210 980 impensarum
3232 899 3478 978 superet
3500 901 3643 963 red-

1995 987 2158 1049 ditus
2206 987 2673 1066 ecclesiasticos,
2711 1007 2788 1052 ne
2833 989 3131 1052 tantillum
3163 989 3406 1072 quidem
3458 990 3641 1054 susti-

1997 1075 2152 1139 nebo
2181 1096 2316 1139 esse
2345 1079 2546 1140 socius
2575 1091 2789 1141 vestrae
2816 1079 3067 1142 modicae
3093 1077 3254 1141 fidei.
3281 1081 3641 1144 Persuasum

1992 1168 2152 1229 enim
2189 1167 2405 1243 habeo,
2445 1167 2600 1250 quod
2633 1169 2865 1231 etiamsi
2898 1169 3270 1248 contingeret
3298 1170 3640 1244 universum

1995 1257 2281 1318 mundum
2308 1259 2511 1320 venire
2535 1257 2712 1320 simul
2736 1254 3182 1333 Alexandriam,
3220 1267 3494 1340 egentem
3531 1257 3641 1323 be-

1994 1345 2336 1421 neficentia,
2370 1346 2480 1408 hos
2527 1345 2633 1409 Dei
2667 1346 2985 1410 thesauros
3043 1365 3417 1430 nequaquam
3450 1347 3513 1412 in
3543 1367 3644 1413 an-

1994 1443 2229 1514 gustum
2263 1434 2588 1515 redegerit.
3267 1433 3271 1440 ’

2051 1612 2474 1695 XLPostquam
2488 1623 2685 1678 autem
2714 1634 2922 1678 eorum
2940 1615 3362 1681 incredulitate
3378 1617 3646 1682 admoni-

1991 1703 2259 1765 tionibus
2281 1711 2620 1780 curata,eos
2645 1706 2948 1781 emisit,iis
2969 1705 3075 1786 qui
3096 1699 3488 1771 considebant
3519 1701 3644 1772 mu-

252 1791 343 1848 ἐπὶ
394 1799 472 1867 τῷ
502 1794 866 1874 μεγαλοδώρῳ
908 1799 1004 1867 τῆς
1035 1800 1193 1856 αὐτοῦ
1252 1801 1614 1880 προαιρέσεως
1660 1802 1902 1870 ἐκπλητ-

1998 1793 2234 1854 niﬁcum
2261 1792 2666 1872 ejusanimum
2691 1794 3270 1876 stupentibus,talem
3291 1797 3496 1860 retulit
3514 1817 3647 1861 nar-

249 1880 525 1962 τομένοις,
589 1888 828 1943 τοιοῦτόν
898 1909 949 1944 τι
1000 1888 1280 1947 ἀναλαϐὼν
1336 1890 1586 1969 ἐξηγεῖτο
1644 1889 1910 1970 διήγημα,

251 1973 442 2052 Ἐμοὶ,
489 1971 686 2050 λέγων,
723 1976 880 2033 πέντε
935 1980 1066 2056 πρὸς
1116 1992 1235 2042 τοῖς
1291 1977 1416 2036 δέκα
1467 1981 1678 2058 χρόνων
1735 1984 1910 2061 ὑπάρ-

250 2082 435 2142 χοντι,
503 2063 639 2118 κατὰ
696 2066 796 2132 τὴν
860 2066 1066 2146 Κύπρον
1122 2089 1178 2123 τε
1239 2066 1584 2149 διατρίϐοντι,
1629 2077 1756 2146 μιᾶς
1803 2077 1907 2127 τῶν

254 2156 486 2226 νυκτῶν,
547 2152 680 2229 κόρη
739 2176 822 2220 τις
893 2155 1020 2233 ὄναρ
1095 2157 1450 2236 ἐπιφαίνεται·
1526 2158 1722 2220 κάλλος
1784 2161 1905 2218 οἷον

251 2238 482 2305 ἐξαίσιον
531 2245 619 2300 καὶ
671 2243 994 2323 ἀπόρρητον,
1031 2243 1257 2304 ἔσταλτο
1285 2245 1340 2304 δὲ
1389 2247 1674 2324 λαμπρῶς,
1709 2252 1798 2307 καὶ
1832 2257 1908 2325 τῷ

252 2329 307 2394 ἐξ
366 2329 560 2387 ἐλαιῶν
591 2335 836 2411 στεφάνῳ
892 2334 990 2401 τὴν
1020 2337 1261 2414 κεφαλὴν
1322 2335 1568 2400 ἕστεπτο.
1605 2339 1800 2418 Ἐγγύς
1854 2339 1906 2395 δέ

253 2441 350 2492 μοι
404 2427 747 2502 παραστᾶσα,
785 2425 869 2479 καὶ
927 2430 995 2500 τῇ
1026 2427 1170 2504 χειρὶ
1213 2427 1352 2481 κατὰ
1399 2426 1628 2504 πλευρὰν
1687 2429 1901 2502 νύξασα,

250 2510 546 2587 θροηθέντα
603 2533 670 2586 με
719 2513 991 2584 διυπνίζει·
1042 2513 1137 2569 καῖ
1199 2515 1345 2578 εὐθὺς
1377 2515 1552 2574 οὐκέτι
1599 2515 1748 2596 ὄναρ,
1781 2516 1901 2574 ἄλλ’

254 2599 399 2674 ὕπαρ
427 2599 495 2667 ἦν
542 2602 603 2657 τὸ
634 2603 981 2681 φαινόμενον·
1041 2606 1129 2660 καὶ
1178 2606 1256 2668 τίς
1315 2605 1408 2672 εἴη
1442 2606 1656 2683 ἠρόμην
1711 2607 1900 2682 αὐτὴν,

258 2692 423 2745 ποθεν
463 2710 520 2746 τε
564 2691 782 2772 παρείη,
825 2695 914 2748 καὶ
969 2698 1084 2756 πῶς
1127 2695 1378 2750 ὑπνοῦντί
1418 2718 1515 2770 μοι
1580 2695 1906 2772 τολμήσειεν

259 2778 533 2841 ἐπελθεῖν.
592 2770 655 2837 Ἠ
683 2779 738 2836 δὲ
779 2780 1052 2855 μειδιῶντι
1101 2784 1190 2838 καὶ
1235 2781 1361 2851 ἡδεῖ
1406 2770 1692 2863 προσώπῳή
1729 2785 1908 2862 ἱλαρόν

255 2891 314 2925 τι
378 2871 469 2926 καί
521 2869 782 2948 γαλήνιον
838 2869 1103 2946 ἐνιδοῦσα,
1161 2873 1304 2951 Ἐγὼ
1354 2875 1540 2952 πρώτη
1591 2881 1697 2932 τῶν
1740 2878 1908 2954 θυγα-

258 2960 427 3036 τέρων
481 2967 574 3017 τοῦ
617 2959 856 3040 μεγάλου
914 2961 1209 3042 Βασιλέως,
1255 2965 1410 3042 φησί’
1467 2964 1559 3038 ἐμὲ
1605 2963 1764 3045 φίλην
1807 2963 1909 3020 αὒ-

261 3051 355 3110 τὸς
389 3052 432 3105 εἰ
489 3049 689 3126 κτήσῃ,
722 3052 1138 3128 προσοικειῶσαί
1193 3072 1253 3107 σε
1303 3054 1444 3127 αὐτῷ
1473 3052 1720 3129 δύναμαι·
1781 3053 1912 3129 ἐμοῦ

1997 1882 2875 1962 rationem,dicens:Mihi,cum
2906 1903 3102 1948 essem
3131 1904 3207 1949 xv
3227 1905 3418 1949 annos
3446 1885 3646 1965 natus,

1997 1981 2054 2033 et
2077 1990 2349 2034 versarer
2369 1972 2430 2034 in
2450 1972 2925 2056 Cypro,quadam
2951 1986 3128 2039 nocte
3151 1977 3352 2060 puella
3372 1977 3644 2059 quaedam

1993 2071 2238 2144 apparet
2278 2063 2338 2123 in
2377 2062 2606 2126 somnis
2651 2065 2868 2128 eximia
2901 2066 3372 2148 pulchritudine,
3407 2074 3466 2129 et
3514 2085 3650 2144 qua:

1986 2151 2185 2212 verbis
2218 2170 2334 2213 non
2371 2159 2568 2233 potest
2600 2154 2880 2236 exprimi,
2921 2165 3050 2218 erat
3089 2163 3288 2220 autem
3322 2155 3646 2237 splendide

1988 2241 2290 2316 vestita,et
2312 2241 2583 2321 oleagina
2603 2262 2826 2307 corona
2843 2252 2975 2308 erat
2998 2246 3052 2307 ei
3076 2254 3254 2324 caput
3273 2245 3643 2309 redimitum.

1990 2328 2133 2392 Cum
2162 2346 2304 2392 vero
2331 2349 2516 2411 prope
2547 2351 2642 2393 me
2670 2333 2958 2412 stetisset,
2983 2343 3042 2398 et
3064 2353 3243 2397 manu
3266 2335 3424 2398 latus
3449 2353 3642 2415 pupu-

1988 2420 2299 2498 gisset,me
2321 2421 2595 2484 territum
2621 2441 2655 2485 e
2677 2441 2890 2486 somno
2916 2425 3158 2501 excitat,
3186 2424 3506 2500 statimque
3525 2441 3646 2485 non

1989 2508 2244 2589 amplius
2265 2512 2700 2584 sommum,sed
2724 2531 2791 2576 re
2814 2532 2956 2576 vera
2977 2514 3182 2576 aderat
3204 2514 3264 2576 id
3289 2513 3445 2595 quod
3467 2531 3646 2594 appa-

1990 2597 2178 2659 rebat.
2215 2599 2438 2676 Rogavi
2479 2608 2678 2662 autem
2713 2619 2866 2680 eam,
2904 2621 3171 2683 quaenam
3207 2612 3370 2664 esset
3399 2609 3458 2664 et
3485 2600 3648 2664 unde

1989 2687 2627 2768 veniret,etquomodo
2651 2709 2794 2753 ausa
2813 2702 2975 2755 esset
2997 2693 3288 2755 accedere
3309 2692 3383 2754 ad
3399 2709 3496 2754 me
3507 2691 3646 2753 dor-

1992 2779 2405 2842 mientem.llla
2426 2798 2624 2844 autem
2649 2783 2987 2846 subridenti
3014 2794 3072 2848 et
3093 2785 3225 2848 lasto
3246 2785 3410 2847 vultu
3431 2802 3528 2846 me
3550 2783 3645 2846 hi-

1993 2870 2198 2931 lariter
2231 2878 2288 2932 et
2317 2870 2550 2951 placide
2599 2878 2882 2937 intuens:
2923 2875 3064 2937 Sum
3099 2875 3311 2956 inquit,
3348 2873 3542 2955 prima
3572 2892 3643 2937 ex

1995 2959 2236 3021 ﬁliabus
2261 2961 2459 3040 magni
2482 2961 2760 3041 R,egis.Si
2785 2972 2843 3025 tu
2868 2982 2963 3026 me
2987 2963 3096 3025 tibi
3124 2963 3378 3026 amicam
3404 2981 3645 3043 parave-

1990 3050 2097 3125 ris,
2110 3059 2318 3130 potero
2351 3060 2406 3112 te
2426 3051 2482 3112 ei
2505 3051 2746 3113 eiﬁcere
2772 3051 3324 3114 familiarem.Nulli
3347 3051 3508 3116 enim
3528 3070 3650 3114 ma-

259 3139 364 3216 γὰρ
413 3138 580 3198 οὗδενὶ
607 3147 716 3197 τῶν
747 3140 927 3196 ἄλλων
958 3140 1222 3220 παρῤησία
1266 3141 1464 3198 πλείων
1491 3165 1572 3207 τις
1621 3145 1695 3206 ὡς
1724 3145 1904 3224 αὐτὸν,

1998 3142 2088 3220 ior
2109 3139 2370 3236 estapud
2396 3158 2554 3214 eum,
2573 3140 2949 3236 quammihi,
2983 3140 3230 3203 ﬁducia:
3256 3141 3538 3221 quoniam
3563 3142 3643 3236 ei,

255 3227 347 3284 ὅτι
403 3252 484 3285 τοι
513 3231 607 3287 καὶ
659 3229 942 3287 κατελθεῖν
995 3233 1151 3290 αὐτὸν
1210 3230 1490 3309 οὐρανόθεν
1535 3254 1610 3297 εις
1661 3239 1788 3312 γῆν,
1822 3235 1909 3290 καὶ

1998 3239 2058 3291 ut
2083 3247 2115 3291 e
2140 3229 2292 3290 caalo
2323 3227 2726 3292 descenderet
2757 3229 2817 3290 in
2849 3238 3094 3301 terram,
3117 3239 3176 3292 et
3205 3247 3448 3292 carnem
3479 3229 3645 3293 acci-

256 3319 426 3397 σάρκα
498 3317 688 3376 λαϐεῖν
758 3321 1095 3399 ἀνθρωπίνην
1123 3369 1138 3394 ,
1213 3323 1323 3398 ἐγὼ
1390 3324 1660 3399 πείσαιμι,
1734 3329 1911 3380 Ταῦτα

252 3408 405 3483 εἶπε,
439 3410 530 3464 καὶ
571 3411 743 3484 ίεῦθὺς
792 3411 1025 3468 ἀπιοῦσα
1072 3412 1275 3492 ᾤχετο.
1318 3411 1464 3488 Ἐγὼ
1512 3411 1564 3467 δὲ
1598 3413 1653 3468 ἐν
1697 3412 1911 3489 ἐμαυτῷ

251 3500 570 3579 γενόμενος,
601 3503 696 3556 καὶ
729 3501 792 3556 τὸ
821 3501 1004 3558 θεαθὲν
1035 3501 1063 3556 ὅ
1092 3523 1143 3558 τι
1199 3503 1290 3569 εἴη
1320 3504 1559 3581 στρέφων
1601 3503 1736 3559 κατά
1762 3503 1908 3583 νοῦν,

253 3589 355 3656 τὴν
410 3587 782 3663 ἐλεημοσύνην
845 3593 1010 3659 αὐτὴν
1070 3591 1275 3664 ἔκρινον
1336 3609 1500 3648 ειναι·
1570 3591 1655 3648 διὰ
1707 3595 1907 3660 ταύτης

254 3681 360 3759 γὰρ
413 3681 503 3736 καὶ
552 3681 684 3743 Θεὸς
735 3681 820 3737 ἐπὶ
874 3680 974 3760 γῆς
1023 3681 1198 3739 ἐλθεῖν
1243 3684 1333 3739 καὶ
1376 3681 1676 3760 ἀνθρώποις
1726 3682 1910 3758 ὅμοιος

256 3771 483 3850 ὀφθῆναι
513 3773 609 3828 οὐκ
641 3769 944 3837 ἀπηξίωσεν
956 3820 968 3834 ,

341 3858 447 3918 ῙΒ’.
511 3859 714 3924 Εὐθέως
758 3861 847 3918 οὖν
877 3862 1109 3927 ἀναστὰς
1141 3861 1227 3918 ἐπὶ
1285 3863 1382 3930 τὴν
1413 3860 1702 3930 ἐκκλησίας
1746 3862 1910 3938 μόνος

261 3947 528 4021 ἐϐάδιζονο
591 3949 773 4030 ὄρθρος
818 3952 920 4031 γὰρ
985 3953 1287 4031 ὁπηύγαζεν
1344 3949 1472 4020 ἤδη·
1532 3953 1618 4007 καὶ
1672 3959 1911 4009 συναντῶ

253 4039 448 4107 πένητι
509 4036 656 4119 ἀνδρὶ
705 4043 891 4119 γυμνῴ
947 4062 1004 4096 τε
1034 4040 1148 4098 ῧντι
1197 4041 1285 4097 καὶ
1345 4041 1422 4115 τῷ
1470 4040 1614 4119 κρύει
1671 4039 1910 4119 σφοδρῶς

1992 3327 2162 3398 peret
2180 3319 2527 3394 humanam,
2561 3337 2670 3399 ego
2693 3320 2985 3401 persuasi.
3013 3318 3150 3382 Haec
3173 3319 3345 3393 dixit,
3372 3327 3431 3380 et
3449 3318 3647 3384 statim

1993 3409 2268 3470 recessit.
2299 3407 2420 3487 Ego
2437 3426 2578 3470 vero
2603 3428 2736 3471 cum
2769 3408 2841 3471 ad
2870 3428 2966 3471 me
2989 3409 3300 3486 rediisem,
3327 3415 3386 3470 et
3406 3409 3464 3470 id
3488 3409 3646 3490 quod

1991 3499 2183 3558 visum
2209 3497 2634 3573 fuerat,mente
2656 3497 3337 3577 versarem,judicabam
3363 3516 3491 3560 eam
3515 3514 3649 3562 esse

1993 3585 2508 3648 misericordiam.
2543 3586 2798 3667 Propter
2826 3605 2958 3649 eam
2985 3588 3144 3649 enim
3173 3596 3232 3648 et
3258 3586 3420 3649 Deus
3447 3586 3512 3649 in
3535 3596 3652 3650 ter-

1992 3693 2118 3736 ram
2154 3676 2385 3750 venire,
2407 3684 2469 3738 et
2499 3676 2851 3739 hominibus
2874 3676 3094 3738 similis
3124 3677 3391 3756 conspici
3415 3694 3536 3739 non
3559 3683 3650 3740 est

1993 3764 2369 3843 dedignatus.

2075 3854 2424 3918 Xll.Statim
2459 3874 2598 3936 ergo
2624 3873 2877 3936 surgens
2899 3856 2973 3918 ivi
3006 3855 3172 3917 solus
3198 3853 3272 3916 ad
3297 3853 3641 3920 ecclesiam:

1997 3963 2171 4006 mane
2203 3947 2362 4008 enim
2400 3946 2524 4026 jam
2559 3945 2992 4009 illucescebat:
3042 3956 3103 4006 et
3143 3945 3222 4006 tio
3252 3942 3486 4006 obviam
3516 3943 3646 4006 viro

1993 4035 2375 4117 pauperi,qui
2395 4045 2521 4097 erat
2537 4035 2733 4098 nudus
2746 4047 2805 4098 et
2819 4035 2988 4096 valde
3004 4033 3381 4113 aﬂligebalur
3397 4031 3643 4112 frigore.

255 4129 614 4208 πηγνυμένῳ·
690 4131 861 4204 τούτῳ
921 4128 1322 4206 ἀποδυσάμενος
1377 4130 1406 4185 ’ὁ
1476 4127 1908 4209 περιεϐεϐλήμην

1998 4123 2084 4199 Ei,
2109 4144 2243 4187 cum
2279 4144 2374 4188 me
2408 4127 2702 4189 exuissem
2727 4143 2798 4188 ea
2820 4137 3008 4201 veste,
3035 4143 3151 4206 qua
3180 4141 3346 4186 eram
3379 4124 3644 4198 indutus,

260 4221 474 4295 ἱμάτιον
534 4217 842 4301 ἐπιδίδωμι,
875 4221 1005 4297 πρὸς
1057 4221 1286 4295 ἐμαυτὸν
1330 4221 1556 4299 εἰρηκὼς
1609 4222 1681 4285 ὡς
1744 4221 1909 4298 Εἴπερ

1998 4215 2352 4296 trado,apud
2376 4234 2470 4277 me
2494 4216 2726 4279 dicens:
2757 4214 2983 4297 Sciam,
3013 4233 3087 4277 an
3113 4215 3188 4276 sit
3208 4231 3414 4276 verum
3447 4221 3508 4275 et
3527 4231 3649 4276 non

257 4310 456 4377 ἀληθὲς
492 4308 586 4376 εἴη
631 4312 721 4366 καὶ
756 4312 836 4386 μὴ
880 4310 1064 4378 ἀπάτη
1097 4313 1158 4367 τὸ
1185 4311 1390 4391 θεαθέν,
1422 4309 1666 4388 εἴσομαι.
1709 4312 1909 4389 Πρότε-

1998 4303 2274 4386 deceplio
2296 4307 2356 4368 id
2381 4307 2540 4386 quod
2559 4326 2593 4369 a
2620 4326 2716 4369 me
2737 4307 2928 4369 visum
2954 4305 3143 4368 est.Et
3165 4307 3328 4386 prius
3345 4321 3523 4386 quam
3545 4320 3651 4366 ve-

261 4421 351 4479 ρον
411 4399 498 4457 οὗν
534 4399 570 4468 ἢ
625 4400 724 4467 τὴν
755 4399 1050 4468 ἐκκλησίαν
1093 4399 1421 4458 καταλαϐεῖν
1467 4401 1774 4479 προσελθών
1826 4403 1909 4472 μοί

1998 4397 2222 4458 nissem
2251 4395 2312 4458 in
2347 4398 2688 4472 ecclesiam,
2717 4397 2794 4460 ad
2825 4415 2922 4460 me
2953 4396 3254 4459 accedens
3287 4396 3372 4456 vir
3401 4393 3646 4476 quidam

254 4513 338 4554 τις
384 4490 522 4567 ἀνὴρ
583 4489 749 4546 λευκὰ
819 4489 1298 4569 περιϐεϐλημένος,
1361 4489 1624 4548 ἐπιδίδωσι
1695 4492 1909 4572 χρυσίου

1998 4489 2338 4547 candidatus
2365 4491 2537 4549 tradit
2557 4489 2698 4547 mihi
2726 4493 2854 4548 auri
2881 4489 3247 4548 fasciculum:
3274 4488 3409 4546 Haec
3433 4487 3647 4558 accipe,

258 4579 564 4657 ἀπόδεσμον
634 4580 825 4637 ἑκατὸν
902 4582 1271 4663 νομισμάτων,
1350 4581 1526 4655 Δέξαι,
1586 4581 1909 4659 προσειπὼν,

2001 4574 2276 4650 dicens,o
2297 4577 2645 4657 amice.Ego
2665 4588 2868 4639 autem
2891 4576 3003 4639 etsi
3029 4574 3177 4638 illud
3204 4574 3468 4636 libenter
3488 4591 3655 4636 acce-

266 4669 408 4750 φίλε,
453 4677 646 4729 ταῦτα.
707 4668 872 4746 Ἐμοὶ
929 4669 984 4726 δὲ
1040 4672 1212 4728 καίτοι
1269 4672 1515 4748 ἁσμένως
1585 4673 1719 4728 αὐτὰ
1760 4670 1909 4737 δεξα-

2002 4664 2250 4744 pissem,
2283 4666 2497 4728 ductus
2525 4685 2659 4728 sum
2693 4665 3062 4748 pmnitentia,
3095 4674 3159 4730 et
3203 4668 3650 4746 quamprimum

264 4760 410 4834 μένῳ
471 4759 767 4837 μετέμελεν
823 4762 996 4838 αὖθις,
1055 4763 1142 4818 καὶ
1212 4762 1274 4818 τὸ
1330 4762 1505 4842 τάχος
1574 4763 1909 4842 ἐπιστραφεὶς

2000 4772 2350 4832 conversus,
2377 4757 2707 4836 cogitabam
2732 4758 2789 4819 id
2813 4757 3074 4820 reddere
3096 4757 3151 4818 ei
3171 4755 3273 4838 qui
3291 4755 3567 4828 dederat,
3592 4762 3658 4816 ut

265 4847 554 4907 ἀποδοῦναι
610 4857 687 4924 τῷ
743 4848 996 4909 δεδωκότι
1039 4852 1102 4907 τὸ
1163 4852 1388 4932 χρυσίαν
1437 4850 1777 4928 διενοούμην,
1821 4851 1909 4908 ἅτε

1999 4844 2103 4924 qui
2123 4862 2241 4906 non
2270 4846 2629 4925 indigerem.
2658 4848 2714 4910 Is
2733 4854 2930 4908 autem
2955 4846 3056 4928 qui
3079 4845 3352 4920 dederat,
3379 4844 3655 4924 protinus

264 4937 436 5016 μηδὲν
489 4938 766 5016 δεόμενος
831 4944 925 4997 καὶ
988 4943 1015 4996 ὁ
1072 4938 1316 5004 δεδωκὼς
1375 4943 1522 5003 εὐθὺς
1579 4941 1785 5020 ἀφανὴς
1825 4939 1909 5009 ἧν.

2001 4936 2528 5004 evanuerat.'l‘unc
2549 4937 2818 5000 intellexi
2841 4937 3132 5000 visionem
3155 4955 3275 4998 non
3295 4953 3432 4998 esse
3456 4935 3652 5016 phan-

262 5031 395 5087 Τότε
471 5031 703 5103 συνῆκα,
766 5031 844 5106 μὴ
901 5032 1197 5108 φαντασίαν
1269 5034 1411 5088 εἶναι
1467 5030 1566 5098 τὴν
1636 5031 1909 5110 ὀπτασίαν,

2003 5032 2226 5097 tasiam,
2250 5033 2350 5088 sed
2372 5042 2631 5103 apertam
2665 5033 2965 5090 visionem.
3001 5033 3087 5089 Ab
3118 5031 3492 5101 illotempore
3519 5040 3654 5084 cum

263 5118 405 5178 ἀλλᾶ
469 5118 643 5190 δήλην
703 5120 983 5191 ἀλήθειαν,
1060 5118 1149 5186 Ἐξ
1205 5119 1405 5176 ἐκείνου
1459 5123 1634 5177 τοίνυν
1707 5118 1909 5177 ἐπειδὰν.

2004 5116 2231 5197 aliquid
2280 5117 2441 5179 aliud
2485 5116 2900 5200 praebuissem,
2936 5116 3210 5187 Videam,
3245 5112 3543 5188 dicebam,
3578 5130 3653 5176 an

257 5209 363 5266 τινί
405 5231 457 5266 τι
500 5224 800 5290 παρεῖχον,
834 5207 1060 5286 Ἴδοιμι,
1112 5208 1322 5290 ἔλεγον,
1355 5209 1472 5287 εἴγε
1526 5207 1592 5276 δὴ
1643 5210 1784 5267 κατὰ
1821 5211 1909 5277 τηι

2003 5205 2437 5269 convenienter
2454 5207 2841 5288 promissioni
2871 5209 2949 5269 sit
2970 5206 3118 5268 mihi
3146 5204 3419 5268 Christus
3434 5209 3653 5266 centu-

258 5302 560 5382 ὑπόσχεσιν
642 5299 1168 5358 ἑκατονταπλασίονα
1237 5321 1330 5374 μοι
1385 5299 1825 5378 ἀντιμετρήσειεν
1892 5300 1921 5355 ὁ

262 5393 517 5472 Χριστός⁹
566 5393 639 5456 ὡς
683 5389 737 5447 δέ
766 5391 1016 5471 μυριάκις
1059 5388 1198 5446 οὕτω
1226 5394 1403 5446 ποιῶν·
1433 5388 1618 5447 αὐτοῖς
1667 5390 1921 5446 ἐπιστού-

261 5503 372 5557 μην
431 5480 632 5561 ἔργοις,
669 5487 896 5546 Παῦσαι,
944 5481 1074 5559 πρὸς
1127 5478 1382 5558 ἐμαυτὸν,
1414 5478 1574 5559 ἔφην,
1607 5477 1737 5558 ἄχρι
1780 5479 1920 5542 τίνος

258 5573 352 5628 τὸν
436 5571 755 5650 ἆπείραστον
839 5569 1224 5648 ἐκπειράσεις,
1314 5569 1586 5630 Τοσαύτας
1674 5568 1921 5647 ἐναργεῖς

264 5661 398 5740 ἐμοῦ
466 5663 562 5726 τὰς
622 5662 828 5726 πίστεις
872 5659 1179 5738 δεξαμένου,
1248 5661 1295 5714 οἱ
1355 5659 1694 5738 μικρόψυχοι
1753 5658 1922 5737 οὗτοι,

588 5771 854 5836 ΡΑνι-ιιοι..
883 5769 997 5833 Gn.
1033 5767 1242 5834 CXIV.

2008 5295 2171 5375 plum
2199 5297 2571 5359 redditurus.
2606 5297 2748 5359 Cum
2801 5303 2998 5358 autem
3043 5295 3259 5356 millies
3287 5294 3375 5355 sic
3402 5292 3652 5369 faciens,

2004 5384 2153 5467 ipsis
2174 5386 2346 5449 factis
2370 5406 2494 5450 rem
2529 5387 2614 5449 ita
2631 5405 2765 5449 esse
2799 5404 2991 5448 essem
3018 5395 3323 5467 expertus,
3342 5383 3466 5446 dixi
3494 5381 3656 5463 apud

2007 5493 2125 5538 me:
2155 5477 2359 5556 Cessa;
2384 5496 2699 5560 quousque
2722 5475 2982 5538 tentabis
3004 5494 3167 5550 eum,
3189 5475 3290 5558 qui
3310 5492 3429 5536 non
3463 5479 3658 5555 potest

2005 5568 2412 5631 tentari?Cum
2439 5567 2927 5648 ego,inquit,tam
2963 5566 3261 5628 evidentia
3286 5565 3654 5647 accepissem

2018 5659 2628 5742 argumenta,isti,qui
2645 5665 2786 5720 sunt
2814 5655 3046 5719 sordidi
3070 5663 3129 5719 et
3148 5655 3452 5736 liberales,
3475 5670 3658 5717 vene-

3257 5763 3337 5832 29
