4054 6204
449 281 586 395 ’ρο-ι

1761 333 2041 400 MENSIS
2091 333 2554 400 JANUARIUS.

3728 334 3847 400 908

467 472 608 526 runt
634 472 695 526 ut
727 483 822 526 me
843 465 1180 545 arriperent
1209 474 1266 526 et
1287 465 1597 528 efﬁcerent
1627 471 1854 530 socium
1875 488 1997 531 suae
2019 472 2108 532 in-

2203 473 2356 551 φησὶ,
2418 488 2653 550 τςμερον
2710 473 2872 540 ἦλθον
2947 471 3275 550 συναρπάσαι
3333 495 3389 530 τε
3453 473 3540 529 καὶ
3603 473 3853 527 κοινωνὶν

469 553 796 628 ﬁdelitatis,
830 562 889 616 et
917 573 1012 616 me
1042 566 1321 618 vocarent
1349 555 1422 617 ad
1460 558 1957 623 misericordiam.

524 727 881 812 XIII.Hujus
904 733 1220 796 maximam
1237 733 1666 814 benignitatem
1691 756 1824 799 cum
1851 738 2121 799 conside-

462 829 653 883 rasset
683 823 923 902 quidam
956 823 1206 900 advena,
1242 825 1522 903 cogitavit
1550 844 1684 886 eum
1735 836 1987 900 tentare,
2021 828 2122 908 qui

465 925 595 974 erat
613 912 891 993 superior
913 915 1074 976 omni
1099 915 1452 976 tentatione.
1479 917 1622 977 Cum
1654 935 1718 977 se
1744 934 1884 995 ergo
1911 918 2120 997 panni-

464 1001 616 1064 culis
639 1003 1199 1079 iuduisset,accedit
1215 1003 1287 1065 ad
1309 1023 1447 1066 eum
1473 1015 1714 1067 euntem
1744 1007 1817 1067 ad
1843 1008 2124 1069 visendos

467 1113 573 1157 eos
594 1096 696 1177 qui
722 1105 892 1158 erant
917 1098 974 1156 in
1003 1096 1612 1178 nosocomio(solebat
1635 1099 1792 1159 enim
1818 1101 1928 1160 hoc
1954 1098 2046 1160 bis
2067 1110 2124 1164 et

469 1191 560 1246 ter
584 1185 784 1248 facere
807 1185 866 1246 in
885 1184 1282 1250 hebdomadal
1325 1194 1382 1246 et
1403 1185 1600 1248 verbis
1623 1187 2120 1266 lugubribuszMi-

464 1292 670 1340 serere
693 1275 835 1350 mei,
857 1275 1072 1355 inquit,
1107 1275 1497 1356 domine,qui
1529 1294 1658 1336 sum
1691 1279 1976 1358 captivus.
2015 1279 2121 1340 Ille

466 1363 858 1444 autemjubet
880 1363 1257 1427 distributori
1289 1365 1432 1426 dare
1456 1365 1509 1426 ei
1542 1383 1643 1427 sex
1673 1385 1971 1428 nummos.
2014 1368 2118 1430 llle

2204 561 2302 628 τῆς
2361 563 2532 619 αὐτῶν
2594 563 2845 629 ἀπιστίας
2904 561 3091 643 δεῖξοι,
3149 565 3238 620 καί
3294 566 3426 642 πρὸς
3482 560 3855 640 ἀσπλαγινίαν

2207 672 2272 725 με
2313 651 2760 714 ἐκκαλὲσσασθαι.

2288 739 2390 798 ll".
2429 743 2627 798 Τούτο)
2671 743 2770 809 τὴν
2803 741 3012 810 πολλὴν
3042 742 3396 822 χρηστότητα
3444 743 3549 798 τῶν
3582 737 3856 806 ἐπηλύδων

2205 851 2285 893 τις
2339 830 2669 897 κατανοῆσαι
2725 830 2982 910 πειράσας
3040 830 3288 901 διενοήθη
3332 833 3423 888 τὸν
3468 845 3646 897 πασης
3678 831 3855 903 πείρας

2204 919 2490 997 ἀνώτερον,
2571 909 2754 978 Ῥάκια
2829 922 3000 977 τοίνυν
3083 921 3513 1001 ἀμφιασάμενος,
3590 941 3853 999 προσεισιν

2205 1012 2349 1082 αὒτῷ
2401 1010 2677 1085 προσιόντι
2739 1008 3128 1085 ἐπισκέψασθαι
3187 1012 3312 1074 τοὺς
3372 1012 3426 1068 ἐν
3495 1017 3574 1082 τῷ
3633 1031 3855 1065 νοσοκο-

2207 1100 2340 1174 μείῳ
2404 1099 2631 1177 (εἴθιστο
2662 1101 2761 1178 γὰρ
2793 1103 2935 1173 αὒτῷ
2965 1099 3039 1165 δὶς
3075 1102 3160 1157 καί
3216 1103 3323 1180 τρὶς
3353 1103 3508 1158 τοῦτο
3540 1102 3640 1166 τῆς
3704 1095 3850 1154 ἑϐδο-

2207 1187 2374 1263 μάδος
2408 1190 2639 1268 ποιεῖν),
2676 1192 2764 1246 καὶ
2796 1191 2997 1268 ῥήμασι
3052 1205 3290 1268 γοεροῖς,
3327 1189 3591 1256 Ἐλέησόν
3617 1209 3688 1262 με
3722 1190 3854 1244 οὔτω

2205 1279 2358 1354 φησὶ,
2393 1276 2644 1357 δέσποτα,
2694 1279 2785 1334 τὸν
2831 1279 3203 1359 αἰχμάλωτον,
3256 1272 3314 1338 Ὀ
3349 1277 3403 1336 δὲ
3436 1280 3512 1353 τῷ
3572 1277 3849 1352 διανομεϊ,

2203 1367 2253 1432 ἓξ
2309 1371 2451 1440 αὐτῷ
2521 1369 2826 1442 νομίσματα
2881 1367 3058 1425 δοῦναι
3142 1370 3364 1426 κελεύει⁰
3425 1370 3511 1424 καὶ
3569 1368 3630 1432 ὃς
3691 1373 3855 1423 ταῦτα

471 1471 608 1517 vero
632 1454 707 1516 iis
725 1455 990 1536 acceptis
1017 1463 1076 1516 et
1107 1464 1329 1516 mutato
1362 1455 1588 1533 habitu,
1626 1475 1734 1535 per
1763 1457 1936 1517 aliam
1961 1459 2108 1518 viam

2200 1454 2378 1513 λαϐὼν
2421 1459 2507 1513 καὶ
2566 1459 2797 1532 ἀμείψας
2853 1461 2912 1514 τὸ
2966 1465 3185 1537 σχῆμα,
3259 1459 3497 1537 πρόσεισι
3547 1455 3616 1512 δι’
3683 1457 3853 1524 ἄλλης

465 1545 701 1608 accedit
749 1564 958 1607 rursus
987 1544 1268 1607 similiter
1295 1564 1533 1623 rogans.
1591 1550 1804 1608 Beatus
1832 1555 2028 1608 autem
2061 1549 2108 1609 ei

2201 1547 2362 1602 πάλιν
2417 1549 2612 1621 ὁμοίως
2646 1547 2918 1622 δεόμενος.
2985 1541 3041 1606 ιΟ
3071 1549 3242 1604 τοίνυν
3302 1551 3563 1626 μακάριος
3593 1547 3647 1613 ’ἐξ
3714 1549 3854 1620 αὖτῷ

462 1653 680 1698 rursus
703 1634 878 1716 jubet
901 1635 1030 1696 dari
1051 1653 1154 1697 sex
1178 1635 1581 1696 nummos.Ad
1609 1654 1884 1713 magnum
1919 1647 2108 1699 autem

2222 1639 2307 1692 καὶ
2339 1636 2484 1700 αὖθις
2531 1639 2834 1712 νομίσματα
2895 1637 3167 1706 ἐπιτρέπει
3223 1637 3461 1705 δοθῆναι,
3497 1637 3758 1715 Ἐγγίσας
3801 1637 3854 1691 δὲ

465 1725 660 1786 virum
681 1724 978 1787 accedens
1003 1725 1076 1800 is,
1102 1723 1203 1804 qui
1227 1724 1424 1798 dabat,
1454 1723 1544 1784 illi
1566 1725 1625 1784 iu
1649 1744 1851 1786 aurem
1887 1726 2108 1803 signiﬁ-

2202 1733 2278 1798 τῷ
2335 1727 2560 1805 μεγάλῳ
2587 1731 2720 1806 πρὸς
2759 1731 2819 1784 τὸ
2850 1732 2938 1793 οὖς
2971 1731 2998 1784 ὃ
3056 1727 3252 1796 διδοὺς,
3287 1731 3468 1784 τοῦτον
3499 1730 3662 1786 αὐτὸν
3711 1727 3855 1782 εἶναι

466 1823 562 1877 cat
597 1833 736 1877 eum
773 1833 930 1888 esse,
962 1814 1061 1894 qui
1084 1815 1259 1894 paulo
1302 1824 1440 1874 ante
1468 1815 1616 1874 alios
1647 1832 1748 1875 sex
1781 1826 2108 1895 acceperat.

2202 1818 2294 1898 τὸν
2352 1821 2438 1873 καὶ
2470 1819 2572 1894 πρὸ
2619 1818 2852 1897 βραχέος
2883 1820 2949 1874 τὰ
3005 1817 3158 1896 ἕτερα
3191 1817 3244 1884 ’ἐξ
3293 1819 3551 1898 εἰληφότα
3585 1819 3856 1896 γνωρίζει,

467 1903 613 1966 Cum
651 1921 790 1965 vero
813 1902 1102 1964 simulans
1127 1903 1302 1964 tertio
1334 1921 1543 1964 rursus
1572 1903 1828 1964 venisset
1858 1906 1927 1964 ad
1961 1908 2108 1967 acci‘

2205 1896 2297 1967 Ὠς
2357 1904 2410 1960 δὲ
2442 1896 2863 1985 ὑποκρινάμενος
2913 1907 2973 1964 ἐκ
3021 1910 3195 1986 τρίτου
3249 1907 3412 1964 πάλιν
3431 1896 3588 1962 ήέλθοι
3637 1903 3855 1981 λαῧεῖν,

465 1991 780 2074 piendum,
818 1991 1174 2053 distributor
1205 1991 1398 2052 innuit
1432 1992 1806 2072 patriarchae,
1832 1995 2111 2056 eumdem

465 2101 600 2144 esse
621 2100 829 2143 rursus
859 2080 1341 2160 signiﬁcanlele
1361 2091 1559 2143 autem
1584 2082 1730 2142 illud
1759 2084 2109 2162 praeclarum

465 2189 676 2234 rursus
713 2172 859 2234 dicit
879 2179 938 2233 et
966 2171 1124 2242 facit,
1151 2181 1216 2232 ut
1247 2169 1350 2246 qui
1381 2171 1599 2232 dixerit
1633 2194 1644 2229 :
1679 2174 1762 2234 Da
1784 2174 1841 2233 ei
1873 2172 2110 2236 duode-

467 2262 580 2324 cim
609 2280 1054 2336 nummosgnam
1077 2261 1176 2322 ille
1201 2261 1326 2339 ipse
1352 2273 1444 2322 est
1474 2261 1760 2324 Dominus
1788 2281 1979 2333 meus,
2009 2265 2110 2344 qui

463 2368 562 2413 me
592 2351 928 2413 tentat.Sed
959 2350 1085 2412 haec
1109 2351 1350 2431 quidem
1387 2351 1494 2412 sic.
1531 2350 1734 2412 Oratio
1759 2359 1956 2412 autem
1992 2353 2111 2412 vult

462 2441 644 2502 etiam
694 2441 810 2502 alia
859 2441 1117 2521 plurima
1167 2447 1447 2514 tractare,
1482 2440 1876 2519 signiﬁcantia
1919 2441 2114 2521 qualis

462 2539 622 2594 esset
647 2529 734 2592 vir
759 2528 866 2592 ille
895 2545 1168 2591 summus
1197 2528 1357 2590 circa
1389 2529 1836 2608 benignitatem.

2199 1997 2225 2050 6
2282 1992 2558 2069 διανομεὺς
2616 1997 2785 2052 νύττει
2817 1999 2908 2053 τὸν
2962 1999 3330 2077 πατριάρχην,
3365 1999 3458 2052 τὸν
3488 1997 3645 2052 αὑτὸν
3712 1996 3857 2051 εἶναι

2198 2086 2498 2158 σημαίνωνο
2558 2087 2733 2151 καὶὃς
2791 2087 2852 2143 τὸ
2881 2087 3119 2162 ἀοίδιμον
3175 2088 3355 2144 ἐκεῖνο
3413 2087 3503 2142 καὶ
3563 2084 3856 2164 φθέγγεται

2195 2176 2282 2231 καὶ
2346 2189 2519 2249 ποιεῖ,
2570 2175 2788 2232 Δώδεκα
2858 2175 2946 2237 δὸς
3021 2179 3161 2251 αύτῷ
3219 2177 3544 2251 νομίσματα,
3594 2175 3854 2250 εἰρηκὼς,

2197 2267 2272 2338 μή
2331 2287 2459 2321 ποτε
2519 2269 2606 2321 καὶ
2668 2267 2825 2331 αὐτὸς
2870 2267 3076 2332 ἐκεῖνος
3108 2270 3134 2323 6
3197 2268 3382 2345 Κύριός
3440 2273 3540 2340 μοῦ
3591 2265 3708 2320 ἔστι
3766 2266 3856 2319 καὶ

2194 2355 2418 2430 πειράζῃ
2477 2376 2566 2429 με,
2603 2353 2771 2411 Ἀλλά
2823 2362 2986 2412 ταῦτα
3017 2357 3115 2429 μὲν
3165 2354 3290 2416 ὧδέ.
3337 2357 3400 2412 '0
3449 2353 3614 2432 ’λόγος
3649 2352 3708 2408 δὲ
3762 2355 3854 2410 καὶ

2197 2443 2347 2519 ἔτερα
2380 2442 2617 2500 πλεῖστα
2647 2443 2924 2501 διαλαϐεῖν
2953 2445 3220 2520 βούλεται,
3254 2445 3375 2507 οἷος
3435 2445 3500 2512 ἦν
3530 2443 3699 2521 ἄκρος
3736 2444 3851 2520 περί

2196 2534 2255 2587 τὸ
2287 2531 2657 2612 φιλάνθρωπον
2689 2537 2716 2591 6
2747 2535 2916 2612 μέγας
2947 2532 3231 2602 δηλουντα.

1957 2650 2207 2716 CAPUT
2251 2651 2354 2717 III.

1458 2761 1829 2826 Subventum
1856 2763 2112 2840 pauperi
2153 2764 2501 2840 mercatori,
2543 2769 2601 2826 et
2631 2763 2849 2826 nobili.

542 2927 1002 2993 XlV.Mercator
1019 2927 1103 3007 (9)
1120 2923 1365 3006 quidam
1389 2922 1706 3003 possidens
1737 2939 1946 2984 navem
1969 2939 2108 3002 pro-

2283 2915 2390 2984 ἸΔ.
2447 2925 2726 3004 ’Έμπορός
2780 2947 2860 2988 τις
2920 2932 3045 2982 ναῦν
3073 2928 3402 2998 κοκτημένος
3459 2923 3615 3004 ἰδίαν,
3646 2923 3848 2985 δυστυ-

461 3021 679 3100 priam,
709 3037 841 3080 cum
876 3018 934 3081 ei
965 3014 1377 3078 infelicissime
1433 3011 1716 3073 cessisset
1748 3018 2108 3085 mercatura,

2199 3013 2438 3093 χὲστατα
2480 3015 2730 3082 διατεθεὶς
2790 3017 2921 3094 πρὸς
2979 3017 3079 3084 τήν
3121 3014 3400 3093 ἐμπορίαν,
3447 3015 3641 3093 ἀπορίᾳ
3706 3016 3856 3072 ἐπιέ-

467 3109 630 3190 gravi
655 3107 1045 3192 premebatur
1066 3102 1292 3185 inopia.
1327 3101 1394 3192 Ei
1420 3119 1728 3192 ergo,cum
1759 3103 2108 3192 accessisset

2194 3110 2315 3172 ζετο
2388 3103 2633 3184 χαλεπῇ.
2708 3107 2892 3176 Τούτῳ
2952 3114 3078 3182 γοῦν
3133 3101 3496 3182 προσελθόντι,
3545 3106 3633 3160 καὶ
3701 3127 3850 3170 τινος

463 3187 523 3263 et
548 3187 818 3280 petiisset
847 3196 1074 3276 aliquid
1092 3192 1317 3264 auxilii,
1347 3191 1556 3253 beatus
1572 3187 1746 3269 jubet
1773 3189 1899 3280 dari
1931 3191 2108 3269 quin-

2195 3192 2497 3273 ἐπικουρίας
2527 3195 2755 3260 ἀξιοῦντι
2799 3207 3019 3274 τυχεῖν,
3053 3197 3080 3252 ὁ
3111 3194 3375 3272 μακάριος
3406 3195 3563 3250 πέντε
3620 3197 3852 3274 χρυσίου

459 3278 579 3371 que
611 3287 794 3350 libras
816 3284 1138 3357 auri.Quas
1159 3283 1400 3364 quidem
1420 3298 1554 3342 cum
1584 3278 1936 3371 accepisset,
1961 3287 2029 3371 et
2042 3295 2108 3340 ea

2199 3282 2374 3360 λίτρας
2430 3281 2643 3351 δοθῆναι
2677 3285 3016 3362 προστάττει⁶
3079 3282 3248 3362 ἅσπερ
3283 3281 3348 3371 δῂ
3398 3284 3488 3340 καὶ
3532 3282 3715 3340 λαϐὼν
3755 3285 3851 3341 καὶ

458 3363 678 3462 quibus
709 3396 862 3458 opus
905 3374 1164 3436 habebat
1180 3363 1348 3434 esset
1409 3367 2058 3462 mercatus,_navigavit
2089 3387 2103 3427 :

2194 3374 2267 3427 ὧν
2325 3371 2497 3430 ἐδεῖτο
2546 3373 3039 3462 ἐμπορευσάμενος,
3071 3371 3249 3436 ἔπλει.
3311 3363 3404 3436 Ὠς
3461 3371 3514 3428 δὲ
3573 3375 3846 3462 περὶᾼτὸν

457 3460 780 3551 Postquam
829 3473 1024 3528 autem
1055 3463 1167 3524 fuit
1218 3462 1381 3524 circa
1409 3461 1672 3551 Pharon,
1703 3460 1758 3520 vi
1799 3471 2106 3551 ventorum

2194 3463 2368 3540 Φάρον
2427 3463 2657 3541 ἐγένετο,
2709 3463 2848 3539 βίαις
2905 3461 3245 3541 περίληφθεὶς
3315 3462 3524 3537 ἀνέμων
3588 3460 3844 3551 ἀποϐάλ-

456 3549 947 3634 νρχείυεβπιὶιιὶι
971 3553 1213 3636 quidem
1233 3571 1326 3621 ea,
1353 3569 1483 3631 quae
1505 3550 1786 3624 vehebat;
1812 3549 2107 3628 navigium

2194 3564 2341 3609 Αεται
2400 3552 2495 3628 μὲν
2529 3553 2594 3608 τὰ
2642 3553 2918 3630 ἀγώγιμα,
2951 3553 3115 3627 μόνον
3162 3551 3218 3608 δὲ
3257 3553 3318 3608 τὸ
3349 3551 3544 3610 πλοῖον
3589 3550 3843 3624 διασώζει

457 3667 599 3712 vero
623 3651 814 3711 solum
833 3657 1031 3709 servat
1053 3661 1324 3706 vacuum.
1361 3641 1607 3705 Accedit
1634 3659 1774 3718 ergo
1801 3658 2009 3700 rursus
2030 3639 2102 3700 ad

462 3739 858 3824 patriarcham
887 3733 1327 3824 simuliquidem
1357 3730 1578 3811 tragice
1608 3729 1917 3824 deﬂens‘id
1942 3728 2102 3824 quod

455 3819 994 3896 acciderat,etcum
1012 3823 1083 3885 ad
1102 3823 1388 3902 majorem
1405 3840 1622 3882 vocans
1633 3819 2104 3880 commiseratio-

458 3919 736 3993 uem,llle
755 3926 950 3978 autem
973 3932 1104 3975 cum
1126 3911 1436 3986 audiisset,
1464 3911 1735 3971 hortatur
1757 3908 1998 3987 quidem
2023 3925 2100 3969 ne

457 4016 718 4071 animum
743 4007 1315 4079 despondeat,aperte
1338 4015 1525 4061 autem
1551 4002 2095 4072 subjuugit,diceus:

461 4098 594 4160 Nisi
618 4096 854 4169 iis,qum
881 4091 986 4152 tibi
1011 4089 1261 4168 reliqua;
1283 4095 1451 4148 erant
1473 4105 1542 4147 ex
1565 4084 2103 4165 iniquitate.Eccle-

459 4189 564 4248 size
607 4200 847 4264 quoque
879 4177 1167 4260 pecunias
1204 4175 1796 4264 coniunxisses,inon
1849 4175 1962 4235 hoc
1993 4172 2101 4236 tibi

2186 3643 2364 3706 κενόν,
2425 3641 2791 3721 Προσέρχεται
2824 3642 2997 3698 τοίνυν
3039 3641 3135 3699 καί
3193 3644 3336 3706 αὖθις
3368 3649 3445 3716 τῷ
3493 3646 3838 3723 πατριάρχῃ,

2185 3733 2299 3808 ἅμα
2358 3732 2455 3806 μὲν
2489 3731 2840 3809 ἐκτραγῳδῶν
2898 3734 2958 3788 τὸ
3017 3729 3244 3811 συμϐὰν,
3278 3731 3392 3808 ἅμα
3450 3730 3503 3787 δὲ
3549 3735 3640 3788 καὶ
3703 3735 3838 3812 πρὸς

2187 3825 2514 3896 συμπάθειαν
2575 3823 2732 3878 αυτὸν
2805 3820 3021 3880 πλείονα
3104 3821 3516 3896 ἐκκαλούμενος.
3605 3824 3707 3880 Καὶ
3775 3823 3836 3886 ὃς

2186 3912 2440 3987 ἀκούσας,
2479 3924 2731 3989 παραινεῖ
2783 3913 2882 3988 μὲν
2932 3914 3011 3987 μή
3068 3910 3443 3990 ἀπαγορεύειν,
3476 3910 3720 3990 ἐπιλέγει
3780 3909 3837 3967 δὲ

2183 4007 2422 4080 φανερῶς
2477 4005 2576 4078 ὡς,
2613 4003 2670 4059 Εἰ
2700 4003 2779 4076 μὴ
2818 4015 2936 4066 τοῖς
2968 4000 3020 4068 ἐξ
3063 3999 3268 4064 ἀδικίας
3298 4000 3690 4082 περιλειφθεϊσι
3745 4002 3838 4058 καὶ

2183 4093 2248 4146 τὰ
2304 4096 2404 4158 τῆς
2434 4090 2759 4158 Ἐκκλησίας
2793 4092 3054 4170 χρήματα
3104 4095 3368 4171 συνῆψας,
3403 4092 3500 4148 οὒκ
3552 4091 3614 4147 ἃν
3678 4099 3839 4148 τοῦτο

2184 4179 2535 4255 συμϐεϐήκοι.
2620 4184 2774 4244 Αὖθις
2831 4182 2920 4239 οὗν
2990 4179 3108 4246 δέξα
3165 4179 3345 4252 λίτρας
3415 4181 3558 4254 αὐτῷ
3613 4178 3839 4249 δοθῆναι

457 4263 832 4352 contigisset.
860 4271 1091 4332 Rursus
1112 4266 1438 4344 ergojubet
1464 4263 1519 4325 ei
1542 4263 1672 4324 dari
1693 4264 1903 4325 decem
1924 4264 2104 4326 libras

2194 4269 2393 4327 κελεύει
2452 4271 2694 4351 χρυσίου,
2728 4269 3088 4349 παραγγείλας
3148 4269 3302 4348 ἕτερα
3330 4270 3534 4333 τούτοις
3595 4272 3679 4341 μὴ
3730 4269 3839 4345 ἆμ-

459 4364 614 4439 auri,
641 4359 886 4442 jubens,
909 4375 986 4419 ne
1007 4374 1107 4417 eas
1127 4355 1409 4436 injiceret
1439 4373 1572 4415 cum
1597 4353 1749 4414 aliis.
1786 4355 2107 4436 Quampri-

464 4472 626 4516 mum
651 4469 792 4530 ergo
821 4446 1111 4524 navigavit
1141 4443 1688 4518 mercator,accidit
1713 4457 1771 4504 ut.
1799 4453 1856 4505 et
1879 4455 2109 4524 patere-

459 4551 557 4605 tur
605 4541 790 4624 priori
819 4540 1054 4619 gravius
1104 4535 1502 4612 naulragium,
1539 4545 1602 4596 ut
1650 4534 1753 4610 qui
1799 4553 1930 4594 cum
1962 4554 2108 4598 nave

455 4652 608 4696 onus
626 4630 805 4692 simul
827 4629 1119 4690 amiserit.
1153 4627 1298 4689 Cum
1326 4643 1465 4704 ergo
1494 4625 1550 4685 in
1576 4633 1903 4685 extremam
1941 4625 2104 4686 ceci-

457 4723 648 4784 disset
670 4718 1248 4801 desperationem,et
1273 4714 1462 4777 victus
1483 4725 1639 4776 esset
1660 4713 1840 4774 animi
1872 4713 2106 4792 aegritu-

457 4812 692 4888 dine,et
715 4828 826 4872 nec
852 4806 1146 4870 tantillum
1175 4805 1417 4886 quidem
1447 4816 1644 4884 posset
1666 4802 1950 4864 cohibere
1983 4822 2108 4867 mo-

459 4910 585 4965 tum
638 4899 848 4973 animi,
883 4908 942 4959 et
962 4897 1084 4978 jam
1122 4914 1358 4957 manum
1415 4893 1530 4956 sibi
1563 4901 1721 4955 esset
1767 4891 2050 4953 allaturus
2085 4913 2101 4970 ;

456 4991 682 5056 deinde
710 5007 845 5052 cum
889 4986 1047 5068 quod
1076 4985 1298 5049 factum
1330 4993 1481 5060 erat,
1501 5001 1708 5045 rursus
1738 4981 2097 5058 rescivisset,

457 5080 798 5164 patriarcha
817 5096 954 5140 eum
982 5075 1258 5139 accersit.
1293 5072 1401 5136 Ille
1429 5082 1642 5164 autem
1660 5070 1914 5132 accessit
1942 5080 2104 5134 veste

405 5208 409 5212 η
457 5161 750 5252 disrupta,
782 5185 956 5230 coma
985 5165 1210 5238 evulsa,
1243 5172 1303 5225 et
1331 5172 1508 5244 caput
1550 5161 1782 5252 habens
1797 5178 2102 5252 consper-

452 5278 585 5324 sum
609 5250 1057 5333 cinere,habitu
1081 5250 1884 5326 miserabilis,miserabilior
1904 5259 2100 5313 autem

453 5352 751 5433 gravitate
773 5347 1155 5419 calamitatis,
1181 5354 1240 5406 et
1271 5343 1478 5405 multis
1509 5343 1784 5433 lacrymis
1814 5339 2100 5422 lacrymas

2188 4357 2399 4422 ϐαλεῖν,
2466 4362 2613 4418 Κατὰ
2667 4362 2833 4440 τάχος
2890 4360 2979 4416 οὖν
3011 4363 3039 4417 6
3087 4359 3319 4438 ἔμπορος
3363 4358 3512 4416 ἔπλει
3555 4361 3649 4417 καί
3703 4382 3836 4417 ναυ-

2189 4451 2323 4528 αγίῳ
2376 4448 2536 4510 πάλιν
2568 4455 2769 4529 χρῆται
2825 4459 2920 4508 τοῦ
2975 4453 3232 4528 προτέρου
3271 4448 3669 4530 χαλεπωτέρῷ³
3703 4452 3836 4527 «uti;

2189 4541 2284 4606 νηί
2356 4541 2442 4595 καὶ
2499 4541 2590 4595 τὸν
2659 4541 2852 4618 φόρτον
2906 4539 3216 4599 ἀποϐαλών.
3264 4537 3509 4620 Ἐσχάτῃ
3551 4550 3835 4619 τοιγαροῦν

2188 4629 2489 4707 ἀπογνώσει
2548 4631 2870 4707 περιπεσὼν,
2905 4628 3081 4698 ἥττων
3126 4652 3183 4686 τε
3212 4632 3314 4698 τῆς
3347 4631 3567 4706 ἀθυμίας
3597 4634 3834 4708 γενόμε-

2188 4739 2273 4782 νος
2332 4717 2420 4774 καὶ
2451 4716 2588 4794 μηδὲ
2644 4720 2816 4799 βροχὺ
2845 4727 2937 4776 τοῦ
2992 4721 3187 4784 πάθους
3237 4719 3501 4799 ἐγκρατὴς
3529 4720 3682 4778 εἶναι
3737 4717 3832 4777 δυ·

2188 4809 2440 4883 νάμενος,
2474 4809 2564 4864 καὶ
2621 4809 2805 4866 ἑαυτὸν
2839 4807 2942 4878 ἤδη
2999 4807 3414 4890 διαχειρίζεσθαι
3455 4808 3672 4886 ἔμελλε,
3708 4810 3832 4868 εἶτα

2186 4898 2246 4952 τὸ
2293 4897 2512 4976 γεγονὸς
2543 4899 2630 4954 καὶ
2674 4901 2818 4964 αὖθις
2851 4901 2878 4955 6
2933 4899 3273 4978 πατριάρχης
3303 4899 3590 4974 ἀναμαθὼν
3639 4901 3830 4957 εἰσ-κα-

2185 4986 2363 5044 λεῖται
2418 4995 2618 5045 τοῦτον·
2652 4990 2740 5046 καὶ
2770 4990 2827 5052 ὃς
2879 4990 3104 5067 προσῄει
3132 4989 3232 5056 τὴν
3261 4988 3456 5058 ἐσθῆτα
3507 4987 3834 5070 διεῤῥηγμέ-

2185 5099 2298 5154 νος,
2356 5079 2454 5146 τὴν
2520 5080 2696 5155 κόμην
2769 5078 3173 5156 διειιπασμένος⁹
3237 5086 3382 5137 κόνει
3433 5085 3532 5148 τὴν
3591 5079 3832 5160 κεφαλὴν

2185 5169 2693 5245 καταπεπασμὲνος,
2778 5169 2979 5232 ἐλεινὸς
3059 5172 3120 5226 τὸ
3191 5173 3412 5250 σχῆμα,
3473 5168 3833 5250 ἐλεεινότερος

2185 5265 2262 5332 τῷ
2311 5260 2461 5337 βάρει
2492 5267 2599 5316 τῶν
2654 5267 2962 5341 συμφορῶν,
2995 5256 3210 5341 δάκρμσί
3265 5281 3323 5316 τε
3355 5257 3582 5325 πολλοῖς
3633 5257 3833 5339 δάκρυα

2182 5333 2632 5428 τῷνήόιρθαλμῶν
2682 5333 3064 5431 ἐφελκόμενος.
3097 5333 3211 5408 ἬΟν
3254 5351 3342 5407 καὶ
3391 5352 3420 5406 ὃ
3449 5349 3620 5428 μέγας
3678 5333 3835 5416 αυτὸς

456 5432 774 5505 oculorum
800 5433 1327 5507 attrahens.0uem
1353 5433 1528 5495 etiam
1563 5432 1659 5493 hic
1689 5449 1936 5509 magnus
1961 5452 2095 5496 cum

2194 5441 2527 5518 πασάμενος,
2599 5439 2787 5504 Ἵλεώς
2851 5462 2958 5521 σοι,
3007 5440 3191 5521 φησὶν,
3249 5443 3276 5496 ὁ
3333 5440 3487 5505 Θεὸς.
3545 5441 3604 5497 Τί
3658 5438 3833 5505 οὕτως

455 5531 730 5595 vidisset:
763 5527 1095 5610 PrOpitius,
1119 5523 1332 5606 inquit,
1357 5523 1438 5586 sit
1461 5522 1564 5586 tibi
1586 5521 1770 5588 Deus.
1803 5527 1921 5590 Cur
1950 5546 2097 5610 pro-

2183 5529 2340 5587 αὐτὸν
2401 5530 2460 5587 ἐκ
2535 5530 2900 5611 μικροψυχίας
2955 5527 3256 5604 διέθηκαςς
3316 5529 3549 5588 nimo:
3593 5533 3674 5605 τῷ
3716 5533 3835 5608 Θεῷ

539 5691 707 5777 (8-9)
740 5690 1054 5768 Leontius,
1086 5683 1445 5766 nauclerus,
1483 5685 1641 5770 quod
1676 5687 1829 5753 intra
1857 5686 1958 5754 hic
1985 5688 2231 5756 dicitur.
