4054 6204
246 339 375 416 909

1256 341 1446 414 VITA
1489 350 1549 414 S.
1595 347 1920 415 JOANNIS
1973 343 2618 417 ELEEMOSYNARII.

3507 347 3629 415 910

250 503 383 554 μου,
453 483 527 544 ὡς
587 481 762 540 ούκέτι
849 504 931 539 σοι
1017 492 1106 542 τοῦ
1168 483 1358 543 λοιποῦ
1412 485 1606 544 πλοῖον
1664 484 1893 560 οὖδαμοῦ

2003 491 2109 546 iter
2133 483 2414 564 pusillum
2442 489 2500 546 et
2523 482 2826 564 abjectiim
2853 480 3120 543 animum
3147 485 3229 542 ita
3262 498 3327 544 es
3349 480 3631 543 affectus?

252 573 574 648 ναυαγήσει.
639 570 786 640 Πλὴν
838 573 947 628 ’ίσθι
1002 582 1181 654 σαφῶς
1246 575 1372 654 παρ’
1416 577 1560 632 οὖδέν
1620 576 1752 633 ἄλλο
1807 579 1896 633 καὶ

256 666 416 716 τοῦτο
463 659 754 735 συμϐῆναι,
811 661 846 730 ἢ
891 663 972 719 ὅτι
1018 687 1097 720 σοι
1141 668 1228 721 καὶ
1289 669 1416 724 αὐτὸ
1473 669 1534 722 τὸ
1586 667 1777 723 πλοῖον
1838 667 1897 722 οὔ

253 745 474 811 δικαίως
519 748 635 805 οὐδὲ
669 750 845 816 καλῶς
876 752 1138 833 ἐτύγχανε
1171 756 1520 833 προσκτηθέν,

343 927 450 990 ΙΕ’.
484 937 658 990 Ταῦτα
691 933 853 986 εἰπὼν
912 931 1123 1000 δοθῆναί
1150 935 1196 990 οἱ
1225 935 1281 989 ἓν
1307 936 1413 991 τῶν
1445 940 1543 1004 τῆς
1571 935 1896 1003 Ἐκκλησίας

252 1015 462 1073 πλοίων
505 1019 734 1096 κελεύει,
796 1023 940 1078 σίτου
992 1023 1254 1099 μυριάδων
1300 1025 1388 1082 δύο
1447 1027 1893 1102 πεπληρωμένον,

256 1106 390 1185 ὅπερ
448 1107 625 1164 λαϐὼν
667 1110 872 1175 ἐξέπλει
917 1117 1014 1178 τῆς
1064 1111 1431 1193 Ἀλεξάνδρου,
1472 1118 1565 1173 Καὶ
1611 1115 1744 1184 δῆτα
1773 1117 1898 1172 επι-

255 1199 406 1274 φόρῳ
462 1201 807 1278 χρησάμενος
868 1203 1152 1276 πνεύματι,
1232 1204 1494 1280 παραδοὺς
1569 1207 1752 1265 ἐαοτόν
1823 1213 1900 1281 τῷ

258 1288 496 1364 φέροντι,
558 1287 724 1366 ἤγετο
781 1290 946 1364 μηδὲν
1009 1290 1158 1355 εἰδὼς
1213 1293 1334 1350 ὅποι
1399 1294 1492 1351 καΐ
1543 1297 1658 1362 εἴη’
1693 1297 1897 1375 ἡμέρας

256 1377 360 1452 γὰρ
404 1376 575 1434 εἴκοτι
621 1380 716 1435 καί
748 1380 936 1443 νύκτας
973 1382 1065 1444 τὰς
1123 1380 1250 1445 ἵσας
1294 1389 1392 1446 τῆς
1424 1387 1552 1452 νηὸς
1580 1385 1716 1442 οὕτω
1744 1388 1898 1442 θεού-

259 1486 387 1538 σης,
448 1465 556 1522 οὔτ’
607 1470 787 1548 αὒτὸς,
836 1469 954 1525 οὕτε
999 1492 1079 1533 τις
1124 1474 1230 1526 τῶν
1261 1473 1315 1528 ὲν
1340 1481 1408 1550 τῇ
1439 1479 1536 1541 νηδι
1569 1475 1771 1554 ἕτερος,
1806 1475 1900 1532 οὒκ

259 1552 322 1607 ἐκ
355 1561 458 1609 τῶν
490 1553 720 1634 ἄστρων,
755 1561 848 1614 οὔκ
875 1557 927 1623 ἐξ
974 1559 1253 1638 ἐγχωρίων
1299 1561 1362 1632 δή
1397 1586 1552 1619 τινων
1586 1552 1897 1644 γνωρισμά-

261 1665 372 1699 των
418 1643 548 1703 ὅπου
605 1647 734 1701 ποτὲ
765 1657 865 1725 γῆς
897 1652 1056 1720 ἦσαν,
1088 1649 1332 1710 ἐδύναντο
1365 1652 1671 1730 διαγνῶναι,
1702 1643 1787 1711 γὸτι
1823 1657 1900 1730 μὴ

259 1738 341 1804 τῷ
400 1731 697 1810 κυϐερνήτῃ
779 1741 926 1811 μόνῳ
1001 1742 1028 1794 6
1088 1742 1428 1821 πατριάρχης
1477 1745 1898 1821 ὕποφαινόμενος

1981 573 2226 635 Conﬁdo
2249 574 2308 633 in
2337 572 2459 634 Deo
2485 570 2814 652 meo,quod
2839 571 2914 632 de
2938 577 3155 632 caetero
3183 570 3289 632 tibi
3316 571 3481 633 navis
3501 571 3630 632 nul-

1984 664 2101 724 lum
2140 662 2396 741 patietur
2429 663 2826 741 naufragium.
2857 661 2974 725 Sed
3001 659 3162 722 scias
3185 661 3298 723 hoc
3325 660 3432 723 tibi
3465 661 3634 724 nulla

1979 753 2095 813 alia
2127 753 2203 814 de
2233 771 2413 814 causa
2451 751 2769 827 accidisse,
2802 752 2918 812 nisi
2951 750 3110 832 quod
3143 751 3271 812 haac
3306 751 3474 813 navis
3508 769 3632 813 non

1976 841 2159 921 juste,
2196 861 2312 903 non
2343 841 2614 916 honeste,
2649 861 2683 903 a
2715 850 2772 903 te
2795 849 2959 904 esset
2988 840 3309 920 acquisita.

2060 928 2182 993 XV.
2224 931 2356 991 Haec
2387 949 2523 993 cum
2573 931 2846 1005 dixisset,
2870 930 3055 1010 jussit
3097 929 3152 990 ei
3185 929 3318 990 dari
3350 948 3528 992 unam
3558 948 3632 995 ex

1984 1039 2057 1081 na
2071 1020 2238 1082 vibus
2252 1020 2866 1102 Ecclesiaejmpletam
2891 1020 3092 1096 viginti
3117 1019 3388 1082 millibus
3403 1020 3632 1084 modio-

1982 1128 2116 1171 rum
2144 1110 2458 1172 frumenti.
2489 1112 2612 1184 Qua
2641 1111 2889 1192 quidem
2921 1121 3195 1192 accepta,
3229 1111 3535 1191 navigavit
3562 1130 3634 1173 ex

1981 1199 2364 1274 Alexandria,
2403 1209 2461 1261 et
2489 1210 2664 1262 vento
2698 1219 2839 1262 usus
2869 1201 3303 1277 secundo,cum
3339 1219 3404 1264 se
3431 1201 3632 1282 ipsum

1983 1290 2332 1351 tradidisset
2362 1289 2552 1370 ei,qui
2573 1289 3215 1357 ferebat.ducebantur
3247 1289 3396 1352 nihil
3433 1291 3636 1353 sciens

1983 1379 2225 1440 ubinam
2261 1378 2595 1441 esset.Nam
2618 1397 2751 1441 cum
2779 1379 2983 1458 viginti
3009 1379 3139 1441 dies
3161 1389 3222 1442 et
3244 1380 3494 1442 totidem
3520 1398 3633 1442 no-

1983 1478 2108 1530 ctes
2139 1468 2304 1530 navis
2353 1467 2441 1530 sic
2475 1477 2768 1544 curreret,
2805 1486 3003 1550 neque
3056 1469 3210 1550 ipse,
3245 1488 3442 1550 neque
3474 1469 3633 1534 ullus

1984 1557 2134 1618 alius
2167 1575 2238 1618 ex
2273 1557 2370 1631 iis,
2412 1558 2513 1638 qui
2547 1566 2718 1620 erant
2747 1559 2809 1619 in
2839 1557 2996 1632 navi,
3032 1576 3145 1620 nec
3178 1576 3248 1620 ex
3282 1559 3484 1633 astris,
3521 1577 3634 1622 nec

1985 1666 2056 1708 ex
2087 1647 2354 1723 regionis
2385 1647 2654 1723 indiciis,
2689 1647 2932 1710 ubinam
2972 1656 3176 1710 essent
3207 1655 3487 1730 poterant
3514 1649 3634 1711 dis-

1985 1736 2382 1808 cernere,nisi
2419 1737 2576 1816 quod
2605 1737 2716 1797 soli
2749 1737 3135 1815 gubernatori
3164 1737 3496 1818 apparebat
3526 1757 3638 1819 pa.

261 1821 354 1900 ἦν,
399 1823 581 1878 ἰθύνων
641 1826 732 1879 σὺν
791 1828 932 1899 αύτῷ
988 1831 1049 1884 τὸ
1099 1828 1380 1896 πηδάλιον.
1421 1831 1570 1889 Ἐπεὶ
1600 1835 1653 1889 δὲ
1686 1836 1901 1903 εἰκοστῆ

2003 1826 2414 1898 ,riarcha,cum
2441 1845 2511 1886 eo
2538 1826 2766 1888 clavum
2790 1823 3236 1904 dirigens.Cum
3260 1835 3460 1888 autem
3490 1845 3641 1904 pres.

262 1910 539 2000 παρέλθοι,
621 1914 804 1984 νήσοις
884 1916 1266 1998 ἐντυγχάνουσι
1350 1935 1469 1983 ταῖς
1532 1931 1901 2000 Βρετανικαῖς,

2003 1915 2255 1977 .eriisset
2307 1914 2629 1976 vicesimus
2688 1915 2844 1994 dies,
2899 1915 3261 1994 perveniunt
3307 1915 3378 1976 ad
3411 1915 3638 1978 insulas

264 1998 386 2055 ἔνθα
463 2000 526 2067 δὴ
611 2007 702 2059 καὶ
783 2011 1296 2084 προσορμισάμενοι,
1367 2011 1523 2086 λιμὸν
1583 2015 1906 2090 εὑρίσκουσιν

273 2088 1114 2184 ἀπηξιὲστατονρλιμὸνῗἀθλίως
1174 2102 1296 2161 τοὺς
1357 2088 1653 2181 ἐγιωρίους
1711 2127 1906 2184 κατερ-

279 2182 594 2256 γαζόμενον,
674 2181 824 2240 Ἐπεὶ
879 2183 932 2240 δὲ
990 2189 1067 2259 τῷ
1122 2190 1318 2264 πρώτῳ
1372 2193 1571 2248 τούτων
1633 2181 1907 2275 ἐνέτυχον,

274 2271 363 2324 καὶ
407 2269 488 2326 ὅτι
549 2285 699 2329 σῖτον
759 2274 967 2353 φέροιεν
1018 2279 1160 2350 αὐτῷ
1210 2277 1630 2358 διεγνώσθησαν,
1664 2269 1908 2359 εὐθυμίας

275 2359 574 2438 ἐπληροῦτο
635 2363 836 2434 πάσης⁹
888 2367 974 2421 καὶ
1024 2369 1116 2422 συν
1165 2368 1339 2445 πολλῇ
1371 2373 1585 2436 τούτους
1617 2371 1909 2454 ὑπεδέχετο

277 2455 348 2525 τῇ
417 2453 756 2531 περιχαρείας,
816 2456 909 2510 οὐκ
972 2455 1120 2512 ἀθεεί
1196 2459 1514 2536 γεγενῆσθαι
1573 2463 1673 2529 τὴν
1741 2453 1912 2520 αὒτῶν

279 2537 635 2616 λογισάμενος
687 2544 996 2616 παρουσίαν.
1057 2548 1206 2603 Ἐπεὶ
1250 2548 1337 2604 οὖν
1383 2553 1430 2606 οἱ
1486 2556 1583 2618 τῆς
1617 2554 1781 2622 νήσου
1824 2555 1913 2610 τὸν

283 2627 408 2685 ὅλον
464 2632 711 2708 επριαντο
757 2646 928 2704 σῖτον,
983 2638 1200 2714 χρυσίον
1255 2639 1351 2713 μὲν
1398 2641 1524 2718 ὅπερ
1554 2648 1646 2697 τοῦ
1677 2643 1912 2718 ἡμίσεως

278 2720 710 2800 παρασχόμενοι,
773 2724 1079 2802 κασσίτερον
1123 2723 1177 2782 δὲ
1235 2735 1324 2784 τοῦ
1381 2728 1568 2787 λοιποῦ
1614 2732 1772 2812 (οὕτω
1816 2734 1915 2809 γὰρ

278 2809 522 2900 ύπῆρχεν
586 2811 902 2890 ἄμφοτέροις
985 2818 1378 2892 συμφωνηθὲν),
1439 2822 1531 2876 καὶ
1601 2809 1631 2877 6V
1685 2820 1914 2900 ἔμπορος

276 2896 378 2966 ἤδη
411 2899 782 2977 ἀνεκομίζετο,
822 2905 1021 2980 γίνεταί
1070 2929 1120 2961 τι
1170 2915 1391 2986 πρᾶγμα
1444 2911 1666 2986 μνήμης
1699 2911 1796 2984 μὲν
1829 2896 1917 2967 καὶ

275 2995 517 3068 γραφῆς,
577 2990 732 3069 εἴπερ
789 2993 922 3051 ἄλλο
979 3018 1052 3070 τι,
1121 2996 1287 3071 ἄξιον,
1355 2998 1674 3064 εἰσδέξασθαι
1719 2999 1773 3056 δὲ
1830 3001 1918 3057 καὶ

278 3087 558 3138 πιστεῦσαι
591 3085 660 3156 τῇ
686 3083 764 3156 μὴ
794 3085 931 3142 πάνυ
967 3089 1260 3163 πιστοτάτη
1304 3090 1410 3146 τῶν
1440 3089 1640 3165 ἀκοῶν,
1675 3088 1917 3166 οὐδαμῶς

274 3167 474 3245 ῥᾴδιον,

363 3351 466 3425 ις’
481 3399 495 3413 .
533 3343 626 3415 Ὠς
671 3355 770 3430 γὰρ
800 3354 898 3421 τὴν
935 3354 1233 3412 Δεκάπολιν
1263 3355 1366 3424 ἤδη
1397 3358 1692 3417 κατέλαϐον
1723 3359 1921 3416 πλέον·

286 3463 394 3521 τες,
459 3444 485 3496 6
543 3441 838 3519 ναύκληρος
899 3448 997 3510 τῆς
1044 3446 1171 3509 νηὸς
1215 3444 1443 3526 ἀποϐὰς,
1493 3447 1629 3529 φίλῳ
1677 3453 1776 3505 τινὶ
1835 3453 1922 3506 καὶ

284 3532 494 3600 συνήθει
552 3533 899 3610 ἀργυροκόπῳ
957 3536 1054 3600 τὴν
1117 3535 1317 3614 τέχνην
1394 3541 1721 3619 περιτυχὼν,
1785 3561 1919 3596 πεν-

283 3623 518 3690 τήκοντα
585 3620 764 3699 λίτρας
811 3627 954 3695 αὒτῷ
1009 3624 1098 3704 ἀφ’
1147 3626 1306 3704 οὗπερ
1359 3625 1550 3706 εἴληφε
1606 3629 1920 3705 κασσιτέρου

286 3709 431 3785 δοὺς,
479 3712 577 3777 τὴν
622 3712 749 3790 ὅπερ
793 3712 953 3769 αὐτοῦ
982 3715 1144 3788 τιμὴν
1178 3714 1567 3791 ἀπελάμϐανε.
1601 3710 1657 3775 Ὀ
1702 3716 1756 3773 δὲ
1801 3717 1921 3774 δια-

287 3799 557 3858 ϐασανίσει
601 3811 788 3860 τοῦτον
818 3805 937 3879 πυρὶ
979 3803 1325 3879 βουλόμενος,
1358 3805 1495 3862 ὥστε
1553 3811 1746 3882 μαθεῖν
1805 3813 1924 3871 οἷος

286 3889 406 3964 εἴη,
439 3889 665 3969 ἄργυρον
722 3893 946 3970 εὗρίσκει
1003 3891 1221 3968 δόκιμόν
1253 3917 1310 3953 τε
1366 3896 1461 3952 καὶ
1523 3897 1923 3976 καθαρώτατον.

292 3980 528 4055 Νομίσας
601 3980 687 4037 οὖν
746 3983 1064 4058 πειράζοντα
1125 3983 1327 4058 μᾶλλον
1369 3985 1404 4052 ἢ
1453 3985 1778 4052 ἀληθεύοντα
1833 3989 1924 4044 τὸν

295 4068 595 4148 ναύκληρον
639 4070 778 4127 οὕτω
827 4069 1034 4148 δρᾶσαι,
1090 4072 1321 4145 ὠνείδιζε
1351 4078 1649 4154 παραστὰς,
1682 4079 1740 4134 Τί
1770 4078 1926 4134 τοῦτό

296 4181 380 4216 σοι
410 4159 711 4240 πέπρακται
753 4180 768 4233 ;
813 4159 982 4238 λέγῶν
1021 4181 1032 4195 ·
1081 4163 1167 4230 Μὴ
1227 4165 1328 4242 γὰρ
1357 4167 1460 4244 οὐχ
1489 4167 1668 4230 ἱκανὸς
1701 4169 1727 4222 6
1759 4167 1926 4246 μέχρι

1989 2003 2586 2076 Britannicas.Quem
2611 2002 2671 2065 in
2697 2004 2899 2066 locum
2923 2004 3642 2085 cumappulissent,inve-

1994 2095 2166 2154 niunt
2195 2093 2412 2154 famem
2438 2092 3180 2168 crudelissimam,famem
3202 2112 3338 2174 quae
3361 2093 3643 2158 homines

1993 2184 2154 2244 illius
2203 2183 2468 2261 regionis
2513 2188 2733 2244 misere
2796 2183 3178 2247 conficiebat.
3232 2185 3380 2246 Cum
3440 2194 3640 2247 autem

1995 2291 2202 2334 eorum
2227 2273 2560 2352 principem
2585 2273 3100 2346 convenissent,et
3123 2271 3197 2334 ab
3221 2274 3312 2334 eis
3336 2273 3640 2352 cognitum

1995 2362 2345 2442 esset,quod
2369 2361 2735 2423 frumentum
2755 2361 3286 2440 aﬁ'errent,magna
3312 2364 3430 2442 (10)
3457 2362 3641 2424 animi

1995 2451 2300 2513 alacritate
2320 2451 2567 2532 impleta
2589 2460 2679 2514 est
2695 2459 2815 2513 tota
2838 2453 3255 2531 civitas,eteos
3273 2470 3409 2514 cum
3432 2467 3644 2532 magna

1995 2542 2226 2621 accepit
2250 2542 2606 2622 laetitia,non
2629 2541 2760 2602 sine
2788 2543 2897 2604 Dei
2923 2541 3171 2603 numine
3197 2560 3302 2604 eos
3326 2541 3644 2604 advenisse

1997 2630 2455 2711 reputans.Cum
2486 2639 2687 2693 autem
2721 2630 3020 2694 insulares
3051 2639 3237 2694 totum
3269 2630 3640 2694 frumentum

1999 2721 2310 2796 emissent,
2346 2739 2450 2799 pro
2483 2720 2733 2782 dimidio
2761 2719 3000 2802 quidem
3037 2739 3244 2783 aurum
3280 2720 3641 2802 praebentes,

2003 2828 2105 2891 pro
2125 2811 2357 2888 reliquo
2388 2819 2584 2873 autem
2616 2825 2891 2873 stannum
2922 2810 3029 2891 (ita
3061 2813 3221 2872 enim
3256 2811 3414 2874 inter
3443 2821 3646 2874 utros-

2002 2917 2117 2980 que
2147 2901 2536 2978 convenerat)
2580 2910 2638 2961 et
2681 2909 2984 2963 mercator
3009 2901 3133 2980 jam
3165 2900 3418 2978 rediret,
3446 2901 3511 2962 ﬁt
3545 2920 3646 2964 res

2002 2989 2439 3070 quaedam,quae
2461 2989 2639 3068 digna
2659 2998 2772 3065 est,
2807 2990 2857 3051 si
2882 2990 3002 3051 ulla
3023 2989 3304 3071 alia,qum
3338 2991 3644 3054 memoria

2003 3079 2246 3159 quidem
2281 3090 2340 3140 et
2363 3079 2600 3160 scriptis
2624 3079 2941 3142 mandetur
2977 3080 3336 3144 :admittere
3358 3089 3557 3144 autem
3591 3089 3652 3144 et

1939 3215 1982 3272 ο
2007 3166 2280 3244 credere,
2318 3168 2433 3230 nisi
2465 3169 2834 3231 ﬁdelissimis
2864 3169 3523 3252 auribus,nequaquam
3558 3180 3653 3234 est

2006 3257 2204 3321 facile.

2047 3348 2360 3414 XVl.Cum
2382 3351 2542 3412 enim
2556 3352 2681 3431 jam
2707 3351 3052 3432 Decapolim
3083 3350 3132 3433 (t
3150 3352 3212 3431 1)
3236 3352 3656 3431 pervenissent

2007 3438 2700 3518 navigantes,nauclerus
2727 3441 2800 3504 de
2831 3459 2978 3503 nave
3010 3440 3554 3522 descendens,cum
3593 3441 3655 3502 in

2005 3529 2326 3610 quemdam
2361 3530 2673 3591 incidisset
2702 3530 2962 3592 amicum
3005 3539 3066 3591 et
3106 3531 3491 3608 familiarem,
3526 3540 3653 3593 arte

2002 3618 2339 3690 auriﬁcem,
2371 3618 2523 3679 datis
2555 3620 2610 3680 ei
2643 3620 3072 3700 quinquaginta
3119 3620 3290 3682 libris
3322 3639 3355 3682 e
3405 3630 3651 3698 stanno,

2005 3707 2162 3788 quod
2183 3716 2638 3788 acceperat,pro
2663 3727 2734 3769 eo
2756 3709 2987 3788 accepit
3009 3709 3411 3788 pretium.llle
3429 3719 3653 3783 autem,

2006 3815 2141 3858 cum
2193 3796 2252 3856 id
2286 3797 2461 3858 vellet
2489 3799 2624 3874 igne
2659 3798 3006 3878 probare,ut
3056 3797 3436 3878 sciretquale
3468 3808 3654 3873 esset,

2005 3887 2233 3949 invenit
2261 3895 2570 3966 argentum
2599 3886 2852 3968 probum
2877 3898 2938 3950 et
2964 3886 3662 3967 purissimum.Arbitra-

2011 3987 2102 4037 tus
2134 3976 2331 4056 itaque
2356 3979 2706 4038 nauclerum
2735 3977 2794 4037 id
2825 3979 3013 4056 magis
3043 3975 3336 4049 facere,ut
3369 3983 3651 4052 tentaret,

2009 4085 2187 4148 quam
2216 4065 2372 4147 quod
2398 4084 2599 4128 verum
2619 4085 2754 4128 esse
2774 4065 3488 4145 putaret,accedenseum
3518 4083 3664 4146 pro-

2013 4156 2136 4217 bris
2169 4166 2256 4216 est
2287 4155 2643 4230 insectatus,
2677 4156 2885 4218 dicens
2919 4177 2934 4216 :
2969 4155 3122 4228 Quid
3159 4156 3270 4218 hoc
3296 4164 3407 4218 ate
3437 4155 3662 4219 factum

294 4251 528 4328 τήμερον
589 4250 961 4308 πιστώσασθαι
1019 4254 1238 4333 χρόνος,
1292 4254 1437 4318 ὅπως
1503 4255 1707 4320 ἀδόλως
1767 4244 1911 4330 ἡμεῖ.

2018 4253 2157 4309 est?
2187 4246 2403 4308 Annon
2463 4245 2687 4307 sufﬁcit
2728 4255 2966 4326 tempus
3006 4245 3078 4309 ad
3112 4245 3292 4308 ﬁdem
3320 4244 3658 4309 faciendam

296 4341 416 4417 περὶ
473 4341 540 4396 τὰ
597 4339 1012 4420 συναλλάγματά
1060 4364 1144 4399 σοι
1189 4345 1568 4425 συγχρώμιθα,
1621 4347 1683 4402 σὺ
1732 4344 1786 4402 δὲ
1844 4349 1911 4425 Ξιρ·

2019 4354 2206 4416 usque
2222 4338 2278 4396 in
2295 4335 2656 4398 hodiernum
2681 4336 3032 4418 diem,quod
3051 4335 3181 4397 sine
3200 4335 3337 4397 dolo
3359 4353 3668 4398 versamur

301 4431 482 4508 γύριον
563 4432 650 4486 νῦν
733 4432 807 4495 ὡς
889 4432 952 4487 ἃν
1026 4423 1353 4507 ἐκπειράζων
1436 4423 1562 4492 ἀντί
1624 4423 1911 4515 κασσιτέροι

2018 4426 2080 4486 in
2110 4423 2566 4515 contractibus?
2596 4424 2687 4487 Tu
2714 4434 2912 4488 autem
2943 4445 3127 4515 nunc,
3162 4432 3374 4504 utpote
3399 4434 3666 4506 tentans,

295 4520 639 4600 κατέθηκας;
691 4522 886 4580 Αὐτίκα
949 4528 1077 4600 γοῦν
1139 4522 1224 4579 ἐπὶ
1267 4528 1343 4595 τῷ
1387 4524 1530 4602 λόγῳ
1574 4514 1911 4604 καταπλαγεὶ

2020 4524 2330 4596 argentum
2353 4514 2685 4596 deposuisti
2709 4534 2815 4595 pro
2839 4525 3076 4578 stanno.
3100 4514 3378 4604 Protinus
3403 4533 3569 4604 ergo,
3600 4533 3672 4578 eo

298 4612 328 4665 ὁ
361 4608 682 4689 ναύκληρος,
721 4613 818 4683 Οὐ,
881 4614 1064 4692 φησὶν,
1113 4613 1318 4690 ἑταῖρε,
1365 4614 1441 4688 μὰ
1497 4615 1597 4682 τὴν
1657 4603 1906 4682 ἀλάθειαν

2020 4605 2176 4688 quod
2192 4605 2425 4665 dixerat
2439 4605 2610 4666 obstu
2624 4605 2892 4685 pefactus
2909 4603 3671 4688 nauclerus:Nihil,inquit,

301 4697 449 4762 οὐδὲν
485 4700 557 4764 εἰς
619 4713 811 4777 πεῖραν
883 4704 1072 4777 ἡμεῖς,
1131 4702 1268 4759 ἀλλὰ
1327 4705 1635 4783 κασσίτερον
1695 4705 1906 4785 ἄντικρυ

2024 4715 2130 4777 per
2148 4695 2407 4775 ipsam,o
2429 4695 3158 4770 amice,veritatem,nihil
3181 4694 3440 4757 fecimus
3462 4705 3524 4756 ut
3549 4704 3677 4758 ten-

302 4786 430 4844 οἶδά
473 4809 556 4846 σοι
602 4790 924 4871 παρασχών,
979 4794 1035 4849 Εἰ
1074 4791 1130 4850 δὲ
1170 4794 1255 4850 καὶ
1301 4805 1422 4856 ταῖς
1470 4803 1563 4853 τοῦ
1605 4784 1908 4876 πατριάρχο

2026 4795 2288 4848 taremus
2322 4802 2336 4847 :
2375 4784 2481 4846 sed
2515 4784 2641 4846 scio
2678 4803 2772 4847 me
2805 4785 2911 4848 tibi
2959 4795 3236 4847 stannum
3271 4794 3480 4866 aperte
3514 4803 3673 4867 pras-

303 4879 498 4956 εὐχαῖς
523 4878 808 4959 ἀμειφθείη
843 4883 973 4958 πρὸς
1026 4881 1274 4960 ἄργυρον,
1329 4889 1483 4939 τούτο
1539 4882 1684 4948 ξένον
1744 4874 1888 4942 οὐδέν

2031 4874 2326 4938 buisse.Si
2349 4883 2545 4936 autem
2569 4876 2925 4955 patriarchae
2951 4876 3236 4958 precibus
3260 4883 3553 4936 mutatum
3588 4883 3680 4937 est

299 4965 504 5024 δυνατά
536 4970 636 5048 γὰρ
669 4970 854 5044 ἐκείνῴ
883 4978 1071 5051 ταῦτα,
1105 4973 1162 5034 ὃς
1208 4974 1295 5028 καὶ
1344 4971 1478 5051 ὕδωρ
1526 4974 1599 5037 εἷς
1661 4974 1810 5030 οἶνον
1860 4996 1911 5031 κε

2029 4968 2088 5027 in
2123 4973 2464 5043 argentum,
2502 4983 2622 5026 non
2657 4975 2745 5026 est
2777 4965 2890 5028 hoc
2918 4984 3132 5028 novum
3165 4973 3224 5026 et
3253 4963 3541 5025 alienum.
3571 4961 3679 5024 Ille

305 5060 380 5124 εἷς
432 5057 576 5133 αἷμα
633 5059 795 5115 πάλιν
853 5058 1044 5118 ἄλλοτε
1104 5060 1524 5136 μεταϐέϐληκεν.
1577 5063 1692 5120 Ἵνα
1749 5063 1803 5120 δὲ
1861 5088 1911 5122 κς

2032 5055 2191 5116 enim
2226 5055 2348 5116 haec
2387 5063 2584 5134 potest
2615 5054 2716 5136 qui
2771 5073 2987 5137 aquam
3023 5055 3084 5117 in
3122 5055 3350 5128 vinum,
3379 5061 3438 5114 et
3467 5068 3682 5113 rursus

308 5150 524 5204 αὐτόθεν
581 5147 675 5215 εἵη
733 5171 818 5206 σοι
877 5152 937 5206 τὸ
996 5159 1298 5231 πιστεῦσαι,
1333 5153 1404 5214 εἰς
1459 5153 1519 5208 τὸ
1558 5150 1752 5210 πλοῖον
1783 5152 1911 5230 ὲμϐἂ

2032 5146 2357 5227 aliquando
2379 5165 2508 5207 eam
2532 5154 2574 5222 (4
2591 5145 2913 5210 2ιωιιιενὶι
2933 5142 3682 5226 insanguinem.Utautem

307 5239 395 5294 καὶ
448 5238 511 5293 1:6
547 5236 672 5293 ὅλον
728 5241 800 5304 ὡς
846 5239 964 5320 ἔχει
1022 5241 1228 5319 φύσεως
1286 5242 1682 5315 καταμάνθανε.
1737 5245 1836 5300 Καὶ
1892 5245 1911 5299 ἓ

2003 5283 2007 5288 ι
2033 5238 2124 5301 vel
2148 5236 2289 5298 hinc
2316 5235 2509 5314 possis
2536 5236 3083 5311 credere,ascende
3105 5236 3164 5297 in
3184 5252 3394 5296 navem
3416 5242 3475 5296 et
3492 5239 3681 5294 totum

311 5325 563 5384 εἰσελθὼν
618 5329 843 5406 εὑρίσκει
894 5331 991 5387 καί
1021 5332 1176 5400 αὐτὸν
1209 5334 1479 5410 ἐμφανῶς,
1511 5331 1693 5408 ὥσπερ
1749 5331 1817 5400 δὴ
1865 5357 1911 5391 κε

2033 5328 2200 5389 disce
2231 5326 2572 5405 cujusmodi
2603 5326 2683 5388 sit
2738 5336 2984 5389 naturai.
3039 5325 3147 5387 Ille
3178 5341 3325 5386 vero
3353 5323 3683 5403 ingressus,

309 5417 402 5498 ἦν,
446 5416 670 5496 ἄργυρον
728 5420 1126 5498 καθαρώτατον.
1198 5411 1255 5480 Ὀ
1314 5421 1609 5502 ναύκληρος
1667 5421 1721 5478 δὲ
1778 5424 1911 5482 πάντ

2032 5425 2236 5498 aperte
2267 5416 2499 5477 invenit
2529 5416 2918 5497 ipsum,sicut
2949 5423 3100 5485 erat,
3140 5421 3452 5495 argentum
3488 5410 3689 5493 puris-

384 5543 496 5612 (10)
526 5541 609 5601 lta
637 5542 1006 5610 EGentianus,
1058 5543 1129 5603 ad
1188 5545 1320 5602 Mss.
1355 5543 1414 5601 id
1440 5543 1692 5604 referunt
1728 5547 1799 5606 de
1833 5547 1957 5609 solo

315 5613 591 5698 principe
621 5614 786 5698 illius
819 5613 962 5698 loci,
995 5635 1174 5698 quem
1205 5621 1415 5692 πρῶτον
1446 5624 1681 5698 vocant.

387 5695 610 5774 (“fita
643 5695 770 5774 Mss].
806 5695 1033 5768 Graeca,'
1058 5711 1126 5755 ac
1153 5696 1428 5756 Leontius
1455 5697 1814 5776 Pentapolim.

2113 5551 2228 5622 (12)
2271 5550 2622 5623 Geutianus,
2673 5549 2752 5623 id,
2789 5550 2952 5623 quasi
3014 5547 3212 5606 vinum
3249 5549 3307 5623 in
3344 5547 3690 5623 sanguinem

2041 5621 2330 5683 mutatum
2371 5621 2542 5680 dicat.
2577 5623 2705 5680 Mss.
2742 5621 2923 5692 ipéam
2982 5622 3297 5692 aquamrin
3345 5621 3692 5692 sanguinem

2045 5702 2324 5754 mutatam
2357 5693 2595 5762 habent,
2627 5691 2784 5767 quod
2811 5691 3050 5751 scilicet
3068 5691 3252 5750 Exodi
3282 5702 3364 5749 xn
3396 5691 3690 5750 narratur.
