4098 6202
474 304 584 375 911

1766 314 2050 380 MENSIS
2088 315 2123 379 J
2126 312 2234 382 AN
2238 312 2552 381 UARIUS.

3720 310 3829 382 9l‘2

470 444 709 537 simum.
772 446 1100 537 Naﬁclerus
1150 456 1350 512 autem
1408 464 1542 512 cum
1573 449 1779 512 omnia
1806 450 2004 513 statim
2037 449 2089 513 al

2196 453 2341 518 εὒθὺς
2371 454 2435 511 τὰ
2477 453 2573 511 ἀπ’
2615 454 2795 535 ἀρχῆς
2851 456 2978 537 ἄχρι
3036 456 3132 513 καὶ
3175 453 3357 519 τέλους
3406 452 3824 531 έξηγησάμενος,

470 534 648 600 initio
678 554 866 618 usque
895 537 967 600 ad
993 536 1173 599 ﬁnem
1201 539 1594 619 exposuisset,
1615 537 1688 601 ad
1720 538 1970 620 gloriam
2003 540 2114 605 Dei

472 631 532 686 et
552 624 791 688 laudem
815 624 1305 708 patriarchae,qui
1336 626 1445 691 fuit
1473 628 1527 691 ei
1558 627 1945 709 gratiﬁcatus,
1973 649 2110 692 om-

467 730 577 775 nes
627 715 896 777 evocavit
949 713 1279 780 auditores.
1329 714 1446 780 Sed
1508 718 1881 799 pergendum
1914 728 2004 783 est
2033 721 2109 783 ad

465 810 820 884 sequentem
853 804 1285 869 narrationem.

502 890 671 957 XVII
677 892 786 956 .Ad
804 912 1082 972 magnum
1101 895 1422 978 aliquando
1446 906 1686 961 euntem
1701 897 1772 961 ad
1788 899 2108 963 ecclesiam

462 981 697 1044 accedit
723 984 965 1065 quidam
996 984 1346 1064 nobilis,cni
1371 987 1535 1050 fures
1566 1007 1717 1069 quas
1747 988 2002 1052 habebat
2023 989 2105 1052 fa-

461 1072 715 1137 cultates
740 1074 1145 1156 diripuerant,
1181 1084 1240 1139 et
1269 1078 1370 1159 qui
1397 1078 1484 1140 sic
1510 1087 1639 1140 erat
1670 1078 1744 1141 ad
1774 1088 2100 1142 extremam

457 1162 739 1227 redactus
776 1174 1188 1249 paupertatem
1224 1186 1238 1227 :
1276 1166 1446 1248 cujus
1474 1167 1938 1249 misertus,quaa
1981 1176 2103 1231 tam

458 1250 627 1315 brevi
650 1261 923 1336 tempore
942 1255 1697 1337 acciderat,inopias,jussit
1712 1257 1767 1321 ei
1781 1257 1911 1319 dari
1928 1258 2107 1337 quin-

463 1341 655 1406 decim
707 1345 890 1408 libras
945 1347 1098 1410 auri.
1133 1345 1239 1409 llle
1269 1355 1497 1421 autem,
1533 1347 1634 1428 qui
1676 1349 1879 1426 jussus
1907 1348 2106 1413 fuerat

460 1430 851 1514 dare,partim
878 1434 1123 1517 quidem
1152 1435 1376 1498 cedens
1404 1435 1853 1512 inobedlentim,
1888 1440 2103 1518 partim

458 1528 660 1585 autem
686 1524 1057 1605 suggestioni
1090 1544 1321 1607 eorum,
1348 1527 1450 1608 qui
1480 1526 1984 1590 administrabant
2009 1549 2108 1593 res

457 1610 1050 1698 Ecclesie,tanquam
1075 1634 1197 1678 non
1214 1624 1417 1679 essent
1439 1616 1626 1679 multa
1640 1616 2108 1700 reliqua,utpote

460 1703 622 1784 quod
655 1705 921 1767 nesciret
949 1724 1203 1783 magnus
1226 1704 1491 1769 Joannes
1514 1706 1860 1770 thesaurum
1882 1726 2105 1772 recon-

2196 543 2268 608 εἰς
2324 540 2475 609 δόξαν
2519 547 2673 627 Θεοῦ,
2721 544 2939 603 ἔπαινόν
2981 566 3037 601 τε
3095 550 3188 602 τοῦ
3244 545 3387 617 αὑτῳ
3441 542 3826 623 κεχαρισμένου

2194 632 2552 715 πατριάρχου,
2603 636 2726 699 τοὺς
2779 635 3043 711 ἀκροατὰς
3075 635 3274 696 πάντας
3305 632 3679 699 ὶξεκαλέσατο·
3713 631 3824 690 ἀλλ’

2194 720 2279 778 ἐπὶ
2310 722 2376 779 τὰ
2400 728 2499 792 τῆς
2534 724 2656 794 ἑξῆς
2684 723 2825 782 ίτέον
2854 724 2952 794 τῆς
2984 723 3309 801 διηγήσεως.

2272 901 2381 964 IZ’.
2427 904 2667 960 Ἀπιόντι
2725 907 2802 979 τῷ
2856 902 3259 982 μεγάλῳ,ποτέ
3306 903 3435 975 πρὸς
3481 904 3580 970 τὴν
3625 902 3822 967 ἆκκλη-

2190 990 2329 1071 σίαν,
2362 992 2605 1066 πρόσεισί
2633 1015 2713 1056 τις
2771 998 2877 1051 τῶν
2921 993 3149 1072 εὖγενῶν
3204 994 3306 1049 ὑπὸ
3336 990 3582 1049 κλεπτῶν
3610 992 3677 1049 τὰ
3705 990 3823 1048 ὄντα

2186 1077 2661 1157 διασεσυλημένος,
2720 1084 2809 1139 καὶ
2902 1083 3071 1140 πάντα
3133 1083 3265 1161 πρὸς
3335 1082 3581 1161 ὶσχάτην
3650 1081 3823 1137 πενίαν

2189 1168 2488 1237 συνελαθείς
2523 1188 2537 1203 '
2574 1172 2631 1229 ὃν
2664 1170 2890 1242 ἐλεήσας
2921 1174 3019 1239 τῆς
3046 1174 3105 1228 Iw
3136 1173 3338 1252 βραχεῖ
3368 1173 3569 1238 ταύτης
3602 1168 3820 1244 Melas,

2188 1258 2569 1342 πεντεκαίδεκα
2623 1262 2845 1342 χρυσίου
2899 1261 3077 1339 λίτρας
3150 1259 3367 1327 δοθῆναί
3435 1264 3483 1317 οἱ
3553 1258 3823 1317 διεκελεύ·

2189 1372 2345 1423 σατρ.
2394 1341 2453 1409 Ὀ
2497 1341 2679 1427 μέντοι
2736 1350 2910 1409 δοῦναι
2982 1351 3472 1430 προστεταγμένος,
3516 1358 3670 1410 τοῦτο
3730 1349 3823 1425 μὶν

2187 1442 2436 1518 παρακοῇ
2491 1438 2662 1521 εἴξας,
2715 1448 2869 1499 τοῦτο
2924 1439 2980 1497 δὲ
3050 1442 3145 1497 καί
3188 1438 3429 1517 ὑποϐολῇ
3470 1446 3575 1495 τῶν
3620 1441 3687 1494 τὰ
3730 1438 3822 1505 τῆς

2192 1528 2513 1597 Ἐκκλησίας
2572 1529 3109 1607 διοικονομουμένων,
3170 1531 3243 1594 ὡς
3291 1530 3369 1605 μὴ
3418 1527 3632 1586 πολλῶν
3663 1526 3825 1584 ὄντων

2187 1618 2296 1675 τῶν
2332 1617 2833 1700 ὑπολελειμμένων,
2861 1620 2956 1677 ἅτε
3004 1625 3093 1676 τοὺ
3121 1618 3360 1697 μεγάλου
3391 1619 3469 1693 μὴ
3499 1618 3826 1695 θησαυρίζειν

2189 1708 2571 1790 ἑπισταμένου,
2617 1710 2774 1768 πέντε
2837 1712 3002 1784 μόνας
3069 1716 3144 1784 τῳ
3200 1706 3437 1775 δεηθέντι
3495 1706 3823 1786 παρέσχετο.

460 1791 895 1875 dere,pr:ebuit
917 1794 1186 1877 quinque
1205 1795 1364 1859 solas
1385 1795 1443 1858 ei
1463 1797 1567 1877 qui
1588 1807 1898 1877 rogaverat
1928 1800 2089 1862 Beatt

2190 1794 2415 1864 Ἐξιόντι
2477 1798 2533 1856 δὲ
2588 1801 2667 1874 τῷ
2723 1799 2967 1878 μακαρίῳ
3026 1799 3118 1867 τῆς
3183 1796 3495 1871 έκκλησίας,
3558 1797 3693 1874 γυνή
3755 1816 3830 1860 τις

457 1890 656 1945 autem
689 1883 900 1946 Joanni
929 1904 999 1947 ex
1023 1884 1280 1948 ecclesia
1300 1886 1657 1965 egredienti,
1694 1888 1915 1951 mulier
1935 1908 2089 1971 quaa‘

2187 1890 2337 1967 χήρα
2395 1888 2533 1946 πάνυ
2575 1887 2775 1968 σφόδρα
2818 1888 3065 1964 πλουσία,
3106 1887 3322 1968 χάρτην
3386 1888 3532 1960 αὖτῷ
3589 1885 3829 1964 έγχειρί.

460 1971 595 2034 dam
628 1973 810 2037 vidua
841 1974 1163 2036 admodum
1195 1976 1382 2051 dives,
1419 1977 1471 2039 ei
1504 1976 1688 2039 tradit
1715 1977 2007 2054 chartam,
2040 1979 2100 2040 in

459 2080 579 2144 qua
598 2063 889 2145 scriptum
911 2064 1271 2127 eratdonnm
1296 2067 1757 2147 quingentarum
1783 2067 2097 2131 librarum.

457 2149 645 2225 Quam
674 2171 809 2217 cum
844 2154 1113 2235 legisset,
1146 2155 1441 2218 intellexit
1470 2174 1542 2218 ex
1587 2174 1679 2235 ea,
1711 2176 1845 2239 quas
1874 2159 1933 2220 in
1964 2158 2096 2240 ipso

455 2240 786 2319 habitabat,
820 2243 1028 2324 gratia,
1056 2244 1115 2306 id
1142 2244 1298 2325 quod
1317 2263 1437 2306 non
1464 2244 1657 2308 fuerat
1672 2246 1889 2309 factum
1918 2256 2097 2329 prout

445 2332 818 2412 jusserat,de
840 2333 1889 2417 diminutione,inquam,quindecim
1908 2336 2094 2402 libra-

451 2439 584 2485 rum
608 2424 760 2487 auri.
784 2422 931 2487 Cum
960 2441 1065 2487 eos
1089 2441 1254 2503 ergo,
1289 2425 1391 2505 qui
1421 2423 1482 2487 id
1510 2424 1803 2499 fecerant,
1827 2427 2092 2490 accersi-

448 2512 649 2595 visset,
681 2514 755 2577 de
778 2532 849 2577 eo
871 2513 1250 2577 examinavit.
1278 2514 1424 2577 Cum
1446 2513 1489 2577 ii
1511 2524 1711 2579 autem
1736 2516 1812 2578 de
1832 2534 1899 2578 re
1927 2526 2093 2597 gesta

452 2604 694 2666 mentiri
740 2612 1125 2679 conarentur,
1159 2609 1218 2665 et
1238 2623 1358 2665 non
1375 2603 1570 2666 solum
1591 2606 1652 2666 in
1675 2625 1744 2667 re
1765 2607 1952 2688 prius,
1982 2607 2090 2670 sed

447 2694 622 2756 etiam
657 2693 983 2755 mendaces
1004 2694 1295 2756 exsistere
1315 2692 1377 2754 in
1400 2711 1707 2777 sermone,
1730 2713 1802 2757 eo
1835 2696 1965 2777 ipso
1986 2696 2089 2777 qui

439 2792 749 2863 rogaverat
770 2782 1229 2864 accersito,cum
1246 2782 1603 2846 rescivisset
1624 2803 1760 2845 eum
1784 2785 2089 2866 accepisse

450 2875 611 2935 solas
643 2872 907 2953 quinque
937 2872 1120 2935 libras
1140 2871 1295 2946 auri,
1325 2874 1656 2935 ostendens
1676 2872 1799 2935 illis
1819 2874 2087 2936 chartam

444 2961 757 3024 mulieris:
792 2962 842 3023 A
870 2960 1062 3037 vobis,
1097 2962 1315 3043 inquit,
1349 2961 1640 3024 Dominus
1657 2971 1749 3024 est
1770 2972 2088 3027 exacturus

438 3050 585 3113 alias
606 3050 793 3113 mille.
827 3051 891 3112 Si
914 3051 1074 3112 enim
1098 3069 1199 3112 vos
1221 3049 1566 3132 quindecim
1602 3051 1881 3127 libras,ut
1907 3072 1940 3115 a
1969 3072 2085 3115 no-

2184 1983 2287 2050 ζει,
2324 1981 2370 2051 ᾧ
2425 1975 2595 2057 δωρεὰ
2638 1980 2861 2058 χρυσίου
2918 1978 3281 2035 πεντακοσίων
3313 1975 3507 2054 λιτρῶν
3564 1973 3827 2053 έγγέγρα-

2183 2089 2308 2141 πτο,
2355 2066 2413 2123 ὃν
2457 2066 2694 2124 έπελθὼν
2736 2072 2899 2133 συνῆν
2943 2068 3045 2123 ὑπὸ
3087 2070 3187 2132 τῆς
3260 2068 3402 2140 αὑτῷ
3458 2065 3825 2131 ὶνσκηνούσης

2181 2158 2428 2237 χάριτος,
2476 2157 2503 2212 ὅ
2536 2158 2614 2233 μὴ
2659 2157 2794 2214 κατὰ
2821 2158 2883 2212 τὸ
2941 2154 3358 2232 ἐπιτεταγμένον
3385 2152 3475 2211 ὑπ’
3521 2155 3683 2210 αὑτοῦ
3728 2154 3823 2231 γέ-

2177 2267 2351 2325 γονεν,
2386 2247 2481 2304 ἐπὶ
2512 2245 2581 2322 τῇ
2628 2245 2805 2327 ὑφέσει
2848 2243 3020 2312 δήπου
3064 2251 3170 2303 τῶν
3199 2244 3357 2301 πέντε
3390 2245 3478 2301 καὶ
3505 2241 3634 2299 δέκα
3676 2264 3818 2322 χρυ-

2176 2338 2290 2394 σίου
2332 2335 2550 2416 λιτρῶν.
2594 2338 2727 2397 Τοὺς
2789 2335 2880 2391 οὖν
2935 2333 3379 2416 διενεργήσαντας
3439 2330 3818 2408 μετακαλεσά-

2177 2447 2337 2501 μενος
2364 2415 2528 2497 ἤταζε
2560 2426 2677 2502 περὶ
2703 2426 2916 2487 τούτου.
2952 2415 3043 2486 Ὠς
3072 2422 3126 2480 δὲ
3157 2423 3304 2481 αὑτοὶ
3358 2430 3453 2482 τοῦ
3494 2424 3818 2503 πεπραγμέ-

2176 2538 2265 2572 νου
2351 2514 2769 2591 καταψεύδεσθαι
2844 2513 3158 2594 ἐπειρῶντο,
3240 2514 3333 2570 καὶ
3393 2514 3650 2592 πρότερον
3700 2517 3819 2593 περὶ

2171 2605 2233 2661 τὸ
2262 2610 2483 2683 πρᾶγμα
2515 2607 2702 2682 μόνον,
2748 2603 2870 2661 ἀλλ’
2912 2602 3017 2671 ἤδη
3044 2605 3131 2661 καὶ
3179 2604 3299 2681 περῖ
3342 2605 3434 2660 τὸν
3472 2602 3636 2681 λόγον
3678 2605 3817 2679 ψεύ-

2173 2716 2301 2761 στας
2331 2697 2587 2773 γίνεσθαι,
2620 2696 2779 2755 αὐτὸν
2838 2696 2925 2751 τὸν
2982 2691 3235 2761 δεηθέντα
3293 2693 3816 2769 μεταπεμψάμενος,

2170 2785 2259 2841 καὶ
2290 2785 2472 2861 μαθὼν
2503 2782 2585 2840 ὅτι
2652 2783 2809 2842 πέντε
2854 2783 3020 2859 μόνας
3077 2781 3284 2865 εἰλήφει
3330 2781 3512 2861 λίτρας
3570 2785 3820 2862 χρυσίου,

2170 2874 2264 2930 τὸν
2304 2875 2405 2940 τῆς
2450 2876 2700 2953 γυναικὸς
2744 2873 2953 2952 χάρτην
3000 2872 3223 2936 ἓκείνοις
3280 2869 3661 2948 ὑποδεικνύων,
3725 2871 3817 2937 Ἐξ

2168 2961 2349 3038 ἡμῶν,
2384 2962 2510 3042 ἔφη,
2569 2963 2749 3043 Κύριος
2799 2963 2892 3028 τὰς
2923 2961 3104 3041 ἑτέρας
3135 2961 3319 3042 χιλίας
3365 2960 3620 3019 ἀπαιτεῖν
3674 2960 3817 3035 μέλ-

2169 3050 2276 3112 λει.
2311 3055 2369 3110 El
2412 3053 2512 3132 γὰρ
2535 3053 2694 3128 ὑμεῖς
2725 3053 2821 3117 τὰς
2849 3051 3011 3110 πέντε
3041 3053 3130 3110 καὶ
3162 3049 3289 3109 δέκα
3350 3049 3558 3129 λίτρας,
3618 3051 3692 3114 ὥς
3752 3072 3811 3129 γε

437 3138 847 3239 bis-statutum
883 3139 1186 3239 fuerat;ei
1215 3139 1313 3219 qui
1349 3148 1612 3239 rogarat
1642 3140 2077 3239 praabuissetis,

2178 3139 2415 3221 Βιώριστο
2456 3142 2584 3222 παρ’
2627 3144 2809 3239 igva,
2867 3145 2945 3217 τῷ
3001 3139 3239 3239 δεηθέντι
3268 3141 3566 3239 παρέχετε,
3602 3139 3811 3239 ¹χιλίας

441 3229 606 3291 mille
626 3237 684 3290 et
701 3228 1060 3308 quingentas
1076 3226 1200 3293 Deo
1223 3227 1579 3310 praebuisset
1600 3228 1839 3294 mulier.
1864 3229 1939 3295 Ut
1968 3249 2081 3294 au-

2178 3231 2252 3288 ιαὶ
2302 3231 2654 3296 πεντακοσίας
2698 3228 2762 3287 ἂν
2822 3231 2908 3287 καὶ
2944 3232 2978 3298 ἡ
3030 3230 3165 3311 γυνὴ
3204 3235 3283 3305 τῷ
3325 3228 3442 3304 Θεῷ
3479 3228 3756 3309 παρέσχεν
3790 3244 3805 3259 ·

437 3326 556 3379 tem
586 3316 759 3380 factis
779 3317 928 3379 ﬁdes
946 3316 1049 3378 ﬁat
1063 3317 1194 3396 ejus
1216 3317 1374 3399 quod
1397 3316 1565 3380 vobis
1582 3328 1673 3381 est
1696 3320 2074 3396 incredibile,

437 3408 732 3471 accersite
756 3406 925 3484 mihi,
960 3405 1178 3489 inquit,
1214 3407 1368 3469 hanc
1400 3408 1555 3489 piam
1591 3408 1933 3472 mulierem.

517 3496 878 3563 XVIII.Cum
904 3516 975 3560 ea
994 3505 1192 3559 autem
1215 3499 1588 3575 accessisset,
1615 3507 1672 3560 et
1694 3517 1904 3561 aurum
1930 3518 2073 3581 pro-

435 3589 684 3651 missum
716 3586 1013 3650 attulisset
1048 3605 1062 3649 :
1114 3587 1221 3649 Dic
1283 3587 1452 3663 mihi,
1486 3588 1680 3667 inquit
1712 3589 2069 3669 patriarcha,

430 3697 508 3741 an
538 3687 762 3741 tantum
798 3678 1064 3759 pecuniae
1105 3677 1419 3740 statuisses
1447 3675 1571 3739 Deo
1596 3678 1818 3740 offerre
1847 3676 1921 3741 ab
1950 3679 2072 3741 ini-

435 3767 566 3832 tio?
597 3769 699 3832 [lla
729 3786 867 3831 vero
898 3786 1034 3830 cum
1064 3768 1360 3830 sensisset
1388 3766 1556 3830 illum
1587 3787 1708 3830 non
1739 3768 1989 3832 latuisse
2012 3770 2071 3834 id

430 3862 589 3942 quod
622 3878 896 3922 seorsum
928 3856 1006 3921 ab
1040 3875 1112 3919 ea
1140 3857 1357 3920 factum
1397 3857 1611 3934 fuerat,
1657 3878 1872 3939 magno
1903 3871 2070 3923 metu

427 3958 729 4032 correpta,
802 3949 1150 4010 universum
1206 3966 1487 4010 arcanum
1553 3949 1907 4025 enuntiavit,
1975 3949 2071 4012 dio

427 4057 572 4101 cens
600 4056 615 4100 :
652 4040 910 4114 Revera,
934 4037 1384 4117 Domine,mille
1415 4049 1473 4101 et
1503 4038 1860 4121 quingentas
1889 4038 2072 4102 libras

429 4127 790 4208 scripseram
851 4128 914 4190 in
964 4128 1174 4190 charta
1235 4127 1344 4189 tibi
1399 4128 1554 4190 data.
1593 4130 1810 4191 Paucis
1866 4139 2067 4191 autem

426 4224 565 4298 post
592 4216 810 4278 diebus
840 4235 976 4279 cum
1036 4235 1168 4279 eam
1227 4216 1603 4294 evolvissem,
1638 4218 1844 4281 inveni
1877 4219 2064 4295 mille,

306 4292 319 4307 ’
426 4292 633 4368 nescio
663 4326 780 4389 quo
811 4306 990 4369 modo
1022 4325 1129 4369 sua
1179 4315 1390 4389 sponte
1418 4292 1668 4371 deletas.
1701 4307 1855 4370 Hinc
1889 4292 2065 4388 judié

419 4396 548 4459 cavi
576 4398 703 4460 Deo
752 4397 1000 4459 omnino
1053 4415 1173 4459 non
1240 4397 1499 4477 placere,
1537 4407 1600 4460 ut
1653 4398 1858 4479 plures
1886 4400 2065 4478 quin-

2161 3318 2255 3376 ’ίνα
2296 3317 2353 3376 δὶ
2396 3321 2485 3377 καὶ
2523 3319 2700 3400 ἔργοις
2730 3320 3022 3388 πιστωθείη
3077 3320 3139 3377 τὸ
3188 3320 3337 3396 ὑμῶν
3390 3318 3637 3393 ἄπιστον,
3697 3341 3805 3376 κα-

2161 3407 2309 3466 λεῖτέ
2340 3430 2459 3484 μοι,
2482 3408 2613 3490 ἔφη,
2643 3410 2742 3477 τὴν
2783 3408 3004 3489 Θεοφιλῆ
3034 3408 3232 3476 ταύτην
3263 3420 3515 3487 γυναῖκα.

2241 3498 2362 3561 ΙΗ’.
2409 3505 2488 3576 Τῇ
2516 3497 2569 3556 δὲ
2601 3498 2916 3578 παραστάσῃ
2972 3499 3061 3555 καὶ
3105 3499 3164 3555 τὸ
3202 3496 3529 3577 ἒπαγγελθὶν
3581 3502 3805 3578 χρυσίον

2156 3588 2617 3666 διακομισαμένη,
2689 3590 2818 3647 Eius
2875 3611 2994 3665 μοι⁹
3054 3586 3157 3668 ἔφη
3222 3591 3249 3645 ὁ
3328 3587 3694 3668 πατριάρχης,
3756 3589 3805 3645 εἰ

2159 3680 2385 3735 τοσαῦτα
2438 3682 2518 3753 τῷ
2589 3684 2705 3753 Θεῷ
2747 3678 3008 3758 χρήματα
3049 3676 3109 3733 ἐκ
3150 3677 3371 3757 πρώτης
3415 3675 3581 3756 ἔγνως
3625 3697 3801 3756 προσ-

2155 3781 2421 3848 ενεγκεῖν,
2467 3768 2542 3825 ’Ἦ
2587 3765 2641 3824 δὲ
2698 3770 2772 3832 ὡς
2826 3769 3019 3844 ᾑσθετο
3078 3767 3159 3844 μὴ
3216 3764 3464 3824 διαλαθὸν
3517 3769 3727 3823 ἱκεῐνον
3770 3766 3803 3822 ὃ

2154 3860 2289 3914 κατὰ
2349 3857 2518 3933 μόνας
2578 3859 2712 3934 αὑτῇ
2767 3856 3066 3936 πέπρακτο,
3127 3854 3233 3913 δέει
3280 3853 3468 3930 πολλῷ
3523 3854 3801 3936 ληφθεῖσι

2153 3954 2261 4005 πᾶν
2315 3948 2377 4006 τὸ
2420 3944 2723 4026 ἀπόῤῥητον
2753 3945 3124 4027 έξηγόρευσεν,
3168 3945 3459 4005 έπειποῦσα
3501 3946 3600 4018 ὡς,
3660 3954 3803 4009 Ταῖς

2153 4036 2452 4119 ἀληθείαις,
2484 4035 2734 4111 δέσποτα,
2770 4036 2951 4117 χιλίας
2978 4037 3067 4093 καὶ
3096 4035 3452 4099 πεντακοσίας
3496 4032 3679 4114 )ίτρας
3725 4041 3805 4109 τῷ

2151 4125 2444 4185 ὶπιδοθέντι
2493 4148 2577 4185 σοι
2660 4126 2839 4207 χάρτῃ
2913 4125 3230 4205 ἱγγράψασα
3288 4122 3380 4192 ἦν.
3443 4121 3686 4203 ὀλίγαις
3746 4122 3805 4180 δί

2151 4216 2407 4293 πρότερον
2463 4217 2692 4296 ἡμέραις
2749 4213 3032 4282 ἆνελίξασα
3074 4224 3283 4292 τοῦτον,
3314 4214 3412 4278 τὰς
3471 4211 3656 4295 χιλίας
3700 4214 3805 4271 οὑκ

2150 4302 2256 4363 οἷδ’
2299 4304 2447 4371 ὅπως
2500 4308 2648 4385 εὗρον
2704 4304 2841 4362 κατὰ
2889 4306 2951 4362 τὸ
2985 4304 3282 4381 αὐτόματον
3310 4301 3793 4381 ἀπαληλιμμένας’

2149 4395 2427 4454 κάντεῦθεν
2474 4393 2654 4473 ἔκρινα
2710 4396 2790 4472 μὴ
2830 4391 3018 4453 δοκοῦν
3072 4394 3216 4451 εἶναι
3273 4399 3353 4468 τῷ
3404 4399 3520 4468 Θεῷ
3575 4393 3797 4458 πάντως

419 4485 614 4566 gentis
643 4484 814 4549 libris
845 4487 1148 4550 offerrem.
1209 4484 1349 4549 Haec
1397 4486 1539 4563 illis,
1595 4487 1695 4567 qui
1723 4487 2089 4567 audierant,

2178 4484 2341 4543 πλεῖόν
2399 4505 2467 4562 με
2538 4488 2647 4542 τῶν
2706 4483 3069 4541 πεντακοσίων
3140 4495 3547 4562 προσενεγκεῖν.
3611 4488 3795 4541 Ταῦτα

422 4556 704 4656 magnum
736 4588 956 4640 metum
989 4577 1332 4657 injecerunt
1360 4597 1375 4641 :
1410 4585 1468 4639 et
1496 4556 1859 4639 accedentes
1881 4559 2089 4641 simul;

2178 4574 2366 4639 κείνοις
2402 4556 2691 4652 duodenm,
2750 4571 2915 4631 πολὺν
2988 4556 3291 4646 έμϐέόληκε
3335 4556 3500 4652 φδὸον
3555 4572 3633 4635 είς
3689 4572 3794 4641 τὴν

420 4666 496 4728 ad
530 4666 715 4747 pedes
745 4667 950 4746 magni
978 4665 1252 4741 Joannis,
1286 4671 1590 4749 petierunt
1621 4676 1685 4728 ut
1710 4666 1826 4729 sibi
1858 4673 2061 4729 remit-

2178 4665 2352 4745 ὐχῆν,
2386 4664 2483 4722 καῖ
2511 4662 2907 4744 προσπεσόντες
2935 4661 3049 4738 ἅμα
3090 4675 3211 4727 τοῖς
3244 4663 3370 4720 ποσὶ
3396 4668 3491 4721 τοῦ
3518 4660 3788 4740 μεγάλου,

417 4765 650 4819 teretur
680 4765 989 4839 peccatum
1023 4755 1471 4819 lnobedientiaa.
1495 4754 1586 4817 Illi
1615 4764 1809 4818 autem
1843 4752 2061 4819 Christi

2178 4754 2395 4835 φεθῆναι
2444 4754 2654 4819 τούτοις
2706 4765 2770 4809 το
2822 4752 3118 4831 ἁμάρτημα
3161 4752 3259 4822 τῆς
3302 4755 3584 4832 παρακοῆς
3632 4752 3785 4819 ᾔτη-

416 4848 643 4910 amanti
701 4846 893 4908 vidua)
950 4845 1198 4908 multam
1255 4863 1290 4908 a
1343 4843 1467 4908 Deo
1534 4855 1817 4928 precatus
1866 4845 2052 4909 bene-

2178 4864 2320 4902 αντο.
2357 4849 2437 4922 Τῇ
2466 4844 2647 4921 μέντοι
2700 4839 3035 4922 φιλοχρίστῳ
3075 4840 3290 4907 πολλὴν
3344 4840 3454 4898 ἀπὸ
3500 4846 3635 4928 Θεοῦ
3679 4843 3785 4908 τὴν

418 4936 769 5017 dictionem,
803 4934 1033 5000 dimisit
1089 4934 1302 5000 beatus
1330 4927 1617 5013 Joannes,
1650 4942 1715 4997 ut
1766 4934 1959 4999 abiret
1987 4933 2052 4999 in

2178 4931 2381 5013 ὃλογίαν
2407 4932 2766 5010 ἔπευξάμενος
2791 4932 2820 4989 ὁ
2863 4931 3148 5011 μακάριος,
3195 4929 3402 5011 ἀφῆκεν
3442 4927 3701 4988 ἀπελθεῖν
3726 4930 3790 4986 έν

410 5044 582 5109 pace.

2133 5024 2343 5104 εἰρήνῃ.

2185 5181 2284 5252 IV.

1207 5296 1476 5363 Abunde
1499 5184 2157 5381 ειιῡπιίηἰειναῗαῒῖυιιέ
2185 5184 2539 5378 gryirelur
2562 5291 2959 5376 pauperibus.

490 5404 650 5470 XIX.
684 5405 837 5471 Huic
888 5405 1173 5470 muniﬁco
1217 5404 1418 5469 animo
1449 5414 1509 5471 et
1540 5404 1742 5468 manui
1773 5405 2049 5470 invidens

2211 5404 2317 5467 18'.
2377 5401 2559 5478 Τούτῳ
2612 5403 2713 5469 τῆς
2769 5399 3148 5481 μεγαλοδώρου
3207 5401 3406 5470 ταύτης
3451 5398 3542 5460 καὶ
3568 5420 3772 5480 προαι-

410 5496 709 5575 malignus
739 5496 1277 5580 demon,suggerit
1306 5497 1553 5578 patricio
1583 5495 1834 5571 Nicetes,
1868 5514 2046 5577 quem

2178 5496 2326 5560 ἱσεως
2374 5494 2463 5553 καὶ
2504 5494 2688 5574 χειρὸς
2748 5491 2777 5547 δ
2832 5493 3065 5580 πονηρὸς
3120 5489 3321 5567 δαίμων
3378 5489 3767 5571 διαεασκήνας,

402 5590 459 5652 ei
491 5587 684 5652 fuisse
707 5578 1061 5671 amicumet
1090 5587 1444 5653 familiarem
1476 5588 1643 5671 prius
1669 5588 1951 5665 diximus,
1985 5597 2052 5653 ut

2178 5584 2421 5644 κοϐάλλει
2466 5587 2543 5656 τῷ
2571 5582 2831 5661 πατρικίῳ
2861 5578 3092 5671 Νικῆτᾳ,
3146 5579 3205 5671 ὃν
3241 5583 3453 5671 ’συνήθη
3679 5583 3780 5639 καὶ

405 5680 681 5756 quiddam
699 5666 865 5741 suam
890 5683 1099 5742 virtute
1115 5682 1427 5756 indignum
1445 5666 1725 5756 cogitaret
1742 5692 1799 5743 et
1813 5684 2047 5744 diceret.

2178 5675 2286 5734 ίλου
2316 5673 2559 5758 γενέσθαι
2591 5674 2620 5729 δ
2676 5671 2834 5751 λόγος
2891 5670 3093 5751 φθάσας
3141 5668 3437 5755 έδήλωσεν,
3468 5669 3678 5741 ἀνάξιόν
3718 5691 3781 5729 τι
