4098 6202
309 321 430 389 913

1312 319 1502 386 νΙΤΑ
1543 320 1604 383 S.
1643 317 1968 385 JOANNIS
2015 311 2666 381 ELEEMOSYNARII.

3559 307 3676 377 914

309 466 412 528 τῆς
457 459 660 524 οίκείσς
692 458 888 539 ἀρετῆς
916 459 1163 525 ἐννοῆσαί
1192 478 1250 515 τε
1303 459 1390 516 καὶ
1446 459 1643 519 εἰπεῖν.
1704 457 1945 537 Προσελ-

2036 454 2345 517 Accedens
2368 450 2568 533 itaque
2599 447 2675 539 ad
2708 446 3003 539 Beatum;
3037 443 3270 523 Manus,
3304 444 3526 539 inquit,
3559 447 3676 513 im-

311 552 418 608 θὼν
448 551 621 608 τοίνυν
648 557 726 624 τῷ
777 550 1042 626 μακαρίῳ,
1075 546 1141 606 Ἠ
1185 545 1442 626 βασιλικὴ
1501 548 1647 627 χεὶρ,
1681 546 1809 628 ἔφη,
1865 545 1952 604 δέ·

310 661 511 713 σποτα,
574 637 791 696 πολλῶν
831 635 1003 694 δεῖται
1059 636 1362 717 χρημάτων
1411 637 1482 700 εἷς
1514 635 1804 714 ἀναγκαίας
1856 645 1951 696 τοῦ

311 737 494 788 κοινοῦ
521 729 710 810 χρείας
752 728 871 785 ὅσαι
901 731 1035 806 ὧραι
1093 725 1555 784 καταναλίσκουσα
1589 747 1604 765 ο
1669 727 1793 804 ὁρᾷς
1849 727 1950 806 γὰρ

309 822 402 878 καὶ
430 819 610 892 αυτὸς,
633 819 708 881 ὡς
737 817 792 875 ἐν
822 822 992 891 στενῷ
1017 815 1215 894 κομιδῇ
1243 815 1310 873 τὰ
1339 822 1432 872 τοῦ
1462 825 1642 875 κοινοῦ
1670 815 1947 894 περιέστη.

311 912 592 990 Προσῆκον
635 907 723 966 οὗν
766 910 880 966 εστι
923 909 988 965 τὰ
1033 908 1150 974 εἶκῆ
1208 905 1296 963 καὶ
1345 907 1419 970 εἷς
1462 903 1611 962 οὖδὲν
1639 903 1756 963 δέον
1809 906 1952 981 παρὰ

310 1008 409 1057 σοῦ
461 998 846 1075 δαπανώμενα,
877 1003 955 1072 τῷ
1009 1003 1103 1054 τοῦ
1160 992 1422 1072 δημοσίου
1451 995 1656 1071 ταμείῳ
1689 1016 1949 1073 προσενε-

312 1094 540 1171 χθῆναι.
587 1089 655 1147 ’Ὁ
718 1085 772 1144 δὲ
827 1085 998 1163 μηδὲν
1036 1085 1122 1144 ἐπ’
1166 1089 1308 1160 αὒτῷ
1350 1083 1744 1166 διαταραχθεὶς,
1780 1089 1854 1144 Οὐ
1882 1082 1952 1143 δι.

313 1203 492 1252 καιον,
539 1177 665 1260 ἔφη,
698 1178 764 1235 τὰ
793 1183 870 1253 τῷ
900 1175 1192 1256 ἂπουρανίῳ
1220 1173 1436 1252 βασιλεῖ
1481 1173 1846 1254 καθιερωμένα
1874 1181 1953 1250 τῷ

314 1266 536 1346 ὶπιγείῳ
615 1265 1030 1346 καταπροέσθαι.
1122 1263 1412 1338 ’ἱεροσυλία
1515 1265 1615 1344 γὰρ
1713 1263 1954 1343 ἄντικρυς

315 1367 497 1431 τοῦτο,
528 1357 621 1413 καὶ
651 1357 725 1422 εἷς
770 1356 902 1414 Θεὸν
950 1357 1012 1414 οὒ
1061 1351 1261 1434 φαῦλον
1305 1353 1624 1430 ἁμάρτημα.
1673 1355 1732 1412 Εἰ
1773 1351 1830 1410 δέ
1873 1375 1953 1410 σοι

315 1446 456 1505 οὕτω
515 1444 753 1504 δέδοκται
837 1447 1110 1521 πράττειν,
1169 1440 1278 1499 ἰδοὺ
1337 1443 1402 1500 τὰ
1472 1443 1569 1513 τῆς
1627 1442 1952 1510 Ἐκκλησίας

313 1537 491 1594 πάντα
546 1533 722 1593 λαϐὼν
767 1535 906 1592 ποίει
952 1533 1089 1590 κατὰ
1118 1532 1218 1598 τὴν
1248 1532 1349 1600 σὴν
1377 1530 1620 1608 θέλησιν,
1655 1531 1776 1611 εἴγε
1834 1556 1952 1610 μη-

315 1625 420 1692 δείς
478 1647 536 1683 σε
590 1623 749 1703 λόγος
808 1624 904 1692 τῆς
939 1622 1163 1700 γνώμης
1207 1622 1405 1690 ταύτης
1445 1623 1720 1702 ἀφίστησι⁶
1754 1645 1952 1702 προαι-

315 1717 456 1796 ρέσει
515 1715 614 1795 γάρ
690 1714 878 1787 οἰκείᾳ,
967 1709 1076 1771 οὔδ’
1134 1710 1324 1770 ὀϐολὸν
1383 1711 1473 1769 Ἰἑνα
1527 1716 1634 1772 τῶν
1691 1713 1955 1791 κειμένων

2031 541 2328 626 peratoris
2360 550 2494 618 eget
2520 538 2722 601 multis
2755 537 3051 620 pecuniis,
3083 545 3145 599 ut
3175 555 3324 620 quas
3348 537 3421 600 ad
3457 555 3676 602 neces-

2031 635 2224 698 sarios
2253 651 2394 695 usus
2423 628 2780 712 reipublicae
2811 626 3080 710 quotidie
3131 636 3466 693 consumat.
3521 628 3673 692 Nam

2031 725 2164 804 ipse
2192 741 2431 805 quoque
2476 719 2664 792 vides,
2714 717 2777 780 in
2813 726 3064 799 quantas
3093 718 3402 797 angustias
3430 719 3675 784 redacta

2033 813 2112 876 sit
2141 810 2506 892 respublica.
2539 806 2786 890 Oportet
2816 825 2984 887 ergo,
3019 814 3078 868 ut
3102 826 3234 888 quae
3256 814 3484 870 temere
3514 817 3572 871 et
3604 810 3678 873 ad

2035 902 2187 966 nihil
2219 901 2380 983 quod
2411 907 2647 982 oportet
2675 917 2710 960 a
2751 906 2809 959 te
2837 904 3301 974 consumuntur,
3327 897 3682 963 deferantur

2033 994 2107 1056 ad
2138 996 2418 1056 aerarium
2450 987 2786 1070 publicum.
2823 985 2934 1052 llle
2953 995 3154 1050 autem
3182 987 3327 1050 nihil
3360 996 3681 1068 propterea

2035 1081 2480 1146 conturbatus:
2541 1079 2673 1140 Non
2723 1085 2840 1152 est,
2896 1077 3111 1158 inquit,
3167 1075 3425 1157 justum,
3459 1087 3520 1140 ut
3545 1097 3678 1159 qua:

2035 1171 2187 1254 Regi
2219 1171 2448 1235 cmlesti
2478 1175 2617 1232 sunt
2643 1177 3021 1244 consecrata,
3047 1165 3377 1248 prodantur
3409 1167 3537 1246 regi
3565 1175 3683 1231 ter-

2037 1281 2205 1325 reno.
2271 1259 2373 1323 Est
2423 1259 2537 1322 hoc
2593 1257 2755 1320 enim
2809 1257 2985 1338 plane
3033 1256 3436 1336 sacrilegium,
3469 1265 3680 1321 etnon

2037 1370 2282 1435 parvum
2309 1356 2370 1412 in
2401 1352 2591 1415 Deum
2626 1356 2956 1430 peccatum.
2983 1343 3090 1409 Sin
3117 1353 3318 1410 autem
3353 1345 3464 1408 tibi
3491 1347 3681 1411 visum

2037 1449 2136 1507 est
2164 1443 2250 1505 sic
2309 1440 2530 1514 facere,
2584 1455 2727 1501 ecce
2775 1453 3153 1520 quaecunque
3201 1443 3340 1498 sunt
3370 1435 3680 1521 Ecclesiae,

2037 1551 2110 1596 ea
2135 1532 2369 1611 accipe,
2403 1538 2461 1592 et
2489 1529 2582 1593 fac
2611 1535 2677 1590 ut
2706 1526 2992 1601 volueris,
3029 1526 3080 1588 si
3131 1524 3381 1604 quidem
3431 1534 3490 1590 te
3521 1527 3683 1592 nulla

2035 1625 2186 1686 ratio
2217 1621 2292 1686 ab
2351 1621 2462 1683 hac
2522 1618 2768 1682 abducit
2816 1615 3118 1680 sententia
3150 1636 3165 1678 :
3202 1634 3338 1680 mea
3369 1617 3532 1680 enim
3564 1636 3676 1680 vo-

2036 1713 2262 1776 luntate
2291 1729 2366 1775 ne
2398 1709 2640 1774 obolum
2673 1706 2919 1790 quidem
2969 1705 3265 1768 dimittam
3303 1725 3514 1770 eorum
3543 1727 3680 1790 quas

313 1795 646 1883 προήσομαι,
708 1801 867 1863 Οὖδὲν
952 1802 1042 1859 οὖν
1099 1803 1127 1857 ὁ
1183 1801 1473 1874 θαυμάσιος
1555 1802 1760 1870 ἰκετνος
1819 1802 1953 1878 ἀνὴρ

2036 1811 2176 1866 sunt
2195 1801 2474 1883 reposita.
2507 1797 2670 1862 Nihil
2705 1816 2870 1878 ergo,
2898 1795 3100 1859 nescio
3123 1815 3242 1880 quo
3267 1796 3470 1876 modo,
3503 1817 3576 1861 ex
3607 1817 3677 1862 eo

313 1896 414 1954 οὒκ
441 1893 547 1954 οἶδ’
577 1893 722 1958 ὅπως
761 1889 1240 1970 ὑποστειλάμενος,
1293 1890 1621 1950 εἰσκαλεῐται
1666 1893 1788 1958 τοὺς
1816 1893 1952 1950 ἑπο-

2037 1910 2350 1975 repressus
2383 1891 2468 1952 vir
2497 1887 2600 1951 ille
2628 1885 3024 1975 admirabilis,
3084 1893 3259 1948 vocat
3308 1905 3413 1950 eos
3439 1887 3544 1970 qui
3573 1905 3676 1951 se-

312 1985 504 2061 μένους
561 1987 648 2042 καὶ
705 1984 772 2040 τὰ
826 1984 1087 2064 χρήματα
1130 1982 1276 2044 usos;
1337 1981 1460 2060 ἆραι
1489 1981 1722 2058 κελεύει,
1786 1981 1953 2059 μηδὲν

2039 1974 2398 2063 quebantur,
2430 1988 2491 2042 et
2519 1976 2718 2040 statim
2733 1974 2909 2058 jubet
2935 1974 3148 2038 tollere
3178 1975 3490 2057 pecunias,
3525 1977 3676 2040 nihil

315 2074 502 2148 πλέον,
561 2074 642 2132 ὅτι
701 2072 780 2150 μή
834 2063 1026 2130 ἑκατὸν
1069 2069 1237 2148 μόνας
1267 2077 1360 2129 τοῦ
1389 2073 1610 2152 χρυσίου
1641 2071 1823 2152 λίτρας
1880 2080 1953 2150 τῷ

2038 2071 2201 2135 aliud
2258 2070 2615 2151 relinquens
2653 2065 3006 2149 patriarcha
3057 2063 3175 2128 nisi
3220 2064 3383 2128 solas
3430 2073 3670 2130 centum

315 2165 629 2245 πατριάρχῃ
661 2161 998 2224 καταλιπών,

2039 2161 2224 2226 libras
2254 2160 2412 2223 auri.

400 2253 493 2318 κ’.
541 2243 629 2313 ’ἐν
674 2257 719 2328 ᾧ
760 2251 813 2310 δὲ
870 2251 1138 2328 κατῄεσαν
1195 2253 1244 2307 οἱ
1289 2251 1453 2308 ταῦτα
1491 2249 1952 2328 διαϐαστάζοντες,

2120 2248 2510 2316 ΧΧ.Ιηιοι·ἰιη
2529 2253 2728 2310 autem
2755 2245 2895 2308 dum
2921 2243 3370 2308 descendebant
3391 2245 3562 2328 ii,qui
3582 2264 3684 2310 eas

315 2350 637 2404 συναντῶαιν
690 2340 1076 2422 ἀνερχομένοις
1134 2341 1240 2397 τισὶ
1288 2341 1418 2419 πρὸς
1447 2342 1540 2398 τὸν
1583 2364 1952 2422 πατριαρχην,

2041 2340 2378 2422 portabant,
2399 2345 2726 2402 occurrunt
2744 2333 3102 2417 quibusdam
3127 2333 3591 2398 ascendentibus
3613 2335 3686 2399 ad

315 2435 546 2514 κεράμια
593 2421 809 2508 μέλιτος
843 2421 1310 2506 ἐπικομιζομένοις
1345 2451 1360 2468 ο
1395 2432 1470 2488 ὦν
1501 2444 1620 2497 τοῖς
1649 2431 1772 2505 μὲν,
1813 2437 1953 2510 Πρῶ.

2041 2421 2464 2511 patriarcham,
2499 2425 2600 2509 qui
2633 2424 2830 2488 mellis
2851 2425 2981 2514 (i3)
3002 2424 3325 2514 amphoras
3346 2421 3681 2514 aﬂerebant

312 2512 630 2596 πέσητοϊς
676 2520 755 2600 δὲ,
787 2520 1067 2578 ’Ἄκαπνον
1111 2518 1508 2599 ἰπιγέγραπτο.
1564 2518 1723 2578 Ἐπεὶ
1780 2523 1870 2578 οὖν
1927 2523 1953 2578 ὁ

2037 2521 2110 2584 ad
2143 2539 2302 2592 eum,
2339 2519 2399 2582 in
2425 2535 2678 2600 quarum
2711 2513 3017 2576 nonnullis
3045 2512 3406 2592 inscriptum
3437 2513 3680 2596 quidem

315 2615 593 2693 πατρίκιος
652 2611 905 2669 ἐθεάσατο
963 2619 1150 2685 ταῦτα,
1200 2611 1287 2666 καὶ
1317 2611 1415 2679 τὴν
1467 2609 1773 2691 ἐπιγραφὴν
1806 2611 1953 2676 ὅπως

312 2706 475 2786 εἶχεν
534 2701 760 2782 ἆνέγνω,
813 2699 975 2768 δηλοῖ
1019 2701 1357 2780 παραχρῆμα
1413 2722 1490 2774 τῳ
1534 2701 1843 2782 πατριάρχτ,
1899 2702 1955 2758 ἓν

308 2801 418 2852 τῶν
475 2793 742 2871 κεραμίων
773 2795 913 2864 αὗτῷ
971 2789 1363 2871 ἐκπεμφθῆναι,
1414 2790 1517 2850 Τοῦ
1546 2789 1600 2847 δὲ
1650 2791 1956 2850 πιστευθέν-

309 2907 401 2948 τος
434 2884 566 2942 αὒτὲι
594 2880 894 2959 διάπειραν,
929 2881 1001 2947 ὡς
1032 2879 1174 2960 ἔθος,
1213 2881 1385 2938 αὒτῶν
1431 2881 1745 2956 ποιουμένου
1784 2902 1794 2912 '
1831 2881 1956 2939 εἶτα

309 2974 488 3032 καὶτὸ
530 2973 754 3052 γεγονὸς
808 2969 894 3027 ἐπ’
954 2972 1138 3034 αὒτοτς
1197 2972 1374 3045 θαῦμα
1404 2971 1833 3048 καταμαθόντας,
1868 2973 1956 3030 καὶ

312 3071 391 3139 τῷ
433 3062 678 3140 μακαρίῳ
728 3061 1110 3140 γνωρίσαντος,
1165 3063 1239 3127 ὡς
1291 3061 1466 3118 πάντα
1523 3061 1697 3137 μεστᾶ
1736 3063 1957 3142 χρυσίου

2039 2619 2187 2684 erat,
2245 2608 2600 2673 Primarium
2630 2624 2647 2682 ;
2697 2604 2760 2668 in
2792 2604 2925 2668 aliis
2953 2611 3182 2678 autem,
3223 2604 3411 2666 Fumo
3443 2621 3680 2669 carens.

2038 2704 2357 2782 Postquam
2391 2715 2531 2777 ergo
2559 2696 2683 2758 haec
2704 2693 2848 2757 vidit
2888 2691 3203 2782 Patricius,
3241 2699 3299 2754 et
3317 2692 3557 2782 agnovit
3581 2693 3681 2755 in-

2039 2781 2456 2872 scriptionem,
2486 2783 2848 2865 signiﬁcavit
2892 2781 3265 2864 patriarcha),
3299 2781 3460 2845 utad
3485 2782 3680 2866 ipsum

2040 2880 2308 2943 mittatur
2337 2895 2459 2941 una
2509 2895 2578 2940 ex
2609 2873 2941 2957 amphoris.
2977 2878 3127 2935 cum
3162 2874 3210 2936 is
3241 2881 3464 2949 autem,
3513 2874 3684 2954 cujus

2040 2971 2180 3034 ﬁdei
2201 2970 2327 3032 haec
2347 2967 2670 3031 commissa
2687 2964 3026 3036 fuerant,eo
3038 2980 3194 3036 rum,
3222 2968 3292 3024 ut
3313 2981 3444 3026 mos
3467 2963 3681 3038 est,i‘e-

2041 3063 2222 3124 cisset
2258 3056 2618 3140 periculum,
2654 3062 2715 3117 et
2741 3053 2962 3117 deinde
2990 3051 3407 3130 intellexisset,
3440 3051 3600 3136 quod
3623 3053 3684 3116 in

313 3153 670 3232 τυγχάνουσιν
731 3149 881 3223 ὄντα,
922 3149 980 3206 ’ἐν
1009 3151 1183 3208 αὒτῶν
1230 3151 1568 3231 παραχρῆμα
1620 3141 1818 3227 πέμπει
1881 3158 1953 3227 τῷ

2042 3149 2132 3212 eis
2151 3148 2374 3211 factum
2397 3154 2527 3209 erat
2543 3143 2994 3242 miraculum,et
3018 3143 3196 3242 beato
3215 3145 3425 3208 Joanni
3448 3141 3686 3224 signiti-

315 3243 604 3322 πατρικίῳ,
666 3241 694 3296 ὃ
752 3240 882 3296 Μὲλι
942 3254 1236 3318 πρωτεῖον,
1296 3241 1394 3309 τὴν
1453 3241 1754 3321 ἐπιγραφὴν
1805 3245 1953 3322 εἶχε,

2043 3252 2234 3301 cesset
2260 3241 2417 3315 quod
2431 3238 2777 3300 suntomnia
2793 3235 2918 3322 auri
2940 3235 3293 3308 plena.illico
3307 3249 3495 3322 unum
3513 3237 3687 3322 mittit

315 3320 500 3406 Τούτῳ
529 3338 809 3410 τοιγαροῦν
841 3330 934 3387 καί
980 3330 1273 3409 γράμματα
1333 3328 1567 3403 στέλλει,
1603 3320 1679 3385 ὧν
1707 3330 1744 3399 ἠ
1797 3320 1953 3388 δύνα-

2039 3327 2115 3391 ad
2144 3327 2496 3402 Patricium,
2530 3322 2691 3406 quod
2723 3321 3078 3404 inscriptum
3118 3330 3267 3393 erat.
3304 3320 3422 3387 Mel
3454 3321 3684 3404 prima-

316 3445 409 3496 μις
441 3419 608 3484 οὕτως
637 3420 731 3488 ἦν’
763 3420 826 3479 Ὀ
860 3419 1024 3477 εἰπὼν
1055 3419 1390 3498 Κύριος,«ού
1419 3420 1496 3496 μή
1529 3440 1589 3476 σε
1620 3418 1868 3495 ἀνῶ,οὒδ⁹
1899 3421 1953 3479 οὗ

2041 3416 2320 3482 rium.Ad
2345 3434 2482 3478 eum
2505 3421 2699 3476 autem
2727 3412 2908 3474 mittit
2927 3413 3105 3475 etiam
3140 3410 3396 3488 litteras,
3429 3430 3685 3495 quarum

315 3513 396 3586 μή
421 3531 480 3567 σε
518 3509 884 3588 ὶγκαταλίπω,
924 3533 950 3564 ι
987 3507 1222 3585 ἀψευδὴς
1270 3508 1344 3566 ὢν
1397 3510 1578 3589 αὐτὸς,
1611 3507 1706 3566 καί
1753 3517 1841 3567 νῦν
1881 3512 1953 3566 ὧν

2041 3507 2169 3571 haec
2192 3507 2430 3570 eratvis
2457 3525 2470 3566 :
2513 3501 2806 3566 Dominus
2839 3500 2942 3582 qui
2973 3501 3145 3578 dixit,
3185 3526 3212 3559 ι
3237 3500 3367 3564 Non
3392 3509 3449 3563 te
3479 3501 3688 3564 dimit-

312 3603 349 3670 ἡ
401 3600 471 3667 σὴ
522 3597 721 3665 ὶνδοξία
772 3597 1018 3677 ἀφείλετο
1059 3600 1362 3679 χρημάτων
1393 3595 1722 3655 ἀντιδίδωσιν
1776 3597 1950 3677 ἕτερα.

2039 3606 2181 3664 tam.
2211 3614 2323 3658 nec
2346 3603 2403 3657 te
2427 3593 2868 3672 derelinquam,
2897 3614 2925 3654 ι
2973 3591 3105 3673 ipse
3137 3610 3242 3673 pro
3275 3592 3374 3668 iis,
3408 3609 3556 3673 quas
3589 3598 3689 3655 tua

317 3688 564 3756 Δηλώσει
594 3688 650 3745 δέ
682 3711 764 3746 σοι
811 3691 896 3746 καὶ
955 3689 1014 3746 τὸ
1073 3697 1160 3746 νῦν
1221 3688 1522 3767 ἐκπεμσφθὶν
1559 3688 1838 3769 κεράμιον,
1899 3691 1953 3748 ἓν

2038 3685 2341 3750 Celsitudo
2376 3703 2535 3746 nunc
2565 3682 2828 3760 abstulit,
2866 3680 3141 3764 pecuniis
3172 3679 3374 3744 reddit
3405 3680 3576 3743 alias.
3617 3680 3688 3745 Id

312 3781 514 3838 τούτων
572 3779 843 3860 ὓπάρχον,
876 3779 1022 3838 "tam
1069 3779 1240 3836 τοίνυν
1297 3775 1528 3855 ἀκριϐῶς
1580 3776 1661 3835 ὅτι
1717 3779 1806 3836 τὸν
1867 3779 1953 3835 καὶ

2037 3784 2235 3839 autem
2269 3773 2376 3836 tibi
2407 3771 2740 3836 declarabit
2784 3789 2918 3854 qua)
2948 3788 3108 3832 nunc
3134 3769 3213 3860 ad
3265 3776 3322 3832 te
3365 3769 3546 3832 missa
3574 3769 3686 3860 fuit

313 3870 486 3938 πνοὴν
515 3871 602 3926 καὶ
629 3858 830 3950 τροξρὴν
860 3875 990 3927 πᾶσι
1022 3867 1453 3950 διαχοοηγοῧντα
1513 3870 1670 3943 Θεὸν,
1725 3869 1950 3950 ιρθαρτὸς

2037 3864 2348 3945 amphora,
2401 3881 2533 3944 qum
2563 3869 2653 3925 est
2703 3879 2822 3924 una
2872 3879 2946 3924 ex
2995 3860 3088 3922 iis.
3124 3858 3486 3950 Scias‘ergo,
3522 3859 3686 3939 quod

312 3959 588 4041 ἅνθρωπος
634 3967 895 4016 στενῶσαι
953 3959 1012 4016 οὔ
1066 3981 1195 4016 ποτε
1240 3960 1302 4014 ἃν
1351 3957 1596 4035 οὖδαμῶς
1649 3957 1950 4023 δυνήσεται,

2037 3955 2254 4026 Deum,
2279 3953 2380 4035 qui
2399 3950 2674 4034 spiritum
2703 3959 2762 4014 et
2781 3947 3434 4041 alimentumomnibus
3456 3965 3683 4029 suppe-

314 4036 654 4129 Παρήγγειλε
706 4047 762 4106 δὲ
821 4051 905 4106 καὶ
949 4062 1065 4114 τοῖς
1109 4050 1171 4106 τὸ
1222 4049 1477 4128 κεράμιον
1533 4045 1950 4125 διακομίζουσιν,

2039 4045 2208 4118 ditat,
2243 4044 2445 4118 homo,
2483 4041 2541 4103 in
2586 4059 2762 4121 quem
2791 4039 2950 4102 cadit
2977 4036 3280 4129 interitus,
3311 4054 3685 4129 nequaquam

313 4140 408 4198 ὶπΐ
453 4139 712 4218 μάρτυσιν
765 4139 948 4204 αὖτοϊς
991 4127 1295 4218 ἀνοιγῆναι
1330 4137 1448 4196 κατ’
1481 4135 1604 4215 ὄψιν
1633 4146 1728 4197 τοῦ
1758 4161 1952 4217 πατρι-

2041 4132 2336 4216 poteritin
2352 4141 2667 4212 angustum
2684 4128 3174 4208 redigerePorro
3189 4135 3384 4191 autem
3404 4127 3689 4218 praecepit

315 4231 456 4310 κίου,
489 4227 827 4308 ἀπαγγεῖλαί
865 4250 919 4285 τε
951 4229 1024 4292 ὡς
1055 4229 1142 4284 καὶ
1171 4226 1341 4286 ⁸τᾶλλα
1373 4229 1569 4304 πάντα,
1603 4227 1699 4286 ὅσα
1745 4225 1810 4296 δὴ
1869 4229 1953 4285 καί

2044 4223 2226 4286 etiam
2249 4223 2456 4305 iis,qni
2481 4219 2758 4285 terebant
2779 4220 3156 4310 amphoram,
3183 4226 3248 4310 ut
3265 4219 3353 4280 eis
3375 4217 3688 4310 praesenti-

315 4307 580 4394 τεθέαται,
615 4307 782 4384 οὕτως
813 4317 958 4399 ἔχει,
1018 4319 1105 4374 καὶ
1167 4319 1387 4398 χρυσίου
1414 4319 1672 4400 τυγχάνει
1733 4316 1953 4386 πεπλησ-

2041 4313 2154 4376 bus
2183 4313 2522 4396 aperiretur
2545 4311 2606 4373 in
2624 4317 2954 4392 conspectu
2997 4307 3263 4400 Patricii,
3299 4307 3686 4400 eteirenun-

313 4407 548 4486 ρωμένα.
587 4396 970 4489 Εὒωχούμενον
1022 4396 1661 4484 τοινυντκαταλαϐὄντες,
1709 4407 1953 4488 ἐγχειρί-

2042 4402 2448 4486 tiarent,quod
2466 4401 2599 4466 aliae
2622 4420 2853 4478 omnes,
2881 4418 3028 4484 quas
3051 4399 3219 4478 vidit,
3246 4400 3330 4489 ita
3349 4417 3416 4461 se
3438 4396 3684 4489 habent,

313 4507 492 4571 ζουσιν
525 4497 668 4573 αὒτῷ
724 4497 823 4564 τὴν
879 4495 1171 4565 ἆπιστολὴν
1223 4494 1606 4564 ἐπιδεικνύντες
1639 4499 1727 4556 καὶ
1753 4487 1814 4554 τὸ
1859 4519 1953 4556 κε-

364 4588 378 4606 Ι
548 4604 557 4606 _
629 4587 654 4606 ν
825 4589 837 4606 ε
948 4586 996 4606 Ἀ
1047 4587 1060 4606 Ι
1295 4593 1331 4606 υ
1371 4585 1434 4606 λα·
1724 4589 1736 4606 Ι
1935 4587 1949 4606 ε

2041 4495 2201 4558 etsic
2231 4502 2366 4558 sunt
2392 4511 2538 4555 auro
2563 4492 2778 4574 plenae.
2803 4493 2949 4556 Cum
2976 4509 3112 4554 eum
3150 4507 3293 4570 ergo
3317 4487 3690 4551 invenissent

2058 4605 2063 4606 ,
2122 4605 2146 4606 η
2184 4585 2445 4606 ,!,,-,_a_;-
2524 4585 2563 4606 -2
2617 4583 2858 4606 n..-J,__a
2926 4580 3231 4606 --ε-.-1-...
3301 4578 3687 4606 --ι-...1-..ι-..

317 4588 508 4665 ράμιον
546 4604 559 4618 ⁸
621 4587 750 4664 ὅπερ
812 4589 886 4652 ὡς
945 4586 1225 4662 ἐθεάσατο,
1294 4585 1440 4659 Χολᾷ
1509 4610 1602 4664 μοι
1667 4589 1878 4654 πάντως
1932 4587 1953 4645 ὃ

2042 4585 2478 4658 convivantem,
2514 4585 2568 4647 ei
2617 4583 2862 4646 tradunt
2919 4580 3261 4664 epistolam,
3295 4578 3689 4642 ostendentes

317 4676 586 4744 δεσπότης
619 4699 747 4753 μου,
779 4675 905 4757 ἴφη,
939 4676 1052 4734 ἐπεὶ
1083 4681 1180 4736 οὒκ
1209 4675 1272 4732 ἂν
1302 4677 1357 4734 ἓν
1389 4698 1480 4750 μοι
1513 4679 1679 4754 μόνον
1708 4676 1953 4736 ιπὲστελ-

2043 4674 2219 4739 etiam
2249 4675 2628 4754 amphoram.
2657 4673 2844 4748 Quam
2871 4673 3114 4755 quidem
3141 4677 3458 4753 postquam
3489 4669 3639 4734 vidit
3671 4689 3687 4736 :

319 4765 436 4826 λέν.
496 4767 557 4825 Οἱ
613 4765 796 4842 μέντοι
840 4763 1201 4841 διακομισταὶ,
1266 4767 1438 4829 καθὼς
1481 4766 1548 4834 ἧν
1603 4769 1790 4830 αὐτοῖς
1834 4767 1953 4825 ἐπι-

2044 4772 2317 4830 trascitur
2340 4769 2481 4827 mihi
2506 4769 2750 4827 omnino
2771 4767 3046 4826 dominus
3072 4765 3473 4838 meus,inquit:
3499 4778 3691 4838 neque

318 4854 730 4933 τετεταγμίνόρ,
762 4851 852 4910 ὑπ’
883 4854 1006 4931 ὄψις
1059 4855 1219 4913 αὖτοῦ
1275 4853 1622 4923 διανοίξαντες
1678 4858 1739 4914 τὸ
1795 4857 1953 4937 γερά-

2044 4855 2206 4918 enim
2229 4873 2405 4917 unam
2434 4852 2580 4916 mihi
2602 4851 2792 4915 solam
2822 4849 3226 4924 misissetQui
3249 4857 3451 4914 autem
3481 4857 3688 4929 porta-

318 4966 446 5020 μιον
503 4945 591 5000 καὶ
648 4945 713 5002 τα
771 4945 1032 5024 χρήματα
1088 4943 1502 5020 Ξκκενώσσιντες,
1563 4947 1788 5027 χρυσίου
1853 4969 1953 5004 πε-

2043 4945 2210 5020 bant,
2232 4942 2536 5028 quomodo
2557 4943 2750 5007 fuerat
2771 4943 2860 5007 eis
2877 4943 3266 5026 imperatum,
3302 4959 3439 5004 cum
3464 4939 3528 5002 in
3558 4939 3692 5028 ejus

318 5033 636 5114 πληρῶσθαι
680 5034 769 5090 καὶ
812 5035 876 5091 τὰ
917 5032 1082 5091 λοιπὰ
1129 5036 1325 5110 ὁμοίως
1359 5034 1730 5114 ἇπήγγελλον.
1767 5035 1860 5103 Ὠς
1904 5035 1953 5093 δὲ

2043 5027 2369 5116 conspectu
2382 5033 2761 5116 aperuissent
2783 5033 3225 5114 amphoram,et
3245 5027 3532 5111 pecunias
3545 5027 3690 5116 etfu-

316 5124 406 5180 καὶ
466 5123 559 5192 τὴν
618 5121 910 5192 ἰπιστολὴν
965 5123 1156 5197 ἕπιων,
1193 5123 1337 5192 εὗρεν
1382 5123 1461 5181 ὅτι
1522 5129 1654 5183 Θεὸν
1684 5125 1953 5205 ἅνθρωπος

2043 5115 2740 5202 ἀίεεοὶΗβοηιιηιίοδοοθ.
2755 5122 2938 5186 fuisse
2950 5121 3236 5203 reliquias
3248 5137 3396 5181 auro
3409 5115 3694 5180 similiter

316 5219 576 5270 στενῶσαι
635 5213 696 5272 οὗ
780 5209 1018 5290 δύναται,
1097 5213 1373 5280 συσταλεὶς
1457 5213 1542 5272 ἐπὶ
1614 5217 1806 5291 τούτῳ,
1868 5219 1953 5274 καῖ

2043 5213 2482 5298 repletas.Cum
2507 5233 2647 5278 vero
2677 5213 2994 5296 perlegens
3017 5207 3695 5292 epistolam,invenisset

319 5301 465 5368 δέους
516 5302 889 5371 ὑποπλησθεὶς
951 5302 1180 5384 (ταχεῖα
1233 5303 1334 5384 γὰρ
1373 5305 1446 5368 εἰς
1476 5305 1575 5373 τὴν
1604 5304 1697 5362 τοῦ
1727 5307 1806 5382 μὴ
1849 5329 1953 5364 κα-

2039 5304 2200 5383 quod
2223 5304 2402 5368 homo
2425 5302 2615 5368 Deum
2629 5323 2748 5367 non
2763 5309 2960 5385 potest
2981 5301 3043 5362 in
3057 5306 3370 5378 angustum
3384 5298 3687 5379 redigere,

390 5475 509 5605 (g3)
573 5475 844 5562 Leontius
910 5475 1269 5578 lagunculas.
1293 5475 1495 5535 scribit
1521 5478 1733 5561 missas
1763 5478 1959 5564 tuisse,
2042 5477 2354 5564 videntiam
2381 5479 2646 5551 agnoscit
2681 5479 2737 5536 in
2767 5479 2926 5536 hisce
2956 5471 3299 5534 muneribus
3327 5487 3398 5532 eo
3428 5479 3692 5547 tempore

440 5555 600 5605 cutes
625 5561 923 5605 pecunias.
955 5561 1071 5605 non
1106 5547 1217 5605 mel
1255 5592 1270 5605 .
1303 5562 1412 5605 nec
1460 5549 1806 5605 miraculum
1868 5549 1966 5605 hic
2045 5551 2263 5605 missis.

319 5547 600 5620 habentes
625 5551 923 5620 pecunias,
955 5547 1071 5606 non
1106 5547 1217 5606 mel
1255 5562 1412 5620 :inec
1460 5549 1806 5620 miraculum
1868 5549 1966 5610 hic
2045 5551 2263 5610 missis.

319 5618 506 5680 ullum
537 5618 743 5680 mutati
773 5620 830 5678 in
861 5622 1166 5694 pecuniam
1195 5619 1517 5688 mellis,sed
1545 5619 1801 5681 divinam
1827 5620 1965 5683 Pro-
