  <div class='ocr_page' id='page_1' title='image "/cluster/home/n/w/nwhite01/storage/ocr_20150623/114/hvd.32044073502254/463.png"; bbox 0 0 4098 6202; ppageno 0'>
   <div class='ocr_carea' id='block_1_1' title="bbox 386 301 504 373">
    <p class='ocr_par' dir='ltr' id='par_1_1' title="bbox 386 301 504 373">
     <span class='ocr_line' id='line_1_1' title="bbox 386 301 504 373; baseline 0 -1"><span class='ocrx_word' id='word_1_1' title='bbox 386 301 504 373; x_wconf 87' lang='grc'><strong>915</strong></span> 
     </span>
    </p>
   </div>
   <div class='ocr_carea' id='block_1_2' title="bbox 1684 294 2460 363">
    <p class='ocr_par' dir='ltr' id='par_1_2' title="bbox 1684 294 2460 363">
     <span class='ocr_line' id='line_1_2' title="bbox 1684 294 2460 363; baseline -0.003 -1"><span class='ocrx_word' id='word_1_2' title='bbox 1684 294 1967 362; x_wconf 85' lang='lat' dir='ltr'><strong>MENSIS</strong></span> <span class='ocrx_word' id='word_1_3' title='bbox 2006 297 2460 363; x_wconf 78' lang='lat' dir='ltr'><strong>JANUARIUS.</strong></span> 
     </span>
    </p>
   </div>
   <div class='ocr_carea' id='block_1_3' title="bbox 3635 294 3761 363">
    <p class='ocr_par' dir='ltr' id='par_1_3' title="bbox 3635 294 3761 363">
     <span class='ocr_line' id='line_1_3' title="bbox 3635 294 3761 363; baseline 0 0"><span class='ocrx_word' id='word_1_4' title='bbox 3635 294 3761 363; x_wconf 84' lang='lat' dir='ltr'><strong>9l6</strong></span> 
     </span>
    </p>
   </div>
   <div class='ocr_carea' id='block_1_4' title="bbox 388 414 2075 521">
    <p class='ocr_par' dir='ltr' id='par_1_4' title="bbox 388 426 2075 521">
     <span class='ocr_line' id='line_1_4' title="bbox 388 426 2075 521; baseline -0.008 -18"><span class='ocrx_word' id='word_1_5' title='bbox 388 439 466 503; x_wconf 91' lang='lat' dir='ltr'><strong>ad</strong></span> <span class='ocrx_word' id='word_1_6' title='bbox 496 456 563 502; x_wconf 88' lang='lat' dir='ltr'><strong>se</strong></span> <span class='ocrx_word' id='word_1_7' title='bbox 595 426 801 521; x_wconf 88' lang='lat' dir='ltr'><strong>postea</strong></span> <span class='ocrx_word' id='word_1_8' title='bbox 828 450 1107 500; x_wconf 80' lang='lat' dir='ltr'><strong>reversus</strong></span> <span class='ocrx_word' id='word_1_9' title='bbox 1156 439 1216 496; x_wconf 91' lang='lat' dir='ltr'><strong>et</strong></span> <span class='ocrx_word' id='word_1_10' title='bbox 1245 430 1461 493; x_wconf 79' lang='lat' dir='ltr'><strong>timore</strong></span> <span class='ocrx_word' id='word_1_11' title='bbox 1491 430 1758 521; x_wconf 90' lang='lat' dir='ltr'><strong>repletus</strong></span> <span class='ocrx_word' id='word_1_12' title='bbox 1793 431 2075 510; x_wconf 65' lang='lat' dir='ltr'><strong>(eorumt</strong></span> 
     </span>
    </p>
   </div>
   <div class='ocr_carea' id='block_1_5' title="bbox 2164 414 3759 521">
    <p class='ocr_par' dir='ltr' id='par_1_5' title="bbox 2164 414 3759 517">
     <span class='ocr_line' id='line_1_5' title="bbox 2164 414 3759 517; baseline 0.002 -26"><span class='ocrx_word' id='word_1_13' title='bbox 2164 439 2222 500; x_wconf 78' lang='grc' dir='ltr'>ὗς</span> <span class='ocrx_word' id='word_1_14' title='bbox 2263 434 2637 514; x_wconf 77' lang='grc' dir='ltr'><strong>πεπραγμένου</strong></span> <span class='ocrx_word' id='word_1_15' title='bbox 2679 436 2966 512; x_wconf 69' lang='grc' dir='ltr'>μετάνοιαν</span> <span class='ocrx_word' id='word_1_16' title='bbox 3008 414 3228 514; x_wconf 66' lang='grc' dir='ltr'>εὖγενῆς</span> <span class='ocrx_word' id='word_1_17' title='bbox 3278 438 3434 517; x_wconf 76' lang='grc' dir='ltr'>ψυχὴ</span> <span class='ocrx_word' id='word_1_18' title='bbox 3476 437 3567 494; x_wconf 76' lang='grc' dir='ltr'>καὶ</span> <span class='ocrx_word' id='word_1_19' title='bbox 3623 436 3759 517; x_wconf 76' lang='grc' dir='ltr'>φιλ-</span> 
     </span>
    </p>
   </div>
   <div class='ocr_carea' id='block_1_6' title="bbox 392 520 2034 612">
    <p class='ocr_par' dir='ltr' id='par_1_6' title="bbox 392 520 2034 612">
     <span class='ocr_line' id='line_1_6' title="bbox 392 520 2034 612; baseline -0.006 -18"><span class='ocrx_word' id='word_1_20' title='bbox 392 520 722 612; x_wconf 83' lang='lat' dir='ltr'><strong>enim,qna</strong></span> <span class='ocrx_word' id='word_1_21' title='bbox 736 547 857 591; x_wconf 87' lang='lat' dir='ltr'><strong>non</strong></span> <span class='ocrx_word' id='word_1_22' title='bbox 880 533 1043 589; x_wconf 86' lang='lat' dir='ltr'><strong>recte</strong></span> <span class='ocrx_word' id='word_1_23' title='bbox 1064 522 1216 585; x_wconf 90' lang='lat' dir='ltr'><strong>facta</strong></span> <span class='ocrx_word' id='word_1_24' title='bbox 1237 520 1757 612; x_wconf 73' lang='lat' dir='ltr'><strong>sunt,panitentia</strong></span> <span class='ocrx_word' id='word_1_25' title='bbox 1770 520 1887 584; x_wconf 90' lang='lat' dir='ltr'><strong>cito</strong></span> <span class='ocrx_word' id='word_1_26' title='bbox 1910 541 2034 584; x_wconf 91' lang='lat' dir='ltr'><strong>mo-</strong></span> 
     </span>
    </p>
   </div>
   <div class='ocr_carea' id='block_1_7' title="bbox 392 610 2030 698">
    <p class='ocr_par' dir='ltr' id='par_1_7' title="bbox 392 610 2030 698">
     <span class='ocr_line' id='line_1_7' title="bbox 392 610 2030 698; baseline -0.004 -18"><span class='ocrx_word' id='word_1_27' title='bbox 392 610 875 698; x_wconf 17' lang='lat' dir='ltr'><strong>veturg‘enerosa</strong></span> <span class='ocrx_word' id='word_1_28' title='bbox 902 612 1141 676; x_wconf 88' lang='lat' dir='ltr'><strong>virtutis</strong></span> <span class='ocrx_word' id='word_1_29' title='bbox 1171 628 1379 674; x_wconf 84' lang='lat' dir='ltr'><strong>amans</strong></span> <span class='ocrx_word' id='word_1_30' title='bbox 1406 610 1815 688; x_wconf 87' lang='lat' dir='ltr'><strong>auima),Vivit</strong></span> <span class='ocrx_word' id='word_1_31' title='bbox 1848 612 2030 687; x_wconf 89' lang='lat' dir='ltr'><strong>Deus,</strong></span> 
     </span>
    </p>
   </div>
   <div class='ocr_carea' id='block_1_8' title="bbox 475 703 2034 784">
    <p class='ocr_par' dir='ltr' id='par_1_8' title="bbox 475 703 2034 784">
     <span class='ocr_line' id='line_1_8' title="bbox 475 703 2034 784; baseline -0.006 -11"><span class='ocrx_word' id='word_1_32' title='bbox 475 705 782 773; x_wconf 83' lang='lat' dir='ltr'><strong>XXl.Cum</strong></span> <span class='ocrx_word' id='word_1_33' title='bbox 804 704 1003 768; x_wconf 90' lang='lat' dir='ltr'><strong>statim</strong></span> <span class='ocrx_word' id='word_1_34' title='bbox 1029 704 1225 784; x_wconf 78' lang='lat' dir='ltr'><strong>itaque</strong></span> <span class='ocrx_word' id='word_1_35' title='bbox 1249 703 1702 771; x_wconf 85' lang='lat' dir='ltr'><strong>surrexisset,et</strong></span> <span class='ocrx_word' id='word_1_36' title='bbox 1724 721 2034 783; x_wconf 88' lang='lat' dir='ltr'><strong>quascun-</strong></span> 
     </span>
    </p>
   </div>
   <div class='ocr_carea' id='block_1_9' title="bbox 392 791 2032 879">
    <p class='ocr_par' dir='ltr' id='par_1_9' title="bbox 392 791 2032 879">
     <span class='ocr_line' id='line_1_9' title="bbox 392 791 2032 879; baseline -0.006 -17"><span class='ocrx_word' id='word_1_37' title='bbox 392 817 515 879; x_wconf 90' lang='lat' dir='ltr'><strong>que</strong></span> <span class='ocrx_word' id='word_1_38' title='bbox 545 816 616 861; x_wconf 82' lang='lat' dir='ltr'><strong>ex</strong></span> <span class='ocrx_word' id='word_1_39' title='bbox 647 795 902 860; x_wconf 87' lang='lat' dir='ltr'><strong>ecclesia</strong></span> <span class='ocrx_word' id='word_1_40' title='bbox 927 792 1248 857; x_wconf 90' lang='lat' dir='ltr'><strong>sustulerat</strong></span> <span class='ocrx_word' id='word_1_41' title='bbox 1278 791 1567 872; x_wconf 86' lang='lat' dir='ltr'><strong>pecunias</strong></span> <span class='ocrx_word' id='word_1_42' title='bbox 1588 810 1795 854; x_wconf 84' lang='lat' dir='ltr'><strong>rursus</strong></span> <span class='ocrx_word' id='word_1_43' title='bbox 1824 811 2032 874; x_wconf 87' lang='lat' dir='ltr'><strong>sump-</strong></span> 
     </span>
    </p>
   </div>
   <div class='ocr_carea' id='block_1_10' title="bbox 395 880 2035 968">
    <p class='ocr_par' dir='ltr' id='par_1_10' title="bbox 395 880 2035 968">
     <span class='ocr_line' id='line_1_10' title="bbox 395 880 2035 968; baseline -0.005 -16"><span class='ocrx_word' id='word_1_44' title='bbox 395 889 662 963; x_wconf 89' lang='lat' dir='ltr'><strong>sisset,et</strong></span> <span class='ocrx_word' id='word_1_45' title='bbox 681 887 871 968; x_wconf 83' lang='lat' dir='ltr'><strong>ipsam</strong></span> <span class='ocrx_word' id='word_1_46' title='bbox 898 902 1031 966; x_wconf 84' lang='lat' dir='ltr'><strong>qua</strong></span> <span class='ocrx_word' id='word_1_47' title='bbox 1055 881 1238 943; x_wconf 90' lang='lat' dir='ltr'><strong>missa</strong></span> <span class='ocrx_word' id='word_1_48' title='bbox 1258 880 1452 943; x_wconf 81' lang='lat' dir='ltr'><strong>fuerat</strong></span> <span class='ocrx_word' id='word_1_49' title='bbox 1467 900 1558 942; x_wconf 91' lang='lat' dir='ltr'><strong>am</strong></span> <span class='ocrx_word' id='word_1_50' title='bbox 1570 882 2035 963; x_wconf 87' lang='lat' dir='ltr'><strong>phoram,quin-</strong></span> 
     </span>
    </p>
   </div>
   <div class='ocr_carea' id='block_1_11' title="bbox 398 970 2040 1052">
    <p class='ocr_par' dir='ltr' id='par_1_11' title="bbox 398 970 2040 1052">
     <span class='ocr_line' id='line_1_11' title="bbox 398 970 2040 1052; baseline -0.005 -10"><span class='ocrx_word' id='word_1_51' title='bbox 398 979 572 1042; x_wconf 88' lang='lat' dir='ltr'><strong>etiam</strong></span> <span class='ocrx_word' id='word_1_52' title='bbox 607 996 640 1041; x_wconf 92' lang='lat' dir='ltr'><strong>e</strong></span> <span class='ocrx_word' id='word_1_53' title='bbox 669 995 778 1039; x_wconf 82' lang='lat' dir='ltr'><strong>suo</strong></span> <span class='ocrx_word' id='word_1_54' title='bbox 809 975 995 1039; x_wconf 89' lang='lat' dir='ltr'><strong>libras</strong></span> <span class='ocrx_word' id='word_1_55' title='bbox 1026 978 1332 1036; x_wconf 89' lang='lat' dir='ltr'><strong>trecentas</strong></span> <span class='ocrx_word' id='word_1_56' title='bbox 1382 970 1735 1052; x_wconf 86' lang='lat' dir='ltr'><strong>addidisset,</strong></span> <span class='ocrx_word' id='word_1_57' title='bbox 1767 973 2040 1035; x_wconf 82' lang='lat' dir='ltr'><strong>ascendit</strong></span> 
     </span>
    </p>
   </div>
   <div class='ocr_carea' id='block_1_12' title="bbox 398 1061 2037 1151">
    <p class='ocr_par' dir='ltr' id='par_1_12' title="bbox 398 1061 2037 1151">
     <span class='ocr_line' id='line_1_12' title="bbox 398 1061 2037 1151; baseline -0.005 -19"><span class='ocrx_word' id='word_1_58' title='bbox 398 1068 474 1133; x_wconf 89' lang='lat' dir='ltr'><strong>ad</strong></span> <span class='ocrx_word' id='word_1_59' title='bbox 504 1066 924 1151; x_wconf 88' lang='lat' dir='ltr'><strong>patriarcham,</strong></span> <span class='ocrx_word' id='word_1_60' title='bbox 948 1064 1181 1127; x_wconf 85' lang='lat' dir='ltr'><strong>veniam</strong></span> <span class='ocrx_word' id='word_1_61' title='bbox 1212 1061 1864 1144; x_wconf 87' lang='lat' dir='ltr'><strong>petensinconsiderati</strong></span> <span class='ocrx_word' id='word_1_62' title='bbox 1887 1081 2037 1125; x_wconf 92' lang='lat' dir='ltr'><strong>con-</strong></span> 
     </span>
    </p>
   </div>
   <div class='ocr_carea' id='block_1_13' title="bbox 401 1151 2044 1233">
    <p class='ocr_par' dir='ltr' id='par_1_13' title="bbox 401 1151 2044 1233">
     <span class='ocr_line' id='line_1_13' title="bbox 401 1151 2044 1233; baseline -0.005 -10"><span class='ocrx_word' id='word_1_63' title='bbox 401 1157 544 1223; x_wconf 85' lang='lat' dir='ltr'><strong>silii.</strong></span> <span class='ocrx_word' id='word_1_64' title='bbox 578 1157 688 1221; x_wconf 88' lang='lat' dir='ltr'><strong>llle</strong></span> <span class='ocrx_word' id='word_1_65' title='bbox 714 1164 913 1220; x_wconf 89' lang='lat' dir='ltr'><strong>autem</strong></span> <span class='ocrx_word' id='word_1_66' title='bbox 945 1173 1079 1218; x_wconf 89' lang='lat' dir='ltr'><strong>eum</strong></span> <span class='ocrx_word' id='word_1_67' title='bbox 1112 1153 1372 1215; x_wconf 84' lang='lat' dir='ltr'><strong>libenter</strong></span> <span class='ocrx_word' id='word_1_68' title='bbox 1399 1151 1739 1233; x_wconf 79' lang='lat' dir='ltr'><strong>excipiens,‘</strong></span> <span class='ocrx_word' id='word_1_69' title='bbox 1760 1171 1957 1233; x_wconf 88' lang='lat' dir='ltr'><strong>neque</strong></span> <span class='ocrx_word' id='word_1_70' title='bbox 1988 1153 2044 1215; x_wconf 90' lang='lat' dir='ltr'><strong>ei</strong></span> 
     </span>
    </p>
   </div>
   <div class='ocr_carea' id='block_1_14' title="bbox 404 1243 2048 1326">
    <p class='ocr_par' dir='ltr' id='par_1_14' title="bbox 404 1243 2048 1326">
     <span class='ocr_line' id='line_1_14' title="bbox 404 1243 2048 1326; baseline -0.007 -14"><span class='ocrx_word' id='word_1_71' title='bbox 404 1248 991 1326; x_wconf 71' lang='lat' dir='ltr'><strong>exprobravitmeqne</strong></span> <span class='ocrx_word' id='word_1_72' title='bbox 1016 1245 1237 1318; x_wconf 80' lang='lat' dir='ltr'><strong>aliquid</strong></span> <span class='ocrx_word' id='word_1_73' title='bbox 1259 1244 1490 1303; x_wconf 88' lang='lat' dir='ltr'><strong>locutus</strong></span> <span class='ocrx_word' id='word_1_74' title='bbox 1510 1244 1777 1316; x_wconf 87' lang='lat' dir='ltr'><strong>est,quod</strong></span> <span class='ocrx_word' id='word_1_75' title='bbox 1802 1247 1853 1303; x_wconf 88' lang='lat' dir='ltr'><strong>ei</strong></span> <span class='ocrx_word' id='word_1_76' title='bbox 1880 1243 2048 1302; x_wconf 61' lang='lat' dir='ltr'><strong>affar-</strong></span> 
     </span>
    </p>
   </div>
   <div class='ocr_carea' id='block_1_15' title="bbox 403 1327 2050 1413">
    <p class='ocr_par' dir='ltr' id='par_1_15' title="bbox 403 1327 2050 1413">
     <span class='ocr_line' id='line_1_15' title="bbox 403 1327 2050 1413; baseline -0.006 -12"><span class='ocrx_word' id='word_1_77' title='bbox 403 1348 496 1402; x_wconf 92' lang='lat' dir='ltr'><strong>ret</strong></span> <span class='ocrx_word' id='word_1_78' title='bbox 518 1332 990 1400; x_wconf 78' lang='lat' dir='ltr'><strong>molestiamzsed</strong></span> <span class='ocrx_word' id='word_1_79' title='bbox 1007 1332 1205 1394; x_wconf 87' lang='lat' dir='ltr'><strong>verbis</strong></span> <span class='ocrx_word' id='word_1_80' title='bbox 1226 1335 1424 1413; x_wconf 88' lang='lat' dir='ltr'><strong>potius</strong></span> <span class='ocrx_word' id='word_1_81' title='bbox 1446 1327 1712 1390; x_wconf 89' lang='lat' dir='ltr'><strong>animum</strong></span> <span class='ocrx_word' id='word_1_82' title='bbox 1736 1330 2050 1392; x_wconf 83' lang='lat' dir='ltr'><strong>consolan-</strong></span> 
     </span>
    </p>
   </div>
   <div class='ocr_carea' id='block_1_16' title="bbox 2116 524 3756 605">
    <p class='ocr_par' dir='ltr' id='par_1_16' title="bbox 2116 524 3756 605">
     <span class='ocr_line' id='line_1_16' title="bbox 2116 524 3756 605; baseline 0.002 -25"><span class='ocrx_word' id='word_1_83' title='bbox 2116 524 2355 605; x_wconf 87' lang='grc' dir='ltr'>άρετος),</span> <span class='ocrx_word' id='word_1_84' title='bbox 2391 530 2465 601; x_wconf 73' lang='grc' dir='ltr'>Ζῇ</span> <span class='ocrx_word' id='word_1_85' title='bbox 2510 526 2725 605; x_wconf 87' lang='grc' dir='ltr'>Κύριος,</span> <span class='ocrx_word' id='word_1_86' title='bbox 2771 524 3074 601; x_wconf 77' lang='grc' dir='ltr'>ἐξεϐόησεν,</span> <span class='ocrx_word' id='word_1_87' title='bbox 3121 525 3236 583; x_wconf 73' lang='grc' dir='ltr'>οὐδὲ</span> <span class='ocrx_word' id='word_1_88' title='bbox 3280 529 3308 584; x_wconf 80' lang='grc' dir='ltr'>ὁ</span> <span class='ocrx_word' id='word_1_89' title='bbox 3369 528 3617 591; x_wconf 80' lang='grc' dir='ltr'>ταπεινὸς</span> <span class='ocrx_word' id='word_1_90' title='bbox 3650 536 3756 585; x_wconf 77' lang='grc' dir='ltr'><strong>Νι-</strong></span> 
     </span>
    </p>
   </div>
   <div class='ocr_carea' id='block_1_17' title="bbox 2115 615 3428 693">
    <p class='ocr_par' dir='ltr' id='par_1_17' title="bbox 2115 615 3428 693">
     <span class='ocr_line' id='line_1_17' title="bbox 2115 615 3428 693; baseline 0.004 -22"><span class='ocrx_word' id='word_1_91' title='bbox 2115 616 2286 685; x_wconf 86' lang='grc' dir='ltr'>κήτας</span> <span class='ocrx_word' id='word_1_92' title='bbox 2319 620 2577 671; x_wconf 83' lang='grc' dir='ltr'>στενῶσαι</span> <span class='ocrx_word' id='word_1_93' title='bbox 2610 625 2795 675; x_wconf 78' lang='grc' dir='ltr'>τοῦτον</span> <span class='ocrx_word' id='word_1_94' title='bbox 2822 618 3137 693; x_wconf 76' lang='grc' dir='ltr'>πειραθῆναι</span> <span class='ocrx_word' id='word_1_95' title='bbox 3169 615 3428 683; x_wconf 71' lang='grc' dir='ltr'>ἀνέξεται.</span> 
     </span>
    </p>
   </div>
   <div class='ocr_carea' id='block_1_18' title="bbox 2201 704 3758 787">
    <p class='ocr_par' dir='ltr' id='par_1_18' title="bbox 2201 704 3758 787">
     <span class='ocr_line' id='line_1_18' title="bbox 2201 704 3758 787; baseline 0.002 -26"><span class='ocrx_word' id='word_1_96' title='bbox 2201 707 2332 767; x_wconf 72' lang='lat' dir='ltr'><strong>KA‘.</strong></span> <span class='ocrx_word' id='word_1_97' title='bbox 2378 705 2682 779; x_wconf 85' lang='grc' dir='ltr'>Παραυτίκα</span> <span class='ocrx_word' id='word_1_98' title='bbox 2730 706 2902 763; x_wconf 86' lang='grc' dir='ltr'>τοίνυν</span> <span class='ocrx_word' id='word_1_99' title='bbox 2943 704 3247 780; x_wconf 75' lang='grc' dir='ltr'>διαναστὰς,</span> <span class='ocrx_word' id='word_1_100' title='bbox 3283 707 3466 764; x_wconf 75' lang='grc' dir='ltr'>καὶτὰ</span> <span class='ocrx_word' id='word_1_101' title='bbox 3495 708 3758 787; x_wconf 79' lang='grc' dir='ltr'>χρήματα</span> 
     </span>
    </p>
   </div>
   <div class='ocr_carea' id='block_1_19' title="bbox 2118 791 3760 877">
    <p class='ocr_par' dir='ltr' id='par_1_19' title="bbox 2118 791 3760 877">
     <span class='ocr_line' id='line_1_19' title="bbox 2118 791 3760 877; baseline -0.001 -25"><span class='ocrx_word' id='word_1_102' title='bbox 2118 794 2291 852; x_wconf 78' lang='grc' dir='ltr'>πάντα</span> <span class='ocrx_word' id='word_1_103' title='bbox 2344 793 2443 849; x_wconf 80' lang='grc' dir='ltr'>ὅσα</span> <span class='ocrx_word' id='word_1_104' title='bbox 2473 791 2539 861; x_wconf 79' lang='grc' dir='ltr'><strong>δὴ</strong></span> <span class='ocrx_word' id='word_1_105' title='bbox 2568 795 2653 851; x_wconf 72' lang='grc' dir='ltr'><strong>καὶ</strong></span> <span class='ocrx_word' id='word_1_106' title='bbox 2701 794 2768 851; x_wconf 85' lang='grc' dir='ltr'><strong>τὰ</strong></span> <span class='ocrx_word' id='word_1_107' title='bbox 2809 796 2908 862; x_wconf 75' lang='grc' dir='ltr'>τῆς</span> <span class='ocrx_word' id='word_1_108' title='bbox 2957 794 3245 862; x_wconf 80' lang='grc' dir='ltr'>ἐκκλησίας</span> <span class='ocrx_word' id='word_1_109' title='bbox 3289 796 3536 877; x_wconf 72' lang='grc' dir='ltr'>ἀφείλετο</span> <span class='ocrx_word' id='word_1_110' title='bbox 3596 796 3760 853; x_wconf 80' lang='grc' dir='ltr'>πάλιν</span> 
     </span>
    </p>
   </div>
   <div class='ocr_carea' id='block_1_20' title="bbox 2119 881 3764 964">
    <p class='ocr_par' dir='ltr' id='par_1_20' title="bbox 2119 881 3764 964">
     <span class='ocr_line' id='line_1_20' title="bbox 2119 881 3764 964; baseline 0.002 -25"><span class='ocrx_word' id='word_1_111' title='bbox 2119 881 2422 956; x_wconf 78' lang='grc' dir='ltr'>ἀναλαϐὼν,</span> <span class='ocrx_word' id='word_1_112' title='bbox 2482 884 2571 940; x_wconf 85' lang='grc' dir='ltr'><strong>καὶ</strong></span> <span class='ocrx_word' id='word_1_113' title='bbox 2628 883 2755 941; x_wconf 71' lang='grc' dir='ltr'>αὐτὸ</span> <span class='ocrx_word' id='word_1_114' title='bbox 2811 886 2873 941; x_wconf 68' lang='grc' dir='ltr'><strong>τὸ</strong></span> <span class='ocrx_word' id='word_1_115' title='bbox 2916 883 3105 942; x_wconf 75' lang='grc' dir='ltr'>σταλέν</span> <span class='ocrx_word' id='word_1_116' title='bbox 3144 887 3422 964; x_wconf 77' lang='grc' dir='ltr'>κεράμιον,</span> <span class='ocrx_word' id='word_1_117' title='bbox 3484 885 3622 942; x_wconf 73' lang='grc' dir='ltr'>ἀλλὰ</span> <span class='ocrx_word' id='word_1_118' title='bbox 3671 886 3764 942; x_wconf 78' lang='grc' dir='ltr'><strong>καὶ</strong></span> 
     </span>
    </p>
   </div>
   <div class='ocr_carea' id='block_1_21' title="bbox 2119 970 3759 1052">
    <p class='ocr_par' dir='ltr' id='par_1_21' title="bbox 2119 970 3759 1052">
     <span class='ocr_line' id='line_1_21' title="bbox 2119 970 3759 1052; baseline 0.002 -23"><span class='ocrx_word' id='word_1_119' title='bbox 2119 970 2244 1051; x_wconf 81' lang='grc' dir='ltr'>παρ’</span> <span class='ocrx_word' id='word_1_120' title='bbox 2296 972 2485 1029; x_wconf 78' lang='grc' dir='ltr'>ἑαυτοῦ</span> <span class='ocrx_word' id='word_1_121' title='bbox 2539 972 2760 1052; x_wconf 79' lang='grc' dir='ltr'>χρυσίου</span> <span class='ocrx_word' id='word_1_122' title='bbox 2802 972 2982 1052; x_wconf 93' lang='grc' dir='ltr'>λίτρας</span> <span class='ocrx_word' id='word_1_123' title='bbox 3035 976 3341 1051; x_wconf 83' lang='grc' dir='ltr'>τριακοσίας</span> <span class='ocrx_word' id='word_1_124' title='bbox 3394 976 3759 1052; x_wconf 75' lang='grc' dir='ltr'>προσεπιθεὶς,</span> 
     </span>
    </p>
   </div>
   <div class='ocr_carea' id='block_1_22' title="bbox 2125 1061 3764 1143">
    <p class='ocr_par' dir='ltr' id='par_1_22' title="bbox 2125 1061 3764 1143">
     <span class='ocr_line' id='line_1_22' title="bbox 2125 1061 3764 1143; baseline 0.004 -25"><span class='ocrx_word' id='word_1_125' title='bbox 2125 1061 2289 1118; x_wconf 77' lang='grc' dir='ltr'>ἄνεισι</span> <span class='ocrx_word' id='word_1_126' title='bbox 2333 1064 2463 1140; x_wconf 77' lang='grc' dir='ltr'>πρὸς</span> <span class='ocrx_word' id='word_1_127' title='bbox 2509 1064 2599 1118; x_wconf 81' lang='grc' dir='ltr'>τὸν</span> <span class='ocrx_word' id='word_1_128' title='bbox 2659 1063 3022 1143; x_wconf 70' lang='grc' dir='ltr'>πατριάρχην,</span> <span class='ocrx_word' id='word_1_129' title='bbox 3071 1065 3395 1143; x_wconf 81' lang='grc' dir='ltr'><strong>συγγνώμην</strong></span> <span class='ocrx_word' id='word_1_130' title='bbox 3438 1071 3537 1132; x_wconf 76' lang='grc' dir='ltr'>τῆς</span> <span class='ocrx_word' id='word_1_131' title='bbox 3595 1064 3764 1125; x_wconf 60' lang='lat' dir='ltr'><strong>Men-</strong></span> 
     </span>
    </p>
   </div>
   <div class='ocr_carea' id='block_1_23' title="bbox 2127 1150 3766 1231">
    <p class='ocr_par' dir='ltr' id='par_1_23' title="bbox 2127 1150 3766 1231">
     <span class='ocr_line' id='line_1_23' title="bbox 2127 1150 3766 1231; baseline 0.003 -24"><span class='ocrx_word' id='word_1_132' title='bbox 2127 1151 2243 1214; x_wconf 87' lang='grc' dir='ltr'>λίας</span> <span class='ocrx_word' id='word_1_133' title='bbox 2289 1151 2619 1226; x_wconf 68' lang='grc' dir='ltr'>αἰτούμενος.</span> <span class='ocrx_word' id='word_1_134' title='bbox 2694 1150 2764 1210; x_wconf 79' lang='grc' dir='ltr'><strong>”Ο</strong></span> <span class='ocrx_word' id='word_1_135' title='bbox 2823 1151 2878 1208; x_wconf 78' lang='grc' dir='ltr'><strong>δὲ</strong></span> <span class='ocrx_word' id='word_1_136' title='bbox 2941 1153 3187 1227; x_wconf 74' lang='grc' dir='ltr'>ἀσμένως</span> <span class='ocrx_word' id='word_1_137' title='bbox 3246 1155 3403 1213; x_wconf 75' lang='grc' dir='ltr'>αὒτὸν</span> <span class='ocrx_word' id='word_1_138' title='bbox 3453 1154 3766 1231; x_wconf 77' lang='grc' dir='ltr'>δεξάμενος,</span> 
     </span>
    </p>
   </div>
   <div class='ocr_carea' id='block_1_24' title="bbox 2128 1238 3769 1325">
    <p class='ocr_par' dir='ltr' id='par_1_24' title="bbox 2128 1238 3769 1325">
     <span class='ocr_line' id='line_1_24' title="bbox 2128 1238 3769 1325; baseline 0.002 -29"><span class='ocrx_word' id='word_1_139' title='bbox 2128 1238 2247 1296; x_wconf 72' lang='grc' dir='ltr'>οὕτε</span> <span class='ocrx_word' id='word_1_140' title='bbox 2304 1239 2592 1310; x_wconf 83' lang='grc' dir='ltr'>ὠνείδισεν,</span> <span class='ocrx_word' id='word_1_141' title='bbox 2653 1241 2771 1297; x_wconf 73' lang='grc' dir='ltr'>οὔτε</span> <span class='ocrx_word' id='word_1_142' title='bbox 2814 1264 2864 1298; x_wconf 88' lang='grc' dir='ltr'><strong>τι</strong></span> <span class='ocrx_word' id='word_1_143' title='bbox 2912 1249 3017 1299; x_wconf 84' lang='grc' dir='ltr'><strong>τῶν</strong></span> <span class='ocrx_word' id='word_1_144' title='bbox 3068 1243 3372 1303; x_wconf 81' lang='grc' dir='ltr'>λυπούντων</span> <span class='ocrx_word' id='word_1_145' title='bbox 3402 1244 3769 1325; x_wconf 70' lang='grc' dir='ltr'><strong>ἀπεφθέγξατο</strong></span> 
     </span>
    </p>
   </div>
   <div class='ocr_carea' id='block_1_25' title="bbox 2130 1327 3768 1415">
    <p class='ocr_par' dir='ltr' id='par_1_25' title="bbox 2130 1327 3768 1415">
     <span class='ocr_line' id='line_1_25' title="bbox 2130 1327 3768 1415; baseline 0.001 -28"><span class='ocrx_word' id='word_1_146' title='bbox 2130 1329 2262 1407; x_wconf 67' lang='grc' dir='ltr'>πρὸς</span> <span class='ocrx_word' id='word_1_147' title='bbox 2320 1329 2477 1386; x_wconf 70' lang='grc' dir='ltr'>αὐτόν</span> <span class='ocrx_word' id='word_1_148' title='bbox 2512 1349 2526 1365; x_wconf 78' lang='grc' dir='ltr'><strong>ο</strong></span> <span class='ocrx_word' id='word_1_149' title='bbox 2574 1327 2755 1405; x_wconf 87' lang='grc' dir='ltr'>)όγοις</span> <span class='ocrx_word' id='word_1_150' title='bbox 2814 1328 2869 1387; x_wconf 77' lang='grc' dir='ltr'>δὲ</span> <span class='ocrx_word' id='word_1_151' title='bbox 2928 1331 3134 1407; x_wconf 82' lang='grc' dir='ltr'>μᾶλλον</span> <span class='ocrx_word' id='word_1_152' title='bbox 3163 1336 3529 1414; x_wconf 76' lang='grc' dir='ltr'>παρακαλοῦσι</span> <span class='ocrx_word' id='word_1_153' title='bbox 3554 1336 3768 1415; x_wconf 65' lang='grc' dir='ltr'>ψυχὴν,</span> 
     </span>
    </p>
   </div>
   <div class='ocr_carea' id='block_1_26' title="bbox 406 1418 2075 1506">
    <p class='ocr_par' dir='ltr' id='par_1_26' title="bbox 406 1419 2045 1506">
     <span class='ocr_line' id='line_1_26' title="bbox 406 1419 2045 1506; baseline -0.007 -13"><span class='ocrx_word' id='word_1_154' title='bbox 406 1428 567 1493; x_wconf 83' lang='lat' dir='ltr'><strong>tibus</strong></span> <span class='ocrx_word' id='word_1_155' title='bbox 582 1435 643 1490; x_wconf 89' lang='lat' dir='ltr'><strong>et</strong></span> <span class='ocrx_word' id='word_1_156' title='bbox 663 1422 1071 1506; x_wconf 79' lang='lat' dir='ltr'><strong>Spiritnalibus</strong></span> <span class='ocrx_word' id='word_1_157' title='bbox 1093 1419 1606 1484; x_wconf 85' lang='lat' dir='ltr'><strong>admonitionibus</strong></span> <span class='ocrx_word' id='word_1_158' title='bbox 1628 1420 2045 1482; x_wconf 83' lang='lat' dir='ltr'><strong>conﬁrmatum</strong></span> 
     </span>
    </p>
   </div>
   <div class='ocr_carea' id='block_1_27' title="bbox 2164 1418 3771 1506">
    <p class='ocr_par' dir='ltr' id='par_1_27' title="bbox 2164 1418 3771 1500">
     <span class='ocr_line' id='line_1_27' title="bbox 2164 1418 3771 1500; baseline 0.004 -27"><span class='ocrx_word' id='word_1_159' title='bbox 2164 1421 2221 1476; x_wconf 66' lang='lat' dir='ltr'><strong>ai</strong></span> <span class='ocrx_word' id='word_1_160' title='bbox 2277 1419 2575 1482; x_wconf 75' lang='grc' dir='ltr'>νουθεσίαις</span> <span class='ocrx_word' id='word_1_161' title='bbox 2624 1418 2965 1498; x_wconf 82' lang='grc' dir='ltr'>ἐπιστηρίξας</span> <span class='ocrx_word' id='word_1_162' title='bbox 3019 1439 3427 1500; x_wconf 74' lang='grc' dir='ltr'><strong>πνευματικαῖς,</strong></span> <span class='ocrx_word' id='word_1_163' title='bbox 3461 1424 3771 1487; x_wconf 79' lang='grc' dir='ltr'>ἀπέστειλε,</span> 
     </span>
    </p>
   </div>
   <div class='ocr_carea' id='block_1_28' title="bbox 408 1506 2075 1595">
    <p class='ocr_par' dir='ltr' id='par_1_28' title="bbox 408 1510 2053 1591">
     <span class='ocr_line' id='line_1_28' title="bbox 408 1510 2053 1591; baseline -0.007 -8"><span class='ocrx_word' id='word_1_164' title='bbox 408 1516 777 1583; x_wconf 79' lang='lat' dir='ltr'><strong>amandavit.</strong></span> <span class='ocrx_word' id='word_1_165' title='bbox 818 1513 907 1577; x_wconf 85' lang='lat' dir='ltr'><strong>Ab</strong></span> <span class='ocrx_word' id='word_1_166' title='bbox 937 1532 1009 1576; x_wconf 91' lang='lat' dir='ltr'><strong>eo</strong></span> <span class='ocrx_word' id='word_1_167' title='bbox 1042 1520 1240 1574; x_wconf 89' lang='lat' dir='ltr'><strong>autem</strong></span> <span class='ocrx_word' id='word_1_168' title='bbox 1276 1520 1546 1591; x_wconf 88' lang='lat' dir='ltr'><strong>tempore</strong></span> <span class='ocrx_word' id='word_1_169' title='bbox 1599 1515 1758 1570; x_wconf 90' lang='lat' dir='ltr'><strong>tanto</strong></span> <span class='ocrx_word' id='word_1_170' title='bbox 1812 1510 2053 1572; x_wconf 88' lang='lat' dir='ltr'><strong>fuerunt</strong></span> 
     </span>
    </p>
   </div>
   <div class='ocr_carea' id='block_1_29' title="bbox 2164 1506 3770 1595">
    <p class='ocr_par' dir='ltr' id='par_1_29' title="bbox 2164 1506 3770 1595">
     <span class='ocr_line' id='line_1_29' title="bbox 2164 1506 3770 1595; baseline 0.003 -29"><span class='ocrx_word' id='word_1_171' title='bbox 2164 1509 2231 1566; x_wconf 75' lang='grc' dir='ltr'><strong>ἰαὶ</strong></span> <span class='ocrx_word' id='word_1_172' title='bbox 2271 1508 2331 1563; x_wconf 81' lang='grc' dir='ltr'>τὸ</span> <span class='ocrx_word' id='word_1_173' title='bbox 2372 1508 2480 1564; x_wconf 82' lang='grc' dir='ltr'><strong>ἀπὸ</strong></span> <span class='ocrx_word' id='word_1_174' title='bbox 2524 1506 2672 1567; x_wconf 77' lang='grc' dir='ltr'>τοῦδε</span> <span class='ocrx_word' id='word_1_175' title='bbox 2716 1508 2858 1567; x_wconf 72' lang='grc' dir='ltr'>οὕτω</span> <span class='ocrx_word' id='word_1_176' title='bbox 2910 1514 3041 1590; x_wconf 80' lang='grc' dir='ltr'>πρὸς</span> <span class='ocrx_word' id='word_1_177' title='bbox 3072 1512 3247 1592; x_wconf 72' lang='grc' dir='ltr'>φιλίαν</span> <span class='ocrx_word' id='word_1_178' title='bbox 3295 1514 3551 1586; x_wconf 73' lang='grc' dir='ltr'>ἀλλήλοις</span> <span class='ocrx_word' id='word_1_179' title='bbox 3584 1516 3770 1595; x_wconf 70' lang='grc' dir='ltr'>ἀμφό-</span> 
     </span>
    </p>
   </div>
   <div class='ocr_carea' id='block_1_30' title="bbox 407 1596 2075 1685">
    <p class='ocr_par' dir='ltr' id='par_1_30' title="bbox 407 1598 2049 1685">
     <span class='ocr_line' id='line_1_30' title="bbox 407 1598 2049 1685; baseline -0.007 -14"><span class='ocrx_word' id='word_1_180' title='bbox 407 1609 573 1672; x_wconf 88' lang='lat' dir='ltr'><strong>inter</strong></span> <span class='ocrx_word' id='word_1_181' title='bbox 600 1625 670 1669; x_wconf 91' lang='lat' dir='ltr'><strong>se</strong></span> <span class='ocrx_word' id='word_1_182' title='bbox 699 1602 1005 1685; x_wconf 85' lang='lat' dir='ltr'><strong>conjuncti</strong></span> <span class='ocrx_word' id='word_1_183' title='bbox 1034 1601 1270 1664; x_wconf 88' lang='lat' dir='ltr'><strong>vinculo</strong></span> <span class='ocrx_word' id='word_1_184' title='bbox 1302 1598 1602 1672; x_wconf 90' lang='lat' dir='ltr'><strong>amicitia,</strong></span> <span class='ocrx_word' id='word_1_185' title='bbox 1640 1606 1703 1658; x_wconf 93' lang='lat' dir='ltr'><strong>ut</strong></span> <span class='ocrx_word' id='word_1_186' title='bbox 1733 1599 1911 1660; x_wconf 90' lang='lat' dir='ltr'><strong>etiam</strong></span> <span class='ocrx_word' id='word_1_187' title='bbox 1947 1618 2049 1679; x_wconf 90' lang='lat' dir='ltr'><strong>pa-</strong></span> 
     </span>
    </p>
   </div>
   <div class='ocr_carea' id='block_1_31' title="bbox 2164 1596 3775 1685">
    <p class='ocr_par' dir='ltr' id='par_1_31' title="bbox 2166 1596 3775 1683">
     <span class='ocr_line' id='line_1_31' title="bbox 2166 1596 3775 1683; baseline 0.006 -30"><span class='ocrx_word' id='word_1_188' title='bbox 2166 1619 2273 1676; x_wconf 89' lang='grc' dir='ltr'>εροι</span> <span class='ocrx_word' id='word_1_189' title='bbox 2318 1596 2695 1671; x_wconf 80' lang='grc' dir='ltr'><strong>συνεδέθησαν,</strong></span> <span class='ocrx_word' id='word_1_190' title='bbox 2745 1602 2818 1663; x_wconf 79' lang='grc' dir='ltr'>ὡς</span> <span class='ocrx_word' id='word_1_191' title='bbox 2869 1602 2959 1657; x_wconf 86' lang='grc' dir='ltr'><strong>καὶ</strong></span> <span class='ocrx_word' id='word_1_192' title='bbox 3011 1601 3277 1683; x_wconf 74' lang='grc' dir='ltr'>ἂνάδοχον</span> <span class='ocrx_word' id='word_1_193' title='bbox 3306 1611 3411 1662; x_wconf 84' lang='grc' dir='ltr'><strong>τῶν</strong></span> <span class='ocrx_word' id='word_1_194' title='bbox 3440 1605 3598 1662; x_wconf 72' lang='grc' dir='ltr'><strong>αὒτοῦ</strong></span> <span class='ocrx_word' id='word_1_195' title='bbox 3640 1606 3775 1662; x_wconf 81' lang='grc' dir='ltr'>παί-</span> 
     </span>
    </p>
   </div>
   <div class='ocr_carea' id='block_1_32' title="bbox 409 1686 2075 1771">
    <p class='ocr_par' dir='ltr' id='par_1_32' title="bbox 409 1686 2054 1771">
     <span class='ocr_line' id='line_1_32' title="bbox 409 1686 2054 1771; baseline -0.007 -10"><span class='ocrx_word' id='word_1_196' title='bbox 409 1697 670 1761; x_wconf 85' lang='lat' dir='ltr'><strong>triarcba</strong></span> <span class='ocrx_word' id='word_1_197' title='bbox 702 1695 885 1758; x_wconf 86' lang='lat' dir='ltr'><strong>fuerit</strong></span> <span class='ocrx_word' id='word_1_198' title='bbox 915 1696 1043 1771; x_wconf 83' lang='lat' dir='ltr'><strong>ejus</strong></span> <span class='ocrx_word' id='word_1_199' title='bbox 1083 1691 1345 1754; x_wconf 86' lang='lat' dir='ltr'><strong>filiorum</strong></span> <span class='ocrx_word' id='word_1_200' title='bbox 1385 1695 1723 1769; x_wconf 82' lang='lat' dir='ltr'><strong>susceptor.</strong></span> <span class='ocrx_word' id='word_1_201' title='bbox 1755 1686 1829 1751; x_wconf 87' lang='lat' dir='ltr'><strong>Ut</strong></span> <span class='ocrx_word' id='word_1_202' title='bbox 1855 1697 2054 1750; x_wconf 87' lang='lat' dir='ltr'><strong>autem</strong></span> 
     </span>
    </p>
   </div>
   <div class='ocr_carea' id='block_1_33' title="bbox 2164 1686 3779 1771">
    <p class='ocr_par' dir='ltr' id='par_1_33' title="bbox 2167 1686 3779 1771">
     <span class='ocr_line' id='line_1_33' title="bbox 2167 1686 3779 1771; baseline 0.006 -30"><span class='ocrx_word' id='word_1_203' title='bbox 2167 1709 2237 1743; x_wconf 77' lang='grc' dir='ltr'><strong>ων</strong></span> <span class='ocrx_word' id='word_1_204' title='bbox 2300 1686 2543 1764; x_wconf 79' lang='grc' dir='ltr'>γενέσθαι</span> <span class='ocrx_word' id='word_1_205' title='bbox 2585 1688 2679 1743; x_wconf 80' lang='grc' dir='ltr'><strong>τὸν</strong></span> <span class='ocrx_word' id='word_1_206' title='bbox 2729 1690 3092 1771; x_wconf 79' lang='grc' dir='ltr'>πατριάρχην.</span> <span class='ocrx_word' id='word_1_207' title='bbox 3126 1691 3243 1749; x_wconf 77' lang='grc' dir='ltr'>Ἵνα</span> <span class='ocrx_word' id='word_1_208' title='bbox 3272 1691 3327 1750; x_wconf 63' lang='lat' dir='ltr'><strong>EE</strong></span> <span class='ocrx_word' id='word_1_209' title='bbox 3378 1696 3456 1769; x_wconf 82' lang='grc' dir='ltr'>μὴ</span> <span class='ocrx_word' id='word_1_210' title='bbox 3488 1695 3650 1769; x_wconf 78' lang='grc' dir='ltr'>μόνον</span> <span class='ocrx_word' id='word_1_211' title='bbox 3692 1693 3779 1750; x_wconf 74' lang='grc' dir='ltr'><strong>διὰ</strong></span> 
     </span>
    </p>
   </div>
   <div class='ocr_carea' id='block_1_34' title="bbox 413 1775 2075 1866">
    <p class='ocr_par' dir='ltr' id='par_1_34' title="bbox 413 1778 2057 1866">
     <span class='ocr_line' id='line_1_34' title="bbox 413 1778 2057 1866; baseline -0.008 -14"><span class='ocrx_word' id='word_1_212' title='bbox 413 1807 538 1852; x_wconf 84' lang='lat' dir='ltr'><strong>non</strong></span> <span class='ocrx_word' id='word_1_213' title='bbox 560 1787 756 1850; x_wconf 89' lang='lat' dir='ltr'><strong>solum</strong></span> <span class='ocrx_word' id='word_1_214' title='bbox 786 1802 892 1866; x_wconf 90' lang='lat' dir='ltr'><strong>per</strong></span> <span class='ocrx_word' id='word_1_215' title='bbox 913 1781 1255 1846; x_wconf 86' lang='lat' dir='ltr'><strong>uberiorem</strong></span> <span class='ocrx_word' id='word_1_216' title='bbox 1278 1779 1594 1859; x_wconf 83' lang='lat' dir='ltr'><strong>laxamque</strong></span> <span class='ocrx_word' id='word_1_217' title='bbox 1618 1785 1676 1839; x_wconf 91' lang='lat' dir='ltr'><strong>et</strong></span> <span class='ocrx_word' id='word_1_218' title='bbox 1695 1778 1945 1840; x_wconf 83' lang='lat' dir='ltr'><strong>solutam</strong></span> <span class='ocrx_word' id='word_1_219' title='bbox 1970 1778 2057 1839; x_wconf 90' lang='lat' dir='ltr'><strong>vi-</strong></span> 
     </span>
    </p>
   </div>
   <div class='ocr_carea' id='block_1_35' title="bbox 2164 1775 3775 1866">
    <p class='ocr_par' dir='ltr' id='par_1_35' title="bbox 2164 1775 3775 1866">
     <span class='ocr_line' id='line_1_35' title="bbox 2164 1775 3775 1866; baseline 0.004 -34"><span class='ocrx_word' id='word_1_220' title='bbox 2164 1776 2236 1843; x_wconf 76' lang='grc' dir='ltr'>τῆς</span> <span class='ocrx_word' id='word_1_221' title='bbox 2291 1775 2656 1866; x_wconf 75' lang='grc' dir='ltr'>ἀφθονωτέρας</span> <span class='ocrx_word' id='word_1_222' title='bbox 2718 1778 2937 1857; x_wconf 69' lang='grc' dir='ltr'>ἀγωγῆς</span> <span class='ocrx_word' id='word_1_223' title='bbox 2981 1783 3070 1837; x_wconf 79' lang='grc' dir='ltr'><strong>καὶ</strong></span> <span class='ocrx_word' id='word_1_224' title='bbox 3119 1782 3330 1863; x_wconf 85' lang='grc' dir='ltr'>ἆνέτου,</span> <span class='ocrx_word' id='word_1_225' title='bbox 3363 1787 3424 1840; x_wconf 85' lang='grc' dir='ltr'>τὸ</span> <span class='ocrx_word' id='word_1_226' title='bbox 3454 1782 3775 1862; x_wconf 66' lang='grc' dir='ltr'>ἆπαρὶϐλη-</span> 
     </span>
    </p>
   </div>
   <div class='ocr_carea' id='block_1_36' title="bbox 413 1864 2075 1952">
    <p class='ocr_par' dir='ltr' id='par_1_36' title="bbox 413 1864 2058 1952">
     <span class='ocr_line' id='line_1_36' title="bbox 413 1864 2058 1952; baseline -0.007 -10"><span class='ocrx_word' id='word_1_227' title='bbox 413 1877 593 1942; x_wconf 88' lang='lat' dir='ltr'><strong>vendi</strong></span> <span class='ocrx_word' id='word_1_228' title='bbox 612 1864 908 1939; x_wconf 87' lang='lat' dir='ltr'><strong>rationem</strong></span> <span class='ocrx_word' id='word_1_229' title='bbox 940 1877 1406 1952; x_wconf 80' lang='lat' dir='ltr'><strong>cognosceretur</strong></span> <span class='ocrx_word' id='word_1_230' title='bbox 1423 1869 1658 1929; x_wconf 90' lang='lat' dir='ltr'><strong>animus</strong></span> <span class='ocrx_word' id='word_1_231' title='bbox 1680 1870 1808 1947; x_wconf 90' lang='lat' dir='ltr'><strong>ejus</strong></span> <span class='ocrx_word' id='word_1_232' title='bbox 1823 1871 2058 1931; x_wconf 85' lang='lat' dir='ltr'><strong>incom-</strong></span> 
     </span>
    </p>
   </div>
   <div class='ocr_carea' id='block_1_37' title="bbox 2164 1864 3776 1952">
    <p class='ocr_par' dir='ltr' id='par_1_37' title="bbox 2164 1864 3776 1952">
     <span class='ocr_line' id='line_1_37' title="bbox 2164 1864 3776 1952; baseline 0.004 -30"><span class='ocrx_word' id='word_1_233' title='bbox 2164 1867 2232 1923; x_wconf 75' lang='grc' dir='ltr'>τον</span> <span class='ocrx_word' id='word_1_234' title='bbox 2262 1870 2361 1933; x_wconf 76' lang='grc' dir='ltr'>τῆς</span> <span class='ocrx_word' id='word_1_235' title='bbox 2419 1865 2514 1922; x_wconf 75' lang='grc' dir='ltr'><strong>τοῦ</strong></span> <span class='ocrx_word' id='word_1_236' title='bbox 2557 1864 2739 1936; x_wconf 74' lang='grc' dir='ltr'>ἀνδρὸς</span> <span class='ocrx_word' id='word_1_237' title='bbox 2797 1874 3179 1952; x_wconf 72' lang='grc' dir='ltr'>προαιρέσεως,</span> <span class='ocrx_word' id='word_1_238' title='bbox 3231 1877 3330 1940; x_wconf 81' lang='grc' dir='ltr'><strong>τῆς</strong></span> <span class='ocrx_word' id='word_1_239' title='bbox 3375 1895 3432 1930; x_wconf 90' lang='grc' dir='ltr'><strong>τε</strong></span> <span class='ocrx_word' id='word_1_240' title='bbox 3480 1876 3612 1952; x_wconf 80' lang='grc' dir='ltr'>πρὸς</span> <span class='ocrx_word' id='word_1_241' title='bbox 3645 1875 3776 1931; x_wconf 78' lang='grc' dir='ltr'>Θεὸν</span> 
     </span>
    </p>
   </div>
   <div class='ocr_carea' id='block_1_38' title="bbox 419 1955 2075 2053">
    <p class='ocr_par' dir='ltr' id='par_1_38' title="bbox 419 1957 2060 2053">
     <span class='ocr_line' id='line_1_38' title="bbox 419 1957 2060 2053; baseline -0.007 -21"><span class='ocrx_word' id='word_1_242' title='bbox 419 1965 727 2053; x_wconf 89' lang='lat' dir='ltr'><strong>parabilis,</strong></span> <span class='ocrx_word' id='word_1_243' title='bbox 778 1972 838 2029; x_wconf 90' lang='lat' dir='ltr'><strong>et</strong></span> <span class='ocrx_word' id='word_1_244' title='bbox 896 1963 1055 2053; x_wconf 88' lang='lat' dir='ltr'><strong>bona</strong></span> <span class='ocrx_word' id='word_1_245' title='bbox 1085 1979 1225 2041; x_wconf 78' lang='lat' dir='ltr'><strong>Spes</strong></span> <span class='ocrx_word' id='word_1_246' title='bbox 1255 1960 1385 2039; x_wconf 89' lang='lat' dir='ltr'><strong>ejus</strong></span> <span class='ocrx_word' id='word_1_247' title='bbox 1415 1963 1477 2019; x_wconf 87' lang='lat' dir='ltr'><strong>in</strong></span> <span class='ocrx_word' id='word_1_248' title='bbox 1534 1958 1722 2053; x_wconf 82' lang='lat' dir='ltr'><strong>Deum</strong></span> <span class='ocrx_word' id='word_1_249' title='bbox 1756 1957 1921 2033; x_wconf 86' lang='lat' dir='ltr'><strong>fidei,</strong></span> <span class='ocrx_word' id='word_1_250' title='bbox 1954 1957 2060 2021; x_wconf 91' lang='lat' dir='ltr'><strong>sed</strong></span> 
     </span>
    </p>
   </div>
   <div class='ocr_carea' id='block_1_39' title="bbox 2164 1955 3785 2053">
    <p class='ocr_par' dir='ltr' id='par_1_39' title="bbox 2164 1955 3785 2035">
     <span class='ocr_line' id='line_1_39' title="bbox 2164 1955 3785 2035; baseline 0.004 -22"><span class='ocrx_word' id='word_1_251' title='bbox 2164 1957 2372 2018; x_wconf 73' lang='grc' dir='ltr'>πίστεως</span> <span class='ocrx_word' id='word_1_252' title='bbox 2404 1957 2464 2012; x_wconf 83' lang='grc' dir='ltr'>τὸ</span> <span class='ocrx_word' id='word_1_253' title='bbox 2494 1955 2676 2013; x_wconf 77' lang='grc' dir='ltr'>εὔελπι</span> <span class='ocrx_word' id='word_1_254' title='bbox 2707 1961 2996 2035; x_wconf 49' lang='grc' dir='ltr'>γνωρισθῇ</span> <span class='ocrx_word' id='word_1_255' title='bbox 3031 1961 3167 2018; x_wconf 77' lang='grc' dir='ltr'>ἀλλὰ</span> <span class='ocrx_word' id='word_1_256' title='bbox 3196 1967 3295 2020; x_wconf 66' lang='grc' dir='ltr'>καὶ</span> <span class='ocrx_word' id='word_1_257' title='bbox 3327 1962 3412 2020; x_wconf 84' lang='grc' dir='ltr'><strong>διὰ</strong></span> <span class='ocrx_word' id='word_1_258' title='bbox 3445 1969 3540 2031; x_wconf 73' lang='grc' dir='ltr'>τῆς</span> <span class='ocrx_word' id='word_1_259' title='bbox 3583 1984 3785 2021; x_wconf 76' lang='grc' dir='ltr'>στενωσ</span> 
     </span>
    </p>
   </div>
   <div class='ocr_carea' id='block_1_40' title="bbox 418 2043 2075 2138">
    <p class='ocr_par' dir='ltr' id='par_1_40' title="bbox 418 2043 2064 2138">
     <span class='ocr_line' id='line_1_40' title="bbox 418 2043 2064 2138; baseline -0.007 -17"><span class='ocrx_word' id='word_1_260' title='bbox 418 2043 598 2122; x_wconf 73' lang='lat' dir='ltr'><strong>etiam</strong></span> <span class='ocrx_word' id='word_1_261' title='bbox 624 2072 731 2138; x_wconf 87' lang='lat' dir='ltr'><strong>per</strong></span> <span class='ocrx_word' id='word_1_262' title='bbox 749 2052 1369 2135; x_wconf 83' lang='lat' dir='ltr'><strong>angustiorem,qnam</strong></span> <span class='ocrx_word' id='word_1_263' title='bbox 1395 2054 1555 2138; x_wconf 82' lang='lat' dir='ltr'><strong>esset</strong></span> <span class='ocrx_word' id='word_1_264' title='bbox 1577 2045 1886 2127; x_wconf 89' lang='lat' dir='ltr'><strong>probatus,</strong></span> <span class='ocrx_word' id='word_1_265' title='bbox 1903 2055 2064 2111; x_wconf 91' lang='lat' dir='ltr'><strong>esset</strong></span> 
     </span>
    </p>
   </div>
   <div class='ocr_carea' id='block_1_41' title="bbox 2164 2043 3782 2138">
    <p class='ocr_par' dir='ltr' id='par_1_41' title="bbox 2164 2043 3782 2138">
     <span class='ocr_line' id='line_1_41' title="bbox 2164 2043 3782 2138; baseline 0.002 -35"><span class='ocrx_word' id='word_1_266' title='bbox 2164 2045 2298 2138; x_wconf 73' lang='grc' dir='ltr'>τέρας</span> <span class='ocrx_word' id='word_1_267' title='bbox 2344 2046 2405 2102; x_wconf 75' lang='grc' dir='ltr'>τὸ</span> <span class='ocrx_word' id='word_1_268' title='bbox 2453 2043 2701 2138; x_wconf 63' lang='grc' dir='ltr'><strong>Δδοκίμιον</strong></span> <span class='ocrx_word' id='word_1_269' title='bbox 2746 2046 2865 2112; x_wconf 79' lang='grc' dir='ltr'>οἶος</span> <span class='ocrx_word' id='word_1_270' title='bbox 2897 2052 3131 2129; x_wconf 79' lang='grc' dir='ltr'>φανηρὸς</span> <span class='ocrx_word' id='word_1_271' title='bbox 3163 2052 3382 2129; x_wconf 81' lang='grc' dir='ltr'>γένηται</span> <span class='ocrx_word' id='word_1_272' title='bbox 3419 2072 3434 2088; x_wconf 78' lang='grc'>⁸</span> <span class='ocrx_word' id='word_1_273' title='bbox 3466 2051 3649 2129; x_wconf 79' lang='grc' dir='ltr'>(δῆλον</span> <span class='ocrx_word' id='word_1_274' title='bbox 3681 2052 3782 2129; x_wconf 75' lang='grc' dir='ltr'>γὰρ</span> 
     </span>
    </p>
   </div>
   <div class='ocr_carea' id='block_1_42' title="bbox 421 2133 2075 2224">
    <p class='ocr_par' dir='ltr' id='par_1_42' title="bbox 421 2133 2060 2224">
     <span class='ocr_line' id='line_1_42' title="bbox 421 2133 2060 2224; baseline -0.008 -12"><span class='ocrx_word' id='word_1_275' title='bbox 421 2133 690 2212; x_wconf 79' lang='lat' dir='ltr'><strong>evidens:</strong></span> <span class='ocrx_word' id='word_1_276' title='bbox 713 2133 959 2224; x_wconf 81' lang='lat' dir='ltr'><strong>(clarum</strong></span> <span class='ocrx_word' id='word_1_277' title='bbox 985 2147 1076 2205; x_wconf 91' lang='lat' dir='ltr'><strong>est</strong></span> <span class='ocrx_word' id='word_1_278' title='bbox 1107 2138 1293 2214; x_wconf 90' lang='lat' dir='ltr'><strong>enim,</strong></span> <span class='ocrx_word' id='word_1_279' title='bbox 1318 2136 1478 2216; x_wconf 89' lang='lat' dir='ltr'><strong>quod</strong></span> <span class='ocrx_word' id='word_1_280' title='bbox 1505 2144 1646 2197; x_wconf 90' lang='lat' dir='ltr'><strong>sunt</strong></span> <span class='ocrx_word' id='word_1_281' title='bbox 1674 2143 1924 2214; x_wconf 89' lang='lat' dir='ltr'><strong>utraque</strong></span> <span class='ocrx_word' id='word_1_282' title='bbox 1951 2156 2060 2219; x_wconf 92' lang='lat' dir='ltr'><strong>pe-</strong></span> 
     </span>
    </p>
   </div>
   <div class='ocr_carea' id='block_1_43' title="bbox 2164 2133 3783 2224">
    <p class='ocr_par' dir='ltr' id='par_1_43' title="bbox 2164 2133 3783 2222">
     <span class='ocr_line' id='line_1_43' title="bbox 2164 2133 3783 2222; baseline 0.006 -32"><span class='ocrx_word' id='word_1_283' title='bbox 2164 2138 2219 2198; x_wconf 73' lang='lat' dir='ltr'><strong>b;</strong></span> <span class='ocrx_word' id='word_1_284' title='bbox 2252 2133 2521 2214; x_wconf 52' lang='grc' dir='ltr'>ἐπιστραλῆ</span> <span class='ocrx_word' id='word_1_285' title='bbox 2581 2135 2856 2216; x_wconf 77' lang='grc' dir='ltr'>ἀμφότερα</span> <span class='ocrx_word' id='word_1_286' title='bbox 2892 2157 2903 2169; x_wconf 86' lang='lat'><strong>&#39;</strong></span> <span class='ocrx_word' id='word_1_287' title='bbox 2954 2141 3206 2219; x_wconf 74' lang='grc' dir='ltr'>εὖημερία</span> <span class='ocrx_word' id='word_1_288' title='bbox 3262 2151 3529 2222; x_wconf 75' lang='grc' dir='ltr'>χαυνοῦσα</span> <span class='ocrx_word' id='word_1_289' title='bbox 3559 2144 3649 2199; x_wconf 84' lang='grc' dir='ltr'><strong>καὶ</strong></span> <span class='ocrx_word' id='word_1_290' title='bbox 3684 2144 3783 2209; x_wconf 73' lang='grc' dir='ltr'>τῆς</span> 
     </span>
    </p>
   </div>
   <div class='ocr_carea' id='block_1_44' title="bbox 419 2224 2075 2316">
    <p class='ocr_par' dir='ltr' id='par_1_44' title="bbox 419 2227 2066 2316">
     <span class='ocr_line' id='line_1_44' title="bbox 419 2227 2066 2316; baseline -0.009 -14"><span class='ocrx_word' id='word_1_291' title='bbox 419 2236 709 2316; x_wconf 88' lang='lat' dir='ltr'><strong>riculosa,</strong></span> <span class='ocrx_word' id='word_1_292' title='bbox 731 2249 949 2314; x_wconf 90' lang='lat' dir='ltr'><strong>nempe</strong></span> <span class='ocrx_word' id='word_1_293' title='bbox 981 2239 1040 2294; x_wconf 89' lang='lat' dir='ltr'><strong>et</strong></span> <span class='ocrx_word' id='word_1_294' title='bbox 1065 2248 1165 2294; x_wconf 91' lang='lat' dir='ltr'><strong>res</strong></span> <span class='ocrx_word' id='word_1_295' title='bbox 1194 2227 1501 2301; x_wconf 78' lang='lat' dir='ltr'><strong>secunda,</strong></span> <span class='ocrx_word' id='word_1_296' title='bbox 1530 2244 1659 2307; x_wconf 84' lang='lat' dir='ltr'><strong>qua</strong></span> <span class='ocrx_word' id='word_1_297' title='bbox 1687 2235 1980 2288; x_wconf 86' lang='lat' dir='ltr'><strong>enervant</strong></span> <span class='ocrx_word' id='word_1_298' title='bbox 2008 2234 2066 2289; x_wconf 90' lang='lat' dir='ltr'><strong>et</strong></span> 
     </span>
    </p>
   </div>
   <div class='ocr_carea' id='block_1_45' title="bbox 2164 2224 3788 2316">
    <p class='ocr_par' dir='ltr' id='par_1_45' title="bbox 2164 2224 3788 2310">
     <span class='ocr_line' id='line_1_45' title="bbox 2164 2224 3788 2310; baseline 0.002 -29"><span class='ocrx_word' id='word_1_299' title='bbox 2164 2224 2243 2282; x_wconf 76' lang='grc' dir='ltr'><strong>εοῧ</strong></span> <span class='ocrx_word' id='word_1_300' title='bbox 2292 2226 2424 2281; x_wconf 78' lang='grc' dir='ltr'>Θεοῦ</span> <span class='ocrx_word' id='word_1_301' title='bbox 2466 2226 2689 2298; x_wconf 78' lang='grc' dir='ltr'>μνήμης</span> <span class='ocrx_word' id='word_1_302' title='bbox 2733 2225 3085 2304; x_wconf 74' lang='grc' dir='ltr'>ἐκϐάλλουσα,</span> <span class='ocrx_word' id='word_1_303' title='bbox 3145 2230 3242 2289; x_wconf 73' lang='grc' dir='ltr'>καὶ</span> <span class='ocrx_word' id='word_1_304' title='bbox 3291 2232 3582 2310; x_wconf 75' lang='grc' dir='ltr'>δυσπραγία</span> <span class='ocrx_word' id='word_1_305' title='bbox 3625 2230 3788 2287; x_wconf 80' lang='grc' dir='ltr'>πάλιν</span> 
     </span>
    </p>
   </div>
   <div class='ocr_carea' id='block_1_46' title="bbox 427 2315 2075 2406">
    <p class='ocr_par' dir='ltr' id='par_1_46' title="bbox 427 2315 2069 2406">
     <span class='ocr_line' id='line_1_46' title="bbox 427 2315 2069 2406; baseline -0.009 -13"><span class='ocrx_word' id='word_1_306' title='bbox 427 2315 765 2406; x_wconf 85' lang='lat' dir='ltr'><strong>emolliunt,</strong></span> <span class='ocrx_word' id='word_1_307' title='bbox 792 2342 828 2386; x_wconf 90' lang='lat' dir='ltr'><strong>a</strong></span> <span class='ocrx_word' id='word_1_308' title='bbox 855 2321 1083 2405; x_wconf 90' lang='lat' dir='ltr'><strong>Deique</strong></span> <span class='ocrx_word' id='word_1_309' title='bbox 1111 2316 1538 2383; x_wconf 89' lang='lat' dir='ltr'><strong>recordatione</strong></span> <span class='ocrx_word' id='word_1_310' title='bbox 1573 2316 1846 2406; x_wconf 84' lang='lat' dir='ltr'><strong>ejiciunt;</strong></span> <span class='ocrx_word' id='word_1_311' title='bbox 1882 2324 1941 2379; x_wconf 88' lang='lat' dir='ltr'><strong>et</strong></span> <span class='ocrx_word' id='word_1_312' title='bbox 1970 2335 2069 2379; x_wconf 89' lang='lat' dir='ltr'><strong>res</strong></span> 
     </span>
    </p>
   </div>
   <div class='ocr_carea' id='block_1_47' title="bbox 2164 2315 3791 2406">
    <p class='ocr_par' dir='ltr' id='par_1_47' title="bbox 2164 2315 3791 2405">
     <span class='ocr_line' id='line_1_47' title="bbox 2164 2315 3791 2405; baseline 0.003 -32"><span class='ocrx_word' id='word_1_313' title='bbox 2164 2315 2514 2373; x_wconf 59' lang='grc' dir='ltr'>ἂποστενοῦσα</span> <span class='ocrx_word' id='word_1_314' title='bbox 2558 2319 2644 2373; x_wconf 81' lang='grc' dir='ltr'><strong>καὶ</strong></span> <span class='ocrx_word' id='word_1_315' title='bbox 2695 2319 2824 2397; x_wconf 80' lang='grc' dir='ltr'>πρὸς</span> <span class='ocrx_word' id='word_1_316' title='bbox 2886 2324 3251 2402; x_wconf 77' lang='grc' dir='ltr'>μικροψυχίαν</span> <span class='ocrx_word' id='word_1_317' title='bbox 3290 2323 3602 2405; x_wconf 64' lang='grc' dir='ltr'>ἐλαύνουσα)</span> <span class='ocrx_word' id='word_1_318' title='bbox 3633 2345 3648 2361; x_wconf 91' lang='grc'>·</span> <span class='ocrx_word' id='word_1_319' title='bbox 3703 2321 3791 2379; x_wconf 68' lang='grc' dir='ltr'>διὰ</span> 
     </span>
    </p>
   </div>
   <div class='ocr_carea' id='block_1_48' title="bbox 433 2405 2073 2493">
    <p class='ocr_par' dir='ltr' id='par_1_48' title="bbox 433 2405 2073 2493">
     <span class='ocr_line' id='line_1_48' title="bbox 433 2405 2073 2493; baseline -0.008 -11"><span class='ocrx_word' id='word_1_320' title='bbox 433 2405 1160 2493; x_wconf 84' lang='lat' dir='ltr'><strong>adversarursus,quain</strong></span> <span class='ocrx_word' id='word_1_321' title='bbox 1174 2416 1403 2471; x_wconf 89' lang='lat' dir='ltr'><strong>aretum</strong></span> <span class='ocrx_word' id='word_1_322' title='bbox 1423 2405 2073 2489; x_wconf 84' lang='lat' dir='ltr'><strong>cogunt,pusillumque</strong></span> 
     </span>
    </p>
   </div>
   <div class='ocr_carea' id='block_1_49' title="bbox 437 2497 2077 2588">
    <p class='ocr_par' dir='ltr' id='par_1_49' title="bbox 437 2497 2077 2588">
     <span class='ocr_line' id='line_1_49' title="bbox 437 2497 2077 2588; baseline -0.009 -15"><span class='ocrx_word' id='word_1_323' title='bbox 437 2518 500 2575; x_wconf 87' lang='lat' dir='ltr'><strong>et</strong></span> <span class='ocrx_word' id='word_1_324' title='bbox 517 2505 816 2588; x_wconf 87' lang='lat' dir='ltr'><strong>abjeclum</strong></span> <span class='ocrx_word' id='word_1_325' title='bbox 840 2502 1105 2564; x_wconf 89' lang='lat' dir='ltr'><strong>animum</strong></span> <span class='ocrx_word' id='word_1_326' title='bbox 1148 2497 1445 2576; x_wconf 82' lang='lat' dir='ltr'><strong>efﬁciunt)</strong></span> <span class='ocrx_word' id='word_1_327' title='bbox 1480 2516 1495 2557; x_wconf 90' lang='lat'><strong>:</strong></span> <span class='ocrx_word' id='word_1_328' title='bbox 1531 2504 1847 2588; x_wconf 83' lang='lat' dir='ltr'><strong>propterea</strong></span> <span class='ocrx_word' id='word_1_329' title='bbox 1875 2498 2077 2579; x_wconf 86' lang='lat' dir='ltr'><strong>provi-</strong></span> 
     </span>
    </p>
   </div>
   <div class='ocr_carea' id='block_1_50' title="bbox 2157 2407 3789 2489">
    <p class='ocr_par' dir='ltr' id='par_1_50' title="bbox 2157 2407 3789 2489">
     <span class='ocr_line' id='line_1_50' title="bbox 2157 2407 3789 2489; baseline 0.006 -25"><span class='ocrx_word' id='word_1_330' title='bbox 2157 2414 2325 2464; x_wconf 80' lang='grc' dir='ltr'>ταῦτα</span> <span class='ocrx_word' id='word_1_331' title='bbox 2369 2407 2646 2481; x_wconf 72' lang='grc' dir='ltr'>οἰκονομεῖ</span> <span class='ocrx_word' id='word_1_332' title='bbox 2698 2411 2883 2465; x_wconf 72' lang='grc' dir='ltr'>τοῖιτον</span> <span class='ocrx_word' id='word_1_333' title='bbox 2953 2409 3120 2484; x_wconf 74' lang='grc' dir='ltr'>ἐνδείᾳ</span> <span class='ocrx_word' id='word_1_334' title='bbox 3179 2426 3490 2489; x_wconf 70' lang='grc' dir='ltr'>περιπεσεῖν</span> <span class='ocrx_word' id='word_1_335' title='bbox 3548 2417 3573 2471; x_wconf 74' lang='grc' dir='ltr'><strong>ἱ.</strong></span> <span class='ocrx_word' id='word_1_336' title='bbox 3632 2414 3789 2474; x_wconf 75' lang='grc' dir='ltr'>Θεός.</span> 
     </span>
    </p>
   </div>
   <div class='ocr_carea' id='block_1_51' title="bbox 2163 2495 3272 2580">
    <p class='ocr_par' dir='ltr' id='par_1_51' title="bbox 2163 2495 3272 2580">
     <span class='ocr_line' id='line_1_51' title="bbox 2163 2495 3272 2580; baseline 0.005 -24"><span class='ocrx_word' id='word_1_337' title='bbox 2163 2497 2251 2559; x_wconf 85' lang='grc' dir='ltr'>Τίς</span> <span class='ocrx_word' id='word_1_338' title='bbox 2284 2495 2340 2552; x_wconf 78' lang='grc' dir='ltr'><strong>δὲ</strong></span> <span class='ocrx_word' id='word_1_339' title='bbox 2373 2499 2399 2553; x_wconf 83' lang='grc' dir='ltr'>ὁ</span> <span class='ocrx_word' id='word_1_340' title='bbox 2429 2502 2527 2564; x_wconf 77' lang='grc' dir='ltr'>τῆς</span> <span class='ocrx_word' id='word_1_341' title='bbox 2560 2499 2864 2572; x_wconf 64' lang='grc' dir='ltr'>οἶκονομίας</span> <span class='ocrx_word' id='word_1_342' title='bbox 2896 2501 3110 2577; x_wconf 79' lang='grc' dir='ltr'>τρόπος,</span> <span class='ocrx_word' id='word_1_343' title='bbox 3144 2501 3272 2580; x_wconf 83' lang='grc' dir='ltr'><strong>ἐρῶ.</strong></span> 
     </span>
    </p>
   </div>
   <div class='ocr_carea' id='block_1_52' title="bbox 437 2585 3157 2668">
    <p class='ocr_par' dir='ltr' id='par_1_52' title="bbox 437 2585 3157 2668">
     <span class='ocr_line' id='line_1_52' title="bbox 437 2585 3157 2668; baseline -0.003 -7"><span class='ocrx_word' id='word_1_344' title='bbox 437 2600 525 2664; x_wconf 90' lang='lat' dir='ltr'><strong>dit</strong></span> <span class='ocrx_word' id='word_1_345' title='bbox 557 2585 742 2668; x_wconf 66' lang='lat' dir='ltr'><strong>ﬂens,</strong></span> <span class='ocrx_word' id='word_1_346' title='bbox 771 2602 841 2656; x_wconf 88' lang='lat' dir='ltr'><strong>ut</strong></span> <span class='ocrx_word' id='word_1_347' title='bbox 872 2592 923 2654; x_wconf 89' lang='lat' dir='ltr'><strong>is</strong></span> <span class='ocrx_word' id='word_1_348' title='bbox 953 2590 1130 2655; x_wconf 87' lang='lat' dir='ltr'><strong>cadat</strong></span> <span class='ocrx_word' id='word_1_349' title='bbox 1162 2590 1223 2651; x_wconf 87' lang='lat' dir='ltr'><strong>in</strong></span> <span class='ocrx_word' id='word_1_350' title='bbox 1256 2594 1605 2666; x_wconf 79' lang='lat' dir='ltr'><strong>egestatem.</strong></span> <span class='ocrx_word' id='word_1_351' title='bbox 1641 2585 1908 2659; x_wconf 88' lang='lat' dir='ltr'><strong>Quonam</strong></span> <span class='ocrx_word' id='word_1_352' title='bbox 1941 2588 2118 2651; x_wconf 90' lang='lat' dir='ltr'><strong>modo</strong></span> <span class='ocrx_word' id='word_1_353' title='bbox 2151 2593 2353 2668; x_wconf 89' lang='lat' dir='ltr'><strong>autem</strong></span> <span class='ocrx_word' id='word_1_354' title='bbox 2382 2585 2441 2647; x_wconf 91' lang='lat' dir='ltr'><strong>id</strong></span> <span class='ocrx_word' id='word_1_355' title='bbox 2477 2585 2774 2666; x_wconf 89' lang='lat' dir='ltr'><strong>provisum</strong></span> <span class='ocrx_word' id='word_1_356' title='bbox 2807 2587 2905 2662; x_wconf 85' lang='lat' dir='ltr'><strong>sit,</strong></span> <span class='ocrx_word' id='word_1_357' title='bbox 2940 2588 3157 2653; x_wconf 90' lang='lat' dir='ltr'><strong>dicam.</strong></span> 
     </span>
    </p>
   </div>
   <div class='ocr_carea' id='block_1_53' title="bbox 514 2677 2077 2761">
    <p class='ocr_par' dir='ltr' id='par_1_53' title="bbox 514 2677 2077 2761">
     <span class='ocr_line' id='line_1_53' title="bbox 514 2677 2077 2761; baseline -0.007 -10"><span class='ocrx_word' id='word_1_358' title='bbox 514 2683 855 2751; x_wconf 84' lang='lat' dir='ltr'><strong>XXII.Cum</strong></span> <span class='ocrx_word' id='word_1_359' title='bbox 888 2699 1101 2761; x_wconf 88' lang='lat' dir='ltr'><strong>magna</strong></span> <span class='ocrx_word' id='word_1_360' title='bbox 1132 2677 1451 2741; x_wconf 90' lang='lat' dir='ltr'><strong>multitudo</strong></span> <span class='ocrx_word' id='word_1_361' title='bbox 1474 2678 1816 2759; x_wconf 86' lang='lat' dir='ltr'><strong>eorum,qui</strong></span> <span class='ocrx_word' id='word_1_362' title='bbox 1838 2695 2077 2740; x_wconf 90' lang='lat' dir='ltr'><strong>manum</strong></span> 
     </span>
    </p>
   </div>
   <div class='ocr_carea' id='block_1_54' title="bbox 2249 2667 3796 2766">
    <p class='ocr_par' dir='ltr' id='par_1_54' title="bbox 2249 2667 3796 2766">
     <span class='ocr_line' id='line_1_54' title="bbox 2249 2667 3796 2766; baseline 0.005 -31"><span class='ocrx_word' id='word_1_363' title='bbox 2249 2667 2355 2735; x_wconf 58' lang='lat' dir='ltr'><strong>KB&#39;</strong></span> <span class='ocrx_word' id='word_1_364' title='bbox 2397 2683 2499 2734; x_wconf 78' lang='grc' dir='ltr'><strong>Τοῦ</strong></span> <span class='ocrx_word' id='word_1_365' title='bbox 2530 2676 2734 2736; x_wconf 81' lang='grc' dir='ltr'>πολλοῦ</span> <span class='ocrx_word' id='word_1_366' title='bbox 2778 2681 3011 2748; x_wconf 73' lang='grc' dir='ltr'>πλήθους</span> <span class='ocrx_word' id='word_1_367' title='bbox 3051 2682 3158 2739; x_wconf 77' lang='grc' dir='ltr'>τῶν</span> <span class='ocrx_word' id='word_1_368' title='bbox 3189 2689 3286 2750; x_wconf 80' lang='grc' dir='ltr'>τὴν</span> <span class='ocrx_word' id='word_1_369' title='bbox 3320 2684 3584 2762; x_wconf 77' lang='grc' dir='ltr'>Περσικὴν</span> <span class='ocrx_word' id='word_1_370' title='bbox 3629 2701 3796 2766; x_wconf 73' lang='grc' dir='ltr'>χεῖρα</span> 
     </span>
    </p>
   </div>
   <div class='ocr_carea' id='block_1_55' title="bbox 433 2766 2075 2855">
    <p class='ocr_par' dir='ltr' id='par_1_55' title="bbox 433 2767 2075 2853">
     <span class='ocr_line' id='line_1_55' title="bbox 433 2767 2075 2853; baseline -0.01 -9"><span class='ocrx_word' id='word_1_371' title='bbox 433 2777 735 2844; x_wconf 86' lang='lat' dir='ltr'><strong>Persicam</strong></span> <span class='ocrx_word' id='word_1_372' title='bbox 770 2772 1123 2853; x_wconf 81' lang='lat' dir='ltr'><strong>effugerant,</strong></span> <span class='ocrx_word' id='word_1_373' title='bbox 1159 2768 1527 2847; x_wconf 82' lang='lat' dir='ltr'><strong>confugisset</strong></span> <span class='ocrx_word' id='word_1_374' title='bbox 1556 2767 1995 2849; x_wconf 83' lang='lat' dir='ltr'><strong>Alexandriam,</strong></span> <span class='ocrx_word' id='word_1_375' title='bbox 2023 2775 2075 2829; x_wconf 85' lang='lat' dir='ltr'><strong>et</strong></span> 
     </span>
    </p>
   </div>
   <div class='ocr_carea' id='block_1_56' title="bbox 2164 2766 3796 2855">
    <p class='ocr_par' dir='ltr' id='par_1_56' title="bbox 2165 2766 3796 2855">
     <span class='ocr_line' id='line_1_56' title="bbox 2165 2766 3796 2855; baseline 0.003 -32"><span class='ocrx_word' id='word_1_376' title='bbox 2165 2766 2527 2845; x_wconf 76' lang='grc' dir='ltr'>διαφυγόντων</span> <span class='ocrx_word' id='word_1_377' title='bbox 2573 2767 2645 2829; x_wconf 77' lang='grc' dir='ltr'><strong>είς</strong></span> <span class='ocrx_word' id='word_1_378' title='bbox 2689 2767 2786 2833; x_wconf 80' lang='grc' dir='ltr'>τὴν</span> <span class='ocrx_word' id='word_1_379' title='bbox 2847 2767 3245 2849; x_wconf 81' lang='grc' dir='ltr'>Ἀλεξάνδρειαν</span> <span class='ocrx_word' id='word_1_380' title='bbox 3286 2778 3796 2855; x_wconf 77' lang='grc' dir='ltr'>καταπεφευγότων,</span> 
     </span>
    </p>
   </div>
   <div class='ocr_carea' id='block_1_57' title="bbox 438 2855 2075 2944">
    <p class='ocr_par' dir='ltr' id='par_1_57' title="bbox 438 2857 2075 2944">
     <span class='ocr_line' id='line_1_57' title="bbox 438 2857 2075 2944; baseline -0.008 -12"><span class='ocrx_word' id='word_1_381' title='bbox 438 2876 599 2934; x_wconf 81' lang='lat' dir='ltr'><strong>esset</strong></span> <span class='ocrx_word' id='word_1_382' title='bbox 623 2881 836 2944; x_wconf 85' lang='lat' dir='ltr'><strong>magna</strong></span> <span class='ocrx_word' id='word_1_383' title='bbox 881 2860 1148 2923; x_wconf 89' lang='lat' dir='ltr'><strong>alimenti</strong></span> <span class='ocrx_word' id='word_1_384' title='bbox 1182 2859 1455 2940; x_wconf 90' lang='lat' dir='ltr'><strong>penuria,</strong></span> <span class='ocrx_word' id='word_1_385' title='bbox 1493 2857 1749 2918; x_wconf 73' lang='lat' dir='ltr'><strong>maxime</strong></span> <span class='ocrx_word' id='word_1_386' title='bbox 1778 2859 1934 2937; x_wconf 92' lang='lat' dir='ltr'><strong>quod</strong></span> <span class='ocrx_word' id='word_1_387' title='bbox 1971 2875 2075 2919; x_wconf 89' lang='lat' dir='ltr'><strong>nec</strong></span> 
     </span>
    </p>
   </div>
   <div class='ocr_carea' id='block_1_58' title="bbox 2164 2855 3798 2944">
    <p class='ocr_par' dir='ltr' id='par_1_58' title="bbox 2164 2855 3798 2941">
     <span class='ocr_line' id='line_1_58' title="bbox 2164 2855 3798 2941; baseline 0.006 -28"><span class='ocrx_word' id='word_1_388' title='bbox 2164 2858 2249 2914; x_wconf 79' lang='grc' dir='ltr'><strong>καὶ</strong></span> <span class='ocrx_word' id='word_1_389' title='bbox 2305 2855 2411 2912; x_wconf 74' lang='grc' dir='ltr'><strong>τῶν</strong></span> <span class='ocrx_word' id='word_1_390' title='bbox 2469 2860 2680 2931; x_wconf 80' lang='grc' dir='ltr'>τροπῶν</span> <span class='ocrx_word' id='word_1_391' title='bbox 2723 2856 2921 2936; x_wconf 76' lang='grc' dir='ltr'>σφόδρα</span> <span class='ocrx_word' id='word_1_392' title='bbox 2979 2866 3366 2937; x_wconf 80' lang='grc' dir='ltr'>σπανιζουσῶν,</span> <span class='ocrx_word' id='word_1_393' title='bbox 3427 2869 3506 2939; x_wconf 83' lang='grc' dir='ltr'>τῷ</span> <span class='ocrx_word' id='word_1_394' title='bbox 3562 2864 3798 2941; x_wconf 77' lang='grc' dir='ltr'>μα’λιστα</span> 
     </span>
    </p>
   </div>
   <div class='ocr_carea' id='block_1_59' title="bbox 351 2948 2078 3034">
    <p class='ocr_par' dir='ltr' id='par_1_59' title="bbox 351 2948 2078 3034">
     <span class='ocr_line' id='line_1_59' title="bbox 351 2948 2078 3034; baseline -0.01 -11"><span class='ocrx_word' id='word_1_395' title='bbox 351 3016 355 3021; x_wconf 87' lang='grc'>.</span> <span class='ocrx_word' id='word_1_396' title='bbox 436 2959 543 3022; x_wconf 90' lang='lat' dir='ltr'><strong>illo</strong></span> <span class='ocrx_word' id='word_1_397' title='bbox 569 2968 843 3034; x_wconf 87' lang='lat' dir='ltr'><strong>tempore</strong></span> <span class='ocrx_word' id='word_1_398' title='bbox 869 2949 1037 3014; x_wconf 85' lang='lat' dir='ltr'><strong>Nilus</strong></span> <span class='ocrx_word' id='word_1_399' title='bbox 1067 2948 1541 3020; x_wconf 87' lang='lat' dir='ltr'><strong>ascendisset,nt</strong></span> <span class='ocrx_word' id='word_1_400' title='bbox 1569 2954 1982 3022; x_wconf 72' lang='lat' dir='ltr'><strong>consueverat,</strong></span> <span class='ocrx_word' id='word_1_401' title='bbox 2017 2957 2078 3007; x_wconf 89' lang='lat' dir='ltr'><strong>et</strong></span> 
     </span>
    </p>
   </div>
   <div class='ocr_carea' id='block_1_60' title="bbox 436 3041 2081 3129">
    <p class='ocr_par' dir='ltr' id='par_1_60' title="bbox 436 3041 2081 3129">
     <span class='ocr_line' id='line_1_60' title="bbox 436 3041 2081 3129; baseline -0.01 -18"><span class='ocrx_word' id='word_1_402' title='bbox 436 3044 711 3129; x_wconf 84' lang='lat' dir='ltr'><strong>pecunia</strong></span> <span class='ocrx_word' id='word_1_403' title='bbox 747 3041 1035 3106; x_wconf 87' lang='lat' dir='ltr'><strong>Ecclesia</strong></span> <span class='ocrx_word' id='word_1_404' title='bbox 1065 3049 1269 3104; x_wconf 89' lang='lat' dir='ltr'><strong>essent</strong></span> <span class='ocrx_word' id='word_1_405' title='bbox 1298 3043 1691 3116; x_wconf 85' lang='lat' dir='ltr'><strong>consumpta;</strong></span> <span class='ocrx_word' id='word_1_406' title='bbox 1724 3042 1966 3097; x_wconf 85' lang='lat' dir='ltr'><strong>coactus</strong></span> <span class='ocrx_word' id='word_1_407' title='bbox 1989 3041 2081 3096; x_wconf 92' lang='lat' dir='ltr'><strong>est</strong></span> 
     </span>
    </p>
   </div>
   <div class='ocr_carea' id='block_1_61' title="bbox 437 3123 2094 3215">
    <p class='ocr_par' dir='ltr' id='par_1_61' title="bbox 437 3123 2094 3215">
     <span class='ocr_line' id='line_1_61' title="bbox 437 3123 2094 3215; baseline -0.008 -14"><span class='ocrx_word' id='word_1_408' title='bbox 437 3123 542 3202; x_wconf 84' lang='lat' dir='ltr'><strong>ille</strong></span> <span class='ocrx_word' id='word_1_409' title='bbox 574 3152 825 3215; x_wconf 88' lang='lat' dir='ltr'><strong>magnus</strong></span> <span class='ocrx_word' id='word_1_410' title='bbox 856 3132 1022 3195; x_wconf 90' lang='lat' dir='ltr'><strong>mille</strong></span> <span class='ocrx_word' id='word_1_411' title='bbox 1052 3130 1239 3194; x_wconf 90' lang='lat' dir='ltr'><strong>libras</strong></span> <span class='ocrx_word' id='word_1_412' title='bbox 1269 3127 1400 3189; x_wconf 88' lang='lat' dir='ltr'><strong>auri</strong></span> <span class='ocrx_word' id='word_1_413' title='bbox 1435 3135 1667 3187; x_wconf 91' lang='lat' dir='ltr'><strong>mutuas</strong></span> <span class='ocrx_word' id='word_1_414' title='bbox 1697 3124 1975 3215; x_wconf 81' lang='lat' dir='ltr'><strong>accipere</strong></span> <span class='ocrx_word' id='word_1_415' title='bbox 2005 3123 2094 3189; x_wconf 84' lang='lat' dir='ltr'><strong>ab.</strong></span> 
     </span>
    </p>
   </div>
   <div class='ocr_carea' id='block_1_62' title="bbox 437 3212 2074 3310">
    <p class='ocr_par' dir='ltr' id='par_1_62' title="bbox 437 3212 2074 3310">
     <span class='ocr_line' id='line_1_62' title="bbox 437 3212 2074 3310; baseline -0.013 -18"><span class='ocrx_word' id='word_1_416' title='bbox 437 3212 918 3310; x_wconf 75' lang='lat' dir='ltr'><strong>aliquibus.Cum</strong></span> <span class='ocrx_word' id='word_1_417' title='bbox 952 3228 1284 3310; x_wconf 75' lang='lat' dir='ltr'><strong>autemeas</strong></span> <span class='ocrx_word' id='word_1_418' title='bbox 1312 3231 1552 3310; x_wconf 77' lang='lat' dir='ltr'><strong>quoque</strong></span> <span class='ocrx_word' id='word_1_419' title='bbox 1580 3212 2074 3310; x_wconf 60' lang='lat' dir='ltr'><strong>cpnsnmpsisset,</strong></span> 
     </span>
    </p>
   </div>
   <div class='ocr_carea' id='block_1_63' title="bbox 439 3300 2079 3399">
    <p class='ocr_par' dir='ltr' id='par_1_63' title="bbox 439 3300 2079 3399">
     <span class='ocr_line' id='line_1_63' title="bbox 439 3300 2079 3399; baseline -0.013 -15"><span class='ocrx_word' id='word_1_420' title='bbox 439 3300 778 3399; x_wconf 75' lang='lat' dir='ltr'><strong>agitabatur</strong></span> <span class='ocrx_word' id='word_1_421' title='bbox 808 3327 1022 3392; x_wconf 86' lang='lat' dir='ltr'><strong>magna</strong></span> <span class='ocrx_word' id='word_1_422' title='bbox 1057 3304 1490 3399; x_wconf 69' lang='lat' dir='ltr'><strong>sollicitudine,</strong></span> <span class='ocrx_word' id='word_1_423' title='bbox 1511 3310 1568 3399; x_wconf 76' lang='lat' dir='ltr'><strong>et</strong></span> <span class='ocrx_word' id='word_1_424' title='bbox 1597 3302 1703 3364; x_wconf 91' lang='lat' dir='ltr'><strong>Dei</strong></span> <span class='ocrx_word' id='word_1_425' title='bbox 1732 3300 1938 3399; x_wconf 82' lang='lat' dir='ltr'><strong>orabat</strong></span> <span class='ocrx_word' id='word_1_426' title='bbox 1971 3302 2079 3364; x_wconf 89' lang='lat' dir='ltr'><strong>be-</strong></span> 
     </span>
    </p>
   </div>
   <div class='ocr_carea' id='block_1_64' title="bbox 441 3391 2080 3485">
    <p class='ocr_par' dir='ltr' id='par_1_64' title="bbox 441 3391 2080 3485">
     <span class='ocr_line' id='line_1_64' title="bbox 441 3391 2080 3485; baseline -0.016 -13"><span class='ocrx_word' id='word_1_427' title='bbox 441 3391 819 3485; x_wconf 76' lang='lat' dir='ltr'><strong>nignitatem,</strong></span> <span class='ocrx_word' id='word_1_428' title='bbox 851 3391 1001 3463; x_wconf 91' lang='lat' dir='ltr'><strong>utin</strong></span> <span class='ocrx_word' id='word_1_429' title='bbox 1031 3400 1218 3485; x_wconf 86' lang='lat' dir='ltr'><strong>rebus</strong></span> <span class='ocrx_word' id='word_1_430' title='bbox 1250 3391 1451 3485; x_wconf 88' lang='lat' dir='ltr'><strong>dubiis</strong></span> <span class='ocrx_word' id='word_1_431' title='bbox 1480 3391 1738 3485; x_wconf 83' lang='lat' dir='ltr'><strong>aliquam</strong></span> <span class='ocrx_word' id='word_1_432' title='bbox 1773 3391 2080 3485; x_wconf 8' lang='lat' dir='ltr'><strong>viamgex-</strong></span> 
     </span>
    </p>
   </div>
   <div class='ocr_carea' id='block_1_65' title="bbox 439 3480 2085 3577">
    <p class='ocr_par' dir='ltr' id='par_1_65' title="bbox 439 3480 2085 3577">
     <span class='ocr_line' id='line_1_65' title="bbox 439 3480 2085 3577; baseline -0.012 -15"><span class='ocrx_word' id='word_1_433' title='bbox 439 3480 754 3577; x_wconf 70' lang='lat' dir='ltr'><strong>cogitaret.</strong></span> <span class='ocrx_word' id='word_1_434' title='bbox 789 3488 906 3554; x_wconf 90' lang='lat' dir='ltr'><strong>Sed</strong></span> <span class='ocrx_word' id='word_1_435' title='bbox 938 3484 1176 3551; x_wconf 89' lang='lat' dir='ltr'><strong>etiamsi</strong></span> <span class='ocrx_word' id='word_1_436' title='bbox 1198 3484 1270 3546; x_wconf 83' lang='lat' dir='ltr'><strong>ad</strong></span> <span class='ocrx_word' id='word_1_437' title='bbox 1308 3486 1530 3577; x_wconf 78' lang='lat' dir='ltr'><strong>tantam</strong></span> <span class='ocrx_word' id='word_1_438' title='bbox 1563 3480 1847 3577; x_wconf 74' lang='lat' dir='ltr'><strong>redactus</strong></span> <span class='ocrx_word' id='word_1_439' title='bbox 1877 3481 2085 3545; x_wconf 83' lang='lat' dir='ltr'><strong>fuisset</strong></span> 
     </span>
    </p>
   </div>
   <div class='ocr_carea' id='block_1_66' title="bbox 440 3570 2084 3666">
    <p class='ocr_par' dir='ltr' id='par_1_66' title="bbox 440 3570 2084 3666">
     <span class='ocr_line' id='line_1_66' title="bbox 440 3570 2084 3666; baseline -0.01 -16"><span class='ocrx_word' id='word_1_440' title='bbox 440 3570 734 3666; x_wconf 75' lang='lat' dir='ltr'><strong>inopiam,</strong></span> <span class='ocrx_word' id='word_1_441' title='bbox 765 3598 885 3643; x_wconf 88' lang='lat' dir='ltr'><strong>non</strong></span> <span class='ocrx_word' id='word_1_442' title='bbox 917 3578 1024 3641; x_wconf 88' lang='lat' dir='ltr'><strong>fuit</strong></span> <span class='ocrx_word' id='word_1_443' title='bbox 1053 3583 1252 3637; x_wconf 88' lang='lat' dir='ltr'><strong>tamen</strong></span> <span class='ocrx_word' id='word_1_444' title='bbox 1284 3572 1476 3666; x_wconf 81' lang='lat' dir='ltr'><strong>victus</strong></span> <span class='ocrx_word' id='word_1_445' title='bbox 1506 3590 1541 3634; x_wconf 90' lang='lat' dir='ltr'><strong>a</strong></span> <span class='ocrx_word' id='word_1_446' title='bbox 1571 3570 1929 3651; x_wconf 87' lang='lat' dir='ltr'><strong>calamitate,</strong></span> <span class='ocrx_word' id='word_1_447' title='bbox 1964 3590 2084 3634; x_wconf 90' lang='lat' dir='ltr'><strong>non</strong></span> 
     </span>
    </p>
   </div>
   <div class='ocr_carea' id='block_1_67' title="bbox 443 3661 2086 3748">
    <p class='ocr_par' dir='ltr' id='par_1_67' title="bbox 443 3661 2086 3748">
     <span class='ocr_line' id='line_1_67' title="bbox 443 3661 2086 3748; baseline -0.01 -8"><span class='ocrx_word' id='word_1_448' title='bbox 443 3661 680 3741; x_wconf 82' lang='lat' dir='ltr'><strong>divinas</strong></span> <span class='ocrx_word' id='word_1_449' title='bbox 711 3671 877 3748; x_wconf 88' lang='lat' dir='ltr'><strong>leges</strong></span> <span class='ocrx_word' id='word_1_450' title='bbox 905 3676 966 3729; x_wconf 88' lang='lat' dir='ltr'><strong>et</strong></span> <span class='ocrx_word' id='word_1_451' title='bbox 1002 3681 1204 3728; x_wconf 89' lang='lat' dir='ltr'><strong>sacras</strong></span> <span class='ocrx_word' id='word_1_452' title='bbox 1257 3661 1717 3726; x_wconf 87' lang='lat' dir='ltr'><strong>constitutiones</strong></span> <span class='ocrx_word' id='word_1_453' title='bbox 1747 3661 1944 3724; x_wconf 83' lang='lat' dir='ltr'><strong>aﬂ‘ecit</strong></span> <span class='ocrx_word' id='word_1_454' title='bbox 1972 3662 2086 3724; x_wconf 89' lang='lat' dir='ltr'><strong>de-</strong></span> 
     </span>
    </p>
   </div>
   <div class='ocr_carea' id='block_1_68' title="bbox 443 3749 2086 3836">
    <p class='ocr_par' dir='ltr' id='par_1_68' title="bbox 443 3749 2086 3836">
     <span class='ocr_line' id='line_1_68' title="bbox 443 3749 2086 3836; baseline -0.011 -6"><span class='ocrx_word' id='word_1_455' title='bbox 443 3766 691 3836; x_wconf 89' lang='lat' dir='ltr'><strong>decore,</strong></span> <span class='ocrx_word' id='word_1_456' title='bbox 723 3777 835 3822; x_wconf 89' lang='lat' dir='ltr'><strong>nec</strong></span> <span class='ocrx_word' id='word_1_457' title='bbox 867 3752 1189 3818; x_wconf 86' lang='lat' dir='ltr'><strong>intermisit</strong></span> <span class='ocrx_word' id='word_1_458' title='bbox 1247 3749 1639 3814; x_wconf 83' lang='lat' dir='ltr'><strong>commissum</strong></span> <span class='ocrx_word' id='word_1_459' title='bbox 1695 3750 1811 3812; x_wconf 91' lang='lat' dir='ltr'><strong>sibi</strong></span> <span class='ocrx_word' id='word_1_460' title='bbox 1842 3768 2086 3830; x_wconf 78' lang='lat' dir='ltr'><strong>gregem</strong></span> 
     </span>
    </p>
   </div>
   <div class='ocr_carea' id='block_1_69' title="bbox 442 3839 2084 3928">
    <p class='ocr_par' dir='ltr' id='par_1_69' title="bbox 442 3839 2084 3928">
     <span class='ocr_line' id='line_1_69' title="bbox 442 3839 2084 3928; baseline -0.012 -8"><span class='ocrx_word' id='word_1_461' title='bbox 442 3859 723 3920; x_wconf 86' lang='lat' dir='ltr'><strong>accurate</strong></span> <span class='ocrx_word' id='word_1_462' title='bbox 751 3862 987 3928; x_wconf 88' lang='lat' dir='ltr'><strong>regere.</strong></span> <span class='ocrx_word' id='word_1_463' title='bbox 1022 3845 1226 3924; x_wconf 85' lang='lat' dir='ltr'><strong>Itaque</strong></span> <span class='ocrx_word' id='word_1_464' title='bbox 1260 3858 1398 3903; x_wconf 90' lang='lat' dir='ltr'><strong>cum</strong></span> <span class='ocrx_word' id='word_1_465' title='bbox 1433 3840 1675 3921; x_wconf 85' lang='lat' dir='ltr'><strong>quidam</strong></span> <span class='ocrx_word' id='word_1_466' title='bbox 1711 3839 1989 3914; x_wconf 86' lang='lat' dir='ltr'><strong>clericus,</strong></span> <span class='ocrx_word' id='word_1_467' title='bbox 2013 3859 2084 3904; x_wconf 80' lang='lat' dir='ltr'><strong>ex</strong></span> 
     </span>
    </p>
   </div>
   <div class='ocr_carea' id='block_1_70' title="bbox 444 3929 2090 4025">
    <p class='ocr_par' dir='ltr' id='par_1_70' title="bbox 444 3929 2090 4025">
     <span class='ocr_line' id='line_1_70' title="bbox 444 3929 2090 4025; baseline -0.01 -16"><span class='ocrx_word' id='word_1_468' title='bbox 444 3944 520 4009; x_wconf 90' lang='lat' dir='ltr'><strong>iis</strong></span> <span class='ocrx_word' id='word_1_469' title='bbox 549 3942 652 4025; x_wconf 92' lang='lat' dir='ltr'><strong>qui</strong></span> <span class='ocrx_word' id='word_1_470' title='bbox 678 3935 975 4002; x_wconf 90' lang='lat' dir='ltr'><strong>secundas</strong></span> <span class='ocrx_word' id='word_1_471' title='bbox 1005 3932 1247 4025; x_wconf 88' lang='lat' dir='ltr'><strong>nuptias</strong></span> <span class='ocrx_word' id='word_1_472' title='bbox 1295 3938 1740 4025; x_wconf 79' lang='lat' dir='ltr'><strong>contraxerant,</strong></span> <span class='ocrx_word' id='word_1_473' title='bbox 1775 3929 2090 3992; x_wconf 89' lang='lat' dir='ltr'><strong>abundans</strong></span> 
     </span>
    </p>
   </div>
   <div class='ocr_carea' id='block_1_71' title="bbox 445 4019 2084 4104">
    <p class='ocr_par' dir='ltr' id='par_1_71' title="bbox 445 4019 2084 4104">
     <span class='ocr_line' id='line_1_71' title="bbox 445 4019 2084 4104; baseline -0.011 -7"><span class='ocrx_word' id='word_1_474' title='bbox 445 4019 692 4097; x_wconf 79' lang='lat' dir='ltr'><strong>divitiis,</strong></span> <span class='ocrx_word' id='word_1_475' title='bbox 722 4025 906 4090; x_wconf 87' lang='lat' dir='ltr'><strong>vellet</strong></span> <span class='ocrx_word' id='word_1_476' title='bbox 932 4024 1221 4104; x_wconf 79' lang='lat' dir='ltr'><strong>consequi</strong></span> <span class='ocrx_word' id='word_1_477' title='bbox 1254 4021 1507 4100; x_wconf 85' lang='lat' dir='ltr'><strong>gradum</strong></span> <span class='ocrx_word' id='word_1_478' title='bbox 1544 4019 1920 4102; x_wconf 90' lang='lat' dir='ltr'><strong>diaconatus,</strong></span> <span class='ocrx_word' id='word_1_479' title='bbox 1951 4038 2084 4083; x_wconf 87' lang='lat' dir='ltr'><strong>res-</strong></span> 
     </span>
    </p>
   </div>
   <div class='ocr_carea' id='block_1_72' title="bbox 2161 2944 3796 3033">
    <p class='ocr_par' dir='ltr' id='par_1_72' title="bbox 2161 2944 3796 3033">
     <span class='ocr_line' id='line_1_72' title="bbox 2161 2944 3796 3033; baseline 0.006 -31"><span class='ocrx_word' id='word_1_480' title='bbox 2161 2945 2280 3002; x_wconf 77' lang='grc' dir='ltr'>ιιατ⁹</span> <span class='ocrx_word' id='word_1_481' title='bbox 2337 2944 2519 3000; x_wconf 75' lang='grc' dir='ltr'>ἐκεῖνο</span> <span class='ocrx_word' id='word_1_482' title='bbox 2578 2952 2765 3019; x_wconf 80' lang='grc' dir='ltr'>καιροῦ</span> <span class='ocrx_word' id='word_1_483' title='bbox 2807 2945 2942 3021; x_wconf 79' lang='grc' dir='ltr'>μηδὲ</span> <span class='ocrx_word' id='word_1_484' title='bbox 2988 2949 3081 3005; x_wconf 80' lang='grc' dir='ltr'><strong>τὸν</strong></span> <span class='ocrx_word' id='word_1_485' title='bbox 3139 2948 3334 3009; x_wconf 76' lang='grc' dir='ltr'>Νεῖλον</span> <span class='ocrx_word' id='word_1_486' title='bbox 3365 2952 3546 3033; x_wconf 81' lang='grc' dir='ltr'>ὥσπερ</span> <span class='ocrx_word' id='word_1_487' title='bbox 3577 2956 3796 3021; x_wconf 72' lang='grc' dir='ltr'>σύιηθες</span> 
     </span>
    </p>
   </div>
   <div class='ocr_carea' id='block_1_73' title="bbox 2160 3034 3796 3119">
    <p class='ocr_par' dir='ltr' id='par_1_73' title="bbox 2160 3034 3796 3119">
     <span class='ocr_line' id='line_1_73' title="bbox 2160 3034 3796 3119; baseline 0.006 -27"><span class='ocrx_word' id='word_1_488' title='bbox 2160 3035 2485 3104; x_wconf 72' lang='grc' dir='ltr'>ποιήσασθαι</span> <span class='ocrx_word' id='word_1_489' title='bbox 2542 3034 2640 3102; x_wconf 80' lang='grc' dir='ltr'>τὴν</span> <span class='ocrx_word' id='word_1_490' title='bbox 2694 3035 2972 3119; x_wconf 77' lang='grc' dir='ltr'>ἀνάϐασιν,</span> <span class='ocrx_word' id='word_1_491' title='bbox 3031 3040 3117 3096; x_wconf 85' lang='grc' dir='ltr'>καὶ</span> <span class='ocrx_word' id='word_1_492' title='bbox 3160 3049 3268 3099; x_wconf 82' lang='grc' dir='ltr'><strong>τῶν</strong></span> <span class='ocrx_word' id='word_1_493' title='bbox 3320 3044 3417 3110; x_wconf 75' lang='grc' dir='ltr'><strong>τῆς</strong></span> <span class='ocrx_word' id='word_1_494' title='bbox 3473 3043 3796 3113; x_wconf 84' lang='grc' dir='ltr'>Ἐκκλησίας</span> 
     </span>
    </p>
   </div>
   <div class='ocr_carea' id='block_1_74' title="bbox 2162 3121 3795 3214">
    <p class='ocr_par' dir='ltr' id='par_1_74' title="bbox 2162 3121 3795 3214">
     <span class='ocr_line' id='line_1_74' title="bbox 2162 3121 3795 3214; baseline 0.008 -37"><span class='ocrx_word' id='word_1_495' title='bbox 2162 3121 2885 3214; x_wconf 71' lang='grc' dir='ltr'>χρημάτωνέιναλωθέντων,</span> <span class='ocrx_word' id='word_1_496' title='bbox 2922 3130 3316 3208; x_wconf 80' lang='grc' dir='ltr'>ὰπηναγκάσθη</span> <span class='ocrx_word' id='word_1_497' title='bbox 3349 3135 3377 3189; x_wconf 81' lang='grc' dir='ltr'>ὁ</span> <span class='ocrx_word' id='word_1_498' title='bbox 3408 3132 3579 3212; x_wconf 79' lang='grc' dir='ltr'>μέγας</span> <span class='ocrx_word' id='word_1_499' title='bbox 3613 3134 3795 3214; x_wconf 82' lang='grc' dir='ltr'>χιλίας</span> 
     </span>
    </p>
   </div>
   <div class='ocr_carea' id='block_1_75' title="bbox 2163 3210 3801 3294">
    <p class='ocr_par' dir='ltr' id='par_1_75' title="bbox 2163 3210 3801 3294">
     <span class='ocr_line' id='line_1_75' title="bbox 2163 3210 3801 3294; baseline 0.007 -27"><span class='ocrx_word' id='word_1_500' title='bbox 2163 3213 2384 3294; x_wconf 81' lang='grc' dir='ltr'>χρυσίου</span> <span class='ocrx_word' id='word_1_501' title='bbox 2429 3210 2609 3289; x_wconf 72' lang='grc' dir='ltr'>λίτρας</span> <span class='ocrx_word' id='word_1_502' title='bbox 2655 3215 2796 3292; x_wconf 86' lang='grc' dir='ltr'>παρά</span> <span class='ocrx_word' id='word_1_503' title='bbox 2840 3217 3007 3273; x_wconf 78' lang='grc' dir='ltr'>τίνων</span> <span class='ocrx_word' id='word_1_504' title='bbox 3037 3217 3433 3279; x_wconf 82' lang='grc' dir='ltr'>ἐκδανείσασθαι</span> <span class='ocrx_word' id='word_1_505' title='bbox 3473 3210 3594 3287; x_wconf 12' lang='grc' dir='ltr'><strong>’ἠὼς</strong></span> <span class='ocrx_word' id='word_1_506' title='bbox 3711 3225 3801 3280; x_wconf 82' lang='grc' dir='ltr'><strong>καὶ</strong></span> 
     </span>
    </p>
   </div>
   <div class='ocr_carea' id='block_1_76' title="bbox 2162 3300 3795 3393">
    <p class='ocr_par' dir='ltr' id='par_1_76' title="bbox 2162 3300 3795 3393">
     <span class='ocr_line' id='line_1_76' title="bbox 2162 3300 3795 3393; baseline 0.006 -34"><span class='ocrx_word' id='word_1_507' title='bbox 2162 3303 2367 3393; x_wconf 17' lang='grc' dir='ltr'>ταύτας,</span> <span class='ocrx_word' id='word_1_508' title='bbox 2403 3300 2666 3374; x_wconf 79' lang='grc' dir='ltr'>ἀνάλωσε,</span> <span class='ocrx_word' id='word_1_509' title='bbox 2718 3302 2893 3375; x_wconf 79' lang='grc' dir='ltr'>πολλή</span> <span class='ocrx_word' id='word_1_510' title='bbox 2953 3329 3036 3371; x_wconf 85' lang='grc' dir='ltr'><strong>τις</strong></span> <span class='ocrx_word' id='word_1_511' title='bbox 3095 3310 3250 3368; x_wconf 75' lang='grc' dir='ltr'>αὐτὸν</span> <span class='ocrx_word' id='word_1_512' title='bbox 3309 3309 3515 3371; x_wconf 86' lang='grc' dir='ltr'>ἐκλόνει</span> <span class='ocrx_word' id='word_1_513' title='bbox 3560 3314 3795 3393; x_wconf 72' lang='grc' dir='ltr'>φροντὶς,</span> 
     </span>
    </p>
   </div>
   <div class='ocr_carea' id='block_1_77' title="bbox 2164 3391 3799 3481">
    <p class='ocr_par' dir='ltr' id='par_1_77' title="bbox 2164 3391 3799 3481">
     <span class='ocr_line' id='line_1_77' title="bbox 2164 3391 3799 3481; baseline 0.004 -31"><span class='ocrx_word' id='word_1_514' title='bbox 2164 3394 2251 3450; x_wconf 84' lang='grc' dir='ltr'><strong>καὶ</strong></span> <span class='ocrx_word' id='word_1_515' title='bbox 2306 3391 2402 3459; x_wconf 72' lang='grc' dir='ltr'>τῆς</span> <span class='ocrx_word' id='word_1_516' title='bbox 2471 3400 2566 3451; x_wconf 79' lang='grc' dir='ltr'>τοῦ</span> <span class='ocrx_word' id='word_1_517' title='bbox 2639 3399 2769 3449; x_wconf 81' lang='grc' dir='ltr'>Θεοῦ</span> <span class='ocrx_word' id='word_1_518' title='bbox 2816 3393 3207 3473; x_wconf 79' lang='grc' dir='ltr'>φιλανθρωπίας</span> <span class='ocrx_word' id='word_1_519' title='bbox 3292 3400 3469 3458; x_wconf 72' lang='grc' dir='ltr'>ἐδεῖτο</span> <span class='ocrx_word' id='word_1_520' title='bbox 3526 3391 3692 3481; x_wconf 80' lang='grc' dir='ltr'>πόρον</span> <span class='ocrx_word' id='word_1_521' title='bbox 3745 3402 3799 3458; x_wconf 78' lang='grc' dir='ltr'><strong>ἐν</strong></span> 
     </span>
    </p>
   </div>
   <div class='ocr_carea' id='block_1_78' title="bbox 2165 3480 3797 3574">
    <p class='ocr_par' dir='ltr' id='par_1_78' title="bbox 2165 3480 3797 3574">
     <span class='ocr_line' id='line_1_78' title="bbox 2165 3480 3797 3574; baseline 0.006 -35"><span class='ocrx_word' id='word_1_522' title='bbox 2165 3483 2384 3574; x_wconf 75' lang='grc' dir='ltr'>ᾇπόροις</span> <span class='ocrx_word' id='word_1_523' title='bbox 2437 3480 2818 3574; x_wconf 74' lang='grc' dir='ltr'>ἐπινοήσασθαι</span> <span class='ocrx_word' id='word_1_524' title='bbox 2856 3501 2869 3515; x_wconf 93' lang='grc'><strong>·</strong></span> <span class='ocrx_word' id='word_1_525' title='bbox 2920 3484 3055 3543; x_wconf 69' lang='grc' dir='ltr'>ἀλλὰ</span> <span class='ocrx_word' id='word_1_526' title='bbox 3112 3491 3198 3545; x_wconf 81' lang='grc' dir='ltr'><strong>καὶ</strong></span> <span class='ocrx_word' id='word_1_527' title='bbox 3230 3489 3397 3557; x_wconf 71' lang='grc' dir='ltr'>οὕτως</span> <span class='ocrx_word' id='word_1_528' title='bbox 3441 3495 3515 3557; x_wconf 74' lang='grc' dir='ltr'><strong>είς</strong></span> <span class='ocrx_word' id='word_1_529' title='bbox 3567 3480 3797 3574; x_wconf 72' lang='grc' dir='ltr'>ἔσχατον</span> 
     </span>
    </p>
   </div>
   <div class='ocr_carea' id='block_1_79' title="bbox 2167 3570 3797 3662">
    <p class='ocr_par' dir='ltr' id='par_1_79' title="bbox 2167 3570 3797 3662">
     <span class='ocr_line' id='line_1_79' title="bbox 2167 3570 3797 3662; baseline 0.009 -34"><span class='ocrx_word' id='word_1_530' title='bbox 2167 3572 2389 3650; x_wconf 80' lang='grc' dir='ltr'>ἀπορίας</span> <span class='ocrx_word' id='word_1_531' title='bbox 2451 3570 2756 3652; x_wconf 80' lang='grc' dir='ltr'>ἐληλακὼς,</span> <span class='ocrx_word' id='word_1_532' title='bbox 2806 3577 2911 3655; x_wconf 73' lang='grc' dir='ltr'><strong>οὔχ</strong></span> <span class='ocrx_word' id='word_1_533' title='bbox 2966 3574 3147 3643; x_wconf 72' lang='grc' dir='ltr'>ἥττων</span> <span class='ocrx_word' id='word_1_534' title='bbox 3186 3578 3337 3660; x_wconf 65' lang='grc' dir='ltr'>ὤφθη</span> <span class='ocrx_word' id='word_1_535' title='bbox 3371 3587 3469 3649; x_wconf 77' lang='grc' dir='ltr'>τῆς</span> <span class='ocrx_word' id='word_1_536' title='bbox 3501 3570 3797 3662; x_wconf 49' lang='grc' dir='ltr'>συμφορᾶς,</span> 
     </span>
    </p>
   </div>
   <div class='ocr_carea' id='block_1_80' title="bbox 2169 3662 3801 3752">
    <p class='ocr_par' dir='ltr' id='par_1_80' title="bbox 2169 3662 3801 3752">
     <span class='ocr_line' id='line_1_80' title="bbox 2169 3662 3801 3752; baseline 0.009 -37"><span class='ocrx_word' id='word_1_537' title='bbox 2169 3665 2229 3752; x_wconf 74' lang='grc' dir='ltr'>οὗ</span> <span class='ocrx_word' id='word_1_538' title='bbox 2271 3662 2388 3727; x_wconf 76' lang='grc' dir='ltr'>τούς</span> <span class='ocrx_word' id='word_1_539' title='bbox 2415 3662 2612 3752; x_wconf 35' lang='grc' dir='ltr'>-θείους</span> <span class='ocrx_word' id='word_1_540' title='bbox 2657 3663 2851 3737; x_wconf 86' lang='grc' dir='ltr'>νόμους</span> <span class='ocrx_word' id='word_1_541' title='bbox 2909 3669 2998 3723; x_wconf 79' lang='grc' dir='ltr'><strong>καὶ</strong></span> <span class='ocrx_word' id='word_1_542' title='bbox 3057 3668 3150 3730; x_wconf 80' lang='grc' dir='ltr'><strong>τὰς</strong></span> <span class='ocrx_word' id='word_1_543' title='bbox 3203 3670 3347 3748; x_wconf 78' lang='grc' dir='ltr'>ἱερὰς</span> <span class='ocrx_word' id='word_1_544' title='bbox 3372 3671 3578 3752; x_wconf 63' lang='grc' dir='ltr'>ᾔσχυνε</span> <span class='ocrx_word' id='word_1_545' title='bbox 3609 3671 3801 3729; x_wconf 79' lang='grc' dir='ltr'>διατά·</span> 
     </span>
    </p>
   </div>
   <div class='ocr_carea' id='block_1_81' title="bbox 2170 3747 3799 3839">
    <p class='ocr_par' dir='ltr' id='par_1_81' title="bbox 2170 3747 3799 3839">
     <span class='ocr_line' id='line_1_81' title="bbox 2170 3747 3799 3839; baseline 0.009 -33"><span class='ocrx_word' id='word_1_546' title='bbox 2170 3749 2298 3829; x_wconf 80' lang='grc' dir='ltr'>ξεις,</span> <span class='ocrx_word' id='word_1_547' title='bbox 2347 3747 2463 3809; x_wconf 77' lang='grc' dir='ltr'>οὒδὲ</span> <span class='ocrx_word' id='word_1_548' title='bbox 2507 3753 2778 3828; x_wconf 84' lang='grc' dir='ltr'>καθυφῆκὲ</span> <span class='ocrx_word' id='word_1_549' title='bbox 2822 3776 2871 3810; x_wconf 91' lang='grc' dir='ltr'><strong>τι</strong></span> <span class='ocrx_word' id='word_1_550' title='bbox 2926 3763 3019 3812; x_wconf 82' lang='grc' dir='ltr'>τοῦ</span> <span class='ocrx_word' id='word_1_551' title='bbox 3075 3760 3154 3832; x_wconf 79' lang='grc' dir='ltr'>μὴ</span> <span class='ocrx_word' id='word_1_552' title='bbox 3199 3747 3332 3839; x_wconf 82' lang='grc' dir='ltr'>πρὸς</span> <span class='ocrx_word' id='word_1_553' title='bbox 3371 3747 3639 3838; x_wconf 76' lang='grc' dir='ltr'>ἆκρίϐειαν</span> <span class='ocrx_word' id='word_1_554' title='bbox 3686 3764 3799 3820; x_wconf 80' lang='grc' dir='ltr'>ἰθύ-</span> 
     </span>
    </p>
   </div>
   <div class='ocr_carea' id='block_1_82' title="bbox 2171 3841 3802 3927">
    <p class='ocr_par' dir='ltr' id='par_1_82' title="bbox 2171 3841 3802 3927">
     <span class='ocr_line' id='line_1_82' title="bbox 2171 3841 3802 3927; baseline 0.006 -33"><span class='ocrx_word' id='word_1_555' title='bbox 2171 3861 2278 3895; x_wconf 89' lang='grc' dir='ltr'>νειν</span> <span class='ocrx_word' id='word_1_556' title='bbox 2330 3841 2393 3896; x_wconf 82' lang='grc' dir='ltr'>τὸ</span> <span class='ocrx_word' id='word_1_557' title='bbox 2450 3841 2724 3899; x_wconf 74' lang='grc' dir='ltr'>πιστευθὲν</span> <span class='ocrx_word' id='word_1_558' title='bbox 2783 3843 3049 3917; x_wconf 86' lang='grc' dir='ltr'>ποίμνιον.</span> <span class='ocrx_word' id='word_1_559' title='bbox 3087 3847 3264 3924; x_wconf 70' lang='grc' dir='ltr'>Ταύτῃ</span> <span class='ocrx_word' id='word_1_560' title='bbox 3293 3870 3381 3906; x_wconf 76' lang='grc' dir='ltr'><strong>τοι</strong></span> <span class='ocrx_word' id='word_1_561' title='bbox 3412 3852 3500 3907; x_wconf 80' lang='grc' dir='ltr'><strong>καὶ</strong></span> <span class='ocrx_word' id='word_1_562' title='bbox 3543 3851 3802 3927; x_wconf 70' lang='grc' dir='ltr'>κληριχὸς</span> 
     </span>
    </p>
   </div>
   <div class='ocr_carea' id='block_1_83' title="bbox 2170 3927 3804 4016">
    <p class='ocr_par' dir='ltr' id='par_1_83' title="bbox 2170 3927 3804 4016">
     <span class='ocr_line' id='line_1_83' title="bbox 2170 3927 3804 4016; baseline 0.007 -30"><span class='ocrx_word' id='word_1_563' title='bbox 2170 3951 2252 3994; x_wconf 84' lang='grc' dir='ltr'><strong>τις</strong></span> <span class='ocrx_word' id='word_1_564' title='bbox 2309 3935 2415 3986; x_wconf 86' lang='grc' dir='ltr'><strong>τῶν</strong></span> <span class='ocrx_word' id='word_1_565' title='bbox 2501 3927 2764 4008; x_wconf 80' lang='grc' dir='ltr'>δευτέροις</span> <span class='ocrx_word' id='word_1_566' title='bbox 2854 3933 3047 4010; x_wconf 82' lang='grc' dir='ltr'>γάμοις</span> <span class='ocrx_word' id='word_1_567' title='bbox 3127 3938 3511 4016; x_wconf 80' lang='grc' dir='ltr'>ὡμιληκότων,</span> <span class='ocrx_word' id='word_1_568' title='bbox 3591 3941 3804 3998; x_wconf 85' lang='grc' dir='ltr'>πλούτω</span> 
     </span>
    </p>
   </div>
   <div class='ocr_carea' id='block_1_84' title="bbox 2173 4018 3804 4112">
    <p class='ocr_par' dir='ltr' id='par_1_84' title="bbox 2173 4018 3804 4112">
     <span class='ocr_line' id='line_1_84' title="bbox 2173 4018 3804 4112; baseline 0.007 -38"><span class='ocrx_word' id='word_1_569' title='bbox 2173 4026 2432 4097; x_wconf 81' lang='grc' dir='ltr'>περιττῶς</span> <span class='ocrx_word' id='word_1_570' title='bbox 2491 4018 2658 4100; x_wconf 78' lang='grc' dir='ltr'>ἔχων,</span> <span class='ocrx_word' id='word_1_571' title='bbox 2715 4030 2811 4080; x_wconf 75' lang='grc' dir='ltr'><strong>τοῦ</strong></span> <span class='ocrx_word' id='word_1_572' title='bbox 2860 4027 2965 4078; x_wconf 82' lang='grc' dir='ltr'><strong>τῶν</strong></span> <span class='ocrx_word' id='word_1_573' title='bbox 3025 4022 3282 4083; x_wconf 81' lang='grc' dir='ltr'>διακόνων</span> <span class='ocrx_word' id='word_1_574' title='bbox 3340 4029 3543 4106; x_wconf 80' lang='grc' dir='ltr'>βαθμοῦ</span> <span class='ocrx_word' id='word_1_575' title='bbox 3611 4045 3804 4112; x_wconf 67' lang='grc' dir='ltr'>τυχεῖν</span> 
     </span>
    </p>
   </div>
   <div class='ocr_carea' id='block_1_85' title="bbox 449 4108 2075 4200">
    <p class='ocr_par' dir='ltr' id='par_1_85' title="bbox 449 4109 2075 4200">
     <span class='ocr_line' id='line_1_85' title="bbox 449 4109 2075 4200; baseline -0.009 -15"><span class='ocrx_word' id='word_1_576' title='bbox 449 4123 692 4185; x_wconf 74' lang='lat' dir='ltr'><strong>sivisset</strong></span> <span class='ocrx_word' id='word_1_577' title='bbox 719 4124 921 4179; x_wconf 86' lang='lat' dir='ltr'><strong>autem</strong></span> <span class='ocrx_word' id='word_1_578' title='bbox 956 4116 1066 4178; x_wconf 84' lang='lat' dir='ltr'><strong>has</strong></span> <span class='ocrx_word' id='word_1_579' title='bbox 1094 4112 1450 4194; x_wconf 88' lang='lat' dir='ltr'><strong>patriarcha</strong></span> <span class='ocrx_word' id='word_1_580' title='bbox 1483 4110 1816 4200; x_wconf 80' lang='lat' dir='ltr'><strong>angustias,</strong></span> <span class='ocrx_word' id='word_1_581' title='bbox 1847 4119 1903 4171; x_wconf 87' lang='lat' dir='ltr'><strong>et</strong></span> <span class='ocrx_word' id='word_1_582' title='bbox 1933 4109 2075 4171; x_wconf 92' lang='lat' dir='ltr'><strong>arri-</strong></span> 
     </span>
    </p>
   </div>
   <div class='ocr_carea' id='block_1_86' title="bbox 2164 4108 3802 4200">
    <p class='ocr_par' dir='ltr' id='par_1_86' title="bbox 2174 4108 3802 4200">
     <span class='ocr_line' id='line_1_86' title="bbox 2174 4108 3802 4200; baseline 0.009 -36"><span class='ocrx_word' id='word_1_583' title='bbox 2174 4108 2452 4200; x_wconf 66' lang='grc' dir='ltr'>ἐφιέμενος</span> <span class='ocrx_word' id='word_1_584' title='bbox 2479 4111 2584 4200; x_wconf 20' lang='grc' dir='ltr'>,τὴν</span> <span class='ocrx_word' id='word_1_585' title='bbox 2627 4109 2881 4166; x_wconf 79' lang='grc' dir='ltr'>στένωσιν</span> <span class='ocrx_word' id='word_1_586' title='bbox 2912 4113 3110 4183; x_wconf 85' lang='grc' dir='ltr'>ταύτην</span> <span class='ocrx_word' id='word_1_587' title='bbox 3142 4119 3220 4190; x_wconf 79' lang='grc' dir='ltr'>τῷ</span> <span class='ocrx_word' id='word_1_588' title='bbox 3268 4118 3577 4200; x_wconf 75' lang='grc' dir='ltr'>πατριάρχῃ</span> <span class='ocrx_word' id='word_1_589' title='bbox 3623 4108 3802 4197; x_wconf 75' lang='grc' dir='ltr'>μεμα-</span> 
     </span>
    </p>
   </div>
   <div class='ocr_carea' id='block_1_87' title="bbox 448 4186 2075 4294">
    <p class='ocr_par' dir='ltr' id='par_1_87' title="bbox 448 4186 2075 4294">
     <span class='ocr_line' id='line_1_87' title="bbox 448 4186 2075 4294; baseline -0.006 -22"><span class='ocrx_word' id='word_1_590' title='bbox 448 4208 679 4294; x_wconf 87' lang='lat' dir='ltr'><strong>puisset</strong></span> <span class='ocrx_word' id='word_1_591' title='bbox 709 4214 946 4287; x_wconf 89' lang='lat' dir='ltr'><strong>tempus</strong></span> <span class='ocrx_word' id='word_1_592' title='bbox 977 4186 1257 4284; x_wconf 80' lang='lat' dir='ltr'><strong>tanquam</strong></span> <span class='ocrx_word' id='word_1_593' title='bbox 1291 4186 1720 4294; x_wconf 69' lang='lat' dir='ltr'><strong>opportunum,</strong></span> <span class='ocrx_word' id='word_1_594' title='bbox 1740 4199 2075 4294; x_wconf 74' lang='lat' dir='ltr'><strong>sipecunii:</strong></span> 
     </span>
    </p>
   </div>
   <div class='ocr_carea' id='block_1_88' title="bbox 2164 4186 3807 4294">
    <p class='ocr_par' dir='ltr' id='par_1_88' title="bbox 2172 4186 3807 4294">
     <span class='ocr_line' id='line_1_88' title="bbox 2172 4186 3807 4294; baseline 0.008 -39"><span class='ocrx_word' id='word_1_595' title='bbox 2172 4186 2374 4294; x_wconf 62' lang='grc' dir='ltr'>θηκιῦς,</span> <span class='ocrx_word' id='word_1_596' title='bbox 2407 4199 2639 4294; x_wconf 51' lang='lat' dir='ltr'><strong>xui-rev“</strong></span> <span class='ocrx_word' id='word_1_597' title='bbox 2666 4200 2851 4294; x_wconf 67' lang='grc' dir='ltr'>καιρόν</span> <span class='ocrx_word' id='word_1_598' title='bbox 2909 4203 3147 4281; x_wconf 75' lang='grc' dir='ltr'>ἁρπάσας</span> <span class='ocrx_word' id='word_1_599' title='bbox 3189 4186 3261 4269; x_wconf 69' lang='grc' dir='ltr'>ὧς</span> <span class='ocrx_word' id='word_1_600' title='bbox 3306 4186 3634 4286; x_wconf 59' lang='grc' dir='ltr'>ιπὶτῆδέὶῦνξ</span> <span class='ocrx_word' id='word_1_601' title='bbox 3694 4186 3807 4289; x_wconf 73' lang='grc' dir='ltr'>εἴγε</span> 
     </span>
    </p>
   </div>
   <div class='ocr_carea' id='block_1_89' title="bbox 448 4290 2090 4378">
    <p class='ocr_par' dir='ltr' id='par_1_89' title="bbox 448 4290 2090 4378">
     <span class='ocr_line' id='line_1_89' title="bbox 448 4290 2090 4378; baseline -0.008 -14"><span class='ocrx_word' id='word_1_602' title='bbox 448 4290 643 4364; x_wconf 84' lang='lat' dir='ltr'><strong>levata</strong></span> <span class='ocrx_word' id='word_1_603' title='bbox 670 4297 875 4378; x_wconf 87' lang='lat' dir='ltr'><strong>inopia</strong></span> <span class='ocrx_word' id='word_1_604' title='bbox 906 4296 1336 4374; x_wconf 83' lang='lat' dir='ltr'><strong>assequeretur</strong></span> <span class='ocrx_word' id='word_1_605' title='bbox 1364 4290 1446 4365; x_wconf 89' lang='lat' dir='ltr'><strong>id,</strong></span> <span class='ocrx_word' id='word_1_606' title='bbox 1499 4290 1659 4371; x_wconf 87' lang='lat' dir='ltr'><strong>quod</strong></span> <span class='ocrx_word' id='word_1_607' title='bbox 1688 4290 2090 4364; x_wconf 87' lang='lat' dir='ltr'><strong>desiderabat,</strong></span> 
     </span>
    </p>
   </div>
   <div class='ocr_carea' id='block_1_90' title="bbox 453 4380 2089 4463">
    <p class='ocr_par' dir='ltr' id='par_1_90' title="bbox 453 4380 2089 4463">
     <span class='ocr_line' id='line_1_90' title="bbox 453 4380 2089 4463; baseline -0.01 -6"><span class='ocrx_word' id='word_1_608' title='bbox 453 4392 721 4457; x_wconf 86' lang='lat' dir='ltr'><strong>chartam</strong></span> <span class='ocrx_word' id='word_1_609' title='bbox 754 4385 1007 4451; x_wconf 89' lang='lat' dir='ltr'><strong>tradidit</strong></span> <span class='ocrx_word' id='word_1_610' title='bbox 1037 4383 1211 4446; x_wconf 90' lang='lat' dir='ltr'><strong>beato</strong></span> <span class='ocrx_word' id='word_1_611' title='bbox 1245 4382 1641 4463; x_wconf 87' lang='lat' dir='ltr'><strong>Joanni,qua</strong></span> <span class='ocrx_word' id='word_1_612' title='bbox 1666 4382 1751 4444; x_wconf 91' lang='lat' dir='ltr'><strong>sic</strong></span> <span class='ocrx_word' id='word_1_613' title='bbox 1782 4380 2043 4444; x_wconf 88' lang='lat' dir='ltr'><strong>habebat</strong></span> <span class='ocrx_word' id='word_1_614' title='bbox 2077 4404 2089 4440; x_wconf 93' lang='lat'>:</span> 
     </span>
    </p>
   </div>
   <div class='ocr_carea' id='block_1_91' title="bbox 455 4470 2098 4557">
    <p class='ocr_par' dir='ltr' id='par_1_91' title="bbox 455 4470 2098 4557">
     <span class='ocr_line' id='line_1_91' title="bbox 455 4470 2098 4557; baseline -0.007 -12"><span class='ocrx_word' id='word_1_615' title='bbox 455 4482 602 4547; x_wconf 86' lang='lat' dir='ltr'><strong>Cum</strong></span> <span class='ocrx_word' id='word_1_616' title='bbox 665 4476 1033 4557; x_wconf 88' lang='lat' dir='ltr'><strong>accepissem</strong></span> <span class='ocrx_word' id='word_1_617' title='bbox 1080 4473 1382 4552; x_wconf 78' lang='lat' dir='ltr'><strong>angustias</strong></span> <span class='ocrx_word' id='word_1_618' title='bbox 1438 4472 1500 4533; x_wconf 90' lang='lat' dir='ltr'><strong>in</strong></span> <span class='ocrx_word' id='word_1_619' title='bbox 1560 4489 1707 4551; x_wconf 84' lang='lat' dir='ltr'><strong>quas</strong></span> <span class='ocrx_word' id='word_1_620' title='bbox 1738 4470 1980 4534; x_wconf 89' lang='lat' dir='ltr'><strong>redacta</strong></span> <span class='ocrx_word' id='word_1_621' title='bbox 2006 4478 2098 4534; x_wconf 88' lang='lat' dir='ltr'><strong>est</strong></span> 
     </span>
    </p>
   </div>
   <div class='ocr_carea' id='block_1_92' title="bbox 458 4559 2097 4639">
    <p class='ocr_par' dir='ltr' id='par_1_92' title="bbox 458 4559 2097 4639">
     <span class='ocr_line' id='line_1_92' title="bbox 458 4559 2097 4639; baseline -0.007 -6"><span class='ocrx_word' id='word_1_622' title='bbox 458 4568 742 4633; x_wconf 83' lang='lat' dir='ltr'><strong>munifica</strong></span> <span class='ocrx_word' id='word_1_623' title='bbox 791 4567 1040 4629; x_wconf 78' lang='lat' dir='ltr'><strong>dextera</strong></span> <span class='ocrx_word' id='word_1_624' title='bbox 1096 4568 1215 4625; x_wconf 85' lang='lat' dir='ltr'><strong>mei</strong></span> <span class='ocrx_word' id='word_1_625' title='bbox 1266 4561 1517 4639; x_wconf 89' lang='lat' dir='ltr'><strong>domini,</strong></span> <span class='ocrx_word' id='word_1_626' title='bbox 1581 4580 1698 4623; x_wconf 90' lang='lat' dir='ltr'><strong>non</strong></span> <span class='ocrx_word' id='word_1_627' title='bbox 1760 4559 2097 4622; x_wconf 82' lang='lat' dir='ltr'><strong>existimavi</strong></span> 
     </span>
    </p>
   </div>
   <div class='ocr_carea' id='block_1_93' title="bbox 457 4648 2097 4740">
    <p class='ocr_par' dir='ltr' id='par_1_93' title="bbox 457 4648 2097 4740">
     <span class='ocr_line' id='line_1_93' title="bbox 457 4648 2097 4740; baseline -0.007 -19"><span class='ocrx_word' id='word_1_628' title='bbox 457 4665 743 4740; x_wconf 86' lang='lat' dir='ltr'><strong>oportere</strong></span> <span class='ocrx_word' id='word_1_629' title='bbox 765 4672 862 4718; x_wconf 89' lang='lat' dir='ltr'><strong>me</strong></span> <span class='ocrx_word' id='word_1_630' title='bbox 893 4652 1137 4736; x_wconf 88' lang='lat' dir='ltr'><strong>quidem</strong></span> <span class='ocrx_word' id='word_1_631' title='bbox 1190 4651 1413 4731; x_wconf 81' lang='lat' dir='ltr'><strong>degere</strong></span> <span class='ocrx_word' id='word_1_632' title='bbox 1443 4650 1507 4711; x_wconf 89' lang='lat' dir='ltr'><strong>in</strong></span> <span class='ocrx_word' id='word_1_633' title='bbox 1539 4648 1773 4712; x_wconf 88' lang='lat' dir='ltr'><strong>deliciis</strong></span> <span class='ocrx_word' id='word_1_634' title='bbox 1805 4657 1866 4711; x_wconf 92' lang='lat' dir='ltr'><strong>et</strong></span> <span class='ocrx_word' id='word_1_635' title='bbox 1893 4666 2097 4710; x_wconf 87' lang='lat' dir='ltr'><strong>rerum</strong></span> 
     </span>
    </p>
   </div>
   <div class='ocr_carea' id='block_1_94' title="bbox 454 4740 2100 4825">
    <p class='ocr_par' dir='ltr' id='par_1_94' title="bbox 454 4740 2100 4825">
     <span class='ocr_line' id='line_1_94' title="bbox 454 4740 2100 4825; baseline -0.005 -16"><span class='ocrx_word' id='word_1_636' title='bbox 454 4743 1162 4821; x_wconf 86' lang='lat' dir='ltr'><strong>abundantia,dominum</strong></span> <span class='ocrx_word' id='word_1_637' title='bbox 1184 4751 1382 4803; x_wconf 90' lang='lat' dir='ltr'><strong>autem</strong></span> <span class='ocrx_word' id='word_1_638' title='bbox 1412 4758 1605 4825; x_wconf 82' lang='lat' dir='ltr'><strong>meum</strong></span> <span class='ocrx_word' id='word_1_639' title='bbox 1633 4740 1939 4802; x_wconf 90' lang='lat' dir='ltr'><strong>redactum</strong></span> <span class='ocrx_word' id='word_1_640' title='bbox 1965 4756 2100 4803; x_wconf 88' lang='lat' dir='ltr'><strong>esse</strong></span> 
     </span>
    </p>
   </div>
   <div class='ocr_carea' id='block_1_95' title="bbox 459 4828 2099 4917">
    <p class='ocr_par' dir='ltr' id='par_1_95' title="bbox 459 4828 2099 4917">
     <span class='ocr_line' id='line_1_95' title="bbox 459 4828 2099 4917; baseline -0.007 -17"><span class='ocrx_word' id='word_1_641' title='bbox 459 4838 523 4900; x_wconf 88' lang='lat' dir='ltr'><strong>in</strong></span> <span class='ocrx_word' id='word_1_642' title='bbox 577 4834 906 4917; x_wconf 71' lang='lat' dir='ltr'><strong>angustias.</strong></span> <span class='ocrx_word' id='word_1_643' title='bbox 967 4831 1122 4896; x_wconf 90' lang='lat' dir='ltr'><strong>Sunt</strong></span> <span class='ocrx_word' id='word_1_644' title='bbox 1177 4829 1332 4912; x_wconf 89' lang='lat' dir='ltr'><strong>apud</strong></span> <span class='ocrx_word' id='word_1_645' title='bbox 1388 4847 1486 4893; x_wconf 88' lang='lat' dir='ltr'><strong>me</strong></span> <span class='ocrx_word' id='word_1_646' title='bbox 1542 4830 1827 4892; x_wconf 88' lang='lat' dir='ltr'><strong>frumenti</strong></span> <span class='ocrx_word' id='word_1_647' title='bbox 1857 4828 2099 4910; x_wconf 88' lang='lat' dir='ltr'><strong>quidem</strong></span> 
     </span>
    </p>
   </div>
   <div class='ocr_carea' id='block_1_96' title="bbox 462 4917 2105 4995">
    <p class='ocr_par' dir='ltr' id='par_1_96' title="bbox 462 4917 2105 4995">
     <span class='ocr_line' id='line_1_96' title="bbox 462 4917 2105 4995; baseline -0.008 -4"><span class='ocrx_word' id='word_1_648' title='bbox 462 4926 650 4991; x_wconf 88' lang='lat' dir='ltr'><strong>multa</strong></span> <span class='ocrx_word' id='word_1_649' title='bbox 680 4923 893 4995; x_wconf 89' lang='lat' dir='ltr'><strong>millia,</strong></span> <span class='ocrx_word' id='word_1_650' title='bbox 926 4922 1057 4985; x_wconf 89' lang='lat' dir='ltr'><strong>auri</strong></span> <span class='ocrx_word' id='word_1_651' title='bbox 1104 4929 1303 4984; x_wconf 89' lang='lat' dir='ltr'><strong>autem</strong></span> <span class='ocrx_word' id='word_1_652' title='bbox 1354 4928 1597 4982; x_wconf 87' lang='lat' dir='ltr'><strong>centum</strong></span> <span class='ocrx_word' id='word_1_653' title='bbox 1632 4918 1800 4981; x_wconf 86' lang='lat' dir='ltr'><strong>libra</strong></span> <span class='ocrx_word' id='word_1_654' title='bbox 1831 4928 1890 4980; x_wconf 91' lang='lat' dir='ltr'><strong>et</strong></span> <span class='ocrx_word' id='word_1_655' title='bbox 1919 4917 2105 4995; x_wconf 90' lang='lat' dir='ltr'><strong>quin-</strong></span> 
     </span>
    </p>
   </div>
   <div class='ocr_carea' id='block_1_97' title="bbox 461 5007 2103 5100">
    <p class='ocr_par' dir='ltr' id='par_1_97' title="bbox 461 5007 2103 5100">
     <span class='ocr_line' id='line_1_97' title="bbox 461 5007 2103 5100; baseline -0.008 -19"><span class='ocrx_word' id='word_1_656' title='bbox 461 5016 744 5100; x_wconf 88' lang='lat' dir='ltr'><strong>quaginta</strong></span> <span class='ocrx_word' id='word_1_657' title='bbox 777 5035 792 5073; x_wconf 89' lang='lat'><strong>:</strong></span> <span class='ocrx_word' id='word_1_658' title='bbox 848 5030 948 5075; x_wconf 89' lang='lat' dir='ltr'><strong>eas</strong></span> <span class='ocrx_word' id='word_1_659' title='bbox 978 5011 1154 5075; x_wconf 89' lang='lat' dir='ltr'><strong>velim</strong></span> <span class='ocrx_word' id='word_1_660' title='bbox 1189 5028 1296 5091; x_wconf 74' lang='lat' dir='ltr'><strong>per</strong></span> <span class='ocrx_word' id='word_1_661' title='bbox 1325 5019 1384 5072; x_wconf 89' lang='lat' dir='ltr'><strong>te</strong></span> <span class='ocrx_word' id='word_1_662' title='bbox 1414 5009 1558 5100; x_wconf 87' lang='lat' dir='ltr'><strong>dare</strong></span> <span class='ocrx_word' id='word_1_663' title='bbox 1589 5008 1852 5100; x_wconf 74' lang='lat' dir='ltr'><strong>Christo,</strong></span> <span class='ocrx_word' id='word_1_664' title='bbox 1890 5007 1939 5069; x_wconf 93' lang='lat' dir='ltr'><strong>si</strong></span> <span class='ocrx_word' id='word_1_665' title='bbox 1974 5019 2103 5070; x_wconf 83' lang='lat' dir='ltr'><strong>tan-</strong></span> 
     </span>
    </p>
   </div>
   <div class='ocr_carea' id='block_1_98' title="bbox 461 5097 2106 5186">
    <p class='ocr_par' dir='ltr' id='par_1_98' title="bbox 461 5097 2106 5186">
     <span class='ocr_line' id='line_1_98' title="bbox 461 5097 2106 5186; baseline -0.007 -16"><span class='ocrx_word' id='word_1_666' title='bbox 461 5097 584 5170; x_wconf 80' lang='lat' dir='ltr'><strong>tum</strong></span> <span class='ocrx_word' id='word_1_667' title='bbox 608 5104 914 5186; x_wconf 87' lang='lat' dir='ltr'><strong>judicatus</strong></span> <span class='ocrx_word' id='word_1_668' title='bbox 969 5101 1140 5165; x_wconf 91' lang='lat' dir='ltr'><strong>fuero</strong></span> <span class='ocrx_word' id='word_1_669' title='bbox 1195 5101 1416 5180; x_wconf 86' lang='lat' dir='ltr'><strong>dignus</strong></span> <span class='ocrx_word' id='word_1_670' title='bbox 1476 5098 1611 5179; x_wconf 93' lang='lat' dir='ltr'><strong>ejus</strong></span> <span class='ocrx_word' id='word_1_671' title='bbox 1644 5097 1961 5160; x_wconf 91' lang='lat' dir='ltr'><strong>diaconatn</strong></span> <span class='ocrx_word' id='word_1_672' title='bbox 1998 5113 2106 5178; x_wconf 91' lang='lat' dir='ltr'><strong>per</strong></span> 
     </span>
    </p>
   </div>
   <div class='ocr_carea' id='block_1_99' title="bbox 461 5186 2106 5259">
    <p class='ocr_par' dir='ltr' id='par_1_99' title="bbox 461 5186 2106 5259">
     <span class='ocr_line' id='line_1_99' title="bbox 461 5186 2106 5259; baseline -0.007 0"><span class='ocrx_word' id='word_1_673' title='bbox 461 5204 726 5259; x_wconf 87' lang='lat' dir='ltr'><strong>sanctam</strong></span> <span class='ocrx_word' id='word_1_674' title='bbox 757 5203 918 5256; x_wconf 89' lang='lat' dir='ltr'><strong>tuam</strong></span> <span class='ocrx_word' id='word_1_675' title='bbox 950 5189 1418 5255; x_wconf 86' lang='lat' dir='ltr'><strong>ordinationem.</strong></span> <span class='ocrx_word' id='word_1_676' title='bbox 1452 5186 1761 5250; x_wconf 91' lang='lat' dir='ltr'><strong>Inventum</strong></span> <span class='ocrx_word' id='word_1_677' title='bbox 1797 5186 1958 5248; x_wconf 90' lang='lat' dir='ltr'><strong>enim</strong></span> <span class='ocrx_word' id='word_1_678' title='bbox 2011 5193 2106 5249; x_wconf 87' lang='lat' dir='ltr'><strong>est</strong></span> 
     </span>
    </p>
   </div>
   <div class='ocr_carea' id='block_1_100' title="bbox 461 5275 2102 5365">
    <p class='ocr_par' dir='ltr' id='par_1_100' title="bbox 461 5275 2102 5365">
     <span class='ocr_line' id='line_1_100' title="bbox 461 5275 2102 5365; baseline -0.005 -17"><span class='ocrx_word' id='word_1_679' title='bbox 461 5283 682 5348; x_wconf 89' lang='lat' dir='ltr'><strong>alicubi</strong></span> <span class='ocrx_word' id='word_1_680' title='bbox 715 5282 861 5365; x_wconf 89' lang='lat' dir='ltr'><strong>quid</strong></span> <span class='ocrx_word' id='word_1_681' title='bbox 893 5281 1117 5344; x_wconf 89' lang='lat' dir='ltr'><strong>dictum</strong></span> <span class='ocrx_word' id='word_1_682' title='bbox 1148 5280 1337 5343; x_wconf 90' lang='lat' dir='ltr'><strong>fuisse</strong></span> <span class='ocrx_word' id='word_1_683' title='bbox 1366 5277 1520 5359; x_wconf 91' lang='lat' dir='ltr'><strong>apud</strong></span> <span class='ocrx_word' id='word_1_684' title='bbox 1557 5275 1914 5358; x_wconf 87' lang='lat' dir='ltr'><strong>Apostolum</strong></span> <span class='ocrx_word' id='word_1_685' title='bbox 1942 5275 1995 5353; x_wconf 68' lang='lat'><strong>9,</strong></span> <span class='ocrx_word' id='word_1_686' title='bbox 2029 5293 2102 5339; x_wconf 80' lang='lat' dir='ltr'><strong>ea</strong></span> 
     </span>
    </p>
   </div>
   <div class='ocr_carea' id='block_1_101' title="bbox 467 5365 1940 5452">
    <p class='ocr_par' dir='ltr' id='par_1_101' title="bbox 467 5365 1940 5452">
     <span class='ocr_line' id='line_1_101' title="bbox 467 5365 1940 5452; baseline -0.007 -14"><span class='ocrx_word' id='word_1_687' title='bbox 467 5373 829 5440; x_wconf 86' lang='lat' dir='ltr'><strong>necessitate</strong></span> <span class='ocrx_word' id='word_1_688' title='bbox 858 5370 1008 5450; x_wconf 86' lang='lat' dir='ltr'><strong>legis</strong></span> <span class='ocrx_word' id='word_1_689' title='bbox 1036 5387 1276 5452; x_wconf 88' lang='lat' dir='ltr'><strong>quoque</strong></span> <span class='ocrx_word' id='word_1_690' title='bbox 1307 5368 1437 5433; x_wconf 84' lang='lat' dir='ltr'><strong>fieri</strong></span> <span class='ocrx_word' id='word_1_691' title='bbox 1462 5365 1940 5430; x_wconf 88' lang='lat' dir='ltr'><strong>translationem.</strong></span> 
     </span>
    </p>
   </div>
   <div class='ocr_carea' id='block_1_102' title="bbox 552 5629 895 5703">
    <p class='ocr_par' dir='ltr' id='par_1_102' title="bbox 552 5629 895 5703">
     <span class='ocr_line' id='line_1_102' title="bbox 552 5629 895 5703; baseline -0.023 -1"><span class='ocrx_word' id='word_1_692' title='bbox 552 5633 581 5680; x_wconf 78' lang='grc'>²</span> <span class='ocrx_word' id='word_1_693' title='bbox 605 5629 759 5703; x_wconf 77' lang='lat' dir='ltr'><strong>Bob.</strong></span> <span class='ocrx_word' id='word_1_694' title='bbox 788 5646 895 5697; x_wconf 84' lang='lat' dir='ltr'><strong>vn.</strong></span> 
     </span>
    </p>
   </div>
   <div class='ocr_carea' id='block_1_103' title="bbox 2176 4285 3806 4381">
    <p class='ocr_par' dir='ltr' id='par_1_103' title="bbox 2176 4285 3806 4381">
     <span class='ocr_line' id='line_1_103' title="bbox 2176 4285 3806 4381; baseline 0.013 -43"><span class='ocrx_word' id='word_1_695' title='bbox 2176 4290 2426 4381; x_wconf 75' lang='grc' dir='ltr'>χρήμασι</span> <span class='ocrx_word' id='word_1_696' title='bbox 2456 4287 2558 4355; x_wconf 81' lang='grc' dir='ltr'>τὴν</span> <span class='ocrx_word' id='word_1_697' title='bbox 2617 4285 2816 4381; x_wconf 69' lang='grc' dir='ltr'>ἕνθιιαν</span> <span class='ocrx_word' id='word_1_698' title='bbox 2860 4293 3185 4381; x_wconf 76' lang='grc' dir='ltr'>θεραπεύσας</span> <span class='ocrx_word' id='word_1_699' title='bbox 3227 4297 3384 4360; x_wconf 72' lang='grc' dir='ltr'>αὐτὸς</span> <span class='ocrx_word' id='word_1_700' title='bbox 3429 4299 3678 4381; x_wconf 73' lang='grc' dir='ltr'>ἐπιτύχοι</span> <span class='ocrx_word' id='word_1_701' title='bbox 3720 4285 3806 4359; x_wconf 72' lang='grc' dir='ltr'>τοῦ</span> 
     </span>
    </p>
   </div>
   <div class='ocr_carea' id='block_1_104' title="bbox 2177 4376 3806 4469">
    <p class='ocr_par' dir='ltr' id='par_1_104' title="bbox 2177 4376 3806 4469">
     <span class='ocr_line' id='line_1_104' title="bbox 2177 4376 3806 4469; baseline 0.009 -34"><span class='ocrx_word' id='word_1_702' title='bbox 2177 4376 2542 4469; x_wconf 75' lang='grc' dir='ltr'>ποθουμένου,</span> <span class='ocrx_word' id='word_1_703' title='bbox 2604 4378 2815 4459; x_wconf 77' lang='grc' dir='ltr'>χάρτην</span> <span class='ocrx_word' id='word_1_704' title='bbox 2870 4380 3161 4461; x_wconf 76' lang='grc' dir='ltr'>ἐγχειρίζει</span> <span class='ocrx_word' id='word_1_705' title='bbox 3223 4390 3298 4461; x_wconf 81' lang='grc' dir='ltr'>τῷ</span> <span class='ocrx_word' id='word_1_706' title='bbox 3372 4376 3618 4469; x_wconf 69' lang='grc' dir='ltr'>μακαρίῲ</span> <span class='ocrx_word' id='word_1_707' title='bbox 3674 4391 3806 4448; x_wconf 65' lang='grc' dir='ltr'>οὕτω</span> 
     </span>
    </p>
   </div>
   <div class='ocr_carea' id='block_1_105' title="bbox 2179 4466 3805 4559">
    <p class='ocr_par' dir='ltr' id='par_1_105' title="bbox 2179 4466 3805 4559">
     <span class='ocr_line' id='line_1_105' title="bbox 2179 4466 3805 4559; baseline 0.01 -38"><span class='ocrx_word' id='word_1_708' title='bbox 2179 4489 2295 4529; x_wconf 87' lang='grc' dir='ltr'><strong>πως</strong></span> <span class='ocrx_word' id='word_1_709' title='bbox 2342 4466 2539 4546; x_wconf 78' lang='grc' dir='ltr'>ἔχοντα</span> <span class='ocrx_word' id='word_1_710' title='bbox 2573 4486 2589 4504; x_wconf 83' lang='grc'><em>’</em></span> <span class='ocrx_word' id='word_1_711' title='bbox 2624 4469 2733 4535; x_wconf 78' lang='grc' dir='ltr'><strong>Τὴν</strong></span> <span class='ocrx_word' id='word_1_712' title='bbox 2764 4469 3093 4550; x_wconf 79' lang='grc' dir='ltr'>συνέχουσαν</span> <span class='ocrx_word' id='word_1_713' title='bbox 3127 4475 3383 4533; x_wconf 77' lang='grc' dir='ltr'>στένωσιν</span> <span class='ocrx_word' id='word_1_714' title='bbox 3426 4478 3494 4546; x_wconf 65' lang='grc' dir='ltr'>τῆ</span> <span class='ocrx_word' id='word_1_715' title='bbox 3508 4466 3534 4531; x_wconf 38' lang='grc' dir='ltr'>ν’</span> <span class='ocrx_word' id='word_1_716' title='bbox 3571 4480 3805 4559; x_wconf 82' lang='grc' dir='ltr'>μεγαλό-</span> 
     </span>
    </p>
   </div>
   <div class='ocr_carea' id='block_1_106' title="bbox 2179 4554 3807 4640">
    <p class='ocr_par' dir='ltr' id='par_1_106' title="bbox 2179 4554 3807 4640">
     <span class='ocr_line' id='line_1_106' title="bbox 2179 4554 3807 4640; baseline 0.008 -27"><span class='ocrx_word' id='word_1_717' title='bbox 2179 4555 2342 4635; x_wconf 83' lang='grc' dir='ltr'>δωρον</span> <span class='ocrx_word' id='word_1_718' title='bbox 2374 4554 2543 4621; x_wconf 82' lang='grc' dir='ltr'>δεξιὰν</span> <span class='ocrx_word' id='word_1_719' title='bbox 2574 4563 2666 4613; x_wconf 77' lang='grc' dir='ltr'>τοῦ</span> <span class='ocrx_word' id='word_1_720' title='bbox 2696 4557 2829 4633; x_wconf 76' lang='grc' dir='ltr'>ἐμοῦ</span> <span class='ocrx_word' id='word_1_721' title='bbox 2859 4556 3116 4618; x_wconf 75' lang='grc' dir='ltr'>δεσπότου</span> <span class='ocrx_word' id='word_1_722' title='bbox 3174 4568 3518 4640; x_wconf 86' lang='grc' dir='ltr'>καταμαθὼν,</span> <span class='ocrx_word' id='word_1_723' title='bbox 3574 4554 3665 4628; x_wconf 14' lang='grc' dir='ltr'><strong>*οὖν</strong></span> <span class='ocrx_word' id='word_1_724' title='bbox 3697 4569 3807 4626; x_wconf 84' lang='grc' dir='ltr'>δέον</span> 
     </span>
    </p>
   </div>
   <div class='ocr_carea' id='block_1_107' title="bbox 2179 4644 3808 4734">
    <p class='ocr_par' dir='ltr' id='par_1_107' title="bbox 2179 4644 3808 4734">
     <span class='ocr_line' id='line_1_107' title="bbox 2179 4644 3808 4734; baseline 0.01 -33"><span class='ocrx_word' id='word_1_725' title='bbox 2179 4647 2478 4734; x_wconf 66' lang='grc' dir='ltr'>ἡγησάμην</span> <span class='ocrx_word' id='word_1_726' title='bbox 2520 4644 2616 4721; x_wconf 76' lang='grc' dir='ltr'>ἐμὲ</span> <span class='ocrx_word' id='word_1_727' title='bbox 2654 4646 2754 4720; x_wconf 80' lang='grc' dir='ltr'>μὲν</span> <span class='ocrx_word' id='word_1_728' title='bbox 2807 4646 2862 4702; x_wconf 75' lang='grc' dir='ltr'><strong>ἐν</strong></span> <span class='ocrx_word' id='word_1_729' title='bbox 2906 4649 3200 4710; x_wconf 81' lang='grc' dir='ltr'>ἀπολαύσει</span> <span class='ocrx_word' id='word_1_730' title='bbox 3239 4653 3443 4734; x_wconf 83' lang='grc' dir='ltr'>διὰγειν</span> <span class='ocrx_word' id='word_1_731' title='bbox 3503 4660 3592 4715; x_wconf 86' lang='grc' dir='ltr'><strong>καὶ</strong></span> <span class='ocrx_word' id='word_1_732' title='bbox 3649 4659 3808 4734; x_wconf 73' lang='grc' dir='ltr'>ἀφθο-</span> 
     </span>
    </p>
   </div>
   <div class='ocr_carea' id='block_1_108' title="bbox 2181 4724 3807 4813">
    <p class='ocr_par' dir='ltr' id='par_1_108' title="bbox 2181 4724 3807 4813">
     <span class='ocr_line' id='line_1_108' title="bbox 2181 4724 3807 4813; baseline 0.01 -22"><span class='ocrx_word' id='word_1_733' title='bbox 2181 4724 2286 4809; x_wconf 70' lang='grc' dir='ltr'>νία,</span> <span class='ocrx_word' id='word_1_734' title='bbox 2321 4740 2412 4792; x_wconf 77' lang='grc' dir='ltr'>τὸν</span> <span class='ocrx_word' id='word_1_735' title='bbox 2445 4733 2712 4802; x_wconf 79' lang='grc' dir='ltr'>δεσπότην</span> <span class='ocrx_word' id='word_1_736' title='bbox 2741 4734 2796 4792; x_wconf 76' lang='grc' dir='ltr'><strong>δὲ</strong></span> <span class='ocrx_word' id='word_1_737' title='bbox 2826 4739 2917 4794; x_wconf 81' lang='grc' dir='ltr'><strong>τὸν</strong></span> <span class='ocrx_word' id='word_1_738' title='bbox 2950 4738 3080 4813; x_wconf 80' lang='grc' dir='ltr'>ἐμὸν</span> <span class='ocrx_word' id='word_1_739' title='bbox 3131 4741 3186 4799; x_wconf 86' lang='grc' dir='ltr'><strong>ἐν</strong></span> <span class='ocrx_word' id='word_1_740' title='bbox 3236 4724 3490 4803; x_wconf 72' lang='grc' dir='ltr'>στενώσει</span> <span class='ocrx_word' id='word_1_741' title='bbox 3522 4724 3807 4809; x_wconf 59' lang='grc' dir='ltr'>διατελεῖν.</span> 
     </span>
    </p>
   </div>
   <div class='ocr_carea' id='block_1_109' title="bbox 2185 4823 3810 4918">
    <p class='ocr_par' dir='ltr' id='par_1_109' title="bbox 2185 4823 3810 4918">
     <span class='ocr_line' id='line_1_109' title="bbox 2185 4823 3810 4918; baseline 0.006 -34"><span class='ocrx_word' id='word_1_742' title='bbox 2185 4824 2304 4884; x_wconf 80' lang='grc' dir='ltr'><strong>Εἷσῖ</strong></span> <span class='ocrx_word' id='word_1_743' title='bbox 2335 4826 2534 4918; x_wconf 24' lang='grc' dir='ltr'>*τοίνυν</span> <span class='ocrx_word' id='word_1_744' title='bbox 2565 4823 2726 4918; x_wconf 26' lang='grc' dir='ltr'>,παρ’</span> <span class='ocrx_word' id='word_1_745' title='bbox 2771 4827 2888 4918; x_wconf 84' lang='grc' dir='ltr'>ἐμοὶ</span> <span class='ocrx_word' id='word_1_746' title='bbox 2951 4828 3095 4886; x_wconf 84' lang='grc' dir='ltr'>σίτου</span> <span class='ocrx_word' id='word_1_747' title='bbox 3154 4832 3252 4907; x_wconf 78' lang='grc' dir='ltr'>μὲν</span> <span class='ocrx_word' id='word_1_748' title='bbox 3297 4835 3541 4915; x_wconf 79' lang='grc' dir='ltr'>χιλιάδες</span> <span class='ocrx_word' id='word_1_749' title='bbox 3600 4836 3810 4918; x_wconf 83' lang='grc' dir='ltr'>πολλαὶ,</span> 
     </span>
    </p>
   </div>
   <div class='ocr_carea' id='block_1_110' title="bbox 2185 4912 3815 4996">
    <p class='ocr_par' dir='ltr' id='par_1_110' title="bbox 2185 4912 3815 4996">
     <span class='ocr_line' id='line_1_110' title="bbox 2185 4912 3815 4996; baseline 0.009 -27"><span class='ocrx_word' id='word_1_750' title='bbox 2185 4915 2406 4996; x_wconf 85' lang='grc' dir='ltr'>χρυσίου</span> <span class='ocrx_word' id='word_1_751' title='bbox 2463 4912 2519 4969; x_wconf 76' lang='grc' dir='ltr'><strong>δὲ</strong></span> <span class='ocrx_word' id='word_1_752' title='bbox 2563 4913 2733 4986; x_wconf 85' lang='grc' dir='ltr'>λίτραι</span> <span class='ocrx_word' id='word_1_753' title='bbox 2797 4916 2986 4974; x_wconf 74' lang='grc' dir='ltr'>ἑκατὸν</span> <span class='ocrx_word' id='word_1_754' title='bbox 3051 4922 3139 4976; x_wconf 88' lang='grc' dir='ltr'><strong>καὶ</strong></span> <span class='ocrx_word' id='word_1_755' title='bbox 3194 4912 3554 4994; x_wconf 58' lang='grc' dir='ltr'>πεντήκοντα.</span> <span class='ocrx_word' id='word_1_756' title='bbox 3620 4912 3815 4992; x_wconf 78' lang='grc' dir='ltr'>Ταύτας</span> 
     </span>
    </p>
   </div>
   <div class='ocr_carea' id='block_1_111' title="bbox 2185 5002 3818 5089">
    <p class='ocr_par' dir='ltr' id='par_1_111' title="bbox 2185 5002 3818 5089">
     <span class='ocr_line' id='line_1_111' title="bbox 2185 5002 3818 5089; baseline 0.008 -28"><span class='ocrx_word' id='word_1_757' title='bbox 2185 5003 2375 5080; x_wconf 80' lang='grc' dir='ltr'>δέομαι</span> <span class='ocrx_word' id='word_1_758' title='bbox 2406 5003 2583 5061; x_wconf 81' lang='grc' dir='ltr'>δοῦναι</span> <span class='ocrx_word' id='word_1_759' title='bbox 2613 5002 2698 5061; x_wconf 80' lang='grc' dir='ltr'>διὰ</span> <span class='ocrx_word' id='word_1_760' title='bbox 2743 5013 2838 5063; x_wconf 78' lang='grc' dir='ltr'>σοῦ</span> <span class='ocrx_word' id='word_1_761' title='bbox 2894 5012 2971 5080; x_wconf 85' lang='grc' dir='ltr'><strong>τῷ</strong></span> <span class='ocrx_word' id='word_1_762' title='bbox 3001 5014 3229 5088; x_wconf 81' lang='grc' dir='ltr'>Χριστῷ,</span> <span class='ocrx_word' id='word_1_763' title='bbox 3265 5016 3310 5069; x_wconf 84' lang='grc' dir='ltr'>εἶ</span> <span class='ocrx_word' id='word_1_764' title='bbox 3341 5015 3507 5089; x_wconf 87' lang='grc' dir='ltr'>μόνον</span> <span class='ocrx_word' id='word_1_765' title='bbox 3539 5013 3682 5082; x_wconf 75' lang='grc' dir='ltr'>ἄξιος</span> <span class='ocrx_word' id='word_1_766' title='bbox 3725 5022 3818 5084; x_wconf 77' lang='grc' dir='ltr'>τῆς</span> 
     </span>
    </p>
   </div>
   <div class='ocr_carea' id='block_1_112' title="bbox 2188 5091 3821 5186">
    <p class='ocr_par' dir='ltr' id='par_1_112' title="bbox 2188 5091 3821 5186">
     <span class='ocr_line' id='line_1_112' title="bbox 2188 5091 3821 5186; baseline 0.009 -37"><span class='ocrx_word' id='word_1_767' title='bbox 2188 5095 2347 5186; x_wconf 72' lang='grc' dir='ltr'>αὺτοῦ</span> <span class='ocrx_word' id='word_1_768' title='bbox 2398 5091 2666 5186; x_wconf 38' lang='grc' dir='ltr'>δια-κονίας</span> <span class='ocrx_word' id='word_1_769' title='bbox 2713 5099 2945 5174; x_wconf 77' lang='grc' dir='ltr'>κριθείην</span> <span class='ocrx_word' id='word_1_770' title='bbox 3004 5095 3087 5157; x_wconf 77' lang='grc' dir='ltr'><strong>διὰ</strong></span> <span class='ocrx_word' id='word_1_771' title='bbox 3130 5107 3230 5168; x_wconf 78' lang='grc' dir='ltr'><strong>τῆς</strong></span> <span class='ocrx_word' id='word_1_772' title='bbox 3277 5103 3374 5171; x_wconf 80' lang='grc' dir='ltr'><strong>σῆς</strong></span> <span class='ocrx_word' id='word_1_773' title='bbox 3420 5105 3574 5183; x_wconf 81' lang='grc' dir='ltr'>ἁγίας</span> <span class='ocrx_word' id='word_1_774' title='bbox 3633 5129 3821 5186; x_wconf 78' lang='grc' dir='ltr'>χειρο-</span> 
     </span>
    </p>
   </div>
   <div class='ocr_carea' id='block_1_113' title="bbox 2188 5176 3826 5273">
    <p class='ocr_par' dir='ltr' id='par_1_113' title="bbox 2188 5176 3826 5273">
     <span class='ocr_line' id='line_1_113' title="bbox 2188 5176 3826 5273; baseline 0.009 -33"><span class='ocrx_word' id='word_1_775' title='bbox 2188 5184 2386 5244; x_wconf 78' lang='grc' dir='ltr'>τονίας.</span> <span class='ocrx_word' id='word_1_776' title='bbox 2424 5181 2653 5262; x_wconf 76' lang='grc' dir='ltr'>Εὕρηται</span> <span class='ocrx_word' id='word_1_777' title='bbox 2686 5185 2784 5262; x_wconf 80' lang='grc' dir='ltr'><strong>γάρ</strong></span> <span class='ocrx_word' id='word_1_778' title='bbox 2816 5207 2915 5242; x_wconf 86' lang='grc' dir='ltr'><strong>που</strong></span> <span class='ocrx_word' id='word_1_779' title='bbox 2947 5189 3185 5246; x_wconf 76' lang='grc' dir='ltr'>τοιοῦτον</span> <span class='ocrx_word' id='word_1_780' title='bbox 3237 5193 3321 5248; x_wconf 82' lang='grc' dir='ltr'><strong>καὶ</strong></span> <span class='ocrx_word' id='word_1_781' title='bbox 3368 5176 3511 5273; x_wconf 70' lang='grc' dir='ltr'>παρὰ</span> <span class='ocrx_word' id='word_1_782' title='bbox 3542 5176 3826 5254; x_wconf 43' lang='lat' dir='ltr'><strong>minim-</strong></span> 
     </span>
    </p>
   </div>
   <div class='ocr_carea' id='block_1_114' title="bbox 2188 5272 3826 5362">
    <p class='ocr_par' dir='ltr' id='par_1_114' title="bbox 2188 5272 3826 5362">
     <span class='ocr_line' id='line_1_114' title="bbox 2188 5272 3826 5362; baseline 0.007 -31"><span class='ocrx_word' id='word_1_783' title='bbox 2188 5273 2378 5331; x_wconf 88' lang='grc' dir='ltr'>στόλου</span> <span class='ocrx_word' id='word_1_784' title='bbox 2454 5273 2674 5354; x_wconf 75' lang='grc' dir='ltr'>λεχθὲν,</span> <span class='ocrx_word' id='word_1_785' title='bbox 2741 5272 2795 5340; x_wconf 77' lang='grc' dir='ltr'>ἐξ</span> <span class='ocrx_word' id='word_1_786' title='bbox 2855 5273 3097 5355; x_wconf 71' lang='grc' dir='ltr'>ἀνάγκης</span> <span class='ocrx_word' id='word_1_787' title='bbox 3155 5282 3241 5339; x_wconf 78' lang='grc' dir='ltr'><strong>καὶ</strong></span> <span class='ocrx_word' id='word_1_788' title='bbox 3317 5272 3485 5357; x_wconf 80' lang='grc' dir='ltr'>νόμου</span> <span class='ocrx_word' id='word_1_789' title='bbox 3543 5286 3826 5362; x_wconf 75' lang='grc' dir='ltr'>μετάθεσις</span> 
     </span>
    </p>
   </div>
   <div class='ocr_carea' id='block_1_115' title="bbox 2187 5365 2446 5447">
    <p class='ocr_par' dir='ltr' id='par_1_115' title="bbox 2187 5365 2446 5447">
     <span class='ocr_line' id='line_1_115' title="bbox 2187 5365 2446 5447; baseline -0.008 -26"><span class='ocrx_word' id='word_1_790' title='bbox 2187 5365 2446 5447; x_wconf 79' lang='grc' dir='ltr'>γίνεσθαι,</span> 
     </span>
    </p>
   </div>
  </div>
