4054 6204
277 268 416 339 917

1303 272 1494 338 VITA
1538 272 1598 334 S.
1640 268 1963 333 JOANNIS
2004 267 2653 334 ELEEMOSYNARII.

3547 270 3668 339 918

380 400 508 470 ΚΓ.
557 405 986 465 Μεταστέλλεται
1019 406 1194 463 τοίνυν
1238 408 1265 464 ὁ
1326 404 1666 484 πατριάρχης
1715 403 1816 479 ἰδίᾳ
1849 407 1938 462 τὸν

2104 401 2311 467 XXIII.
2343 402 2491 465 Eum
2520 422 2661 484 ergo
2710 421 2983 467 seorsum
3016 402 3273 467 accersit
3303 407 3670 487 patriarcha,

274 497 480 579 ἄνδρα,
514 500 762 579 αἰσχῦναι
818 504 1006 555 τοῦτον
1055 496 1159 579 ἐπὶ,
1194 494 1409 555 πολλῶν
1454 497 1530 570 μὴ
1586 494 1937 577 βουλόμενος,

278 577 399 645 καὶ
445 577 640 668 φησιῖ
685 588 817 665 πρὸς
877 587 1034 644 αῦτόν
1068 602 1081 618 ’
1146 577 1210 643 Ἠ
1270 585 1367 659 μὲν
1431 586 1754 663 προσαγωγή
1819 607 1935 665 σου,

277 678 507 756 τέκνον,
555 675 729 747 πολλή
762 697 820 733 τε
851 677 938 732 καὶ
994 677 1070 750 τῷ
1113 683 1201 731 νῦν
1244 682 1416 755 καιρῷ
1474 675 1759 751 ἀναγκαία,
1814 673 1936 732 ἐπί-

280 790 488 844 μωμος
520 766 575 823 δὲ
607 768 693 823 καὶ
724 765 793 823 δι’
846 768 974 825 αῦτὸ
1031 774 1188 824 τοῦτο
1238 769 1326 823 καὶ
1366 763 1728 843 ἇπαρσίδεκτος
1767 783 1784 800 ⁸
1843 769 1939 823 οῦκ

278 856 512 936 ἂγιοεϊς
544 858 642 936 γὰρ
672 857 752 914 ὅτι
800 858 866 914 τὰ
921 858 1058 913 κατὰ
1101 857 1265 931 νόμον
1316 856 1696 932 προσαγόμενα
1726 852 1935 931 πρόϐα-

277 970 384 1025 τα,
420 949 465 1004 εἰ
507 948 581 1022 psi:
618 944 819 1023 ἄμωμα
850 950 941 1024 ἧν,
975 945 1071 1003 κᾶν
1106 944 1316 1023 μεγαλα
1351 944 1649 1025 ἐτύγχανεν
1678 944 1828 1020 ὄντα,
1863 947 1937 1005 εἷς

278 1038 476 1095 θύσίαν
518 1036 851 1115 ἆπρύσδεκτα
894 1034 960 1102 ἦν
996 1056 1010 1070 ’
1072 1034 1189 1092 καθ’
1248 1035 1313 1102 ἢν
1345 1036 1513 1091 αἰτίαν
1559 1031 1676 1093 οῦδὲ
1720 1035 1784 1091 τὰ
1845 1041 1937 1092 τοῦ

294 1138 441 1186 Καΐν
498 1134 574 1201 τῷ
631 1127 748 1202 Θεῷ
805 1124 1167 1206 προσεδέχθη.
1212 1126 1282 1184 Τὸ
1335 1122 1391 1180 δὲ
1450 1122 1502 1188 ἐξ
1550 1123 1791 1201 ἀνάγκη(
1852 1125 1937 1180 καὶ

290 1218 464 1292 νόμου
520 1216 801 1292 μετάθεσιν
859 1215 1114 1294 γίνεσθαι,
1188 1213 1344 1271 τοῦτο
1384 1214 1506 1291 περὶ
1561 1220 1654 1270 τοῦ
1710 1213 1937 1270 παλαιοῦ

288 1306 466 1384 νόμου
523 1307 758 1384 εἰρῆσθαι
816 1312 893 1380 τῷ
938 1303 1256 1378 Ἀποστόλορ
1312 1305 1669 1381 γινώσκομεν.
1703 1304 1857 1360 Ἐπεὶ
1889 1305 1938 1361 τί

285 1419 381 1453 σοι
424 1395 576 1454 δοκεῖ
623 1397 683 1452 τὸ
740 1394 885 1471 παρᾶ
928 1394 1005 1468 τῷ
1032 1391 1305 1474 θεαδέλιρῳ
1345 1398 1590 1467 κείμενον
1647 1389 1931 1473 Ἰακώϐῳς

287 1485 460 1567 ’Ἔχει
488 1485 543 1542 δὲ
575 1485 740 1545 οὕτως
777 1501 791 1515 ⁸
857 1506 885 1544 ι
936 1486 1035 1541 Τὸν
1080 1482 1253 1539 πάντα
1301 1484 1392 1539 τὸν
1425 1483 1590 1557 νόμον
1620 1481 1933 1563 τελέσαντα,

288 1577 593 1633 πταίσαντα
624 1574 679 1631 δὲ
736 1574 791 1631 ἓν
842 1576 940 1654 ἑνὶ,
975 1572 1168 1652 ἔνοχον
1201 1573 1344 1630 εῖναι
1377 1573 1614 1633 πάντων.
1656 1597 1681 1627 ι
1719 1574 1851 1635 Τοὺς
1882 1572 1936 1628 δὲ

290 1663 552 1745 ἀδελφοὺς
582 1666 738 1740 ἡμῶν
791 1667 913 1730 τοὺς
963 1665 1221 1736 πένητας,
1274 1662 1373 1719 κᾶν
1415 1664 1579 1738 ἡμεῖς
1632 1662 1936 1742 ἀπορήσαι-

2022 512 2139 554 non
2174 493 2380 555 volens
2413 494 2615 554 multis
2636 492 3034 572 praesentibus
3057 512 3193 556 eum
3216 494 3455 559 allicere
3476 498 3672 562 dede-

2020 592 2249 655 core,et
2283 582 2426 644 dicit
2457 582 2511 644 ei
2548 603 2562 643 :
2600 582 2729 644 Tua
2776 583 3023 664 quidem
3070 582 3320 660 oblatio,
3356 605 3391 648 ο
3434 588 3544 664 Iili,
3582 598 3673 653 est

2024 690 2236 750 magna
2257 681 2312 732 et
2339 673 2475 733 huic
2497 672 2752 753 tempori
2774 674 3132 736 necessaria.
3168 674 3285 737 Sed
3309 683 3400 737 est
3428 677 3669 758 vitiosa,

2020 769 2076 821 et
2102 769 2346 840 prepter
2366 762 2479 822 hoc
2502 761 2698 841 ipsum
2724 781 2845 823 non
2864 762 3400 828 admittenda.Non
3430 766 3674 847 ignoras

2020 849 2375 928 enim,quod
2400 869 2704 932 oves,qua3
2736 868 2804 913 ex
2839 852 2971 931 lege
2997 854 3430 933 oﬂ‘erebantur,
3462 857 3516 919 si
3548 877 3671 922 non

2021 950 2217 998 essent
2242 943 2357 998 vitii
2382 955 2648 1013 expertes
2679 946 2901 1001 etiamsi
2923 955 3115 1003 essent
3138 961 3385 1020 magna),
3413 964 3533 1010 non
3560 967 3671 1025 po—

2023 1035 2217 1090 terant
2249 1028 2484 1089 admitti
2514 1027 2586 1089 ad
2639 1029 3025 1095 sacriﬁcium.
3060 1031 3188 1105 Qua
3235 1036 3314 1096 de
3346 1053 3525 1098 causa
3555 1056 3671 1101 nec

2024 1136 2275 1180 munera
2298 1118 2441 1180 Cain
2464 1117 2583 1180 Deo
2606 1119 2844 1181 fuerunt
2867 1122 3299 1201 acceptaJllud
3323 1133 3546 1203 autem,
3581 1130 3671 1193 Ex

2024 1209 2380 1269 necessitate
2405 1209 2585 1270 etiam
2615 1210 2740 1271 fieri
2769 1210 2921 1289 legis
2945 1211 3422 1291 translationem,
3450 1217 3565 1280 hoc
3593 1217 3669 1282 ab

2019 1299 2305 1378 Apostolo
2340 1299 2562 1360 dictum
2596 1318 2731 1361 esse
2764 1300 2993 1363 scimus
3024 1301 3101 1363 de
3133 1301 3265 1382 lege
3290 1307 3668 1382 veteri.Quid

2021 1389 2180 1450 enim
2216 1388 2318 1451 tibi
2370 1389 2623 1465 videtur,
2658 1391 2816 1471 quod
2849 1390 3029 1453 situm
3075 1402 3167 1454 est
3215 1395 3371 1475 apud
3419 1396 3664 1463 fratrem

2020 1477 2602 1541 Dominilacobum?
2642 1480 2737 1543 Sic
2778 1489 2981 1542 autem
3017 1480 3235 1546 habet:
3278 1507 3302 1540 α
3340 1484 3456 1559 Qui
3481 1494 3667 1551 totam

2022 1571 2204 1643 legem
2230 1572 2567 1643 impleverit.
2602 1575 2657 1630 in
2682 1589 2799 1631 uno
2821 1581 3011 1633 autem
3035 1574 3233 1646 lapsus
3259 1578 3358 1651 sit,
3382 1595 3510 1639 esse
3538 1598 3668 1641 om-

2022 1656 2187 1717 nium
2219 1673 2386 1716 reum
2408 1657 2461 1716 5.
2500 1681 2527 1712 »
2563 1655 2804 1718 Fratres
2835 1666 3032 1720 autem
3067 1668 3306 1723 nostros
3338 1681 3658 1747 pauperes,

290 1778 421 1831 μεν,
454 1754 574 1811 ἀλλ’
606 1754 697 1833 ὅγε
726 1754 923 1832 θρέψας
955 1755 1028 1819 εἰς
1059 1751 1207 1831 δεῦρο
1240 1754 1396 1833 Θεὸς,
1430 1753 1586 1816 αὐτὸς
1647 1755 1765 1832 περὶ
1807 1754 1934 1811 τού-

2028 1747 2256 1808 etiamsi
2280 1765 2387 1807 nos
2416 1747 2809 1808 versemurin
2835 1746 3060 1829 inopia,
3094 1756 3155 1810 at
3193 1753 3295 1832 qui
3327 1754 3473 1819 aluit
3502 1758 3666 1821 Deus

292 1868 404 1902 των
434 1847 521 1902 καὶ
562 1855 656 1904 τοῦ
708 1844 898 1902 λοιποῦ
954 1855 1219 1923 φροντιεῖ,
1256 1843 1418 1918 μόνον
1462 1844 1506 1899 εἰ
1534 1845 1699 1917 ἡμεῖς
1732 1844 1825 1908 τὰς
1857 1843 1937 1899 ἐν·

290 1936 461 2000 τολὰς
506 1935 667 1996 αἴ)τοῦ
710 1935 906 2006 εἴημεν
959 1935 1227 2003 ἀκινήτως
1286 1932 1688 2011 διατηροῦντες.
1724 1934 1781 1991 Τί
1838 1933 1938 2014 γαρ

293 2024 551 2083 ἀδύνατον
610 2026 647 2094 ἢ
703 2024 960 2105 δυσχερὲς
1009 2024 1085 2099 τῷ
1114 2024 1238 2087 τοὺς
1272 2022 1427 2079 πέντε
1458 2021 1641 2101 ἄρτους
1669 2022 1722 2078 ἐν
1755 2024 1939 2100 ἐρήμῳ

304 2115 434 2173 ποτὲ
491 2114 841 2194 πληθύναντι,
901 2116 989 2171 καὶ
1038 2115 1156 2179 τοὺς
1202 2111 1327 2169 δέκα
1356 2109 1569 2189 μοδίους
1598 2114 1720 2177 τοὺς
1751 2113 1802 2169 ἐν
1863 2121 1938 2189 τῷ

298 2204 484 2262 σιτῶνι
515 2212 591 2278 τῷ
620 2204 735 2278 ἐμῷ
788 2202 1161 2280 εὔλογήσαντι,
1217 2205 1347 2282 πρὸς
1406 2202 1540 2258 πολὺ
1596 2202 1799 2271 πλῆθος
1837 2203 1935 2259 αὗ-

301 2293 482 2362 ξῆσαι,
540 2304 633 2350 Δις)
678 2315 793 2374 σοι,
834 2292 1040 2368 τέκνον,
1076 2296 1137 2351 τὸ
1168 2293 1223 2349 ἐν
1265 2306 1387 2357 ταῖς
1420 2292 1645 2370 Πρᾶξεσι
1676 2295 1807 2370 πρὸς
1839 2294 1935 2349 Σί-

297 2408 450 2462 μωνα
492 2382 769 2463 εἰρημένον
827 2385 1048 2462 ἁρμόσει
1120 2384 1229 2457 ὃτι,
1290 2406 1316 2438 α
1364 2385 1472 2441 Οὔκ
1502 2382 1612 2439 ἔστι
1647 2404 1729 2439 σοι
1785 2384 1935 2461 μερὶς

295 2474 413 2535 οῦδὲ
443 2474 640 2553 κλῆρος
669 2475 722 2532 ἐν
755 2474 926 2549 τούτῳ
956 2479 1036 2548 τῷ
1066 2474 1239 2553 μέρει.
1278 2492 1306 2533 )

385 2662 519 2718 KA'.
554 2655 715 2714 Οὔπω
769 2658 861 2711 τὺν
906 2654 1095 2710 ἑαυτοῦ
1130 2652 1287 2709 οἶκον
1338 2650 1544 2711 btet-oo;
1574 2650 1937 2731 ἀποπεμφθεὶς

300 2745 565 2824 ἄπρακτος
610 2744 820 2825 ὑπῆρχε
870 2740 1211 2819 καταλαϐὼν,
1261 2741 1346 2796 καὶ
1404 2742 1661 2813 μηνύεται
1707 2747 1783 2815 τῷ
1830 2764 1935 2816 με·

299 2835 450 2908 αἱλῳ
492 2833 582 2893 δύο
624 2841 731 2891 τῶν
777 2840 874 2901 τῆς
921 2831 1248 2898 Ἐκκλησίας
1307 2828 1506 2887 πλοίων
1537 2828 1592 2884 ἐν
1641 2832 1717 2905 τῷ
1759 2830 1935 2906 λιμένι

296 2931 545 3002 κατᾶραι,
596 2924 739 2980 σίτου
774 2921 986 2985 πολλὰς
1020 2917 1269 3000 χιλιάδας
1303 2921 1364 2975 ὲκ
1400 2919 1643 2980 Σικελίας
1676 2916 1791 2998 ἄρτι
1814 2920 1935 2978 δια-

296 3016 588 3089 κομίζοντα
623 3032 639 3050 °
676 3012 805 3093 ὅπερ
839 3012 1091 3083 ἀκούσας,
1146 3009 1353 3072 ἐκεῖνος
1398 3009 1471 3070 εἰς
1503 3008 1701 3084 γόνατα
1732 3011 1907 3068 πεσὼν

297 3105 617 3185 ηὒχαρίστει
674 3126 752 3178 τῳ
812 3109 927 3177 Θεῷ
970 3101 1166 3179 λέγων,
1215 3097 1295 3156 ὅτι
1353 3101 1413 3157 Οἱ
1459 3098 1802 3170 ἱκζητουντές
1852 3124 1909 3158 σε

1914 3058 1933 3091 2

1915 3151 1997 3206 ’C

2022 1854 2211 1916 usque
2233 1836 2291 1897 in
2318 1836 2680 1898 hodiernum
2722 1836 2909 1912 diem,
2931 1838 3060 1918 ipse
3084 1857 3293 1903 eorum
3320 1861 3563 1923 quoque
3588 1848 3665 1911 de

2021 1935 2239 1987 caetero
2265 1945 2466 1988 curam
2491 1926 2743 2005 geret,si
2763 1928 2939 1988 modo
2962 1947 3071 1990 nos
3093 1928 3223 2010 ejus
3240 1934 3519 1997 mandata
3543 1955 3670 2000 ser-

2023 2034 2227 2077 vamus
2251 2017 2605 2080 immobilia.
2627 2015 2779 2088 Quid
2823 2026 2913 2078 est
2935 2016 3094 2079 enim
3122 2022 3279 2100 quod
3308 2021 3513 2088 facere
3544 2045 3665 2091 non

2023 2105 2349 2187 possit?aut
2369 2105 2514 2186 quid
2543 2106 2616 2167 sit
2638 2105 2880 2168 difﬁcile
2896 2106 3087 2188 ei,qui
3108 2108 3376 2193 quinque
3401 2131 3584 2194 panes
3604 2117 3667 2181 in

2022 2196 2257 2257 deserto
2281 2195 2602 2276 aliquando
2624 2195 3059 2275 multiplicavit,
3096 2197 3147 2260 si
3169 2199 3378 2264 decem
3404 2205 3662 2283 modios,

2021 2286 2121 2366 qui
2155 2295 2292 2347 sunt
2320 2288 2376 2347 in
2424 2304 2556 2346 meo
2589 2286 2833 2359 horreo,
2866 2286 3268 2370 benedixerit,
3305 2309 3410 2355 eos
3438 2293 3502 2356 in
3537 2315 3665 2361 ma-

2019 2394 2195 2452 gnam
2244 2393 2468 2453 augere
2513 2373 2957 2436 multitudinem
2980 2380 3008 2435 ?
3038 2377 3442 2449 Quamobrem
3469 2384 3600 2457 tibi,
3627 2406 3663 2453 ο

2021 2465 2454 2539 fili,conveuiet
2476 2464 2558 2537 id,
2588 2463 2744 2543 quod
2779 2462 3011 2525 Simoni
3030 2465 3253 2529 dictum
3278 2482 3369 2531 est
3387 2471 3448 2533 in
3472 2473 3659 2538 Actis:

2022 2578 2048 2609 ι
2090 2553 2218 2615 Non
2266 2562 2353 2614 est
2385 2552 2493 2613 tibi
2526 2570 2686 2632 pars,
2723 2569 2918 2633 neque
2948 2571 3081 2615 sors
3111 2555 3172 2616 in
3205 2556 3317 2620 hac
3349 2570 3516 2640 parte
3540 2565 3591 2628 ι.
3634 2589 3657 2622 ι

2098 2641 2586 2706 XXIV.Nondum
2612 2640 3014 2731 illeidimissus
3036 2643 3303 2721 domum,
3328 2667 3396 2711 re
3419 2652 3661 2731 Infecta,

2018 2736 2448 2805 redierat,cum
2470 2750 2680 2810 magno
2700 2730 2916 2794 Joanni
2938 2732 3472 2812 signiﬁcaturduas
3485 2730 3665 2807 naves

2018 2824 2313 2887 Ecclesia;
2345 2823 2404 2885 in
2440 2832 2672 2902 portum
2705 2823 3032 2902 appulisse,
3065 2824 3336 2891 ferentes
3364 2851 3432 2894 ex
3458 2833 3669 2899 Sicilia

2022 2917 2210 2977 multa
2235 2913 2517 2975 frumenti
2537 2912 2726 2973 millia
2758 2911 2927 2984 Quod
2952 2914 3197 2990 quidem
3224 2936 3359 2981 cum
3380 2921 3481 2985 ille
3498 2924 3670 2989 audi-

2019 3004 2557 3085 visset,procideus
2580 3003 2637 3063 in
2660 3003 3008 3084 genua,Deo
3031 3006 3156 3084 egit
3177 3010 3665 3086 gratias,dicens:

2021 3095 2134 3170 Qui
2167 3105 2222 3156 te
2255 3101 2551 3174 quaerunt,
2591 3091 2861 3186 Domine,
2889 3102 3206 3186 etservant
3230 3106 3329 3161 tua
3361 3104 3664 3186 mandata,

304 3181 483 3272 Κύριε,
530 3195 619 3250 καὶ
675 3194 768 3255 τὰς
814 3190 1033 3254 ἐντολάς
1078 3212 1172 3247 σου
1217 3187 1596 3268 φυλάττοντες,
1629 3190 1723 3246 οὒκ
1778 3189 1933 3248 ἐλατ-

2028 3205 2139 3248 ηοη
2171 3186 2522 3245 minuentur
2543 3181 2706 3245 omni
2732 3182 3329 3257 bono.Quamobrem
3352 3181 3668 3273 magniﬁco

299 3286 633 3353 τωθήσονται
686 3284 887 3345 παντὸς
945 3280 1142 3359 ¹ἆγαθοῦ
1172 3295 1187 3311 ⁸
1266 3276 1345 3334 διὸ
1390 3276 1673 3356 μεγαλύνω
1731 3285 1824 3336 ad.)
1878 3283 1939 3339 τὸ

302 3375 564 3452 πανᾶγιον
622 3372 815 3452 ὄνομα,
850 3370 931 3427 ὅτι
963 3371 1040 3443 μὴ
1071 3367 1455 3449 συνεχώρησας
1516 3374 1591 3443 τῷ
1635 3365 1804 3442 δούλῳ
1845 3393 1939 3429 σου

303 3465 602 3542 χρημάτων
662 3462 818 3520 ὤνιον
866 3460 963 3529 τῆν
1008 3459 1168 3539 χάριν
1224 3480 1317 3515 σου
1347 3456 1549 3518 θέσθαι.
1597 3455 1749 3515 Ἀλλ’
1803 3459 1941 3518 οὕτω

302 3555 403 3630 μὲν
446 3554 499 3609 ἐν
535 3553 786 3610 στενώσει
842 3551 1156 3611 πλατυνθείς
1209 3551 1236 3604 ὁ
1280 3545 1519 3619 ἀοίδιμος
1550 3549 1609 3603 οῦ
1664 3550 1941 3626 προήκατο

302 3644 398 3713 τῆς
422 3643 717 3723 ἀναγκαίας
752 3641 939 3723 χρείας
972 3641 1070 3707 τὴν
1099 3646 1193 3696 τοῦ
1215 3637 1437 3702 κανόνος
1468 3634 1758 3716 ἀκρίϐειαν,

2021 3274 2462 3337 sanctissimum
2495 3290 2714 3334 nomen
2746 3280 2938 3350 tuum,
2972 3275 3135 3355 quod
3166 3296 3284 3340 non
3322 3285 3672 3362 permiseris

2023 3382 2198 3427 servo
2228 3372 2350 3437 tuo,
2386 3372 2451 3424 ut
2482 3371 2641 3423 tuam
2677 3365 2926 3439 gratiam
2959 3367 3356 3433 venumdaret
3388 3377 3670 3454 pecunia.

2022 3456 2140 3519 Sed
2173 3455 2258 3516 sic
2291 3453 2532 3551 quidem
2560 3453 2619 3513 in
2645 3454 2935 3531 angustiis
2960 3455 3244 3521 dilatatus
3275 3464 3363 3523 vir
3392 3463 3668 3551 inclytus,

2024 3566 2142 3608 non
2181 3543 2443 3626 prodidit
2475 3560 2582 3624 pro
2614 3560 2723 3603 usu
2756 3562 2959 3605 rerum
2983 3550 3464 3617 necessariarum
3496 3543 3675 3623 accu;

2024 3645 2211 3698 ratam
2246 3635 2469 3713 regula:
2496 3632 3009 3698 observationem.

1804 3771 2051 3837 CAPUT
2079 3770 2150 3834 V.

1652 3908 2060 3973 Mansuetudo
2102 3909 2269 3970 anim
2284 3914 2323 3971 r'.

387 4050 518 4121 κε’.
559 4067 655 4115 Δεῖ
679 4057 733 4115 δὲ
765 4062 853 4115 καὶ
883 4062 1081 4136 δεῖγμα
1111 4064 1210 4125 τῆς
1242 4058 1448 4126 πολλῆς
1478 4058 1544 4126 ἧς
1574 4058 1736 4137 εἶχεν
1768 4055 1946 4122 ἀνεξι-

305 4147 492 4213 κακίας
543 4151 713 4226 ἒρεϊν,
770 4150 855 4205 καὶ
902 4149 999 4205 οἶα
1042 4150 1112 4214 ἦν
1144 4147 1288 4218 αὒτῴ
1317 4150 1439 4226 περὶ
1467 4146 1624 4217 τήνδε
1656 4148 1755 4213 τὴν
1788 4147 1945 4203 ἐντο-

309 4236 412 4303 λὴν
469 4241 503 4306 ἡ
560 4235 800 4316 ἀκρίϐεια
859 4237 1249 4315 διηγήσασθαι.
1289 4239 1392 4294 Δύο
1438 4238 1583 4302 τινὰς
1639 4238 1745 4293 τῶν
1790 4238 1948 4295 αὐτοῦ

310 4326 580 4401 κληρικῶν
661 4326 921 4397 ἀλλήλοις
1009 4327 1367 4400 ὲπιμανέντας
1452 4328 1733 4406 ἆῳορισμῴ
1810 4329 1947 4382 καθ-

1032 4418 1106 4473 ὦν
1157 4419 1184 4472 ὁ
1229 4415 1329 4491 μὲν
1363 4416 1474 4487 εἷς,
1523 4415 1754 4479 ἅσμενος
1809 4436 1944 4471 κατι

1114 4506 1328 4584 θὶτερος
1373 4504 1426 4562 δὲ
1474 4504 1740 4583 πρόφασιν
1769 4504 1949 4584 ὥσπερ

306 4414 569 4475 υπεϐαλεν
600 4419 627 4473 ὁ
656 4419 949 4492 θαυμάσιος
983 4433 997 4448 ⁸

310 4503 520 4570 εδέξατο
576 4507 676 4573 τὴν
736 4505 1006 4582 ἐπιτιμίαν
1041 4523 1057 4539 ⁸

2113 4054 2547 4136 XXV.Oportet
2567 4066 2763 4120 autem
2797 4058 3002 4120 dicere
3020 4059 3199 4121 etiam
3221 4059 3513 4124 indicium
3542 4081 3675 4131 ma-

2031 4165 2369 4227 gnae,quam
2398 4146 2626 4221 habuit,
2657 4148 3015 4223 tolerantiae,
3051 4158 3371 4213 etnarrare
3400 4171 3578 4234 quam
3612 4172 3681 4218 se

2034 4237 2296 4314 perfecte
2310 4247 2549 4315 gereret
2568 4238 2627 4299 in
2654 4240 2766 4300 hoc
2791 4240 3591 4323 praecepto.Duosquosdam
3607 4263 3682 4308 ex

2031 4326 2155 4387 suis
2185 4327 2444 4400 clericis,
2479 4326 2587 4408 qui
2619 4328 2778 4390 inter
2806 4347 2871 4391 se
2896 4330 3154 4393 invicem
3188 4330 3428 4393 fuerant
3465 4331 3684 4397 debac-

2033 4416 2395 4489 chati,virad
2408 4417 2712 4479 mirandus
2733 4417 3683 4501 subjeceratsegregationi.Quo-

2032 4524 2165 4566 rum
2200 4525 2351 4567 unus
2367 4506 2611 4587 quidem
2640 4525 2877 4586 pmnam
2902 4509 3164 4572 libenter
3193 4510 3497 4589 subierat;
3531 4512 3686 4577 alter

307 4595 404 4662 τῆς
449 4596 636 4652 ἑαυτοῦ
679 4595 930 4671 ῥᾳθυμίας
990 4596 1157 4663 αὒτὴν
1214 4598 1476 4669 εὑρηκὼς,
1509 4596 1688 4676 εῦχιῖη
1719 4595 1819 4667 μὲν
1860 4596 1938 4650 καῖ

2032 4607 2228 4655 autem
2255 4615 2383 4655 cum
2411 4615 2533 4656 eam
2553 4601 2871 4658 invenisset
2890 4613 3166 4677 tanquam
3190 4613 3537 4675 praetextum
3561 4620 3685 4666 sua)

307 4683 571 4750 συνάξεων
627 4685 688 4741 τὸ
759 4686 1011 4762 παράπαν
1067 4685 1284 4759 ἠμέλει,
1351 4686 1651 4759 ἐπιθυμίαις
1708 4684 1764 4739 δὲ
1823 4698 1948 4745 ταῖς

308 4772 467 4838 ἰδίαις
526 4772 814 4837 διαπαντὸς
859 4773 1215 4854 ἑνεσχόλαζεν
1247 4789 1262 4805 ⁸
1299 4775 1423 4830 εἶτα
1453 4773 1804 4851 προσηπείλει
1861 4777 1950 4832 καὶ

307 4864 385 4939 τῷ
439 4861 661 4938 μεγάλῳ
730 4866 1342 4942 καταπανουργήααςθαι
1399 4868 1499 4931 τῆς
1557 4863 1762 4931 πολλῆς
1804 4864 1949 4921 ἐκεί-

307 4976 404 5020 νης
460 4952 549 5010 καὶ
606 4953 912 5031 ἁγιωτάτης
972 4953 1301 5019 ἁπλότητος.
1364 4953 1504 5009 Φασὶ
1562 4951 1618 5008 δέ
1660 4974 1800 5016 τινες
1861 4954 1949 5010 καὶ

303 5053 489 5103 τοῦτον
520 5044 677 5101 αὐτὸν
710 5043 855 5099 εἶναι
885 5045 978 5099 τὸν
1013 5039 1422 5109 ὑποϐεϐληκότα
1480 5043 1691 5114 Νικήτᾳ
1746 5064 1945 5115 πατρι-

301 5138 403 5208 κίῳ
432 5136 497 5191 τὰ
530 5140 626 5201 τῆς
661 5132 988 5200 Ἐκκλησίας
1036 5132 1311 5190 ἀνελέσθαι
1372 5134 1653 5212 χρήματα,
1699 5135 1944 5207 οἰόμενον

302 5226 363 5283 ἐκ
389 5226 576 5283 τούτου
608 5224 783 5290 λύπης
841 5222 1020 5281 αἴτιον
1077 5227 1409 5289 καταστῆναι
1467 5224 1544 5297 τῷ
1605 5224 1943 5303 πατριάρχη.

305 5315 453 5372 Ἐπεὶ
495 5316 668 5370 τοίνυν
726 5312 964 5391 ἔγνωστο
1004 5313 1148 5368 τουτὶ
1202 5315 1279 5384 τῷ
1308 5310 1554 5389 μεγάλῳ,
1590 5310 1947 5387 λογισέμενος

307 5405 517 5477 μήποτε
558 5403 647 5458 καὶ
690 5410 766 5476 τῷ
818 5399 1051 5473 διαϐόλῳ
1082 5398 1451 5479 παρανᾶλωμα
1482 5401 1727 5479 γένηται,
1758 5398 1947 5457 καλεῖν

378 5584 414 5634 3
444 5583 569 5647 Jac.
607 5599 672 5659 ιι,
709 5581 806 5645 1Ο.
893 5582 927 5633 4
953 5581 1092 5648 Act.
1129 5578 1385 5657 "11,12.

2033 4685 2575 4753 socordiae,precum
2589 4688 2822 4756 quidem
2844 4691 3431 4761 etcongregationum
3457 4691 3683 4751 nullam

2034 4769 2280 4830 omnino
2304 4787 2505 4830 curam
2532 4770 3266 4848 gerebat,vacabatautem
3285 4776 3537 4839 omnino
3557 4778 3686 4840 suis

2033 4861 2465 4942 cupiditatibus
2498 4881 2511 4925 :
2548 4864 2771 4927 deinde
2804 4866 3147 4929 minabatur
3175 4875 3456 4944 etiam,se
3485 4870 3685 4950 magni

2035 4953 2199 5014 illius
2217 4952 2325 5012 viri
2348 4970 2644 5013 summam
2668 4954 2830 5015 illum
2856 4958 3368 5020 etsanctissimam
3396 4957 3689 5038 simplici-

2033 5051 2213 5103 tatem
2247 5041 2577 5104 calliditate
2607 5043 2807 5124 aliqua
2853 5048 3433 5110 circumventurum.
3468 5046 3687 5110 Dicunt

2030 5149 2171 5193 vero
2194 5132 2401 5211 aliqui,
2439 5133 2600 5193 hunc
2622 5152 2863 5215 quoque
2881 5155 3016 5197 eum
3042 5136 3313 5217 esse,qui
3335 5135 3558 5199 Niceten
3575 5154 3688 5217 pa—

2032 5222 2205 5282 tricio
2235 5230 2644 5297 suggesserat,
2679 5231 2742 5284 ut
2773 5226 3062 5305 pecunias
3107 5226 3346 5288 tolleret
3374 5224 3686 5302 Ecclesiae,

2033 5311 2175 5371 dum
2199 5308 2572 5372 existimaret
2591 5328 2658 5372 se
2676 5331 2746 5375 ea
2770 5315 3004 5376 ratione
3020 5314 3419 5395 patriarcham
3443 5316 3691 5378 affectu-

2034 5417 2168 5461 rum
2201 5398 2497 5461 molestia.
2534 5398 2677 5462 Cum
2713 5421 2854 5483 ergo
2885 5404 2999 5465 hoc
3033 5421 3283 5487 magnus
3312 5411 3694 5488 cognovisset
