4098 6202
419 289 538 357 919
1713 278 1997 349 MENSIS
2041 282 2503 348 JANUARIUS.
3671 283 3789 350 9‘20

419 429 782 513 patriarcha,
817 425 1035 491 timens
1067 442 1142 487 ne
1161 423 1314 486 forte
1350 421 1711 513 isadiabolo
1735 439 2088 513 consume-.

2176 420 2338 496 μελλε
2382 424 2567 480 τοῦτον
2615 423 2703 479 καὶ
2747 424 3072 498 συμπαθείας
3121 421 3398 488 καταξιοῦν
3433 437 3448 452 ⁹
3487 422 3794 499 προμηθείᾳ

421 508 758 590 retuneum
783 524 908 579 erat
939 520 1253 577 vacaturus
1286 521 1344 574 et
1372 511 1725 592 dignaturns
1751 512 2074 574 commise-

2176 510 2208 565 ίὲ
2251 512 2509 587 κρείττονι
2551 511 2690 590 λήθῃ
2735 525 3080 591 παραιρεῖται
3111 513 3172 568 τὸ
3207 510 3607 591 μελετώμενον,
3656 511 3795 569 ὥστε

422 605 943 672 rationezmeliore
964 612 1164 666 autem
1190 601 1567 684 providentia
1586 601 1902 664 mandatur
1921 599 2071 662 obli-

2176 603 2214 656 τὸ
2271 600 2543 680 ὑπέρμεγα
2586 607 2682 669 τῆς
2740 601 2900 660 αὖτοῦ
2940 601 3342 676 ταπεινώσεως,
3389 602 3590 678 μείζονι
3653 623 3795 677 συμ-

423 700 581 760 vioni
603 697 688 772 id,
723 693 884 776 quod
925 691 1126 754 animo
1171 691 1489 771 cogitabat,
1522 699 1592 754 ut
1621 709 1905 772 suprema
1939 691 2071 770 ejus

428 784 735 851 humilitas
766 784 937 845 ﬁeret
990 780 1243 844 evidens
1274 781 1488 862 majori
1517 779 2065 843 commiseratione.

503 869 861 937 XXVI.Nam
886 889 1022 934 cum
1047 869 1287 933 adesset
1306 870 1541 933 dierum
1566 869 1837 932 omnium
1861 869 2070 950 praeci-

2153 689 2352 780 «uesica=
2369 690 2610 768 γενέσθαι
2646 691 2965 771 καταφανές.

2237 869 2388 945 [ις’.
2426 861 2518 936 Ὠς
2551 871 2653 948 γὰρ
2690 870 2720 937 ἦ
2763 871 2913 948 κυρία
2936 868 3042 926 τῶν
3069 871 3286 947 ἡμερῶν
3313 876 3514 948 παρῆν,
3551 872 3714 935 αυτὸς
3745 871 3798 929 δὲ

426 963 740 1047 puus,ipse
769 972 970 1025 autem
1003 967 1227 1022 astaret
1256 959 1318 1022 in
1349 960 1522 1023 altari
1555 959 2072 1040 (14),θιίιιοι·ιιθῐι-

2176 968 2228 1035 ῖῷ
2269 959 2474 1037 βάματι
2505 960 2778 1037 παραστὰς
2811 961 2909 1028 τὴν
2957 960 3281 1036 ἀναίμακτον
3329 961 3595 1042 ἐτύγχανε
3627 985 3798 1039 προσ-

422 1065 554 1118 tum
581 1052 824 1116 oﬁ‘erret
842 1050 1228 1130 sacriﬁcium,
1265 1068 1334 1112 ea
1363 1051 1496 1130 ipsa
1525 1050 1695 1126 hora,
1731 1048 1793 1111 in
1824 1069 1937 1131 qua
1970 1067 2072 1111 sa-

2176 1051 2326 1130 ρέρων
2353 1052 2530 1108 θυσίαν
2563 1049 2680 1108 κατ’
2715 1051 2875 1119 αὕτη»
2905 1050 3004 1118 τὴν
3035 1049 3177 1121 ὥραν
3207 1049 3261 1106 έν
3291 1051 3328 1126 ᾗ
3365 1053 3420 1108 τὸ
3451 1054 3591 1130 ἱερὸν
3625 1074 3798 1108 καταο

426 1162 596 1208 crum
649 1142 845 1204 velum
878 1141 1144 1203 auferret
1173 1159 1206 1202 a
1236 1145 1458 1202 sanctis
1491 1140 1688 1222 donis,
1726 1141 2076 1203 recordatus

428 1233 699 1316 ejus,qui
727 1231 931 1294 odium
966 1231 1025 1292 in
1045 1249 1179 1293 eum
1205 1238 1654 1312 conceperat,et
1676 1248 1906 1292 memor
1929 1247 2071 1311 prae-

427 1324 584 1407 cepti
603 1319 1262 1403 Dominici.quodjubet
1275 1319 1520 1403 quidem
1537 1319 1842 1382 dimittere
1853 1319 2075 1381 donum

430 1423 568 1478 ante
599 1413 808 1486 altare,
848 1411 1176 1491 procedere
1209 1417 1409 1472 autem
1443 1409 1609 1492 prius
1637 1410 1710 1472 ad
1742 1409 1944 1472 fratris
1973 1427 2074 1470 re-

432 1501 917 1567 conciliationem
937 1501 990 1575 5,
1025 1507 1083 1562 ct
1101 1510 1243 1562 tunc
1265 1499 1488 1561 donum
1513 1499 1756 1573 oﬁ‘erre;
1781 1498 2079 1578 signiﬁcat

431 1593 785 1666 diacono,ut
803 1608 1134 1654 connexam
1156 1599 1426 1653 resumat
1458 1588 1899 1670 petitionem,et
1921 1606 2080 1668 saepe

435 1683 818 1758 dicat,donec
837 1681 966 1763 ipse
982 1679 1402 1760 redierit.lpse
1422 1685 1624 1742 autem
1643 1688 1908 1741 ventrem
1936 1696 2083 1760 prae-

2159 1141 2405 1216 πέτασμα
2437 1146 2542 1196 τῶν
2584 1139 2736 1197 θείων
2781 1139 2962 1219 δώρων
2993 1139 3324 1220 ἀφαιρεῖται,
3351 1143 3424 1205 εἷς
3454 1143 3685 1216 μνήμην
3714 1150 3803 1200 τοῦ

2158 1237 2616 1306 μνησικακοῦντος
2675 1228 2864 1309 ἐλθὼν,
2917 1233 3005 1286 καὶ
3054 1230 3151 1298 τῆς
3188 1235 3522 1299 Δεσποτικῆς
3557 1234 3801 1306 ὶπιμνη-

2159 1322 2298 1386 σθεὶς
2342 1319 2588 1390 ἐντολῆς,
2653 1320 2690 1388 ἢ
2733 1322 2794 1376 τὸ
2853 1320 2949 1393 μὲν
2993 1317 3159 1398 δῶρον
3223 1319 3519 1398 ἔμπροσθεν
3581 1321 3802 1401 ἀφεῖναι

2158 1418 2251 1468 τοῦ
2294 1410 2664 1489 θυσιαστηρίου
2708 1409 2938 1482 κελεύει,
2973 1412 3103 1486 πρὸς
3169 1409 3511 1488 καταλλαγὰς
3549 1409 3603 1467 δὲ
3668 1413 3802 1490 πρό-

2159 1522 2310 1578 τερον
2368 1505 2618 1580 χωρῆσαι
2661 1499 2754 1557 τοῦ
2809 1497 3060 1580 ἀδέλφου,
3112 1499 3200 1556 καὶ
3255 1500 3378 1557 τότε
3427 1499 3491 1569 δὲ,
3535 1503 3597 1558 τὸ
3641 1499 3808 1580 δῶρον

2161 1602 2568 1669 προσενεγκεῖν,
2627 1587 2791 1656 δηλοῖ
2819 1589 2896 1662 τῷ
2925 1585 3155 1664 διακόνῳ
3186 1589 3282 1656 τὴν
3313 1591 3582 1659 συναπτὴν
3633 1589 3803 1658 αἴτη-

2164 1704 2248 1738 σιν
2307 1677 2689 1758 ἑπαναλαϐεϊν,
2723 1677 2820 1735 καί
2853 1677 3114 1742 πολλάκις
3159 1681 3331 1736 εἰπεῖν
3363 1680 3559 1760 μέχρις
3594 1679 3658 1737 ἂν
3708 1681 3804 1737 αὖ·

434 1784 665 1847 texens,
699 1789 978 1852 egressus
1027 1779 1117 1832 est
1171 1769 1246 1830 ab
1299 1768 1496 1843 altari,
1550 1775 1612 1830 et
1661 1769 1841 1830 mittit
1872 1787 2084 1849 magna

2176 1773 2257 1835 τὸς
2309 1768 2613 1829 ἐπανέλθοι.
2647 1769 2813 1831 Αὐτὸς
2844 1766 2899 1823 δέ
2931 1770 3031 1835 τὴν
3063 1768 3292 1846 γαστέρα
3336 1771 3806 1850 προγασισάμενος

435 1861 768 1939 celeritate,
801 1860 874 1922 ad
905 1879 970 1923 se
1000 1876 1217 1921 vocans
1249 1857 1416 1920 illum
1449 1857 1735 1920 clericum
1766 1878 1780 1918 :
1807 1858 1910 1939 qui
1940 1859 2081 1940 qui-

434 1951 575 2014 dem
606 1970 737 2013 mox
787 1950 1020 2013 aderat.
1077 1947 1333 2012 Sanctus
1381 1965 1523 2010 vero
1557 1946 1816 2029 procidit
1847 1949 1918 2010 ad
1951 1950 2084 2030 ejus

434 2039 646 2123 pedes,
681 2037 829 2102 nihil
884 2038 1132 2102 omnino
1162 2053 1448 2101 aversans
1475 2037 1681 2100 oculos
1717 2056 1951 2113 eorum,
1982 2045 2083 2121 qui

434 2129 712 2206 aderant,
740 2129 978 2192 veniam
1014 2127 1342 2210 postulans.
1367 2126 1601 2190 Deinde
1623 2127 1748 2200 ille,
1782 2129 1884 2210 qui
1920 2130 2084 2211 prius

439 2222 631 2284 fuerat
661 2219 981 2302 insipiens,
1033 2217 1241 2280 videns
1287 2218 1401 2280 hoc
1431 2225 1877 2280 sacrosanctum
1910 2225 2085 2300 caput

438 2309 776 2392 projectum
799 2308 871 2372 ad
894 2325 1034 2370 suos
1056 2306 1595 2390 pedes,fuitstatim
1619 2305 1841 2369 fractus
1858 2309 2082 2381 animo,

439 2399 660 2463 timens
683 2398 883 2480 ignem
911 2397 988 2460 de
1009 2398 1186 2475 caelo,
1212 2407 1423 2480 etqum
1443 2397 1611 2460 illinc
1640 2399 1953 2460 mittuntur
1977 2398 2086 2461 lul-

439 2487 626 2552 mina.
659 2487 794 2570 Ipse
825 2506 1064 2570 quoque
1089 2504 1315 2568 pronus
1347 2487 1772 2567 cadens,petiit
1799 2489 1876 2549 ab
1901 2507 1972 2549 eo
1997 2507 2088 2550 ve-

437 2578 850 2642 niam.Beatus
872 2588 1074 2642 autem
1107 2579 1370 2640 Joannes
1404 2595 1418 2640 :
1457 2578 1616 2640 Deus
1647 2577 1966 2654 ambobus,
2003 2580 2089 2640 in-

439 2669 590 2752 quit,
623 2669 913 2749 ignoscat,
951 2667 1036 2731 ﬁli
1061 2669 1160 2732 mi.
1195 2667 1426 2731 Deinde
1448 2687 1583 2731 eum
1608 2686 1850 2750 quoque
1881 2685 2088 2730 secum

440 2760 713 2833 assumit,
767 2768 828 2822 et
881 2777 1017 2821 cum
1050 2757 1266 2836 gaudio
1299 2766 1359 2820 et
1387 2777 1524 2821 cum
1551 2766 1772 2840 quanta
1819 2757 1937 2819 dici
1971 2777 2088 2820 non

442 2859 642 2930 potest
663 2848 962 2930 voluptate
984 2865 1152 2911 aram
1167 2849 1648 2929 ingressus,tunc
1662 2865 1843 2909 ausus
1861 2859 1952 2909 est
1965 2847 2089 2911 Deo

442 2938 651 3001 dicere
674 2956 808 3000 cum
844 2937 1062 3000 ﬁducia
1089 2958 1102 2998 :
1156 2937 1399 3000 Dimitte
1419 2936 1599 2999 nobis
1619 2936 1819 2998 debita
1860 2946 2087 3011 nostra,

443 3030 599 3092 sicut
617 3037 801 3091 etnos
825 3027 1185 3089 dimittimus
1198 3026 1576 3089 debitoribus
1599 3025 2090 3090 nostris.Abhinc

2164 1860 2421 1930 ὑπεξῆλθε
2466 1870 2559 1920 τοῦ
2615 1859 3010 1938 θυσιαστηρίου,
3076 1859 3170 1916 καῖ
3228 1860 3429 1934 πέμπει
3489 1860 3678 1935 πολλῴ
3735 1866 3807 1936 τῷ

2163 1951 2324 2032 τάχει
2369 1952 2458 2007 τὸν
2503 1948 2760 2028 κληρικὸν
2809 1947 3019 2006 ἐκεῖνον
3076 1947 3568 2024 μετακαλούμενος.
3622 1953 3722 2008 Καὶ
3751 1953 3806 2017 ὃς

2166 2043 2352 2098 αὐτίκα
2403 2045 2602 2118 παρῆν,
2656 2039 2724 2097 ”Ο
2784 2036 2838 2094 δὲ
2882 2051 3000 2102 τοῖς
3060 2039 3220 2095 αὒτοῦ
3278 2040 3598 2114 προσπίπτει
3646 2041 3806 2097 ποσὶν

2166 2131 2314 2193 οὐδὲν
2372 2129 2510 2196 ὅλως
2569 2130 2689 2193 τοὺς
2749 2129 2854 2186 τῶν
2918 2129 3196 2208 παρόντων
3239 2126 3556 2203 διατραπεῖς
3600 2129 3805 2209 ὀφθαλ-

2168 2223 2323 2303 μοὺς,
2368 2221 2717 2301 συγχώρησιν
2766 2218 3160 2294 ἐξαιτούμενος.
3219 2219 3356 2275 Εἶτα
3401 2221 3427 2275 ὁ
3461 2223 3580 2297 πρὶν
3643 2221 3806 2277 ἀσύνο

2169 2335 2284 2378 ετος
2317 2311 2549 2383 ἐκεῖνος,
2581 2310 2680 2375 τὴν
2710 2309 2852 2389 ἱερὰν
2895 2308 3097 2376 ταύτην
3146 2309 3281 2388 ὁρῶν
3315 2308 3550 2386 κεφαλὴν
3585 2317 3690 2367 τῶν
3723 2312 3809 2367 αὖ·

2167 2411 2262 2461 τοῦ
2316 2400 2492 2459 ποδῶν
2551 2398 2932 2479 προκειμένην,
3009 2397 3348 2466 κατεκλάσθη
3419 2421 3474 2455 τε
3521 2402 3671 2464 εὒθὺς
3714 2402 3806 2468 τὴν

2171 2495 2359 2573 ψυχὴν
2405 2493 2464 2548 τὸ
2521 2489 2573 2556 ἐξ
2629 2493 2850 2567 οὐρανοῦ
2904 2485 3082 2549 δείσας
3141 2495 3240 2565 πῦρ
3295 2489 3384 2545 καί
3441 2491 3560 2555 τοὺς
3603 2490 3807 2548 ἐκεῖθεν

2171 2587 2510 2660 πρηστῆρας,
2543 2581 2632 2636 καὶ
2675 2582 2887 2656 πρηνὴς
2920 2578 3014 2636 καί
3047 2579 3202 2643 αὐτὸς
3249 2581 3448 2660 πεσὼν,
3483 2579 3659 2637 ἐδεῖτο
3690 2604 3809 2657 συγ-

2173 2673 2396 2751 γνώμης
2439 2683 2655 2750 τυχεῖν.
2705 2661 2762 2727 Ὀ
2809 2667 2864 2724 δὲ
2921 2670 3212 2747 μακάριος,
3259 2671 3319 2727 Ὀ
3355 2673 3483 2736 Θεὸς
3516 2672 3602 2725 καὶ
3633 2671 3810 2748 ἀμφο-

2173 2762 2344 2838 τέροις
2378 2759 2808 2839 συγχωρήσειεν,
2853 2757 2980 2834 ἔφη,
3011 2758 3196 2814 τέκνον
3227 2757 3379 2832 ἐμόν.
3413 2759 3633 2817 Ἐπειτα
3679 2760 3808 2833 λαμ.

2172 2850 2318 2910 ϐένει
2362 2856 2549 2906 τοῦτον
2597 2847 2712 2924 μεθ’
2775 2847 2982 2922 ἑαυτοῦ,
3036 2849 3125 2904 καὶ
3183 2847 3301 2923 μετ’
3361 2850 3686 2926 εὔφροσύνης
3729 2852 3809 2905 καὶ

2173 2940 2307 3008 ὅσης
2337 2943 2433 2999 οὒκ
2477 2935 2537 2994 ἄν
2569 2959 2649 3000 τις
2694 2937 2841 2994 εἴποι
2870 2938 2967 3003 τῆς
3011 2935 3208 3006 ἡδονῆς
3241 2939 3314 3000 εἰς
3345 2939 3407 2994 τὸ
3435 2941 3807 3014 θυσιαστήριον

2174 3029 2446 3104 εὶσελθὼν,
2507 3027 2626 3086 τότε
2681 3024 2747 3094 δὴ
2793 3029 2931 3101 μετὰ
2988 3025 3283 3105 παρῤησίας
3331 3029 3504 3084 εἰπεῖν
3553 3027 3806 3107 ἒθάρσησι

445 3137 587 3198 ergo
613 3117 718 3178 fuit
738 3117 835 3213 hic
854 3115 1113 3213 clericus
1132 3115 1301 3213 adeo
1315 3115 1622 3213 modestus
1643 3123 1699 3177 et
1719 3115 2086 3213 moderatus,

2176 3122 2250 3195 τῷ
2293 3125 2409 3188 Θεῷ
2443 3133 2456 3148 ⁸
2505 3117 2674 3197 ’Ἄφες
2717 3117 2855 3191 ἡμῖν
2910 3118 2978 3173 τὰ
3033 3116 3372 3198 ὀφειλήματα
3419 3119 3492 3182 ὡς
3520 3119 3616 3174 καῖ
3648 3121 3809 3194 ἡμεῖς

448 3217 515 3272 ut
536 3209 698 3269 visus
713 3207 792 3269 sit
811 3207 1049 3284 dignus,
1073 3205 1173 3288 qui
1198 3205 1581 3267 ordinaretur
1601 3206 1933 3287 presbyter.
1968 3205 2088 3270 Sed

2176 3210 2394 3289 ἀφίεμεν
2462 3217 2580 3266 τοῖς
2667 3202 2969 3283 ὀφειλέταις
3049 3207 3228 3281 ἡμῶν.
3285 3205 3548 3264 Τοσοῦτον
3607 3207 3698 3264 οὖν
3751 3207 3807 3262 τὸ

439 3305 557 3368 hoc
587 3297 854 3380 quidem,
910 3295 1066 3359 sicut
1093 3295 1378 3370 diximus,
1413 3305 1507 3358 est
1536 3295 1825 3358 indicium
1862 3315 2091 3375 magna;

441 3393 604 3456 illius
634 3387 972 3450 tolerantiae
999 3395 1058 3449 et
1087 3385 1539 3448 moderationis.

2171 3299 2278 3356 ὰπὸ
2334 3293 2510 3371 τοῦδε,
2578 3293 3000 3370 συνεσταὶμένος
3059 3295 3292 3362 κατέστη
3351 3296 3439 3352 καὶ
3509 3294 3729 3374 μέτριος
3783 3297 3808 3351 ὁ

2169 3390 2426 3470 κληρικὸς
2471 3389 2650 3466 οὗτος,
2681 3383 2820 3443 ὥστε
2871 3386 2960 3442 καὶ
3003 3387 3103 3452 τῆς
3153 3391 3245 3442 τοῦ
3297 3383 3649 3464 πρεσϐυτέρου
3683 3407 3809 3466 χει-

447 3483 686 3562 ροτονίας
745 3478 886 3546 ἄξιος
917 3477 1274 3557 ἀναφανῆναι,
1337 3475 1505 3534 Ἀλλὰ
1564 3479 1721 3535 τοῦτο
1777 3479 1876 3554 μὲν
1919 3481 2102 3564 ὥσπερ
2162 3481 2390 3564 ἔφημεν,
2437 3477 2635 3557 δεῖγμα
2678 3475 2775 3544 τῆς
2819 3473 3028 3542 πολλῆς
3084 3473 3414 3540 ἀνεξικακίας
3466 3474 3672 3532 ἰκείνου
3730 3476 3810 3532 καὶ

448 3574 662 3652 μὶτρίου
695 3572 1056 3649 φρονήματος.

527 3657 944 3725 XXVII.A|iud
967 3669 1166 3720 autem
1193 3655 1475 3730 narrabo,
1506 3657 1663 3738 quod
1686 3665 1778 3720 est
1795 3677 1914 3721 non
1935 3662 2091 3724 mul-

451 3763 575 3816 tum
609 3748 905 3816 dissimile
933 3747 992 3810 ei
1019 3747 1180 3828 quod
1213 3747 1542 3830 praecessit.
1576 3746 1679 3810 Est
1700 3747 2090 3829 Angelorum,

450 3844 535 3907 ait
553 3839 796 3922 quidam
817 3855 890 3902 ex
906 3836 1589 3920 Patribus,uequaquam
1608 3837 2094 3920 depugnare,sed

453 3950 589 3996 esse
609 3930 672 3992 in
695 3946 843 4011 pace
860 3935 1176 4009 perpetua:
1197 3926 1539 3989 daemonum
1565 3935 1762 3989 autem
1788 3927 2094 3990 irrevoca-

454 4021 610 4084 hiles
636 4037 744 4100 per
765 4026 949 4080 totam
973 4016 1148 4078 vitam
1180 4032 1466 4080 exercere
1487 4014 1838 4078 inimicitias
1865 4033 1879 4080 :
1906 4017 2096 4079 homi-

455 4126 600 4172 num
631 4124 773 4170 vero
788 4105 1129 4187 sapientum
1153 4103 1417 4168 breviter
1438 4105 1684 4187 quidem
1708 4105 1964 4169 fortasse
1986 4108 2098 4171 ira-

458 4197 573 4272 sci,
603 4195 720 4258 cito
751 4203 950 4258 autem
982 4203 1040 4257 et
1064 4195 1242 4275 pculo
1275 4203 1409 4275 post
1439 4213 1684 4259 currere
1723 4195 1797 4258 ad
1817 4196 2098 4260 reconci-

455 4285 761 4349 liationes.
793 4283 939 4347 Cum
973 4301 1114 4363 ergo
1147 4283 1285 4345 huic
1318 4301 1532 4363 magno
1549 4285 1764 4348 Joanni
1787 4285 2102 4349 incidisset

458 4383 524 4438 ut
539 4373 818 4438 nonnihil
837 4382 1004 4436 esset
1024 4372 1114 4435 ira
1145 4371 1412 4454 percitus
1426 4373 1720 4437 adversus
1740 4393 1900 4451 eum,
1925 4377 2101 4457 cujus

459 4483 622 4545 smpe
647 4463 1017 4528 mentionem
1042 4462 1320 4535 fecimus,
1356 4463 1701 4544 patricium;
1720 4464 1823 4527 illo
1853 4465 2098 4547 quidem

460 4552 825 4618 defendente
843 4571 971 4615 rem
994 4554 1280 4634 injustam
1302 4555 1452 4616 lucri
1477 4571 1680 4630 causa,
1703 4573 1821 4616 non
1841 4556 2101 4636 patiente

2258 3661 2389 3723 Kzr.
2422 3659 2645 3738 Ἕτερον
2689 3655 2744 3713 δὲ
2802 3654 2864 3712 οὗ
2919 3654 3062 3733 παρὰ
3111 3655 3244 3712 πολὺ
3300 3663 3392 3713 τοῦ
3449 3655 3809 3732 προλαϐόντος

2175 3753 2427 3828 ἀνόμοιον
2483 3747 2842 3828 διηγήσομαι.
2896 3743 3197 3824 Ἀγγέλων,
3235 3743 3337 3825 ἔφη
3368 3767 3449 3810 τις
3480 3751 3586 3802 τῶν
3635 3748 3810 3804 Πατὲ.

2175 3865 2304 3920 ρων,
2351 3843 2412 3898 τὸ
2439 3911 2444 3917 .
2470 3837 2734 3916 μηδαμῶς
2783 3834 3168 3915 διαμάχεσθαι,
3214 3833 3334 3891 ἀλλ’
3364 3835 3420 3892 έν
3453 3837 3639 3916 εἰρήνῃ
3672 3839 3810 3896 εἶναι

2177 3932 2419 4000 διῆνεκεῐ
2452 3945 2466 3961 ’
2520 3927 2794 4002 δαιμόνων
2855 3923 2907 3980 δὲ
2962 3926 3025 3980 τὸ
3095 3923 3499 3983 ἆκατάλλακτον
3561 3925 3648 3983 διὰ
3702 3929 3810 4005 βίου

2177 4022 2398 4080 θάλπειν
2443 4020 2540 4086 τὴν
2584 4017 2780 4097 ἔχθραν
2819 4031 2833 4046 ⁸
2882 4014 3170 4092 ἂνθρώπων
3200 4013 3254 4070 δὲ
3297 4021 3552 4095 συνετῶν,
3587 4019 3648 4074 τὸ
3691 4020 3813 4097 βρα-

2180 4111 2286 4192 χέα
2328 4111 2426 4186 μὲν
2487 4109 2624 4172 ἴσως
2683 4107 3002 4192 ὀργίζεσθαι,
3075 4104 3216 4184 ταχὺ
3275 4101 3330 4160 δὲ
3375 4107 3464 4162 καὶ
3505 4103 3574 4162 δι’
3632 4107 3808 4186 ὀλίγου

2179 4191 2317 4260 θέειν
2375 4201 2508 4279 πρὸς
2567 4195 2930 4275 καταλλαγάς.
2978 4191 3129 4252 Ἐπεὶ
3171 4200 3297 4272 γοῦν
3340 4197 3428 4250 καὶ
3486 4201 3562 4269 τῷ
3592 4196 3810 4275 μεγάλῳ

2181 4291 2354 4362 τούτῳ
2403 4286 2741 4366 παροξυσμόν
2794 4307 2914 4342 τινα
2973 4281 3167 4351 συνέϐη
3223 4285 3353 4362 πρὸς
3409 4287 3500 4341 τὸν
3555 4287 3810 4352 πολλάκις

2181 4377 2703 4455 διαμνημονευθέντα
2754 4374 2995 4452 γενέσθαι
3054 4375 3354 4453 πατρίκιον,
3429 4379 3810 4454 συναγορεύον-

2182 4491 2271 4533 τος
2328 4469 2604 4548 πράγματι
2633 4466 2848 4544 κέρδους
2893 4462 3072 4536 ἕνεκα,
3105 4464 3293 4520 τούτου
3325 4462 3380 4520 δὲ
3411 4465 3488 4538 μὴ
3533 4465 3806 4546 ἀνεχομέ-

2183 4582 2275 4621 νου
2343 4559 2481 4616 κατά
2529 4555 2694 4628 ζῆλον
2763 4553 3102 4620 δικαιοσύνης
3134 4569 3147 4584 ⁸
3195 4554 3292 4622 τῆς
3347 4553 3633 4624 ἑνδεκάτης
3675 4556 3812 4635 ὥρας

461 4652 663 4707 autem
675 4643 907 4707 Joanne
928 4628 1375 4726 propterzelum
1393 4628 1938 4726 justitiasicumj'am
1953 4646 2088 4710 hora

2181 4648 2286 4719 ἤδη
2344 4643 2774 4718 καταλαϐούσης,
2820 4646 2848 4699 ὁ
2891 4642 3235 4726 πατριάρχης
3309 4639 3377 4699 δι’
3437 4643 3668 4721 ἀγγέλου
3726 4628 3813 4702 τοῦ

460 4733 803 4797 advenisset
819 4732 1158 4809 undecima,
1195 4735 1531 4813 patriarcha
1551 4752 1658 4816 per
1679 4737 1950 4798 nuntium
1975 4737 2099 4816 pri-

461 4842 627 4887 mum
652 4841 722 4886 ex
746 4821 1110 4904 presbyteris
1131 4825 1186 4886 ei
1209 4825 1531 4907 signiﬁcat,
1565 4824 1776 4888 dicens
1810 4843 1824 4889 :
1848 4823 1949 4889 Sol
1973 4827 2099 4906 jam

461 4927 557 4978 est
592 4915 652 4976 in
682 4931 966 4987 occasu,o
997 4913 1087 4976 vir
1117 4917 1371 4978 maxime
1389 4915 1750 4979 venerande.
1771 4915 1879 4978 Ille
1898 4924 2101 4980 autem

459 5007 576 5070 hoc
633 5003 818 5068 verbo
877 5011 1158 5085 tanquam
1205 5005 1445 5068 stimulo
1475 5006 1676 5087 aliquo
1707 5013 2104 5086 compunctus

461 5097 688 5170 animo,
712 5095 910 5157 statim
926 5095 1190 5158 surrexit
1211 5103 1269 5158 et
1289 5102 1450 5158 venit
1471 5097 1546 5156 ad
1571 5097 1878 5159 Sanctum.
1912 5094 2100 5169 Quem

461 5203 600 5249 cum
624 5184 725 5247 ille
747 5183 949 5247 libens
968 5185 1305 5266 excepisset
1323 5194 1383 5249 et
1401 5185 2104 5263 essetamplexus:Crede

462 5275 636 5351 mihi,
671 5275 1020 5357 inquit,nisi
1039 5276 1256 5339 fuisset
1277 5273 1429 5338 mihi
1449 5274 2010 5357 exploratum,quod
2047 5286 2104 5339 te

538 5410 571 5462 5
599 5410 784 5474 Math.
818 5426 879 5488 v,
911 5406 1011 5474 25.

2183 4740 2394 4818 πρώτου
2437 4739 2538 4792 τῶν
2572 4723 3057 4818 πρεσϐυτέρωνςο
3087 4732 3261 4811 ἥλιος,
3296 4735 3437 4806 αὗτῷ
3466 4731 3652 4807 δηλοῖ,
3687 4737 3810 4813 πρὸς

2181 4807 2383 4905 δυσμὰς
2427 4825 2556 4906 ἤδη,
2601 4807 2889 4900 τίμιώτατε
2924 4840 2937 4855 ⁸
2971 4807 3035 4881 ”Ο
3094 4821 3150 4880 δὲ
3204 4807 3280 4896 τῷ
3322 4823 3523 4900 ῥήματι
3580 4807 3812 4902 καθάπερ

2181 4920 2384 4997 κέντρῳ
2438 4917 2543 4974 τινὶ
2583 4913 2842 4992 διανυγεῖς
2884 4915 2982 4982 τὴν
3039 4915 3250 4992 ψυχὴν,
3307 4914 3493 4972 αὐτίκα
3536 4912 3812 4978 διαναστὰς

2184 5009 2442 5087 δρομαῖος
2474 5006 2692 5086 ἀφίκετο
2751 5005 2884 5082 πρὸς
2932 5003 3022 5059 τὸν
3065 5001 3236 5082 ὅσιον,
3266 5003 3326 5059 ’ὃν
3356 5002 3587 5078 ἄσμενος
3615 5005 3812 5070 ἐκεῖνος

2183 5096 2565 5173 ὑποδεξάμενός
2624 5115 2683 5151 τε
2758 5094 2846 5150 καὶ
2929 5089 3432 5172 κατασπασάμενος,
3507 5099 3810 5160 Πίστεδσον,

2185 5188 2312 5267 ἔφη,
2357 5187 2403 5242 εἰ
2433 5189 2512 5261 μὴ,
2557 5181 2798 5241 συνεῖδον
2826 5182 2908 5239 ὅτι
2939 5183 3165 5251 Αυπήσω
3194 5203 3253 5238 σε
3302 5181 3523 5261 πράξας,
3555 5183 3703 5262 τάχα
3758 5184 3814 5237 ἃν

2184 5275 2330 5336 οὐδὲν
2385 5273 2868 5352 ὑπολογισάμενος,
2931 5273 3063 5351 πρὸς
3119 5271 3218 5340 τὴν
3280 5272 3379 5340 σήν
3411 5273 3571 5336 αὐτὸς
3602 5272 3811 5352 ἐφοίτῳ,

535 5549 588 5623 (4
602 5546 664 5627 4)
693 5546 970 5627 Verterat
996 5542 1301 5627 Hervetus
1319 5542 1663 5627 tribunali;
1698 5561 2037 5627 perperam.
2081 5553 2088 5598 ι

2176 5562 2288 5608 me
2317 5549 2393 5619 τῷ
2424 5545 2630 5622 βήματι
2678 5543 2973 5624 παραστὰς,
3004 5541 3166 5621 quod
3197 5539 3260 5604 in
3288 5556 3355 5602 re
3391 5555 3584 5620 sacra,
3623 5547 3686 5602 ut
3717 5535 3807 5600 hic

461 5645 539 5691 ex
569 5625 868 5712 adjonctis
898 5633 1079 5709 patet,
1115 5643 1221 5710 pro
1251 5624 1423 5691 altari
1451 5624 1730 5694 sumitur.
