4054 6204
293 343 407 412 921

1295 344 1484 409 VITA
1527 343 1588 408 S.
1634 343 1956 409 JOANNIS
2005 339 2656 407 ELEEMOSYNARII.

3551 334 3668 402 922

291 475 792 559 μεγαλοπρέπειαν.
841 473 900 534 Τί
930 472 1055 554 γάρ,
1090 475 1135 532 εἶ
1163 475 1253 533 καὶ
1278 477 1306 533 6
1335 479 1515 542 κοινὸς
1543 479 1698 555 ἡμῶν
1733 480 1936 536 Δεσπό-

2027 477 2302 542 molestia
2326 474 2851 552 aii‘ecissem,forte
2875 473 3023 538 nihil
3055 473 3336 538 dubitans
3363 481 3470 538 aut
3495 473 3668 554 pensi

288 592 392 638 της
439 573 536 629 οὑκ
606 565 832 636 ἀπηξίου
904 567 1041 623 κατᾶ
1100 565 1287 631 πόλεις
1332 565 1517 626 διιέναι
1574 570 1663 626 καὶ
1719 569 1934 646 κώμας,

290 660 554 741 ὠφελείας
588 658 749 739 χάριν
779 657 868 714 καὶ
899 658 1178 736 θεραπείας
1214 677 1230 737 ;

375 919 510 989 ΚΗ’.
560 927 780 989 Πάντων
823 924 878 982 δὲ
935 927 1040 981 τῶν
1088 923 1205 984 ὅσοι
1249 925 1372 983 τότε
1418 927 1666 1006 παρῆσαν
1697 933 1796 995 τῆς
1828 948 1932 1003 με..

2021 567 2274 644 habens,
2315 567 2446 648 ipse
2497 565 2571 628 ad
2627 575 2784 628 tuam
2811 564 3107 628 venissem
3137 562 3663 645 Magnificentiam.

2022 657 2176 730 Quid
2208 658 2396 730 enim,
2422 657 2472 718 si
2505 660 2843 719 communis
2875 673 3118 738 quoque
3148 665 3354 718 noster
3379 654 3672 718 Dominus

2023 766 2143 810 non
2167 755 2256 810 est
2284 746 2639 826 dedignatus
2663 745 2833 809 obire
2863 746 3132 811 civitates
3163 754 3220 808 et
3250 744 3667 820 vicos,utilita-

2025 837 2100 900 tis
2129 837 2321 917 gratia
2350 845 2410 898 et
2441 836 2817 900 curationis?

2098 925 2668 991 XXVIIIDmnibus
2688 934 2885 988 autem
2908 926 3011 1007 qui
3029 926 3281 988 aderant
3312 923 3669 988 admiranti-

289 1020 571 1101 τριὸτητος
649 1017 751 1084 τὴν
822 1013 1124 1092 ὑπερϐολὴν
1210 1015 1520 1097 ἀγαμένων,
1577 1019 1604 1074 6
1659 1017 1936 1096 πατρίκιος

2027 1016 2135 1079 bus
2165 1034 2466 1079 summam
2523 1015 3024 1097 moderationem,
3061 1015 3210 1079 dixit
3241 1017 3296 1079 ei
3327 1015 3614 1097 patricius
3651 1033 3664 1078 :

287 1111 424 1189 πρὸς
456 1109 638 1186 αὑτὸν,
674 1105 861 1165 Οὐκέτι
893 1127 995 1180 μου
1025 1105 1093 1161 τὰ
1119 1108 1254 1179 ὦτα,
1289 1104 1415 1184 ἔφη,
1451 1110 1652 1187 χωρεῖ,
1683 1105 1937 1188 δέσποτα,

289 1201 398 1256 τῶν
456 1194 910 1254 ὶνδιαϐαλλόδτων
955 1195 1272 1270 μηνύματα.
1330 1197 1467 1274 Πρὸς
1497 1196 1555 1252 ὃν
1587 1197 1615 1252 ὑ
1645 1199 1807 1276 σοφὸς
1851 1197 1936 1253 δι-

292 1286 588 1360 δάσκαλος,
634 1284 892 1359 Πέπεισο,
936 1284 1088 1357 εἶπε,
1132 1284 1320 1342 τέκνον
1368 1284 1714 1360 πιστότατον,
1768 1289 1842 1349 ὡς
1895 1288 1940 1343 εἷ

293 1373 588 1452 μέλλοιμεν
645 1374 812 1438 οὕτως
873 1372 1055 1436 ἁπλῶς
1124 1375 1210 1429 καὶ
1269 1370 1636 1439 ἀϐασανίστως
1690 1375 1757 1432 τὰ
1829 1375 1941 1432 ὦτα

293 1472 458 1524 πᾶσιν
511 1463 760 1545 ὑπέχειν,
809 1463 1008 1538 μυρίων
1053 1461 1218 1537 ἐσμὸν
1260 1464 1664 1542 ἁμαρτηματων
1725 1465 1940 1528 ἑαυτοῖς

291 1554 648 1634 ποριούμεθα,
692 1553 781 1609 καὶ
845 1550 1079 1625 μάλιστα
1140 1558 1226 1608 νῦν
1287 1551 1343 1608 ἦν
1373 1559 1543 1631 καιρῷ
1572 1554 1818 1629 τοιούτῳ,
1851 1553 1940 1610 ὅτε

287 1644 348 1703 δὲ
408 1645 495 1704 καὶ
550 1641 856 1719 ἀπέψυκται
900 1648 1034 1698 πᾶσι
1094 1641 1159 1698 τὰ
1218 1647 1316 1710 τῆς
1378 1643 1622 1720 ἀγάπης.
1656 1641 1795 1702 Οἶδα
1839 1643 1940 1722 γάρ

291 1736 408 1814 ἐγὼ
469 1730 755 1805 πολλάκις,
791 1739 869 1806 τῷ
911 1731 1190 1791 πιστεῦσαί
1226 1753 1331 1788 τισι
1382 1735 1489 1789 τῶν
1536 1736 1602 1792 τὰ
1644 1733 1797 1789 κοινὰ
1840 1738 1939 1800 τῆς

2020 1109 2154 1171 Non
2177 1105 2435 1186 amplius
2459 1107 2704 1188 capiunt
2725 1125 2904 1168 aures
2927 1106 3370 1189 mea;,inquit,o
3395 1106 3667 1188 domine,

2023 1196 2359 1260 delationes
2399 1214 2633 1270 eorum,
2666 1195 2769 1278 qui
2808 1196 3226 1259 criminantur.
3263 1195 3540 1259 Cuidixit
3569 1216 3670 1260 sa-

2023 1286 2196 1367 piens
2221 1287 2506 1366 magister
2535 1304 2548 1348 :
2595 1285 2950 1350 Persuasum
2991 1286 3094 1349 tibi
3129 1288 3229 1362 sit,
3263 1285 3482 1369 inquit,
3518 1307 3551 1349 o
3586 1287 3670 1350 fili

2024 1376 2575 1459 ﬁdelissime,quod
2593 1376 2642 1438 si
2666 1376 3026 1458 simpliciter
3042 1383 3101 1439 et
3118 1377 3346 1460 absque
3371 1377 3672 1440 examina-

2025 1467 2188 1530 tione
2211 1486 2485 1531 essemus
2503 1486 2680 1530 aures
2695 1466 3670 1551 praebituriomnibus,pararemus

2026 1556 2201 1620 nobis
2225 1576 2476 1621 examen
2500 1557 2704 1621 decies
2725 1558 2892 1620 mille
2910 1566 3388 1639 peccatorum,et
3411 1560 3671 1622 maxime

2023 1666 2185 1709 nunc
2207 1647 2307 1710 tali
2330 1647 2946 1730 intempore,quando
2971 1647 3205 1712 refrixit
3225 1648 3507 1711 omnibus
3530 1650 3672 1712 cha-

2023 1736 2333 1800 ritas.Scio
2357 1737 2516 1798 enim
2543 1738 2840 1819 ego,quod
2868 1745 3187 1819 propterea
3208 1739 3367 1818 quod
3390 1737 3670 1803 credide-

287 1823 503 1885 πόλεως
536 1821 828 1900 πράγματα
875 1819 1165 1901 λαχόντων
1209 1822 1419 1893 ἰθύνειν,
1475 1822 1570 1880 καί
1603 1836 1722 1888 τοῖς
1766 1825 1939 1882 αὑτῶν

2027 1844 2150 1888 ram
2181 1826 2507 1904 aliquibus,
2527 1826 2747 1908 quibus
2773 1826 3067 1908 obtigerat
3086 1828 3276 1891 rectiu
3301 1829 3573 1904 civitatis,
3613 1839 3670 1892 et

290 1914 481 1994 λύγοις
529 1911 714 1977 ἁπλῶς
758 1913 1097 1992 ὑπαχθῆναι,
1130 1909 1375 1982 λυπήσας
1413 1911 1561 1970 οὐδὲν
1601 1911 1718 1969 δέον
1749 1912 1936 1978 ἐνίους,

289 2004 416 2086 Ἐφ’
441 2009 525 2066 οἷς
562 2005 658 2061 οὑκ
686 2001 842 2081 ὀλίγα
875 2023 968 2077 μοι
1000 2001 1062 2057 τὸ
1093 1999 1281 2058 λοιπὸν
1334 2002 1723 2078 μετεμέλησεν.
1773 1999 1943 2060 ’Ὅθεν

295 2099 371 2161 ὥς
426 2093 567 2160 ἅπαξ
610 2094 697 2150 καὶ
741 2090 817 2157 δὶς
877 2091 965 2147 γαὶ
1040 2088 1300 2155 πολλάκις
1359 2091 1704 2172 παρενεχθεὶς
1750 2091 1943 2170 ἔτυχον

293 2193 367 2264 τῇ
425 2187 531 2242 τῶν
589 2179 986 2240 διαϐαλλόντων
1047 2180 1252 2258 ἀπάτῃ,
1311 2182 1372 2238 τὸ
1419 2183 1554 2256 μετὰ
1596 2192 1762 2242 ταῦτα
1819 2183 1942 2260 ὅρον

297 2276 514 2352 ἆμαυτῷ
558 2270 897 2351 περιέϐαλον,
950 2270 1027 2345 μὴ
1086 2271 1342 2349 πρότερόν
1375 2294 1425 2328 τι
1455 2273 1595 2328 κατᾶ
1623 2295 1764 2336 τινος
1797 2271 1942 2330 ἀπο-

299 2365 586 2446 φήνασθαι,
646 2363 766 2442 πρὶν
811 2360 872 2418 ἂν
935 2359 1188 2440 ἑκατέρου
1247 2365 1422 2440 μερῶν
1454 2363 1549 2424 τὰς
1583 2360 1942 2440 δικαιολογίας

298 2456 587 2530 ἀκούσαιμι
614 2469 629 2484 ⁶
697 2453 785 2509 καὶ
827 2463 948 2516 τοῖς
977 2449 1437 2530 προσαναφέρουσι
1476 2449 1542 2521 δή
1574 2473 1666 2527 μοι
1698 2453 1763 2508 τὰ
1799 2473 1942 2531 πρα-

302 2545 428 2604 κτέα
472 2541 770 2622 ἠπείλησα,
835 2541 908 2606 ὡς
954 2541 998 2596 εἰ
1042 2544 1338 2620 φωραθεῖεν
1396 2541 1469 2603 εἰς
1514 2542 1578 2597 τὸ
1641 2538 1764 2607 ἑξῆς
1828 2542 1940 2616 μά-

298 2635 452 2692 ταιύν
510 2657 562 2691 τι
622 2634 712 2691 καὶ
768 2632 1156 2710 συκοφαντικὸν
1208 2635 1313 2687 τῶν
1371 2629 1515 2706 ἐμῶν
1574 2630 1726 2687 ὤτων
1769 2653 1942 2688 κατα-

300 2728 675 2804 φλυαροῦντες,
735 2727 834 2790 την
919 2720 1086 2788 αὑτὴν
1175 2720 1240 2788 ἣν
1327 2723 1355 2777 ὁ
1441 2722 1941 2800 συκοφανταύμενος

297 2813 490 2890 ἔμελλε
576 2811 885 2895 φιλαλήθως
949 2810 1418 2887 κατηγορούμενος
1489 2811 1690 2869 τίσουσι
1767 2809 1937 2878 δίκην.

2027 1935 2234 1980 eorum
2271 1916 2472 1978 verbis
2516 1915 2707 1979 solum
2755 1935 2950 1981 essem
2984 1917 3287 1994 inductus,
3322 1920 3669 1996 nonnullos,

2025 2025 2158 2070 cum
2184 2007 2435 2069 minime
2461 2015 2791 2086 oporteret,
2833 2026 2996 2088 saepe
3023 2007 3329 2071 aﬂ‘ecerim
3366 2008 3667 2073 molestia.

2026 2098 2157 2172 Quo
2190 2097 2409 2159 factum
2443 2104 2558 2173 est,
2591 2105 2658 2159 ut
2683 2116 2801 2159 non
2834 2116 3161 2179 paucorum
3218 2117 3311 2161 me
3344 2099 3419 2161 de
3451 2104 3672 2162 caetero

2026 2186 2275 2250 subierit
2300 2187 3081 2268 poenitentia.Quamobrem
3105 2207 3240 2250 cum
3267 2189 3456 2251 semel
3490 2197 3550 2252 et
3578 2189 3672 2253 bis

2026 2284 2083 2339 et
2114 2295 2275 2358 saepe
2300 2276 2652 2338 incidissem
2685 2280 2747 2338 in
2776 2277 3050 2340 fraudem
3087 2280 3431 2359 eorum,qui
3463 2279 3670 2341 crimi-

2027 2367 2352 2436 nantur,de
2374 2376 2592 2430 caetero
2613 2368 2770 2447 apud
2797 2386 2892 2429 me
2921 2368 3228 2444 constitui,
3263 2388 3383 2430 non
3415 2369 3678 2449 amplius

2026 2456 2248 2539 aliquid
2279 2457 2676 2537 pronuntiare
2698 2457 2758 2518 in
2780 2457 3432 2539 aliquem,priusquam
3453 2457 3675 2520 audiis-

2024 2565 2151 2610 sem
2170 2546 2274 2626 jus
2297 2547 2606 2628 utriusque
2632 2548 2843 2628 partis:
2870 2557 2929 2610 et
2945 2546 3022 2610 iis
3042 2548 3144 2629 qui
3167 2548 3322 2610 facta
3341 2547 3415 2609 ad
3443 2566 3537 2609 me
3559 2547 3671 2608 de-

2024 2635 2323 2710 ferebant,
2353 2654 2486 2697 sum
2523 2636 2804 2709 minatus,
2830 2641 2990 2719 quod
3023 2638 3070 2698 si
3103 2635 3393 2715 deinceps
3414 2635 3674 2698 fuissent

2025 2725 2394 2807 deprehensi
2412 2726 2623 2789 inanes
2643 2726 2872 2809 aliquas
2890 2745 3078 2807 nugas
3093 2726 3166 2789 ad
3189 2745 3352 2789 meas
3371 2745 3548 2790 aures
3570 2727 3676 2788 de-

2025 2816 2185 2878 ferre
2209 2834 2316 2897 per
2331 2816 2973 2890 calumniam,easdem
2997 2816 3194 2878 daturi
3216 2825 3418 2880 essent
3441 2835 3671 2896 poenas,

297 2904 389 2966 Ἐξ
445 2903 647 2961 ίκείνου
708 2909 834 2982 γοῦν
918 2905 1060 2957 πᾶσα
1122 2902 1226 2956 τῶν
1289 2906 1637 2980 συκοφαντῶν
1710 2899 1939 2967 ἐξεκόπη

2027 2924 2176 2988 quas
2208 2908 2306 2988 qui
2340 2914 2429 2967 est
2481 2925 2690 2969 revera
2751 2908 3173 2970 calumniator.
3206 2906 3299 2970 Ab
3332 2906 3437 2970 illo
3468 2907 3675 2986 itaque

299 2991 522 3064 διαϐολή
563 3010 578 3026 °
633 2991 714 3049 διὸ
761 2993 850 3049 καὶ
889 2993 990 3059 τῆς
1044 2993 1146 3056 σῆς
1180 2988 1394 3079 ⁸δέομαι
1449 2991 1939 3079 μεγαλοπρεπείας,

2030 3005 2300 3077 tempore
2332 2996 2537 3059 excisa
2565 2996 2679 3058 fuit
2705 2996 2904 3059 omnis
2935 2996 3239 3060 calumnia
3269 2999 3672 3079 sycophanta-

301 3083 380 3160 μὴ
423 3082 608 3146 ἁπλῶς
668 3081 806 3139 οὕτω
847 3081 939 3137 ναὶ
966 3075 1372 3158 εὒπαραδέκτως
1418 3081 1550 3159 πρὸς
1601 3079 1697 3141 τὰς
1754 3077 1939 3137 διαϐο-

2031 3075 2659 3158 tarum.Quamobrem
2685 3093 2844 3148 tuam
2864 3105 3103 3166 quoque
3125 3105 3270 3166 rogo
3293 3075 3676 3166 Magnificen-

301 3173 399 3237 λὰς
447 3172 600 3253 ἔχειν
657 3178 763 3229 τῶν
806 3169 1266 3229 ἆθελοκακούντων
1319 3167 1544 3265 ἀνδρῶν,
1588 3168 1726 3226 ἀλλὰ
1769 3168 1939 3246 πολλῇ

2030 3175 2198 3248 tiam,
2234 3194 2311 3238 ne
2369 3185 2486 3238 tam
2544 3175 2902 3257 simpliciter
2954 3183 3014 3237 et
3044 3184 3161 3238 tam
3193 3175 3366 3238 facile
3395 3173 3676 3239 admittas

302 3263 561 3340 πρότερον
602 3258 926 3320 ὑποϐάλλειν
1000 3259 1212 3338 ἐρεύνῃ.
1274 3257 1403 3317 Οὐδὲ
1459 3261 1560 3338 γὰρ
1618 3260 1683 3316 τὰ
1758 3259 1939 3338 μέτρια

2033 3267 2430 3344 malignorum
2461 3267 2775 3329 hominum
2835 3266 3193 3341 calumnias,
3239 3265 3343 3328 sed
3375 3283 3477 3328 eas
3509 3265 3676 3346 prius

306 3353 540 3411 ιντεῦθεν
598 3353 741 3409 κακὰ
796 3352 1086 3425 τίκτονται,
1143 3347 1280 3405 ἀλλὰ
1336 3352 1435 3406 καὶ
1479 3347 1790 3425 δημεύσεις,
1854 3348 1939 3406 καί

2030 3355 2353 3436 diligenter
2385 3355 2718 3420 examines.
2745 3361 2953 3438 Neque
2974 3356 3138 3419 enim
3171 3356 3316 3419 hinc
3348 3355 3507 3417 mala
3533 3374 3675 3419 nas-

305 3443 590 3520 μᾶστιγες,
680 3442 768 3498 καὶ
843 3440 996 3521 φόνοι
1072 3436 1338 3501 πολλάκις
1398 3439 1655 3513 ἀναίτιοι,
1717 3437 1939 3500 πολλοῖς

2031 3455 2252 3509 cuntur
2283 3447 2634 3510 mediocria:
2669 3446 2776 3509 sed
2809 3436 2871 3510 et
2894 3449 3186 3509 bonorum
3214 3443 3675 3527 publicationes,

306 3529 850 3609 ἐπικαταψέυσθέντες
920 3528 1151 3598 έπῆλθον
1191 3549 1204 3565 ο
1263 3529 1351 3584 καὶ
1389 3526 1588 3608 σχεδὸν
1651 3531 1678 3585 6
1731 3529 1939 3604 σύμπας

2031 3545 2092 3600 et
2119 3537 2396 3611 verbera,
2432 3546 2492 3598 et
2521 3537 2717 3600 cades
2750 3554 2910 3618 saepe
2941 3555 3052 3617 per
3085 3526 3467 3598 mendacium
3502 3535 3678 3598 multi

305 3623 409 3678 ὑπὸ
463 3627 571 3679 τῶν
613 3620 869 3678 τοιούτων
905 3617 1298 3698 ἀνατέτραπται
1341 3619 1477 3695 βίος.
1510 3619 1716 3682 Ταύτας
1752 3620 1826 3683 ὡς
1884 3621 1939 3675 ὲκ

2029 3627 2386 3689 innocentes
2415 3617 2926 3699 subierunt,etiab
2950 3625 3022 3687 iis
3041 3624 3324 3687 universa
3348 3643 3677 3705 propemo-

307 3720 440 3771 Θεοῦ
476 3712 572 3776 τὰς
618 3710 958 3791 παραινέσεις
1015 3705 1344 3787 παραλαϐὼν
1386 3710 1414 3765 ὁ
1482 3708 1780 3788 πατρίκιος,
1842 3733 1939 3790 φι)-

2031 3717 2173 3800 dum
2203 3726 2293 3778 est
2317 3733 2522 3778 eversa
2555 3716 2672 3776 vita
2711 3715 3047 3777 hominum.
3083 3713 3199 3777 Has
3231 3714 3676 3778 admonitiones

308 3801 522 3864 λάττειν
551 3800 910 3879 ὶπηγγείλατο
940 3798 1070 3879 ἄχρι
1102 3797 1312 3862 τέλους,

2030 3797 2166 3868 cum
2193 3814 2473 3887 tanquam
2497 3823 2530 3866 a
2553 3804 2675 3867 Deo
2699 3804 3032 3884 accepisset
3057 3801 3678 3883 patricius,pol|icitus

2031 3904 2124 3959 est
2152 3913 2220 3957 se
2259 3913 2360 3957 eas
2394 3913 2528 3957 esse
2561 3903 2853 3975 perpetuo
2883 3903 3289 3956 servaturum.

389 3979 519 4042 KO'.
593 3978 828 4054 ’Ἕτερον
887 3978 1236 4057 προστεθήτω
1293 3989 1411 4042 τοϊς
1471 3977 1800 4066 εἰρημένοις,
1860 3977 1939 4034 καῖ

2110 3984 2517 4049 XXIX.Aliud
2537 3983 2791 4047 addatur
2807 3983 2880 4046 iis
2901 4001 3039 4066 qua;
3059 3982 3216 4045 dicta
3236 3981 3563 4061 sunt,quod
3585 3999 3678 4044 sa-

303 4074 432 4130 αὐτὸ
475 4074 536 4130 τὸ
606 4076 774 4149 πρᾶον
837 4069 932 4130 καί
981 4066 1292 4136 ἀνεξίκακον
1336 4072 1428 4124 τοῦ
1471 4064 1656 4143 ἀνδρὸς
1718 4067 1939 4146 ἀργούν-

2032 4078 2108 4140 tis
2132 4083 2333 4156 potest
2355 4073 2702 4156 exprimere
2745 4076 2881 4152 ejus
2925 4064 3450 4134 mansuetudinem
3493 4078 3676 4153 atque

302 4185 409 4228 τως
467 4160 866 4241 ’χαρακτηρίσαι
911 4158 1225 4235 δυνάμενον.
1285 4156 1536 4233 ’Λνεψιὸς
1593 4156 1659 4224 ἦν
1717 4162 1794 4231 τῷ
1837 4179 1939 4232 με-

2030 4170 2382 4240 patientiam.
2411 4168 2593 4240 Magni
2617 4169 2862 4227 Joannis
2883 4169 3274 4226 consobrinus
3290 4167 3679 4232 erat,nomine

305 4252 458 4332 γάλῳ
515 4251 782 4330 Γεώργιος
842 4250 1077 4322 τοῦνομα
1109 4267 1125 4285 ⁶
1162 4247 1312 4310 οὗτος
1343 4245 1602 4324 ὑϐρισθεὶς
1635 4249 1778 4319 παρά
1806 4268 1939 4310 τινος

2033 4249 2415 4330 Georgiust
2439 4249 2803 4314 contumelia
2822 4251 3068 4314 afiectus
3089 4248 3164 4311 ab
3189 4247 3386 4330 aliquo
3408 4266 3682 4329 caupone

307 4348 412 4400 τῶν
455 4339 719 4410 καπήλων
759 4341 859 4406 τῆς
917 4337 1154 4417 πόλεως,
1215 4339 1450 4417 ἰσχυρῶς
1494 4357 1551 4393 τε
1611 4334 1819 4418 ἐδήχθη
1862 4338 1939 4394 καῖ

2033 4340 2294 4404 civitatis
2322 4342 2715 4404 vehementer
2745 4341 2937 4404 fuerat
2971 4359 3229 4415 morsus,
3271 4350 3330 4400 et
3360 4337 3421 4400 id
3448 4337 3684 4401 ferebat

311 4431 680 4510 χαλεπώτατα
723 4427 944 4506 ἤνεγκε.
990 4435 1152 4486 Τοῦτο
1209 4427 1309 4504 γὰρ
1369 4426 1536 4484 ἰποίει
1580 4427 1641 4483 τὸ
1695 4426 1831 4485 πολὺ
1889 4429 1939 4484 τὶ

2031 4431 2480 4509 gravissimeJd
2509 4429 2670 4492 enim
2691 4429 2948 4493 faciebat
2981 4437 3040 4492 et
3064 4446 3342 4508 magnum
3369 4427 3528 4508 quod
3553 4435 3682 4489 erat

311 4519 507 4597 μεταξὺ
561 4519 902 4599 ἀμφοτέρων,
989 4517 1024 4586 ἤ
1080 4539 1138 4574 τε
1195 4518 1328 4596 πρὸς
1399 4519 1491 4573 τὸν
1563 4516 1732 4595 μέγαν
1791 4520 1939 4576 αὑτοῐ

2033 4519 2194 4582 inter
2213 4539 2315 4582 eos
2337 4519 2924 4600 discrimen,nempe
2945 4527 3005 4580 et
3020 4520 3151 4598 ejus
3167 4536 3301 4580 cum
3329 4521 3536 4595 Magno
3557 4517 3680 4578 alii-

311 4610 621 4692 ἀγχιστεία,
668 4613 756 4667 καὶ
797 4611 860 4666 τὸ
913 4609 1049 4665 πάνυ
1097 4614 1190 4666 τοῦ
1231 4604 1540 4685 ὑϐρίσαντος
1589 4604 1939 4682 εξοοδενωμὲ-

2035 4609 2282 4689 uitas,et
2305 4609 2506 4672 nimiae
2525 4609 2738 4671 sordes
2762 4617 2819 4671 et
2841 4607 3150 4672 humilitas
3173 4608 3304 4687 ejus
3329 4607 3427 4687 qui
3453 4606 3682 4670 fecerat

311 4724 425 4765 νον,
487 4700 854 4781 Πῳσέργθεται
925 4700 1097 4755 τοίνυν
1182 4696 1491 4772 καταμόνας
1574 4703 1651 4771 τῷ
1709 4698 1939 4773 μακαρίᾳ

2037 4701 2331 4774 injuriam.
2359 4701 2586 4760 Accedit
2606 4713 2746 4771 ergo
2763 4714 3029 4758 seorsum
3053 4699 3126 4756 ad
3146 4698 3375 4757 beatum
3397 4699 3681 4756 Joannem

311 4789 558 4870 δάκρυσιν
602 4793 632 4847 ὁ
691 4790 809 4854 νέος
853 4789 942 4846 καὶ
985 4794 1194 4867 συνοχῇ
1236 4785 1451 4865 καρδίας
1500 4787 1601 4854 τὴν
1630 4784 1776 4867 ὕϐριν
1820 4787 1939 4843 ἀνα-

2035 4787 2559 4863 adolescens,cum
2578 4786 2946 4868 lacrymis,et
2962 4783 3170 4847 dolore
3185 4783 3388 4847 cordis
3407 4803 3523 4865 quo
3547 4802 3684 4863 age-

313 4881 661 4957 κλαιόμενοτ.
691 4878 773 4939 ²⁹Ο
831 4877 886 4936 δὲ
930 4878 1098 4942 οὕτως
1128 4875 1252 4935 ἰδὼν
1280 4875 1578 4946 ἡττηθέντα
1605 4886 1702 4937 τοῦ
1729 4879 1939 4950 πάθους,

2035 4876 2234 4952 batur,
2267 4877 2590 4958 deplorans
2621 4874 2936 4956 injuriam.
2963 4875 3107 4938 Cum
3140 4873 3228 4937 sic
3261 4891 3398 4937 eum
3430 4873 3685 4936 vidisset

312 4975 559 5047 καταψᾷν
589 4970 749 5028 αὑτὸν
778 4970 958 5044 ὥσπερ
1019 4971 1104 5026 καὶ
1157 4965 1553 5044 ἀναλαμϐάνειν
1596 4966 1939 5046 βουλόμενος1

2034 4967 2256 5030 victum
2289 4967 2362 5028 ab
2392 4965 2580 5029 animi
2609 4964 3061 5046 perturbatione
3084 4963 3444 5045 patriarcha,
3476 4961 3684 5023 volens

316 5064 427 5136 καὶ,
460 5060 679 5136 ”Ολως,
711 5061 895 5142 φησὶν,
928 5058 1198 5135 ἐτόλμησε
1245 5059 1384 5116 κατὰ
1415 5068 1510 5117 σοῦ
1550 5057 1726 5133 στόμα
1755 5055 1939 5136 διδίραιΤ

2037 5075 2176 5121 eum
2203 5056 2553 5120 demulcere
2582 5065 2642 5118 et
2670 5054 2855 5119 veluti
2884 5061 3254 5122 recreare,et
3289 5071 3303 5114 :
3332 5052 3535 5114 Ausus
3565 5057 3681 5142 est,

316 5151 460 5216 ὅλως
508 5139 816 5228 καθυϐρίσαι
859 5173 942 5215 τις
985 5152 1080 5206 τὸν
1138 5149 1266 5224 ἐμὸν
1311 5147 1564 5229 φίλτατον
1600 5166 1617 5222 ;
1650 5146 1939 5226 Εὐλογητὸς

2040 5147 2262 5229 inquit,
2299 5148 2545 5208 omnino
2570 5165 2636 5209 os
2657 5146 2941 5209 adversus
2965 5151 3024 5206 te
3050 5142 3314 5224 aperire,
3346 5149 3406 5201 et
3435 5139 3682 5201 omnino

323 5242 508 5321 Κύριος
548 5259 563 5276 ⁸
608 5246 830 5319 πρᾶγμα
875 5238 963 5296 ἐπ’
997 5239 1140 5314 αὑτῷ
1181 5238 1419 5321 ποιήσω,
1451 5236 1588 5294 ὥστε
1626 5242 1803 5294 πᾶσαν
1862 5235 1939 5292 ἐκ·

2041 5239 2389 5299 contumelia
2408 5240 2638 5298 afﬁcere
2663 5238 2878 5312 aliquis
2898 5251 3055 5303 eum,
3071 5237 3169 5309 qui
3193 5242 3277 5321 est
3301 5232 3439 5321 mibi
3453 5230 3687 5321 charis-

311 5317 584 5408 πλαγῆναι
628 5317 739 5397 τὴν
789 5326 1214 5406 Ἀλεξάνδρειαν,
1275 5317 1370 5390 Ὠς
1429 5324 1484 5382 δὲ
1541 5323 1684 5383 εἶδεν
1741 5326 1827 5383 ἐπὶ
1883 5329 1939 5390 τὶι

2044 5327 2254 5384 εἰσιυεῖ
2275 5325 2619 5384 Benedictus
2642 5326 2944 5408 Dominus,
2978 5338 3101 5380 rem
3130 5322 3187 5378 in
3210 5320 3337 5391 ipso
3360 5318 3588 5408 faciam,
3614 5327 3686 5408 ut

310 5401 460 5497 λόγω
487 5419 663 5500 βραχύ
712 5441 763 5476 τι
806 5401 1053 5476 ἀνεθέντα
1082 5422 1181 5487 τῆς
1238 5417 1486 5493 ἀθυμίας,
1520 5415 1736 5484 Τέκνον,
1773 5417 1931 5474 εἶπεν

2044 5410 2374 5473 admiretur
2387 5409 2583 5472 omnis
2596 5407 3303 5500 Alexandria.Postquam
3320 5409 3525 5500 autem
3536 5401 3688 5500 vidit

312 5494 433 5586 ἔμοι
489 5494 893 5584 ποθεινότατον,
953 5513 997 5566 εί
1050 5520 1175 5572 ταῖς
1205 5505 1488 5575 ἀληθείαις
1528 5505 1708 5583 βούλει
1740 5507 1939 5583 ἀνεψιὸς

2043 5523 2180 5568 cum
2213 5511 2459 5586 propter
2483 5503 2739 5585 id,quod
2770 5498 3342 5581 dixerat,paululum
3378 5494 3688 5559 remisisse

313 5603 415 5667 τῆς
472 5599 609 5676 ἐμῆς
664 5600 1012 5678 μετριότητος
1093 5598 1237 5655 εἷναί
1307 5617 1367 5654 τε
1428 5594 1519 5653 καί
1579 5595 1939 5673 ὀνομάζεσθαι,

2038 5597 2108 5657 de
2127 5599 2304 5657 animi
2326 5596 2685 5669 aegritudine:
2704 5590 3198 5668 Fili,inquit,mihi
3228 5586 3682 5678 jucundissime,

317 5674 720 5771 παρασκεύασον
767 5674 1018 5769 σεαυτὸν,
1065 5689 1125 5747 οὑ
1171 5689 1304 5771 πρὸς
1343 5685 1491 5767 ὕϐριν
1536 5684 1724 5770 μόνον,
1756 5685 1877 5749 ἀλλ’
1909 5690 1939 5744 ε

2036 5684 2090 5749 si
2109 5701 2324 5753 revera
2343 5684 2428 5748 vis
2448 5701 2598 5749 meae
2619 5680 2924 5768 parvitatis
2953 5697 3093 5750 esse
3118 5687 3178 5745 et
3197 5674 3500 5743 nominari
3519 5692 3672 5744 con-
