4098 6202
392 285 510 357 923

1682 291 1969 358 MENSIS
2020 290 2486 375 JANUARIUS.

3653 285 3768 357 924

395 412 851 510 sobrinus,pars
868 434 925 492 te
944 425 1144 509 ipsum
1167 445 1287 490 non
1305 427 1502 492 solum
1528 427 1816 491 adversus
1838 436 2081 492 contu-i

2142 426 2218 486 Βεῖ
2260 452 2310 486 τι
2355 429 2441 487 καὶ
2482 425 2647 485 πλέον
2690 427 2887 504 εἰπεῖν,
2934 423 3023 482 καὶ
3064 423 3196 503 πρὸς
3258 421 3421 490 αὐτὰς
3480 423 3770 508 μάστιγας,

396 519 747 593 melias,sed
773 517 1041 598 etiam,si
1063 518 1137 578 sit
1155 518 1416 597 amplius
1436 518 1665 599 aliquid
1689 518 2040 594 dicendum,

398 612 578 672 etiam
600 607 1023 688 adversusipsa
1040 606 1408 685 ﬂagra.Vera
1426 610 1587 670 enim
1614 608 1897 670 nobilitas
1926 627 2043 670 non

398 718 471 762 ex
496 698 785 779 sanguine
802 707 860 759 et
885 716 1087 770 carne,
1120 699 1222 760 sed
1256 718 1325 760 ex
1346 698 1565 761 virtute
1588 699 1803 761 animae
1826 698 2047 779 accipit

395 788 651 852 formam
677 798 734 850 et
756 788 1407 852 characterem.Statim
1425 808 1565 869 ergo
1578 790 1869 851 accersito
1886 788 2046 869 prin-

401 883 527 955 cipe
551 897 903 954 cauponam,
930 884 979 940 ei
1006 882 1387 950 denuntiavit,
1405 899 1477 940 ne
1501 892 1843 942 consuetum
1885 884 2050 939 dein-

398 982 531 1041 ceps
553 967 793 1040 vectigal
819 970 1108 1039 acciperet
1135 969 1205 1026 ab
1228 970 1420 1040 eo,qui
1440 984 1609 1026 suum
1633 970 2049 1027 consobrinum

402 1052 670 1111 aﬁecerat
690 1052 1174 1122 contumelia,aut
1203 1053 1420 1126 aliquid
1446 1069 1513 1111 ex
1536 1055 1763 1126 iis.quze
1788 1055 1857 1110 ιιι)
1886 1069 1952 1111 eo
1980 1052 2052 1111 de

398 1153 558 1196 more
572 1137 857 1196 dabantur
874 1138 1403 1209 Ecclesiae.l‘ropter
1417 1154 1540 1211 quze
1553 1139 1816 1196 admirati
1837 1138 2056 1196 incom-

396 1224 716 1293 parabilem
737 1224 894 1281 illius
913 1223 1265 1294 patientiam,
1283 1222 1574 1280 intelleer
1593 1233 1694 1281 unt
1720 1239 1921 1281 omnes
1941 1225 2050 1281 hoc

397 1322 520 1365 esse
541 1308 1075 1380 supplicium,quod
1099 1316 1216 1365 erat
1246 1309 1520 1366 miratura
1541 1316 1651 1366 tota
1677 1309 2044 1367 Alemndria.

474 1391 780 1456 XXX.Sed
815 1392 968 1455 forte
997 1392 1058 1454 in
1090 1391 1166 1454 iis
1194 1392 1572 1474 quidem,qui
1595 1392 1665 1454 ad
1689 1392 1888 1474 ipsum
1916 1411 2046 1474 per-

394 1472 689 1563 tinebant,
724 1495 842 1548 tam
878 1472 1592 1567 diligenter—cavebat,“
1625 1472 1857 1548 memor
1892 1472 2051 1550 esset

398 1588 661 1663 accepta;
684 1581 943 1662 injuriae,
978 1581 1130 1643 alios
1162 1589 1362 1643 autem
1398 1581 1739 1661 negligebat
1773 1582 1833 1645 in
1865 1581 2048 1644 rebus

399 1673 773 1756 hujusmodi.
838 1673 1249 1756 Nequaquam.
1311 1673 1455 1737 Cum
1510 1674 1670 1736 enim
1703 1675 2051 1737 rescivisset

2127 521 2161 587 ἡ
2226 520 2327 597 γὰρ
2369 517 2576 586 ἀληθὴς
2622 517 2886 595 εὒγένεια,
2917 519 3015 576 οὒκ
3045 512 3097 581 ἐξ
3129 514 3365 583 α’ίματος
3418 515 3506 572 καὶ
3546 517 3775 597 σαρκὸς,

2127 606 2249 665 ἀλλ’
2297 607 2348 673 ἐξ
2393 608 2586 686 ἀρετῆς
2632 607 2818 687 ψυχῆς
2870 602 2989 663 οἶδε
3022 602 3534 685 χαρακτηρίζεσθαι.
3569 606 3642 663 τὸ
3670 605 3775 663 τά·

2128 721 2232 777 χος
2276 697 2364 755 οὗν
2397 698 2486 753 τὸν
2517 702 2623 753 τῶν
2673 693 2936 766 καπήλων
2980 691 3276 774 ἐξάρχοντα
3324 691 3773 770 μετακαλεσάμε-

2131 808 2243 864 νος,
2301 784 2636 864 παραγγελία
2698 782 3023 864 παρήγγειλε
3099 780 3373 859 μηδέποτε
3432 792 3526 842 τοῦ
3587 783 3781 841 λοιποῦ

2129 875 2274 953 παρά
2316 883 2413 933 ταῦ
2470 873 2803 946 ἐξυϐρικότος
2849 876 2921 937 εἰς
2963 874 3056 930 τὸν
3084 873 3308 949 ἀνεψιὸν
3338 874 3399 929 τὸ
3431 873 3649 939 σύνηθες
3681 872 3779 931 τέ-

2133 964 2227 1032 λος
2285 963 2498 1044 λαϐεῖν,
2549 963 2586 1033 ἢ
2618 961 2752 1021 ἄλλο
2782 986 2831 1020 τι
2875 970 2983 1021 τῶν
3036 963 3175 1020 κατὰ
3217 963 3497 1033 συνήθειαν
3545 969 3615 1040 τῇ
3644 966 3780 1022 Ἐκ-

2134 1055 2333 1128 κλησίᾳ
2376 1054 2504 1133 παρ’
2537 1055 2697 1111 αὐτοῦ
2749 1050 3061 1129 διδομένων.
3106 1050 3226 1132 Ἐφ’
3278 1052 3368 1117 οἷς
3419 1051 3779 1130 ἓκπλάγέντες

2137 1148 2196 1203 τὸ
2251 1142 2631 1225 ἀπαράκλητον
2688 1150 2787 1212 τῆς
2822 1153 2914 1203 τοῦ
2943 1141 3128 1216 ἀνδρὸς
3161 1140 3512 1216 ὲνεξικακίας,
3544 1148 3781 1211 συνῆκαν

2132 1236 2366 1298 ἅπαντες
2426 1233 2589 1302 αὐτὴν
2668 1233 2811 1291 εἶναι
2898 1233 2996 1302 τὴν
3049 1234 3333 1311 τιμωρίαν,
3388 1231 3457 1301 ἢν
3514 1238 3661 1289 πᾶσα
3739 1233 3775 1302 ἦ

2132 1322 2501 1399 Ἀλεξάνδρεια
2532 1322 2966 1403 ἐκπλαγήσεσθαι
2996 1320 3243 1399 ἔμελλεν,

2215 1404 2297 1474 Λ’.
2350 1404 2460 1491 Ἆρ’
2510 1416 2597 1470 οὖν
2638 1414 2706 1470 τὰ
2749 1411 2846 1489 μὲν
2891 1414 3023 1489 πρὸς
3058 1413 3217 1470 αὐτὸν
3246 1410 3386 1468 οὕτω
3416 1410 3775 1493 πεφυλαγμέ-

2131 1528 2218 1570 νος
2250 1505 2316 1572 ἧν
2349 1504 2423 1567 εἷς
2455 1503 2838 1579 μνησικακίαν,
2873 1501 3066 1576 ἠμέλει
3120 1499 3176 1556 δὲ
3222 1506 3329 1558 τῶν
3359 1498 3535 1557 ἄλλων
3569 1501 3624 1559 ἐν
3657 1514 3778 1569 τοῖς

2131 1595 2446 1669 τοιούτοις;
2497 1591 2779 1669 Οὐδαμῶς.
2826 1592 2955 1651 Τινά
3009 1588 3110 1671 γαρ
3161 1597 3267 1648 τῶν
3323 1590 3608 1666 διακόνων,
3662 1600 3779 1649 Δα-

2134 1685 2324 1755 μιανὸν
2381 1681 2637 1758 τοῦνομα,
2684 1694 3046 1758 μνησικακεῖν
3099 1688 3175 1752 τῷ
3208 1679 3437 1746 πλησίον
3467 1679 3778 1757 ἀντιμαθὼν,

402 1768 722 1851 quemdam
781 1784 855 1830 ex
886 1767 1182 1847 diaconis,
1216 1768 1463 1830 nomine
1492 1768 1873 1840 Damianum,
1912 1768 2081 1850 odio,

2142 1778 2210 1847 τῷ
2268 1770 2630 1855 ἂρχιδιακόνῳ
2687 1769 3050 1850 παρήγγειλεν
3095 1771 3232 1827 κατὰ
3301 1771 3392 1827 τὸν
3453 1771 3638 1849 καιρὸν
3679 1776 3783 1839 τῆς

402 1860 624 1924 habere
657 1861 1083 1942 propinquum,
1110 1861 1302 1942 utqui
1331 1862 1763 1924 recordaretur
1790 1872 2053 1945 acceptte

400 1949 667 2030 injuriae,
702 1950 1078 2012 denuntiavit
1103 1949 1555 2024 archidiacono,
1592 1960 1650 2013 ut
1687 1952 1745 2013 in
1781 1962 2053 2032 tempore

406 2039 885 2123 participationis
901 2041 1425 2104 Sacramentorum
1447 2040 1499 2104 ei
1516 2042 1866 2105 ostenderet
1888 2062 2050 2119 eum,

403 2132 502 2211 qui
538 2148 771 2191 memor
801 2137 928 2191 erat
981 2129 1242 2209 injuriae.
1279 2129 1423 2193 Cum
1470 2150 1612 2211 ergo
1646 2131 2050 2212 cognovisset,

404 2237 545 2281 eum
575 2237 751 2279 manu
781 2217 1090 2300 accipiens
1119 2237 1132 2281 :
1160 2218 1347 2298 Vade,
1381 2219 1694 2295 dicitei,et
1724 2219 1892 2281 fratri
1925 2220 2053 2301 pri-

406 2326 568 2370 mum
584 2308 1841 2391 reconciliare,utvultpraeceptum,ettunc
1857 2328 2059 2372 sumes

404 2406 788 2460 sacramenta
815 2396 1061 2475 Christi,
1097 2397 1195 2479 qui
1247 2417 1366 2460 non
1415 2407 1503 2461 est
1535 2416 1769 2461 memor
1798 2408 2060 2472 acceptae

405 2485 771 2567 injuriaellle
787 2494 986 2548 autem
1005 2487 1236 2568 pudore
1249 2487 1931 2569 alfectus,praasentibus
1944 2508 2062 2550 om-

406 2576 583 2638 nibus
608 2574 963 2656 promisitse
989 2577 1104 2639 hoc
1135 2595 1270 2638 esse
1302 2577 1623 2649 facturum,
1654 2585 1713 2638 el
1745 2586 1886 2640 tunc
1920 2597 2055 2641 eum

405 2664 674 2748 impertit
704 2665 1117 2731 sanctiﬁcatis.
1144 2668 1445 2747 Deinceps
1468 2684 1614 2748 ergo
1647 2668 1863 2730 invasit
1885 2667 2063 2730 timor

404 2774 525 2818 non
554 2757 751 2819 solum
788 2756 1070 2831 clericos,
1105 2755 1206 2819 sed
1236 2757 1418 2818 etiam
1455 2756 1660 2830 laicos,
1691 2766 1751 2820 et
1773 2758 2063 2820 cavebant

407 2865 484 2908 ne
517 2847 707 2909 ullum
736 2847 874 2909 odio
900 2845 1280 2921 haberent,et
1312 2856 1514 2909 essent
1534 2854 1801 2927 accepta:
1822 2846 2062 2927 injuriae

408 2953 731 3010 memores,
766 2936 1049 2997 timentes
1083 2953 1158 2996 ne
1190 2935 1393 2997 multis
1429 2936 1825 3016 praesentibus
1847 2937 1931 2997 sic
1959 2956 2063 3018 pu-

2137 1870 2246 1921 τῶν
2303 1862 2611 1940 μυστηρίων
2675 1859 3063 1937 μεταλήψεως,
3118 1858 3278 1928 δῆλον
3310 1863 3453 1935 αὖτῷ
3480 1859 3659 1918 θέσθαι
3690 1862 3784 1918 τὸν

2140 1962 2601 2021 μνησικακοῦντα.
2633 1951 2784 2010 Ἐπεὶ
2841 1952 2930 2008 οὗν
2993 1951 3156 2030 ἔγνω,
3201 1947 3498 2025 λαϐόμενος
3534 1955 3622 2017 τῆς
3656 1973 3786 2031 λει-

2138 2045 2250 2122 ρὸς,
2312 2042 2551 2119 “ὶ⁹παγε,
2600 2041 2744 2116 αὐτῷ
2802 2042 3036 2119 πρῶτον,
3092 2038 3220 2120 ἔφη,
3254 2044 3333 2113 τῷ
3382 2038 3592 2120 ἀδελφῷ
3649 2041 3787 2098 κατά

2138 2130 2236 2198 τὴν
2293 2128 2516 2196 ἐντολὴν
2548 2126 2947 2208 καταλλάγηθι,
2991 2128 3080 2185 καὶ
3122 2128 3244 2184 τότε
3274 2133 3381 2184 τῶν
3424 2135 3519 2185 τοῦ
3548 2127 3788 2204 ἀμνησι-

2137 2220 2304 2277 κάκου
2362 2220 2667 2296 μυστηρίων
2720 2215 3016 2293 μεταλήψῃ
3062 2224 3313 2292 Χριστοῦ,
3373 2218 3435 2276 '0
3466 2215 3521 2273 δὲ
3553 2219 3783 2299 αἰσχυν-

2138 2310 2242 2371 θεὶς
2302 2309 2391 2365 ἐπὶ
2456 2308 2692 2383 πάντων,
2738 2306 2894 2364 τοῦτο
2938 2308 3190 2377 ποιήσεις
3244 2305 3635 2388 ἐπηγγείλατο,
3696 2309 3785 2364 καὶ

2142 2400 2263 2458 τότε
2324 2404 2428 2454 τῶν
2486 2396 2835 2475 ἀγιασμάτωι
2890 2398 3033 2472 αὖτῷ
3093 2394 3437 2473 μεταδίδωσι,
3482 2394 3657 2460 Φόϐος
3697 2399 3785 2454 οὗν

2144 2491 2206 2546 τὸ
2250 2489 2357 2544 ἀπὸ
2394 2484 2567 2558 τοῦδε,
2603 2489 2663 2545 οὗ
2706 2487 2824 2552 τοὺς
2881 2493 2975 2543 τοῦ
3033 2485 3233 2565 κλήρου
3276 2485 3465 2561 μόνον,
3523 2485 3663 2543 ἀλλὰ
3691 2487 3785 2543 καί

2143 2586 2237 2636 τοῦ
2293 2576 2519 2641 λα’ίκοὺς
2573 2572 2966 2650 κατελάμϐανε·
3004 2577 3092 2633 καὶ
3132 2576 3193 2632 τὸ
3251 2587 3610 2651 μνησικακεῖν
3654 2574 3787 2655 ἐφυ-

2143 2667 2426 2741 λάττοντο,
2472 2663 2703 2728 δεδιότες
2746 2665 2827 2740 μὴ
2858 2665 3023 2730 οὕτως
3065 2664 3152 2722 ἰαὶ
3194 2663 3410 2721 πολλῶν
3442 2670 3550 2721 τῶν
3582 2663 3786 2744 παρόν·-

2144 2781 2252 2816 των
2286 2757 2379 2824 τὴν
2434 2755 2695 2836 αἰσχύνην
2739 2753 3052 2832 ὀφλήσαιεν.
3107 2751 3262 2811 Ἀλλ’
3315 2753 3453 2811 οὕτω
3488 2754 3588 2814 ιιέν
3636 2754 3789 2832 ἀκρι-

2145 2846 2289 2909 ϐείας
2316 2847 2455 2925 βίου,
2490 2847 2621 2923 πρὸς
2653 2844 2838 2901 ἑαυτόν
2869 2864 2926 2901 τε
2960 2844 3114 2924 εἶχε,
3170 2858 3258 2901 καὶ
3301 2844 3425 2908 τοὺς
3468 2841 3559 2901 ὑπ’
3584 2846 3790 2903 ἒκείνου

2146 2936 2617 3012 ποιμαινομένους,

410 3025 559 3087 dore
610 3025 1019 3089 afﬁcerentur.
1056 3023 1175 3087 Sed
1213 3033 1328 3085 tam
1381 3034 1655 3087 accurata
1686 3024 1960 3107 quidem,
1999 3033 2057 3090 et
2108 3034 2315 3088 exacta
2343 3022 2452 3086 fuit
2481 3025 2611 3103 ejus
2640 3023 2785 3099 vita,
2823 3029 2941 3084 tam
2974 3021 3133 3105 quod
3179 3020 3251 3085 ad
3283 3022 3481 3105 ipsum
3511 3019 3794 3085 attinebat

415 3131 596 3196 quam
628 3113 786 3195 quod
813 3113 885 3176 ad
917 3131 1041 3187 eos,
1077 3112 1181 3195 qui
1212 3112 1285 3176 ah
1313 3113 1414 3175 illo
1447 3114 1867 3195 pascebantur.

1900 3219 2146 3285 CAPUT
2193 3219 2292 3285 VI.

1324 3325 1679 3407 Disciplina
1709 3329 2065 3405 domestica,
2098 3329 2383 3409 ratioque
2413 3330 2563 3391 υἱίω
2590 3330 2893 3393 exterior.

488 3433 927 3498 XXXI.Praster
947 3433 1063 3495 alia
1089 3441 1287 3495 autem
1312 3432 1562 3508 bona,in
1587 3452 1893 3498 sacrarum
1914 3455 2081 3513 quo-t

2224 3435 2361 3496 AA'.
2401 3439 2536 3511 Πρὸς
2570 3450 2686 3503 τοῖς
2718 3435 2902 3500 ἄλλοις
2934 3434 2990 3493 δὲ
3020 3436 3247 3515 ἀγαθοῖς
3279 3436 3368 3494 καί
3398 3437 3434 3505 ἡ
3478 3441 3584 3493 τῶν
3626 3434 3795 3513 διγίων

409 3544 528 3606 que
546 3525 994 3606 Scripturarum
1050 3523 1396 3603 cognitione
1427 3542 1666 3586 summe
1689 3524 2066 3588 laboraverat

2146 3526 2365 3606 Γραφῶν
2398 3533 2593 3605 γνῶσις
2643 3528 2717 3590 εἷς
2769 3525 2930 3605 ἀκρον
2962 3529 3110 3600 αὐτῷ
3139 3524 3441 3597 πεπόνητο,
3471 3525 3566 3582 καῗ
3627 3524 3795 3606 μιλᾶ-

410 3603 470 3678 et
498 3603 823 3697 plurimum
859 3622 951 3676 est
983 3613 1329 3686 meditatus,
1367 3631 1489 3674 non
1522 3613 1655 3676 sine
1687 3615 1986 3696 voluptate
2007 3623 2065 3676 et

2146 3603 2295 3691 τημα
2353 3603 2421 3685 ἧν
2480 3603 2849 3697 χαριέστατόνή
2897 3637 2956 3673 τε
3010 3616 3100 3672 καὶ
3150 3613 3630 3693 περισπούδαστον.
3696 3603 3794 3673 Ἠν

410 3704 615 3768 studio
645 3703 967 3767 acerrimo.
1008 3703 1252 3767 Licebat
1292 3721 1438 3782 ergo
1474 3702 1681 3765 videre
1710 3704 1981 3785 quotidie
2002 3710 2066 3766 in

2149 3709 2237 3764 οὖν
2295 3704 2429 3763 ἰδεῖν
2474 3707 2706 3774 ἑκάστης
2746 3705 2953 3783 ἡμέρας
3008 3704 3066 3762 ἐν
3108 3710 3178 3782 τῇ
3232 3705 3373 3763 κατὰ
3427 3705 3490 3761 τὸ
3545 3704 3791 3783 σέκρττον

418 3795 852 3874 congressione
883 3813 1017 3876 quas
1048 3793 1225 3856 ﬁebat
1258 3793 1316 3854 in
1340 3802 1745 3868 secreto,eum
1771 3794 1919 3856 nihil
1943 3795 2070 3857 fere

2148 3794 2450 3853 συνελεύσει
2484 3793 2653 3870 μηδὲν
2684 3793 2818 3854 ἄλλο
2845 3793 3043 3875 σχεδὸν
3073 3792 3493 3869 διαλαλούμενον
3520 3794 3557 3862 ἢ
3587 3795 3791 3865 ζητού-

419 3885 577 3948 aliud
599 3885 945 3966 loquentem
965 3893 1068 3948 aut
1086 3892 1665 3965 qumrentem,qoam
1693 3884 2067 3946 narrationes

2150 3906 2335 3959 μενον,
2378 3886 2415 3951 ἢ
2451 3882 2766 3961 διηγήματα
2820 3882 3071 3958 Πατέρων
3117 3889 3227 3940 τῶν
3257 3881 3461 3943 πολλοῦ
3490 3904 3552 3963 γε
3584 3883 3793 3958 ὀνόμα-

419 3975 687 4050 Patrum,
721 3974 823 4056 qui
855 3983 1029 4039 erant
1061 3973 1259 4052 magni
1287 3972 1571 4041 nominis,
1606 3981 1664 4034 et
1696 3973 2067 4054 problemata

2147 3997 2237 4040 τος
2266 3973 2600 4050 ἠξιωμένων,
2651 3970 3006 4051 προϐλήματα
3058 3994 3114 4030 τε
3149 3970 3473 4050 δογματικὰ,
3521 3973 3607 4029 καὶ
3651 3979 3792 4052 Γρα-

419 4065 755 4143 dogmatica
776 4072 837 4127 et
858 4064 1224 4142 quaestiones
1245 4063 1318 4125 ad
1352 4062 1722 4142 Scripturam
1751 4064 2063 4140 pertinen-

2146 4065 2276 4144 φικὰ
2318 4064 2601 4139 ζητήματα
2640 4080 2653 4093 '
2700 4063 2788 4118 καὶ
2828 4071 2994 4121 ταῦτα
3035 4060 3091 4118 δὲ
3134 4060 3369 4136 μάλιστα
3416 4060 3502 4118 διὰ
3532 4062 3595 4119 τὸ
3624 4061 3792 4119 πλεο-

418 4152 680 4215 tesHaac
697 4163 896 4217 autem
916 4152 1171 4214 maxime
1189 4152 1695 4233 propterea,quod
1718 4167 1858 4214 tunc
1876 4152 2066 4215 abun-

2148 4154 2302 4225 νάζον
2362 4159 2653 4220 τηνικαῦτα
2738 4153 2844 4208 τῶν
2916 4153 3195 4229 αἱρετικῶν
3279 4149 3476 4219 πλῆθος
3510 4166 3525 4182 ⁸
3584 4154 3663 4207 ὧν
3709 4148 3792 4208 ἐπ’

417 4241 596 4305 dabat
622 4243 943 4306 multitudo
960 4241 1408 4322 hereticorum,
1443 4241 1514 4302 ad
1538 4258 1687 4321 quos
1710 4243 2067 4305 evertendos

2148 4244 2420 4322 ἀνατροπῇ
2452 4243 2541 4299 καὶ
2572 4240 2895 4319 καθαιρέσει,
2929 4242 3050 4302 τοὺς
3081 4239 3136 4296 ἓν
3164 4254 3284 4304 τοῖς
3327 4252 3539 4317 καιροῖς
3572 4239 3789 4306 ἰκτίνοις

418 4331 751 4395 adsciverat
810 4330 1045 4412 eos,qui
1104 4330 1223 4392 illis
1256 4329 1625 4410 temporibus
1654 4340 1824 4393 erant
1858 4333 2063 4395 excel-

2148 4331 2574 4412 διαφορωτάτους
2661 4331 3136 4410 προσηταιρίσατο,
3197 4329 3455 4398 Ἰωάννην
3514 4330 3654 4409 φημὶ
3709 4331 3793 4387 καὶ

416 4421 760 4497 lentissimi,
793 4419 1111 4496 Joannem,
1148 4422 1421 4502 inquam,
1455 4430 1515 4483 et
1543 4422 1974 4502 Sophronium.

2150 4422 2455 4501 Σωφρόνιον
2465 4470 2478 4484 ,

495 4510 729 4574 XXXII.
766 4513 951 4574 Porro
979 4521 1181 4574 autem
1206 4512 1260 4574 ei
1280 4530 1525 4593 quoque
1546 4522 1673 4574 erat
1692 4512 1892 4574 studio
1914 4531 2066 4575 con-

2231 4502 2358 4572 AB'.
2425 4508 2788 4569 Ἐοπούδαστο
2844 4507 2901 4566 δὲ
2973 4510 3117 4585 αὒτῷ
3174 4510 3264 4566 καὶ
3317 4506 3645 4573 καταλαλιᾶς
3702 4504 3794 4564 καὶ

416 4618 647 4662 servare
665 4618 1002 4662 consessum
1029 4605 1175 4662 nulli
1201 4605 1545 4663 detractioni
1576 4605 1888 4673 aﬂlnem,at
1916 4605 2065 4663 nulli

2149 4599 2530 4679 ἀργορολογίας
2574 4599 2752 4666 πάσης
2801 4598 3077 4672 ἄψαυστον
3105 4597 3383 4677 διατηρεῖν
3413 4599 3476 4656 τὸ
3506 4594 3791 4675 συνέδριον

414 4708 565 4751 vano
587 4695 874 4752 sermoni.
904 4687 1072 4762 Quod
1097 4690 1146 4751 si
1170 4696 1305 4769 quis
1330 4688 1498 4753 exiis
1522 4689 1622 4770 qui
1646 4689 2063 4766 considebant,

2148 4688 2245 4745 κέἱν
2318 4711 2397 4751 τις
2467 4694 2573 4745 τῶν
2645 4687 3089 4767 συνεδριαζόντων
3162 4694 3402 4746 τοιοῦτον
3463 4685 3793 4765 προέτεινον,

411 4779 529 4841 tale
545 4778 686 4858 quid
714 4778 1265 4860 proposuissetjlle
1288 4778 1605 4858 ingeniose
1631 4788 1689 4841 et
1713 4788 1851 4859 apte
1875 4779 1934 4841 id
1963 4798 2066 4843 re-

2148 4777 2274 4835 ἀλλ’
2341 4778 2552 4843 ἐκεῖνος
2609 4781 2813 4859 εὐφυῶς
2862 4778 2990 4835 αὐτὸ
3048 4775 3322 4856 διωθεῖτο,
3382 4775 3676 4834 σπουδαῖόν
3745 4797 3795 4832 τι

417 4867 698 4948 pellebat,
724 4868 1009 4949 injiciens
1039 4868 1255 4929 bonam
1281 4867 1543 4949 aliquam
1576 4868 1970 4948 quaestionem
2005 4876 2067 4931 et

2150 4872 2236 4928 καὶ
2307 4867 2633 4950 ψυχωφελὲς
2699 4868 3057 4947 παρεμϐαλὼν
3129 4866 3440 4945 πρόϐλημα.
3509 4867 3700 4946 Παχὺν
3742 4862 3795 4921 δὶ

414 4957 632 5022 animae
651 4959 855 5022 utilem
871 4959 949 5020 .Si
965 4958 1014 5020 is
1027 4968 1228 5020 autem
1250 4967 1407 5020 esset
1428 4964 1744 5020 crassuset
1766 4957 2063 5037 plebeius,

2148 4967 2333 5016 τοῦτον
2384 4961 2429 5016 εί
2471 4959 2629 5039 τύχοι
2673 4957 2799 5016 ὀ¹ντα
2849 4961 2936 5015 καὶ
2964 4955 3368 5034 δημωδὲστερον
3411 4956 3503 5012 καὶ
3530 4958 3640 5012 των
3670 4976 3797 5011 σον-

413 5056 473 5109 et
494 5047 728 5128 quinon
754 5047 1073 5109 recedebat
1091 5047 1165 5107 ab
1190 5047 1265 5108 iis
1287 5064 1421 5126 quae
1436 5056 1575 5108 sunt
1596 5056 2062 5127 consueta,pr:e-

2149 5050 2292 5119 ήθων
2337 5052 2433 5107 οὐκ
2487 5048 2874 5128 ἀφιστάμενον,
2935 5046 3057 5104 κατ’
3106 5047 3231 5122 ὄψιν
3282 5044 3381 5121 μὲν
3410 5043 3561 5102 οὐδὲν
3592 5042 3798 5100 διετίθει

413 5144 644 5198 sentem
671 5136 910 5216 quidem
931 5154 1049 5197 non
1066 5136 1221 5197 male
1236 5135 1675 5206 tractabatmec
1691 5154 1758 5198 se
1776 5135 2069 5199 iracunde

2149 5145 2355 5211 κακῶς,
2417 5136 2534 5193 οὐδὲ
2593 5137 2802 5216 ὀργίλον
2859 5158 2910 5192 τι
2942 5137 3032 5193 καὶ
3087 5136 3263 5217 τραχὺ
3306 5136 3449 5210 αὐτῷ
3508 5131 3795 5213 ἐπιδείκνυ,

414 5236 478 5286 et
498 5243 713 5306 aspere
735 5226 795 5286 in
820 5243 957 5286 eum
980 5224 1649 5305 gerebat,przecipiebat
1670 5243 1810 5287 vero
1831 5244 1905 5288 ne
1922 5243 2058 5287 eum

2145 5225 2487 5307 παρήγγελλε
2544 5224 2597 5282 δὲ
2642 5226 2839 5303 μηκέτι
2883 5228 3041 5283 αὐτὸν
3096 5226 3186 5298 ἐᾷν
3228 5231 3327 5292 τῆς
3383 5222 3603 5282 συνόδου
3645 5224 3798 5303 γίνε-

410 5314 684 5376 sinerent
703 5314 963 5394 amplius
989 5331 1123 5376 esse
1145 5335 1177 5373 e
1203 5314 1557 5384 concilio,ut
1583 5332 1691 5392 per
1713 5332 1850 5376 eum
1876 5334 2058 5378 unum

2146 5321 2269 5374 σθαι
2306 5334 2320 5348 ⁸
2356 5318 2493 5375 ὣσνε
2537 5312 2605 5372 δι’
2636 5316 2752 5380 ἐνὸς
2786 5314 2936 5375 τοῦδε
2990 5315 3112 5380 τοὺς
3145 5313 3337 5381 ἄλλους
3370 5312 3642 5393 ἀκριϐείας
3672 5312 3800 5371 ἄπι-

414 5404 631 5466 ﬁerent
654 5403 758 5465 alii
789 5405 1091 5466 cautiores
1123 5412 1183 5465 et
1206 5403 1646 5483 diligentiores.

489 5491 827 5557 XXXlll.Ut
848 5502 1046 5556 autem
1073 5493 1283 5555 mortis
1308 5492 1660 5556 memoriam
1685 5512 1808 5556 suae
1832 5495 2065 5572 cogita-

2147 5405 2535 5482 λαμϐάνεσθαι.

2232 5497 2339 5552 Al"
2353 5543 2367 5559 .
2398 5495 2516 5553 Ἵνα
2545 5490 2602 5550 δὲ
2633 5494 2719 5551 καὶ
2768 5495 2867 5563 τὴν
2897 5503 2989 5552 τοῦ
3014 5495 3240 5553 θανάτου
3269 5494 3496 5570 μνήμην
3524 5494 3604 5559 εἰς
3630 5492 3798 5570 βάθος

411 5581 556 5644 tioni
574 5581 1494 5671 prolundeimprimeret,eteam
1512 5592 1805 5670 perpetuo
1820 5582 2070 5647 haberet

2152 5582 2427 5673 ἐγχαράξη
2497 5589 2568 5660 τῇ
2639 5580 2866 5663 διανοίᾳ,
2941 5584 3029 5642 καὶ
3071 5582 3159 5643 διὰ
3199 5583 3398 5651 παντὸς
3443 5581 3589 5659 αὐτῷ
3644 5601 3805 5665 περι.
