4098 6202
263 347 380 416 925

1277 349 1467 414 VITA
1511 350 1569 412 S.
1616 345 1933 414 JOANNIS
1975 350 2626 416 ELEEMOSYNARII.

3522 353 3640 420 926

261 483 554 560 ἶσναμένην
584 481 692 562 ἔχῃ
729 481 818 539 καὶ
849 482 951 560 πρὸ
983 483 1263 559 ὀμμάτων,
1296 485 1347 540 τί
1388 497 1539 542 ποιεῖ
1570 507 1586 558 ;
1634 491 1941 558 Μνημεϊον.

2029 497 2389 558 iraasentem,
2428 499 2486 548 et
2511 496 2648 549 ante
2679 487 2873 562 oculo,
2911 487 3052 569 quid
3103 486 3294 551 facit?
3320 486 3495 552 lubet
3525 488 3641 550 sibi

263 574 408 648 αὒτῷ
459 572 781 652 προστάττει
827 571 1320 648 διοικοδομηθῆναιο
1369 577 1540 646 τούτῳ
1587 572 1640 628 δὲ
1673 574 1754 647 μὴ
1800 573 1922 630 ἐπι-

261 668 480 732 τεθῆναι
540 662 732 736 πέρας,
780 659 901 717 ἄλλ’
959 662 1217 735 ἡμιτελὲς
1281 663 1419 720 οὕτω
1478 663 1918 741 καταλειφθῆναυ

263 755 390 811 εἶτα
419 753 543 814 τοὺς
603 751 698 808 ἐπὶ
749 757 826 822 τῷ
885 751 1026 828 ἔργῷ
1071 752 1434 829 τεταγμένους
1466 751 1678 810 ἔπειδὲιν
1727 752 1923 818 ἐπίση-

267 843 375 920 μός
436 864 514 905 νις
571 841 732 918 ἑορτή
775 840 892 913 εἴη,
952 843 1037 898 ἰτπὶ
1092 842 1306 898 πάντων
1364 841 1746 920 ἐφισταμένους
1817 849 1921 899 τῶν

267 930 686 1008 συνεδρευόντων
718 930 772 985 ἐν
818 937 894 1004 τῷ
925 945 1194 1010 προφανεϊ
1247 930 1445 1008 λέγειν’
1518 934 1582 989 Τὸ
1615 937 1803 1005 μνῆμα
1861 933 1922 987 τὸ

268 1024 361 1079 σὸν
426 1021 554 1100 ἄχρι
600 1021 834 1095 τήμερον
906 1019 1115 1092 ἀτελὲς,
1177 1018 1432 1077 δέσποτα·
1496 1020 1780 1096 ἐπίτρεψον
1837 1024 1924 1077 οὖν

270 1115 399 1171 αὒτὸ
459 1110 619 1189 πέρας
671 1106 884 1164 λαϐεῖν·
958 1107 1155 1176 ἄδηλον
1202 1111 1304 1188 γὰρ
1348 1111 1500 1182 ὁποίᾳ
1555 1105 1667 1185 ὥρᾳ
1724 1112 1751 1166 6
1802 1109 1926 1166 κλέ-

271 1215 412 1267 πτης
445 1200 615 1257 ἔπεισι
649 1200 873 1263 θάνατος
885 1241 899 1258 .

355 1280 488 1350 ΛΔ’.
536 1288 707 1346 Ἀλλὰ
735 1290 812 1352 τίς
844 1289 906 1343 ἃν
937 1288 1137 1344 ἐκείνου
1171 1290 1230 1344 τὸ
1268 1286 1414 1344 λιτὸν
1443 1293 1540 1355 τῆς
1572 1286 1800 1368 διαίτης,
1838 1289 1922 1344 καὶ

275 1381 337 1436 τὸ
393 1381 512 1458 περὶ
569 1379 667 1444 τὴν
719 1377 912 1445 ἐσθῆτα
969 1378 1067 1433 καῖ
1124 1380 1407 1454 στρωμνὴν
1463 1377 1669 1439 εὖτελές
1714 1399 1772 1434 τε
1835 1380 1924 1437 καὶ

2007 576 2230 636 exstrui
2260 577 2784 639 monimentumzei
2810 585 3008 640 autem
3038 579 3212 639 tinem
3248 598 3364 640 non
3391 579 3644 659 imponi,

2005 666 2111 725 sed
2145 664 2634 744 semiperfectum
2696 668 2781 728 sic
2813 665 3119 745 relinqui;
3153 668 3368 730 deinde
3400 687 3503 730 eos
3549 671 3649 748 qui

2009 753 2269 829 praefecti
2289 751 2806 833 erantoperi,cum
2833 766 2990 817 esset
3012 757 3222 819 festum
3245 758 3488 834 aliquod
3513 758 3655 818 insi-

2005 843 2510 922 gne,accedentes
2530 845 2587 905 in
2612 856 2932 925 conspectu
2957 847 3356 928 omnium,qui
3378 847 3657 908 conside-

2008 931 2388 1013 hanl,aperte
2412 935 2637 997 dicere:
2674 936 3104 1000 Munimentum
3131 947 3293 997 tuum
3322 938 3380 996 in
3403 936 3651 998 hodier-

2008 1041 2150 1082 num
2181 1041 2376 1102 usque
2426 1023 2582 1085 diem
2637 1033 2726 1086 est
2760 1026 3195 1106 imperfectum,
3231 1025 3654 1087 domine.Jube

2009 1111 2325 1190 ergo,utid
2355 1112 2529 1174 ﬁnem
2563 1115 2840 1194 accipiat.
2870 1116 3165 1175 Incertum
3201 1124 3290 1176 est
3319 1115 3506 1190 enim,
3539 1134 3654 1195 qua

2007 1202 2152 1262 hora
2185 1202 2278 1261 l‘ur
2307 1202 2701 1279 ingrediatur,
2738 1222 2956 1282 nempe
2991 1222 3171 1266 mors.

2085 1289 2338 1353 XXXIV.
2387 1291 2504 1353 Sed
2554 1292 2690 1373 quis
2744 1293 2904 1354 illius
2949 1294 3143 1356 victus
3186 1295 3563 1370 tenuitatem,
3599 1306 3657 1359 et

2007 1397 2138 1459 qua;
2170 1389 2297 1440 erat
2325 1381 2480 1441 circa
2511 1392 2734 1442 vestem
2761 1392 2817 1443 et
2846 1389 3096 1445 stratum
3129 1384 3410 1446 vilitatem
3445 1393 3503 1445 et
3528 1401 3654 1444 me—

276 1469 493 1546 μέτριον
551 1467 746 1532 ἐξείποι
785 1465 1017 1541 “mc;
1078 1467 1224 1521 Μετὰ
1272 1467 1368 1544 γὰρ
1412 1475 1516 1523 τῶν
1571 1465 1749 1524 ἄλλων
1806 1465 1922 1525 οὐδὲ

2029 1468 2412 1544 liocritatem,
2447 1480 2608 1531 recte
2656 1473 3104 1534 enuntiaverit?
3133 1476 3280 1536 Cum
3314 1474 3446 1536 aliis
3497 1475 3658 1535 enim

273 1559 471 1624 ταύτης
502 1559 693 1632 ἠμέλει
725 1561 825 1622 τῆς
871 1554 1089 1630 ἀρετῆς·
1137 1555 1275 1612 ὥστε
1319 1554 1490 1630 μηδὲν
1521 1556 1685 1613 πλέον
1729 1561 1780 1614 ἓν
1811 1559 1930 1613 τού-

2029 1576 2088 1620 ιε
2121 1559 2272 1620 hanc
2324 1559 2567 1640 quidem
2603 1561 2861 1640 neglexit
2891 1562 3197 1636 virtutem,
3232 1564 3382 1626 adeo
3425 1579 3489 1626 ut
3519 1563 3657 1624 vul-

274 1671 389 1711 τοις
434 1649 541 1705 τῶν
584 1645 800 1704 πολλῶν
829 1647 978 1725 ἔχειν
1020 1645 1116 1702 καί
1175 1646 1673 1723 εὖκαταφρονήιων,
1709 1645 1927 1722 Ἀμέλει

2029 1666 2118 1725 ςυε
2151 1657 2210 1708 ει
2240 1665 2346 1709 εοε
2379 1655 2475 1728 qui
2511 1657 2650 1709 sunt
2682 1653 3099 1731 contempti,in
3133 1653 3227 1714 his
3251 1673 3324 1715 ne
3347 1661 3662 1734 superaret

273 1761 363 1802 τις
409 1744 516 1794 τῶν
573 1735 865 1813 οἰκητόρων
918 1741 1010 1802 τῆς
1068 1733 1278 1800 πόλεως
1338 1738 1716 1815 συνηθέστερος
1788 1739 1930 1810 αὒτῷ

2029 1736 2281 1818 ιυὶόειη.
2316 1736 2567 1808 Quidam
2623 1749 2786 1801 certe
2818 1759 2884 1801 ex
2917 1739 3354 1806 habitatoribus
3382 1744 3659 1817 civitatis,

275 1829 587 1907 τυγχάνων,
625 1825 772 1890 ὅπως
817 1826 948 1904 εἶχε
1007 1826 1220 1900 μαθὼν,
1265 1830 1480 1896 σισύραν
1538 1825 1590 1892 ἒξ
1640 1828 1728 1883 καὶ
1785 1827 1930 1903 τριά-

2029 1827 2114 1906 ιυί
2148 1835 2276 1914 erat
2308 1827 2363 1914 ei
2402 1828 2774 1904 familiarior,
2803 1849 2942 1914 _cum
2990 1833 3331 1894 rescivisset
3362 1833 3661 1914 quomodo

275 1895 436 1988 κοντα
497 1895 843 1991 νομισμάτων
881 1895 1215 1994 ’πριέ-μενος,
1263 1895 1473 1971 στέλλει
1517 1923 1595 1989 τῷ
1659 1895 1927 1991 μακαρίῳ,

2029 1895 2115 1968 Fes
2137 1925 2202 1968 se
2236 1907 2508 1987 haberet,
2544 1895 2920 1989 aperturium
2961 1913 3084 1992 (15)
3113 1895 3397 1991 emptum'
3424 1914 3662 1994 triginta

270 2007 504 2065 πλεῖστα
563 2008 639 2080 μὴ
698 2005 1015 2062 ἀπώσασθαι
1079 2003 1309 2078 δεηθεὶς,
1343 2005 1464 2062 ἀλλ’
1525 2007 1713 2063 ἑαυτὸν
1768 2013 1934 2083 ταύτῃ

271 2094 665 2173 περιστέλλειν.
715 2096 882 2152 Τοῦτο
911 2095 999 2150 οὖν
1059 2097 1148 2150 καὶ
1191 2091 1282 2151 διὰ
1312 2096 1372 2151 τὸ
1423 2103 1515 2152 τοῦ
1548 2095 1731 2173 ἀνδρὸς
1791 2095 1934 2152 eiim-

276 2208 405 2243 στον
461 2187 549 2242 καὶ
609 2186 670 2241 τὸ
728 2189 827 2250 τῆς
895 2181 1163 2248 ἀξιώσεως
1220 2183 1472 2258 ἓπιμελὲς
1543 2187 1630 2241 καὶ
1687 2183 1934 2262 διάπυρον

289 2277 513 2344 ποιῆσαι
575 2273 830 2353 θελήσας,
865 2275 923 2330 οὗ
972 2271 1213 2329 διέλιπεν
1271 2273 1420 2349 ὅμως
1480 2273 1603 2351 παρ’
1649 2274 1781 2341 ὅλην
1836 2275 1934 2341 τὴν

291 2366 452 2422 νύκτα
511 2363 805 2435 ταλανίζων
875 2364 1086 2438 ἑαυτὸν,
1145 2366 1220 2428 ὡς
1277 2366 1323 2420 οἱ
1394 2361 1800 2442 παρεδρεύοντες
1864 2367 1936 2429 εἷς

288 2456 522 2536 ἔσχατον
563 2453 924 2531 ἒξηγήσαντο.
985 2452 1102 2525 καῖ,
1138 2455 1226 2518 Τίς
1280 2454 1342 2508 ἃν
1395 2453 1454 2508 οὗ
1497 2454 1785 2531 καταγνοίη
1837 2477 1940 2528 μου

287 2553 383 2603 τοῦ
450 2551 722 2616 ταπεινοῦ,
785 2543 982 2622 λέγων,
1057 2541 1328 2622 Ἰωάννου,
1390 2545 1434 2599 εἰ
1491 2542 1608 2617 ἐμοὶ
1673 2544 1770 2619 μὲν
1827 2543 1936 2601 ἔστι

287 2636 574 2713 τριάκοντα
649 2633 735 2689 καὶ
802 2632 853 2698 ’ἐξ
927 2632 1270 2708 νομισμάτων
1351 2630 1676 2706 ἐπιϐλήματι
1750 2633 1935 2689 σκέπε-

291 2728 436 2800 σθαι,
470 2738 585 2790 τοῖς
625 2721 680 2779 δὲ
710 2724 845 2779 κατὰ
887 2728 1138 2802 Χριστὸν,
1175 2729 1296 2802 φεῦ,
1327 2719 1580 2802 ἀδελφοῖς
1629 2736 1742 2785 τοῖς
1784 2721 1939 2797 ἐμοῖς

289 2817 352 2871 τὸ
412 2815 693 2892 ὑπαίθρους
737 2819 814 2886 τῷ
868 2814 1014 2891 κρύει
1074 2834 1446 2890 πηγνυμενους
1504 2809 1797 2884 διατελεῖν,
1851 2812 1938 2868 καὶ

287 2902 428 2980 μηδὲ
471 2902 632 2982 ῥάκος
677 2902 1012 2982 βραχύτατόν
1071 2924 1121 2958 τι
1165 2903 1252 2958 καὶ
1315 2900 1508 2958 εὔωνον
1553 2905 1824 2979 εὐπορεῖν·
1864 2905 1935 2957 ὧν

287 2997 336 3051 οἱ
382 2991 593 3057 πλείους
641 2993 730 3049 καὶ
774 2991 924 3047 κενοί
966 2991 1065 3059 τήν
1107 2990 1339 3068 γαστέρα
1396 2992 1482 3047 καὶ
1526 2989 1762 3047 ἄδειπνοι
1801 3013 1940 3047 κατ-

289 3082 608 3156 εκληθὶσαν,
641 3083 728 3139 καὶ
767 3081 962 3155 αὒτῶν,
996 3079 1173 3156 οἶμοι,
1212 3086 1318 3137 τῶν
1369 3080 1785 3140 ἆποπιπτουσῶν
1840 3085 1940 3147 τῆς

289 3177 431 3250 ἐμῆς
489 3172 759 3248 τραπέζης
800 3176 985 3250 ψιχῶν
1046 3170 1313 3250 ἐφιέμενοι
1381 3171 1517 3226 κατὰ
1581 3172 1670 3225 τὸν
1735 3170 1942 3236 πένητα

2018 2015 2118 2057 sex
2158 1999 2420 2059 nummis
2454 1999 2640 2061 mittit
2669 2001 2740 2061 ad
2775 2001 3053 2072 Beatum.
3091 2003 3414 2083 plurimum
3447 2021 3663 2081 rogans

2019 2105 2093 2147 ne
2117 2087 2176 2147 id
2210 2096 2543 2167 recusaret,
2564 2089 2668 2150 sed
2695 2107 2760 2149 se
2783 2109 2855 2151 eo
2881 2091 3179 2155 indueret.
3207 2092 3330 2154 Hoc
3355 2111 3496 2172 ergo
3524 2111 3662 2154 cum

2020 2185 2075 2238 et
2110 2189 2356 2258 propter
2386 2179 2493 2238 viri
2525 2178 2894 2251 ﬁdelitatem,
2929 2200 3296 2262 precumque
3327 2184 3665 2245 contentio-

2021 2284 2158 2328 nem
2191 2276 2248 2328 et
2277 2267 2553 2329 ardorem
2585 2269 2783 2330 facere
2815 2270 3121 2346 voluisset,
3154 2292 3270 2333 non
3304 2273 3664 2335 cessavitta-

2021 2374 2158 2417 men
2191 2363 2319 2417 tota
2349 2366 2520 2419 nocte
2550 2357 2866 2420 lamentari
2893 2366 2983 2436 (ut
3015 2371 3318 2441 postremo
3365 2380 3668 2444 exposue-

2022 2447 2296 2528 runt,qui
2321 2446 2374 2508 ei
2399 2446 2793 2525 assidebam),
2819 2449 2982 2523 Quis,
3009 2450 3365 2527 dicens,non
3390 2451 3670 2514 condem-

2023 2535 2177 2597 narit
2209 2555 2304 2597 me
2343 2537 2630 2598 miserum
2664 2537 3038 2620 Joannem,si
3073 2540 3222 2602 mihi
3254 2540 3394 2602 licet
3424 2541 3540 2620 tegi
3574 2550 3666 2601 ιε-

2023 2634 2308 2704 gumenta
2329 2626 2568 2705 triginta
2597 2637 2653 2687 et
2683 2646 2788 2689 sex
2816 2630 3449 2706 nummoruni,fratres
3471 2641 3666 2692 autem

2026 2715 2141 2776 mei
2179 2716 2353 2794 (proh
2386 2715 2557 2777 dolor
2591 2717 2634 2798 !)
2670 2718 3001 2779 secundum
3049 2719 3371 2795 Christum,
3407 2719 3516 2781 sub
3570 2720 3668 2780 dio

2024 2815 2312 2886 perpetuo
2372 2806 2588 2884 degant
2638 2809 2901 2870 concreti
2953 2808 3196 2889 frigore,
3231 2818 3290 2869 et
3335 2829 3444 2872 nec
3496 2809 3671 2870 mini-

2025 2913 2186 2955 mum
2247 2894 2491 2976 quidem
2527 2904 2587 2957 et
2640 2897 2991 2960 vilissimum
3034 2917 3297 2979 pannum
3352 2899 3669 2962 habeant?

2025 3001 2280 3065 quorum
2318 2985 2562 3064 plurimi
2593 2987 2832 3067 quidem
2864 2999 3072 3051 ventre
3101 3008 3283 3051 vacuo
3308 3000 3365 3051 et
3387 2989 3670 3052 incmnati

2023 3073 2406 3146 recumbunt,
2435 3085 2494 3136 et
2519 3076 2609 3138 vel
2640 3076 2825 3157 ipsas,
2853 3077 2977 3146 (hei
3001 3079 3145 3140 mihi
3173 3078 3209 3153 ἔ)
3242 3098 3374 3159 quae
3403 3099 3436 3140 a
3468 3097 3674 3140 mensa

2029 3182 2160 3225 mea
2213 3165 2457 3239 cadunt,
2494 3165 2680 3226 micas
2729 3167 2996 3248 cupiunt,
3031 3169 3185 3230 sicut
3216 3188 3443 3249 pauper
3487 3168 3670 3231 Laza-

291 3263 555 3339 Λάζαρον.
596 3260 714 3319 Α’ἰε
759 3260 842 3335 α’ἓ,
881 3281 1039 3316 ποσοι
1090 3270 1178 3319 νῦν
1242 3259 1375 3324 ξένοι
1435 3261 1520 3316 καὶ
1580 3257 1941 3338 παρεπίδημοι

2029 3271 2151 3314 rus.
2206 3253 2375 3315 Heu!
2428 3255 2587 3317 heu!
2645 3275 2820 3336 quam
2875 3258 3042 3319 multi
3095 3278 3254 3320 nunc
3303 3259 3571 3339 hOSpites
3619 3267 3677 3319 et

294 3351 426 3429 πρὸς
465 3350 662 3416 ταύνην
704 3349 952 3428 ἀφίκοντο
1001 3350 1099 3416 τὴν
1144 3349 1295 3405 πόλιν
1328 3351 1381 3406 οἳ
1429 3349 1508 3424 μὴ
1552 3347 1770 3428 ἔχοντες
1825 3347 1945 3406 ὅποι

293 3441 394 3507 τὴν
442 3437 682 3516 κεφαλὴν
715 3437 967 3511 λλίνοιεν,
1011 3446 1323 3514 πεινῶοτες,
1369 3440 1506 3494 κατὰ
1535 3437 1704 3512 μέσην
1740 3451 1946 3494 κεῖνται

295 3531 394 3599 τήν
443 3527 667 3605 ἀγοράν·
727 3529 837 3605 εγὼ
893 3527 947 3584 δὲ
1001 3529 1280 3591 παντοίοις
1353 3528 1653 3583 ἑνευπαθῶν
1726 3528 1945 3603 ἀγαθοῖς

295 3620 428 3691 πρὸς
469 3619 536 3689 τᾷ
573 3617 711 3695 ἄλλῃ
755 3624 951 3696 τρυφῇ,
989 3618 1075 3673 καὶ
1103 3616 1237 3691 τῷδε
1277 3624 1354 3691 τῷ
1384 3614 1672 3674 πολυτελεῖ
1715 3615 1948 3684 ἐπιϐλή-

297 3729 426 3783 ματι
499 3711 586 3762 νῦν
668 3707 1107 3783 περιστέλλομαι.
1181 3707 1240 3764 Τί
1309 3706 1480 3764 τοίνυν
1549 3706 1670 3761 κατ’
1741 3704 1948 3771 ἐκείνην

297 3797 612 3853 ἀκούσεσθαι
655 3795 932 3876 προσδοκῶ
971 3796 1072 3864 τὴν
1107 3797 1312 3874 ἡμέραν
1347 3812 1363 3868 ;
1411 3796 1471 3853 Τί
1523 3794 1722 3871 ἕτερον,
1760 3795 1796 3862 ἢ
1840 3793 1944 3867 ὅτι,

299 3884 596 3963 Ἀμέλαϐες
627 3887 693 3943 τὰ
737 3888 906 3964 ἀγαθά
938 3909 1032 3946 σου
1077 3890 1133 3941 ἒν
1161 3891 1230 3962 τῇ
1259 3891 1372 3961 ζωῇ
1416 3907 1532 3956 σου,
1572 3887 1619 3940 οἱ
1667 3881 1722 3938 δέ
1752 3905 1814 3962 γε
1857 3883 1949 3940 πέ-

297 3996 456 4043 νητες
514 3976 580 4031 τὰ
609 3978 768 4048 κατὰ,
799 3977 886 4032 καὶ
943 3975 1029 4032 διὰ
1057 3983 1210 4032 τοῦτο
1257 3983 1345 4031 νῦν
1382 3975 1532 4030 αὐτοὶ
1560 3974 1659 4048 μὲν
1703 3995 1951 4052 παρακα-

296 4065 537 4144 λοῦνται,
589 4066 651 4120 σὺ
721 4064 774 4121 δὲ
841 4065 995 4130 ἀξίως
1074 4064 1372 4138 ὀδυνᾶσαι;
1435 4061 1588 4120 Ἀλλ’
1660 4062 1951 4141 εὐλογητὸς

300 4157 509 4232 Κύριος,
557 4159 652 4213 οὒκ
728 4155 804 4210 ἔτι
871 4165 1026 4214 τοῦτο
1105 4157 1132 4210 6
1197 4156 1448 4217 ταπεινὸς
1523 4154 1951 4221 σκεπασθήσεται

296 4243 576 4318 Ἰωάννης,
611 4242 747 4301 ἀλλὰ
806 4245 901 4311 τὴν
934 4249 1092 4303 αὗτοῦ
1149 4245 1311 4318 τιμὴν
1373 4242 1599 4309 πένητες
1658 4242 1954 4321 ἆμφιάσον-

294 4355 406 4395 ται.

379 4422 514 4481 ΛΕ’.
570 4422 723 4498 "Aps!
756 4429 882 4500 γοῦν
921 4423 1059 4502 φωτὶ
1109 4423 1210 4490 τὴν
1237 4423 1452 4500 σισύραν
1497 4423 1568 4487 εἷς
1611 4422 1710 4488 τὴν
1758 4421 1955 4498 ἀγορὰν

299 4511 500 4586 πέμπει
547 4511 1076 4591 διαπραθησομένην,
1124 4512 1190 4580 ἢν
1253 4514 1279 4566 ὃ
1326 4511 1699 4589 προσενεγκὼν
1756 4509 1955 4566 θεασά-

2033 3345 2333 3422 peregrini
2382 3346 2453 3406 ad
2503 3346 2655 3407 hanc
2705 3356 2999 3409 venerunt
3045 3348 3365 3425 civitatem,
3404 3353 3505 3426 qui
3555 3367 3674 3410 non

2030 3432 2260 3494 habent
2309 3434 2410 3495 ubi
2443 3444 2616 3514 caput
2660 3437 2979 3511 reclinent,
3017 3439 3472 3520 esurientesque
3503 3446 3561 3499 et
3591 3437 3675 3498 si-

2033 3522 2276 3597 tientes,
2303 3523 2509 3602 jaceat
2541 3523 2599 3584 in
2634 3526 2830 3586 medio
2862 3526 3014 3588 foro.
3050 3528 3175 3606 Ego
3207 3538 3402 3589 autem
3437 3546 3534 3588 me
3576 3527 3678 3589 de-

2033 3611 2211 3672 licate
2236 3631 2414 3672 omne
2439 3632 2629 3692 genus
2653 3614 2903 3692 explens
2935 3615 3126 3690 bonis,
3156 3626 3372 3697 prater
3401 3617 3548 3679 alias
3573 3616 3648 3678 de
3666 3650 3680 3663 -

2033 3701 2200 3762 licias
2252 3701 2366 3762 hoc
2399 3721 2640 3782 quoque
2672 3721 2829 3764 nunc
2876 3715 3228 3785 sumptuoso
3256 3707 3474 3768 induor
3504 3716 3676 3785 tegu-

2034 3799 2256 3851 mento.
2287 3789 2439 3862 Quid
2474 3811 2612 3869 ergo
2641 3793 2743 3853 illo
2775 3794 2870 3854 die
2895 3804 3141 3874 expecto
3177 3814 3271 3857 me
3302 3797 3680 3858 auditurum?

2030 3878 2180 3951 Quid
2201 3877 2386 3953 aliud,
2412 3899 2588 3960 quam
2623 3900 2635 3943 :
2674 3881 2973 3962 Recepisti
3007 3883 3161 3944 bona
3193 3892 3288 3945 tua
3318 3884 3378 3944 in
3409 3885 3524 3944 vita
3553 3891 3676 3956 tua,

2037 3988 2335 4049 pauperes
2366 3978 2566 4031 autem
2604 3971 2758 4032 mala
2796 3994 2808 4029 :
2844 3981 2902 4032 et
2935 3983 3253 4054 propterea
3284 3973 3398 4053 ipsi
3428 3972 3676 4049 quidem

2036 4077 2196 4120 nunc
2225 4060 2525 4140 accipiunt
2553 4061 3050 4138 consolationem,
3080 4074 3137 4124 tu
3172 4072 3364 4124 autem
3395 4061 3683 4125 cruciaris

2037 4166 2142 4227 pro
2194 4149 2468 4210 meritis?
2500 4147 2615 4212 Sed
2653 4149 3005 4213 benedicms
3038 4153 3219 4226 Deus,
3257 4171 3375 4214 non
3425 4151 3682 4232 amplius

2037 4258 2106 4300 eo
2169 4247 2405 4318 tegetur
2436 4239 2678 4300 humilis
2730 4242 3013 4315 Joannes,
3046 4243 3149 4303 sed
3185 4244 3313 4322 ejus
3347 4244 3534 4324 pretio
3583 4243 3679 4304 in-

2035 4328 2297 4391 duantur
2327 4348 2638 4410 pauperes.

2093 4418 2430 4481 XXV.Cuni
2454 4421 2713 4500 primum
2745 4420 2945 4500 itaque
2979 4421 3486 4491 illuxisset,miltit
3514 4440 3684 4502 oper-

2039 4507 2252 4568 torium
2279 4508 2340 4568 in
2367 4509 2564 4569 forum
2589 4509 3119 4572 venumdandum:
3155 4511 3312 4592 quod
3345 4530 3478 4573 cum
3505 4509 3682 4572 vidis-

303 4621 489 4676 μενος,
524 4603 668 4662 αὖθις
731 4602 1047 4680 μριάμενος,
1081 4602 1220 4661 οὗθις
1263 4602 1351 4656 καί
1379 4600 1660 4678 προσάγειο
1700 4601 1726 4654 6
1766 4598 1820 4654 δὲ
1877 4597 1941 4655 δέ.

2040 4605 2131 4658 εει
2162 4597 2212 4658 is
2239 4597 2341 4677 qui
2368 4598 2691 4672 obtulerat,
2721 4617 2928 4660 rursus
2960 4601 3105 4661 emit
3132 4611 3186 4660 et
3215 4601 3286 4663 ad
3321 4619 3453 4663 eum
3487 4602 3681 4663 aﬂ‘ert.

301 4711 464 4768 χεται
511 4690 632 4769 μὲν,
667 4693 796 4770 πρὸς
842 4688 1030 4757 δὲτὴν
1079 4690 1283 4767 ἀγορὰν
1333 4691 1422 4745 καὶ
1480 4688 1621 4752 αὖθις
1670 4687 1953 4764 ἐκπέμπει,

307 4774 401 4842 Ὠς
445 4777 500 4835 δὲ
535 4778 617 4844 δ’ἰς
663 4783 751 4854 καὶ
806 4779 1062 4845 πολλάκις
1113 4782 1267 4837 τοῦτο
1312 4783 1542 4856 γένοιτο,
1577 4780 1604 4834 6
1645 4779 1811 4857 μέγας
1853 4776 1956 4845 δη-

305 4868 400 4925 λοῖ
461 4876 537 4943 τῷ
585 4870 932 4947 προσάγοντι·
1000 4867 1251 4949 ’⁷18ωμεν,
1325 4871 1511 4939 εἰπὼν,
1571 4868 1649 4932 τίς
1706 4867 1958 4946 πρότερον

303 4959 664 5036 ἀπαγορεύσει
732 4966 836 5016 τῶν
905 4957 1018 5030 δύο,
1083 4959 1190 5038 ἐγὼ
1245 4959 1342 5034 μὲν
1387 4960 1550 5026 αὐτὴν
1616 4959 1954 5036 πιπράσκων,

302 5049 366 5104 σὺ
407 5045 464 5103 δὲ
507 5049 813 5122 ὠνούμενος
845 5050 932 5105 καὶ
977 5048 1310 5127 προσφέρων.
1353 5049 1451 5105 Καὶ
1495 5049 1595 5126 γὰρ
1633 5048 1698 5114 ἧν
1742 5051 1769 5104 6
1827 5048 1958 5124 ἀνὴρ

302 5143 409 5193 τῶν
453 5135 572 5194 λίαδ
620 5139 880 5216 εῢπόρων,
939 5139 998 5194 οὗ
1059 5139 1218 5217 χάριν
1273 5137 1516 5203 ἐπίτηδες
1575 5140 1600 5194 6
1647 5137 1814 5216 μέγας
1875 5139 1960 5193 καὶ

304 5225 741 5306 παρακερδαίνειν
823 5232 982 5286 αὐτοῦ
1050 5227 1328 5302 ἠϐούλετο,
1402 5225 1539 5282 ὥστε
1625 5229 1689 5284 τὰ
1759 5229 1959 5283 ἑκείνου

301 5317 433 5395 πρὸς
501 5319 622 5382 τοὺς
695 5317 930 5385 πένητας
991 5315 1308 5395 παραρρεῖν.
1375 5313 1573 5393 ’,Ελεγε
1633 5314 1686 5371 δὲ
1754 5318 1840 5372 καὶ
1907 5333 1956 5371 τι

302 5414 546 5467 τοιοῦτον
586 5409 686 5483 ὡς,
721 5408 786 5466 Εἴ
816 5429 896 5471 τις
930 5406 1035 5462 ἀπὸ
1079 5411 1186 5461 τῶν
1229 5404 1402 5484 ἁϐρῶν
1430 5408 1630 5461 τούτων
1672 5407 1760 5462 καὶ
1787 5403 1954 5462 πλου-

304 5495 432 5552 σίων
489 5495 697 5556 δύναιτο
767 5498 853 5555 καὶ
915 5495 1150 5573 μάλιστᾶ
1218 5499 1324 5552 τῶν
1395 5493 1724 5576 ἀπλάγχνων
1781 5494 1952 5575 τέχνῃ

2039 4685 2150 4748 Ille
2189 4697 2382 4748 autem
2428 4688 2649 4768 accipit
2678 4689 2948 4770 quidem,
2981 4709 3192 4751 rursus
3231 4711 3371 4752 vero
3407 4692 3582 4753 mittit
3610 4690 3683 4751 ad

2042 4776 2256 4838 lorum.
2291 4775 2434 4841 Cum
2470 4787 2669 4840 autem
2707 4778 2797 4840 bis
2830 4789 2886 4840 et
2915 4799 3073 4861 saepe
3102 4781 3217 4843 hoc
3247 4783 3466 4844 factum
3501 4789 3682 4855 esset,

2044 4885 2293 4946 magnus
2316 4867 2577 4931 Joannes
2599 4868 2899 4947 signiﬁcat
2929 4869 2980 4930 ei
3009 4869 3108 4950 qui
3134 4871 3447 4948 offerebat;
3478 4871 3689 4931 Videa-

2045 4975 2196 5030 mus,
2218 4957 2443 5033 dicens,
2471 4959 2604 5040 quis
2628 4977 2697 5021 ex
2721 4958 2899 5021 nobis
2926 4959 3089 5040 prius
3110 4960 3554 5040 defatigabitur,
3578 4979 3684 5037 ego

2043 5046 2283 5127 quidem
2318 5048 2512 5127 ipsum
2560 5049 2846 5120 vendens,
2885 5059 2942 5111 tu
2974 5059 3171 5111 autem
3204 5069 3414 5113 emeris
3444 5058 3503 5110 et
3529 5048 3683 5110 olfe-

2040 5155 2202 5199 rens:
2241 5143 2365 5198 erat
2409 5141 2565 5198 enim
2601 5138 2772 5200 valde
2805 5137 2992 5199 dives.
3051 5137 3449 5209 Quamobrem
3482 5137 3687 5200 dedita

2043 5244 2226 5306 opera
2249 5225 2483 5287 volebat
2506 5244 2753 5306 magnus
2769 5224 3034 5289 Joannes
3058 5245 3126 5288 ex
3150 5246 3220 5289 eo
3244 5226 3686 5303 lucrifacere,ut

2040 5315 2206 5377 illius
2231 5316 2384 5377 bona
2406 5316 2476 5378 ad
2515 5336 2811 5397 pauperes
2842 5317 3179 5381 eﬂluerent.
3214 5315 3458 5378 Dicebat
3485 5327 3680 5380 autem

2039 5406 2217 5470 etiam
2246 5406 2358 5468 tale
2378 5406 2542 5486 quid,
2565 5408 2719 5488 quod
2744 5412 2793 5467 si
2817 5406 2954 5487 quis
2983 5405 3055 5467 ab
3081 5405 3174 5467 his
3202 5406 3475 5469 delicatis
3505 5415 3564 5467 et
3587 5407 3684 5468 di-

2037 5495 2274 5570 vitibus,
2310 5505 2367 5558 ει
2416 5495 2674 5560 maxime
2706 5497 2779 5558 iis
2827 5496 2925 5576 qui
2956 5503 3093 5558 sunt
3148 5494 3682 5583 immisericordes,

391 5664 522 5748 (t5)
545 5662 862 5747 Harvetus,
892 5665 1193 5736 cilicium.
1225 5667 1438 5731 Graece
1468 5665 1706 5748 σισύραν,
1738 5665 2068 5750 stragulum
2101 5665 2492 5731 barbaricum
2525 5683 2559 5731 ε
2590 5666 2819 5732 villosis
2850 5663 3138 5751 pellibus.
