4098 6202
328 348 450 421 929

1338 360 1525 427 VITA
1573 361 1634 425 S.
1678 349 1999 424 JOANNIS
2048 354 2700 427 ELEEMOSYNARII.

3586 358 3705 431 930

332 494 523 564 πένητι
583 499 823 581 παρέσχε
853 502 979 565 τινί,
1038 507 1116 576 Τῇ
1153 498 1305 578 ἑτέρᾳ
1346 500 1624 575 τοιγαροῦν
1681 496 1973 576 πλάστιγγι

2062 498 2335 578 pauperi.
2384 497 2531 563 Cum
2563 499 2624 561 in
2654 499 2840 561 altera
2897 498 3097 580 itaque
3130 500 3301 562 lance
3333 520 3467 564 cum
3503 502 3703 583 impo-

332 592 522 644 τοῦτον
608 590 904 672 ένθέμενοι,
960 590 1213 671 ἰσοῤῥεπῆ
1297 588 1630 656 κατέστησαν
1696 590 1761 644 τὰ
1825 590 1975 665 ζυγὰ,

332 677 454 732 τότε
513 676 578 746 δὴ
613 686 686 754 τῷ
741 680 951 758 τελώνῃ
984 682 1142 760 φασὶν
1195 682 1242 737 0i
1285 677 1659 756 λευχείμονες.
1706 677 1982 735 Ἀπελθὼν

334 766 559 841 πρόσθες
616 767 702 826 ἐπὶ
732 775 810 843 τῷ
859 769 1002 848 ἄρτῳ
1030 771 1203 843 τούτῳ
1250 768 1335 824 καὶ
1368 766 1494 845 ἔργα
1530 788 1647 846 σου,
1681 768 1793 823 ἐπεὶ
1844 765 1981 842 μέλ-

333 853 514 914 λουσιν
548 856 635 925 οθς
678 859 803 931 ὁρᾷς
848 857 1076 935 μέλανες
1112 858 1226 916 οἵδε
1271 852 1708 935 παραλαμϐάνειν
1737 878 1818 919 σε,
1876 858 1979 913 Αὖ-

334 946 455 1002 τίκα
506 948 681 1004 τοίνυν
730 946 1037 1022 διαναστὰς,
1091 949 1180 1005 καὶ
1232 947 1366 1004 εἴσω
1410 952 1612 1025 φρενῶν
1665 946 1975 1023 γενόμενος,

334 1033 511 1103 ἀληθῆ
570 1038 637 1099 τὰ
684 1038 934 1095 θεαθέντα
993 1038 1223 1116 ἐπέγνω,
1284 1037 1535 1093 ’Άπαντα
1595 1034 1694 1113 γάρ
1765 1034 1863 1091 ὅσα
1919 1037 1983 1091 kx

335 1124 455 1182 νέου
510 1126 751 1207 δπῆρχεν
784 1131 928 1201 αὖτῷ
977 1126 1443 1205 διαπεπραγμένα,
1474 1126 1561 1181 καὶ
1590 1128 1666 1180 ὧν
1712 1127 1783 1191 είς
1810 1127 1980 1194 λήθην

335 1211 443 1281 ἤδη
504 1216 764 1292 κατέστη,
798 1218 922 1281 τοὺς
968 1218 1216 1280 Αἰθίοπας
1276 1216 1504 1280 ἐκείνους
1534 1213 1672 1293 ἑώρα
1731 1216 1988 1292 συνάγον-

333 1325 429 1369 τας
486 1302 640 1373 δῆθεν
692 1307 781 1363 καὶ
843 1312 909 1383 τῇ
954 1304 1247 1384 πλάστιγγι
1307 1304 1763 1383 ἐγκατατιθέντες.
1824 1303 1984 1362 Ὀθεν

334 1392 399 1462 δὴ
458 1397 544 1451 καὶ
602 1398 673 1458 εἷς
732 1394 985 1464 ἕκπλήξιν
1046 1394 1308 1459 πολλάκις
1363 1396 1479 1468 idm,
1527 1391 1729 1466 Βαϐαῖ,
1777 1392 1982 1471 ²ἔλεγεν,

334 1482 439 1551 ὅση
481 1486 580 1552 τῆς
609 1483 978 1561 ὲλεημοσύνης
1032 1487 1067 1553 ἡ
1110 1484 1331 1560 δύναμις
1367 1484 1381 1544 2
1434 1484 1489 1541 ΕΞ
1539 1484 1641 1561 γὰρ
1674 1483 1757 1547 εἶς
1798 1483 1979 1560 ἄρτος,

331 1578 421 1630 καὶ
480 1573 637 1639 αὐτὸς
695 1574 976 1655 ἔπιχόλως
1023 1575 1215 1641 πένηνι
1278 1574 1577 1655 προσριφεῖς
1635 1570 1831 1653 ’ίσχυσε
1888 1594 1986 1630 το·-

332 1669 545 1737 σοῦτον,
599 1666 782 1722 πόσων
827 1666 890 1720 ἂν
946 1664 1191 1732 δυνηθείη
1249 1670 1430 1721 κακῶν
1476 1665 1663 1722 ἑαυτὸν
1706 1660 1982 1719 ἀπολύσα-

330 1756 457 1819 σθας
522 1755 549 1810 δ
591 1750 788 1833 ἱλαρῶς
847 1755 912 1810 τὰ
968 1755 1095 1812 ὄντα
1164 1766 1283 1817 τοῖς
1356 1754 1549 1822 πένησι
1617 1752 1982 1832 προϊέμενοςί

331 1843 592 1901 Τοσοῦτον
677 1843 767 1900 οὖν
850 1844 1147 1924 φιλοτίμως

330 1933 418 1989 καὶ
471 1931 636 1998 οὕτως
684 1931 911 2012 ἀφειδῶς
972 1934 1144 1992 έκίνου
1187 1933 1392 2014 ἀμφοῖν
1436 1944 1556 1989 τοῖν
1589 1944 1804 2011 χεροῖν,
1833 1933 1907 1994 ὡς
1952 1934 1980 1988 ὁ

330 2021 518 2102 λόγος,
566 2022 640 2086 είς
689 2022 785 2085 τὰς
847 2030 955 2080 τῶν
1011 2025 1257 2093 πενήτων
1315 2022 1576 2102 γαστέρας
1634 2020 1862 2095 ἀντλῶν,
1907 2022 1981 2083 ὣς

330 2110 471 2185 μετά
517 2112 578 2167 τὸ
625 2111 800 2168 πάντα
844 2111 1123 2192 προέσθαι,
1158 2110 1297 2188 μηδὲ
1332 2111 1491 2169 αἰ»τοῦ
1540 2110 1815 2192 φείσασθαι
1868 2112 1981 2167 σώο

329 2220 524 2280 ματος,
558 2198 697 2260 ἀλλά
745 2203 834 2259 καὶ
881 2202 1054 2277 τούτῳ
1116 2201 1348 2267 πένητας
1406 2202 1593 2277 θρέψαι
1651 2198 1982 2275 ἀποδόμενον

327 2288 427 2357 τὴν
481 2289 806 2369 ὶλευθερίαν,
840 2293 915 2355 ὡς
972 2289 1095 2367 μετ’
1153 2290 1330 2372 ὀλίγον
1388 2294 1676 2370 φανότερον
1731 2292 1758 2347 ὁ
1820 2288 1977 2369 λόγος

328 2376 582 2445 δηλώσει.

414 2466 552 2531 ΑΠ’.
606 2471 856 2548 Προϊόντι
887 2470 987 2549 γὰρ
1032 2470 1175 2543 αύτῴ
1224 2469 1308 2526 ἐπὶ
1357 2472 1419 2525 τὸ
1454 2468 1741 2526 τελωνεῐον
1783 2470 1977 2537 ναύτης

330 2559 605 2627 ὑπήντησε
634 2558 697 2616 ἐκ
740 2559 991 2637 ναυαγίου
1042 2560 1262 2639 γυμνὸς,
1298 2559 1459 2637 όνπερ
1503 2558 1566 2625 δὴ
1620 2559 1968 2635 θεασάμενος,

328 2649 392 2705 τὸ
420 2647 631 2721 ἱμύτιον
684 2650 832 2711 εύθὺς
864 2646 1060 2711 ἀποδὺς
1111 2646 1272 2727 ἀϐρόν
1316 2672 1365 2707 τι
1419 2650 1506 2703 καὶ
1538 2646 1833 2723 πολύτιμον
1889 2649 1974 2723 ὃν,

330 2739 475 2811 αὐτῷ
532 2734 730 2817 δίδωσι,
768 2736 941 2795 πολλὰ
998 2736 1200 2805 δεηθεὶς
1246 2736 1331 2794 διὰ
1387 2738 1586 2801 παντὸς
1630 2739 1757 2794 αύτὸ
1817 2758 1977 2817 περι-

330 2823 605 2890 ϐαλέσθαι,
668 2812 732 2885 ”0
778 2825 856 2902 δὲ,
890 2827 1046 2886 τοῦτο
1104 2828 1205 2902 μὲν
1258 2829 1509 2906 ερυθριῶν
1572 2812 1979 2905 μεγαλοπρεπεῖ

334 2918 571 2994 χρῆσθαι
628 2921 873 2991 τοιούτῳ,
912 2914 1149 2975 τοῦτοδὲ
1208 2919 1459 2996 καὶπρὸς
1518 2917 1582 2973 τὰ
1615 2914 1751 2975 ἄλλα
1810 2918 1976 2973 πενό-

337 3024 521 3085 μενος,
554 3006 629 3069 sic
681 3007 781 3075 τὴν
828 3006 1029 3086 ἠγοράν
1083 3007 1256 3074 τίθησι
1302 3004 1820 3083 διαπραθησόμενον,
1887 2999 1977 3072 Ὠς

328 3091 384 3149 δέ
456 3093 802 3175 ὑποστρέφων
872 3098 900 3151 ὁ
960 3094 1194 3163 τελώνης
1264 3093 1371 3154 ἴδοι
1443 3094 1801 3173 κρεμάμενον,
1858 3094 1977 3168 ἀνίᾳ

327 3295 415 3335 νος
476 3272 559 3329 ὅτι
620 3272 701 3350 μὴ
759 3271 999 3354 ἑξεγέντο
1068 3273 1213 3348 αὒτῷ
1276 3275 1486 3331 κεῖσθαί
1541 3294 1592 3331 τι
1650 3280 1729 3347 τῷ
1782 3273 1973 3341 πένητι

323 3360 452 3441 παρ’
524 3364 685 3419 αὐτοῦ
750 3362 1119 3440 έλεημοσύνης
1187 3364 1509 3439 ὑπόμνημα,
1557 3362 1734 3420 Ταῦτα
1804 3365 1974 3420 τοίνυν

325 3450 661 3530 λογιζομένῳ
732 3451 895 3516 ὕπνος
954 3452 1139 3529 ὶπῄειο
1195 3452 1471 3532 ἐφίσταται
1540 3450 1593 3508 δὲ
1638 3456 1783 3525 αὐτῷ
1851 3450 1975 3529 ὄναρ

326 3538 555 3607 εῧοπτός
596 3563 679 3607 τις
711 3543 846 3621 ἀνῆρ
877 3541 1031 3610 ἡλίου
1076 3546 1177 3611 τὴν
1205 3542 1371 3621 ὥρρον
1415 3541 1755 3621 φαιδρότερος
1809 3562 1973 3601 σταυ-

323 3632 417 3704 ρὸν
465 3632 563 3706 μὶν
596 3630 683 3689 ἐπὶ
726 3630 822 3700 τῆς
880 3629 1121 3712 κεφαλῆς
1179 3631 1348 3712 ἔχων,
1382 3634 1445 3687 τὸ
1494 3630 1547 3687 δὲ
1578 3631 1789 3705 ἱμάτιον
1844 3629 1976 3708 ὅπερ

323 3720 484 3784 αὐτὸς
566 3726 645 3795 τῷ
712 3721 877 3798 ναύτῃ
951 3720 1287 3803 παρέσχετο,
1360 3718 1840 3797 περιϐεϐλημένος,
1914 3720 1972 3783 ὃς

321 3806 556 3877 πλησίον
629 3810 945 3889 γενόμενος’
1010 3812 1073 3869 Τί
1146 3809 1305 3886 δῆτα,
1368 3808 1485 3890 φίλε
1557 3810 1721 3889 Πέτρε
1794 3808 1974 3890 (τῄοῦτο

319 3899 425 3978 γὰρ
480 3899 547 3967 ἦν
579 3882 769 3975 ὄνομα-
793 3900 871 3975 τῷ
928 3898 1191 3979 τελώνῃ),
1222 3882 1400 3965 ἀλύεις
1457 3900 1540 3956 καὶ
1568 3882 1724 3971 acui;
1756 3919 1772 3971 ;
1802 3882 1813 3888 ’
1835 3882 1888 3957 ’δ
1918 3896 1972 3953 δὲ

319 3986 511 4068 ὥσπερ
541 3990 697 4067 γνοὺς
725 3988 872 4054 ὅστις
916 3987 1010 4056 εἴη
1055 3992 1084 4046 ὁ
1134 3989 1659 4068 προσφθεγγόμενος⁶
1720 3985 1970 4067 Ἐπειδὴ,

317 4076 449 4159 ἔφη,
482 4074 735 4156 δέσποτα,
764 4081 840 4134 ὧν
895 4080 1050 4146 αὐτὸς
1092 4077 1362 4145 πλουσίως
1417 4081 1554 4155 ἡμῖν
1612 4076 1966 4157 ἐμπαρέχεις,

316 4165 585 4233 πολλάκις
641 4169 751 4225 τισὶ
791 4169 1169 4232 κοινωνοῦντες
1211 4170 1313 4250 οὐχ
1372 4171 1579 4245 ὁρῶμεν
1630 4166 1811 4234 καλῶς
1869 4168 1969 4226 αὒ-

317 4259 443 4323 τοὺς
518 4270 636 4325 τοῖς
712 4256 912 4317 δοθεῖσι
982 4258 1297 4340 χρωμένους
1367 4256 1434 4315 δι’
1506 4256 1964 4339 αἰσχροκέρδειαν,

320 4346 484 4405 Οὔπω
538 4349 630 4405 τὸν
661 4347 826 4427 λόγον
876 4348 1082 4415 ἐκεῖνος
1117 4348 1378 4429 έπλήρου,
1408 4349 1497 4405 καὶ
1525 4351 1555 4406 ὁ
1595 4348 1775 4428 φανεὶς
1829 4349 1968 4406 ὑπο·

318 4436 572 4495 δεικνύων
634 4440 780 4514 αὐτῷ
864 4440 927 4495 τὰ
981 4440 1219 4516 ἱμάτιονθ
1283 4436 1689 4518 Ἐπιγινώσκεις
1754 4440 1962 4512 τοῦτος

321 4527 504 4608 φησίς
565 4531 670 4587 ἰ’ὸῦ
726 4525 783 4585 δὶ
852 4527 1234 4607 καταθεμένου,
1295 4526 1455 4585 πάλιν
1512 4526 1743 4594 ἐκεῖνος·
1807 4526 1964 4603 Ἰδοὺ,

2065 588 2348 662 suissent,
2384 588 2656 650 fecerunt
2700 588 2980 650 trutinam
3014 608 3084 652 ex
3140 597 3386 672 utraque
3419 605 3583 671 parte
3634 612 3705 655 ex

2066 694 2235 758 {equo
2269 678 2771 759 propendentem.
2805 681 2972 741 Tunc
3006 679 3090 740 illi
3148 679 3466 760 publicano
3495 680 3707 745 dicunt

2065 767 2174 827 viri
2206 767 2511 830 candidati
2544 790 2557 829 :
2584 768 2897 831 Recedens
2925 768 3080 830 adde
3104 769 3243 831 huic
3274 775 3431 851 pani,
3468 779 3526 833 et
3556 791 3705 853 ope-

2064 856 2391 921 rare.Nam
2425 858 2535 930 illi,
2568 878 2717 939 quos
2738 859 2905 921 vides
2937 859 3261 937 ni,ri,sunt
3285 868 3343 922 te
3371 864 3705 942 accepturi.

2066 945 2210 1010 Cum
2244 948 2443 1011 statim
2477 947 2679 1029 itaque
2713 956 3100 1031 experrectus
3131 957 3379 1021 esset,et
3406 950 3478 1012 ad
3514 970 3582 1013 se
3602 969 3705 1013 re-

2065 1036 2296 1109 diisset,
2328 1038 2571 1118 agnovit
2608 1057 2744 1100 vera
2773 1056 2930 1113 esse,
2959 1055 3089 1117 qua;
3121 1038 3240 1098 visa
3268 1038 3523 1103 fuerant.
3558 1038 3705 1103 Nam

2065 1146 2439 1210 quaecunque
2468 1128 2542 1190 ab
2574 1127 2822 1190 ineunte
2853 1136 3021 1190 atate
3059 1127 3133 1188 ab
3165 1146 3234 1188 eo
3265 1128 3415 1191 facta
3446 1129 3705 1215 fuerant,

2069 1226 2127 1278 et
2161 1235 2415 1297 quorum
2443 1219 2566 1298 jam
2600 1227 2727 1281 erat
2767 1218 3006 1298 oblitus,
3045 1216 3282 1278 videbat
3311 1217 3445 1281 illos
3478 1219 3709 1283 Ethio-

2068 1324 2175 1387 pes
2212 1308 2420 1389 utique
2477 1316 2931 1388 congregantes,
2970 1316 3030 1369 et
3088 1306 3148 1368 in
3210 1307 3443 1370 lancem
3502 1310 3706 1392 impo-

2068 1406 2304 1461 nentes.
2357 1397 2760 1471 Quamobrem
2793 1416 2952 1479 saepe
2990 1396 3455 1478 obstupefactus,
3491 1397 3702 1482 Papae!

2070 1486 2330 1560 dicebat,
2364 1498 2583 1577 quanta
2634 1498 2725 1552 est
2758 1488 2949 1577 virtus
2996 1488 3412 1577 eleemosynae.
3446 1487 3507 1577 Si
3543 1493 3704 1554 enim

2070 1585 2224 1629 unus
2274 1568 2466 1648 panis,
2499 1568 2671 1651 isque
2716 1587 2824 1651 per
2880 1569 3028 1631 iram
3085 1568 3331 1650 pauperi
3377 1573 3701 1650 projectus,

2069 1664 2295 1719 tantum
2327 1659 2541 1739 potuit,
2570 1678 2604 1720 a
2635 1678 2809 1741 quam
2846 1658 3024 1721 mulis
3075 1658 3251 1720 malis
3281 1677 3347 1722 se
3378 1659 3597 1740 poterit
3627 1661 3707 1724 li-

2068 1744 2307 1822 berare,
2341 1751 2438 1829 qui
2491 1748 2767 1811 hilariter
2796 1747 2969 1810 bonis
3016 1750 3140 1810 suis
3171 1749 3511 1829 impertitur
3561 1770 3707 1833 pau-

1251 1842 1594 1920 ελεημοσύσῃ
1677 1841 1976 1922 έχρήσατο,

2068 1854 2246 1918 peres
2269 1844 2297 1900 ?
2325 1837 2495 1901 Adeo
2527 1857 2670 1918 ergo
2705 1837 2987 1900 munifice
3016 1857 3160 1900 usus
3190 1846 3281 1900 est
3308 1839 3709 1924 eleemosyna,

2065 1934 2182 1988 tam
2234 1925 2475 1990 abunde
2503 1927 2820 2003 ambabus,
2855 1937 2917 1990 ut
2962 1926 3081 1990 dici
3112 1926 3284 2003 solet,
3319 1928 3527 1992 effudit
3578 1953 3713 1997 ma-

2063 2016 2264 2093 nibus,
2300 2018 2361 2079 in
2390 2028 2632 2081 ventres
2678 2036 3004 2099 pauperum
3041 2016 3385 2093 infundens,
3418 2027 3484 2080 ut
3542 2032 3714 2103 post-

2064 2125 2239 2185 quam
2285 2108 2489 2169 omnia
2522 2106 2910 2189 profudisset,
2947 2125 3026 2170 ne
3058 2125 3167 2169 suo
3220 2107 3464 2187 quidem
3498 2130 3713 2191 parce-

2064 2205 2155 2257 ret
2194 2197 2456 2278 corpori,
2519 2196 2623 2259 sed
2681 2215 2751 2258 eo
2823 2215 3061 2279 quoque
3132 2197 3317 2260 aleret
3393 2218 3709 2283 pauperes,

2063 2286 2303 2349 vendita
2351 2286 2635 2349 libertate
2668 2306 2684 2362 ;
2719 2292 2783 2347 ut
2815 2286 2989 2366 paulo
3022 2294 3152 2366 post
3183 2285 3398 2349 clarius
3432 2294 3713 2357 ostende-

2065 2393 2220 2438 mus.

2145 2464 2459 2530 XXXVIII.
2504 2464 2567 2527 Ei
2604 2471 2765 2528 enim
2802 2466 2968 2528 eunti
3021 2466 3077 2527 in
3113 2466 3424 2543 telonium,
3454 2472 3717 2535 occurrit

2064 2564 2244 2618 nauta
2277 2555 2473 2618 nudus
2499 2574 2568 2618 ex
2601 2555 2909 2635 naufragio
2938 2576 2951 2618 :
2987 2574 3167 2633 quem
3201 2555 3441 2636 quidem
3473 2577 3608 2622 cum
3634 2563 3715 2624 vi-

2062 2646 2273 2721 disset,
2312 2654 2471 2708 veste
2500 2646 2699 2707 statim
2725 2664 2792 2708 se
2815 2664 3065 2719 exuens,
3093 2662 3225 2726 quae
3248 2657 3375 2708 erat
3406 2648 3625 2712 delicta
3655 2662 3715 2713 et

2059 2745 2434 2817 sumptuosa,
2464 2736 2519 2796 ei
2552 2737 2755 2809 donat,
2785 2735 3037 2799 multum
3066 2744 3360 2816 precatus,
3387 2746 3450 2799 ut
3480 2757 3550 2803 ea
3582 2760 3710 2821 per-

2063 2834 2237 2904 petuo
2266 2826 2640 2887 indueretur.
2677 2824 2787 2888 Ille
2818 2835 3017 2889 autem
3052 2825 3267 2906 partim
3300 2826 3539 2908 quidem
3573 2848 3707 2894 eru-

2060 2911 2319 2976 bescens
2348 2913 2429 2974 uti
2479 2921 2639 2975 veste
2673 2914 3011 2993 magniﬁca,
3039 2914 3250 2994 partim
3285 2934 3426 2978 vero
3455 2918 3706 2984 aliarum

2057 3019 2288 3076 quoque
2306 3006 2837 3076 rerum,egenus,in
2860 3006 2981 3061 foro
3005 3004 3241 3075 exponit
3263 3012 3328 3062 ut
3345 3009 3708 3071 venderotur.

2057 3090 2206 3150 Cum
2238 3100 2440 3151 autem
2483 3098 2791 3151 revertens
2822 3088 3179 3169 publicanus
3226 3108 3355 3151 eam
3389 3091 3534 3153 vidit
3564 3114 3707 3175 pen-

336 3182 637 3277 συνεσχέθη
670 3182 893 3277 Δπολλῇ,
939 3184 1330 3264 σκυθρωπάζων
1384 3205 1442 3241 τε
1485 3184 1553 3250 ἡν
1594 3181 1973 3263 διαλογιζόμε-

2062 3178 2327 3252 dentem,
2361 3196 2577 3277 magno
2603 3178 2709 3239 fuit
2734 3180 2983 3277 affectus
3015 3178 3315 3277 dolor.e,et
3336 3188 3462 3241 erat
3493 3182 3700 3262 tristis,

2060 3275 2347 3349 reputans
2375 3268 2532 3348 quod
2559 3286 2679 3329 non
2704 3267 2760 3329 ei
2785 3267 3058 3330 licuisset
3088 3268 3436 3349 relinquere
3460 3278 3704 3354 pauperi

2056 3356 2301 3435 aliquod
2325 3356 2765 3420 monimentum
2788 3374 2911 3419 suae
2944 3356 3537 3424 misericordiamliaec
3569 3383 3704 3427 cum

2058 3453 2370 3527 cogitaret,
2407 3446 2463 3507 ei
2492 3446 2731 3527 obrepit
2758 3466 3030 3510 somnus.
3067 3446 3129 3509 In
3156 3451 3386 3509 somnis
3408 3459 3604 3515 autem
3629 3456 3703 3517 ad

2057 3555 2196 3598 eum
2234 3535 2469 3598 accedit
2495 3538 2585 3599 vir
2618 3538 2864 3617 quidam
2910 3537 3154 3619 insigni,
3187 3539 3313 3600 sole
3340 3539 3543 3613 specie
3572 3542 3701 3607 ala-

2059 3627 2238 3699 crior,
2276 3643 2515 3687 crucem
2547 3627 2799 3707 quidem
2834 3626 3062 3689 habens
3092 3628 3153 3688 in
3204 3628 3423 3707 capite,
3460 3628 3705 3697 indutus

2057 3725 2257 3779 autem
2291 3721 2478 3789 veste,
2516 3733 2696 3796 quam
2727 3716 2856 3795 ipse
2888 3716 3141 3779 dederat
3164 3724 3382 3778 nautae.
3419 3717 3529 3791 Qui
3562 3741 3700 3787 cum

2058 3823 2243 3886 prope
2258 3806 2763 3868 accessisset20ur
2782 3806 3180 3887 inquit,cbare
3203 3807 3520 3885 Petre(hoc
3538 3812 3697 3875 enim

2056 3904 2184 3958 erat
2208 3912 2424 3959 nomen
2458 3894 2833 3976 publicano),
2862 3897 3103 3974 angeris
3124 3904 3184 3957 et
3224 3896 3563 3958 cruciaris?
3593 3901 3699 3964 Ille

2053 3994 2248 4048 autem
2275 3985 2526 4066 perinde
2546 4004 2614 4047 ac
2638 3987 2687 4047 si
2723 3994 2948 4060 nosset,
2974 3985 3249 4067 quisnam
3286 3999 3442 4047 esset
3475 3991 3573 4069 qui
3608 3991 3701 4053 lo-

2053 4074 2370 4158 quebatur:
2395 4075 2715 4151 Quoniam,
2736 4075 2946 4157 inquit,
2972 4075 3247 4149 Domine,
3282 4095 3413 4159 quae
3437 4086 3498 4139 tu
3524 4081 3698 4145 nobis

2050 4164 2292 4229 abunde
2324 4164 2579 4245 praebes,
2614 4184 2683 4228 ea
2726 4166 3035 4229 nonnullis
3062 4185 3220 4248 saepe
3248 4165 3691 4249 impertientes,

2049 4275 2170 4319 non
2200 4255 2475 4318 videmus
2498 4273 2603 4318 eos
2625 4263 2789 4320 recte
2814 4257 2899 4319 uti
2922 4257 2998 4320 iis
3024 4276 3160 4333 quae
3180 4255 3314 4319 data
3337 4268 3694 4341 sunt,prop-

2052 4356 2144 4409 ter
2193 4354 2367 4428 turpe
2402 4346 2658 4410 lucrum.
2704 4346 2811 4409 Ille
2843 4346 3107 4409 nondum
3146 4347 3424 4427 implerat
3465 4351 3693 4413 oratio-

2050 4444 2281 4510 nem,et
2307 4436 2406 4517 qui
2429 4445 2791 4517 apparuerat
2813 4436 3140 4499 ostendens
3163 4441 3215 4497 ei
3240 4440 3698 4519 vestemzAgno-

2050 4526 2250 4589 scisne
2281 4525 2467 4589 hanc?
2492 4525 2713 4603 inquit.
2740 4525 2886 4588 Cum
2914 4526 2964 4589 is
2979 4536 3181 4590 autem
3209 4525 3695 4606 affirmasset,ille

320 4602 502 4683 ίξότου
558 4640 653 4694 μοι
713 4619 803 4675 καὶ
844 4602 1117 4699 παρέσχες
1175 4602 1326 4692 αύτδ,
1383 4617 1466 4674 διὰ
1524 4620 1721 4685 παντὸς
1777 4602 1965 4675 ἑνδιδύὲ

2062 4635 2261 4678 rursus
2298 4637 2311 4674 :
2361 4613 2538 4697 Ecce,
2574 4602 2793 4697 inquit,
2825 4636 2893 4680 ex
2936 4634 3051 4697 quo
3084 4624 3141 4678 tu
3176 4616 3323 4678 mihi
3375 4636 3505 4681 eam
3540 4602 3694 4704 pra-

321 4727 544 4784 σκομαι.

2062 4705 2254 4780 buisti,
2290 4724 2360 4766 ea
2394 4714 2709 4786 perpetuo.

404 4786 535 4861 AO'.
568 4796 719 4856 Ἐπεὶ
761 4797 816 4854 δέ
859 4799 947 4855 καὶ
986 4800 1015 4855 δ
1059 4796 1219 4861 ὄπνος
1260 4797 1457 4865 ἀνῆκεν
1497 4798 1677 4872 αὐτὸν,
1706 4800 1791 4854 επὶ
1846 4807 1966 4857 νοῦν

2130 4792 2395 4858 XXXIX.
2427 4794 2746 4876 Postquam
2779 4803 2975 4858 autem
3007 4814 3141 4858 eum
3174 4795 3691 4881 dimisitsomnus,

322 4885 514 4963 έλθὼν,
547 4886 855 4966 Εύλοτητδς
895 4886 1109 4964 Κύριος,
1156 4886 1364 4967 ἔλεγεν,
1394 4890 1439 4945 εἰ
1475 4891 1562 4945 καὶ
1603 4889 1827 4967 Χριστὸς
1877 4888 1963 4951 εἷς

2062 4888 2176 4948 haec
2211 4892 2412 4947 mente
2444 4886 2695 4962 agitans.
2732 4883 3097 4953 Benedictus
3131 4886 3439 4961 Dominus,
3468 4892 3689 4958 aiebat:

320 4975 468 5033 εἶναι
497 4982 605 5033 τῶν
636 4975 826 5034 ένδεῶν
866 4977 1133 5057 φαίνεται,
1169 4976 1264 5033 οὒκ
1308 4978 1496 5048 ἀνήσω
1541 4976 1734 5057 μέχρις
1763 4976 1825 5034 ἂν
1868 4980 1964 5034 καί

2062 4975 2097 5038 si
2125 4974 2396 5040 Christus
2428 4974 2667 5037 videtur
2688 4993 2822 5038 esse
2842 4994 2998 5037 unus
3019 4994 3089 5039 ex
3118 4976 3546 5057 indigentibus.
3570 5001 3691 5044 nou

318 5066 479 5130 αὒτδς
512 5069 595 5133 εἷς
621 5064 787 5123 τῶνδε
818 5072 926 5124 τῶν
970 5064 1277 5146 έλαχιστων
1307 5067 1579 5147 γένωμαι,
1624 5071 1966 5147 Παραχρῆμα

2062 5062 2561 5139 iesistam,donec
2584 5063 2715 5145 ipse
2738 5082 2979 5146 quoque
3004 5064 3112 5127 sim
3140 5084 3293 5127 unus
3313 5086 3381 5128 ex
3404 5066 3479 5129 iis
3510 5069 3693 5131 mini-

316 5156 493 5215 τοίνυν
543 5157 636 5213 τὸν
667 5154 962 5242 έπίτροπον
1020 5161 1121 5223 τῆς
1159 5155 1325 5221 οἰκίας
1382 5157 1439 5221 ὃς
1470 5156 1535 5224 ἧν
1593 5154 1966 5235 ἀργυρώνητος

2062 5155 2186 5217 mis.
2222 5152 2431 5216 Statim
2461 5171 2605 5233 ergo
2634 5163 3270 5242 vocatoiprocuratore
3317 5155 3555 5236 domus,
3588 5159 3694 5242 qui

319 5246 465 5321 αὖτῳ
520 5244 775 5327 καλέσας,
800 5235 805 5236 ί
828 5235 1002 5327 "Exeo
1058 5245 1144 5304 σοί
1177 5265 1252 5322 τι,
1299 5244 1429 5327 ἴφη,
1487 5251 1595 5302 τῶν
1650 5243 1967 5323 ἀπορρήτων

2062 5244 2242 5306 fuerat
2264 5242 2338 5304 ab
2371 5244 2500 5322 ipso
2531 5250 2773 5324 emptus
2803 5263 2819 5304 :
2854 5241 3029 5319 Volo,
3060 5242 3273 5325 inquit,
3304 5242 3410 5305 tibi
3438 5235 3693 5311 credere

320 5342 619 5414 πιστεῦσαι,
654 5336 785 5415 ὅπερ
845 5338 890 5393 εί
950 5335 1171 5416 ἶκφορον
1232 5335 1404 5416 θείης,
1445 5335 1481 5404 ἢ
1539 5336 1617 5411 μὴ
1674 5334 1875 5415 ἐργάσῃ
1938 5335 1966 5390 ὅ

2062 5333 2348 5416 quoddam
2380 5350 2691 5409 arcanum,
2724 5333 2880 5414 quod
2912 5332 2963 5393 si
2996 5333 3424 5411 enuntiaveris,
3456 5346 3555 5397 aut
3578 5338 3691 5401 nisi

320 5424 409 5483 ἀπ’
468 5425 611 5500 αύτῷ
638 5425 925 5504 βούλομαι,
959 5428 1166 5506 μακρὰν
1210 5424 1308 5503 ἔσῃ
1359 5433 1453 5483 τοῦ
1495 5428 1625 5499 εμοῦ
1653 5424 1961 5503 προσώπου,

2062 5424 2323 5487 affectum
2354 5420 2713 5492 reddideris.
2748 5421 2907 5504 quod
2938 5420 3095 5493 volo,
3133 5424 3338 5503 procul
3378 5424 3627 5489 recedes
3658 5447 3693 5490 a

320 5517 407 5573 καὶ
466 5516 540 5580 εἷς
569 5514 832 5597 βάρϐαρον
892 5516 1333 5593 ἀπεμποληθήσῃ
1365 5515 1490 5593 γῆν.
1552 5521 1719 5573 Ταῦτα
1772 5516 1961 5595 εἰπὼν,

2062 5532 2181 5575 rneo
2233 5520 2579 5590 conspectu,
2616 5520 2675 5573 et
2725 5510 3004 5573 venderis
3033 5512 3091 5573 in
3138 5510 3389 5574 barbara
3416 5515 3687 5593 regione.

320 5602 448 5662 δέκα
502 5615 596 5664 τοῦ
641 5608 862 5686 χρυσίου
919 5605 1098 5686 λίτρας
1140 5606 1286 5666 acra.
1343 5604 1632 5687 ιγχειρίζει
1674 5603 1758 5661 ἰπὶ
1814 5626 1958 5681 πρα-

2062 5602 2181 5665 Haec
2200 5620 2335 5664 cum
2362 5601 2638 5677 dixisset,
2660 5601 2869 5665 decem
2897 5600 3078 5663 libras
3098 5608 3225 5665 auri
3254 5603 3311 5688 ei
3329 5603 3533 5679 tradit,
3556 5625 3690 5688 qua:

319 5694 551 5776 γματείᾳ
781 5683 1352 5777 καταϐληθν,σομένας⁶
1397 5683 1545 5776 diu,
1577 5699 1657 5773 τῇ
1700 5715 1957 5775 πραγμα-

2062 5700 2214 5757 :rant
2242 5691 2296 5755 ei
2334 5689 2635 5756 solvenda
2654 5688 2733 5754 ob
2762 5690 3250 5773 negotiationem.
3280 5683 3510 5756 Deinde
3540 5683 3686 5764 {Me
