  <div class='ocr_page' id='page_1' title='image "/cluster/home/n/w/nwhite01/storage/ocr_20150623/114/hvd.32044073502254/471.png"; bbox 0 0 4098 6202; ppageno 0'>
   <div class='ocr_carea' id='block_1_1' title="bbox 449 253 2530 345">
    <p class='ocr_par' dir='ltr' id='par_1_1' title="bbox 449 253 2530 345">
     <span class='ocr_line' id='line_1_1' title="bbox 449 253 2530 345; baseline -0.002 -1"><span class='ocrx_word' id='word_1_1' title='bbox 449 275 557 345; x_wconf 81' lang='lat'><strong>931</strong></span> <span class='ocrx_word' id='word_1_2' title='bbox 1552 253 1554 256; x_wconf 74' lang='grc'><em>’</em></span> <span class='ocrx_word' id='word_1_3' title='bbox 1741 273 2026 341; x_wconf 86' lang='lat' dir='ltr'><strong>MENSIS</strong></span> <span class='ocrx_word' id='word_1_4' title='bbox 2069 273 2530 340; x_wconf 82' lang='lat' dir='ltr'><strong>JANUARIUS.</strong></span> 
     </span>
    </p>
   </div>
   <div class='ocr_carea' id='block_1_2' title="bbox 3695 266 3815 338">
    <p class='ocr_par' dir='ltr' id='par_1_2' title="bbox 3695 266 3815 338">
     <span class='ocr_line' id='line_1_2' title="bbox 3695 266 3815 338; baseline -0.008 0"><span class='ocrx_word' id='word_1_5' title='bbox 3695 266 3815 338; x_wconf 79' lang='lat'><strong>932</strong></span> 
     </span>
    </p>
   </div>
   <div class='ocr_carea' id='block_1_3' title="bbox 455 407 2135 497">
    <p class='ocr_par' dir='ltr' id='par_1_3' title="bbox 455 407 2135 497">
     <span class='ocr_line' id='line_1_3' title="bbox 455 407 2135 497; baseline -0.006 -20"><span class='ocrx_word' id='word_1_6' title='bbox 455 433 713 496; x_wconf 89' lang='lat' dir='ltr'><strong>quoque,</strong></span> <span class='ocrx_word' id='word_1_7' title='bbox 767 407 982 497; x_wconf 77' lang='lat' dir='ltr'><strong>inquit,</strong></span> <span class='ocrx_word' id='word_1_8' title='bbox 1015 431 1259 478; x_wconf 82' lang='lat' dir='ltr'><strong>assume</strong></span> <span class='ocrx_word' id='word_1_9' title='bbox 1307 410 1378 476; x_wconf 89' lang='lat' dir='ltr'><strong>ad</strong></span> <span class='ocrx_word' id='word_1_10' title='bbox 1429 415 1584 475; x_wconf 89' lang='lat' dir='ltr'><strong>banc</strong></span> <span class='ocrx_word' id='word_1_11' title='bbox 1635 413 2135 491; x_wconf 67' lang='lat' dir='ltr'><strong>negotiationemi</strong></span> 
     </span>
    </p>
   </div>
   <div class='ocr_carea' id='block_1_4' title="bbox 2221 407 3814 497">
    <p class='ocr_par' dir='ltr' id='par_1_4' title="bbox 2221 407 3814 490">
     <span class='ocr_line' id='line_1_4' title="bbox 2221 407 3814 490; baseline 0.001 -26"><span class='ocrx_word' id='word_1_12' title='bbox 2221 414 2319 484; x_wconf 79' lang='grc' dir='ltr'>είᾳ,</span> <span class='ocrx_word' id='word_1_13' title='bbox 2357 413 2510 490; x_wconf 71' lang='grc' dir='ltr'>φησὶ,</span> <span class='ocrx_word' id='word_1_14' title='bbox 2544 410 2682 486; x_wconf 78' lang='grc' dir='ltr'>κάμὲ</span> <span class='ocrx_word' id='word_1_15' title='bbox 2729 408 3160 489; x_wconf 78' lang='grc' dir='ltr'>συμπαραλαϐὼν</span> <span class='ocrx_word' id='word_1_16' title='bbox 3193 409 3371 489; x_wconf 80' lang='grc' dir='ltr'>(τοῦτο</span> <span class='ocrx_word' id='word_1_17' title='bbox 3413 409 3604 487; x_wconf 75' lang='grc' dir='ltr'>γὰρτὸ</span> <span class='ocrx_word' id='word_1_18' title='bbox 3648 407 3814 485; x_wconf 77' lang='grc' dir='ltr'>ἆπόῤ-</span> 
     </span>
    </p>
   </div>
   <div class='ocr_carea' id='block_1_5' title="bbox 452 500 2101 585">
    <p class='ocr_par' dir='ltr' id='par_1_5' title="bbox 452 500 2101 585">
     <span class='ocr_line' id='line_1_5' title="bbox 452 500 2101 585; baseline -0.004 -19"><span class='ocrx_word' id='word_1_19' title='bbox 452 503 592 585; x_wconf 86' lang='lat' dir='ltr'><strong>(hoc</strong></span> <span class='ocrx_word' id='word_1_20' title='bbox 635 515 723 567; x_wconf 90' lang='lat' dir='ltr'><strong>est</strong></span> <span class='ocrx_word' id='word_1_21' title='bbox 755 507 911 567; x_wconf 88' lang='lat' dir='ltr'><strong>enim</strong></span> <span class='ocrx_word' id='word_1_22' title='bbox 939 504 1248 584; x_wconf 88' lang='lat' dir='ltr'><strong>arcanum)</strong></span> <span class='ocrx_word' id='word_1_23' title='bbox 1279 513 1337 563; x_wconf 89' lang='lat' dir='ltr'><strong>et</strong></span> <span class='ocrx_word' id='word_1_24' title='bbox 1377 522 1511 564; x_wconf 92' lang='lat' dir='ltr'><strong>cum</strong></span> <span class='ocrx_word' id='word_1_25' title='bbox 1547 520 1643 564; x_wconf 91' lang='lat' dir='ltr'><strong>me</strong></span> <span class='ocrx_word' id='word_1_26' title='bbox 1675 501 1998 563; x_wconf 82' lang='lat' dir='ltr'><strong>abduxeris</strong></span> <span class='ocrx_word' id='word_1_27' title='bbox 2029 500 2101 561; x_wconf 89' lang='lat' dir='ltr'><strong>ad</strong></span> 
     </span>
    </p>
   </div>
   <div class='ocr_carea' id='block_1_6' title="bbox 459 589 2103 676">
    <p class='ocr_par' dir='ltr' id='par_1_6' title="bbox 459 589 2103 676">
     <span class='ocr_line' id='line_1_6' title="bbox 459 589 2103 676; baseline -0.004 -19"><span class='ocrx_word' id='word_1_28' title='bbox 459 605 657 676; x_wconf 90' lang='lat' dir='ltr'><strong>partes</strong></span> <span class='ocrx_word' id='word_1_29' title='bbox 702 606 923 655; x_wconf 72' lang='lat' dir='ltr'><strong>sancire</strong></span> <span class='ocrx_word' id='word_1_30' title='bbox 955 591 1230 667; x_wconf 77' lang='lat' dir='ltr'><strong>civitatis,</strong></span> <span class='ocrx_word' id='word_1_31' title='bbox 1258 592 1380 656; x_wconf 92' lang='lat' dir='ltr'><strong>illic</strong></span> <span class='ocrx_word' id='word_1_32' title='bbox 1411 611 1506 653; x_wconf 91' lang='lat' dir='ltr'><strong>me</strong></span> <span class='ocrx_word' id='word_1_33' title='bbox 1540 592 1730 653; x_wconf 89' lang='lat' dir='ltr'><strong>vende</strong></span> <span class='ocrx_word' id='word_1_34' title='bbox 1761 589 2103 652; x_wconf 77' lang='lat' dir='ltr'><strong>Christiano</strong></span> 
     </span>
    </p>
   </div>
   <div class='ocr_carea' id='block_1_7' title="bbox 460 679 2102 764">
    <p class='ocr_par' dir='ltr' id='par_1_7' title="bbox 460 679 2102 764">
     <span class='ocr_line' id='line_1_7' title="bbox 460 679 2102 764; baseline -0.004 -18"><span class='ocrx_word' id='word_1_35' title='bbox 460 686 634 746; x_wconf 85' lang='lat' dir='ltr'><strong>alicui</strong></span> <span class='ocrx_word' id='word_1_36' title='bbox 666 692 942 764; x_wconf 90' lang='lat' dir='ltr'><strong>tanquam</strong></span> <span class='ocrx_word' id='word_1_37' title='bbox 977 682 1366 762; x_wconf 80' lang='lat' dir='ltr'><strong>mancipium.</strong></span> <span class='ocrx_word' id='word_1_38' title='bbox 1404 682 1571 755; x_wconf 88' lang='lat' dir='ltr'><strong>Quod</strong></span> <span class='ocrx_word' id='word_1_39' title='bbox 1597 690 1798 742; x_wconf 92' lang='lat' dir='ltr'><strong>autem</strong></span> <span class='ocrx_word' id='word_1_40' title='bbox 1833 679 1907 740; x_wconf 90' lang='lat' dir='ltr'><strong>ad</strong></span> <span class='ocrx_word' id='word_1_41' title='bbox 1943 692 2000 741; x_wconf 88' lang='lat' dir='ltr'><strong>te</strong></span> <span class='ocrx_word' id='word_1_42' title='bbox 2031 697 2102 740; x_wconf 85' lang='lat' dir='ltr'><strong>ex</strong></span> 
     </span>
    </p>
   </div>
   <div class='ocr_carea' id='block_1_8' title="bbox 461 769 2103 852">
    <p class='ocr_par' dir='ltr' id='par_1_8' title="bbox 461 769 2103 852">
     <span class='ocr_line' id='line_1_8' title="bbox 461 769 2103 852; baseline -0.002 -18"><span class='ocrx_word' id='word_1_43' title='bbox 461 790 530 834; x_wconf 92' lang='lat' dir='ltr'><strong>eo</strong></span> <span class='ocrx_word' id='word_1_44' title='bbox 557 773 778 834; x_wconf 82' lang='lat' dir='ltr'><strong>redibit</strong></span> <span class='ocrx_word' id='word_1_45' title='bbox 811 772 1511 852; x_wconf 86' lang='lat' dir='ltr'><strong>pretium,quantumque</strong></span> <span class='ocrx_word' id='word_1_46' title='bbox 1542 769 1928 842; x_wconf 81' lang='lat' dir='ltr'><strong>fuerit,detur</strong></span> <span class='ocrx_word' id='word_1_47' title='bbox 1951 786 2103 848; x_wconf 90' lang='lat' dir='ltr'><strong>pau-</strong></span> 
     </span>
    </p>
   </div>
   <div class='ocr_carea' id='block_1_9' title="bbox 461 859 2104 942">
    <p class='ocr_par' dir='ltr' id='par_1_9' title="bbox 461 859 2104 942">
     <span class='ocr_line' id='line_1_9' title="bbox 461 859 2104 942; baseline -0.004 -18"><span class='ocrx_word' id='word_1_48' title='bbox 461 861 731 940; x_wconf 91' lang='lat' dir='ltr'><strong>peribus.</strong></span> <span class='ocrx_word' id='word_1_49' title='bbox 767 860 935 934; x_wconf 90' lang='lat' dir='ltr'><strong>Cum,</strong></span> <span class='ocrx_word' id='word_1_50' title='bbox 973 870 1281 942; x_wconf 79' lang='lat' dir='ltr'><strong>postquam</strong></span> <span class='ocrx_word' id='word_1_51' title='bbox 1316 861 1416 922; x_wconf 91' lang='lat' dir='ltr'><strong>diu</strong></span> <span class='ocrx_word' id='word_1_52' title='bbox 1470 861 1805 930; x_wconf 87' lang='lat' dir='ltr'><strong>institisset,</strong></span> <span class='ocrx_word' id='word_1_53' title='bbox 1841 859 1933 920; x_wconf 87' lang='lat' dir='ltr'><strong>vix</strong></span> <span class='ocrx_word' id='word_1_54' title='bbox 1968 867 2104 918; x_wconf 89' lang='lat' dir='ltr'><strong>tan-</strong></span> 
     </span>
    </p>
   </div>
   <div class='ocr_carea' id='block_1_10' title="bbox 461 948 2103 1032">
    <p class='ocr_par' dir='ltr' id='par_1_10' title="bbox 461 948 2103 1032">
     <span class='ocr_line' id='line_1_10' title="bbox 461 948 2103 1032; baseline -0.002 -18"><span class='ocrx_word' id='word_1_55' title='bbox 461 953 596 1014; x_wconf 86' lang='lat' dir='ltr'><strong>dem</strong></span> <span class='ocrx_word' id='word_1_56' title='bbox 624 952 676 1012; x_wconf 90' lang='lat' dir='ltr'><strong>ei</strong></span> <span class='ocrx_word' id='word_1_57' title='bbox 711 951 1166 1032; x_wconf 83' lang='lat' dir='ltr'><strong>persuassisset,</strong></span> <span class='ocrx_word' id='word_1_58' title='bbox 1205 952 1369 1012; x_wconf 84' lang='lat' dir='ltr'><strong>venit</strong></span> <span class='ocrx_word' id='word_1_59' title='bbox 1400 969 1533 1011; x_wconf 91' lang='lat' dir='ltr'><strong>cum</strong></span> <span class='ocrx_word' id='word_1_60' title='bbox 1568 969 1640 1011; x_wconf 82' lang='lat' dir='ltr'><strong>eo</strong></span> <span class='ocrx_word' id='word_1_61' title='bbox 1670 948 2103 1028; x_wconf 79' lang='lat' dir='ltr'><strong>Hierosolyma.</strong></span> 
     </span>
    </p>
   </div>
   <div class='ocr_carea' id='block_1_11' title="bbox 464 1037 2109 1118">
    <p class='ocr_par' dir='ltr' id='par_1_11' title="bbox 464 1037 2109 1118">
     <span class='ocr_line' id='line_1_11' title="bbox 464 1037 2109 1118; baseline -0.004 -16"><span class='ocrx_word' id='word_1_62' title='bbox 464 1040 590 1114; x_wconf 89' lang='lat' dir='ltr'><strong>Quo</strong></span> <span class='ocrx_word' id='word_1_63' title='bbox 609 1042 668 1102; x_wconf 91' lang='lat' dir='ltr'><strong>in</strong></span> <span class='ocrx_word' id='word_1_64' title='bbox 691 1041 985 1114; x_wconf 90' lang='lat' dir='ltr'><strong>loco,cum</strong></span> <span class='ocrx_word' id='word_1_65' title='bbox 1004 1042 1060 1100; x_wconf 90' lang='lat' dir='ltr'><strong>in</strong></span> <span class='ocrx_word' id='word_1_66' title='bbox 1080 1041 1400 1117; x_wconf 87' lang='lat' dir='ltr'><strong>quemdam</strong></span> <span class='ocrx_word' id='word_1_67' title='bbox 1423 1040 1812 1118; x_wconf 90' lang='lat' dir='ltr'><strong>amicum,qui</strong></span> <span class='ocrx_word' id='word_1_68' title='bbox 1835 1048 1958 1098; x_wconf 88' lang='lat' dir='ltr'><strong>erat</strong></span> <span class='ocrx_word' id='word_1_69' title='bbox 1981 1037 2109 1116; x_wconf 88' lang='lat' dir='ltr'><strong>qui-</strong></span> 
     </span>
    </p>
   </div>
   <div class='ocr_carea' id='block_1_12' title="bbox 467 1129 2106 1209">
    <p class='ocr_par' dir='ltr' id='par_1_12' title="bbox 467 1129 2106 1209">
     <span class='ocr_line' id='line_1_12' title="bbox 467 1129 2106 1209; baseline -0.003 -17"><span class='ocrx_word' id='word_1_70' title='bbox 467 1133 601 1192; x_wconf 91' lang='lat' dir='ltr'><strong>dem</strong></span> <span class='ocrx_word' id='word_1_71' title='bbox 627 1140 751 1192; x_wconf 85' lang='lat' dir='ltr'><strong>arte</strong></span> <span class='ocrx_word' id='word_1_72' title='bbox 772 1130 1340 1206; x_wconf 77' lang='lat' dir='ltr'><strong>aurifex,incidisset</strong></span> <span class='ocrx_word' id='word_1_73' title='bbox 1364 1139 1717 1209; x_wconf 81' lang='lat' dir='ltr'><strong>procurator</strong></span> <span class='ocrx_word' id='word_1_74' title='bbox 1738 1129 1892 1206; x_wconf 90' lang='lat' dir='ltr'><strong>(erat</strong></span> <span class='ocrx_word' id='word_1_75' title='bbox 1912 1138 2106 1188; x_wconf 89' lang='lat' dir='ltr'><strong>autem</strong></span> 
     </span>
    </p>
   </div>
   <div class='ocr_carea' id='block_1_13' title="bbox 466 1217 2108 1300">
    <p class='ocr_par' dir='ltr' id='par_1_13' title="bbox 466 1217 2108 1300">
     <span class='ocr_line' id='line_1_13' title="bbox 466 1217 2108 1300; baseline -0.004 -17"><span class='ocrx_word' id='word_1_76' title='bbox 466 1223 520 1284; x_wconf 92' lang='lat' dir='ltr'><strong>ei</strong></span> <span class='ocrx_word' id='word_1_77' title='bbox 546 1239 765 1282; x_wconf 88' lang='lat' dir='ltr'><strong>nomen</strong></span> <span class='ocrx_word' id='word_1_78' title='bbox 794 1220 1117 1299; x_wconf 88' lang='lat' dir='ltr'><strong>Zoilus,qui</strong></span> <span class='ocrx_word' id='word_1_79' title='bbox 1147 1228 1390 1300; x_wconf 87' lang='lat' dir='ltr'><strong>propter</strong></span> <span class='ocrx_word' id='word_1_80' title='bbox 1413 1219 1672 1299; x_wconf 77' lang='lat' dir='ltr'><strong>aliquem</strong></span> <span class='ocrx_word' id='word_1_81' title='bbox 1697 1223 1903 1278; x_wconf 85' lang='lat' dir='ltr'><strong>casum</strong></span> <span class='ocrx_word' id='word_1_82' title='bbox 1931 1217 2108 1277; x_wconf 83' lang='lat' dir='ltr'><strong>reda-</strong></span> 
     </span>
    </p>
   </div>
   <div class='ocr_carea' id='block_1_14' title="bbox 465 1305 2112 1389">
    <p class='ocr_par' dir='ltr' id='par_1_14' title="bbox 465 1305 2112 1389">
     <span class='ocr_line' id='line_1_14' title="bbox 465 1305 2112 1389; baseline -0.004 -17"><span class='ocrx_word' id='word_1_83' title='bbox 465 1323 596 1373; x_wconf 85' lang='lat' dir='ltr'><strong>ctus</strong></span> <span class='ocrx_word' id='word_1_84' title='bbox 618 1320 746 1372; x_wconf 83' lang='lat' dir='ltr'><strong>erat</strong></span> <span class='ocrx_word' id='word_1_85' title='bbox 776 1313 846 1370; x_wconf 91' lang='lat' dir='ltr'><strong>ad</strong></span> <span class='ocrx_word' id='word_1_86' title='bbox 876 1310 1416 1389; x_wconf 74' lang='lat' dir='ltr'><strong>inopiam),Servus</strong></span> <span class='ocrx_word' id='word_1_87' title='bbox 1437 1307 1925 1388; x_wconf 87' lang='lat' dir='ltr'><strong>est,inquit,mihi</strong></span> <span class='ocrx_word' id='word_1_88' title='bbox 1945 1305 2112 1366; x_wconf 89' lang='lat' dir='ltr'><strong>valde</strong></span> 
     </span>
    </p>
   </div>
   <div class='ocr_carea' id='block_1_15' title="bbox 2185 497 3816 580">
    <p class='ocr_par' dir='ltr' id='par_1_15' title="bbox 2185 497 3816 580">
     <span class='ocr_line' id='line_1_15' title="bbox 2185 497 3816 580; baseline -0.003 -25"><span class='ocrx_word' id='word_1_89' title='bbox 2185 500 2396 580; x_wconf 80' lang='grc' dir='ltr'>ῥητον),</span> <span class='ocrx_word' id='word_1_90' title='bbox 2445 505 2541 557; x_wconf 61' lang='grc' dir='ltr'>καὶ</span> <span class='ocrx_word' id='word_1_91' title='bbox 2615 503 2744 578; x_wconf 85' lang='grc' dir='ltr'>πρὸς</span> <span class='ocrx_word' id='word_1_92' title='bbox 2805 501 2871 556; x_wconf 83' lang='grc' dir='ltr'><strong>τὰ</strong></span> <span class='ocrx_word' id='word_1_93' title='bbox 2926 505 3024 566; x_wconf 78' lang='grc' dir='ltr'>τῆς</span> <span class='ocrx_word' id='word_1_94' title='bbox 3063 499 3215 578; x_wconf 81' lang='grc' dir='ltr'>ἁγίας</span> <span class='ocrx_word' id='word_1_95' title='bbox 3258 497 3470 560; x_wconf 87' lang='grc' dir='ltr'>πόλεως</span> <span class='ocrx_word' id='word_1_96' title='bbox 3527 497 3816 574; x_wconf 74' lang='grc' dir='ltr'>ἀπαγαγὼν</span> 
     </span>
    </p>
   </div>
   <div class='ocr_carea' id='block_1_16' title="bbox 2187 586 3817 666">
    <p class='ocr_par' dir='ltr' id='par_1_16' title="bbox 2187 586 3817 666">
     <span class='ocr_line' id='line_1_16' title="bbox 2187 586 3817 666; baseline -0.004 -20"><span class='ocrx_word' id='word_1_97' title='bbox 2187 593 2348 666; x_wconf 82' lang='grc' dir='ltr'>μέρη,</span> <span class='ocrx_word' id='word_1_98' title='bbox 2383 592 2500 647; x_wconf 68' lang='grc' dir='ltr'>ἐκεῖ</span> <span class='ocrx_word' id='word_1_99' title='bbox 2552 613 2617 664; x_wconf 88' lang='grc' dir='ltr'><strong>με</strong></span> <span class='ocrx_word' id='word_1_100' title='bbox 2670 597 2964 666; x_wconf 82' lang='grc' dir='ltr'>Χριστιανῷ</span> <span class='ocrx_word' id='word_1_101' title='bbox 3025 612 3128 646; x_wconf 92' lang='grc' dir='ltr'>τινι</span> <span class='ocrx_word' id='word_1_102' title='bbox 3188 589 3423 666; x_wconf 81' lang='grc' dir='ltr'>καθάπερ</span> <span class='ocrx_word' id='word_1_103' title='bbox 3479 586 3533 642; x_wconf 84' lang='grc' dir='ltr'>ἓν</span> <span class='ocrx_word' id='word_1_104' title='bbox 3565 586 3674 642; x_wconf 76' lang='grc' dir='ltr'><strong>τῶν</strong></span> <span class='ocrx_word' id='word_1_105' title='bbox 3725 588 3817 641; x_wconf 74' lang='grc' dir='ltr'><strong>ἂν·</strong></span> 
     </span>
    </p>
   </div>
   <div class='ocr_carea' id='block_1_17' title="bbox 2187 674 3816 758">
    <p class='ocr_par' dir='ltr' id='par_1_17' title="bbox 2187 674 3816 758">
     <span class='ocr_line' id='line_1_17' title="bbox 2187 674 3816 758; baseline -0.004 -23"><span class='ocrx_word' id='word_1_106' title='bbox 2187 679 2460 758; x_wconf 87' lang='grc' dir='ltr'>δραπόδων</span> <span class='ocrx_word' id='word_1_107' title='bbox 2521 680 2783 747; x_wconf 81' lang='grc' dir='ltr'>πόλησον·</span> <span class='ocrx_word' id='word_1_108' title='bbox 2846 682 2907 736; x_wconf 79' lang='grc' dir='ltr'>τὸ</span> <span class='ocrx_word' id='word_1_109' title='bbox 2958 678 3012 734; x_wconf 77' lang='grc' dir='ltr'>δὲ</span> <span class='ocrx_word' id='word_1_110' title='bbox 3075 679 3309 735; x_wconf 76' lang='grc' dir='ltr'>ἐντεῦθεν</span> <span class='ocrx_word' id='word_1_111' title='bbox 3353 674 3816 751; x_wconf 77' lang='grc' dir='ltr'>περιελευσόμενόν</span> 
     </span>
    </p>
   </div>
   <div class='ocr_carea' id='block_1_18' title="bbox 2188 765 3820 848">
    <p class='ocr_par' dir='ltr' id='par_1_18' title="bbox 2188 765 3820 848">
     <span class='ocr_line' id='line_1_18' title="bbox 2188 765 3820 848; baseline -0.004 -22"><span class='ocrx_word' id='word_1_112' title='bbox 2188 793 2271 828; x_wconf 93' lang='grc' dir='ltr'><strong>σοι</strong></span> <span class='ocrx_word' id='word_1_113' title='bbox 2309 772 2542 846; x_wconf 75' lang='grc' dir='ltr'>τίμημα,</span> <span class='ocrx_word' id='word_1_114' title='bbox 2575 771 2698 826; x_wconf 81' lang='grc' dir='ltr'>ὅσον</span> <span class='ocrx_word' id='word_1_115' title='bbox 2749 770 2812 825; x_wconf 79' lang='grc' dir='ltr'><strong>ἂν</strong></span> <span class='ocrx_word' id='word_1_116' title='bbox 2870 770 2958 826; x_wconf 85' lang='grc' dir='ltr'><strong>καὶ</strong></span> <span class='ocrx_word' id='word_1_117' title='bbox 3007 769 3126 848; x_wconf 73' lang='grc' dir='ltr'>εἴη,</span> <span class='ocrx_word' id='word_1_118' title='bbox 3158 766 3362 837; x_wconf 68' lang='grc' dir='ltr'>δοθήτω</span> <span class='ocrx_word' id='word_1_119' title='bbox 3405 767 3622 833; x_wconf 81' lang='grc' dir='ltr'><strong>πένησι,</strong></span> <span class='ocrx_word' id='word_1_120' title='bbox 3686 765 3820 820; x_wconf 71' lang='grc' dir='ltr'>Μετὰ</span> 
     </span>
    </p>
   </div>
   <div class='ocr_carea' id='block_1_19' title="bbox 2189 856 3821 937">
    <p class='ocr_par' dir='ltr' id='par_1_19' title="bbox 2189 856 3821 937">
     <span class='ocr_line' id='line_1_19' title="bbox 2189 856 3821 937; baseline -0.007 -21"><span class='ocrx_word' id='word_1_121' title='bbox 2189 859 2397 927; x_wconf 74' lang='grc' dir='ltr'>πολλὴν</span> <span class='ocrx_word' id='word_1_122' title='bbox 2456 867 2582 937; x_wconf 81' lang='grc' dir='ltr'>γοῦν</span> <span class='ocrx_word' id='word_1_123' title='bbox 2615 861 2714 926; x_wconf 68' lang='grc' dir='ltr'>τὴν</span> <span class='ocrx_word' id='word_1_124' title='bbox 2760 858 3024 932; x_wconf 74' lang='grc' dir='ltr'><strong>ἔνστασιν,</strong></span> <span class='ocrx_word' id='word_1_125' title='bbox 3061 860 3376 914; x_wconf 77' lang='grc' dir='ltr'>καταπειθοϊ</span> <span class='ocrx_word' id='word_1_126' title='bbox 3409 856 3565 924; x_wconf 87' lang='grc' dir='ltr'>μόλις</span> <span class='ocrx_word' id='word_1_127' title='bbox 3624 857 3821 909; x_wconf 77' lang='grc' dir='ltr'>ἒκεῐνον</span> 
     </span>
    </p>
   </div>
   <div class='ocr_carea' id='block_1_20' title="bbox 2190 944 3820 1029">
    <p class='ocr_par' dir='ltr' id='par_1_20' title="bbox 2190 944 3820 1029">
     <span class='ocr_line' id='line_1_20' title="bbox 2190 944 3820 1029; baseline -0.004 -24"><span class='ocrx_word' id='word_1_128' title='bbox 2190 948 2393 1029; x_wconf 83' lang='grc' dir='ltr'>λαϐὼν,</span> <span class='ocrx_word' id='word_1_129' title='bbox 2426 950 2608 1029; x_wconf 70' lang='grc' dir='ltr'>φθάνει</span> <span class='ocrx_word' id='word_1_130' title='bbox 2668 949 2758 1004; x_wconf 81' lang='grc' dir='ltr'>σὺν</span> <span class='ocrx_word' id='word_1_131' title='bbox 2791 948 2932 1022; x_wconf 79' lang='grc' dir='ltr'><strong>αὐτῷ</strong></span> <span class='ocrx_word' id='word_1_132' title='bbox 2961 948 3031 1003; x_wconf 82' lang='grc' dir='ltr'><em>.τᾶ</em></span> <span class='ocrx_word' id='word_1_133' title='bbox 3088 944 3452 1025; x_wconf 82' lang='grc' dir='ltr'>Ἰεροσόλυμα’</span> <span class='ocrx_word' id='word_1_134' title='bbox 3487 945 3610 1000; x_wconf 77' lang='grc' dir='ltr'>ἔνθα</span> <span class='ocrx_word' id='word_1_135' title='bbox 3663 962 3820 1019; x_wconf 84' lang='grc' dir='ltr'>προσ-</span> 
     </span>
    </p>
   </div>
   <div class='ocr_carea' id='block_1_21' title="bbox 2192 1035 3822 1120">
    <p class='ocr_par' dir='ltr' id='par_1_21' title="bbox 2192 1035 3822 1120">
     <span class='ocr_line' id='line_1_21' title="bbox 2192 1035 3822 1120; baseline 0 -25"><span class='ocrx_word' id='word_1_136' title='bbox 2192 1042 2343 1120; x_wconf 72' lang='grc' dir='ltr'>φιλεῒ</span> <span class='ocrx_word' id='word_1_137' title='bbox 2402 1039 2512 1095; x_wconf 77' lang='grc' dir='ltr'><strong>τινί</strong></span> <span class='ocrx_word' id='word_1_138' title='bbox 2545 1041 2571 1094; x_wconf 99' lang='lat'><strong>6</strong></span> <span class='ocrx_word' id='word_1_139' title='bbox 2603 1039 2880 1117; x_wconf 78' lang='grc' dir='ltr'>ἐπίτροπος</span> <span class='ocrx_word' id='word_1_140' title='bbox 2930 1037 3168 1116; x_wconf 77' lang='grc' dir='ltr'>ἐντυχὼν</span> <span class='ocrx_word' id='word_1_141' title='bbox 3199 1035 3550 1112; x_wconf 82' lang='grc' dir='ltr'>ἂργυροκόπῳ</span> <span class='ocrx_word' id='word_1_142' title='bbox 3580 1035 3678 1108; x_wconf 83' lang='grc' dir='ltr'>μὲν</span> <span class='ocrx_word' id='word_1_143' title='bbox 3733 1035 3822 1095; x_wconf 57' lang='grc' dir='ltr'>τὴν</span> 
     </span>
    </p>
   </div>
   <div class='ocr_carea' id='block_1_22' title="bbox 2193 1124 3823 1208">
    <p class='ocr_par' dir='ltr' id='par_1_22' title="bbox 2193 1124 3823 1208">
     <span class='ocr_line' id='line_1_22' title="bbox 2193 1124 3823 1208; baseline -0.006 -23"><span class='ocrx_word' id='word_1_144' title='bbox 2193 1131 2416 1208; x_wconf 75' lang='grc' dir='ltr'>τέχνην,</span> <span class='ocrx_word' id='word_1_145' title='bbox 2456 1128 2641 1185; x_wconf 90' lang='grc' dir='ltr'>Ζωίλω</span> <span class='ocrx_word' id='word_1_146' title='bbox 2691 1126 2745 1183; x_wconf 77' lang='grc' dir='ltr'>δὲ</span> <span class='ocrx_word' id='word_1_147' title='bbox 2798 1127 3056 1202; x_wconf 74' lang='grc' dir='ltr'>τοῦνομα,</span> <span class='ocrx_word' id='word_1_148' title='bbox 3088 1124 3208 1182; x_wconf 84' lang='grc' dir='ltr'>τότε</span> <span class='ocrx_word' id='word_1_149' title='bbox 3240 1125 3293 1180; x_wconf 77' lang='grc' dir='ltr'>δὲ</span> <span class='ocrx_word' id='word_1_150' title='bbox 3345 1125 3478 1180; x_wconf 83' lang='grc' dir='ltr'>κατᾶ</span> <span class='ocrx_word' id='word_1_151' title='bbox 3531 1144 3651 1178; x_wconf 86' lang='grc' dir='ltr'>τινα</span> <span class='ocrx_word' id='word_1_152' title='bbox 3685 1141 3823 1197; x_wconf 79' lang='grc' dir='ltr'>περι-</span> 
     </span>
    </p>
   </div>
   <div class='ocr_carea' id='block_1_23' title="bbox 2195 1208 3828 1296">
    <p class='ocr_par' dir='ltr' id='par_1_23' title="bbox 2195 1208 3828 1296">
     <span class='ocr_line' id='line_1_23' title="bbox 2195 1208 3828 1296; baseline -0.008 -19"><span class='ocrx_word' id='word_1_153' title='bbox 2195 1221 2406 1277; x_wconf 81' lang='grc' dir='ltr'>πέτειον</span> <span class='ocrx_word' id='word_1_154' title='bbox 2466 1219 2580 1294; x_wconf 83' lang='grc' dir='ltr'>βίου</span> <span class='ocrx_word' id='word_1_155' title='bbox 2609 1216 2823 1296; x_wconf 78' lang='grc' dir='ltr'>ἀπόρώς</span> <span class='ocrx_word' id='word_1_156' title='bbox 2880 1219 2967 1272; x_wconf 85' lang='grc' dir='ltr'>καὶ</span> <span class='ocrx_word' id='word_1_157' title='bbox 3000 1214 3188 1277; x_wconf 76' lang='grc' dir='ltr'>ἐνδεῶς</span> <span class='ocrx_word' id='word_1_158' title='bbox 3234 1209 3684 1296; x_wconf 44' lang='grc' dir='ltr'>ἔχοντι,ηΔοῦλός</span> <span class='ocrx_word' id='word_1_159' title='bbox 3729 1208 3828 1265; x_wconf 76' lang='grc' dir='ltr'>ἐστί</span> 
     </span>
    </p>
   </div>
   <div class='ocr_carea' id='block_1_24' title="bbox 2195 1287 3830 1387">
    <p class='ocr_par' dir='ltr' id='par_1_24' title="bbox 2195 1287 3830 1387">
     <span class='ocr_line' id='line_1_24' title="bbox 2195 1287 3830 1387; baseline -0.009 -20"><span class='ocrx_word' id='word_1_160' title='bbox 2195 1333 2312 1386; x_wconf 86' lang='grc' dir='ltr'>μοι,</span> <span class='ocrx_word' id='word_1_161' title='bbox 2374 1287 2476 1387; x_wconf 74' lang='grc' dir='ltr'>ἔφη</span> <span class='ocrx_word' id='word_1_162' title='bbox 2538 1287 2729 1386; x_wconf 20' lang='grc' dir='ltr'>αὐτῷ(</span> <span class='ocrx_word' id='word_1_163' title='bbox 2767 1308 2905 1362; x_wconf 85' lang='grc' dir='ltr'>πάνυ</span> <span class='ocrx_word' id='word_1_164' title='bbox 2966 1303 3161 1385; x_wconf 73' lang='grc' dir='ltr'>σφόδρα</span> <span class='ocrx_word' id='word_1_165' title='bbox 3218 1287 3407 1367; x_wconf 78' lang='grc' dir='ltr'>καλός.</span> <span class='ocrx_word' id='word_1_166' title='bbox 3466 1287 3560 1360; x_wconf 53' lang='lat' dir='ltr'><strong>&quot;Ov</strong></span> <span class='ocrx_word' id='word_1_167' title='bbox 3619 1303 3664 1356; x_wconf 81' lang='grc' dir='ltr'>εἶ</span> <span class='ocrx_word' id='word_1_168' title='bbox 3710 1301 3830 1374; x_wconf 75' lang='grc' dir='ltr'>ἐμοῦ</span> 
     </span>
    </p>
   </div>
   <div class='ocr_carea' id='block_1_25' title="bbox 465 1388 2135 1480">
    <p class='ocr_par' dir='ltr' id='par_1_25' title="bbox 465 1388 2112 1480">
     <span class='ocr_line' id='line_1_25' title="bbox 465 1388 2112 1480; baseline -0.005 -17"><span class='ocrx_word' id='word_1_169' title='bbox 465 1401 682 1463; x_wconf 87' lang='lat' dir='ltr'><strong>bonus:</strong></span> <span class='ocrx_word' id='word_1_170' title='bbox 720 1418 897 1480; x_wconf 89' lang='lat' dir='ltr'><strong>quem</strong></span> <span class='ocrx_word' id='word_1_171' title='bbox 923 1388 1102 1459; x_wconf 74' lang='lat' dir='ltr'><strong>sime</strong></span> <span class='ocrx_word' id='word_1_172' title='bbox 1134 1388 1385 1459; x_wconf 83' lang='lat' dir='ltr'><strong>audiens</strong></span> <span class='ocrx_word' id='word_1_173' title='bbox 1418 1396 1818 1469; x_wconf 80' lang='lat' dir='ltr'><strong>emeris,mihi</strong></span> <span class='ocrx_word' id='word_1_174' title='bbox 1850 1395 1962 1456; x_wconf 91' lang='lat' dir='ltr'><strong>erit</strong></span> <span class='ocrx_word' id='word_1_175' title='bbox 1992 1396 2112 1456; x_wconf 91' lang='lat' dir='ltr'><strong>im-</strong></span> 
     </span>
    </p>
   </div>
   <div class='ocr_carea' id='block_1_26' title="bbox 2221 1388 3832 1480">
    <p class='ocr_par' dir='ltr' id='par_1_26' title="bbox 2221 1388 3832 1473">
     <span class='ocr_line' id='line_1_26' title="bbox 2221 1388 3832 1473; baseline -0.007 -19"><span class='ocrx_word' id='word_1_176' title='bbox 2221 1399 2428 1458; x_wconf 81' lang='grc' dir='ltr'>ικούσας</span> <span class='ocrx_word' id='word_1_177' title='bbox 2486 1396 2695 1473; x_wconf 75' lang='grc' dir='ltr'>ὠνήσῃ,</span> <span class='ocrx_word' id='word_1_178' title='bbox 2731 1394 2877 1453; x_wconf 71' lang='grc' dir='ltr'>οὐδὲν</span> <span class='ocrx_word' id='word_1_179' title='bbox 2909 1397 2969 1450; x_wconf 85' lang='grc' dir='ltr'>τὸ</span> <span class='ocrx_word' id='word_1_180' title='bbox 3023 1393 3250 1464; x_wconf 72' lang='grc' dir='ltr'>κωλῦον,</span> <span class='ocrx_word' id='word_1_181' title='bbox 3285 1391 3443 1469; x_wconf 74' lang='grc' dir='ltr'>ἕξεις,</span> <span class='ocrx_word' id='word_1_182' title='bbox 3477 1391 3556 1466; x_wconf 78' lang='grc' dir='ltr'>μὴ</span> <span class='ocrx_word' id='word_1_183' title='bbox 3587 1388 3634 1445; x_wconf 89' lang='grc' dir='ltr'><strong>δι</strong></span> <span class='ocrx_word' id='word_1_184' title='bbox 3686 1389 3832 1444; x_wconf 68' lang='grc' dir='ltr'>αὐτοῦ</span> 
     </span>
    </p>
   </div>
   <div class='ocr_carea' id='block_1_27' title="bbox 472 1479 2135 1572">
    <p class='ocr_par' dir='ltr' id='par_1_27' title="bbox 472 1479 2118 1572">
     <span class='ocr_line' id='line_1_27' title="bbox 472 1479 2118 1572; baseline -0.004 -20"><span class='ocrx_word' id='word_1_185' title='bbox 472 1479 1173 1572; x_wconf 85' lang='lat' dir='ltr'><strong>pedimento,quominus</strong></span> <span class='ocrx_word' id='word_1_186' title='bbox 1197 1490 1265 1548; x_wconf 88' lang='lat' dir='ltr'><strong>ad</strong></span> <span class='ocrx_word' id='word_1_187' title='bbox 1294 1488 1601 1567; x_wconf 84' lang='lat' dir='ltr'><strong>pristinam</strong></span> <span class='ocrx_word' id='word_1_188' title='bbox 1635 1487 1846 1548; x_wconf 85' lang='lat' dir='ltr'><strong>redeas</strong></span> <span class='ocrx_word' id='word_1_189' title='bbox 1867 1485 2118 1546; x_wconf 89' lang='lat' dir='ltr'><strong>felicita-</strong></span> 
     </span>
    </p>
   </div>
   <div class='ocr_carea' id='block_1_28' title="bbox 2221 1479 3832 1572">
    <p class='ocr_par' dir='ltr' id='par_1_28' title="bbox 2221 1479 3832 1558">
     <span class='ocr_line' id='line_1_28' title="bbox 2221 1479 3832 1558; baseline -0.007 -14"><span class='ocrx_word' id='word_1_190' title='bbox 2221 1487 2359 1546; x_wconf 59' lang='grc' dir='ltr'>πάλιν</span> <span class='ocrx_word' id='word_1_191' title='bbox 2411 1487 2483 1551; x_wconf 82' lang='grc' dir='ltr'>εἷς</span> <span class='ocrx_word' id='word_1_192' title='bbox 2542 1488 2603 1541; x_wconf 82' lang='grc' dir='ltr'>τὸ</span> <span class='ocrx_word' id='word_1_193' title='bbox 2662 1484 3012 1558; x_wconf 72' lang='grc' dir='ltr'>εὖπράττειν</span> <span class='ocrx_word' id='word_1_194' title='bbox 3075 1481 3385 1538; x_wconf 79' lang='grc' dir='ltr'>ἐπανελθεῖν</span> <span class='ocrx_word' id='word_1_195' title='bbox 3439 1483 3511 1543; x_wconf 85' lang='grc' dir='ltr'>ὡς</span> <span class='ocrx_word' id='word_1_196' title='bbox 3585 1479 3646 1534; x_wconf 83' lang='grc' dir='ltr'>τὸ</span> <span class='ocrx_word' id='word_1_197' title='bbox 3704 1498 3832 1554; x_wconf 84' lang='grc' dir='ltr'>προ-</span> 
     </span>
    </p>
   </div>
   <div class='ocr_carea' id='block_1_29' title="bbox 473 1565 2135 1657">
    <p class='ocr_par' dir='ltr' id='par_1_29' title="bbox 473 1565 2116 1654">
     <span class='ocr_line' id='line_1_29' title="bbox 473 1565 2116 1654; baseline -0.004 -13"><span class='ocrx_word' id='word_1_198' title='bbox 473 1565 613 1642; x_wconf 76' lang='lat' dir='ltr'><strong>tem.</strong></span> <span class='ocrx_word' id='word_1_199' title='bbox 673 1579 776 1640; x_wconf 88' lang='lat' dir='ltr'><strong>Est</strong></span> <span class='ocrx_word' id='word_1_200' title='bbox 822 1565 980 1639; x_wconf 77' lang='lat' dir='ltr'><strong>enim</strong></span> <span class='ocrx_word' id='word_1_201' title='bbox 1032 1596 1150 1637; x_wconf 91' lang='lat' dir='ltr'><strong>non</strong></span> <span class='ocrx_word' id='word_1_202' title='bbox 1205 1565 1396 1638; x_wconf 87' lang='lat' dir='ltr'><strong>solum</strong></span> <span class='ocrx_word' id='word_1_203' title='bbox 1453 1576 1624 1637; x_wconf 89' lang='lat' dir='ltr'><strong>bonis</strong></span> <span class='ocrx_word' id='word_1_204' title='bbox 1675 1575 1961 1654; x_wconf 86' lang='lat' dir='ltr'><strong>moribus,</strong></span> <span class='ocrx_word' id='word_1_205' title='bbox 2010 1575 2116 1636; x_wconf 88' lang='lat' dir='ltr'><strong>sed</strong></span> 
     </span>
    </p>
   </div>
   <div class='ocr_carea' id='block_1_30' title="bbox 2221 1565 3836 1657">
    <p class='ocr_par' dir='ltr' id='par_1_30' title="bbox 2221 1565 3836 1657">
     <span class='ocr_line' id='line_1_30' title="bbox 2221 1565 3836 1657; baseline -0.009 -23"><span class='ocrx_word' id='word_1_206' title='bbox 2221 1600 2375 1657; x_wconf 76' lang='grc' dir='ltr'>τερον.</span> <span class='ocrx_word' id='word_1_207' title='bbox 2410 1574 2567 1632; x_wconf 78' lang='grc' dir='ltr'>’Ἐστι</span> <span class='ocrx_word' id='word_1_208' title='bbox 2599 1575 2697 1652; x_wconf 81' lang='grc' dir='ltr'>γὰρ</span> <span class='ocrx_word' id='word_1_209' title='bbox 2731 1578 2790 1632; x_wconf 74' lang='grc' dir='ltr'>οὒ</span> <span class='ocrx_word' id='word_1_210' title='bbox 2818 1571 2983 1638; x_wconf 79' lang='grc' dir='ltr'>δεξιὸς</span> <span class='ocrx_word' id='word_1_211' title='bbox 3016 1573 3176 1646; x_wconf 62' lang='grc' dir='ltr'>μόνον</span> <span class='ocrx_word' id='word_1_212' title='bbox 3215 1573 3305 1626; x_wconf 84' lang='grc' dir='ltr'><strong>τὸν</strong></span> <span class='ocrx_word' id='word_1_213' title='bbox 3337 1568 3559 1646; x_wconf 79' lang='grc' dir='ltr'>τρόπον,</span> <span class='ocrx_word' id='word_1_214' title='bbox 3595 1565 3731 1622; x_wconf 79' lang='grc' dir='ltr'>ἀλλὰ</span> <span class='ocrx_word' id='word_1_215' title='bbox 3757 1565 3836 1619; x_wconf 80' lang='grc' dir='ltr'><strong>καὶ</strong></span> 
     </span>
    </p>
   </div>
   <div class='ocr_carea' id='block_1_31' title="bbox 479 1655 2135 1746">
    <p class='ocr_par' dir='ltr' id='par_1_31' title="bbox 479 1664 2122 1734">
     <span class='ocr_line' id='line_1_31' title="bbox 479 1664 2122 1734; baseline -0.005 -2"><span class='ocrx_word' id='word_1_216' title='bbox 479 1672 655 1732; x_wconf 86' lang='lat' dir='ltr'><strong>etiam</strong></span> <span class='ocrx_word' id='word_1_217' title='bbox 692 1671 748 1730; x_wconf 91' lang='lat' dir='ltr'><strong>in</strong></span> <span class='ocrx_word' id='word_1_218' title='bbox 775 1665 1080 1728; x_wconf 89' lang='lat' dir='ltr'><strong>fundendo</strong></span> <span class='ocrx_word' id='word_1_219' title='bbox 1103 1685 1246 1728; x_wconf 88' lang='lat' dir='ltr'><strong>auro</strong></span> <span class='ocrx_word' id='word_1_220' title='bbox 1265 1685 1498 1727; x_wconf 87' lang='lat' dir='ltr'><strong>summe</strong></span> <span class='ocrx_word' id='word_1_221' title='bbox 1519 1671 1896 1734; x_wconf 86' lang='lat' dir='ltr'><strong>exercitatus,</strong></span> <span class='ocrx_word' id='word_1_222' title='bbox 1930 1664 2122 1724; x_wconf 82' lang='lat' dir='ltr'><strong>fuerat</strong></span> 
     </span>
    </p>
   </div>
   <div class='ocr_carea' id='block_1_32' title="bbox 2221 1655 3838 1746">
    <p class='ocr_par' dir='ltr' id='par_1_32' title="bbox 2221 1655 3838 1746">
     <span class='ocr_line' id='line_1_32' title="bbox 2221 1655 3838 1746; baseline 0.002 -28"><span class='ocrx_word' id='word_1_223' title='bbox 2221 1655 2299 1736; x_wconf 68' lang='grc' dir='ltr'>τῆν</span> <span class='ocrx_word' id='word_1_224' title='bbox 2360 1666 2740 1746; x_wconf 71' lang='grc' dir='ltr'>χρυσοχοϊκὴν</span> <span class='ocrx_word' id='word_1_225' title='bbox 2772 1663 2946 1741; x_wconf 70' lang='grc' dir='ltr'>ἄκρως</span> <span class='ocrx_word' id='word_1_226' title='bbox 3003 1660 3388 1734; x_wconf 70' lang='grc' dir='ltr'>ἔξησκημένος.</span> <span class='ocrx_word' id='word_1_227' title='bbox 3442 1657 3671 1746; x_wconf 48' lang='lat' dir='ltr'><strong>Kcin-{319</strong></span> <span class='ocrx_word' id='word_1_228' title='bbox 3713 1656 3774 1722; x_wconf 74' lang='grc' dir='ltr'><strong>ἦν</strong></span> <span class='ocrx_word' id='word_1_229' title='bbox 3815 1655 3838 1708; x_wconf 79' lang='grc' dir='ltr'>δ</span> 
     </span>
    </p>
   </div>
   <div class='ocr_carea' id='block_1_33' title="bbox 478 1732 2135 1836">
    <p class='ocr_par' dir='ltr' id='par_1_33' title="bbox 478 1732 2119 1836">
     <span class='ocr_line' id='line_1_33' title="bbox 478 1732 2119 1836; baseline -0.004 -15"><span class='ocrx_word' id='word_1_230' title='bbox 478 1763 635 1822; x_wconf 90' lang='lat' dir='ltr'><strong>enim</strong></span> <span class='ocrx_word' id='word_1_231' title='bbox 658 1761 867 1821; x_wconf 85' lang='lat' dir='ltr'><strong>Petrus</strong></span> <span class='ocrx_word' id='word_1_232' title='bbox 893 1756 1031 1818; x_wconf 88' lang='lat' dir='ltr'><strong>huic</strong></span> <span class='ocrx_word' id='word_1_233' title='bbox 1054 1775 1293 1836; x_wconf 89' lang='lat' dir='ltr'><strong>quoque</strong></span> <span class='ocrx_word' id='word_1_234' title='bbox 1316 1758 1428 1817; x_wconf 89' lang='lat' dir='ltr'><strong>arti</strong></span> <span class='ocrx_word' id='word_1_235' title='bbox 1459 1773 1693 1816; x_wconf 90' lang='lat' dir='ltr'><strong>summe</strong></span> <span class='ocrx_word' id='word_1_236' title='bbox 1718 1732 1978 1816; x_wconf 82' lang='lat' dir='ltr'><strong>deditus.</strong></span> <span class='ocrx_word' id='word_1_237' title='bbox 2014 1753 2119 1815; x_wconf 92' lang='lat' dir='ltr'><strong>Ille</strong></span> 
     </span>
    </p>
   </div>
   <div class='ocr_carea' id='block_1_34' title="bbox 2221 1732 3839 1836">
    <p class='ocr_par' dir='ltr' id='par_1_34' title="bbox 2221 1732 3839 1835">
     <span class='ocr_line' id='line_1_34' title="bbox 2221 1732 3839 1835; baseline -0.011 -22"><span class='ocrx_word' id='word_1_238' title='bbox 2221 1758 2404 1835; x_wconf 75' lang='grc' dir='ltr'>Ιέτρος</span> <span class='ocrx_word' id='word_1_239' title='bbox 2463 1755 2710 1832; x_wconf 81' lang='grc' dir='ltr'><strong>καὶπρὸς</strong></span> <span class='ocrx_word' id='word_1_240' title='bbox 2762 1762 2918 1811; x_wconf 81' lang='grc' dir='ltr'>τοῦτο</span> <span class='ocrx_word' id='word_1_241' title='bbox 2981 1751 3124 1830; x_wconf 73' lang='grc' dir='ltr'>ἔχων</span> <span class='ocrx_word' id='word_1_242' title='bbox 3156 1747 3493 1815; x_wconf 72' lang='grc' dir='ltr'>ἐπιτηδείως.</span> <span class='ocrx_word' id='word_1_243' title='bbox 3548 1732 3613 1802; x_wconf 56' lang='lat' dir='ltr'><strong>n0</strong></span> <span class='ocrx_word' id='word_1_244' title='bbox 3645 1743 3698 1800; x_wconf 76' lang='grc' dir='ltr'>δὲ</span> <span class='ocrx_word' id='word_1_245' title='bbox 3750 1745 3839 1809; x_wconf 76' lang='grc' dir='ltr'><strong>τὴν</strong></span> 
     </span>
    </p>
   </div>
   <div class='ocr_carea' id='block_1_35' title="bbox 475 1829 2135 1924">
    <p class='ocr_par' dir='ltr' id='par_1_35' title="bbox 475 1829 2116 1924">
     <span class='ocr_line' id='line_1_35' title="bbox 475 1829 2116 1924; baseline -0.005 -12"><span class='ocrx_word' id='word_1_246' title='bbox 475 1863 672 1912; x_wconf 88' lang='lat' dir='ltr'><strong>autem</strong></span> <span class='ocrx_word' id='word_1_247' title='bbox 709 1849 905 1910; x_wconf 89' lang='lat' dir='ltr'><strong>statim</strong></span> <span class='ocrx_word' id='word_1_248' title='bbox 939 1847 996 1907; x_wconf 90' lang='lat' dir='ltr'><strong>in</strong></span> <span class='ocrx_word' id='word_1_249' title='bbox 1045 1829 1306 1908; x_wconf 43' lang='lat' dir='ltr'><strong>medi-um</strong></span> <span class='ocrx_word' id='word_1_250' title='bbox 1334 1847 1644 1906; x_wconf 83' lang='lat' dir='ltr'><strong>adducens</strong></span> <span class='ocrx_word' id='word_1_251' title='bbox 1679 1852 2116 1924; x_wconf 85' lang='lat' dir='ltr'><strong>paupertatem,</strong></span> 
     </span>
    </p>
   </div>
   <div class='ocr_carea' id='block_1_36' title="bbox 2221 1829 3835 1924">
    <p class='ocr_par' dir='ltr' id='par_1_36' title="bbox 2221 1829 3835 1920">
     <span class='ocr_line' id='line_1_36' title="bbox 2221 1829 3835 1920; baseline -0.009 -20"><span class='ocrx_word' id='word_1_252' title='bbox 2221 1847 2445 1902; x_wconf 77' lang='grc' dir='ltr'>ιόνοικον</span> <span class='ocrx_word' id='word_1_253' title='bbox 2508 1829 2650 1904; x_wconf 73' lang='grc' dir='ltr'>εὐθὺς</span> <span class='ocrx_word' id='word_1_254' title='bbox 2693 1829 3126 1920; x_wconf 77' lang='grc' dir='ltr'>προϐαλλόμενος</span> <span class='ocrx_word' id='word_1_255' title='bbox 3187 1839 3434 1916; x_wconf 82' lang='grc' dir='ltr'><strong>ἀπορίαν,</strong></span> <span class='ocrx_word' id='word_1_256' title='bbox 3469 1836 3548 1908; x_wconf 75' lang='grc' dir='ltr'>μὴ</span> <span class='ocrx_word' id='word_1_257' title='bbox 3607 1833 3835 1889; x_wconf 81' lang='grc' dir='ltr'>δύνασθαι</span> 
     </span>
    </p>
   </div>
   <div class='ocr_carea' id='block_1_37' title="bbox 479 1921 2135 2021">
    <p class='ocr_par' dir='ltr' id='par_1_37' title="bbox 479 1921 2116 2021">
     <span class='ocr_line' id='line_1_37' title="bbox 479 1921 2116 2021; baseline -0.006 -20"><span class='ocrx_word' id='word_1_258' title='bbox 479 1959 616 2001; x_wconf 90' lang='lat' dir='ltr'><strong>cum</strong></span> <span class='ocrx_word' id='word_1_259' title='bbox 640 1957 754 2021; x_wconf 84' lang='lat' dir='ltr'><strong>qua</strong></span> <span class='ocrx_word' id='word_1_260' title='bbox 776 1935 1253 2011; x_wconf 82' lang='lat' dir='ltr'><strong>conﬂictabatur,</strong></span> <span class='ocrx_word' id='word_1_261' title='bbox 1279 1935 1514 1996; x_wconf 83' lang='lat' dir='ltr'><strong>dicebat</strong></span> <span class='ocrx_word' id='word_1_262' title='bbox 1541 1953 1606 1994; x_wconf 90' lang='lat' dir='ltr'><strong>se</strong></span> <span class='ocrx_word' id='word_1_263' title='bbox 1634 1921 1753 1994; x_wconf 83' lang='lat' dir='ltr'><strong>non</strong></span> <span class='ocrx_word' id='word_1_264' title='bbox 1781 1921 1952 2013; x_wconf 80' lang='lat' dir='ltr'><strong>posse</strong></span> <span class='ocrx_word' id='word_1_265' title='bbox 1981 1921 2116 1993; x_wconf 88' lang='lat' dir='ltr'><strong>eum</strong></span> 
     </span>
    </p>
   </div>
   <div class='ocr_carea' id='block_1_38' title="bbox 2221 1921 3834 2021">
    <p class='ocr_par' dir='ltr' id='par_1_38' title="bbox 2221 1921 3834 2012">
     <span class='ocr_line' id='line_1_38' title="bbox 2221 1921 3834 2012; baseline -0.009 -21"><span class='ocrx_word' id='word_1_266' title='bbox 2221 1937 2298 2002; x_wconf 75' lang='grc' dir='ltr'>τὴν</span> <span class='ocrx_word' id='word_1_267' title='bbox 2344 1933 2520 2012; x_wconf 78' lang='grc' dir='ltr'>ἀρχὴν</span> <span class='ocrx_word' id='word_1_268' title='bbox 2575 1931 2722 2009; x_wconf 81' lang='grc' dir='ltr'>ἔλεγε</span> <span class='ocrx_word' id='word_1_269' title='bbox 2771 1937 2956 1986; x_wconf 78' lang='grc' dir='ltr'>τοῦτον</span> <span class='ocrx_word' id='word_1_270' title='bbox 3007 1930 3283 1987; x_wconf 75' lang='grc' dir='ltr'>ὠνεῖσθαι,</span> <span class='ocrx_word' id='word_1_271' title='bbox 3337 1925 3487 1991; x_wconf 73' lang='grc' dir='ltr'>Πλὴν</span> <span class='ocrx_word' id='word_1_272' title='bbox 3532 1923 3672 1979; x_wconf 77' lang='grc' dir='ltr'>ἀλλὰ</span> <span class='ocrx_word' id='word_1_273' title='bbox 3725 1921 3834 1982; x_wconf 83' lang='grc' dir='ltr'>τοίς</span> 
     </span>
    </p>
   </div>
   <div class='ocr_carea' id='block_1_39' title="bbox 477 2011 2135 2102">
    <p class='ocr_par' dir='ltr' id='par_1_39' title="bbox 477 2011 2121 2102">
     <span class='ocr_line' id='line_1_39' title="bbox 477 2011 2121 2102; baseline -0.005 -11"><span class='ocrx_word' id='word_1_274' title='bbox 477 2011 703 2091; x_wconf 76' lang='lat' dir='ltr'><strong>emere.</strong></span> <span class='ocrx_word' id='word_1_275' title='bbox 740 2025 856 2090; x_wconf 86' lang='lat' dir='ltr'><strong>Sed</strong></span> <span class='ocrx_word' id='word_1_276' title='bbox 889 2037 1083 2087; x_wconf 90' lang='lat' dir='ltr'><strong>tamen</strong></span> <span class='ocrx_word' id='word_1_277' title='bbox 1112 2025 1214 2086; x_wconf 90' lang='lat' dir='ltr'><strong>ille</strong></span> <span class='ocrx_word' id='word_1_278' title='bbox 1247 2025 1444 2086; x_wconf 80' lang='lat' dir='ltr'><strong>verbis</strong></span> <span class='ocrx_word' id='word_1_279' title='bbox 1469 2024 1644 2084; x_wconf 88' lang='lat' dir='ltr'><strong>amici</strong></span> <span class='ocrx_word' id='word_1_280' title='bbox 1679 2011 2024 2102; x_wconf 87' lang='lat' dir='ltr'><strong>persuasus,</strong></span> <span class='ocrx_word' id='word_1_281' title='bbox 2061 2031 2121 2082; x_wconf 90' lang='lat' dir='ltr'><strong>et</strong></span> 
     </span>
    </p>
   </div>
   <div class='ocr_carea' id='block_1_40' title="bbox 2221 2011 3834 2102">
    <p class='ocr_par' dir='ltr' id='par_1_40' title="bbox 2221 2011 3834 2102">
     <span class='ocr_line' id='line_1_40' title="bbox 2221 2011 3834 2102; baseline -0.011 -20"><span class='ocrx_word' id='word_1_282' title='bbox 2221 2025 2295 2082; x_wconf 74' lang='grc' dir='ltr'>ςοῦ</span> <span class='ocrx_word' id='word_1_283' title='bbox 2365 2011 2516 2102; x_wconf 62' lang='grc' dir='ltr'>φίλου</span> <span class='ocrx_word' id='word_1_284' title='bbox 2588 2020 2768 2097; x_wconf 82' lang='grc' dir='ltr'>λόγοις</span> <span class='ocrx_word' id='word_1_285' title='bbox 2837 2020 3065 2083; x_wconf 85' lang='grc' dir='ltr'>πεισθεὶς</span> <span class='ocrx_word' id='word_1_286' title='bbox 3110 2019 3196 2073; x_wconf 87' lang='grc' dir='ltr'><strong>γαὶ</strong></span> <span class='ocrx_word' id='word_1_287' title='bbox 3253 2017 3472 2095; x_wconf 87' lang='grc' dir='ltr'>χρυσίον</span> <span class='ocrx_word' id='word_1_288' title='bbox 3533 2011 3708 2069; x_wconf 77' lang='grc' dir='ltr'>λαϐὼν</span> <span class='ocrx_word' id='word_1_289' title='bbox 3767 2011 3834 2072; x_wconf 83' lang='grc' dir='ltr'><strong>είς</strong></span> 
     </span>
    </p>
   </div>
   <div class='ocr_carea' id='block_1_41' title="bbox 476 2101 2135 2197">
    <p class='ocr_par' dir='ltr' id='par_1_41' title="bbox 476 2101 2118 2197">
     <span class='ocr_line' id='line_1_41' title="bbox 476 2101 2118 2197; baseline -0.006 -16"><span class='ocrx_word' id='word_1_290' title='bbox 476 2138 621 2181; x_wconf 89' lang='lat' dir='ltr'><strong>auro</strong></span> <span class='ocrx_word' id='word_1_291' title='bbox 649 2125 898 2197; x_wconf 89' lang='lat' dir='ltr'><strong>accepto</strong></span> <span class='ocrx_word' id='word_1_292' title='bbox 931 2115 1146 2195; x_wconf 82' lang='lat' dir='ltr'><strong>fenori,</strong></span> <span class='ocrx_word' id='word_1_293' title='bbox 1179 2116 1327 2177; x_wconf 89' lang='lat' dir='ltr'><strong>emit</strong></span> <span class='ocrx_word' id='word_1_294' title='bbox 1359 2114 1486 2176; x_wconf 91' lang='lat' dir='ltr'><strong>zelo</strong></span> <span class='ocrx_word' id='word_1_295' title='bbox 1518 2101 1845 2174; x_wconf 81' lang='lat' dir='ltr'><strong>ferventem</strong></span> <span class='ocrx_word' id='word_1_296' title='bbox 1880 2111 2118 2172; x_wconf 90' lang='lat' dir='ltr'><strong>Petrum</strong></span> 
     </span>
    </p>
   </div>
   <div class='ocr_carea' id='block_1_42' title="bbox 2221 2101 3836 2197">
    <p class='ocr_par' dir='ltr' id='par_1_42' title="bbox 2221 2101 3836 2188">
     <span class='ocr_line' id='line_1_42' title="bbox 2221 2101 3836 2188; baseline -0.01 -18"><span class='ocrx_word' id='word_1_297' title='bbox 2221 2115 2447 2188; x_wconf 71' lang='grc' dir='ltr'>Ξάνειον,</span> <span class='ocrx_word' id='word_1_298' title='bbox 2522 2111 2738 2166; x_wconf 75' lang='grc' dir='ltr'><strong>ὠνεῖται</strong></span> <span class='ocrx_word' id='word_1_299' title='bbox 2809 2109 2898 2165; x_wconf 84' lang='grc' dir='ltr'>τὸν</span> <span class='ocrx_word' id='word_1_300' title='bbox 2965 2109 3156 2182; x_wconf 80' lang='grc' dir='ltr'>θερμὸν</span> <span class='ocrx_word' id='word_1_301' title='bbox 3230 2106 3430 2182; x_wconf 76' lang='grc' dir='ltr'>Πέτρον</span> <span class='ocrx_word' id='word_1_302' title='bbox 3501 2101 3836 2177; x_wconf 78' lang='grc' dir='ltr'>νομισμάτων</span> 
     </span>
    </p>
   </div>
   <div class='ocr_carea' id='block_1_43' title="bbox 472 2189 2135 2288">
    <p class='ocr_par' dir='ltr' id='par_1_43' title="bbox 472 2189 2121 2288">
     <span class='ocr_line' id='line_1_43' title="bbox 472 2189 2121 2288; baseline -0.005 -18"><span class='ocrx_word' id='word_1_303' title='bbox 472 2209 717 2288; x_wconf 76' lang='lat' dir='ltr'><strong>triginta</strong></span> <span class='ocrx_word' id='word_1_304' title='bbox 748 2189 1035 2268; x_wconf 78' lang='lat' dir='ltr'><strong>nummis.</strong></span> <span class='ocrx_word' id='word_1_305' title='bbox 1072 2189 1233 2276; x_wconf 84' lang='lat' dir='ltr'><strong>Quos</strong></span> <span class='ocrx_word' id='word_1_306' title='bbox 1286 2223 1419 2267; x_wconf 89' lang='lat' dir='ltr'><strong>cum</strong></span> <span class='ocrx_word' id='word_1_307' title='bbox 1454 2205 1786 2283; x_wconf 88' lang='lat' dir='ltr'><strong>accepisset</strong></span> <span class='ocrx_word' id='word_1_308' title='bbox 1836 2219 2121 2282; x_wconf 86' lang='lat' dir='ltr'><strong>procura-</strong></span> 
     </span>
    </p>
   </div>
   <div class='ocr_carea' id='block_1_44' title="bbox 2221 2189 3834 2288">
    <p class='ocr_par' dir='ltr' id='par_1_44' title="bbox 2221 2189 3834 2283">
     <span class='ocr_line' id='line_1_44' title="bbox 2221 2189 3834 2283; baseline -0.012 -22"><span class='ocrx_word' id='word_1_309' title='bbox 2221 2207 2510 2283; x_wconf 75' lang='grc' dir='ltr'>τρίακοντα,</span> <span class='ocrx_word' id='word_1_310' title='bbox 2573 2201 2604 2256; x_wconf 82' lang='grc' dir='ltr'>ἂ</span> <span class='ocrx_word' id='word_1_311' title='bbox 2661 2199 2753 2256; x_wconf 74' lang='grc' dir='ltr'>καὶ</span> <span class='ocrx_word' id='word_1_312' title='bbox 2816 2195 3143 2277; x_wconf 82' lang='grc' dir='ltr'>παραλαϐὼν</span> <span class='ocrx_word' id='word_1_313' title='bbox 3199 2198 3225 2252; x_wconf 92' lang='lat'><strong>6</strong></span> <span class='ocrx_word' id='word_1_314' title='bbox 3293 2194 3601 2272; x_wconf 80' lang='grc' dir='ltr'>ἐπίτροπος,</span> <span class='ocrx_word' id='word_1_315' title='bbox 3649 2189 3834 2269; x_wconf 79' lang='grc' dir='ltr'>ἐχώρει</span> 
     </span>
    </p>
   </div>
   <div class='ocr_carea' id='block_1_45' title="bbox 477 2294 1362 2374">
    <p class='ocr_par' dir='ltr' id='par_1_45' title="bbox 477 2294 1362 2374">
     <span class='ocr_line' id='line_1_45' title="bbox 477 2294 1362 2374; baseline -0.005 -14"><span class='ocrx_word' id='word_1_316' title='bbox 477 2310 590 2372; x_wconf 90' lang='lat' dir='ltr'><strong>tcr,</strong></span> <span class='ocrx_word' id='word_1_317' title='bbox 629 2299 730 2360; x_wconf 85' lang='lat' dir='ltr'><strong>ivit</strong></span> <span class='ocrx_word' id='word_1_318' title='bbox 759 2294 1362 2374; x_wconf 87' lang='lat' dir='ltr'><strong>Constantinopolim.</strong></span> 
     </span>
    </p>
   </div>
   <div class='ocr_carea' id='block_1_46' title="bbox 558 2378 2129 2463">
    <p class='ocr_par' dir='ltr' id='par_1_46' title="bbox 558 2378 2129 2463">
     <span class='ocr_line' id='line_1_46' title="bbox 558 2378 2129 2463; baseline -0.006 -13"><span class='ocrx_word' id='word_1_319' title='bbox 558 2387 674 2450; x_wconf 86' lang='lat' dir='ltr'><strong>XL.</strong></span> <span class='ocrx_word' id='word_1_320' title='bbox 705 2383 955 2449; x_wconf 89' lang='lat' dir='ltr'><strong>Licebat</strong></span> <span class='ocrx_word' id='word_1_321' title='bbox 974 2402 1112 2463; x_wconf 81' lang='lat' dir='ltr'><strong>ergo</strong></span> <span class='ocrx_word' id='word_1_322' title='bbox 1137 2383 1341 2444; x_wconf 86' lang='lat' dir='ltr'><strong>videre</strong></span> <span class='ocrx_word' id='word_1_323' title='bbox 1367 2381 1633 2461; x_wconf 86' lang='lat' dir='ltr'><strong>eum,qui</strong></span> <span class='ocrx_word' id='word_1_324' title='bbox 1658 2387 1904 2461; x_wconf 85' lang='lat' dir='ltr'><strong>propter</strong></span> <span class='ocrx_word' id='word_1_325' title='bbox 1931 2378 2129 2440; x_wconf 85' lang='lat' dir='ltr'><strong>Chris-</strong></span> 
     </span>
    </p>
   </div>
   <div class='ocr_carea' id='block_1_47' title="bbox 477 2469 2128 2554">
    <p class='ocr_par' dir='ltr' id='par_1_47' title="bbox 477 2469 2128 2554">
     <span class='ocr_line' id='line_1_47' title="bbox 477 2469 2128 2554; baseline -0.008 -13"><span class='ocrx_word' id='word_1_326' title='bbox 477 2491 600 2542; x_wconf 91' lang='lat' dir='ltr'><strong>tum</strong></span> <span class='ocrx_word' id='word_1_327' title='bbox 635 2475 1029 2538; x_wconf 86' lang='lat' dir='ltr'><strong>voluntariam</strong></span> <span class='ocrx_word' id='word_1_328' title='bbox 1051 2482 1397 2554; x_wconf 84' lang='lat' dir='ltr'><strong>susceperat</strong></span> <span class='ocrx_word' id='word_1_329' title='bbox 1423 2469 2128 2547; x_wconf 83' lang='lat' dir='ltr'><strong>servitutem,diligentis-</strong></span> 
     </span>
    </p>
   </div>
   <div class='ocr_carea' id='block_1_48' title="bbox 477 2556 2125 2639">
    <p class='ocr_par' dir='ltr' id='par_1_48' title="bbox 477 2556 2125 2639">
     <span class='ocr_line' id='line_1_48' title="bbox 477 2556 2125 2639; baseline -0.008 -7"><span class='ocrx_word' id='word_1_330' title='bbox 477 2571 631 2632; x_wconf 86' lang='lat' dir='ltr'><strong>sime</strong></span> <span class='ocrx_word' id='word_1_331' title='bbox 655 2566 899 2629; x_wconf 90' lang='lat' dir='ltr'><strong>domino</strong></span> <span class='ocrx_word' id='word_1_332' title='bbox 923 2583 1029 2624; x_wconf 90' lang='lat' dir='ltr'><strong>suo</strong></span> <span class='ocrx_word' id='word_1_333' title='bbox 1057 2562 1481 2624; x_wconf 85' lang='lat' dir='ltr'><strong>inservientem</strong></span> <span class='ocrx_word' id='word_1_334' title='bbox 1513 2561 1571 2622; x_wconf 92' lang='lat' dir='ltr'><strong>in</strong></span> <span class='ocrx_word' id='word_1_335' title='bbox 1598 2560 2038 2639; x_wconf 69' lang='lat' dir='ltr'><strong>omnibus,quae</strong></span> <span class='ocrx_word' id='word_1_336' title='bbox 2053 2556 2125 2619; x_wconf 92' lang='lat' dir='ltr'><strong>ad</strong></span> 
     </span>
    </p>
   </div>
   <div class='ocr_carea' id='block_1_49' title="bbox 482 2651 2130 2734">
    <p class='ocr_par' dir='ltr' id='par_1_49' title="bbox 482 2651 2130 2734">
     <span class='ocr_line' id='line_1_49' title="bbox 482 2651 2130 2734; baseline -0.01 -11"><span class='ocrx_word' id='word_1_337' title='bbox 482 2678 658 2724; x_wconf 87' lang='lat' dir='ltr'><strong>usum</strong></span> <span class='ocrx_word' id='word_1_338' title='bbox 683 2656 895 2717; x_wconf 90' lang='lat' dir='ltr'><strong>domus</strong></span> <span class='ocrx_word' id='word_1_339' title='bbox 918 2651 1709 2734; x_wconf 88' lang='lat' dir='ltr'><strong>pertinebant,jejuniisque</strong></span> <span class='ocrx_word' id='word_1_340' title='bbox 1740 2657 2046 2711; x_wconf 86' lang='lat' dir='ltr'><strong>vacantem</strong></span> <span class='ocrx_word' id='word_1_341' title='bbox 2073 2656 2130 2709; x_wconf 87' lang='lat' dir='ltr'><strong>et</strong></span> 
     </span>
    </p>
   </div>
   <div class='ocr_carea' id='block_1_50' title="bbox 486 2741 2127 2828">
    <p class='ocr_par' dir='ltr' id='par_1_50' title="bbox 486 2741 2127 2828">
     <span class='ocr_line' id='line_1_50' title="bbox 486 2741 2127 2828; baseline -0.008 -18"><span class='ocrx_word' id='word_1_342' title='bbox 486 2748 864 2828; x_wconf 69' lang='lat' dir='ltr'><strong>vigiliiszquaa</strong></span> <span class='ocrx_word' id='word_1_343' title='bbox 885 2743 1282 2816; x_wconf 87' lang='lat' dir='ltr'><strong>faciebant,ut</strong></span> <span class='ocrx_word' id='word_1_344' title='bbox 1309 2761 1404 2803; x_wconf 87' lang='lat' dir='ltr'><strong>res</strong></span> <span class='ocrx_word' id='word_1_345' title='bbox 1425 2741 1652 2803; x_wconf 89' lang='lat' dir='ltr'><strong>domini</strong></span> <span class='ocrx_word' id='word_1_346' title='bbox 1688 2743 2127 2800; x_wconf 89' lang='lat' dir='ltr'><strong>incrementum</strong></span> 
     </span>
    </p>
   </div>
   <div class='ocr_carea' id='block_1_51' title="bbox 482 2826 2132 2918">
    <p class='ocr_par' dir='ltr' id='par_1_51' title="bbox 482 2826 2132 2918">
     <span class='ocr_line' id='line_1_51' title="bbox 482 2826 2132 2918; baseline -0.009 -17"><span class='ocrx_word' id='word_1_347' title='bbox 482 2826 847 2918; x_wconf 85' lang='lat' dir='ltr'><strong>acciperent,</strong></span> <span class='ocrx_word' id='word_1_348' title='bbox 882 2843 950 2896; x_wconf 90' lang='lat' dir='ltr'><strong>ut</strong></span> <span class='ocrx_word' id='word_1_349' title='bbox 994 2831 1504 2893; x_wconf 87' lang='lat' dir='ltr'><strong>benedicerentur</strong></span> <span class='ocrx_word' id='word_1_350' title='bbox 1548 2831 1679 2910; x_wconf 84' lang='lat' dir='ltr'><strong>ejus</strong></span> <span class='ocrx_word' id='word_1_351' title='bbox 1712 2829 1943 2903; x_wconf 82' lang='lat' dir='ltr'><strong>ultima,</strong></span> <span class='ocrx_word' id='word_1_352' title='bbox 1975 2826 2132 2887; x_wconf 84' lang='lat' dir='ltr'><strong>sicut</strong></span> 
     </span>
    </p>
   </div>
   <div class='ocr_carea' id='block_1_52' title="bbox 479 2919 2129 3003">
    <p class='ocr_par' dir='ltr' id='par_1_52' title="bbox 479 2919 2129 3003">
     <span class='ocr_line' id='line_1_52' title="bbox 479 2919 2129 3003; baseline -0.01 -12"><span class='ocrx_word' id='word_1_353' title='bbox 479 2928 631 2992; x_wconf 84' lang='lat' dir='ltr'><strong>Jobo</strong></span> <span class='ocrx_word' id='word_1_354' title='bbox 662 2926 716 3002; x_wconf 82' lang='grc'><strong>6,</strong></span> <span class='ocrx_word' id='word_1_355' title='bbox 755 2924 938 3003; x_wconf 85' lang='lat' dir='ltr'><strong>magis</strong></span> <span class='ocrx_word' id='word_1_356' title='bbox 979 2941 1155 3003; x_wconf 89' lang='lat' dir='ltr'><strong>quam</strong></span> <span class='ocrx_word' id='word_1_357' title='bbox 1189 2925 1414 3001; x_wconf 86' lang='lat' dir='ltr'><strong>priora.</strong></span> <span class='ocrx_word' id='word_1_358' title='bbox 1451 2920 1565 2992; x_wconf 88' lang='lat' dir='ltr'><strong>Qui</strong></span> <span class='ocrx_word' id='word_1_359' title='bbox 1627 2919 1804 2980; x_wconf 90' lang='lat' dir='ltr'><strong>etiam</strong></span> <span class='ocrx_word' id='word_1_360' title='bbox 1838 2934 2129 2979; x_wconf 89' lang='lat' dir='ltr'><strong>summam</strong></span> 
     </span>
    </p>
   </div>
   <div class='ocr_carea' id='block_1_53' title="bbox 485 3005 2132 3098">
    <p class='ocr_par' dir='ltr' id='par_1_53' title="bbox 485 3005 2132 3098">
     <span class='ocr_line' id='line_1_53' title="bbox 485 3005 2132 3098; baseline -0.01 -18"><span class='ocrx_word' id='word_1_361' title='bbox 485 3019 616 3098; x_wconf 85' lang='lat' dir='ltr'><strong>ejus</strong></span> <span class='ocrx_word' id='word_1_362' title='bbox 644 3024 920 3076; x_wconf 88' lang='lat' dir='ltr'><strong>virtutem</strong></span> <span class='ocrx_word' id='word_1_363' title='bbox 965 3030 1280 3086; x_wconf 90' lang='lat' dir='ltr'><strong>venerans,</strong></span> <span class='ocrx_word' id='word_1_364' title='bbox 1306 3011 1611 3088; x_wconf 80' lang='lat' dir='ltr'><strong>cogitabat</strong></span> <span class='ocrx_word' id='word_1_365' title='bbox 1644 3026 1779 3070; x_wconf 91' lang='lat' dir='ltr'><strong>eum</strong></span> <span class='ocrx_word' id='word_1_366' title='bbox 1812 3005 2132 3071; x_wconf 83' lang='lat' dir='ltr'><strong>manumit-</strong></span> 
     </span>
    </p>
   </div>
   <div class='ocr_carea' id='block_1_54' title="bbox 2206 2285 3078 2372">
    <p class='ocr_par' dir='ltr' id='par_1_54' title="bbox 2206 2285 3078 2372">
     <span class='ocr_line' id='line_1_54' title="bbox 2206 2285 3078 2372; baseline -0.009 -20"><span class='ocrx_word' id='word_1_367' title='bbox 2206 2296 2335 2372; x_wconf 75' lang='grc' dir='ltr'>πρὸς</span> <span class='ocrx_word' id='word_1_368' title='bbox 2369 2293 2465 2361; x_wconf 72' lang='grc' dir='ltr'><strong>τὴν</strong></span> <span class='ocrx_word' id='word_1_369' title='bbox 2501 2285 3078 2350; x_wconf 77' lang='grc' dir='ltr'>Κωνσταντινούπολιν.</span> 
     </span>
    </p>
   </div>
   <div class='ocr_carea' id='block_1_55' title="bbox 2292 2369 3838 2452">
    <p class='ocr_par' dir='ltr' id='par_1_55' title="bbox 2292 2369 3838 2452">
     <span class='ocr_line' id='line_1_55' title="bbox 2292 2369 3838 2452; baseline -0.01 -13"><span class='ocrx_word' id='word_1_370' title='bbox 2292 2383 2387 2442; x_wconf 81' lang='grc' dir='ltr'><strong>Μ’.</strong></span> <span class='ocrx_word' id='word_1_371' title='bbox 2437 2372 2532 2438; x_wconf 70' lang='grc' dir='ltr'>Ἠν</span> <span class='ocrx_word' id='word_1_372' title='bbox 2584 2381 2672 2438; x_wconf 83' lang='grc' dir='ltr'>οὖν</span> <span class='ocrx_word' id='word_1_373' title='bbox 2730 2377 2862 2435; x_wconf 75' lang='grc' dir='ltr'>ἰδεῖν</span> <span class='ocrx_word' id='word_1_374' title='bbox 2905 2379 2996 2433; x_wconf 75' lang='grc' dir='ltr'>τὸν</span> <span class='ocrx_word' id='word_1_375' title='bbox 3057 2374 3140 2431; x_wconf 82' lang='grc' dir='ltr'><strong>διὰ</strong></span> <span class='ocrx_word' id='word_1_376' title='bbox 3182 2375 3406 2452; x_wconf 82' lang='grc' dir='ltr'>Χριστὸν</span> <span class='ocrx_word' id='word_1_377' title='bbox 3468 2371 3708 2428; x_wconf 75' lang='grc' dir='ltr'>ἑκούσιον</span> <span class='ocrx_word' id='word_1_378' title='bbox 3748 2369 3838 2434; x_wconf 73' lang='grc' dir='ltr'>τὴν</span> 
     </span>
    </p>
   </div>
   <div class='ocr_carea' id='block_1_56' title="bbox 2209 2459 3838 2550">
    <p class='ocr_par' dir='ltr' id='par_1_56' title="bbox 2209 2459 3838 2550">
     <span class='ocr_line' id='line_1_56' title="bbox 2209 2459 3838 2550; baseline -0.011 -18"><span class='ocrx_word' id='word_1_379' title='bbox 2209 2475 2446 2533; x_wconf 84' lang='grc' dir='ltr'>δουλείαν</span> <span class='ocrx_word' id='word_1_380' title='bbox 2486 2469 2882 2550; x_wconf 76' lang='grc' dir='ltr'>προῃρημένον,</span> <span class='ocrx_word' id='word_1_381' title='bbox 2918 2466 3311 2542; x_wconf 64' lang='grc' dir='ltr'>ἐπιμελέστατα</span> <span class='ocrx_word' id='word_1_382' title='bbox 3357 2469 3433 2536; x_wconf 82' lang='grc' dir='ltr'><strong>τῷ</strong></span> <span class='ocrx_word' id='word_1_383' title='bbox 3490 2459 3726 2525; x_wconf 83' lang='grc' dir='ltr'>δεσπὸτῆ</span> <span class='ocrx_word' id='word_1_384' title='bbox 3771 2463 3838 2530; x_wconf 78' lang='grc' dir='ltr'>τῷ</span> 
     </span>
    </p>
   </div>
   <div class='ocr_carea' id='block_1_57' title="bbox 2210 2546 3839 2632">
    <p class='ocr_par' dir='ltr' id='par_1_57' title="bbox 2210 2546 3839 2632">
     <span class='ocr_line' id='line_1_57' title="bbox 2210 2546 3839 2632; baseline -0.012 -11"><span class='ocrx_word' id='word_1_385' title='bbox 2210 2566 2396 2624; x_wconf 74' lang='grc' dir='ltr'>ἑαυτοῦ</span> <span class='ocrx_word' id='word_1_386' title='bbox 2439 2546 2747 2622; x_wconf 31' lang='grc' dir='ltr'>ἐπὶ-πάσαις</span> <span class='ocrx_word' id='word_1_387' title='bbox 2787 2571 2909 2621; x_wconf 79' lang='grc' dir='ltr'>ταῖς</span> <span class='ocrx_word' id='word_1_388' title='bbox 2941 2556 3062 2613; x_wconf 84' lang='grc' dir='ltr'>κατ’</span> <span class='ocrx_word' id='word_1_389' title='bbox 3113 2555 3270 2612; x_wconf 72' lang='grc' dir='ltr'>οἶκον</span> <span class='ocrx_word' id='word_1_390' title='bbox 3301 2553 3505 2632; x_wconf 80' lang='grc' dir='ltr'>χρείαις</span> <span class='ocrx_word' id='word_1_391' title='bbox 3549 2546 3839 2627; x_wconf 76' lang='grc' dir='ltr'>ὑπηρετού-</span> 
     </span>
    </p>
   </div>
   <div class='ocr_carea' id='block_1_58' title="bbox 2212 2639 3839 2732">
    <p class='ocr_par' dir='ltr' id='par_1_58' title="bbox 2212 2639 3839 2732">
     <span class='ocr_line' id='line_1_58' title="bbox 2212 2639 3839 2732; baseline -0.012 -22"><span class='ocrx_word' id='word_1_392' title='bbox 2212 2674 2392 2732; x_wconf 84' lang='grc' dir='ltr'>μενον·</span> <span class='ocrx_word' id='word_1_393' title='bbox 2465 2651 2732 2718; x_wconf 78' lang='grc' dir='ltr'>νηστείαις</span> <span class='ocrx_word' id='word_1_394' title='bbox 2806 2669 2863 2704; x_wconf 88' lang='grc' dir='ltr'><strong>τε</strong></span> <span class='ocrx_word' id='word_1_395' title='bbox 2937 2648 2998 2702; x_wconf 82' lang='grc' dir='ltr'>τὸ</span> <span class='ocrx_word' id='word_1_396' title='bbox 3059 2645 3310 2723; x_wconf 84' lang='grc' dir='ltr'>παράπαν</span> <span class='ocrx_word' id='word_1_397' title='bbox 3378 2643 3474 2698; x_wconf 87' lang='grc' dir='ltr'><strong>καί</strong></span> <span class='ocrx_word' id='word_1_398' title='bbox 3542 2639 3839 2716; x_wconf 82' lang='grc' dir='ltr'>ἀγρυπνίαις</span> 
     </span>
    </p>
   </div>
   <div class='ocr_carea' id='block_1_59' title="bbox 2212 2724 3835 2824">
    <p class='ocr_par' dir='ltr' id='par_1_59' title="bbox 2212 2724 3835 2824">
     <span class='ocr_line' id='line_1_59' title="bbox 2212 2724 3835 2824; baseline -0.013 -22"><span class='ocrx_word' id='word_1_399' title='bbox 2212 2745 2618 2824; x_wconf 77' lang='grc' dir='ltr'>προσκείμενον·</span> <span class='ocrx_word' id='word_1_400' title='bbox 2679 2741 2710 2794; x_wconf 82' lang='grc' dir='ltr'>ἃ</span> <span class='ocrx_word' id='word_1_401' title='bbox 2741 2741 2828 2795; x_wconf 83' lang='grc' dir='ltr'>καὶ</span> <span class='ocrx_word' id='word_1_402' title='bbox 2861 2739 2991 2816; x_wconf 84' lang='grc' dir='ltr'>πρὸς</span> <span class='ocrx_word' id='word_1_403' title='bbox 3037 2735 3351 2807; x_wconf 82' lang='grc' dir='ltr'>πληθυσμὸν</span> <span class='ocrx_word' id='word_1_404' title='bbox 3407 2730 3575 2787; x_wconf 80' lang='grc' dir='ltr'>ἐποίει</span> <span class='ocrx_word' id='word_1_405' title='bbox 3607 2729 3696 2784; x_wconf 86' lang='grc' dir='ltr'><strong>καὶ</strong></span> <span class='ocrx_word' id='word_1_406' title='bbox 3749 2724 3835 2782; x_wconf 74' lang='grc' dir='ltr'><strong>αὖ·</strong></span> 
     </span>
    </p>
   </div>
   <div class='ocr_carea' id='block_1_60' title="bbox 2214 2817 3836 2902">
    <p class='ocr_par' dir='ltr' id='par_1_60' title="bbox 2214 2817 3836 2902">
     <span class='ocr_line' id='line_1_60' title="bbox 2214 2817 3836 2902; baseline -0.009 -13"><span class='ocrx_word' id='word_1_407' title='bbox 2214 2817 2364 2902; x_wconf 71' lang='grc' dir='ltr'>ξησιν</span> <span class='ocrx_word' id='word_1_408' title='bbox 2429 2834 2493 2888; x_wconf 77' lang='grc' dir='ltr'>τὰ</span> <span class='ocrx_word' id='word_1_409' title='bbox 2551 2837 2642 2886; x_wconf 81' lang='grc' dir='ltr'>τοῦ</span> <span class='ocrx_word' id='word_1_410' title='bbox 2705 2828 2965 2885; x_wconf 79' lang='grc' dir='ltr'>δεσπότου</span> <span class='ocrx_word' id='word_1_411' title='bbox 3019 2822 3337 2897; x_wconf 81' lang='grc' dir='ltr'>ἐπιδιδόναι,</span> <span class='ocrx_word' id='word_1_412' title='bbox 3403 2821 3475 2882; x_wconf 83' lang='grc' dir='ltr'>ὼς</span> <span class='ocrx_word' id='word_1_413' title='bbox 3542 2817 3836 2895; x_wconf 72' lang='grc' dir='ltr'>εὖλογηθή·</span> 
     </span>
    </p>
   </div>
   <div class='ocr_carea' id='block_1_61' title="bbox 2214 2905 3840 2993">
    <p class='ocr_par' dir='ltr' id='par_1_61' title="bbox 2214 2905 3840 2993">
     <span class='ocr_line' id='line_1_61' title="bbox 2214 2905 3840 2993; baseline -0.015 -12"><span class='ocrx_word' id='word_1_414' title='bbox 2214 2947 2298 2981; x_wconf 91' lang='grc' dir='ltr'><strong>ναι</strong></span> <span class='ocrx_word' id='word_1_415' title='bbox 2359 2923 2495 2978; x_wconf 77' lang='grc' dir='ltr'>κατὰ</span> <span class='ocrx_word' id='word_1_416' title='bbox 2537 2922 2627 2976; x_wconf 84' lang='grc' dir='ltr'>τὸν</span> <span class='ocrx_word' id='word_1_417' title='bbox 2685 2915 2809 2975; x_wconf 84' lang='grc' dir='ltr'>ἰὼό</span> <span class='ocrx_word' id='word_1_418' title='bbox 2856 2917 2922 2971; x_wconf 81' lang='grc' dir='ltr'>τὰ</span> <span class='ocrx_word' id='word_1_419' title='bbox 2978 2915 3187 2993; x_wconf 81' lang='grc' dir='ltr'>ἔσχατα</span> <span class='ocrx_word' id='word_1_420' title='bbox 3240 2909 3440 2986; x_wconf 82' lang='grc' dir='ltr'>μᾶλλον</span> <span class='ocrx_word' id='word_1_421' title='bbox 3499 2909 3658 2966; x_wconf 77' lang='grc' dir='ltr'>αὐτου</span> <span class='ocrx_word' id='word_1_422' title='bbox 3699 2905 3733 2973; x_wconf 74' lang='grc' dir='ltr'>ἢ</span> <span class='ocrx_word' id='word_1_423' title='bbox 3782 2905 3840 2958; x_wconf 80' lang='grc' dir='ltr'><strong>τὰ</strong></span> 
     </span>
    </p>
   </div>
   <div class='ocr_carea' id='block_1_62' title="bbox 2217 2995 3846 3091">
    <p class='ocr_par' dir='ltr' id='par_1_62' title="bbox 2217 2995 3846 3091">
     <span class='ocr_line' id='line_1_62' title="bbox 2217 2995 3846 3091; baseline -0.014 -20"><span class='ocrx_word' id='word_1_424' title='bbox 2217 3014 2536 3091; x_wconf 71' lang='grc' dir='ltr'>ἔμπροσθεν,</span> <span class='ocrx_word' id='word_1_425' title='bbox 2597 3010 2653 3071; x_wconf 88' lang='grc' dir='ltr'>ὃς</span> <span class='ocrx_word' id='word_1_426' title='bbox 2711 3009 2800 3064; x_wconf 86' lang='grc' dir='ltr'><strong>καὶ</strong></span> <span class='ocrx_word' id='word_1_427' title='bbox 2857 3006 2955 3073; x_wconf 77' lang='grc' dir='ltr'>τὴν</span> <span class='ocrx_word' id='word_1_428' title='bbox 3014 3003 3177 3082; x_wconf 79' lang='grc' dir='ltr'>ἄκραν</span> <span class='ocrx_word' id='word_1_429' title='bbox 3234 3000 3427 3079; x_wconf 74' lang='grc' dir='ltr'>ἀρετὴν</span> <span class='ocrx_word' id='word_1_430' title='bbox 3484 3001 3640 3056; x_wconf 71' lang='grc' dir='ltr'>αὐτοῦ</span> <span class='ocrx_word' id='word_1_431' title='bbox 3695 2995 3846 3054; x_wconf 83' lang='grc' dir='ltr'>δυσω-</span> 
     </span>
    </p>
   </div>
   <div class='ocr_carea' id='block_1_63' title="bbox 488 3086 2135 3189">
    <p class='ocr_par' dir='ltr' id='par_1_63' title="bbox 488 3086 2132 3189">
     <span class='ocr_line' id='line_1_63' title="bbox 488 3086 2132 3189; baseline -0.008 -20"><span class='ocrx_word' id='word_1_432' title='bbox 488 3086 876 3189; x_wconf 71' lang='lat' dir='ltr'><strong>tere,etiamsi</strong></span> <span class='ocrx_word' id='word_1_433' title='bbox 905 3103 1000 3165; x_wconf 91' lang='lat' dir='ltr'><strong>ille</strong></span> <span class='ocrx_word' id='word_1_434' title='bbox 1019 3102 1076 3162; x_wconf 84' lang='lat' dir='ltr'><strong>id</strong></span> <span class='ocrx_word' id='word_1_435' title='bbox 1105 3099 1351 3162; x_wconf 90' lang='lat' dir='ltr'><strong>minime</strong></span> <span class='ocrx_word' id='word_1_436' title='bbox 1367 3086 1914 3189; x_wconf 75' lang='lat' dir='ltr'><strong>admiserit,volens</strong></span> <span class='ocrx_word' id='word_1_437' title='bbox 1937 3097 2132 3176; x_wconf 88' lang='lat' dir='ltr'><strong>potius</strong></span> 
     </span>
    </p>
   </div>
   <div class='ocr_carea' id='block_1_64' title="bbox 2221 3086 3845 3189">
    <p class='ocr_par' dir='ltr' id='par_1_64' title="bbox 2221 3086 3845 3178">
     <span class='ocr_line' id='line_1_64' title="bbox 2221 3086 3845 3178; baseline -0.015 -16"><span class='ocrx_word' id='word_1_438' title='bbox 2221 3105 2504 3178; x_wconf 85' lang='grc' dir='ltr'>πούμενος,</span> <span class='ocrx_word' id='word_1_439' title='bbox 2543 3100 2761 3178; x_wconf 69' lang='grc' dir='ltr'>ἀφεῖναι</span> <span class='ocrx_word' id='word_1_440' title='bbox 2804 3101 2901 3163; x_wconf 78' lang='grc' dir='ltr'>τῆς</span> <span class='ocrx_word' id='word_1_441' title='bbox 2933 3093 3171 3158; x_wconf 86' lang='grc' dir='ltr'>δουλείας</span> <span class='ocrx_word' id='word_1_442' title='bbox 3220 3090 3501 3168; x_wconf 75' lang='grc' dir='ltr'>διενοεῖτο,</span> <span class='ocrx_word' id='word_1_443' title='bbox 3534 3089 3625 3142; x_wconf 75' lang='grc' dir='ltr'><strong>καὶ</strong></span> <span class='ocrx_word' id='word_1_444' title='bbox 3654 3086 3845 3144; x_wconf 79' lang='grc' dir='ltr'>ἐκεῖνος</span> 
     </span>
    </p>
   </div>
   <div class='ocr_carea' id='block_1_65' title="bbox 487 3186 2132 3275">
    <p class='ocr_par' dir='ltr' id='par_1_65' title="bbox 487 3186 2132 3275">
     <span class='ocr_line' id='line_1_65' title="bbox 487 3186 2132 3275; baseline -0.008 -15"><span class='ocrx_word' id='word_1_445' title='bbox 487 3200 549 3261; x_wconf 90' lang='lat' dir='ltr'><strong>in</strong></span> <span class='ocrx_word' id='word_1_446' title='bbox 571 3186 857 3261; x_wconf 83' lang='lat' dir='ltr'><strong>servitute</strong></span> <span class='ocrx_word' id='word_1_447' title='bbox 889 3201 1133 3275; x_wconf 85' lang='lat' dir='ltr'><strong>propter</strong></span> <span class='ocrx_word' id='word_1_448' title='bbox 1164 3191 1462 3254; x_wconf 88' lang='lat' dir='ltr'><strong>Christum</strong></span> <span class='ocrx_word' id='word_1_449' title='bbox 1500 3186 1754 3267; x_wconf 88' lang='lat' dir='ltr'><strong>perpeti,</strong></span> <span class='ocrx_word' id='word_1_450' title='bbox 1787 3205 1963 3266; x_wconf 90' lang='lat' dir='ltr'><strong>quam</strong></span> <span class='ocrx_word' id='word_1_451' title='bbox 1998 3205 2132 3248; x_wconf 88' lang='lat' dir='ltr'><strong>cum</strong></span> 
     </span>
    </p>
   </div>
   <div class='ocr_carea' id='block_1_66' title="bbox 488 3275 2140 3366">
    <p class='ocr_par' dir='ltr' id='par_1_66' title="bbox 488 3275 2140 3366">
     <span class='ocr_line' id='line_1_66' title="bbox 488 3275 2140 3366; baseline -0.008 -15"><span class='ocrx_word' id='word_1_452' title='bbox 488 3288 766 3351; x_wconf 85' lang='lat' dir='ltr'><strong>libertate</strong></span> <span class='ocrx_word' id='word_1_453' title='bbox 789 3278 1252 3366; x_wconf 88' lang='lat' dir='ltr'><strong>quiescere.Sed</strong></span> <span class='ocrx_word' id='word_1_454' title='bbox 1277 3277 1412 3357; x_wconf 89' lang='lat' dir='ltr'><strong>quis</strong></span> <span class='ocrx_word' id='word_1_455' title='bbox 1441 3275 1645 3366; x_wconf 89' lang='lat' dir='ltr'><strong>dicere</strong></span> <span class='ocrx_word' id='word_1_456' title='bbox 1666 3275 1910 3366; x_wconf 90' lang='lat' dir='ltr'><strong>omnino</strong></span> <span class='ocrx_word' id='word_1_457' title='bbox 1937 3285 2140 3366; x_wconf 87' lang='lat' dir='ltr'><strong>potue-</strong></span> 
     </span>
    </p>
   </div>
   <div class='ocr_carea' id='block_1_67' title="bbox 485 3363 2138 3458">
    <p class='ocr_par' dir='ltr' id='par_1_67' title="bbox 485 3363 2138 3458">
     <span class='ocr_line' id='line_1_67' title="bbox 485 3363 2138 3458; baseline -0.008 -18"><span class='ocrx_word' id='word_1_458' title='bbox 485 3379 562 3440; x_wconf 90' lang='lat' dir='ltr'><strong>rit</strong></span> <span class='ocrx_word' id='word_1_459' title='bbox 588 3363 855 3458; x_wconf 75' lang='lat' dir='ltr'><strong>eas,qua3</strong></span> <span class='ocrx_word' id='word_1_460' title='bbox 872 3375 926 3435; x_wconf 92' lang='lat' dir='ltr'><strong>ei</strong></span> <span class='ocrx_word' id='word_1_461' title='bbox 951 3391 984 3434; x_wconf 89' lang='lat' dir='ltr'><strong>a</strong></span> <span class='ocrx_word' id='word_1_462' title='bbox 1007 3370 1266 3450; x_wconf 82' lang='lat' dir='ltr'><strong>maligno</strong></span> <span class='ocrx_word' id='word_1_463' title='bbox 1290 3365 1722 3436; x_wconf 83' lang='lat' dir='ltr'><strong>inferebantur,</strong></span> <span class='ocrx_word' id='word_1_464' title='bbox 1753 3363 2138 3428; x_wconf 82' lang='lat' dir='ltr'><strong>amictiones‘?</strong></span> 
     </span>
    </p>
   </div>
   <div class='ocr_carea' id='block_1_68' title="bbox 490 3456 2137 3546">
    <p class='ocr_par' dir='ltr' id='par_1_68' title="bbox 490 3456 2137 3546">
     <span class='ocr_line' id='line_1_68' title="bbox 490 3456 2137 3546; baseline -0.01 -15"><span class='ocrx_word' id='word_1_465' title='bbox 490 3456 849 3546; x_wconf 82' lang='lat' dir='ltr'><strong>Quicunque</strong></span> <span class='ocrx_word' id='word_1_466' title='bbox 883 3463 1044 3525; x_wconf 90' lang='lat' dir='ltr'><strong>enim</strong></span> <span class='ocrx_word' id='word_1_467' title='bbox 1087 3467 1260 3521; x_wconf 89' lang='lat' dir='ltr'><strong>erant</strong></span> <span class='ocrx_word' id='word_1_468' title='bbox 1285 3477 1319 3520; x_wconf 91' lang='lat' dir='ltr'><strong>a</strong></span> <span class='ocrx_word' id='word_1_469' title='bbox 1350 3456 1592 3529; x_wconf 87' lang='lat' dir='ltr'><strong>familia,</strong></span> <span class='ocrx_word' id='word_1_470' title='bbox 1620 3463 1897 3535; x_wconf 89' lang='lat' dir='ltr'><strong>tanquam</strong></span> <span class='ocrx_word' id='word_1_471' title='bbox 1925 3463 2137 3516; x_wconf 66' lang='lat' dir='ltr'><strong>emotae</strong></span> 
     </span>
    </p>
   </div>
   <div class='ocr_carea' id='block_1_69' title="bbox 494 3545 2133 3638">
    <p class='ocr_par' dir='ltr' id='par_1_69' title="bbox 494 3545 2133 3638">
     <span class='ocr_line' id='line_1_69' title="bbox 494 3545 2133 3638; baseline -0.012 -13"><span class='ocrx_word' id='word_1_472' title='bbox 494 3562 710 3624; x_wconf 91' lang='lat' dir='ltr'><strong>mentis</strong></span> <span class='ocrx_word' id='word_1_473' title='bbox 742 3545 1086 3638; x_wconf 88' lang='lat' dir='ltr'><strong>quempiam</strong></span> <span class='ocrx_word' id='word_1_474' title='bbox 1137 3559 1510 3632; x_wconf 77' lang='lat' dir='ltr'><strong>reputantes,</strong></span> <span class='ocrx_word' id='word_1_475' title='bbox 1544 3547 1861 3638; x_wconf 86' lang='lat' dir='ltr'><strong>aliquando</strong></span> <span class='ocrx_word' id='word_1_476' title='bbox 1893 3545 2133 3638; x_wconf 90' lang='lat' dir='ltr'><strong>quidem</strong></span> 
     </span>
    </p>
   </div>
   <div class='ocr_carea' id='block_1_70' title="bbox 492 3637 2139 3722">
    <p class='ocr_par' dir='ltr' id='par_1_70' title="bbox 492 3637 2139 3722">
     <span class='ocr_line' id='line_1_70' title="bbox 492 3637 2139 3722; baseline -0.009 -8"><span class='ocrx_word' id='word_1_477' title='bbox 492 3670 627 3713; x_wconf 89' lang='lat' dir='ltr'><strong>eum</strong></span> <span class='ocrx_word' id='word_1_478' title='bbox 672 3637 1024 3718; x_wconf 85' lang='lat' dir='ltr'><strong>irridebant,</strong></span> <span class='ocrx_word' id='word_1_479' title='bbox 1060 3638 1379 3722; x_wconf 88' lang='lat' dir='ltr'><strong>aliquando</strong></span> <span class='ocrx_word' id='word_1_480' title='bbox 1410 3648 1608 3699; x_wconf 89' lang='lat' dir='ltr'><strong>autem</strong></span> <span class='ocrx_word' id='word_1_481' title='bbox 1665 3637 1868 3717; x_wconf 88' lang='lat' dir='ltr'><strong>alapas</strong></span> <span class='ocrx_word' id='word_1_482' title='bbox 1899 3637 2139 3716; x_wconf 79' lang='lat' dir='ltr'><strong>inﬂige-</strong></span> 
     </span>
    </p>
   </div>
   <div class='ocr_carea' id='block_1_71' title="bbox 491 3727 2142 3818">
    <p class='ocr_par' dir='ltr' id='par_1_71' title="bbox 491 3727 2142 3818">
     <span class='ocr_line' id='line_1_71' title="bbox 491 3727 2142 3818; baseline -0.01 -12"><span class='ocrx_word' id='word_1_483' title='bbox 491 3742 658 3818; x_wconf 86' lang='lat' dir='ltr'><strong>bant,</strong></span> <span class='ocrx_word' id='word_1_484' title='bbox 685 3750 734 3802; x_wconf 91' lang='lat' dir='ltr'><strong>et</strong></span> <span class='ocrx_word' id='word_1_485' title='bbox 769 3757 886 3800; x_wconf 90' lang='lat' dir='ltr'><strong>non</strong></span> <span class='ocrx_word' id='word_1_486' title='bbox 921 3730 1369 3796; x_wconf 87' lang='lat' dir='ltr'><strong>desistebantei</strong></span> <span class='ocrx_word' id='word_1_487' title='bbox 1398 3727 1678 3790; x_wconf 89' lang='lat' dir='ltr'><strong>omnibus</strong></span> <span class='ocrx_word' id='word_1_488' title='bbox 1709 3728 1903 3789; x_wconf 89' lang='lat' dir='ltr'><strong>modis</strong></span> <span class='ocrx_word' id='word_1_489' title='bbox 1924 3729 2142 3790; x_wconf 75' lang='lat' dir='ltr'><strong>afferre</strong></span> 
     </span>
    </p>
   </div>
   <div class='ocr_carea' id='block_1_72' title="bbox 494 3818 2139 3901">
    <p class='ocr_par' dir='ltr' id='par_1_72' title="bbox 494 3818 2139 3901">
     <span class='ocr_line' id='line_1_72' title="bbox 494 3818 2139 3901; baseline -0.011 -6"><span class='ocrx_word' id='word_1_490' title='bbox 494 3831 857 3895; x_wconf 88' lang='lat' dir='ltr'><strong>molestiam.</strong></span> <span class='ocrx_word' id='word_1_491' title='bbox 890 3823 1366 3901; x_wconf 82' lang='lat' dir='ltr'><strong>Quotiescunque</strong></span> <span class='ocrx_word' id='word_1_492' title='bbox 1393 3827 1587 3880; x_wconf 87' lang='lat' dir='ltr'><strong>autem</strong></span> <span class='ocrx_word' id='word_1_493' title='bbox 1612 3818 1953 3898; x_wconf 83' lang='lat' dir='ltr'><strong>contigisset</strong></span> <span class='ocrx_word' id='word_1_494' title='bbox 1979 3837 2139 3893; x_wconf 90' lang='lat' dir='ltr'><strong>eum,</strong></span> 
     </span>
    </p>
   </div>
   <div class='ocr_carea' id='block_1_73' title="bbox 492 3908 2147 3986">
    <p class='ocr_par' dir='ltr' id='par_1_73' title="bbox 492 3908 2147 3986">
     <span class='ocr_line' id='line_1_73' title="bbox 492 3908 2147 3986; baseline -0.011 0"><span class='ocrx_word' id='word_1_495' title='bbox 492 3919 904 3986; x_wconf 90' lang='lat' dir='ltr'><strong>contumelisa</strong></span> <span class='ocrx_word' id='word_1_496' title='bbox 930 3912 1230 3976; x_wconf 79' lang='lat' dir='ltr'><strong>conservis</strong></span> <span class='ocrx_word' id='word_1_497' title='bbox 1257 3908 1830 3983; x_wconf 72' lang='lat' dir='ltr'><strong>aifectum,dormire</strong></span> <span class='ocrx_word' id='word_1_498' title='bbox 1861 3927 1994 3970; x_wconf 91' lang='lat' dir='ltr'><strong>cum</strong></span> <span class='ocrx_word' id='word_1_499' title='bbox 2021 3908 2147 3970; x_wconf 87' lang='lat' dir='ltr'><strong>ani-</strong></span> 
     </span>
    </p>
   </div>
   <div class='ocr_carea' id='block_1_74' title="bbox 495 3995 2147 4088">
    <p class='ocr_par' dir='ltr' id='par_1_74' title="bbox 495 3995 2147 4088">
     <span class='ocr_line' id='line_1_74' title="bbox 495 3995 2147 4088; baseline -0.01 -13"><span class='ocrx_word' id='word_1_500' title='bbox 495 4014 577 4075; x_wconf 89' lang='lat' dir='ltr'><strong>mi</strong></span> <span class='ocrx_word' id='word_1_501' title='bbox 599 4007 980 4088; x_wconf 68' lang='lat' dir='ltr'><strong>aagritudine,</strong></span> <span class='ocrx_word' id='word_1_502' title='bbox 1017 4003 1188 4065; x_wconf 86' lang='lat' dir='ltr'><strong>toties</strong></span> <span class='ocrx_word' id='word_1_503' title='bbox 1221 4004 1272 4062; x_wconf 89' lang='lat' dir='ltr'><strong>ei</strong></span> <span class='ocrx_word' id='word_1_504' title='bbox 1316 3998 1636 4061; x_wconf 88' lang='lat' dir='ltr'><strong>assistebat</strong></span> <span class='ocrx_word' id='word_1_505' title='bbox 1665 4005 1723 4057; x_wconf 89' lang='lat' dir='ltr'><strong>in</strong></span> <span class='ocrx_word' id='word_1_506' title='bbox 1757 3999 2010 4075; x_wconf 87' lang='lat' dir='ltr'><strong>somnis,</strong></span> <span class='ocrx_word' id='word_1_507' title='bbox 2045 3995 2147 4078; x_wconf 84' lang='lat' dir='ltr'><strong>qui</strong></span> 
     </span>
    </p>
   </div>
   <div class='ocr_carea' id='block_1_75' title="bbox 495 4088 2145 4169">
    <p class='ocr_par' dir='ltr' id='par_1_75' title="bbox 495 4088 2145 4169">
     <span class='ocr_line' id='line_1_75' title="bbox 495 4088 2145 4169; baseline -0.008 -8"><span class='ocrx_word' id='word_1_508' title='bbox 495 4101 561 4162; x_wconf 89' lang='lat' dir='ltr'><strong>in</strong></span> <span class='ocrx_word' id='word_1_509' title='bbox 586 4099 785 4161; x_wconf 81' lang='lat' dir='ltr'><strong>Africa</strong></span> <span class='ocrx_word' id='word_1_510' title='bbox 807 4099 878 4157; x_wconf 91' lang='lat' dir='ltr'><strong>ab</strong></span> <span class='ocrx_word' id='word_1_511' title='bbox 904 4115 973 4157; x_wconf 91' lang='lat' dir='ltr'><strong>eo</strong></span> <span class='ocrx_word' id='word_1_512' title='bbox 999 4095 1160 4155; x_wconf 90' lang='lat' dir='ltr'><strong>visus</strong></span> <span class='ocrx_word' id='word_1_513' title='bbox 1183 4092 1389 4156; x_wconf 77' lang='lat' dir='ltr'><strong>fuerat.</strong></span> <span class='ocrx_word' id='word_1_514' title='bbox 1406 4090 1726 4169; x_wconf 88' lang='lat' dir='ltr'><strong>ferensque</strong></span> <span class='ocrx_word' id='word_1_515' title='bbox 1747 4088 1875 4169; x_wconf 86' lang='lat' dir='ltr'><strong>ejus</strong></span> <span class='ocrx_word' id='word_1_516' title='bbox 1900 4098 2145 4167; x_wconf 86' lang='lat' dir='ltr'><strong>vestem,</strong></span> 
     </span>
    </p>
   </div>
   <div class='ocr_carea' id='block_1_76' title="bbox 499 4177 2148 4268">
    <p class='ocr_par' dir='ltr' id='par_1_76' title="bbox 499 4177 2148 4268">
     <span class='ocr_line' id='line_1_76' title="bbox 499 4177 2148 4268; baseline -0.007 -19"><span class='ocrx_word' id='word_1_517' title='bbox 499 4199 559 4251; x_wconf 91' lang='lat' dir='ltr'><strong>et</strong></span> <span class='ocrx_word' id='word_1_518' title='bbox 580 4186 832 4268; x_wconf 89' lang='lat' dir='ltr'><strong>pretium</strong></span> <span class='ocrx_word' id='word_1_519' title='bbox 860 4185 1103 4263; x_wconf 81' lang='lat' dir='ltr'><strong>triginta</strong></span> <span class='ocrx_word' id='word_1_520' title='bbox 1130 4199 1344 4243; x_wconf 87' lang='lat' dir='ltr'><strong>aureos</strong></span> <span class='ocrx_word' id='word_1_521' title='bbox 1374 4178 1694 4268; x_wconf 26' lang='lat' dir='ltr'><strong>habensﬁin</strong></span> <span class='ocrx_word' id='word_1_522' title='bbox 1725 4177 2022 4240; x_wconf 89' lang='lat' dir='ltr'><strong>manibus:</strong></span> <span class='ocrx_word' id='word_1_523' title='bbox 2057 4179 2148 4240; x_wconf 89' lang='lat' dir='ltr'><strong>Ne</strong></span> 
     </span>
    </p>
   </div>
   <div class='ocr_carea' id='block_1_77' title="bbox 500 4266 2150 4350">
    <p class='ocr_par' dir='ltr' id='par_1_77' title="bbox 500 4266 2150 4350">
     <span class='ocr_line' id='line_1_77' title="bbox 500 4266 2150 4350; baseline -0.008 -10"><span class='ocrx_word' id='word_1_524' title='bbox 500 4266 595 4340; x_wconf 82' lang='lat' dir='ltr'><strong>sis</strong></span> <span class='ocrx_word' id='word_1_525' title='bbox 637 4275 844 4350; x_wconf 89' lang='lat' dir='ltr'><strong>tristis,</strong></span> <span class='ocrx_word' id='word_1_526' title='bbox 879 4273 1098 4347; x_wconf 87' lang='lat' dir='ltr'><strong>aiebat,</strong></span> <span class='ocrx_word' id='word_1_527' title='bbox 1132 4272 1315 4332; x_wconf 83' lang='lat' dir='ltr'><strong>frater</strong></span> <span class='ocrx_word' id='word_1_528' title='bbox 1361 4269 1560 4330; x_wconf 83' lang='lat' dir='ltr'><strong>Petro.</strong></span> <span class='ocrx_word' id='word_1_529' title='bbox 1604 4267 1724 4347; x_wconf 73' lang='lat' dir='ltr'><strong>Ego</strong></span> <span class='ocrx_word' id='word_1_530' title='bbox 1759 4267 1920 4329; x_wconf 88' lang='lat' dir='ltr'><strong>enim</strong></span> <span class='ocrx_word' id='word_1_531' title='bbox 1970 4266 2150 4328; x_wconf 89' lang='lat' dir='ltr'><strong>etiam</strong></span> 
     </span>
    </p>
   </div>
   <div class='ocr_carea' id='block_1_78' title="bbox 502 4359 1909 4446">
    <p class='ocr_par' dir='ltr' id='par_1_78' title="bbox 502 4359 1909 4446">
     <span class='ocr_line' id='line_1_78' title="bbox 502 4359 1909 4446; baseline -0.009 -14"><span class='ocrx_word' id='word_1_532' title='bbox 502 4379 670 4433; x_wconf 88' lang='lat' dir='ltr'><strong>tuum</strong></span> <span class='ocrx_word' id='word_1_533' title='bbox 703 4367 910 4446; x_wconf 89' lang='lat' dir='ltr'><strong>accepi</strong></span> <span class='ocrx_word' id='word_1_534' title='bbox 940 4361 1224 4446; x_wconf 87' lang='lat' dir='ltr'><strong>pretium,</strong></span> <span class='ocrx_word' id='word_1_535' title='bbox 1259 4361 1418 4422; x_wconf 84' lang='lat' dir='ltr'><strong>sicut</strong></span> <span class='ocrx_word' id='word_1_536' title='bbox 1451 4359 1618 4438; x_wconf 84' lang='lat' dir='ltr'><strong>prius</strong></span> <span class='ocrx_word' id='word_1_537' title='bbox 1659 4371 1909 4419; x_wconf 79' lang='lat' dir='ltr'><strong>veStem.</strong></span> 
     </span>
    </p>
   </div>
   <div class='ocr_carea' id='block_1_79' title="bbox 2226 3173 3847 3267">
    <p class='ocr_par' dir='ltr' id='par_1_79' title="bbox 2226 3173 3847 3267">
     <span class='ocr_line' id='line_1_79' title="bbox 2226 3173 3847 3267; baseline -0.014 -16"><span class='ocrx_word' id='word_1_538' title='bbox 2226 3173 2414 3262; x_wconf 66' lang='grc' dir='ltr'>ἥκιστα</span> <span class='ocrx_word' id='word_1_539' title='bbox 2473 3173 2790 3267; x_wconf 73' lang='grc' dir='ltr'>παρεδέξατο</span> <span class='ocrx_word' id='word_1_540' title='bbox 2835 3185 2932 3251; x_wconf 76' lang='grc' dir='ltr'><strong>την</strong></span> <span class='ocrx_word' id='word_1_541' title='bbox 2982 3184 3035 3240; x_wconf 81' lang='grc' dir='ltr'>ἐν</span> <span class='ocrx_word' id='word_1_542' title='bbox 3093 3181 3300 3248; x_wconf 83' lang='grc' dir='ltr'>δουλείᾳ</span> <span class='ocrx_word' id='word_1_543' title='bbox 3351 3177 3436 3235; x_wconf 77' lang='grc' dir='ltr'><strong>διὰ</strong></span> <span class='ocrx_word' id='word_1_544' title='bbox 3475 3178 3700 3254; x_wconf 81' lang='grc' dir='ltr'>Χριστὸν</span> <span class='ocrx_word' id='word_1_545' title='bbox 3743 3173 3847 3229; x_wconf 79' lang='grc' dir='ltr'>ὶλό-</span> 
     </span>
    </p>
   </div>
   <div class='ocr_carea' id='block_1_80' title="bbox 2221 3265 3845 3362">
    <p class='ocr_par' dir='ltr' id='par_1_80' title="bbox 2221 3265 3845 3362">
     <span class='ocr_line' id='line_1_80' title="bbox 2221 3265 3845 3362; baseline -0.015 -20"><span class='ocrx_word' id='word_1_546' title='bbox 2221 3305 2379 3362; x_wconf 83' lang='grc' dir='ltr'>μενος</span> <span class='ocrx_word' id='word_1_547' title='bbox 2439 3265 2820 3348; x_wconf 74' lang='grc' dir='ltr'>κακὸπάθειαν,</span> <span class='ocrx_word' id='word_1_548' title='bbox 2863 3274 2900 3342; x_wconf 70' lang='grc' dir='ltr'>ἢ</span> <span class='ocrx_word' id='word_1_549' title='bbox 2942 3272 3039 3340; x_wconf 77' lang='grc' dir='ltr'><strong>τὴν</strong></span> <span class='ocrx_word' id='word_1_550' title='bbox 3095 3268 3214 3348; x_wconf 83' lang='grc' dir='ltr'>μετ’</span> <span class='ocrx_word' id='word_1_551' title='bbox 3271 3267 3563 3347; x_wconf 76' lang='grc' dir='ltr'>ἐλευθερίας</span> <span class='ocrx_word' id='word_1_552' title='bbox 3617 3265 3845 3321; x_wconf 79' lang='grc' dir='ltr'>ἀνάπαυ-</span> 
     </span>
    </p>
   </div>
   <div class='ocr_carea' id='block_1_81' title="bbox 2222 3353 3844 3435">
    <p class='ocr_par' dir='ltr' id='par_1_81' title="bbox 2222 3353 3844 3435">
     <span class='ocr_line' id='line_1_81' title="bbox 2222 3353 3844 3435; baseline -0.014 -5"><span class='ocrx_word' id='word_1_553' title='bbox 2222 3353 2328 3435; x_wconf 77' lang='grc' dir='ltr'>σιν,</span> <span class='ocrx_word' id='word_1_554' title='bbox 2380 3367 2550 3426; x_wconf 59' lang='grc' dir='ltr'>Ἀλλὰ</span> <span class='ocrx_word' id='word_1_555' title='bbox 2579 3366 2657 3431; x_wconf 87' lang='grc' dir='ltr'><strong>τίς</strong></span> <span class='ocrx_word' id='word_1_556' title='bbox 2686 3365 2746 3420; x_wconf 82' lang='grc' dir='ltr'><strong>ἃν</strong></span> <span class='ocrx_word' id='word_1_557' title='bbox 2778 3363 2971 3430; x_wconf 75' lang='grc' dir='ltr'>ἐξείποι</span> <span class='ocrx_word' id='word_1_558' title='bbox 3025 3361 3118 3424; x_wconf 75' lang='grc' dir='ltr'>τὰς</span> <span class='ocrx_word' id='word_1_559' title='bbox 3147 3363 3210 3416; x_wconf 69' lang='grc' dir='ltr'>ὲκ</span> <span class='ocrx_word' id='word_1_560' title='bbox 3239 3365 3331 3415; x_wconf 82' lang='grc' dir='ltr'>τοῦ</span> <span class='ocrx_word' id='word_1_561' title='bbox 3371 3362 3604 3434; x_wconf 82' lang='grc' dir='ltr'>πονῆρσῦ</span> <span class='ocrx_word' id='word_1_562' title='bbox 3651 3353 3844 3413; x_wconf 80' lang='grc' dir='ltr'>πάντως</span> 
     </span>
    </p>
   </div>
   <div class='ocr_carea' id='block_1_82' title="bbox 2220 3441 3845 3539">
    <p class='ocr_par' dir='ltr' id='par_1_82' title="bbox 2220 3441 3845 3539">
     <span class='ocr_line' id='line_1_82' title="bbox 2220 3441 3845 3539; baseline -0.016 -19"><span class='ocrx_word' id='word_1_563' title='bbox 2220 3458 2556 3539; x_wconf 77' lang='grc' dir='ltr'>ἐπαγομένας</span> <span class='ocrx_word' id='word_1_564' title='bbox 2601 3457 2744 3527; x_wconf 79' lang='grc' dir='ltr'>αὒτῷ</span> <span class='ocrx_word' id='word_1_565' title='bbox 2783 3451 2988 3527; x_wconf 82' lang='grc' dir='ltr'>θλίψεις</span> <span class='ocrx_word' id='word_1_566' title='bbox 3018 3467 3034 3525; x_wconf 86' lang='grc'>;</span> <span class='ocrx_word' id='word_1_567' title='bbox 3069 3453 3130 3507; x_wconf 76' lang='lat' dir='ltr'><strong>Oi</strong></span> <span class='ocrx_word' id='word_1_568' title='bbox 3171 3447 3271 3525; x_wconf 79' lang='grc' dir='ltr'><strong>γὰρ</strong></span> <span class='ocrx_word' id='word_1_569' title='bbox 3315 3468 3412 3515; x_wconf 78' lang='grc' dir='ltr'><strong>της</strong></span> <span class='ocrx_word' id='word_1_570' title='bbox 3445 3445 3613 3501; x_wconf 80' lang='grc' dir='ltr'>οἰκίας</span> <span class='ocrx_word' id='word_1_571' title='bbox 3670 3441 3845 3539; x_wconf 71' lang='grc' dir='ltr'>πάντες</span> 
     </span>
    </p>
   </div>
   <div class='ocr_carea' id='block_1_83' title="bbox 2218 3528 3845 3624">
    <p class='ocr_par' dir='ltr' id='par_1_83' title="bbox 2218 3528 3845 3624">
     <span class='ocr_line' id='line_1_83' title="bbox 2218 3528 3845 3624; baseline -0.017 -14"><span class='ocrx_word' id='word_1_572' title='bbox 2218 3554 2290 3615; x_wconf 79' lang='grc' dir='ltr'>ὣς</span> <span class='ocrx_word' id='word_1_573' title='bbox 2339 3528 2460 3606; x_wconf 65' lang='grc' dir='ltr'>τινα</span> <span class='ocrx_word' id='word_1_574' title='bbox 2490 3545 2802 3624; x_wconf 77' lang='grc' dir='ltr'>παράκοπον</span> <span class='ocrx_word' id='word_1_575' title='bbox 2831 3540 2958 3598; x_wconf 78' lang='grc' dir='ltr'>ὄντα</span> <span class='ocrx_word' id='word_1_576' title='bbox 2999 3552 3121 3603; x_wconf 79' lang='grc' dir='ltr'>ταῖς</span> <span class='ocrx_word' id='word_1_577' title='bbox 3156 3537 3306 3615; x_wconf 70' lang='grc' dir='ltr'>φρεσὶ</span> <span class='ocrx_word' id='word_1_578' title='bbox 3357 3534 3701 3612; x_wconf 83' lang='grc' dir='ltr'>λογιζόμενοι</span> <span class='ocrx_word' id='word_1_579' title='bbox 3731 3528 3845 3586; x_wconf 68' lang='grc' dir='ltr'>ποτὲ</span> 
     </span>
    </p>
   </div>
   <div class='ocr_carea' id='block_1_84' title="bbox 2220 3619 3846 3720">
    <p class='ocr_par' dir='ltr' id='par_1_84' title="bbox 2220 3619 3846 3720">
     <span class='ocr_line' id='line_1_84' title="bbox 2220 3619 3846 3720; baseline -0.007 -24"><span class='ocrx_word' id='word_1_580' title='bbox 2220 3646 2318 3720; x_wconf 80' lang='grc' dir='ltr'>μὲν</span> <span class='ocrx_word' id='word_1_581' title='bbox 2379 3639 2730 3697; x_wconf 79' lang='grc' dir='ltr'>ἀπέσκωπτον</span> <span class='ocrx_word' id='word_1_582' title='bbox 2763 3635 2836 3697; x_wconf 82' lang='grc' dir='ltr'><strong>είς</strong></span> <span class='ocrx_word' id='word_1_583' title='bbox 2896 3633 3077 3704; x_wconf 74' lang='grc' dir='ltr'>αὐτὸν,</span> <span class='ocrx_word' id='word_1_584' title='bbox 3119 3627 3250 3685; x_wconf 81' lang='grc' dir='ltr'>ποτὲ</span> <span class='ocrx_word' id='word_1_585' title='bbox 3285 3625 3338 3682; x_wconf 80' lang='grc' dir='ltr'>δὲ</span> <span class='ocrx_word' id='word_1_586' title='bbox 3375 3624 3469 3680; x_wconf 82' lang='grc' dir='ltr'><strong>καί</strong></span> <span class='ocrx_word' id='word_1_587' title='bbox 3528 3625 3616 3679; x_wconf 68' lang='grc' dir='ltr'>επὶ</span> <span class='ocrx_word' id='word_1_588' title='bbox 3671 3619 3846 3698; x_wconf 74' lang='grc' dir='ltr'>κόῤῥης</span> 
     </span>
    </p>
   </div>
   <div class='ocr_carea' id='block_1_85' title="bbox 2225 3712 3846 3813">
    <p class='ocr_par' dir='ltr' id='par_1_85' title="bbox 2225 3712 3846 3813">
     <span class='ocr_line' id='line_1_85' title="bbox 2225 3712 3846 3813; baseline -0.02 -21"><span class='ocrx_word' id='word_1_589' title='bbox 2225 3712 2522 3813; x_wconf 56' lang='grc' dir='ltr'>ὲρῥάπιζον,</span> <span class='ocrx_word' id='word_1_590' title='bbox 2552 3728 2638 3783; x_wconf 86' lang='grc' dir='ltr'>καὶ</span> <span class='ocrx_word' id='word_1_591' title='bbox 2671 3725 2844 3782; x_wconf 81' lang='grc' dir='ltr'>πάντα</span> <span class='ocrx_word' id='word_1_592' title='bbox 2876 3723 3070 3794; x_wconf 86' lang='grc' dir='ltr'>τρόπον</span> <span class='ocrx_word' id='word_1_593' title='bbox 3104 3719 3354 3779; x_wconf 82' lang='grc' dir='ltr'>ἀνιῶντες</span> <span class='ocrx_word' id='word_1_594' title='bbox 3405 3716 3465 3770; x_wconf 75' lang='grc' dir='ltr'>οὗ</span> <span class='ocrx_word' id='word_1_595' title='bbox 3493 3712 3846 3788; x_wconf 84' lang='grc' dir='ltr'>διελίμπανον,</span> 
     </span>
    </p>
   </div>
   <div class='ocr_carea' id='block_1_86' title="bbox 2228 3800 3852 3890">
    <p class='ocr_par' dir='ltr' id='par_1_86' title="bbox 2228 3800 3852 3890">
     <span class='ocr_line' id='line_1_86' title="bbox 2228 3800 3852 3890; baseline -0.018 -8"><span class='ocrx_word' id='word_1_596' title='bbox 2228 3800 2448 3884; x_wconf 66' lang='grc' dir='ltr'><strong>’ὅσάκιξ</strong></span> <span class='ocrx_word' id='word_1_597' title='bbox 2510 3800 2600 3873; x_wconf 81' lang='grc' dir='ltr'>οὖν</span> <span class='ocrx_word' id='word_1_598' title='bbox 2630 3811 2863 3890; x_wconf 80' lang='grc' dir='ltr'>συμϐαίη</span> <span class='ocrx_word' id='word_1_599' title='bbox 2915 3818 3098 3868; x_wconf 82' lang='grc' dir='ltr'>τοῦτον</span> <span class='ocrx_word' id='word_1_600' title='bbox 3127 3809 3229 3864; x_wconf 80' lang='grc' dir='ltr'><strong>ὑπὸ</strong></span> <span class='ocrx_word' id='word_1_601' title='bbox 3279 3810 3384 3861; x_wconf 85' lang='grc' dir='ltr'><strong>τῶν</strong></span> <span class='ocrx_word' id='word_1_602' title='bbox 3415 3801 3722 3879; x_wconf 71' lang='grc' dir='ltr'>ὁμοδούλων</span> <span class='ocrx_word' id='word_1_603' title='bbox 3762 3800 3852 3872; x_wconf 75' lang='grc' dir='ltr'><strong>ἑμ-</strong></span> 
     </span>
    </p>
   </div>
   <div class='ocr_carea' id='block_1_87' title="bbox 2227 3888 3853 3991">
    <p class='ocr_par' dir='ltr' id='par_1_87' title="bbox 2227 3888 3853 3991">
     <span class='ocr_line' id='line_1_87' title="bbox 2227 3888 3853 3991; baseline -0.02 -18"><span class='ocrx_word' id='word_1_604' title='bbox 2227 3911 2666 3991; x_wconf 81' lang='grc' dir='ltr'>παροινούμενον,</span> <span class='ocrx_word' id='word_1_605' title='bbox 2756 3903 2810 3960; x_wconf 79' lang='grc' dir='ltr'>ἐν</span> <span class='ocrx_word' id='word_1_606' title='bbox 2895 3900 3035 3977; x_wconf 77' lang='grc' dir='ltr'>λύπῃ</span> <span class='ocrx_word' id='word_1_607' title='bbox 3121 3895 3466 3971; x_wconf 71' lang='grc' dir='ltr'>κοιμηθῆναι,</span> <span class='ocrx_word' id='word_1_608' title='bbox 3551 3888 3853 3950; x_wconf 59' lang='grc' dir='ltr'>τασαλτακις</span> 
     </span>
    </p>
   </div>
   <div class='ocr_carea' id='block_1_88' title="bbox 2231 3980 3855 4076">
    <p class='ocr_par' dir='ltr' id='par_1_88' title="bbox 2231 3980 3855 4076">
     <span class='ocr_line' id='line_1_88' title="bbox 2231 3980 3855 4076; baseline -0.02 -14"><span class='ocrx_word' id='word_1_609' title='bbox 2231 3980 2372 4076; x_wconf 73' lang='grc' dir='ltr'>αὐτῷ</span> <span class='ocrx_word' id='word_1_610' title='bbox 2401 3980 2527 4076; x_wconf 68' lang='grc' dir='ltr'>ὄναρ</span> <span class='ocrx_word' id='word_1_611' title='bbox 2572 3995 2822 4075; x_wconf 73' lang='grc' dir='ltr'>ἐφίσταται</span> <span class='ocrx_word' id='word_1_612' title='bbox 2869 3994 2896 4049; x_wconf 89' lang='lat'><strong>6</strong></span> <span class='ocrx_word' id='word_1_613' title='bbox 2953 3990 3006 4048; x_wconf 71' lang='grc' dir='ltr'>ἓν</span> <span class='ocrx_word' id='word_1_614' title='bbox 3044 3990 3274 4068; x_wconf 73' lang='grc' dir='ltr'>Ἀφρικῇ</span> <span class='ocrx_word' id='word_1_615' title='bbox 3317 3982 3552 4076; x_wconf 78' lang='grc' dir='ltr'>ὁραθείε,</span> <span class='ocrx_word' id='word_1_616' title='bbox 3604 3980 3771 4076; x_wconf 59' lang='grc' dir='ltr'>φόρων</span> <span class='ocrx_word' id='word_1_617' title='bbox 3808 3995 3855 4031; x_wconf 85' lang='grc' dir='ltr'><strong>τε</strong></span> 
     </span>
    </p>
   </div>
   <div class='ocr_carea' id='block_1_89' title="bbox 2230 4070 3858 4159">
    <p class='ocr_par' dir='ltr' id='par_1_89' title="bbox 2230 4070 3858 4159">
     <span class='ocr_line' id='line_1_89' title="bbox 2230 4070 3858 4159; baseline -0.021 -7"><span class='ocrx_word' id='word_1_618' title='bbox 2230 4098 2390 4154; x_wconf 74' lang='grc' dir='ltr'><strong>αὒτοῦ</strong></span> <span class='ocrx_word' id='word_1_619' title='bbox 2458 4090 2519 4144; x_wconf 82' lang='grc' dir='ltr'>τὸ</span> <span class='ocrx_word' id='word_1_620' title='bbox 2592 4085 2801 4159; x_wconf 79' lang='grc' dir='ltr'>ἱμάτιον</span> <span class='ocrx_word' id='word_1_621' title='bbox 2871 4081 2958 4138; x_wconf 78' lang='grc' dir='ltr'>καὶ</span> <span class='ocrx_word' id='word_1_622' title='bbox 3001 4079 3098 4146; x_wconf 78' lang='grc' dir='ltr'><strong>τὴν</strong></span> <span class='ocrx_word' id='word_1_623' title='bbox 3168 4076 3332 4148; x_wconf 79' lang='grc' dir='ltr'>τιμὴν</span> <span class='ocrx_word' id='word_1_624' title='bbox 3399 4074 3517 4136; x_wconf 76' lang='grc' dir='ltr'>τοὺς</span> <span class='ocrx_word' id='word_1_625' title='bbox 3595 4070 3858 4150; x_wconf 66' lang='grc' dir='ltr'>τριάκοντα</span> 
     </span>
    </p>
   </div>
   <div class='ocr_carea' id='block_1_90' title="bbox 2232 4157 3858 4265">
    <p class='ocr_par' dir='ltr' id='par_1_90' title="bbox 2232 4157 3858 4265">
     <span class='ocr_line' id='line_1_90' title="bbox 2232 4157 3858 4265; baseline -0.018 -25"><span class='ocrx_word' id='word_1_626' title='bbox 2232 4187 2459 4265; x_wconf 72' lang='grc' dir='ltr'>χρυσοῦς</span> <span class='ocrx_word' id='word_1_627' title='bbox 2501 4157 2635 4250; x_wconf 80' lang='grc' dir='ltr'>μετᾶ</span> <span class='ocrx_word' id='word_1_628' title='bbox 2675 4186 2870 4254; x_wconf 72' lang='grc' dir='ltr'>χεῖρας</span> <span class='ocrx_word' id='word_1_629' title='bbox 2932 4170 3099 4248; x_wconf 73' lang='grc' dir='ltr'>ἔχων,</span> <span class='ocrx_word' id='word_1_630' title='bbox 3137 4166 3225 4232; x_wconf 81' lang='grc' dir='ltr'><strong>Μὴ</strong></span> <span class='ocrx_word' id='word_1_631' title='bbox 3278 4164 3489 4242; x_wconf 82' lang='grc' dir='ltr'>ἀθύμει,</span> <span class='ocrx_word' id='word_1_632' title='bbox 3525 4181 3610 4265; x_wconf 61' lang='grc' dir='ltr'><strong>τε,</strong></span> <span class='ocrx_word' id='word_1_633' title='bbox 3659 4157 3858 4265; x_wconf 56' lang='grc' dir='ltr'>ἁδελφὲ,</span> 
     </span>
    </p>
   </div>
   <div class='ocr_carea' id='block_1_91' title="bbox 2233 4243 3859 4350">
    <p class='ocr_par' dir='ltr' id='par_1_91' title="bbox 2233 4243 3859 4350">
     <span class='ocr_line' id='line_1_91' title="bbox 2233 4243 3859 4350; baseline -0.02 -20"><span class='ocrx_word' id='word_1_634' title='bbox 2233 4243 2428 4350; x_wconf 62' lang='grc' dir='ltr'>λέγων,</span> <span class='ocrx_word' id='word_1_635' title='bbox 2465 4243 2652 4340; x_wconf 62' lang='grc' dir='ltr'>Πέτρε.</span> <span class='ocrx_word' id='word_1_636' title='bbox 2680 4243 2826 4319; x_wconf 61' lang='grc' dir='ltr'>τιδόὺ</span> <span class='ocrx_word' id='word_1_637' title='bbox 2869 4243 3122 4338; x_wconf 30' lang='grc' dir='ltr'>γάρνέγὼ</span> <span class='ocrx_word' id='word_1_638' title='bbox 3163 4256 3250 4312; x_wconf 79' lang='grc' dir='ltr'><strong>καὶ</strong></span> <span class='ocrx_word' id='word_1_639' title='bbox 3309 4253 3410 4319; x_wconf 78' lang='grc' dir='ltr'><strong>τὴν</strong></span> <span class='ocrx_word' id='word_1_640' title='bbox 3441 4250 3614 4325; x_wconf 78' lang='grc' dir='ltr'>τιμὴν</span> <span class='ocrx_word' id='word_1_641' title='bbox 3674 4243 3859 4312; x_wconf 67' lang='grc' dir='ltr'>εἴληφα</span> 
     </span>
    </p>
   </div>
   <div class='ocr_carea' id='block_1_92' title="bbox 2236 4344 3383 4431">
    <p class='ocr_par' dir='ltr' id='par_1_92' title="bbox 2236 4344 3383 4431">
     <span class='ocr_line' id='line_1_92' title="bbox 2236 4344 3383 4431; baseline -0.018 -13"><span class='ocrx_word' id='word_1_642' title='bbox 2236 4344 2332 4430; x_wconf 76' lang='grc' dir='ltr'>τὴν</span> <span class='ocrx_word' id='word_1_643' title='bbox 2377 4344 2503 4431; x_wconf 72' lang='grc' dir='ltr'>σὴν,</span> <span class='ocrx_word' id='word_1_644' title='bbox 2535 4355 2715 4428; x_wconf 82' lang='grc' dir='ltr'>ὥσπερ</span> <span class='ocrx_word' id='word_1_645' title='bbox 2753 4351 3007 4429; x_wconf 87' lang='grc' dir='ltr'>πρότερον</span> <span class='ocrx_word' id='word_1_646' title='bbox 3041 4347 3100 4402; x_wconf 81' lang='grc' dir='ltr'>τὸ</span> <span class='ocrx_word' id='word_1_647' title='bbox 3145 4344 3383 4420; x_wconf 80' lang='grc' dir='ltr'>ἱμάτιον.</span> 
     </span>
    </p>
   </div>
   <div class='ocr_carea' id='block_1_93' title="bbox 581 4425 2135 4532">
    <p class='ocr_par' dir='ltr' id='par_1_93' title="bbox 581 4425 2135 4532">
     <span class='ocr_line' id='line_1_93' title="bbox 581 4425 2135 4532; baseline -0.01 -10"><span class='ocrx_word' id='word_1_648' title='bbox 581 4425 1092 4523; x_wconf 43' lang='grc' dir='ltr'>ξίλίξίιιίέιξοὶδείι</span> <span class='ocrx_word' id='word_1_649' title='bbox 1113 4425 1482 4532; x_wconf 81' lang='lat' dir='ltr'><strong>aliquantum</strong></span> <span class='ocrx_word' id='word_1_650' title='bbox 1505 4451 1886 4528; x_wconf 89' lang='lat' dir='ltr'><strong>temporis,et</strong></span> <span class='ocrx_word' id='word_1_651' title='bbox 1909 4445 2135 4528; x_wconf 84' lang='lat' dir='ltr'><strong>quidan</strong></span> 
     </span>
    </p>
   </div>
   <div class='ocr_carea' id='block_1_94' title="bbox 2221 4425 3858 4532">
    <p class='ocr_par' dir='ltr' id='par_1_94' title="bbox 2291 4425 3858 4522">
     <span class='ocr_line' id='line_1_94' title="bbox 2291 4425 3858 4522; baseline -0.018 -16"><span class='ocrx_word' id='word_1_652' title='bbox 2291 4425 2714 4522; x_wconf 38' lang='lat' dir='ltr'><strong>‘MA&#39;.-Xpdvor;</strong></span> <span class='ocrx_word' id='word_1_653' title='bbox 2759 4425 2935 4519; x_wconf 75' lang='grc' dir='ltr'>ἐτρέϐη</span> <span class='ocrx_word' id='word_1_654' title='bbox 2983 4439 3042 4492; x_wconf 79' lang='grc' dir='ltr'>τὸ</span> <span class='ocrx_word' id='word_1_655' title='bbox 3075 4432 3290 4511; x_wconf 76' lang='grc' dir='ltr'>μεταξὺ,</span> <span class='ocrx_word' id='word_1_656' title='bbox 3340 4432 3427 4487; x_wconf 86' lang='grc' dir='ltr'><strong>καί</strong></span> <span class='ocrx_word' id='word_1_657' title='bbox 3466 4449 3604 4492; x_wconf 82' lang='grc' dir='ltr'>τινες</span> <span class='ocrx_word' id='word_1_658' title='bbox 3649 4425 3858 4504; x_wconf 84' lang='grc' dir='ltr'>ὀμόχω-</span> 
     </span>
    </p>
   </div>
   <div class='ocr_carea' id='block_1_95' title="bbox 501 4537 2160 4631">
    <p class='ocr_par' dir='ltr' id='par_1_95' title="bbox 501 4537 2160 4631">
     <span class='ocr_line' id='line_1_95' title="bbox 501 4537 2160 4631; baseline -0.009 -21"><span class='ocrx_word' id='word_1_659' title='bbox 501 4552 604 4631; x_wconf 88' lang='lat' dir='ltr'><strong>qui</strong></span> <span class='ocrx_word' id='word_1_660' title='bbox 634 4555 803 4609; x_wconf 89' lang='lat' dir='ltr'><strong>erant</strong></span> <span class='ocrx_word' id='word_1_661' title='bbox 827 4545 1096 4625; x_wconf 89' lang='lat' dir='ltr'><strong>ejusdem</strong></span> <span class='ocrx_word' id='word_1_662' title='bbox 1127 4541 1296 4622; x_wconf 87' lang='lat' dir='ltr'><strong>cujus</strong></span> <span class='ocrx_word' id='word_1_663' title='bbox 1319 4539 1532 4602; x_wconf 88' lang='lat' dir='ltr'><strong>Petrus</strong></span> <span class='ocrx_word' id='word_1_664' title='bbox 1558 4537 1979 4616; x_wconf 83' lang='lat' dir='ltr'><strong>regionis,arte</strong></span> <span class='ocrx_word' id='word_1_665' title='bbox 1999 4537 2160 4597; x_wconf 88' lang='lat' dir='ltr'><strong>auri-</strong></span> 
     </span>
    </p>
   </div>
   <div class='ocr_carea' id='block_1_96' title="bbox 503 4625 2160 4713">
    <p class='ocr_par' dir='ltr' id='par_1_96' title="bbox 503 4625 2160 4713">
     <span class='ocr_line' id='line_1_96' title="bbox 503 4625 2160 4713; baseline -0.009 -12"><span class='ocrx_word' id='word_1_666' title='bbox 503 4625 800 4713; x_wconf 76' lang='lat' dir='ltr'><strong>tices,voti</strong></span> <span class='ocrx_word' id='word_1_667' title='bbox 824 4653 1002 4697; x_wconf 84' lang='lat' dir='ltr'><strong>causa</strong></span> <span class='ocrx_word' id='word_1_668' title='bbox 1017 4643 1078 4696; x_wconf 88' lang='lat' dir='ltr'><strong>et</strong></span> <span class='ocrx_word' id='word_1_669' title='bbox 1103 4628 1470 4694; x_wconf 85' lang='lat' dir='ltr'><strong>adorationis</strong></span> <span class='ocrx_word' id='word_1_670' title='bbox 1501 4636 1904 4708; x_wconf 73' lang='lat' dir='ltr'><strong>pervenerunt</strong></span> <span class='ocrx_word' id='word_1_671' title='bbox 1932 4625 2002 4688; x_wconf 88' lang='lat' dir='ltr'><strong>ad</strong></span> <span class='ocrx_word' id='word_1_672' title='bbox 2031 4626 2160 4686; x_wconf 82' lang='lat' dir='ltr'><strong>loca</strong></span> 
     </span>
    </p>
   </div>
   <div class='ocr_carea' id='block_1_97' title="bbox 502 4715 2157 4798">
    <p class='ocr_par' dir='ltr' id='par_1_97' title="bbox 502 4715 2157 4798">
     <span class='ocr_line' id='line_1_97' title="bbox 502 4715 2157 4798; baseline -0.008 -10"><span class='ocrx_word' id='word_1_673' title='bbox 502 4727 866 4792; x_wconf 86' lang='lat' dir='ltr'><strong>veneranda.</strong></span> <span class='ocrx_word' id='word_1_674' title='bbox 890 4724 1049 4797; x_wconf 88' lang='lat' dir='ltr'><strong>Quos</strong></span> <span class='ocrx_word' id='word_1_675' title='bbox 1069 4721 1346 4784; x_wconf 88' lang='lat' dir='ltr'><strong>dominus</strong></span> <span class='ocrx_word' id='word_1_676' title='bbox 1370 4720 1520 4798; x_wconf 87' lang='lat' dir='ltr'><strong>ejus,</strong></span> <span class='ocrx_word' id='word_1_677' title='bbox 1549 4726 1611 4778; x_wconf 85' lang='lat' dir='ltr'><strong>ut</strong></span> <span class='ocrx_word' id='word_1_678' title='bbox 1633 4718 1738 4797; x_wconf 90' lang='lat' dir='ltr'><strong>qui</strong></span> <span class='ocrx_word' id='word_1_679' title='bbox 1769 4724 1970 4778; x_wconf 88' lang='lat' dir='ltr'><strong>essent</strong></span> <span class='ocrx_word' id='word_1_680' title='bbox 1992 4715 2157 4794; x_wconf 91' lang='lat' dir='ltr'><strong>ejus-</strong></span> 
     </span>
    </p>
   </div>
   <div class='ocr_carea' id='block_1_98' title="bbox 508 4805 2157 4889">
    <p class='ocr_par' dir='ltr' id='par_1_98' title="bbox 508 4805 2157 4889">
     <span class='ocr_line' id='line_1_98' title="bbox 508 4805 2157 4889; baseline -0.008 -8"><span class='ocrx_word' id='word_1_681' title='bbox 508 4821 648 4883; x_wconf 91' lang='lat' dir='ltr'><strong>dem</strong></span> <span class='ocrx_word' id='word_1_682' title='bbox 667 4817 1080 4884; x_wconf 86' lang='lat' dir='ltr'><strong>artis,domum</strong></span> <span class='ocrx_word' id='word_1_683' title='bbox 1103 4812 1314 4874; x_wconf 88' lang='lat' dir='ltr'><strong>ductos</strong></span> <span class='ocrx_word' id='word_1_684' title='bbox 1331 4809 1562 4889; x_wconf 87' lang='lat' dir='ltr'><strong>accepit</strong></span> <span class='ocrx_word' id='word_1_685' title='bbox 1582 4807 1747 4869; x_wconf 87' lang='lat' dir='ltr'><strong>omni</strong></span> <span class='ocrx_word' id='word_1_686' title='bbox 1762 4805 2157 4885; x_wconf 81' lang='lat' dir='ltr'><strong>benignitate.</strong></span> 
     </span>
    </p>
   </div>
   <div class='ocr_carea' id='block_1_99' title="bbox 502 4896 2160 4974">
    <p class='ocr_par' dir='ltr' id='par_1_99' title="bbox 502 4896 2160 4974">
     <span class='ocr_line' id='line_1_99' title="bbox 502 4896 2160 4974; baseline -0.011 -2"><span class='ocrx_word' id='word_1_687' title='bbox 502 4907 715 4972; x_wconf 88' lang='lat' dir='ltr'><strong>Petrus</strong></span> <span class='ocrx_word' id='word_1_688' title='bbox 750 4915 948 4967; x_wconf 81' lang='lat' dir='ltr'><strong>autem</strong></span> <span class='ocrx_word' id='word_1_689' title='bbox 985 4922 1118 4964; x_wconf 87' lang='lat' dir='ltr'><strong>cum</strong></span> <span class='ocrx_word' id='word_1_690' title='bbox 1155 4904 1242 4963; x_wconf 88' lang='lat' dir='ltr'><strong>eis</strong></span> <span class='ocrx_word' id='word_1_691' title='bbox 1275 4900 1664 4970; x_wconf 88' lang='lat' dir='ltr'><strong>ministraret,</strong></span> <span class='ocrx_word' id='word_1_692' title='bbox 1699 4906 1760 4957; x_wconf 89' lang='lat' dir='ltr'><strong>et</strong></span> <span class='ocrx_word' id='word_1_693' title='bbox 1790 4896 1949 4957; x_wconf 89' lang='lat' dir='ltr'><strong>viros</strong></span> <span class='ocrx_word' id='word_1_694' title='bbox 1983 4912 2160 4974; x_wconf 83' lang='lat' dir='ltr'><strong>agno-</strong></span> 
     </span>
    </p>
   </div>
   <div class='ocr_carea' id='block_1_100' title="bbox 503 4983 2163 5076">
    <p class='ocr_par' dir='ltr' id='par_1_100' title="bbox 503 4983 2163 5076">
     <span class='ocr_line' id='line_1_100' title="bbox 503 4983 2163 5076; baseline -0.008 -18"><span class='ocrx_word' id='word_1_695' title='bbox 503 5002 713 5075; x_wconf 89' lang='lat' dir='ltr'><strong>visset,</strong></span> <span class='ocrx_word' id='word_1_696' title='bbox 747 4996 1010 5076; x_wconf 90' lang='lat' dir='ltr'><strong>seipsum</strong></span> <span class='ocrx_word' id='word_1_697' title='bbox 1065 4991 1300 5054; x_wconf 79' lang='lat' dir='ltr'><strong>celabat</strong></span> <span class='ocrx_word' id='word_1_698' title='bbox 1337 5007 1440 5068; x_wconf 88' lang='lat' dir='ltr'><strong>pro</strong></span> <span class='ocrx_word' id='word_1_699' title='bbox 1486 4986 1738 5066; x_wconf 85' lang='lat' dir='ltr'><strong>viribus,</strong></span> <span class='ocrx_word' id='word_1_700' title='bbox 1773 4995 1832 5046; x_wconf 88' lang='lat' dir='ltr'><strong>et</strong></span> <span class='ocrx_word' id='word_1_701' title='bbox 1882 4983 2163 5046; x_wconf 87' lang='lat' dir='ltr'><strong>omnibus</strong></span> 
     </span>
    </p>
   </div>
   <div class='ocr_carea' id='block_1_101' title="bbox 511 5075 2165 5156">
    <p class='ocr_par' dir='ltr' id='par_1_101' title="bbox 511 5075 2165 5156">
     <span class='ocr_line' id='line_1_101' title="bbox 511 5075 2165 5156; baseline -0.011 -4"><span class='ocrx_word' id='word_1_702' title='bbox 511 5090 706 5152; x_wconf 88' lang='lat' dir='ltr'><strong>modis</strong></span> <span class='ocrx_word' id='word_1_703' title='bbox 726 5075 1058 5149; x_wconf 77' lang='lat' dir='ltr'><strong>conabatur</strong></span> <span class='ocrx_word' id='word_1_704' title='bbox 1083 5079 1390 5143; x_wconf 88' lang='lat' dir='ltr'><strong>latere.llli</strong></span> <span class='ocrx_word' id='word_1_705' title='bbox 1417 5097 1554 5140; x_wconf 89' lang='lat' dir='ltr'><strong>vero</strong></span> <span class='ocrx_word' id='word_1_706' title='bbox 1581 5085 1855 5155; x_wconf 88' lang='lat' dir='ltr'><strong>tanquam</strong></span> <span class='ocrx_word' id='word_1_707' title='bbox 1883 5091 1985 5156; x_wconf 90' lang='lat' dir='ltr'><strong>per</strong></span> <span class='ocrx_word' id='word_1_708' title='bbox 2013 5075 2165 5154; x_wconf 84' lang='lat' dir='ltr'><strong>ﬁgu-</strong></span> 
     </span>
    </p>
   </div>
   <div class='ocr_carea' id='block_1_102' title="bbox 505 5163 2169 5259">
    <p class='ocr_par' dir='ltr' id='par_1_102' title="bbox 505 5163 2169 5259">
     <span class='ocr_line' id='line_1_102' title="bbox 505 5163 2169 5259; baseline -0.01 -17"><span class='ocrx_word' id='word_1_709' title='bbox 505 5199 634 5242; x_wconf 89' lang='lat' dir='ltr'><strong>ram</strong></span> <span class='ocrx_word' id='word_1_710' title='bbox 665 5177 935 5259; x_wconf 81' lang='lat' dir='ltr'><strong>corporis</strong></span> <span class='ocrx_word' id='word_1_711' title='bbox 965 5192 1102 5234; x_wconf 91' lang='lat' dir='ltr'><strong>eum</strong></span> <span class='ocrx_word' id='word_1_712' title='bbox 1132 5172 1508 5248; x_wconf 80' lang='lat' dir='ltr'><strong>indagantes,</strong></span> <span class='ocrx_word' id='word_1_713' title='bbox 1535 5176 1930 5246; x_wconf 73' lang='lat' dir='ltr'><strong>agnoverunt.</strong></span> <span class='ocrx_word' id='word_1_714' title='bbox 1954 5163 2022 5225; x_wconf 77' lang='lat' dir='ltr'><strong>Et</strong></span> <span class='ocrx_word' id='word_1_715' title='bbox 2051 5164 2169 5245; x_wconf 90' lang='lat' dir='ltr'><strong>pri-</strong></span> 
     </span>
    </p>
   </div>
   <div class='ocr_carea' id='block_1_103' title="bbox 509 5253 2165 5347">
    <p class='ocr_par' dir='ltr' id='par_1_103' title="bbox 509 5253 2165 5347">
     <span class='ocr_line' id='line_1_103' title="bbox 509 5253 2165 5347; baseline -0.01 -16"><span class='ocrx_word' id='word_1_716' title='bbox 509 5288 670 5330; x_wconf 90' lang='lat' dir='ltr'><strong>mum</strong></span> <span class='ocrx_word' id='word_1_717' title='bbox 705 5253 947 5347; x_wconf 76' lang='lat' dir='ltr'><strong>quidem</strong></span> <span class='ocrx_word' id='word_1_718' title='bbox 973 5264 1131 5324; x_wconf 90' lang='lat' dir='ltr'><strong>inter</strong></span> <span class='ocrx_word' id='word_1_719' title='bbox 1161 5279 1224 5322; x_wconf 88' lang='lat' dir='ltr'><strong>se</strong></span> <span class='ocrx_word' id='word_1_720' title='bbox 1249 5262 1691 5320; x_wconf 68' lang='lat' dir='ltr'><strong>susurrabant:</strong></span> <span class='ocrx_word' id='word_1_721' title='bbox 1724 5253 2165 5316; x_wconf 89' lang='lat' dir='ltr'><strong>dubitationem</strong></span> 
     </span>
    </p>
   </div>
   <div class='ocr_carea' id='block_1_104' title="bbox 506 5348 2164 5422">
    <p class='ocr_par' dir='ltr' id='par_1_104' title="bbox 506 5348 2164 5422">
     <span class='ocr_line' id='line_1_104' title="bbox 506 5348 2164 5422; baseline -0.009 -1"><span class='ocrx_word' id='word_1_722' title='bbox 506 5364 662 5421; x_wconf 87' lang='lat' dir='ltr'><strong>enim</strong></span> <span class='ocrx_word' id='word_1_723' title='bbox 690 5363 773 5420; x_wconf 88' lang='lat' dir='ltr'><strong>eis</strong></span> <span class='ocrx_word' id='word_1_724' title='bbox 795 5356 1063 5418; x_wconf 71' lang='lat' dir='ltr'><strong>afferebat</strong></span> <span class='ocrx_word' id='word_1_725' title='bbox 1084 5353 1423 5414; x_wconf 82' lang='lat' dir='ltr'><strong>similitudo.</strong></span> <span class='ocrx_word' id='word_1_726' title='bbox 1456 5351 1758 5422; x_wconf 87' lang='lat' dir='ltr'><strong>Postquam</strong></span> <span class='ocrx_word' id='word_1_727' title='bbox 1790 5357 1979 5405; x_wconf 82' lang='lat' dir='ltr'><strong>autem</strong></span> <span class='ocrx_word' id='word_1_728' title='bbox 2002 5348 2164 5406; x_wconf 88' lang='lat' dir='ltr'><strong>illum</strong></span> 
     </span>
    </p>
   </div>
   <div class='ocr_carea' id='block_1_105' title="bbox 509 5433 2165 5530">
    <p class='ocr_par' dir='ltr' id='par_1_105' title="bbox 509 5433 2165 5530">
     <span class='ocr_line' id='line_1_105' title="bbox 509 5433 2165 5530; baseline -0.01 -19"><span class='ocrx_word' id='word_1_729' title='bbox 509 5450 708 5530; x_wconf 91' lang='lat' dir='ltr'><strong>ipsum</strong></span> <span class='ocrx_word' id='word_1_730' title='bbox 745 5463 880 5508; x_wconf 90' lang='lat' dir='ltr'><strong>esse</strong></span> <span class='ocrx_word' id='word_1_731' title='bbox 911 5451 1117 5525; x_wconf 88' lang='lat' dir='ltr'><strong>aperte</strong></span> <span class='ocrx_word' id='word_1_732' title='bbox 1151 5451 1544 5520; x_wconf 79' lang='lat' dir='ltr'><strong>agnoverunt,</strong></span> <span class='ocrx_word' id='word_1_733' title='bbox 1581 5433 1978 5498; x_wconf 90' lang='lat' dir='ltr'><strong>communiter</strong></span> <span class='ocrx_word' id='word_1_734' title='bbox 2029 5452 2165 5497; x_wconf 90' lang='lat' dir='ltr'><strong>cum</strong></span> 
     </span>
    </p>
   </div>
   <div class='ocr_carea' id='block_1_106' title="bbox 591 5621 1072 5716">
    <p class='ocr_par' dir='ltr' id='par_1_106' title="bbox 591 5621 1072 5716">
     <span class='ocr_line' id='line_1_106' title="bbox 591 5621 1072 5716; baseline -0.002 -27"><span class='ocrx_word' id='word_1_735' title='bbox 591 5621 790 5716; x_wconf 46' lang='lat' dir='ltr'><strong>@Job.</strong></span> <span class='ocrx_word' id='word_1_736' title='bbox 821 5638 943 5687; x_wconf 76' lang='lat' dir='ltr'><strong>nu</strong></span> <span class='ocrx_word' id='word_1_737' title='bbox 974 5623 1072 5688; x_wconf 73' lang='grc'><strong>12.</strong></span> 
     </span>
    </p>
   </div>
   <div class='ocr_carea' id='block_1_107' title="bbox 2241 4515 3861 4620">
    <p class='ocr_par' dir='ltr' id='par_1_107' title="bbox 2241 4515 3861 4620">
     <span class='ocr_line' id='line_1_107' title="bbox 2241 4515 3861 4620; baseline -0.019 -24"><span class='ocrx_word' id='word_1_738' title='bbox 2241 4563 2322 4620; x_wconf 89' lang='grc' dir='ltr'><strong>ροι</strong></span> <span class='ocrx_word' id='word_1_739' title='bbox 2377 4542 2454 4610; x_wconf 80' lang='grc' dir='ltr'>τῷ</span> <span class='ocrx_word' id='word_1_740' title='bbox 2486 4515 2669 4612; x_wconf 71' lang='grc' dir='ltr'>Πέτρῳ</span> <span class='ocrx_word' id='word_1_741' title='bbox 2711 4515 3065 4609; x_wconf 75' lang='grc' dir='ltr'>ἄγρυροκόποι</span> <span class='ocrx_word' id='word_1_742' title='bbox 3096 4525 3194 4590; x_wconf 65' lang='grc' dir='ltr'>τὴν</span> <span class='ocrx_word' id='word_1_743' title='bbox 3239 4521 3467 4601; x_wconf 80' lang='grc' dir='ltr'>τέχνην,</span> <span class='ocrx_word' id='word_1_744' title='bbox 3719 4515 3861 4618; x_wconf 68' lang='grc' dir='ltr'>χάριο</span> 
     </span>
    </p>
   </div>
   <div class='ocr_carea' id='block_1_108' title="bbox 2241 4600 3862 4704">
    <p class='ocr_par' dir='ltr' id='par_1_108' title="bbox 2241 4600 3862 4704">
     <span class='ocr_line' id='line_1_108' title="bbox 2241 4600 3862 4704; baseline -0.019 -19"><span class='ocrx_word' id='word_1_745' title='bbox 2241 4600 2328 4685; x_wconf 62' lang='grc' dir='ltr'><strong>καὶ</strong></span> <span class='ocrx_word' id='word_1_746' title='bbox 2369 4624 2784 4704; x_wconf 78' lang='grc' dir='ltr'>προσκυνήσεως</span> <span class='ocrx_word' id='word_1_747' title='bbox 2866 4618 2986 4682; x_wconf 78' lang='grc' dir='ltr'>τοὺς</span> <span class='ocrx_word' id='word_1_748' title='bbox 3059 4611 3381 4686; x_wconf 76' lang='grc' dir='ltr'>σεϐασμίους</span> <span class='ocrx_word' id='word_1_749' title='bbox 3431 4604 3725 4664; x_wconf 78' lang='grc' dir='ltr'>κατέλαϐον</span> <span class='ocrx_word' id='word_1_750' title='bbox 3781 4600 3862 4657; x_wconf 88' lang='grc' dir='ltr'>τό-</span> 
     </span>
    </p>
   </div>
   <div class='ocr_carea' id='block_1_109' title="bbox 2242 4687 3862 4782">
    <p class='ocr_par' dir='ltr' id='par_1_109' title="bbox 2242 4687 3862 4782">
     <span class='ocr_line' id='line_1_109' title="bbox 2413 4687 2639 4704; baseline -0.018 -10"><span class='ocrx_word' id='word_1_751' title='bbox 2413 4687 2423 4704; x_wconf 85' lang='grc'><strong>,</strong></span> <span class='ocrx_word' id='word_1_752' title='bbox 2630 4687 2639 4690; x_wconf 85' lang='grc'><strong>-</strong></span> 
     </span>
     <span class='ocr_line' id='line_1_110' title="bbox 2242 4687 3862 4782; baseline -0.02 -6"><span class='ocrx_word' id='word_1_753' title='bbox 2242 4736 2396 4780; x_wconf 86' lang='grc' dir='ltr'>πους·</span> <span class='ocrx_word' id='word_1_754' title='bbox 2453 4716 2539 4778; x_wconf 76' lang='grc' dir='ltr'>οὓς</span> <span class='ocrx_word' id='word_1_755' title='bbox 2570 4715 2598 4769; x_wconf 85' lang='grc' dir='ltr'>ὁ</span> <span class='ocrx_word' id='word_1_756' title='bbox 2629 4708 2887 4776; x_wconf 83' lang='grc' dir='ltr'>δεσπότης</span> <span class='ocrx_word' id='word_1_757' title='bbox 2945 4730 2976 4762; x_wconf 87' lang='grc' dir='ltr'><strong>α</strong></span> <span class='ocrx_word' id='word_1_758' title='bbox 3008 4708 3166 4764; x_wconf 71' lang='grc' dir='ltr'>αὐτοῦ</span> <span class='ocrx_word' id='word_1_759' title='bbox 3208 4701 3299 4757; x_wconf 81' lang='grc' dir='ltr'><strong>ἅτε</strong></span> <span class='ocrx_word' id='word_1_760' title='bbox 3331 4698 3658 4782; x_wconf 65' lang='grc' dir='ltr'>ὁμοτέχνους</span> <span class='ocrx_word' id='word_1_761' title='bbox 3699 4687 3862 4782; x_wconf 70' lang='grc' dir='ltr'>οἴκαδε</span> 
     </span>
    </p>
   </div>
   <div class='ocr_carea' id='block_1_110' title="bbox 2244 4773 3863 4884">
    <p class='ocr_par' dir='ltr' id='par_1_110' title="bbox 2244 4773 3863 4884">
     <span class='ocr_line' id='line_1_111' title="bbox 2244 4773 3863 4884; baseline -0.019 -20"><span class='ocrx_word' id='word_1_762' title='bbox 2244 4806 2459 4884; x_wconf 84' lang='grc' dir='ltr'>ἀγαγὼν</span> <span class='ocrx_word' id='word_1_763' title='bbox 2530 4801 2667 4859; x_wconf 83' lang='grc' dir='ltr'>κατὰ</span> <span class='ocrx_word' id='word_1_764' title='bbox 2737 4804 2912 4855; x_wconf 83' lang='grc' dir='ltr'>πᾶσαν</span> <span class='ocrx_word' id='word_1_765' title='bbox 2999 4790 3264 4858; x_wconf 76' lang='grc' dir='ltr'>ἐδεξιοῦτο</span> <span class='ocrx_word' id='word_1_766' title='bbox 3333 4786 3745 4867; x_wconf 58' lang='grc' dir='ltr'>φιλοφροσύνην,</span> <span class='ocrx_word' id='word_1_767' title='bbox 3816 4773 3863 4834; x_wconf 76' lang='grc' dir='ltr'><strong>Ὀ</strong></span> 
     </span>
    </p>
   </div>
   <div class='ocr_carea' id='block_1_111' title="bbox 2246 4868 3865 4971">
    <p class='ocr_par' dir='ltr' id='par_1_111' title="bbox 2246 4868 3865 4971">
     <span class='ocr_line' id='line_1_112' title="bbox 2246 4868 3865 4971; baseline -0.014 -20"><span class='ocrx_word' id='word_1_768' title='bbox 2246 4916 2426 4971; x_wconf 86' lang='grc' dir='ltr'>μεντοι</span> <span class='ocrx_word' id='word_1_769' title='bbox 2491 4890 2683 4969; x_wconf 74' lang='grc' dir='ltr'>Πέτρος</span> <span class='ocrx_word' id='word_1_770' title='bbox 2739 4885 3138 4960; x_wconf 73' lang='grc' dir='ltr'>διακονούμενος</span> <span class='ocrx_word' id='word_1_771' title='bbox 3203 4879 3303 4953; x_wconf 81' lang='grc' dir='ltr'><strong>ὢν,</strong></span> <span class='ocrx_word' id='word_1_772' title='bbox 3361 4899 3451 4934; x_wconf 82' lang='grc' dir='ltr'><strong>και</strong></span> <span class='ocrx_word' id='word_1_773' title='bbox 3518 4876 3638 4941; x_wconf 72' lang='grc' dir='ltr'>τοὺς</span> <span class='ocrx_word' id='word_1_774' title='bbox 3696 4868 3865 4946; x_wconf 76' lang='grc' dir='ltr'>ἄνδρας</span> 
     </span>
    </p>
   </div>
   <div class='ocr_carea' id='block_1_112' title="bbox 2245 4955 3864 5063">
    <p class='ocr_par' dir='ltr' id='par_1_112' title="bbox 2245 4955 3864 5063">
     <span class='ocr_line' id='line_1_113' title="bbox 2245 4955 3864 5063; baseline -0.019 -21"><span class='ocrx_word' id='word_1_775' title='bbox 2245 4981 2627 5063; x_wconf 82' lang='grc' dir='ltr'>ἀναγνωρίσας,</span> <span class='ocrx_word' id='word_1_776' title='bbox 2663 4976 3010 5050; x_wconf 75' lang='grc' dir='ltr'>συνέκρυπτεν</span> <span class='ocrx_word' id='word_1_777' title='bbox 3056 4972 3244 5028; x_wconf 79' lang='grc' dir='ltr'>ἑαυτὸν</span> <span class='ocrx_word' id='word_1_778' title='bbox 3297 4970 3471 5032; x_wconf 66' lang='grc' dir='ltr'>ὁπόση</span> <span class='ocrx_word' id='word_1_779' title='bbox 3503 4961 3743 5040; x_wconf 79' lang='grc' dir='ltr'>δύναμις,</span> <span class='ocrx_word' id='word_1_780' title='bbox 3785 4955 3864 5014; x_wconf 74' lang='grc' dir='ltr'><strong>καί</strong></span> 
     </span>
    </p>
   </div>
   <div class='ocr_carea' id='block_1_113' title="bbox 2250 5051 3867 5150">
    <p class='ocr_par' dir='ltr' id='par_1_113' title="bbox 2250 5051 3867 5150">
     <span class='ocr_line' id='line_1_114' title="bbox 2250 5051 3867 5150; baseline -0.018 -18"><span class='ocrx_word' id='word_1_781' title='bbox 2250 5051 2422 5134; x_wconf 69' lang='grc' dir='ltr'>πάδτα</span> <span class='ocrx_word' id='word_1_782' title='bbox 2451 5051 2647 5150; x_wconf 74' lang='grc' dir='ltr'>τρόπον</span> <span class='ocrx_word' id='word_1_783' title='bbox 2694 5067 3012 5146; x_wconf 82' lang='grc' dir='ltr'>ἐμηχανᾶτο</span> <span class='ocrx_word' id='word_1_784' title='bbox 3071 5060 3276 5118; x_wconf 79' lang='grc' dir='ltr'>λαθεῖν.</span> <span class='ocrx_word' id='word_1_785' title='bbox 3330 5055 3559 5114; x_wconf 74' lang='grc' dir='ltr'>Ἐκεῖνοι</span> <span class='ocrx_word' id='word_1_786' title='bbox 3594 5051 3648 5109; x_wconf 81' lang='grc' dir='ltr'>δὲ</span> <span class='ocrx_word' id='word_1_787' title='bbox 3707 5051 3867 5150; x_wconf 69' lang='grc' dir='ltr'>ὥσπερ</span> 
     </span>
    </p>
   </div>
   <div class='ocr_carea' id='block_1_114' title="bbox 2249 5139 3869 5239">
    <p class='ocr_par' dir='ltr' id='par_1_114' title="bbox 2249 5139 3869 5239">
     <span class='ocr_line' id='line_1_115' title="bbox 2249 5139 3869 5239; baseline -0.017 -19"><span class='ocrx_word' id='word_1_788' title='bbox 2249 5163 2332 5222; x_wconf 82' lang='grc' dir='ltr'>διὰ</span> <span class='ocrx_word' id='word_1_789' title='bbox 2370 5139 2496 5220; x_wconf 46' lang='grc' dir='ltr'>τῶν.</span> <span class='ocrx_word' id='word_1_790' title='bbox 2533 5156 2901 5239; x_wconf 80' lang='grc' dir='ltr'>χαρακτώρων</span> <span class='ocrx_word' id='word_1_791' title='bbox 2958 5149 3365 5232; x_wconf 78' lang='grc' dir='ltr'>ῥινηλατοῦντες</span> <span class='ocrx_word' id='word_1_792' title='bbox 3423 5144 3581 5201; x_wconf 71' lang='grc' dir='ltr'>αὐτὸν</span> <span class='ocrx_word' id='word_1_793' title='bbox 3636 5139 3869 5218; x_wconf 79' lang='grc' dir='ltr'>ἀνεγίνω-</span> 
     </span>
    </p>
   </div>
   <div class='ocr_carea' id='block_1_115' title="bbox 2249 5229 3868 5326">
    <p class='ocr_par' dir='ltr' id='par_1_115' title="bbox 2249 5229 3868 5326">
     <span class='ocr_line' id='line_1_116' title="bbox 2249 5229 3868 5326; baseline -0.015 -16"><span class='ocrx_word' id='word_1_794' title='bbox 2249 5276 2398 5326; x_wconf 78' lang='grc' dir='ltr'>σκον,</span> <span class='ocrx_word' id='word_1_795' title='bbox 2449 5229 2575 5306; x_wconf 39' lang='grc' dir='ltr'>καὶ..</span> <span class='ocrx_word' id='word_1_796' title='bbox 2597 5229 2807 5326; x_wconf 63' lang='grc' dir='ltr'><strong>πρῶτοι⁷</strong></span> <span class='ocrx_word' id='word_1_797' title='bbox 2843 5229 2969 5320; x_wconf 34' lang='grc' dir='ltr'>μὲν-</span> <span class='ocrx_word' id='word_1_798' title='bbox 3012 5239 3359 5316; x_wconf 66' lang='grc' dir='ltr'>διεψιθόριζον</span> <span class='ocrx_word' id='word_1_799' title='bbox 3419 5235 3550 5326; x_wconf 78' lang='grc' dir='ltr'>πρὸς</span> <span class='ocrx_word' id='word_1_800' title='bbox 3619 5229 3868 5326; x_wconf 43' lang='lat' dir='ltr'><strong>animi»:</strong></span> 
     </span>
    </p>
   </div>
   <div class='ocr_carea' id='block_1_116' title="bbox 2246 5315 3869 5424">
    <p class='ocr_par' dir='ltr' id='par_1_116' title="bbox 2246 5315 3869 5424">
     <span class='ocr_line' id='line_1_117' title="bbox 2246 5315 3869 5424; baseline -0.023 -22"><span class='ocrx_word' id='word_1_801' title='bbox 2246 5315 2600 5424; x_wconf 57' lang='grc' dir='ltr'>(ἑνεδδιάζετο</span> <span class='ocrx_word' id='word_1_802' title='bbox 2639 5315 2761 5414; x_wconf 72' lang='grc' dir='ltr'><strong>¹γὰρ</strong></span> <span class='ocrx_word' id='word_1_803' title='bbox 2825 5315 3008 5398; x_wconf 75' lang='grc' dir='ltr'>αὐτοῖς</span> <span class='ocrx_word' id='word_1_804' title='bbox 3051 5333 3121 5424; x_wconf 63' lang='grc' dir='ltr'><strong>τα</strong></span> <span class='ocrx_word' id='word_1_805' title='bbox 3168 5333 3266 5395; x_wconf 82' lang='grc' dir='ltr'>τῆς</span> <span class='ocrx_word' id='word_1_806' title='bbox 3326 5325 3651 5424; x_wconf 64' lang='grc' dir='ltr'>ἐμφερείας),</span> <span class='ocrx_word' id='word_1_807' title='bbox 3693 5319 3773 5424; x_wconf 65' lang='grc' dir='ltr'>διαὶ</span> <span class='ocrx_word' id='word_1_808' title='bbox 3812 5315 3869 5424; x_wconf 51' lang='grc' dir='ltr'><strong>ξ.</strong></span> 
     </span>
    </p>
   </div>
   <div class='ocr_carea' id='block_1_117' title="bbox 2249 5405 3868 5513">
    <p class='ocr_par' dir='ltr' id='par_1_117' title="bbox 2249 5405 3868 5513">
     <span class='ocr_line' id='line_1_118' title="bbox 2249 5405 3868 5513; baseline -0.019 -21"><span class='ocrx_word' id='word_1_809' title='bbox 2249 5405 2443 5513; x_wconf 63' lang='grc' dir='ltr'>κριϐὦς</span> <span class='ocrx_word' id='word_1_810' title='bbox 2487 5405 2644 5488; x_wconf 68' lang='grc' dir='ltr'>αὐτὸν</span> <span class='ocrx_word' id='word_1_811' title='bbox 2674 5405 2882 5482; x_wconf 59' lang='grc' dir='ltr'>ὶκετνον</span> <span class='ocrx_word' id='word_1_812' title='bbox 2925 5423 3068 5479; x_wconf 72' lang='grc' dir='ltr'>εἶναι</span> <span class='ocrx_word' id='word_1_813' title='bbox 3100 5417 3416 5498; x_wconf 80' lang='grc' dir='ltr'>διέγνωσαν,</span> <span class='ocrx_word' id='word_1_814' title='bbox 3450 5412 3595 5479; x_wconf 67' lang='grc' dir='ltr'>εὐθὺς</span> <span class='ocrx_word' id='word_1_815' title='bbox 3635 5412 3763 5490; x_wconf 73' lang='grc' dir='ltr'>πρὸς</span> <span class='ocrx_word' id='word_1_816' title='bbox 3790 5405 3868 5463; x_wconf 78' lang='grc' dir='ltr'><strong>τὸν</strong></span> 
     </span>
    </p>
   </div>
  </div>
