4098 6202
344 364 463 438 933
1349 371 1536 436 VITA
1585 374 1645 435 s.
1699 369 2021 434 JOANNIS
2067 365 2709 435 ELEEMOSYNARII.
3597 365 3710 442 934

345 507 652 576 κεκληκότα
704 507 1194 586 κοινολογούμενοι,
1231 507 1292 564 Τί
1321 506 1401 562 ὅτι
1463 529 1568 580 σοι,
1620 507 1800 575 εἶπον,
1858 508 1988 585 ἀνὴρ

2079 507 2276 567 statim
2305 505 2700 586 alloquentes,
2735 507 2835 587 qui
2862 525 2966 568 eos
2989 505 3380 572 invitaverat:
3414 510 3565 583 Quid
3601 510 3713 573 sibi

341 606 582 661 τοιοῦτος
643 599 715 661 εἷς
777 595 1069 670 διακονίαν,
1135 597 1219 659 εἷς
1294 597 1391 672 μὲν
1453 603 1557 652 τῶν
1615 595 1986 673 συγκλητικῶν

2079 595 2532 672 vult,ilixerunt,
2568 597 2721 676 quod
2751 597 2837 657 vir
2857 597 2987 658 talis
3018 597 3124 658 tibi
3159 601 3590 680 ministrat,qui
3623 613 3717 663 est

346 689 433 744 καὶ
492 687 771 766 μεγάλων,
818 685 1026 750 οὒδενὸς
1085 685 1283 752 δὲτὴν
1341 685 1651 762 ἐπιφάνειαν
1706 683 1982 762 δεύτεροςς

2079 704 2226 745 unus
2257 685 2498 766 quidem
2533 686 2762 746 ordinis
2813 687 3122 759 senatorii,
3155 690 3484 769 splendore
3514 700 3712 754 autem

343 777 511 840 Οὗτος
545 777 644 854 γὰρ
687 779 713 832 6
764 775 850 831 νῦν
905 778 1040 852 ἡμῖν
1075 776 1160 831 ἐπὶ
1191 775 1283 842 τῆς
1316 773 1581 851 τραπέζης
1612 775 1983 850 ὒπηρετούμε-

2079 773 2221 835 nulli
2255 782 2345 836 est
2373 774 2721 836 secundus?
2756 779 2811 836 ls
2842 775 3026 852 enim,
3063 777 3166 854 qui
3200 797 3359 840 nunc
3386 780 3562 842 nobis
3582 800 3713 843 ser-

344 887 432 928 νος
479 868 672 944 Πέτρος
731 866 872 922 ἐστὶν
915 869 941 920 6
985 864 1224 931 τελώνης
1259 880 1272 894 ⁰
1315 866 1432 940 περὶ
1473 863 1532 919 οὗ
1565 863 1662 938 μὲν
1693 862 1871 930 πολλὴ
1912 871 1986 937 τῷ

2079 865 2149 923 vit
2183 864 2240 924 in
2279 883 2505 939 mensa,
2543 873 2632 925 est
2666 864 2878 927 Petrus
2930 866 3302 945 publicanus,
3338 872 3412 931 de
3444 889 3561 950 quo
3594 871 3712 932 im-

341 955 560 1031 βασι),εϊ
589 953 756 1034 λύπη,
792 953 970 1022 πολλὴ
1035 953 1089 1010 δὲ
1133 955 1220 1010 καὶ
1263 960 1332 1030 τῇ
1379 952 1666 1031 συγκλήτῳ
1696 954 1866 1030 πάσῃ,
1915 956 1986 1020 ὡς

2079 962 2309 1033 perator
2330 953 2570 1035 quidem
2597 974 2872 1035 magnum
2891 957 3058 1036 accip
3088 957 3711 1040 tdolorem,magnum

2069 1054 2268 1104 autem
2303 1044 2559 1106 Senatus
2591 1065 2855 1124 quoque,
2895 1056 2955 1107 ut
2988 1050 3087 1127 qui
3123 1051 3466 1111 evanuerit.

2150 1132 2322 1196 XLII.
2362 1134 2479 1195 Eos
2515 1135 2640 1196 haec
2698 1135 2878 1196 verba
2936 1137 3206 1199 dicentes
3259 1158 3392 1200 cum
3425 1139 3716 1203 audiisset

341 1246 448 1280 νων
507 1224 763 1299 ἀκούσας,
812 1223 995 1280 αῦτίκα
1041 1225 1209 1302 ῥίπτει
1242 1224 1340 1294 μὲν
1372 1226 1445 1286 είς
1478 1221 1733 1303 τοῦδαφος
1765 1225 1821 1278 ὃν
1856 1223 1983 1302 εἶχε

2079 1224 2306 1297 Petrus,
2338 1224 2535 1285 statim
2575 1225 2739 1286 humi
2773 1227 3015 1307 quidem
3065 1228 3214 1306 jacit
3242 1229 3494 1303 discum,
3535 1250 3713 1312 quem

341 1315 540 1370 πίνακα
573 1316 710 1389 μετὰ
738 1329 958 1394 χεῖρας,
993 1315 1198 1371 κάτεισι
1232 1312 1286 1369 δὲ
1319 1314 1498 1393 δρύςιρρ
1540 1315 1669 1391 πρὸς
1728 1316 1818 1368 τὸν
1878 1337 1982 1372 πυ-

2079 1312 2327 1374 habebat
2363 1314 2423 1375 in
2461 1314 2735 1378 manibus
2765 1337 2780 1387 ;
2833 1335 3012 1377 cursu
3044 1327 3241 1379 autem
3294 1319 3610 1382 descendit
3639 1322 3712 1384 ad

340 1401 512 1475 λῶνα,
560 1404 605 1478 ᾧ
648 1405 824 1484 κωφός
869 1427 950 1469 τις
1005 1403 1096 1460 καί
1126 1402 1324 1468 ἅλαλος
1354 1404 1626 1466 νεανίσκος
1674 1403 1731 1458 ἐκ
1762 1403 1984 1480 γενετῆς

2079 1404 2450 1479 vestibulum,
2479 1405 2538 1465 in
2571 1425 2689 1483 quo
2721 1406 2949 1468 astabat
2985 1406 3224 1488 quidem
3261 1409 3715 1484 adolescens,ab

338 1495 671 1571 ἑφειστήκει,
728 1495 945 1569 νεύματι
995 1492 1190 1550 κλείειν
1255 1515 1310 1549 τε
1345 1496 1430 1550 καὶ
1465 1493 1692 1570 ἄνοίγειν
1754 1492 1984 1569 δυνάμε-

2079 1501 2200 1553 ortu
2227 1495 2441 1554 surdus
2466 1504 2524 1555 et
2551 1504 2768 1568 mutus,
2800 1497 2898 1574 qui
2927 1505 3074 1558 nutu
3099 1499 3632 1577 poteratclaudere
3658 1509 3715 1561 et

342 1604 455 1645 νος.
492 1585 628 1660 Πρὸς
659 1584 718 1638 ὃν
747 1585 774 1640 6
823 1583 1045 1662 Πέτρος,
1082 1586 1173 1639 Σοὶ
1217 1581 1378 1662 λέγω,
1415 1582 1540 1663 ἔφη,
1576 1584 1652 1656 τῷ
1691 1590 1857 1662 κωφῷ
1899 1584 1987 1638 καὶ

2079 1582 2448 1660 aperire.Cui
2475 1587 2703 1646 Petrus:
2724 1585 2858 1646 Tibi
2882 1585 3382 1668 dico,inquit,qui
3409 1607 3471 1649 es
3495 1590 3716 1651 surdus

341 1671 551 1747 ἆλάλῳ,
587 1673 640 1730 ἐν
703 1675 926 1748 ὀνόματι
987 1680 1214 1750 Χριστοῦ
1243 1680 1332 1730 τοῦ
1366 1680 1498 1731 Θεοῦ
1530 1674 1712 1747 ἡμῶν,
1762 1671 1987 1728 ἄκουσόν

2079 1681 2130 1730 et
2165 1673 2457 1746 mutus,in
2481 1676 2722 1736 nomine
2749 1676 2968 1738 Christi
2992 1677 3098 1739 Dei
3124 1679 3478 1750 nostri,audi
3505 1698 3622 1757 me,
3659 1689 3718 1741 et

346 1768 452 1836 μου
492 1759 577 1819 λαὶ
636 1763 841 1830 ἄνοιξον
879 1785 893 1798 ο
951 1766 977 1820 ὃ
1027 1762 1104 1837 δὲ,
1139 1767 1234 1826 Ὠς
1267 1763 1498 1826 κελεύεις
1529 1785 1608 1842 τε,
1646 1763 1986 1841 ἀπεκρίνατο,

2079 1761 2260 1839 aperi.
2298 1761 2401 1823 Ille
2433 1771 2657 1839 autem,
2693 1763 2861 1825 Sicut
2885 1765 3412 1847 jubes,respondit
3447 1786 3459 1827 :
3499 1780 3559 1830 et
3590 1779 3714 1831 sta-

342 1853 434 1909 καὶ
479 1855 624 1918 εὐθὺς
657 1853 854 1927 ἤνοιξε,
891 1856 977 1912 καὶ
1010 1855 1064 1919 ὃς
1116 1852 1299 1921 ἐξῆλθε
1331 1852 1606 1930 δρομαῖος,
1637 1857 1758 1909 εἶτα
1789 1856 1815 1908 6
1847 1852 1985 1909 πυλ-

2079 1849 2174 1909 tim
2205 1853 2578 1932 aperuit.llle
2603 1872 2740 1914 vero
2774 1872 3046 1931 currens,
3084 1858 3354 1935 protinus
3385 1866 3476 1920 est
3507 1877 3717 1938 egres-

342 1041 404 1101 ἃν
437 1047 665 1125 ἀφανοῦς
698 1046 856 1101 αὖτοῦ
887 1045 1201 1124 γενομένου,

425 1133 566 1197 ΜΒ’,
615 1136 827 1192 Τούτων
887 1137 912 1190 ὁ
958 1134 1154 1210 Πέτρος
1199 1135 1302 1190 τῶν
1334 1133 1588 1211 ῥημάτων
1633 1131 1985 1207 διομιλουμέ-

343 1943 482 2017 θηρὸς
542 1942 800 2019 ἀνελθὼν,
861 1947 959 2012 τὴν
1004 1947 1077 2007 εἷς
1128 1946 1281 2002 αὐτὸν
1339 1944 1545 2022 χαίρων
1579 1943 1826 2021 ἐξηγεῖτο
1857 1946 1988 2000 θαυι·

343 2034 695 2111 ματουργίαν,
732 2033 886 2111 ἕλεγέ
925 2054 981 2090 τε
1032 2033 1205 2114 φλόγα
1239 2049 1402 2112 πυρος
1433 2041 1526 2088 τοῦ
1570 2033 1835 2107 στόματος
1895 2040 1989 2088 τοῦ

343 2121 585 2199 μεγάλου
671 2123 872 2203 Πέτρου
957 2131 1251 2202 προϊοῦσαν
1323 2123 1632 2202 θεάσασθαι,

342 2209 495 2267 ὤτων
527 2213 684 2270 αὑτοῦ
743 2212 976 2270 διαδῦναι
1015 2229 1027 2244 ⁸
1075 2211 1195 2280 ἥτις
1247 2215 1356 2282 καὶ,
1391 2215 1574 2292 φησὶν,
1611 2212 1734 2268 ὅλον
1769 2234 1834 2287 με
1893 2233 1986 2268 πε-

343 2298 685 2382 ριλάμψασα,
747 2303 965 2359 ἀκοῦσαι
1013 2325 1070 2358 τε
1103 2308 1442 2382 παραχρῆμα
1473 2305 1558 2358 καὶ
1589 2300 1817 2368 λαλῆσαι
1883 2323 1984 2358 πε-

342 2390 560 2457 ποίηκε.
595 2400 768 2450 Ταῦτα
813 2391 907 2450 τοῦ
931 2392 1063 2456 τέως
1095 2399 1274 2472 κωφοῦ
1311 2413 1365 2446 τε
1400 2395 1484 2447 καὶ
1530 2390 1729 2451 ἀλάλου
1759 2390 1986 2469 διηγου-

343 2484 529 2555 μένου,
590 2483 764 2556 θαῦμα
809 2505 864 2538 τε
912 2482 1005 2538 καῖ
1066 2479 1323 2548 ἔκπληξις
1382 2481 1584 2546 πάντας
1645 2481 1837 2556 εἰσῄει,
1901 2483 1987 2537 καὶ

342 2575 684 2650 παραχρῆμα
742 2575 814 2635 ὡς
877 2571 1006 2652 εἶχε
1059 2570 1236 2628 ποδών
1267 2571 1514 2648 ἕκαστος,
1555 2569 1764 2626 διώκειν
1795 2570 1985 2646 ὥρμη-

345 2679 466 2721 σαν.
524 2665 812 2742 Πανταχώ
868 2659 922 2717 δὲ
961 2660 1425 2739 διερευνησάμενοι
1463 2664 1556 2717 οῦκ
1609 2659 1775 2740 ἔσχον
1819 2681 1985 2716 κατα-

347 2744 534 2805 λαϐεῖν
577 2751 668 2806 τὸν
712 2751 1064 2828 ζητούμενον,
1114 2751 1195 2831 ἐφ’
1241 2752 1286 2826 ᾧ
1331 2753 1416 2806 καὶ
1482 2749 1656 2819 πολλή
1687 2773 1767 2814 τις
1801 2751 1987 2813 αὐτοὺς

345 2838 556 2906 εἰσῆλθε
587 2843 865 2916 μετάνοια,
915 2843 1008 2898 vari
1055 2843 1152 2909 τήν
1198 2840 1455 2921 προτέραν
1507 2841 1643 2908 ἦσαν
1674 2838 1987 2918 ἀπροσεξίαν

344 2929 822 3006 μετακλαιόμενοι,
882 2929 1003 2988 καθ’
1060 2932 1088 2987 ὃ
1134 2933 1225 2988 τὸν
1271 2941 1363 2990 τοῦ
1419 2938 1549 2988 Θεοῦ
1582 2930 1856 3008 ἄνθρωπον
1904 2931 1986 2986 διὰ

344 3021 608 3085 τοσαύτης
656 3021 789 3099 ἦγον
841 3026 938 3088 τῆς
985 3024 1288 3100 παροινίας,
1323 3021 1609 3084 τύπτοντες
1639 3041 1696 3076 τε
1730 3021 1815 3076 καὶ
1848 3043 1984 3100 προ-

345 3109 731 3180 πηλακίζοντες
806 3113 892 3169 καὶ
945 3111 1146 3190 ἡμέρας
1212 3112 1444 3178 ἑκάστης
1498 3113 1572 3174 εἷς
1631 3112 1788 3166 αὒτὸν
1844 3111 1984 3169 ἀπο-

344 3198 682 3266 σκώπτοντες
693 3249 707 3264 ,

1720 2125 1806 2178 καὶ
1881 2129 1986 2178 τῶν

2071 1940 2433 2004 sus.Deinde
2465 1945 2799 2005 ascendens
2817 1944 3050 2023 janitor
3071 1945 3537 2018 laetus,narravit
3557 1949 3718 2024 quod

2074 2032 2133 2090 in
2155 2031 2350 2111 ipsum
2367 2033 2592 2094 fecerat
2612 2033 2989 2095 miraculum.
3005 2033 3424 2098 Dicebatenim
3451 2055 3521 2099 ce
3542 2037 3722 2100 vidis-

2071 2139 2136 2181 se
2167 2122 2469 2183 ﬂammam
2500 2123 2656 2202 ignis
2681 2125 3108 2204 procedentem
3137 2144 3206 2187 ex
3232 2145 3336 2188 ore
3365 2127 3566 2207 magni
3598 2129 3716 2191 Pe-

2071 2210 2251 2280 tri,ad
2275 2231 2451 2275 aures
2475 2213 2606 2291 ejus
2632 2215 2976 2294 pervenisse
3009 2218 3176 2289 Quae,
3209 2217 3420 2299 inquit,
3450 2237 3584 2280 cum
3624 2235 3719 2281 me

2073 2310 2256 2390 totum
2275 2304 3050 2386 circumfulsisset,repeute
3067 2305 3423 2369 fecitaudire
3450 2319 3507 2370 et
3531 2308 3716 2390 loqui.

2072 2387 2208 2451 Πῶς
2235 2409 2368 2452 cum
2400 2393 2868 2474 narraretis.qui
2907 2394 3072 2474 prius
3106 2404 3231 2455 erat
3261 2397 3478 2458 surdus
3498 2407 3555 2458 et
3581 2387 3715 2460 mu-

2073 2487 2263 2554 tus,su
2274 2479 2379 2540 biit
2392 2500 2484 2541 om
2498 2501 2604 2543 nes
2617 2491 2705 2544 stu
2719 2501 2825 2562 por
2845 2491 2902 2543 et
2915 2483 2985 2543 ad
2998 2483 3310 2550 miratio.et
3326 2487 3519 2546 statim
3538 2505 3716 2568 quam

2074 2568 2328 2630 maxima
2360 2581 2682 2652 potuerunt
2711 2572 3039 2647 celeritate,
3077 2577 3341 2652 aggressi
3396 2584 3536 2636 sunt
3578 2595 3717 2640 eum

2074 2661 2529 2740 persequi.Cum
2566 2661 2793 2743 ubique
2825 2669 3027 2724 autem
3059 2663 3303 2724 scrutati
3337 2677 3563 2742 essent,
3600 2687 3719 2730 non

2074 2757 2395 2827 potuerunt
2417 2768 2764 2832 eum,quem
2788 2753 3714 2834 quaarebant,comprehendere.

2072 2836 2476 2928 Quamobrem
2499 2859 2600 2901 eos
2627 2859 2838 2921 magna
2856 2841 3496 2920 subiitpmnitentia,et
3515 2846 3719 2928 deplo-

2074 2927 2281 2989 rabant
2305 2929 2464 3009 quod
2493 2949 2610 2991 non
2639 2931 2824 3010 magis
2847 2931 3111 2993 animum
3137 2933 3564 3005 attendissent,
3598 2927 3720 3017 quo

2073 3016 2291 3079 factum
2345 3029 2493 3092 erat,
2554 3020 2639 3082 uti
2694 3022 2798 3083 Dei
2859 3021 3166 3084 hominem
3204 3024 3381 3084 tantis
3410 3016 3722 3087 afﬁcerent

2074 3109 2482 3185 contumeliis,
2516 3111 2909 3174 verberantes
2972 3121 3030 3174 et
3078 3113 3458 3189 insultantes,
3491 3123 3549 3176 et
3583 3134 3718 3177 eum

2010 3195 2049 3246 C
2075 3198 2343 3282 quotidie
2381 3199 2728 3263 irridentes.

1887 3363 2136 3429 CAPUT
2183 3363 2336 3427 VIII.

1608 3497 1845 3562 Aliena:
1878 3501 2128 3562 virtutis
2160 3500 2453 3562 imitatio.

431 3633 545 3692 Ml"
601 3643 828 3693 Τοιαῦτα
897 3641 998 3703 τῆς
1084 3638 1390 3710 συμπαθοῦς
1469 3635 1556 3690 καὶ
1616 3633 1987 3714 φιλανθρώπου

349 3731 535 3807 ψυχῆς
597 3724 841 3783 Ἰωάννου
885 3727 950 3781 τὰ
982 3725 1328 3805 φιλάνθρωπα
1373 3725 1712 3799 διηγήματα.
1751 3716 1843 3788 Ὠς
1887 3727 1989 3803 γὰρ

351 3815 438 3872 ἰπὶ
475 3814 757 3889 πλεῖστον,
791 3815 890 3872 ὅσα
921 3817 1053 3894 πρὸς
1087 3815 1420 3890 συμπάθειαν
1443 3814 1647 3887 ἠρέθιζε
1691 3813 1790 3870 καῖ
1835 3813 1988 3893 φιλο-

346 3908 625 3985 πτωχείαν
673 3904 845 3984 λέγειν
902 3927 960 3962 τε
1013 3905 1099 3962 καί
1157 3904 1368 3960 ἀκούειν
1437 3901 1694 3971 ἠϐούλετο
1728 3921 1744 3937 ⁸
1804 3903 1990 3978 ἀμέλει

355 3998 440 4052 καὶ
467 3994 586 4050 ὅσαι
616 3995 748 4074 ὧραι
802 4001 906 4051 τῶν
947 3995 1031 4051 ἐπὶ
1078 3994 1416 4070 ἐλεημοσύνη
1475 3991 1820 4070 βεϐοημένων
1878 4001 1990 4050 Πα-

351 4085 520 4164 τέρων
577 4083 817 4164 ἀνίχνευε
871 4085 992 4149 τοὺς
1050 4085 1218 4162 βίους,
1250 4086 1339 4141 καὶ
1364 4083 1519 4162 ἔργον
1551 4090 1694 4157 αυτῷ
1723 4093 1878 4142 τοῦτο
1907 4081 1992 4140 διὰ

352 4176 466 4248 βίου
523 4175 586 4230 τὸ
657 4173 1094 4250 σπουδαιότατον,
1180 4174 1272 4231 ἅτε
1357 4174 1454 4242 τὴν
1528 4173 1692 4241 αὖτήν
1765 4173 1990 4240 ἐκείνοις

357 4262 557 4322 ὁδεύειν
583 4265 1022 4342 προθυμουμένῳ,

434 4443 552 4500 ΜΔ¹
567 4493 581 4508 ,
625 4445 902 4524 Ἐιτυχὼν
934 4444 1023 4501 οὗθ
1067 4466 1196 4502 ποτε
1245 4451 1322 4519 τῷ
1351 4451 1444 4501 τοῦ
1473 4445 1613 4501 θείου
1643 4441 1989 4520 Σαραπίωνος

352 4533 458 4607 Βίῳ
491 4537 584 4592 τοῦ
617 4533 887 4609 Σιδωνίου,
950 4535 1010 4592 οὗ
1057 4533 1257 4592 διέλιπε
1287 4537 1378 4591 τὸν
1409 4531 1567 4607 ἄνδρα
1599 4554 1656 4590 τε
1695 4529 1991 4598 ἐκπληττό-

353 4645 514 4699 μενος
564 4625 661 4680 καί
711 4625 777 4680 τὰ
835 4624 1035 4680 ἐκείνου
1079 4623 1518 4704 ἔκδιηγούμενος,
1564 4623 1710 4684 ὅπως
1775 4643 1830 4676 τε
1862 4621 1993 4676 ἀπο-

353 4721 527 4789 ροῦντι
577 4715 882 4794 περιτυχὼν
931 4713 1149 4788 πένητι,
1196 4715 1381 4770 καὶτὸ
1426 4714 1663 4783 συνήθως
1697 4710 1990 4788 λεγόμενον

351 4802 656 4882 ὠμοφόριον
701 4802 897 4868 ἀποδὺς
956 4803 1181 4861 δέδωκεν
1214 4821 1230 4838 ⁶
1295 4804 1419 4860 εἶτα
1449 4804 1781 4871 συναντήσας
1828 4801 1990 4880 ἑτέρῳ

350 4892 580 4971 ριγοῦντι
607 4896 667 4952 τὸ
713 4894 990 4974 στιχάριον
1051 4895 1250 4960 ὁμοίως
1321 4892 1649 4972 παρέσχετο,
1687 4893 1774 4948 καὶ
1805 4890 1992 4948 λοιπὸν

351 4983 550 5050 κάθητο
583 4985 805 5064 γυμνὸς,
853 4983 939 5040 ἐπὶ
987 4988 1087 5051 τῆς
1147 4983 1391 5061 ἀγκάλης
1445 4983 1607 5057 μόνον
1636 4981 1885 5062 κατέχων
1932 4983 1992 5038 τὸ

353 5073 700 5152 Εὖαγγέλιον.
762 5074 898 5131 Εἶτα
946 5074 1076 5151 πρός
1116 5095 1259 5139 τινος
1290 5073 1569 5152 ἐρωτηθεὶς
1599 5094 1678 5138 τις
1711 5073 1737 5128 6
1769 5071 1988 5148 γυμνώ-

352 5183 449 5226 σας
482 5164 600 5231 εἴη,
635 5171 824 5240 Τοῦτο,
857 5164 985 5244 ἔφη,
1017 5163 1187 5230 δείξας
1218 5166 1278 5220 τὸ
1313 5163 1661 5242 Εὖαγγίλιον,
1693 5155 1785 5226 Ὠς
1816 5159 1869 5216 δὲ
1901 5163 1990 5217 καὶ

349 5251 610 5323 πωλήσας
664 5253 765 5321 τὴν
823 5254 953 5331 ὑπὲρ
1015 5255 1172 5311 αὐτοῦ
1229 5253 1391 5328 τιμὴν
1422 5265 1540 5316 τοῖς
1573 5251 1776 5317 πένησο
1806 5247 1988 5305 διενεί-

352 5363 513 5418 ματο,
574 5344 852 5419 πυθομένῳ
907 5343 984 5417 τῷ
1037 5347 1276 5419 μαθητῇ,
1329 5344 1434 5398 Ποῦ
1484 5341 1619 5420 ἐστι,
1688 5342 1880 5419 Πάτερ,
1928 5341 1988 5394 τὸ

355 5432 680 5511 Εὖαγγὲλιον
701 5435 764 5490 τὸ
795 5436 985 5512 μικρόν
1018 5452 1033 5513 ς
1067 5467 1146 5478 —
1180 5434 1484 5506 Πίστευσον,
1518 5430 1646 5511 ἔφη,
1676 5429 1986 5504 πειθόμενος

354 5525 432 5592 τῷ
473 5521 710 5601 λέγοντι,
770 5521 1031 5590 Πώλησόν
1075 5545 1168 5580 σου
1225 5524 1291 5580 τὰ
1357 5522 1694 5601 ὑπάρχοντα,
1757 5523 1844 5576 καὶ
1900 5516 1987 5583 δὸς

435 5698 490 5748 θ’
518 5699 726 5766 Matth.
756 5717 876 5779 xxx,
907 5700 1006 5764 31.

2150 3631 2348 3696 XLIII.
2383 3631 2557 3692 Tales
2618 3641 2786 3693 erant
2846 3631 3255 3696 misericordis
3317 3646 3374 3696 et
3403 3636 3725 3700 clementis

2071 3721 2316 3784 Joannis
2347 3721 2562 3782 animae
2593 3721 2866 3798 benignae
2897 3729 2951 3781 et
3005 3721 3283 3782 humanae
3317 3729 3718 3790 narrationes.

2079 3813 2341 3873 Maxima
2377 3811 2534 3871 enim
2570 3828 2636 3871 ex
2665 3818 2853 3891 parte,
2882 3827 3258 3890 quaecunque
3282 3811 3614 3876 incitabant
3650 3819 3722 3878 a'l

2078 3901 2662 3964 commiserationem
2691 3910 2750 3963 et
2773 3918 3038 3960 amorem
3063 3900 3122 3960 in
3147 3919 3544 3982 pauperes,ea
3569 3905 3727 3967 vole-

2079 3989 2177 4052 bat
2201 3992 2404 4052 dicere
2428 3999 2484 4052 et
2506 3989 3000 4053 audire.Assidne
3022 3989 3262 4069 quidem
3288 4000 3452 4053 certe
3476 3993 3724 4056 investi-

2076 4082 2249 4160 gabat
2270 4082 2445 4142 vitam
2481 4099 2687 4142 eorum
2722 4083 2990 4152 Patrum,
3026 4080 3123 4160 qui
3155 4079 3399 4142 fuerunt
3428 4082 3724 4145 celebrati

2079 4182 2321 4251 propter
2350 4171 2817 4250 eleemosynam,
2856 4178 2912 4230 et
2943 4169 3004 4229 in
3039 4169 3152 4231 hoc
3184 4189 3293 4250 per
3326 4180 3506 4234 totam
3544 4173 3715 4236 vitam

2015 4295 2052 4343 υ
2079 4279 2355 4340 magnum
2379 4259 2636 4341 ponebat
2660 4258 3136 4336 studium,utqui
3164 4261 3340 4324 vellet
3360 4263 3569 4326 eadem
3598 4263 3710 4340 via,

2077 4369 2191 4431 qua
2219 4351 2329 4429 illi,
2363 4350 2618 4429 ingredi.

2153 4439 2507 4504 XLIV.Cum
2534 4439 2732 4520 itaque
2753 4439 3074 4520 aliquando
3110 4439 3417 4502 incidisset
3439 4442 3497 4502 in
3523 4443 3713 4506 Vitam

2073 4535 2251 4592 divini
2291 4535 2622 4606 Serapionis
2643 4534 2883 4596 Sidonii,
2914 4549 3028 4590 non
3062 4536 3320 4591 cessabat
3344 4536 3526 4593 virum
3551 4537 3718 4596 illum

2073 4619 2357 4682 admirari
2390 4632 2452 4681 et
2476 4638 2572 4680 res
2591 4619 2750 4680 illius
2773 4620 3556 4700 narrare,quemadmodum
3581 4642 3717 4684 cum

2075 4710 2394 4790 aliquando
2423 4710 2480 4770 in
2514 4715 2788 4788 egentem
2819 4709 3128 4770 incidisset
3154 4727 3576 4790 pauperem,se
3603 4713 3722 4793 palo

2076 4801 2156 4861 lio
2189 4805 2350 4860 exuit
2382 4808 2439 4860 et
2490 4801 2541 4860 ei
2575 4798 2742 4860 dedit
2797 4799 3027 4861 Deinde
3079 4819 3212 4860 cum
3267 4801 3498 4862 obviam
3533 4803 3720 4865 factus

2077 4898 2234 4951 esset
2257 4889 2428 4951 alteri
2456 4889 2698 4966 algenti,
2726 4889 3007 4951 similiter
3031 4890 3083 4950 ei
3115 4889 3370 4971 prmbuit
3405 4892 3664 4954 tunicam
3698 4911 3716 4952 :

2077 4987 2134 5041 et
2156 4980 2230 5041 de
2254 4987 2469 5041 caetero
2488 4978 2646 5040 sedit
2672 4979 3054 5051 nudus,ulnis
3077 4980 3267 5041 solum
3294 4988 3504 5041 tenens
3526 4980 3717 5042 Evan-

2075 5069 2320 5149 gelium.
2362 5068 2586 5130 Deinde
2637 5069 2709 5130 ab
2743 5069 2941 5150 aliquo
2985 5071 3411 5149 interregatus,
3443 5070 3717 5150 quisnam

2074 5179 2204 5220 eum
2229 5161 2674 5230 uudasset,Hoc,
2701 5164 3228 5234 inquit,ostendens
3249 5162 3718 5234 EVangelium“.

2075 5245 2220 5307 Cum
2243 5263 2382 5305 vero
2410 5262 2480 5305 eo
2503 5263 2740 5324 quoque
2764 5244 3004 5306 vendito
3034 5263 3137 5324 pro
3162 5262 3232 5304 eo
3255 5255 3564 5324 acceptum
3592 5262 3724 5326 pre-

2076 5335 2220 5396 tium
2255 5333 2664 5395 distribuisset
2698 5333 3082 5414 pauperibus,
3118 5333 3352 5394 cuidam
3389 5334 3718 5414 discipulo,

2074 5425 2178 5501 qui
2203 5441 2338 5485 eum
2366 5421 2590 5499 rogavit
2618 5444 2631 5483 :
2658 5421 2770 5484 Ubi
2801 5431 2912 5496 est,
2937 5425 3137 5494 Pater,
3174 5440 3420 5502 parvum
3450 5425 3723 5502 Evange-

2071 5513 2264 5576 lium?
2286 5511 2480 5575 Crede
2505 5510 2678 5589 mihi,
2715 5511 2932 5593 inquit,
2967 5511 3304 5594 ﬁli,parens
3329 5513 3384 5575 ei
3417 5512 3518 5596 qui
3550 5511 3720 5596 dixit,
