4032 6202
412 341 530 408 935

1701 332 1984 402 MENSIS
2025 327 2481 402 JANUARIUS.

3671 336 3793 405 936

421 472 637 544 Vende
667 491 800 560 quas
825 471 1034 553 babes,
1063 484 1121 539 et
1147 475 1222 538 da
1256 470 1642 554 pauperibus,
1670 489 1746 534 ne
1776 471 1886 553 ipsi
1919 469 2042 554 qui

2143 485 2391 553 πτωχοῖς
2426 469 2540 528 οὐδὲ
2576 474 2735 560 αῦτοῦ
2795 478 2886 529 τοῦ
2927 470 3152 549 βιϐλίου,
3207 471 3261 530 ὲν
3291 475 3336 548 ᾧ
3365 479 3524 531 τοῦτο
3557 473 3795 553 ἓγέγραυ

417 566 554 630 dem
588 567 760 642 libro,
796 566 855 628 in
903 584 1019 648 quo
1050 565 1164 627 hoc
1204 563 1492 644 scriptum
1517 571 1665 639 eral,
1700 560 1876 624 statui
1910 579 2052 642 par-

413 675 573 719 cere.

496 743 671 806 XLV.
709 743 974 807 Addatur
1000 742 1114 804 hoc
1145 758 1385 824 quoque
1437 740 1514 804 iis
1534 759 1666 824 quae
1695 740 1854 803 dicta
1885 747 2046 816 sunt,

413 833 670 896 aﬂ'erens
719 830 1092 895 auditoribus
1149 849 1270 893 non
1305 830 1671 893 mediocrem
1704 829 2048 893 utilitatem.

411 921 663 998 Quidam
700 922 1030 984 monachus
1060 920 1164 983 illo
1217 929 1488 1002 tempore
1537 919 1793 1002 puellam
1825 919 2056 981 ducens

411 1010 768 1092 speciosam,
803 1011 1008 1074 obibat
1030 1009 1328 1072 civitatem
1358 1032 1371 1069 :
1407 1029 1545 1072 cum
1577 1018 1776 1072 autem
1810 1007 2050 1090 quidam

2139 584 2267 638 πτο,
2300 562 2574 643 φείσασθαι
2608 559 2996 640 διενοησάμην,

2217 741 2360 802 ΜΕ¹.
2420 742 2758 820 Προσκείσθω
2816 743 2906 798 καὶ
2949 740 3104 799 τοῦτο
3158 755 3279 806 τοῖς
3335 741 3675 820 εἰρημένοις,
3735 744 3799 799 οὗ

2138 832 2356 908 μετρίαν
2413 832 2570 912 φέρον
2619 844 2737 896 τοϊς
2790 831 3081 908 ἀκροαταῖς
3116 833 3215 901 τὴν
3246 832 3510 912 ὠφέλειαν
3545 849 3561 864 ⁸
3602 839 3792 889 Μονα-

2136 921 2239 1003 χός
2269 943 2351 988 τις
2393 921 2514 980 κατ’
2548 921 2726 979 έκεῖνο
2769 929 2956 1001 καιροῦ
3007 921 3174 1000 κόρην
3229 921 3402 988 εὒειδῆ
3446 921 3794 1000 ἑπαγόμενος

2135 1010 2346 1090 περιῇει
2403 1011 2503 1079 τὴν
2565 1009 2722 1068 πόλιν
2759 1030 2774 1046 ο
2829 1011 2920 1067 καί
2973 1031 3112 1074 τινες
3157 1015 3265 1068 τῶν
3316 1017 3417 1079 τῆς
3453 1009 3792 1078 Ἐκκλησίας

409 1118 480 1162 ex
510 1099 778 1162 Ecclesia
811 1119 946 1163 eum
979 1100 1268 1164 vidissent
1301 1099 1372 1163 ad
1404 1099 1729 1162 multorum
1760 1097 2042 1160 oﬂensio-

2132 1100 2453 1176 θεασάμενοι
2513 1100 2701 1158 τοῦτον
2745 1103 2820 1164 ὡς
2878 1100 2965 1158 ἐπὶ
2997 1099 3280 1174 σκανδάλῳ
3313 1099 3466 1170 δῆθεν
3498 1108 3611 1158 τῶν
3644 1099 3795 1157 πολ-

410 1207 546 1252 nem
580 1208 712 1252 eam
745 1189 1684 1270 circumagentem,introducunt
1715 1189 1787 1250 ad
1814 1187 2052 1250 beatum

409 1279 725 1342 Joannem.
762 1279 870 1343 llle
921 1288 1119 1342 autem
1148 1276 1347 1342 verbis
1373 1278 1614 1340 illorum
1649 1278 1956 1352 inductus,
1990 1287 2054 1342 ut

409 1369 514 1447 qui
545 1368 954 1432 existimasset
983 1387 1086 1431 eos
1116 1368 1242 1432 zelo
1266 1368 1471 1431 divino
1503 1367 1669 1431 illum
1703 1367 2052 1429 admonuis-

409 1475 499 1534 se,
531 1464 730 1539 ipsum
792 1468 851 1522 et
908 1459 1168 1541 puellam
1219 1457 1392 1540 jubet
1451 1459 1844 1520 vehementer
1877 1456 2048 1532 caedi,

413 1548 634 1610 deinde
660 1567 764 1611 eos
794 1548 857 1611 in
888 1549 1138 1611 diversis
1169 1548 1463 1610 custodiis
1495 1547 1745 1611 includi.
1774 1546 1918 1609 Cum
1951 1564 2048 1610 ἕως

413 1646 534 1702 tem
568 1637 791 1700 factum
834 1647 990 1702 esset
1042 1637 1201 1720 quod
1230 1638 1522 1718 jusserat,
1550 1646 1610 1699 et
1639 1655 1744 1701 eos
1775 1635 2048 1718 accepis-

2137 1189 2247 1248 λῶν
2309 1191 2474 1259 αὐτὴν
2519 1191 2846 1270 περιάγοντα
2876 1238 2892 1270 ,
2949 1191 3286 1270 εἰσηγοῦνται
3346 1199 3422 1266 τῷ
3481 1190 3737 1268 μακαρίῳ
3774 1212 3790 1228 ο

2135 1281 2224 1339 καὶ
2277 1281 2331 1346 ὃς
2375 1293 2492 1345 τοῖς
2539 1279 2754 1338 έκείνων
2799 1281 3058 1362 ὑπαχθεὶς
3093 1279 3300 1358 λόγοις,
3337 1279 3426 1338 ἅτε
3454 1281 3594 1336 κατὰ
3624 1279 3794 1351 ζῆλον

2134 1373 2281 1428 θεῖον
2341 1371 2534 1438 οἰηθεὶς
2594 1370 2782 1436 αὖτοὺς
2865 1371 2963 1438 τὴν
3051 1370 3352 1446 ὅπόμνησιν
3428 1375 3788 1443 πεποιῆσθαι,

2136 1461 2294 1518 αὐτόν
2347 1481 2406 1517 τε
2463 1462 2554 1518 καὶ
2611 1461 2709 1528 τὴν
2753 1462 2922 1539 κόρην
2969 1457 3172 1517 κελεύει
3227 1464 3482 1539 τυφθῆναι
3511 1457 3790 1540 σφοδρῶς,

2135 1547 2240 1608 εἶθ’
2283 1550 2468 1631 ,οὕτως
2532 1550 2586 1606 έν
2644 1549 2910 1631 φυλακαῖς
2961 1547 3312 1627 διαιρεθέντας
3380 1549 3789 1617 κατακλεισθῆ-

2135 1662 2242 1702 ναι,
2279 1630 2370 1704 Ὠς
2416 1637 2472 1696 δὲ
2539 1630 2725 1718 γέγονε
2756 1640 2818 1696 τὸ
2849 1637 3152 1714 κελευσθὲν,
3185 1640 3274 1696 καὶ
3307 1641 3358 1697 αἱ
3387 1639 3619 1720 φυλακαὶ
3652 1639 3786 1697 τού-

411 1737 544 1791 sent
573 1727 958 1806 custodiae,“
987 1746 1102 1790 nox
1128 1727 1254 1808 jam
1284 1727 1682 1802 adventasset,
1720 1727 2042 1788 monachus

2132 1751 2252 1796 τους
2283 1727 2605 1806 έλάμϐανον,
2665 1729 2750 1795 νύξ
2790 1751 2846 1786 τε
2880 1726 2983 1797 ἤδη
3043 1730 3245 1804 παρῆν,
3302 1728 3427 1810 ὄναρ
3470 1737 3548 1803 τῷ
3579 1752 3784 1808 πατρι-

413 1817 468 1880 ei
498 1825 746 1900 apparet
775 1818 837 1879 in
867 1815 1120 1890 somnis,
1153 1816 1480 1877 ostendens
1519 1825 1748 1895 tergum
1782 1822 2042 1877 notatum

2132 1821 2282 1900 ἄρχῃ
2325 1822 2353 1875 ὁ
2415 1823 2655 1900 μοναχὸς
2709 1821 2985 1901 ἐφίσταται
3043 1822 3136 1876 τὸν
3192 1827 3360 1876 νῶτον
3418 1818 3784 1878 ὑποδεικνύειν-ι

411 1906 711 1968 vibicibus
739 1915 800 1969 et
839 1904 1240 1986 stigmatibus,
1277 1905 1332 1968 ei
1367 1906 1575 1968 dicens
1605 1904 1962 1986 simpliciter
1991 1911 2042 1966 et

2132 1908 2569 1988 κατεστιγμένον,
2631 1907 2804 1988 λέγων
2863 1931 2920 1965 τε
2995 1909 3119 1988 πρὸς
3180 1909 3336 1966 αὐτὸν
3393 1907 3579 1973 ἅπλῶς
3641 1907 3784 1965 οὕτω

413 1995 650 2076 placide
683 2017 696 2054 :
731 1994 884 2068 Quid
944 2013 1086 2058 vero
1116 1993 1246 2056 haec
1299 1994 1402 2056 tibi
1451 1994 1716 2076 placeut,
1747 1991 2042 2056 Domine?

2132 2001 2221 2056 καὶ
2277 1997 2486 2080 ἀφελῶς
2523 2015 2536 2030 ⁸
2585 1999 2646 2058 Τί
2673 1996 2728 2055 δὲ
2764 1997 2974 2078 ἀρέσκει
3018 2019 3101 2056 σοι
3131 2006 3320 2078 ταῦτα,
3355 1996 3585 2056 δέσποτα
3622 2018 3641 2072 ;
3673 2001 3781 2055 Πί-

2133 2109 2376 2168 στευσον,
2402 2089 2605 2157 ταύτην
2636 2095 2762 2168 γοῦν
2793 2089 2890 2156 τὴν
2920 2087 3048 2166 μίαν
3078 2087 3361 2156 ἦπάτησαι
3390 2089 3478 2145 καὶ
3511 2087 3668 2153 αὖτὸς
3701 2091 3779 2152 ὡς

2133 2175 2428 2257 ἄνθρωπος.
3002 2238 3008 2244 .

2215 2267 2378 2343 mg".
2425 2266 2653 2332 Ἀνεθεὶς
2699 2266 2754 2325 δὲ
2783 2275 2877 2328 τοῦ
2902 2266 3067 2326 ὕπνου
3122 2267 3539 2346 μεταστέλλεται
3592 2290 3786 2342 παρα-

2133 2361 2325 2438 χρῆμα
2367 2360 2456 2416 τὸν
2503 2361 2773 2440 μοναχὸν,
2810 2355 3011 2438 έξάγων
3059 2357 3164 2416 ἀπὸ
3193 2363 3294 2427 τῆς
3325 2357 3570 2439 φυλακῆς
3615 2357 3788 2434 μόλις

2130 2446 2354 2524 βαδίζειν
2415 2447 2704 2527 δυνάμενον
2758 2450 2860 2507 ὑπὸ
2890 2455 2998 2505 τῶν
3029 2447 3255 2528 πληγῶν
3293 2467 3308 2482 ⁸
3344 2450 3470 2506 εἶτα
3499 2444 3786 2506 ἐπιϐαλὼν

2130 2537 2290 2596 αὐτοῦ
2319 2543 2387 2615 τῆ
2429 2538 2549 2616 ὄψει
2595 2541 2717 2605 τοὺς
2779 2537 3108 2616 ὀφθαλμοὺς,
3157 2537 3365 2616 έπέγνω
3413 2544 3596 2595 τοῦτον
3627 2539 3785 2595 εἶναι

2130 2629 2220 2684 τὸν
2276 2628 2526 2685 θεαθέντα
2563 2647 2576 2660 ³
2613 2629 2940 2707 βουλόμενός
2977 2649 3035 2684 τε
3069 2631 3288 2706 μαθεῖν,
3321 2630 3366 2684 εἰ
3394 2628 3482 2685 καὶ
3506 2628 3784 2692 τοσαύτας

2130 2716 2278 2798 φέροι
2324 2717 2565 2797 πληγὰς,
2630 2718 2758 2784 ὅσας
2810 2717 2866 2775 δὲ
2909 2719 2996 2775 καὶ
3053 2719 3190 2776 κατᾶ
3219 2718 3338 2782 τοὺς
3375 2718 3568 2784 ὕπνους
3626 2717 3782 2800 ’έχων

2131 2806 2322 2888 έφάνη,
2358 2807 2560 2866 κελεύει
2592 2807 2780 2885 λεντίῳ
2841 2806 3236 2884 διαζωσάμενον
3280 2809 3371 2865 τὸν
3419 2815 3585 2866 νῶτον
3629 2811 3780 2867 ὑπο-

2127 2905 2427 2975 γυμνῶσαι.
2489 2899 2759 2975 Κρείττονι
2827 2898 2882 2955 δὲ
2958 2901 3105 2981 τάχα
3150 2900 3371 2980 προνοίᾳ
3429 2909 3522 2960 τοῦ
3564 2897 3781 2958 λεντίου

2127 2983 2458 3054 διαλυθέντος
2515 2988 2844 3071 ἐξεκαλύφθη
2896 2991 2961 3049 τὰ
3025 2989 3369 3068 κεκρυμμένα
3431 2987 3617 3068 μόρια,
3688 2993 3780 3045 καὶ

2126 3077 2300 3154 ὡρᾶτο
2362 3080 2388 3134 ὁ
2439 3081 2686 3161 μοναχὸς
2721 3080 2998 3144 ἀπόκοπος
3032 3078 3240 3158 ὀλίγονί
3259 3080 3344 3136 καὶ
3373 3079 3472 3136 τὶν
3517 3077 3648 3136 αίδὼ
3678 3100 3779 3136 πε-

2127 3166 2476 3247 πηρωμένος,
2539 3170 2583 3225 εί
2633 3167 2844 3227 καὶδιᾶ
2873 3170 2972 3238 τὴν
3003 3169 3099 3238 τῆς
3132 3168 3346 3238 ἡλικίας
3398 3168 3579 3245 ἀκμὴν
3635 3169 3776 3246 πρό-

2126 3277 2276 3336 τερον
2329 3259 2424 3315 οὐκ
2480 3257 2779 3317 ἀπολέλυτο
2853 3260 3125 3326 ὑπονοίας.
3202 3259 3406 3322 Εὒθέως
3485 3261 3576 3315 οῦν
3649 3259 3775 3320 τοὺς

2126 3347 2479 3412 κατειπόντας
2535 3353 2696 3408 αὐτοῦ
2738 3355 2846 3407 τῶν
2889 3351 3096 3408 οἰκείων
3159 3349 3358 3416 ἑξώσας
3387 3349 3630 3428 βαθμῶν,
3683 3349 3774 3404 ἐπὶ

2126 3438 2262 3516 τρισὶ
2291 3437 2514 3519 χρόνοις
2548 3439 2787 3520 ἀπείργει
2841 3445 2942 3510 τῆς
2987 3438 3314 3508 Ἐκκλησίας
3349 3454 3364 3469 ⁸
3399 3445 3475 3513 τῷ
3504 3435 3559 3494 δὲ
3585 3441 3772 3516 θεοφι-

2124 3525 2204 3585 λει
2239 3533 2468 3609 μοναχῷ
2498 3527 2828 3610 ἀπολογεττό
2873 3551 2932 3588 τε
2986 3531 3054 3586 τὰ
3099 3530 3444 3610 προσήκοντα
3502 3528 3588 3584 καὶ
3635 3549 3776 3606 συγ-

2125 3617 2324 3696 γνῶναι
2350 3618 2496 3694 αὒτῷ
2523 3617 2662 3686 ἠξίου
2719 3627 2812 3678 τοῦ
2853 3621 2991 3678 κατὰ
3049 3619 3269 3700 ἄγνοιαν
3301 3619 3716 3699 ἁμαρτήσαντος
3754 3635 3771 3647 ’

2125 3705 2272 3775 Πλὴν
2303 3715 2459 3766 τοῦτο
2488 3709 2655 3785 μόνον
2685 3711 2780 3768 οὒκ
2810 3709 2952 3791 ἔχω,
2987 3709 3194 3790 ἔλεγεν,
3239 3709 3482 3768 ἐπαινεῖν
3521 3711 3583 3766 τὸ
3627 3709 3776 3788 ἀφυ-

2123 3795 2335 3863 λάκτως
2391 3800 2448 3855 iv
2493 3812 2619 3864 ταῖς
2685 3800 2906 3858 πόλεσιν
2958 3801 3113 3860 αὐτὸν
3171 3801 3470 3881 περιάγειν,
3518 3800 3775 3878 μοναχὸν

2126 3886 2254 3945 ὄντα
2283 3889 2372 3945 καὶ
2422 3891 2538 3947 νέον
2597 3887 2766 3956 οὕτως
2817 3889 3116 3971 ὁρώμενον,
3147 3891 3378 3971 γυναῖκά
3407 3910 3466 3946 τε
3511 3889 3770 3966 ἑπισύρε-

2125 3982 2266 4054 σθαι,
2303 3979 2392 4037 καὶ
2420 3977 2649 4043 πολλοῖς
2682 3979 2930 4060 ἀφορμὴν
2961 3981 3114 4038 εἶναι
3148 3977 3466 4043 σκανδάλου,

2207 4070 2346 4131 MZ'.
2400 4067 2472 4128 ’Ὃ
2518 4066 2572 4126 δὶ
2604 4071 2741 4146 μετὰ
2796 4075 2896 4139 τῆς
2959 4071 3340 4148 προσηκούσης
3386 4066 3557 4134 αἰδοῦς
3587 4089 3648 4126 τε
3681 4069 3772 4126 καὶ

408 2083 629 2160 Crede,
665 2103 826 2147 nunc
853 2083 1100 2165 quidem
1131 2091 1294 2146 certe
1319 2083 1508 2147 semel
1541 2084 1832 2164 deceptus
1871 2098 1957 2158 es,
1989 2088 2052 2143 ut

407 2173 613 2236 homo.

484 2261 684 2325 XLVI.
716 2264 765 2326 A
796 2279 1008 2326 somno
1029 2270 1226 2325 autem
1251 2262 1566 2338 excitatus,
1599 2259 1860 2324 accersit
1886 2257 2050 2322 illico

404 2353 1066 2430 monachum,educens
1086 2371 1225 2416 eum
1250 2372 1284 2416 e
1304 2352 1728 2434 custodia,prae
1753 2351 1938 2432 plagis
1958 2352 2049 2412 vix

401 2443 700 2506 valentem
723 2442 1231 2521 ingredi.Deinde
1253 2463 1388 2506 cum
1412 2443 1474 2505 in
1493 2443 1627 2522 ejus
1649 2441 1874 2503 vultum
1895 2458 2045 2503 con-

389 2533 645 2615 jecisset
673 2533 1150 2614 oculos,agnovit
1171 2552 1312 2596 eum
1346 2533 1614 2613 esse,qui
1645 2533 1843 2595 fuerat
1871 2529 1946 2592 ab
1973 2549 2046 2593 eo

395 2620 860 2704 visus.Cumque
893 2622 1074 2686 vellet
1100 2623 1362 2698 scire,an
1383 2631 1504 2684 tam
1537 2621 1752 2684 multas
1769 2619 2045 2700 accepis-

397 2723 488 2777 set
508 2713 916 2795 plagas,quam
943 2713 1159 2776 multas
1180 2713 1407 2777 habens
1425 2712 1487 2774 in
1509 2711 1738 2773 somnis
1760 2728 2046 2792 apparue-

393 2811 513 2879 rat,
536 2802 716 2884 jubet
763 2821 898 2866 eum
922 2803 1109 2866 linteo
1133 2809 1469 2866 succintum
1496 2803 1737 2884 aperire
1767 2802 2042 2863 dorsum.

397 2891 544 2957 Cum
570 2893 771 2954 divina
794 2887 999 2956 autem
1027 2893 1406 2975 providentia
1427 2893 1635 2955 fuisset
1657 2891 1908 2954 linteum
1941 2907 2043 2953 so-

396 2983 845 3064 lutum,apertaa
857 2983 1098 3046 fuerunt
1121 2993 1323 3066 partes
1344 2982 2045 3062 occultae,etconspectus

399 3083 492 3134 est
516 3073 844 3137 monachus
860 3076 1298 3156 propemodum
1319 3082 1597 3136 exsectus
1617 3081 1679 3136 et
1695 3088 1943 3134 mancus
1967 3071 2045 3133 vi-

398 3159 638 3263 rilibus,
671 3162 901 3263 etiamsi
948 3170 1201 3263 propter
1233 3163 1442 3263 ﬂorem
1467 3162 1655 3262 aetatis
1684 3179 1806 3223 non
1838 3158 2046 3261 fuisset
2061 3209 2104 3263 ο

395 3250 564 3333 prius
586 3253 874 3315 immunis
898 3271 932 3315 a
979 3253 1347 3334 suspicione.
1383 3252 1592 3316 Statim
1644 3269 1788 3329 ergo
1810 3268 1914 3313 eos
1945 3249 2046 3332 qui

393 3341 532 3405 illos
562 3341 925 3420 detulerant,
961 3361 996 3404 a
1044 3341 1170 3404 suis
1191 3342 1484 3422 gradibus
1507 3341 1887 3418 deturbatos,
1920 3350 2044 3403 tres

395 3449 587 3494 annos
615 3442 777 3495 arcet
802 3451 837 3494 δ
869 3432 1435 3496 communione.Pio
1467 3451 1608 3495 vero
1634 3432 1924 3496 monacho
1950 3449 2040 3508 se,

394 3531 460 3585 ut
487 3541 593 3604 par
613 3532 763 3600 erat,
796 3523 1119 3601 excusavit,
1154 3533 1216 3586 et
1236 3523 1466 3604 rogavit
1493 3531 1558 3586 ut
1589 3523 1646 3586 ei
1673 3521 2044 3585 condonaret

394 3620 704 3692 peccatum
763 3613 1100 3676 admissum
1162 3630 1270 3695 per
1317 3613 1743 3693 ignorantiam.
1777 3611 1894 3676 Sed
1927 3610 2042 3673 hoc

393 3699 587 3763 solum
621 3699 780 3764 dixit
808 3719 876 3764 se
924 3721 1043 3764 non
1075 3703 1346 3778 laudare,
1384 3702 1548 3786 quod
1575 3701 1741 3765 nullo
1769 3699 2042 3763 adhibito

392 3791 645 3853 custode
675 3791 872 3855 obiret
902 3793 1202 3870 civitates,
1229 3810 1364 3855 cum
1399 3801 1561 3856 esset
1592 3791 1946 3867 monachus,
1983 3800 2044 3854 et

387 3881 696 3947 videretur
723 3883 876 3946 adeo
898 3882 1170 3963 juvenis,
1205 3891 1266 3946 et
1327 3883 1594 3945 traheret
1621 3900 1826 3945 secum
1860 3881 2042 3944 femi-

392 3991 552 4050 nam,
587 3980 649 4037 et
676 3981 838 4036 esset
869 3974 1076 4037 multis
1104 3991 1283 4036 causa
1315 3972 1689 4036 offensionis.

474 4061 683 4123 XLVII
693 4063 826 4126 .llle
847 4081 987 4125 vero
1008 4081 1144 4126 cum
1171 4080 1389 4143 ea,qua
1405 4061 2040 4142 parerat,reverentia,

394 4161 453 4216 et
472 4151 770 4215 modestia
793 4170 806 4212 :
833 4152 1194 4216 Benedictus
1216 4151 2035 4232 Dominus,inquit,domine,

2132 4158 2502 4236 μετριότητος,
2569 4161 2872 4238 Εὐλογητὸς
2919 4161 3130 4240 Κύριος,
3187 4157 3443 4238 δέσποτα,
3498 4161 3680 4238 εἶπεν,
3709 4159 3772 4215 οῦ

390 4259 512 4329 non
547 4242 830 4306 mentior.
860 4241 993 4305 Non
1029 4241 1232 4304 multis
1261 4250 1400 4302 ante
1426 4241 1644 4303 diebus
1673 4258 1809 4303 cum
1839 4258 2033 4302 essem

2132 4245 2384 4325 ψεύδομαι
2417 4268 2432 4284 ο
2503 4250 2562 4307 οὗ
2614 4248 2852 4311 πολλαῖς
2912 4249 3170 4329 πρότερον
3229 4248 3453 4327 ἡμέραις
3499 4248 3638 4306 κατὰ
3668 4249 3768 4316 τὴν

388 4328 649 4406 Gazaa,et
667 4331 834 4394 illinc
856 4331 1203 4394 festinarem
1227 4331 1300 4393 ad
1315 4331 1690 4392 adorandum
1704 4329 2035 4412 SS.Cyrum

2132 4334 2291 4408 Γάζαν
2337 4359 2428 4413 μοι
2477 4336 2774 4418 γενομένῳ,
2832 4328 3089 4394 κάκεῖθεν
3132 4338 3206 4401 είς
3243 4336 3604 4411 προσκύνησιν
3659 4341 3767 4390 τῶν

387 4427 450 4485 et
472 4420 789 4500 Joannem,
828 4423 955 4484 haec
985 4421 1191 4504 puella
1216 4421 1364 4484 mihi
1394 4438 1649 4502 vespere
1681 4425 1745 4485 ﬁt
1773 4421 2034 4498 obviam,

2132 4429 2286 4508 ἱγίων
2345 4431 2533 4508 Κύριου
2564 4433 2652 4488 καὶ
2695 4428 2946 4488 Ἰωάννου
3003 4430 3365 4508 επειγομὲνῳ,
3411 4432 3640 4500 συναντᾷ
3675 4447 3766 4502 μοι

388 4521 454 4576 et
481 4513 557 4575 ad
593 4529 760 4576 meos
795 4512 981 4594 pedes
1011 4511 1294 4594 procidit,
1327 4529 1544 4592 rogans
1571 4519 1634 4573 ut
1664 4531 1896 4576 mecum
1927 4512 2042 4576 iter

2132 4521 2255 4596 πρὸς
2295 4519 2519 4600 ἑσπέραν
2560 4522 2595 4589 ἡ
2645 4519 2782 4596 κόρη
2824 4519 2986 4601 αὕτη,
3037 4521 3270 4587 καὶτοῖς
3299 4519 3422 4576 ποσὶ
3457 4532 3574 4582 τοῖς
3607 4516 3767 4593 ἐμοῖς

385 4603 912 4682 ingrederetur,eo
940 4602 1100 4684 quod
1135 4601 1319 4665 vellet
1348 4619 1482 4664 esse
1513 4601 1875 4682 Christiana,
1909 4610 2040 4666 erat

385 4695 551 4757 enim
584 4691 988 4773 HebrasaEgo
1010 4699 1216 4755 autem
1234 4691 1343 4754 Dei
1358 4691 1586 4755 veritus
1603 4693 2037 4775 judicium,qui

385 4782 640 4855 dixit,ne
653 4801 726 4845 ex
746 4783 981 4865 pusillis
994 4783 1258 4863 aliquem
1275 4781 2038 4864 despiceremus,obediens

385 4873 604 4936 admisi
627 4891 758 4937 eam
784 4874 892 4935 viae
909 4873 1217 4948 comitem,
1255 4877 1509 4935 maxime
1531 4873 2036 4956 conlidens,quod

385 4981 523 5026 cum
555 4972 760 5027 essent
780 4964 928 5026 mihi
956 4964 1230 5026 membra
1252 4964 1332 5026 ita
1351 4964 1585 5039 aﬂecta,
1606 4983 1725 5025 non
1756 4974 1921 5026 esset
1948 4963 2036 5025 fa-

385 5053 504 5117 cile
533 5053 784 5116 inimico
809 5061 1045 5117 struere
1067 5054 1128 5115 in
1159 5072 1256 5115 me
1279 5050 1863 5116 tentationem.Cum
1895 5051 2037 5114 illuc

383 5151 587 5206 autem
637 5143 964 5225 venissem,
1021 5152 1080 5205 et
1129 5150 1264 5205 vota
1293 5140 1722 5219 reddidissem,
1757 5141 1874 5204 feci
1901 5159 2033 5204 eam

383 5233 758 5297 catechismo
781 5234 994 5296 instrui
1027 5242 1088 5295 et
1119 5231 1434 5314 baptizari,
1472 5239 1534 5293 et
1559 5231 1637 5293 de
1665 5240 1882 5294 caetero
1898 5249 2032 5294 eam

382 5330 761 5390 circumduce
780 5331 837 5387 in
860 5328 1223 5400 simplicitate
1249 5326 1530 5391 cordis,et
1553 5325 1886 5385 mendicans
1908 5341 2034 5384 eam

381 5414 762 5494 alo,studens
779 5423 829 5476 si
851 5415 1077 5495 possim
1110 5431 1244 5475 eam
1269 5411 1572 5474 collocare
1595 5411 1654 5472 in
1677 5411 1875 5493 aliquo
1899 5431 2032 5475 mo-

383 5506 647 5570 nasterio
678 5506 999 5585 virginum.
1019 5503 1159 5568 Hac
1191 5522 1326 5566 cum
1359 5501 1630 5564 audisset
1657 5502 1760 5566 ille
1789 5505 2030 5584 Beatus,

380 5595 582 5675 Papae,
617 5595 833 5678 inquit,
870 5614 1050 5674 quam
1087 5594 1256 5656 multi
1289 5601 1426 5655 sunt
1459 5591 1680 5655 occulti
1711 5594 1864 5655 servi
1896 5595 2028 5670 Dei,

381 5684 618 5748 etiamsi
647 5685 764 5747 sint
793 5684 968 5747 nobis
999 5685 1224 5764 ignoti!
1255 5688 1400 5748 Cum
1425 5689 1630 5746 autem
1661 5684 2027 5749 monachum

2120 4609 2440 4688 προσπίπτει
2502 4607 2808 4668 συνοδεῦσαί
2870 4633 2962 4686 μοι
3034 4608 3265 4686 δεομένη
3333 4615 3413 4683 τῷ
3486 4608 3764 4685 βούλεσθαι

2119 4699 2362 4778 γενέσθαι
2416 4702 2742 4780 Χριστιανήν
2775 4720 2790 4737 ο
2828 4698 3048 4781 Ἐϐραία
3090 4701 3191 4780 γὰρ
3247 4699 3339 4768 ῆν.
3401 4697 3619 4777 Ἔγωγε
3675 4698 3764 4752 οὗν

2118 4790 2180 4846 τὸ
2219 4789 2326 4847 ἀπὸ
2373 4796 2503 4847 Θεοῦ
2546 4788 2717 4858 δείσας
2776 4791 3081 4870 κατάκριμα
3153 4790 3436 4871 εἰρηκότος
3492 4789 3570 4865 μή
3620 4807 3764 4852 τινος

2121 4894 2476 4959 καταφρονεῖν
2547 4879 2655 4938 τῶν
2718 4887 2952 4962 μικρῶν,
3023 4881 3331 4946 ὑπακούσας
3393 4875 3765 4958 παρεδεξάμην

2117 4968 2216 5036 τὴν
2265 4968 2528 5049 συνοδίαν,
2563 4969 2740 5037 ἄλλως
2771 4992 2828 5028 τε
2859 4971 2955 5030 καῖ
2988 4971 3251 5051 θαῤῥήσας
3285 4969 3367 5028 ὅτι
3435 4991 3525 5046 μοι
3587 4965 3764 5044 μελῶν

2120 5059 2288 5124 οὕτως
2349 5058 2557 5140 ἔχοντι,
2619 5060 2718 5118 οὒκ
2777 5060 2840 5119 ἂν
2883 5061 2978 5130 εἴη
3019 5067 3098 5136 τῷ
3142 5061 3323 5142 ἐχθρῷ
3357 5057 3533 5137 ῥᾴδιον
3566 5077 3760 5135 πειρα-

2121 5151 2258 5226 σμόν
2325 5171 2417 5226 μοι
2505 5151 2876 5215 έπισκευάσαι,
2943 5151 3159 5210 Ἐκετσε
3218 5151 3402 5228 μέντοι
3477 5147 3763 5230 γενόμενος

2120 5240 2206 5297 καί
2271 5241 2354 5305 τὰς
2410 5241 2576 5324 εὒχὰς
2626 5241 2880 5323 ἀποδοὺς,
2939 5243 3321 5323 κατηχηθῆναί
3377 5261 3436 5298 τε
3478 5239 3644 5306 αὐτὴν
3683 5238 3766 5294 καὶ

2128 5331 2483 5407 βαπτισθῆναι
2527 5334 2798 5402 πεποίηκα
2832 5355 2846 5370 ·
2915 5335 3005 5391 καὶ
3071 5335 3132 5390 το
3193 5333 3299 5391 ὰπὸ
3345 5328 3498 5389 τοῦδε
3555 5326 3764 5406 καρδίας

2118 5419 2386 5488 ἁπλότητι
2443 5427 2686 5502 περιάγω
2728 5425 2818 5481 καὶ
2879 5428 3184 5502 προσαιτῶν
3243 5420 3442 5502 τρέφω,
3499 5416 3761 5493 σπεύδων,

2116 5512 2160 5567 εί
2204 5509 2425 5576 δυνατὸς
2482 5511 2776 5595 γενοίμην,
2833 5515 2924 5570 καὶ
2977 5513 3270 5592 παρθενῶνι
3329 5510 3495 5579 αὐτὴν
3527 5509 3764 5589 ἐγκατα-

2117 5597 2300 5666 τάξαι.
2363 5603 2539 5659 Ταῦτα
2597 5603 2898 5662 ἀκούσαντα
2941 5605 3032 5661 τὸν
3077 5603 3364 5682 μακάριον,
3415 5597 3598 5676 Βαϐαῖ,
3661 5599 3762 5656 πό-

2118 5715 2229 5769 σοι,
2291 5696 2478 5779 φάναι,
2538 5695 2745 5775 κρύφιοι
2797 5701 2888 5754 τοῦ
2921 5700 3054 5754 Θεοῦ
3083 5691 3286 5770 δοῦλοι,
3315 5690 3417 5762 κᾶν
3446 5692 3581 5768 ἡμῖν
3621 5688 3762 5751 οὗτοι
