4032 6202
181 310 301 382 937

1177 322 1364 394 VITA
1407 328 1469 396 S.
1515 322 1836 396 JOANNIS
1873 319 2530 395 ELEEMOSYNARII.

3453 314 3573 390 938

187 454 532 534 τυγχάνωσιν
561 455 848 533 ἄγνωστοι.
895 460 997 517 Τὸν
1043 462 1224 537 μέντοι
1264 467 1508 545 μοναχὸν
1551 467 1864 541 νομίσμσ-Α

1956 470 2158 523 onaret
2213 470 2466 524 centum
2523 459 2812 535 nummis,
2869 458 2975 521 ille
3025 474 3146 522 non
3178 457 3433 538 accepit,
3469 455 3567 519 di-

187 566 275 600 σιν
333 545 523 601 ἑκατὸν
584 545 937 623 δωρουμένου,
999 549 1206 615 ἐκεῖνος
1248 554 1306 609 οῦ
1364 552 1707 634 παρεδέξατο.
1773 546 1831 611 Ὀ

1956 569 2098 613 ens:
2133 551 2458 613 Monachus
2491 551 2541 613 si
2576 549 2762 612 habet
2801 547 3009 623 ﬁdem,
3047 566 3170 610 non
3205 547 3433 626 indiget
3464 563 3571 628 pe-

311 635 333 653 "
381 635 395 651 ἶ
536 638 548 658 τ
622 637 635 656 \
770 638 783 658 ν
816 636 840 657 ’δ
1248 645 1262 664 9
1309 643 1330 662 Ν

189 656 460 722 μοναχος,
510 656 707 707 ειπιυν,
743 659 786 693 ει
817 661 937 718 εχοι
979 640 1176 721 πίστιν,
1212 665 1271 700 ου
1304 657 1473 702 οεῖται
1505 645 1832 722 χρημάτών⁵

1956 641 2150 702 uniis:
2187 642 2280 703 sin
2311 649 2509 703 autem
2566 638 2812 701 omnino
2873 646 3055 714 amat,
3093 645 3186 700 est
3218 638 3467 699 omnino
3498 636 3572 698 ﬁ-

192 725 239 778 εἷ
299 721 352 778 δὲ
410 725 713 802 χρημάτων
761 724 900 792 ὅλως
959 728 1073 808 ἐρᾷ,
1142 732 1372 798 πίστεως
1417 721 1631 798 πάντως
1695 733 1836 789 ἐστὶν

1963 749 1994 792 e
2027 730 2318 794 defectus.
2352 729 2490 793 Haec
2540 749 2680 793 cum
2731 727 2981 792 dixisset
3012 735 3072 790 et
3099 727 3432 801 adorasset,
3465 742 3576 788 re-

193 813 422 891 ἕρημος.
484 822 658 873 Ταῦτα
716 817 879 872 εἰπὼν
936 821 1023 877 καὶ
1054 823 1412 900 προσκύνησιν
1445 823 1834 899 ποιησάμενος,

196 903 372 959 ἐπιὼν
400 903 603 982 ᾣχετο,

283 991 430 1051 ΜΗ¹.
479 992 666 1058 ’Ὅπως
717 994 772 1052 δὲ
820 996 1265 1062 ἀξιοσπούδαστον
1295 1003 1363 1070 ἦν
1405 1004 1440 1071 ἡ
1483 1010 1577 1060 τοῦ
1618 1002 1841 1060 θανάτου

1923 823 2127 883 cessit.

2003 995 2262 1063 XLVIII.
2296 998 2483 1072 Quam
2510 1016 2795 1079 magnum
2820 1005 3016 1059 autem
3042 993 3304 1058 studium
3323 1002 3580 1078 poneret

201 1083 395 1158 μνήμη
448 1083 525 1159 τῷ
579 1086 845 1165 μακαρίῳ,
897 1090 983 1144 καὶ
1039 1091 1112 1152 ὡς
1172 1090 1322 1170 ἔχειν
1369 1093 1535 1160 αὐτὴν
1566 1090 1839 1158 ἆνεξάλειυ

1956 1097 2230 1161 leatus,ut
2265 1088 2474 1152 mortis
2496 1087 2961 1163 meminisset,et
2980 1084 3137 1168 quod
3157 1084 3400 1167 plurimi
3423 1086 3582 1150 face-

207 1195 338 1230 πτον
393 1175 510 1251 περὶ
568 1177 766 1240 παντὸς
811 1175 1073 1253 ἐποιεῖτο,
1108 1180 1322 1259 εἴρηται
1369 1182 1466 1256 μὲν
1518 1183 1606 1239 καὶ
1652 1183 1847 1260 πρότε-

205 1286 319 1342 ρον,
383 1264 648 1341 εἰρήσεται
720 1263 773 1320 δὲ
831 1267 920 1323 καὶ
992 1276 1104 1331 νῦν,
1151 1270 1530 1351 Θινατηφόρου
1571 1277 1672 1350 γάρ
1716 1292 1847 1328 ποτε

206 1354 364 1412 νόσου
409 1353 506 1420 τὴν
566 1352 720 1410 πόλιν
750 1353 1180 1433 καταλαϐούσης,
1215 1358 1368 1438 ἔργον
1405 1360 1472 1428 ἧν
1501 1361 1683 1435 ἐκείνῳ
1712 1361 1851 1416 πάν-

207 1467 316 1502 των
365 1442 810 1521 ἓπιμελέστατον,
857 1446 920 1501 τα
967 1449 1111 1524 θαμὰ
1141 1452 1406 1524 παριέναι,
1443 1452 1571 1528 πρός
1629 1472 1684 1507 τε
1743 1455 1849 1506 τῶν

209 1534 506 1590 νοσούντων
570 1533 847 1610 ἐπίσκεψιν
896 1537 982 1592 καὶ
1026 1537 1125 1605 τὴν
1167 1545 1273 1595 τῶν
1323 1540 1692 1597 τελευτώντων
1751 1562 1851 1596 τα-

210 1623 318 1702 φήν
346 1641 362 1658 ο
429 1621 686 1689 πολλάκις
717 1621 769 1678 δὲ
801 1626 889 1681 καὶ
919 1625 1317 1706 ψυχορραγοῦσι
1347 1630 1708 1708 παρεκάθητο,
1757 1628 1851 1685 καί

211 1713 336 1775 τοὺς
393 1712 696 1792 ὀφθαλμοὺς
756 1713 928 1769 αὐτῶν
982 1715 1196 1779 οἷκείαις
1231 1721 1414 1797 χερσὶν
1441 1717 1800 1776 ἐπεκάλυπτεν
1837 1737 1850 1749 ·

1933 1188 2025 1242 ret
2055 1179 2297 1242 efﬁcere
2328 1197 2403 1242 ne
2434 1179 2565 1259 ejus
2595 1176 2936 1240 recordatio
2983 1175 3318 1253 deleretur,
3351 1175 3577 1239 dictum

1932 1268 2175 1350 quidem
2229 1277 2318 1330 est
2377 1268 2564 1350 prius,
2620 1266 2858 1330 dicetur
2886 1273 3089 1328 autem
3123 1283 3281 1328 nunc
3308 1283 3576 1347 quoque.

1932 1357 2080 1420 Nam
2114 1377 2247 1420 cum
2269 1357 2512 1420 lethalis
2537 1355 2782 1420 morbus
2802 1354 3125 1437 aliquando
3151 1353 3470 1418 invasisset
3497 1355 3582 1418 ci-

1933 1449 2197 1519 vitatem,
2235 1446 2508 1510 maximae
2531 1447 2618 1510 illi
2643 1454 2769 1509 erat
2791 1463 2953 1508 curae
2972 1443 3266 1508 accedere
3284 1444 3360 1507 ad
3385 1462 3580 1527 regre-

1937 1547 2130 1600 torum
2160 1537 2586 1612 visitationem,
2617 1546 2676 1599 et
2701 1553 2911 1599 eorum
2946 1535 3050 1616 qui
3077 1533 3454 1598 decedebant
3482 1553 3582 1598 se-

1939 1628 2256 1708 pulturam.
2312 1628 2484 1707 Saepe
2543 1634 2740 1688 autem
2801 1625 2980 1686 etiam
3038 1622 3344 1688 assidebat
3372 1624 3451 1686 iis
3480 1623 3584 1706 qui

1937 1715 2298 1779 emittebant
2325 1716 2681 1787 animam.et
2711 1733 2916 1776 eorum
2951 1714 3161 1776 oculos
3190 1713 3318 1778 suis
3349 1716 3585 1794 tegebat

210 1801 471 1881 ἐπέτρεπε
530 1799 585 1858 δὲ
643 1804 730 1859 καὶ
785 1803 879 1865 τὰς
923 1805 1054 1882 ὑπὲρ
1096 1812 1202 1862 τῶν
1259 1808 1666 1883 κεκοιμημένων
1725 1830 1856 1864 συν-

1956 1806 2246 1868 nauibus.
2283 1802 2542 1868 lubebat
2587 1821 2840 1884 synaxes
2883 1821 3124 1885 quoque
3155 1801 3447 1866 celebrari
3477 1823 3584 1885 pro

212 1891 356 1958 άξεις
393 1891 684 1967 ἐπιτελεῖν,
717 1893 1120 1972 ἶσχυριζόμενός
1153 1917 1211 1950 τε
1263 1899 1350 1952 καὶ
1404 1895 1744 1972 διαϐεϐαιῶν,
1790 1899 1856 1954 τὰ

1956 1902 2012 1958 is
2043 1895 2144 1976 qui
2167 1894 2842 1966 dormierant,asserens
2871 1899 2930 1956 et
2952 1892 3257 1954 afﬁrmans
3287 1891 3587 1955 defunctis

215 1983 429 2060 μεγάλα
462 1995 577 2048 τοῖς
607 1983 1024 2062 κατοιχομένοις
1059 1984 1359 2043 λυσιτελεῖν
1387 1988 1482 2052 τὰς
1511 1988 1640 2066 ὑπὲρ
1687 1988 1857 2045 αὒτῶν

218 2074 438 2150 μνήμας
471 2074 558 2128 καὶ
589 2070 942 2151 λειτουργίας.

303 2152 441 2224 ΜΘ’,
493 2162 577 2224 Εἷς
625 2161 802 2218 πίστιν
839 2160 892 2218 δὲ
937 2163 1043 2219 τῶν
1073 2162 1379 2242 λεγομενων
1423 2168 1512 2223 καί
1539 2189 1596 2224 τι
1624 2173 1860 2224 τοιοῦτον

221 2250 283 2309 οὗ
325 2253 425 2323 πρὸ
469 2249 672 2308 πολλοῦ
728 2252 1014 2330 γενόμενον
1057 2251 1330 2332 ἐξηγεῖτο.
1392 2255 1587 2334 Ἔλεγε
1633 2259 1733 2336 γὰρ
1791 2258 1864 2324 ὡς

222 2343 326 2398 ὕπὸ
374 2344 586 2418 Περσῶν
631 2363 714 2404 τις
771 2343 841 2406 εἰς
891 2340 1110 2421 Περσίδα
1161 2343 1508 2423 αἰχμάλωτος
1562 2345 1862 2426 ἁπαχθείς,

221 2437 278 2488 εν
335 2437 402 2507 τῇ
444 2429 656 2507 φυλακῇ
686 2431 719 2499 ἢ
763 2429 900 2487 οῧτω
929 2431 1176 2489 καλεῖται
1210 2434 1386 2513 Λήθη,
1422 2431 1636 2509 δέσμιος
1667 2435 1862 2514 ἐφρου-

223 2536 370 2598 ρεῖτο
407 2538 420 2551 ’
487 2521 647 2596 νόμος
682 2519 734 2575 δὲ
769 2528 910 2600 παρα
946 2522 1172 2597 Πέρσαις
1205 2523 1411 2600 ἐκράτει
1441 2527 1705 2599 τοιοῦτος,
1743 2526 1863 2588 τοὺς

222 2611 280 2668 ἐν
312 2619 382 2689 τῇ
411 2610 622 2691 φυλακῇ
669 2609 794 2687 τῇδε
843 2611 1248 2691 καθειρχθέντας
1306 2613 1684 2670 ἀνακαλεῖσθαι
1750 2638 1863 2689 μηο

223 2700 416 2758 δέποτε
450 2718 464 2731 ⁸
513 2702 680 2778 ταύτῃ
724 2723 804 2758 τοι
849 2705 935 2760 καὶ
980 2704 1129 2772 Λήθη
1192 2703 1326 2780 αῦτῇ
1384 2706 1444 2760 τὸ
1503 2704 1673 2779 ὄνομα
1731 2714 1869 2761 κατὰ

221 2791 389 2870 λόγον
449 2791 626 2856 ἐτέθη.
675 2789 921 2847 Ἐκεῖθεν
977 2791 1063 2848 οὖν
1109 2791 1404 2870 ἀποδρᾶσαι
1463 2815 1602 2859 τινες
1663 2791 1865 2851 δυνατοὶ

226 2882 506 2960 γενόμενοι
540 2883 627 2936 καὶ
667 2883 766 2947 τὴν
823 2882 1029 2960 Κύπρον
1075 2881 1428 2957 καταλαϐεῖν,
1463 2897 1582 2946 τοῖς
1615 2894 1708 2942 τοῦ
1739 2905 1867 2940 νεα-

234 2973 413 3029 νίσκου
458 2971 743 3051 πατράσιν,
809 2973 882 3035 ὼς
959 2972 1051 3039 εἴη
1109 2973 1379 3038 τεθνηκὼς
1438 2973 1492 3029 ἐν
1549 2980 1617 3051 τῇ
1661 2971 1873 3053 φυλακῇ

235 3059 700 3124 διεϐεϐαιώσαντο,
789 3061 1023 3118 Ἐκεῖνοι
1108 3063 1386 3140 τοιγαροῦν
1471 3070 1562 3120 τοῦ
1638 3064 1875 3120 ἐνιαυτοῦ

1944 1988 2194 2050 multum
2228 1984 2514 2065 prodesse
2545 2002 2678 2066 quae
2709 2002 2816 2064 pro
2849 1984 2938 2046 eis
2966 1982 3115 2044 ﬁunt
3143 1999 3587 2045 commemora-

1945 2077 2141 2140 tiones
2173 2083 2233 2136 et
2259 2093 2430 2138 sacra
2461 2073 2819 2137 ministeria.

2027 2165 2237 2230 XLIX.
2269 2164 2359 2226 Ad
2413 2164 2593 2228 ﬁdem
2626 2172 2826 2226 autem
2851 2161 3192 2225 faciendam
3219 2179 3427 2225 eorum
3458 2179 3594 2244 quas

1945 2254 2453 2328 dicebantur,tale
2475 2253 2622 2336 quid
2647 2253 2828 2317 etiam
2853 2251 3160 2327 narrabat,
3177 2251 3339 2333 quod
3370 2252 3591 2314 factum

1947 2348 2140 2409 fuerat
2171 2363 2289 2407 non
2335 2345 2416 2406 ita
2464 2343 2652 2406 multo
2700 2341 3118 2406 ante.Dicebat
3149 2341 3336 2418 enim,
3370 2340 3528 2421 quod
3559 2359 3594 2402 a

1948 2435 2148 2499 Persis
2172 2434 2415 2516 quidam
2440 2432 2730 2496 abductus
2756 2432 3048 2514 captivus,
3084 2429 3144 2492 in
3163 2429 3595 2510 custodia,qute

1950 2525 2284 2605 appellatur
2317 2519 2951 2598 Lethe,asservabatur
2985 2518 3374 2582 vinctusLex
3397 2527 3596 2581 autem

1951 2624 2080 2676 erat
2108 2614 2266 2695 apud
2297 2613 2606 2688 Persas,ut
2628 2611 2732 2693 qui
2755 2610 3014 2691 conjecti
3039 2619 3210 2673 erant
3230 2611 3290 2673 in
3314 2626 3446 2671 eam
3482 2627 3594 2670 cu-

1951 2704 2230 2776 stodiam,
2267 2719 2569 2782 nunquam
2630 2709 3103 2764 revocarentur:
3135 2708 3194 2762 et
3241 2717 3313 2760 ea
3360 2697 3598 2762 ratione

1954 2802 2421 2856 consentaneum
2451 2801 2542 2854 est
2571 2808 2704 2853 eam
2754 2790 2937 2852 fuisse
2967 2795 3232 2852 vocatam
3259 2788 3508 2861 Lethen,
3535 2786 3596 2848 id

1955 2891 2067 2959 est,
2097 2881 2486 2944 oblivionem.
2516 2879 2686 2945 Illinc
2709 2893 2906 2942 autem
2939 2899 3074 2944 cum
3103 2877 3345 2960 quidam
3380 2875 3603 2957 potuis-

1958 2981 2092 3034 sent
2121 2972 2438 3050 aufugere,
2473 2980 2531 3031 et
2582 2970 2641 3030 in
2675 2973 2929 3050 Cyprum
2965 2969 3194 3043 venire,
3225 2967 3604 3028 afﬁrmarunt

1963 3062 2308 3144 parentibus
2365 3060 2787 3133 adolescentis,
2823 3077 2959 3120 eum
3016 3077 3148 3120 esse
3207 3065 3512 3144 mortuum
3539 3053 3603 3116 in

237 3166 384 3229 τρεῖς
419 3151 652 3216 συνάξεις
698 3153 769 3216 ὡς
801 3150 892 3207 ἐπὶ
925 3158 1094 3230 νεκρῷ
1121 3152 1292 3227 τούτῳ
1345 3152 1574 3215 ἐποίουν,
1612 3155 1706 3212 Καὶ
1750 3152 1864 3208 τέσ-

1961 3143 2359 3216 custodiallli
2380 3168 2518 3212 vero
2551 3158 2670 3212 tres
2703 3147 3026 3228 quotannis
3058 3163 3305 3228 synaxes
3334 3143 3604 3239 celebra-

241 3263 396 3319 σαρες
454 3240 592 3298 οὕτω
649 3240 919 3320 παρῆλθον
983 3241 1260 3298 ἐνιαυτοί·
1321 3241 1428 3299 εἶθ’
1485 3242 1649 3309 οὕτως
1705 3243 1794 3299 καὶ
1851 3243 1877 3297 ὸ

242 3344 374 3394 παῖς
407 3330 610 3386 ἐκεῖθεν
656 3330 908 3410 ἐκφυγεῖν
966 3328 1228 3405 δυνηθεὶς,
1264 3333 1336 3396 εἷς
1378 3333 1476 3399 την
1507 3333 1674 3389 οἰκίαν
1708 3331 1878 3388 ἰπάν-

247 3442 403 3492 εισιν,
435 3420 492 3475 ὃν
527 3423 572 3475 οἱ
630 3434 810 3498 γονεῖς
866 3421 970 3500 οῦχ
999 3420 1177 3496 ὥσπερ
1223 3421 1282 3477 ἐκ
1333 3420 1573 3501 φυλακῆς
1619 3420 1873 3501 φυγόντα,

254 3510 312 3565 θλ
356 3509 368 3530 r
432 3514 444 3531 σ
473 3534 491 3548 ρ
552 3509 586 3544 τ,
700 3533 718 3540 _
765 3517 826 3544 μιν
921 3511 932 3525 θ
1099 3510 1109 3529 ν
1289 3515 1315 3525 ε
1518 3512 1529 3528 ς
1755 3517 1775 3525 ..
1814 3515 1874 3542 -η

245 3533 278 3565 α
317 3523 347 3565 Α
420 3533 491 3571 ω,
549 3531 611 3565 εκ
667 3532 866 3588 νεκρων
912 3532 1212 3566 ανασταντα
1243 3509 1450 3584 μᾶλλον
1484 3535 1574 3567 συν
1607 3509 1783 3586 πολλῃ
1825 3533 1882 3585 ιη

245 3598 498 3668 ἐκπλήξει
527 3600 845 3674 θεασάμενοι
895 3601 981 3655 καὶ
1032 3599 1342 3678 ἀπορρήτως
1404 3599 1726 3667 πλησθέντες
1787 3603 1883 3665 τῆς

246 3688 464 3760 ἡδονῆς,
512 3688 680 3745 τᾶλλα
710 3711 765 3744 τε
824 3689 1008 3766 ’έλεγον
1051 3691 1138 3744 καὶ
1175 3689 1410 3766 ἐποίουν,
1455 3689 1552 3746 ὅσα
1605 3689 1667 3746 ἂν
1729 3690 1885 3770 ψυχή

247 3789 487 3839 τοιοῦτον
543 3777 723 3836 ἰδοῦσα
769 3781 924 3835 πάθοι
972 3781 1058 3835 καὶ
1103 3779 1276 3854 εἴποι,
1337 3781 1425 3837 καὶ
1461 3778 1606 3845 ὅπως
1638 3782 1712 3843 ὡς
1742 3780 1884 3837 ἀπο-

246 3871 458 3926 θανόντι
507 3867 636 3941 ἤδη,
703 3871 767 3925 τὰ
826 3869 912 3926 ἐπὶ
973 3873 1184 3926 θανοῦσι
1249 3870 1602 3947 νενομισμένα
1650 3870 1883 3945 ἐποίουν,

246 3961 337 4015 καὶ
393 3960 487 4022 τὰς
549 3959 752 4038 ἡμέρας
811 3958 1210 4024 ἁναδιδάξαντες
1244 3959 1407 4037 αἵπερ
1437 3960 1600 4039 ἦσαν,
1634 3960 1668 4028 ἢ
1699 3982 1755 4016 τε
1782 3966 1887 4016 τῶν

1961 3243 2414 3321 bant,tanquam
2450 3257 2520 3302 eo
2556 3239 3096 3312 mortuo.Quatuor
3127 3235 3267 3299 anni
3303 3231 3609 3315 praeterie-

1961 3341 2115 3406 rant,
2149 3350 2287 3393 cum
2339 3330 2497 3391 ﬁlius
2551 3328 2722 3391 illinc
2775 3327 3114 3406 aufugiens,
3149 3325 3304 3388 redit
3333 3325 3605 3386 domum.

1963 3422 2149 3494 Quem
2183 3440 2318 3482 cum
2374 3428 2653 3500 parentes
2683 3436 2802 3480 non
2832 3425 3114 3498 tanquam
3148 3421 3249 3497 qui
3297 3413 3548 3491 fugisset
3576 3430 3610 3474 e

1965 3514 2264 3587 custodia,
2291 3512 2395 3574 sed
2431 3521 2709 3592 tanquam
2744 3510 2845 3590 qui
2879 3508 3238 3571 surrexisset
3267 3525 3300 3568 e
3332 3505 3610 3586 mortuis,

1967 3623 2102 3667 cum
2139 3621 2350 3682 magno
2382 3611 2627 3682 stupore
2659 3599 3060 3680 aspexissent,
3081 3605 3140 3659 et
3166 3595 3420 3659 fuissent
3451 3595 3612 3657 inef-

1969 3693 2131 3756 fabili
2162 3692 2464 3774 voluptate
2514 3689 2758 3769 repleti,
2792 3697 2850 3750 et
2878 3685 2996 3750 alia
3025 3683 3325 3749 faciebant
3355 3693 3415 3747 et
3445 3683 3614 3747 dice-

1972 3783 2134 3856 bant,
2169 3799 2302 3860 qure
2332 3780 2560 3854 anima,
2595 3797 2730 3858 quae
2776 3778 2957 3841 talem
3009 3776 3272 3849 vidisset,
3303 3774 3525 3836 faceret
3559 3781 3617 3836 et

1971 3873 2204 3936 diceret
2231 3893 2245 3937 :
2275 3882 2333 3935 et
2359 3869 2864 3952 quemadmodum
2899 3867 2955 3931 ei
2987 3875 3266 3946 tanquam
3288 3863 3412 3943 jam
3447 3878 3616 3923 mor-

1976 3975 2076 4028 tuo
2105 3965 2371 4028 fecerant
2394 3963 2722 4042 justa,quze
2753 3961 2902 4022 ﬁunt
2935 3955 3278 4030 mortuis,et
3308 3971 3446 4016 cum
3479 3971 3618 4014 eum

247 4051 416 4128 ἁγίων
462 4051 763 4130 Θεοφανίων
823 4051 1015 4128 ἡμέρα,
1068 4051 1154 4106 καὶ
1198 4051 1232 4118 ἡ
1264 4049 1357 4106 τοῦ
1385 4050 1648 4127 σωτηρίου
1695 4051 1864 4130 Πάσχ;

1975 4057 2591 4136 docuissent,quinam
2619 4060 2820 4113 essent
2849 4050 2892 4112 ii
2922 4049 3300 4136 dies,nempe
3331 4043 3462 4136 dies
3490 4060 3625 4136 san-

249 4141 340 4196 καὶ
398 4142 495 4206 τῆς
556 4139 710 4218 ἁγίας
769 4145 1172 4208 Πεντηκοστῆς.
1220 4141 1432 4198 Τούτων
1490 4139 1696 4204 ἐκεῖνος
1728 4140 1859 4198 ἀκού

1979 4153 2206 4207 ctorunt
2243 4131 2868 4222 The—eplianiorum,et
2899 4137 3029 4200 dies
3057 4132 3334 4197 salutaris
3354 4131 3620 4222 Pascha,

253 4252 375 4310 σας,
420 4231 507 4286 καὶ
533 4230 606 4292 εἷς
663 4231 884 4306 μνήμην
914 4228 1104 4305 ἐλθὼν,
1141 4229 1284 4308 ὅρκῳ
1341 4230 1462 4295 τοὺς
1519 4231 1772 4296 τεκόντας
1816 4231 1862 4289 δι

1981 4246 2038 4298 et
2061 4234 2190 4296 dies
2221 4219 2440 4296 sanctas
2470 4227 3026 4294 Pentecostesllaec
3054 4243 3190 4288 cum
3221 4223 3324 4285 ille
3356 4219 3626 4284 audivis-

256 4319 498 4377 εϐεόαίου
559 4322 631 4386 ὡς
688 4321 807 4377 κατ’
840 4322 1000 4378 αὐτας
1034 4317 1190 4376 τάσδε
1221 4321 1315 4385 τὰς
1346 4319 1571 4399 ἡμέρας,
1608 4323 1696 4378 καὶ
1740 4324 1864 4381 αὐτὸ

1983 4332 2162 4399 set,et
2190 4324 2251 4384 in
2286 4322 2642 4386 memoriam
2674 4324 3042 4389 revocasset,
3080 4312 3428 4396 parentibus
3459 4312 3627 4373 afﬁr-

258 4419 366 4471 τῶν
409 4409 618 4487 δεσμῶν
665 4411 872 4483 ἀνεῖτο,
928 4411 1210 4484 ἐπιστασία
1267 4408 1771 4490 λαμπροφοροῦντρς
1823 4437 1864 4470 τι

1956 4414 2208 4496 _mabat,
2239 4413 2396 4496 quod
2423 4413 2514 4475 his
2533 4411 2680 4492 ipsis
2706 4409 2921 4472 diebus
2945 4404 3328 4496 relaxabatur
3349 4421 3388 4496 α
3413 4401 3628 4496 νίιιοιιέ

261 4525 376 4576 νος,
421 4503 509 4558 καὶ
539 4501 714 4565 ἀδείας
748 4500 980 4558 ἀπέλαυε
1031 4503 1232 4575 πάσης,
1284 4503 1379 4565 τὰς
1438 4500 1627 4580 ἑφεξῆς
1671 4502 1724 4559 ἂν
1781 4518 1864 4562 tot

1956 4491 2345 4586 'lis,adventu
2377 4491 2826 4583 cujusdam,qui
2855 4495 3124 4586 gestabat
3158 4491 3492 4575 lampadem
3523 4514 3539 4568 ;
3572 4495 3634 4553 et

261 4593 482 4671 δεσμοῖς
529 4592 690 4650 πάλιν
755 4591 940 4672 ὥσπερ
1005 4595 1092 4650 καὶ
1159 4600 1355 4672 προτοῦ
1415 4590 1864 4670 καταλαμϐανόμε

1984 4585 2292 4658 fruebatur
2317 4589 2486 4655 omni
2521 4589 2869 4654 securitate:
2903 4585 3119 4648 diebus
3149 4590 3349 4646 autem
3379 4598 3639 4664 sequen-

264 4707 376 4750 νος.
1987 4686 2148 4749 tibus
2179 4683 2494 4747 tenebatur
2522 4679 2802 4756 vinculis,
2837 4677 2994 4740 sicut
3027 4675 3213 4756 prius.

1750 4849 1991 4916 CAPUT
2054 4849 2155 4914 IX.

1356 4955 1910 5041 Eleemosynarum
1961 4962 2058 5024 vis
2111 4958 2277 5038 apud
2325 4956 2548 5019 Deum.

353 5119 446 5182 N'.
519 5119 788 5182 Τοιούτοις
875 5118 1048 5197 ἔργοις
1105 5119 1192 5175 καὶ
1249 5117 1553 5198 διηγήμασι
1629 5125 1864 5201 χρώμεν.

2076 5116 2401 5183 L.Talibus
2425 5125 2597 5179 utens
2619 5114 2788 5178 factis
2806 5122 2864 5178 et
2886 5105 3474 5183 narrationibus,fuit
3497 5100 3649 5201 mul-

274 5209 508 5274 πολλοῖς
567 5209 802 5277 κατέστη
848 5207 1114 5288 σωτηρίας
1145 5209 1416 5270 ὑπόθεσις.
1457 5207 1555 5265 Διά
1597 5192 1766 5268 τξΰτοὲ
1827 5236 1864 5269 κη

2001 5211 2078 5274 tis
2102 5209 2339 5272 occasio
2369 5204 2944 5285 salutis.Propterea
2969 5200 3210 5284 plurimi
3242 5212 3486 5288 quoque
3508 5192 3649 5256 imi-

274 5302 526 5359 πλεῖστοι
573 5299 753 5357 ἐκεῖνα
787 5299 852 5356 τὰ
895 5299 1002 5355 τῶν
1050 5297 1363 5355 ἀποστόλων
1393 5297 1701 5374 ζηλοῦντες,
1735 5303 1823 5358 καὶ
1852 5325 1864 5339 ·

2006 5307 2198 5362 tantes
2233 5298 2356 5373 illa,
2391 5315 2527 5380 qua;
2557 5295 2782 5358 ﬁebant
2813 5303 3087 5374 tempore
3119 5285 3554 5380 apostolorum,
3592 5292 3655 5344 et

278 5391 405 5448 ὄντα
458 5389 962 5471 διαπιπράσκοντες,
1027 5390 1119 5453 τας
1166 5390 1324 5464 τιμὰς
1383 5387 1631 5468 φέροντες
1662 5405 1786 5454 ταῖς
1819 5390 1864 5447 αέ

2005 5391 2318 5449 vendentes
2340 5374 2560 5461 estquae
2585 5388 3103 5471 habebanmorum
3128 5374 3657 5471 pretiumafferen-

277 5489 371 5541 τοῦ
409 5482 567 5563 χερσὶ
613 5483 944 5555 κατετίθουν,
989 5478 1249 5544 ἀξιοῦντες
1291 5476 1381 5533 ὑπ’
1446 5479 1604 5536 αῦτοῦ
1646 5493 1764 5546 τοῖς
1817 5503 1864 5537 πη

2002 5489 2089 5563 tes
2111 5476 2479 5563 deponebant
2499 5473 2705 5563 ineius
2729 5467 3310 5563 manibus,ﬂvolentes
3337 5462 3390 5521 id
3423 5461 3495 5558 ab
3528 5460 3657 5558 ipso

281 5543 868 5648 vncthgtavrpnﬁﬁvzt.
920 5543 1044 5626 5150'
1089 5572 1164 5623 ὼν
1199 5569 1282 5632 εἷς
1316 5591 1396 5631 τις
1433 5568 1760 5650 προσελθὼν,
1788 5570 1864 5626 ἐπ⁴

2007 5543 2288 5623 distribui
2317 5555 2711 5641 pauperibus.
2745 5556 2890 5650 cum
2933 5543 3655 5650 quibus-unusquispiatn

294 5663 456 5742 ἥμισυ
525 5662 704 5740 λίτρας
791 5669 883 5719 τοῦ
961 5664 1181 5740 χρυσίου
1252 5664 1541 5737 προσῆγεν,
1607 5657 1864 5719 ἐπιϐεϐαιά

2009 5638 2334 5731 accedens,
2365 5638 2496 5717 auri
2519 5658 2746 5734 septem
2778 5645 2962 5710 libras
2985 5662 3120 5708 cum
3147 5640 3401 5706 dimidia
3422 5638 3666 5714 obtulit,

612 5801 850 5861 Parnm.
890 5799 1005 5861 Gtt.
1051 5797 1262 5863 CXIV.
1298 5783 1314 5792 ”
3187 5773 3266 5841 30
