4032 6202
444 367 564 436 939

1730 370 2009 434 MENSIS
2066 369 2519 435 JANUAPJUS.

3693 363 3817 432 940

443 504 749 567 afﬁrmans
775 502 926 566 nihil
957 501 1213 583 amplius
1241 503 1368 564 auri
1414 502 1569 582 apud
1601 521 1667 565 se
1698 507 2064 568 remansisse

2178 505 2325 562 οὐδὲν
2385 513 2527 582 αὐτῷ
2579 510 2652 571 εἰς
2711 509 2908 590 χρυσὸν
2956 505 3118 564 πλέον
3166 504 3569 583 ὑπολελεῖφθαι.
3611 506 3714 562 Δύο
3760 506 3814 560 δὲ

442 592 691 656 Petebat
719 602 915 656 autem
948 592 1022 654 ab
1052 599 1219 666 eo,ut
1267 591 1412 653 duas
1461 593 1680 672 gratias
1732 595 2079 676 acciperet:

2169 597 2294 677 παρ’
2355 597 2513 656 αὖτού
2565 599 2790 677 χάριτας
2823 599 3014 674 ᾐτεῖτο
3045 593 3238 652 λαϐεῖν
3273 611 3288 626 ⁸
3325 599 3558 661 σωθῆναι
3593 595 3694 668 μὲν
3725 597 3815 650 τὸν

444 704 663 766 nempe
692 695 757 748 ut
793 693 849 747 et
882 693 1227 748 servaretur
1263 685 1508 766 quidem
1563 687 1692 766 ejus
1719 687 1876 748 ﬁlius
1926 689 2064 750 illiu:

2170 687 2327 741 αὒτοῦ
2371 685 2539 742 παῖδα
2597 699 2718 746 ταῖς
2770 687 2927 742 αὒτοῦ
2986 683 3204 764 εθδχαῖς,
3273 684 3703 758 ἀνακομισθῆναι
3767 681 3816 737 δὲ

443 776 722 856 precibus
749 796 764 852 ;
796 775 1128 838 referretur
1155 793 1295 837 vero
1331 775 1496 836 navis
1524 775 1750 857 absque
1785 777 1904 838 ullo
1936 779 2086 858 peri-

439 864 602 941 culo,
628 883 759 946 quae
787 864 1031 946 quidem
1065 865 1282 926 emissa
1310 864 1504 926 fuerat
1533 865 1593 925 in
1625 865 1906 927 Africam.
1937 869 2082 930 Cum

437 958 640 1018 aﬁtem
665 961 796 1035 post
826 971 1034 1034 preces
1062 954 1308 1034 triginta
1330 953 1460 1016 dies
1492 957 2081 1037 praeteriissent,mo-

435 1043 592 1107 ritur
647 1043 890 1126 quidem
951 1044 1112 1106 ﬁlius
1173 1061 1186 1106 :
1252 1044 1429 1106 tertio
1477 1063 1617 1107 vero
1666 1045 1763 1108 die
1791 1057 1921 1127 post
1952 1048 2082 1127 ejus

438 1135 900 1210 mortem,navis
926 1152 1066 1214 quae
1094 1133 1328 1196 redibat
1356 1152 1428 1196 ex
1458 1135 1686 1209 Africa,
1719 1154 1852 1198 cum
1877 1136 2083 1200 fuisset

436 1242 508 1288 ex
529 1224 782 1288 adverso
805 1223 1077 1299 Phari,in
1098 1241 1274 1302 grave
1297 1223 1506 1285 incidit
1529 1225 2079 1305 naufragium,adeo

433 1321 501 1378 ut
532 1315 876 1378 universum
905 1313 1146 1392 quidem
1170 1330 1323 1375 onus
1352 1315 1621 1394 perierit,
1659 1317 1781 1376 sola
1811 1316 1940 1394 (15‘
1967 1336 2075 1380 au-

435 1412 559 1467 tem
591 1405 757 1467 navis
781 1403 958 1465 fuerit
981 1404 1141 1465 salva
1161 1421 1295 1465 cum
1328 1403 1845 1469 vectoribus.Cum
1879 1414 2076 1469 autem

434 1495 600 1575 prius
631 1495 832 1556 audito
865 1494 1074 1558 nuntio
1106 1493 1180 1555 de
1225 1493 1372 1568 tilio,
1405 1494 1600 1556 adhuc
1629 1496 1866 1572 vigente
1896 1498 2075 1559 animi

433 1583 913 1665 perturbatione,
946 1583 1203 1648 accessit
1250 1583 1325 1645 de
1371 1602 1518 1646 nave
1550 1585 1817 1654 tristitia,
1850 1586 1908 1646 id
1941 1605 2074 1647 eum

435 1675 616 1755 plane
647 1675 870 1738 obruit.

512 1764 783 1838 LLQuod
807 1763 1050 1846 quidem
1077 1771 1388 1845 postquam
1413 1764 1793 1843 cognovisset
1815 1766 2072 1846 patriar-

429 1860 625 1929 cha,id
648 1859 833 1916 nihilo
858 1859 1141 1915 minorem
1167 1859 1421 1916 eiattulit
1446 1860 1624 1916 animi
1645 1861 2064 1928 aegritudinem.

2156 1853 2355 1909 ἐκείνου
2410 1853 2634 1929 ἀθυμεῖν
2662 1854 2830 1910 εποίει
2868 1868 2882 1882 ’

428 1944 618 2007 Deum
642 1943 840 2024 itaque
870 1945 1119 2022 rogavit,
1153 1950 1215 2003 ut
1239 1941 1622 2004 invisibiliter
1649 1945 1780 2022 ejus
1811 1946 2068 2008 animam

433 2038 766 2109 attingeret,
800 2046 854 2093 et
875 2034 1204 2107 increparet
1225 2044 1614 2108 tempestatem
1637 2037 1814 2093 animi
1835 2040 2072 2110 aegritu—

433 2122 590 2185 dinis
607 2129 666 2184 et
689 2129 1110 2184 transmutaret
1131 2122 1192 2182 in
1217 2120 1730 2202 tranquillitatem.
1749 2123 1814 2186 In
1843 2127 2069 2188 somnis

428 2212 635 2293 itaque
661 2220 840 2274 nocte
864 2210 1144 2287 sequenti
1167 2211 1253 2272 illi
1275 2219 1522 2292 apparet
1548 2211 1665 2288 vir,
1687 2213 1876 2292 ﬁgura
1907 2225 1964 2276 et
1987 2216 2065 2277 li-

428 2303 769 2365 neamentis
797 2300 1013 2363 similis
1044 2302 1418 2381 patriarchae,
1447 2302 1501 2363 ei
1550 2301 1760 2364 dicens
1793 2321 1807 2363 :
1843 2304 1957 2366 Cur
1985 2305 2066 2368 ita

419 2397 605 2454 victus
624 2410 688 2454 es
710 2409 738 2452 a
760 2393 986 2453 tristitia
1004 2403 1237 2466 propter
1257 2410 1319 2452 ea
1347 2410 1472 2467 quae
1493 2393 2063 2455 accideruntiNonne

423 2489 486 2543 tu
518 2499 618 2543 me
645 2485 889 2560 rogasti,
927 2487 991 2541 ut
1010 2478 1138 2543 hmo
1161 2479 1444 2562 precibus
1463 2499 1496 2542 a
1517 2479 1639 2542 Deo
1667 2483 2056 2560 postularem,

419 2589 641 2652 nempe
669 2580 732 2632 ut
763 2578 821 2634 et
852 2579 985 2631 tuus
1016 2570 1214 2632 salvus
1261 2579 1420 2633 esset
1449 2569 1638 2632 ﬁlius?
1661 2571 1728 2632 Et
1755 2590 1898 2634 ecce
1931 2575 2061 2653 ejus

421 2661 610 2743 gratia
630 2670 722 2723 est
751 2660 969 2736 salvus,
1005 2670 1070 2721 ut
1101 2661 1202 2743 qui
1235 2679 1270 2723 a
1295 2662 1432 2722 vitae
1465 2661 1638 2722 malis
1668 2661 1952 2724 dimissus
1985 2663 2061 2725 sit

419 2752 666 2815 illaasus.
701 2751 764 2814 Si
793 2751 953 2812 enim
986 2750 1230 2812 vixisset
1270 2751 1528 2829 longius,
1562 2769 1682 2813 non
1714 2751 1928 2825 bonus,
1953 2753 2056 2813 sed

416 2842 733 2924 improbus
756 2849 884 2904 erat
906 2850 1280 2923 evasurus,et
1314 2840 1603 2920 indignus
1619 2860 1690 2903 eo
1710 2843 1807 2923 qui
1827 2861 2059 2906 creave-

415 2940 531 2996 rat.
566 2931 735 3004 Quod
768 2932 840 2993 ad
872 2948 1083 2992 navem
1111 2937 1311 2992 autem
1337 2930 1574 3006 attinet,
1611 2933 1759 2993 nihil
1792 2932 2053 3005 dubites,

416 3022 576 3103 quod
597 3022 711 3083 nisi
747 3021 904 3085 Deus
928 3021 1141 3084 fuisset
1162 3029 1439 3083 exoratus
1459 3041 1491 3082 a
1517 3031 1718 3084 nostra
1743 3022 2058 3085 mediocri-

2168 776 2256 830 καὶ
2312 777 2373 831 τὸ
2426 774 2615 832 πλοῖον
2676 772 2973 853 ἀκίνδυνον,
3019 773 3150 852 ὅπερ
3183 772 3374 852 ἔτυχεν
3426 774 3500 836 εἷς
3547 770 3818 851 Ἀφρικὴν

2169 864 2491 944 ἰκπεμφθέν,
2549 864 2697 922 Ἐπεὶ
2755 867 2844 921 οὖν
2919 865 3055 921 μετᾶ
3125 864 3224 930 τὴν
3303 863 3468 942 εὒχήν
3525 862 3816 940 τριάκοντα

2165 953 2435 1030 παρῆλθον
2466 954 2684 1033 ἡμέραι,
2720 955 2935 1024 θνήσκει
2969 953 3067 1026 μὲν
3113 955 3140 1009 ὁ
3197 955 3327 1026 υἱὸς,
3363 954 3548 1031 τρίτην
3583 950 3638 1007 δέ
3670 951 3814 1024 ἡμέ-

2165 1065 2256 1120 ραν
2304 1045 2437 1118 μετά
2483 1045 2574 1099 τὸν
2626 1044 2850 1100 θάνατον
2903 1045 2962 1099 τὸ
2996 1041 3190 1099 πλοῖον
3226 1041 3276 1107 ἐξ
3308 1040 3570 1121 Ἀφρικῆς
3605 1040 3813 1116 ἀναγό-

2164 1154 2346 1207 μενον,
2382 1136 2502 1189 εἶτα
2546 1140 2621 1206 τῷ
2681 1133 2842 1210 Φάρῳ
2893 1133 3210 1195 ἀπεναντίας
3245 1133 3531 1210 γενόμενον
3578 1131 3816 1208 ναυαγίῳ

2167 1219 2321 1296 δεινῷ
2351 1224 2681 1302 περιπίπτει,
2743 1225 2817 1286 ὡς
2864 1223 3034 1278 πάντα
3080 1223 3180 1298 μὲν
3225 1224 3316 1278 τὸν
3375 1222 3566 1301 φόρτον
3604 1218 3814 1276 ἀπολέ-

2165 1315 2307 1386 σθαι,
2345 1314 2509 1387 μόνον
2543 1311 2596 1368 δὲ
2629 1313 2721 1368 σὺν
2750 1310 3024 1378 ἐπιϐάταις
3083 1314 3145 1368 τὸ
3206 1309 3397 1368 πλοῖον
3455 1309 3810 1375 διασωθῆναι.

2169 1393 2262 1467 Ὠς
2317 1405 2428 1476 οὗν,
2491 1407 2591 1469 τῆς
2656 1403 2774 1480 περὶ
2847 1409 2936 1457 τοῦ
2995 1401 3184 1464 παιδὸς
3243 1400 3491 1480 ἀγγελίας
3550 1402 3816 1478 πρότερον

2163 1492 2537 1565 ἀκουσθείσης,
2593 1495 2681 1548 καὶ
2725 1499 2817 1548 τοῦ
2848 1492 3044 1554 πάθους
3077 1492 3152 1547 ἔτι
3186 1498 3522 1569 κρατοῦντος,
3557 1492 3620 1546 τὸ
3685 1492 3806 1568 περὶ

2160 1588 2252 1638 τοῦ
2297 1581 2486 1638 πλοίου
2544 1582 2851 1659 σκυθρωπὸν
2910 1579 3134 1659 ἐπῆλθε,
3168 1579 3349 1636 τέλεον
3380 1582 3536 1637 αυτὸν
3568 1577 3806 1636 κατεϐά-

2157 1694 2372 1735 πτισεν,

2238 1754 2372 1827 ΝΑ’,
2407 1763 2578 1841 νοπερ
2609 1765 2802 1842 γνόντα
2845 1763 2936 1818 τὸν
2968 1764 3341 1844 πατριάρχην,
3391 1761 3534 1820 οὐδὲν
3579 1761 3804 1819 ἔλαττον

2938 1850 3140 1910 δεῖσθαι
3185 1875 3241 1910 τε
3275 1860 3364 1910 τοῦ
3393 1852 3528 1909 Πεοῦ
3557 1852 3804 1930 ἀοράτως

2156 1943 2456 2022 ἐφάψασθαι
2503 1944 2600 2011 τῆς
2661 1943 2822 2001 αὐτοῦ
2879 1943 3088 2021 ψυχῆς,
3127 1942 3442 2018 ἐπιτιμῆσαι
3473 1964 3529 2000 τε
3561 1947 3630 2019 τῇ
3662 1942 3804 2019 ζάλῃ

2155 2039 2254 2100 τῆς
2287 2033 2506 2108 ἀθυμίας
2561 2033 2650 2089 καὶ
2696 2034 2769 2096 εἰς
2805 2030 3047 2110 γαλήνην
3079 2029 3432 2106 μεταϐαλεῖν,
3465 2030 3634 2109 ’Ὃναρ
3680 2035 3802 2090 τοί-

2153 2146 2241 2180 νυν
2285 2124 2358 2188 sic
2393 2125 2493 2192 τὴν
2551 2121 2798 2181 ἐπιοῦσαν
2846 2125 3005 2178 νύκτα
3061 2124 3336 2202 ἒφίσταται
3397 2126 3473 2197 τῷ
3529 2122 3799 2201 ἀνθρώπῳ

2151 2212 2310 2295 ἀνὴρ,
2346 2221 2421 2289 τῷ
2447 2221 2538 2270 τοῦ
2564 2213 2898 2292 πατριάρχου
2943 2211 3130 2278 ἐοικὼς
3185 2215 3456 2292 σχήματι,
3505 2214 3566 2270 Τί
3625 2210 3794 2285 οὕτω,

2151 2306 2283 2381 πρὸς
2330 2305 2486 2361 αὐτὸν
2519 2303 2715 2383 λέγων,
2778 2304 2877 2369 τῆς
2923 2301 3015 2359 ἒπί
3071 2315 3193 2366 τοῖς
3226 2301 3626 2378 συμϐεϐηκόσιν
3681 2301 3793 2368 ἣτ-

2655 2393 2780 2472 οὒχὶ
2829 2393 2891 2448 σύ
2950 2414 3016 2468 με
3075 2391 3304 2459 ἠξίωσας
3351 2391 3532 2459 δέησιν
3589 2392 3795 2458 ταύτην

3372 2485 3458 2538 καὶ
3505 2480 3612 2538 ἰδοὺ
3673 2481 3791 2560 χά-

2147 2416 2307 2462 τησαι
2371 2394 2542 2460 λύπης
2579 2413 2594 2474 ;

2145 2482 2397 2552 δεηθῆναι
2461 2485 2590 2540 Θεοῦ
2620 2483 2855 2549 σωθῆναί
2899 2504 2994 2541 σου
3037 2484 3129 2539 τὸν
3160 2483 3268 2540 υἱόν
3301 2502 3317 2562 ς

2145 2596 2248 2652 ριτι
2309 2581 2378 2651 τῇ
2438 2573 2593 2628 αὒτοῦ
2625 2574 2887 2629 σέσωσται
2919 2579 3024 2629 τῶν
3059 2579 3150 2630 τοῦ
3180 2574 3292 2650 βιου
3320 2572 3500 2629 κάκῶν
3536 2572 3795 2647 ἀπήμαν-

2143 2685 2233 2726 τος
2293 2664 2521 2741 ἀφεθείς,
2576 2665 2633 2720 Εἰ
2697 2665 2796 2742 γὰρ
2852 2667 3181 2742 μακροτέρας
3242 2663 3401 2744 ἔτυχε
3461 2668 3555 2730 τῆς
3613 2667 3786 2736 ζωῆς,

2143 2757 2234 2812 οὖν
2294 2745 2515 2833 ἀγαθὸς,
2583 2751 2721 2808 ἀλλά
2797 2755 3075 2833 μοχθηρὸς
3136 2751 3356 2828 ἔμελλεν
3418 2751 3786 2823 ἀποϐήσεσθαι

2147 2846 2355 2900 καὶτοῦ
2413 2843 2774 2910 πεποιηκότος
2832 2843 3041 2907 ἀνάξιος
3079 2860 3092 2876 ’
3151 2843 3313 2922 χάριν
3350 2841 3404 2898 δὲ
3462 2845 3554 2900 τοῦ
3597 2841 3786 2900 πλοίου

2143 2933 2311 3010 μηδὲν
2343 2933 2434 2990 ἔσο
2479 2931 2795 3004 ἔπιὸοιάζων
2828 2950 2842 2964 '
2888 2935 2958 2999 ὡς
2991 2933 3034 2990 εἷ
3078 2934 3156 3008 μὴ
3203 2935 3334 2996 Θεὸς
3363 2934 3465 2991 ὑπὸ
3496 2938 3596 3000 τῆς
3627 2934 3788 3007 ἡμῶν

2143 3022 2548 3102 παρακέκληται
2637 3023 3013 3102 μετριότητος,
3087 3021 3369 3100 αὔτανδρον
3458 3021 3646 3096 ἔμελλε
3709 3030 3787 3096 τῷ

414 3119 556 3192 tate,
590 3117 718 3173 erat
743 3130 878 3173 cum
904 3111 1053 3193 ipsis
1085 3110 1230 3173 viris
1261 3111 1319 3172 in
1353 3109 1714 3191 profundum
1751 3113 2057 3173 transmit-

2155 3114 2318 3190 Κυρίῳ
2380 3119 2495 3186 Θεῷ
2537 3115 3114 3193 παραπεμφθήσεσθαι,
3147 3120 3232 3169 καὶ
3295 3114 3425 3190 πρὸς
3484 3119 3562 3186 τῷ
3604 3114 3784 3190 φόρτῳ

414 3202 685 3279 tenda,et
709 3209 926 3283 praeter
954 3220 1105 3263 onus
1136 3201 1379 3263 fratrem
1405 3220 1640 3282 quoque
1661 3210 1718 3264 et
1741 3201 1891 3262 alios
1912 3202 2058 3262 ami-

2155 3202 2226 3257 ιαὶ
2283 3203 2373 3257 τὸν
2432 3201 2657 3282 ἀδελφὸν
2717 3201 2810 3257 καί
2891 3202 3011 3263 τοὺς
3076 3199 3269 3266 ἄλλους
3328 3200 3612 3264 ἀπώλεσας
3693 3201 3778 3260 ἄν.

412 3292 618 3354 sisses.
651 3294 785 3355 Non
816 3300 1052 3371 oportet
1083 3308 1224 3369 ergo
1256 3308 1390 3352 esse
1426 3290 1790 3371 tristem,sed
1817 3300 2060 3372 pr0pter

2155 3289 2342 3349 ῡῦκουν
2385 3292 2608 3367 ἀθυμεῖν
2653 3291 2790 3371 δέον,
2855 3290 2994 3348 ἀλλά
3037 3289 3105 3347 δι’
3163 3293 3290 3350 αὐτὸ
3362 3301 3517 3350 τοῦτο
3574 3290 3783 3366 μᾶλλον

416 3381 530 3444 hoc
549 3381 740 3460 ipsum
765 3381 1013 3442 ferenda
1038 3390 1173 3440 sunt
1203 3379 1398 3460 potius
1425 3399 1554 3459 quae
1593 3380 1874 3442 accidunt
1895 3390 2057 3461 grato

2155 3380 2470 3461 εὐχαρίστως
2555 3383 2619 3438 τὰ
2704 3383 3104 3461 προσπίπτοντα
3164 3381 3552 3457 ὑπομενητέον.
3621 3379 3784 3439 Οὖδὲν

414 3471 638 3535 animo.
680 3469 838 3533 Nihil
875 3470 1034 3531 enim
1068 3487 1273 3530 eorum
1325 3488 1457 3551 quae
1489 3469 1660 3546 fiunt,
1695 3472 1756 3531 fit
1785 3471 1915 3532 sine
1947 3473 2054 3534 Dei

2155 3473 2238 3551 (ἀρ
2297 3478 2402 3527 τῶν
2449 3472 2740 3550 γινομένων
2795 3472 2937 3550 παρά
2997 3477 3128 3528 Θεοῦ
3199 3469 3436 3549 ἄκριτον,
3501 3469 3600 3527 κᾶν
3643 3472 3784 3546 ἡμῖν

406 3561 664 3641 judicio,
709 3561 939 3622 etiamsi
991 3561 1110 3620 sint
1141 3559 1312 3620 nobis
1340 3560 1535 3639 ignota
1569 3560 1757 3622 multa
1788 3580 1855 3621 ex
1890 3561 2053 3625 illius

407 3650 1008 3731 judiciis.Postquam
1031 3667 1171 3726 ergo
1193 3667 1329 3710 eum
1356 3649 2052 3725 dimisitsomnus,sensit

413 3758 517 3802 cor
541 3759 715 3803 suum
749 3740 891 3802 satis
915 3758 1184 3819 magnam
1218 3745 1524 3820 accepisse
1555 3741 2044 3804 consolationem.

410 3830 743 3909 Statimque
777 3829 1367 3910 profectus,procidit
1399 3829 1469 3889 ad
1506 3829 1660 3890 beati
1693 3830 1800 3889 viri
1838 3831 2045 3910 pedes,

414 3939 657 4000 magnas
683 3923 737 3982 ei
789 3937 970 3998 agens
998 3919 1238 3998 gratias,
1270 3927 1330 3979 et
1380 3937 1557 3998 quam
1611 3919 1839 3981 viderat
1871 3929 2048 3982 noctu

411 4028 665 4072 narrans
686 4009 1003 4071 visionem.
1054 4008 1158 4068 Ille
1189 4015 1387 4067 autem
1422 4008 1626 4080 suasit,
1663 4017 1726 4070 ut
1756 4027 1872 4070 non
1905 4010 2044 4092 ipsi,

411 4099 517 4160 sed
549 4099 696 4174 Deo,
731 4099 834 4180 qui
885 4098 1088 4160 omnia
1129 4097 1438 4177 dispensat
1466 4098 1538 4159 ad
1567 4099 1906 4175 utilitatem,
1940 4119 2045 4162 ac-

2138 3562 2385 3641 ἄγνωστα
2442 3563 2506 3617 τὰ
2562 3561 2738 3618 πολλά
2815 3567 2920 3617 τῶν
3004 3561 3208 3619 ἐκείνου
3266 3561 3564 3641 κριμάτων.
3626 3559 3784 3618 Ἐπεὶ

2135 3652 2336 3708 οὖνκαὶ
2382 3653 2409 3707 ὁ
2459 3651 2619 3715 ὕπνος
2681 3652 2845 3720 ἀνῆκε
2875 3653 2966 3707 τὸν
2999 3649 3181 3729 ἄνδρα,
3215 3651 3406 3728 ᾔσθετο
3464 3656 3563 3718 τῆς
3622 3653 3787 3707 αὺτοῦ

2137 3738 2352 3821 καρδίας
2396 3742 2588 3807 ἱκανῶς
2642 3739 3154 3818 παρακεκλημὲνης,
3220 3743 3306 3798 καὶ
3364 3743 3633 3822 πορευθεὶς
3680 3742 3781 3798 αὖ·

2132 3833 2252 3889 τίκα
2314 3835 2432 3894 τοῖς
2487 3833 2612 3888 ποσὶ
2646 3831 2965 3910 προσπίπτει
3009 3833 3101 3887 τοῦ
3145 3832 3434 3910 μακαρίου,
3469 3829 3677 3894 πολλάς
3723 3852 3782 3887 τε

2131 3924 2274 3996 αὖτῷ
2331 3921 2713 4000 καθομολογῶν
2765 3922 2858 3984 τάς
2911 3921 3166 4002 χάριτας,
3224 3924 3310 3978 καὶ
3367 3923 3468 3989 τὴν
3541 3921 3665 3997 ὄψιν
3712 3921 3778 3989 ἣν

2135 4011 2336 4090 ἑώρακε
2393 4016 2492 4078 τῆς
2553 4011 2738 4074 νυκτὸς
2798 4009 3171 4089 διηγούμενος.
3235 4003 3292 4068 Ὀ
3367 4008 3422 4066 δὲ
3481 4013 3576 4067 οὒκ
3633 4014 3779 4084 αὖτῷ

2133 4099 2360 4177 μᾶλλον,
2409 4099 2546 4158 ἄλλά
2588 4105 2665 4174 τῷ
2708 4107 2823 4174 Θεῷ
2873 4101 3047 4157 πάντα
3096 4102 3169 4164 ὡς
3202 4099 3294 4157 ἐπὶ
3327 4100 3590 4181 συμφέρον
3622 4101 3778 4157 οἰκο-

2135 4198 2383 4270 νομοῦντι
2414 4189 2711 4268 λογίζεσθαι
2745 4190 2969 4269 παρῄνει
3001 4192 3102 4258 τὴν
3131 4191 3315 4270 χάριν.

2212 4268 2341 4337 ΝΒ’.
2388 4277 2541 4336 Ἀλλ’
2585 4277 2730 4342 ὅπως
2787 4268 2848 4334 οὗ
2908 4280 3030 4345 τοὺς
3064 4268 3532 4360 καρποφοροῦντας
3563 4285 3776 4358 Χριστῷ

2136 4366 2325 4446 μὸνον,
2357 4369 2469 4444 καὶ,
2516 4371 2590 4431 ὡς
2648 4390 2808 4448 φησιν
2852 4370 2878 4425 ὁ
2923 4373 3068 4433 θεῖος
3102 4369 3462 4451 Ἀπόστολος,
3497 4369 3580 4426 ἐπ’
3613 4370 3775 4427 εὐλο-

413 4459 759 4520 nedictione
789 4455 1188 4530 seminabant,
1224 4454 1325 4516 ille
1383 4455 1807 4518 benedictione
1837 4459 2048 4540 dignos

2155 4460 2251 4535 πίας
2319 4457 2650 4536 σπείροντας,
2737 4456 2980 4535 εὐλογίας
3059 4458 3265 4526 ἐκεῖνος
3340 4462 3426 4517 καὶ
3492 4459 3776 4540 ἀποδοχῆς

410 4547 577 4611 duxit
608 4556 668 4608 et
696 4545 1130 4654 accipiendos‘;
1165 4544 1267 4605 sed
1302 4563 1405 4606 eos
1435 4547 1746 4627 etiam,qui
1770 4547 1828 4608 in
1854 4550 2044 4630 ipsum

2155 4547 2301 4623 λείου,
2345 4546 2503 4654 ῃάλλὰ
2555 4548 2644 4604 καὶ
2687 4548 2810 4654 τοὺς
2869 4547 3226 4628 μικρολόγους
3283 4551 3385 4629 γὰρ
3428 4551 3560 4628 πρὸς
3618 4558 3778 4607 τοῦτο

411 4644 583 4698 erant
603 4636 763 4718 parci
779 4645 837 4698 et
854 4633 1499 4714 illiberales,prudenti
1512 4637 1743 4698 ratione
1757 4641 2049 4702 studuerit

2155 4639 2220 4694 ιαὶ
2251 4635 2542 4718 φειδωλοὺς
2588 4635 2827 4713 μεθόδοις
2891 4652 3137 4705 συνεταῐς
3186 4638 3434 4696 ἔσπευδεν
3480 4640 3774 4718 ὶπάγεσθαι

406 4726 697 4789 inducere
709 4726 781 4789 ad
801 4725 1244 4804 eleemosynam
1258 4725 1588 4799 ,declarant
1605 4729 1845 4808 quidem
1869 4729 2044 4791 etiam

2155 4728 2261 4805 πρὸς
2329 4725 2720 4802 ἐλεημοσύνην,
2795 4724 3017 4794 δηλοῦσι
3085 4727 3183 4805 μὲν
3228 4730 3315 4784 καὶ
3373 4727 3512 4785 ἄλλα
3569 4728 3772 4804 πολλὰ,

412 4815 596 4878 multa
625 4816 782 4892 alia;
817 4812 1145 4876 declarabit
1169 4822 1365 4875 autem
1398 4815 1599 4891 etiam,
1637 4817 1793 4897 quod
1827 4819 2046 4882 factum

2155 4815 2293 4883 ἰηλοτ
2337 4815 2392 4872 δὲ
2423 4818 2510 4873 καὶ
2540 4818 2601 4873 τὸ
2631 4816 2716 4873 ἐπὶ
2762 4824 2839 4892 τῷ
2870 4816 3101 4895 Τρωίλῳ
3129 4824 3205 4892 τῷ
3237 4816 3512 4892 ἰπισκὸπῴ
3539 4820 3774 4897 γενόμε-

413 4915 506 4967 est
535 4904 598 4966 in
630 4903 896 4967 Troilum
928 4903 1301 4985 episcopum.
1334 4901 1481 4964 Eum
1515 4905 1696 4978 enim,
1719 4926 1854 4968 cum
1889 4919 2048 4973 esset

2155 4928 2244 4967 νον.
2303 4913 2504 4964 Τοῦτον
2554 4908 2649 4986 γὰρ
2702 4906 3029 4988 φιλάργυρον
3086 4907 3211 4964 ὄντα
3268 4910 3356 4965 καὶ
3385 4905 3779 4988 φειδωλότατον

404 4994 792 5058 avarissimus
824 5003 883 5057 et
915 4991 1320 5074 parcissimus,
1366 4993 1568 5055 statuit
1613 4996 1924 5061 traducere
1973 5001 2044 5062 ad

2159 4997 2206 5060 ὶς
2251 4995 2619 5073 ἒλεημοσύνης
2667 4995 2838 5075 ἔρωτα
2888 5001 3200 5073 μεταθεῖναι
3232 4996 3550 5075 διεσκέψατο
3591 4999 3777 5077 τρόπῳ

404 5103 672 5149 amorem
688 5085 1082 5164 eleemosynze
1094 5082 1207 5144 hoc
1220 5081 1483 5145 modo.In
1500 5085 2040 5169 ptochotrophium,

2155 5084 2317 5162 ὀιῷδε
2353 5105 2369 5123 ο
2407 5088 2494 5150 Εἷς
2525 5088 2587 5143 τὸ
2642 5101 3090 5169 πτωχοτροφεῖον
3122 5086 3252 5167 ὅπερ
3277 5087 3435 5154 αὐτὸς
3464 5087 3529 5156 ἦν
3559 5088 3772 5147 οἰκοδο-

409 5175 566 5256 quod
595 5175 727 5257 ipse
758 5179 1263 5254 construxerat,ut
1284 5171 2046 5258 solebat,vadens,assumit

2155 5178 2471 5254 ιησάμενος,
2547 5177 2684 5235 κατᾶ
2731 5179 2792 5234 τὸ
2856 5179 3073 5246 σύνηθες
3142 5179 3338 5254 ἀπιὼν,
3385 5179 3472 5236 καὶ
3525 5179 3772 5258 Τρώῖλον

405 5267 585 5329 etiam
619 5268 915 5332 Troilum.
951 5264 1133 5347 Cujus
1179 5266 1458 5328 comitem
1504 5286 1636 5330 cum
1669 5271 2041 5350 cognovisset

2155 5265 2576 5346 παραλαμϐάνει,
2626 5266 2686 5323 οὗ
2726 5267 2815 5324 τὸν
2873 5266 3158 5325 ἀκολουθον
3187 5270 3260 5334 ὡς
3293 5265 3451 5348 ἔγνω,
3483 5267 3771 5348 τριάκοντα

410 5355 638 5421 habere
668 5359 727 5420 in
763 5359 897 5420 sinu
920 5355 1162 5434 triginta
1192 5354 1376 5418 libras
1396 5357 1551 5430 auri;
1577 5357 1750 5435 Sunt,
1786 5360 2040 5442 inquit,a

2156 5357 2214 5414 οὗ
2285 5357 2508 5436 χρυσίου
2586 5356 2768 5436 λίτρας
2837 5356 3334 5437 ἐγκεκολπωμὲνον,
3409 5359 3772 5436 Θεραπευτᾶον

401 5454 464 5510 te
526 5447 708 5512 hodie
763 5445 1036 5518 curandi,
1093 5445 1472 5508 sanctissime
1499 5447 1722 5526 Troile,
1759 5452 1942 5514 nostri
1975 5454 2035 5515 in

2162 5469 2185 5503 ε
2231 5449 2491 5528 σήμερον,
2545 5447 2764 5529 ἔφησεν,
2820 5449 3067 5530 ἱερώτατε
3120 5447 3353 5530 Τρώϊλε,
3386 5449 3508 5512 τοὺς
3547 5452 3603 5505 ἓν
3634 5456 3771 5527 Χρι-

417 5535 653 5602 Christo
682 5539 924 5603 fratres.
958 5536 1065 5602 Ille
1091 5542 1289 5599 autem
1339 5546 1618 5618 tanquam
1653 5557 1725 5601 eo
1755 5559 2037 5608 sermone

2155 5543 2241 5612 τῷ
2287 5539 2446 5615 ἡμῶν
2491 5535 2776 5620 ἀδελφούς.
2833 5529 2891 5598 (Ο
2935 5537 2989 5595 δὲ
3049 5539 3228 5622 ὥσπερ
3297 5529 3386 5597 τον
3445 5538 3607 5620 λόγον
3649 5537 3772 5598 δια-

409 4197 644 4269 ceptam
678 4188 827 4249 ferat
858 4187 1129 4267 gratiam.

465 4277 715 4342 Lll.Sed
736 4276 1241 4358 quemadmodum
1268 4293 1386 4337 non
1411 4295 1511 4338 eos
1534 4277 2049 4359 solum,quiChri-

411 4375 502 4429 sto
520 4366 1037 4448 oﬂ‘erebant,et,ut
1062 4365 1206 4427 dicit
1228 4365 1465 4427 divinus
1485 4367 1824 4446 Apostolus,
1848 4369 1907 4431 in
1935 4370 2045 4431 be-

485 5716 622 5800 (15)
651 5718 733 5782 At
760 5715 1041 5780 Leontius
1069 5714 1224 5778 hanc
1253 5733 1489 5800 quoque
1513 5718 1598 5782 ait
1623 5719 1892 5804 periisse,
1926 5725 2103 5791 unica
2131 5723 2361 5810 scapha
2391 5715 2572 5790 salva.
