4098 6202
295 390 404 458 941

1304 396 1488 465 VITA
1534 403 1595 466 S.
1640 394 1965 469 JOANNIS
2010 399 2683 477 ELEEMOSYNARII.

3569 388 3686 473 942

294 535 530 609 τραπεὶς,
560 535 651 590 καὶ
696 535 775 607 μὴ
808 532 1100 615 γλίσχρος,
1152 535 1281 592 ἀλλ’
1323 538 1743 619 ἁπλοϊκώτερος
1801 539 1947 616 μᾶλ-

2036 540 2263 620 pudore
2297 547 2523 620 motus,
2555 549 2616 601 et
2664 539 2868 603 volens
2898 558 3018 604 non
3049 540 3375 605 existimari
3422 551 3594 606 tenax
3624 550 3686 606 et

298 621 393 678 λον
422 620 745 701 ὑπειλῆφθαι
777 622 1122 700 βουλόμενος,
1157 624 1428 705 ἐπιτρέπει
1470 630 1545 704 τῷ
1573 631 1636 686 τὰ
1689 632 1949 709 χρήματα

297 712 730 790 πεπιστευμένῳ,
779 712 987 786 ἑκάστῳ
1042 720 1148 769 τῶν
1193 715 1372 774 ἐκεῖσε
1418 720 1663 790 πενήτων
1708 720 1806 775 ἀνά
1851 717 1946 775 νό-

296 822 473 874 μισμα
505 814 838 880 παρασχεῖν,

380 888 506 953 Nl".
567 883 660 954 Ὠς
705 890 760 947 δε
802 897 905 947 tam
952 891 1057 961 ἤδη
1107 895 1349 955 ἀνάλωτο
1393 900 1455 955 τὸ
1494 898 1734 978 χρυσίον,
1780 900 1868 956 καὶ
1908 901 1944 967 ἡ

299 978 618 1040 ἐπείσακτος
678 979 856 1047 ἐκείνη
916 987 1005 1038 καὶ
1057 984 1134 1057 μὴ
1166 987 1301 1042 κατὰ
1352 989 1414 1044 τὸ
1469 985 1763 1044 ἐνδιάθετον
1818 990 1948 1066 πρὸς

301 1066 668 1141 ἐλεημοσύνην
740 1072 1027 1151 θερμότης,
1100 1074 1413 1155 ὑπόψυχρος
1475 1077 1715 1154 ἐγεγόνει
1800 1076 1946 1143 λύπη

296 1158 492 1235 βαρεῖα
549 1161 634 1214 καὶ
666 1157 810 1227 δεινή
840 1161 1169 1234 μεταμέλεια
1218 1166 1310 1220 τὸν
1340 1164 1590 1223 ἀκούσιον
1649 1164 1949 1240 ἐλάμϐανεν

294 1247 612 1326 εὐεργέτην.
684 1246 882 1306 Οἴκαδε
942 1250 1197 1327 ἐπανιὼν,
1258 1255 1417 1333 φρίκῃ
1490 1254 1782 1333 παραλόγῳ
1853 1259 1947 1313 καῖ

293 1343 508 1413 πυρετῷ
538 1336 866 1415 συλληφθείς
897 1338 1216 1409 κλινοπετὴς
1248 1344 1335 1412 ἦν,
1391 1343 1534 1412 ’Ἡδη
1565 1343 1618 1400 δὲ
1663 1350 1761 1412 τῆς
1811 1347 1948 1402 κατὰ

290 1428 354 1482 τὸ
415 1423 625 1503 ἄριστον
681 1426 822 1506 ὥρας
882 1429 1314 1513 καταλαϐούσης,
1346 1433 1523 1491 ἐκάλει
1571 1442 1757 1492 τοῦτον
1816 1458 1945 1491 συν-

294 1516 750 1590 εστιαθησόμενον
781 1520 924 1593 αὐτῷ
970 1522 1188 1597 πέμψας
1225 1525 1247 1579 5
1296 1527 1661 1605 πατριάρχης,
1712 1526 1861 1583 Ἐπεὶ
1891 1523 1946 1581 δὲ

295 1607 610 1681 μεμάθηκεν
654 1606 801 1672 ὅπως
836 1607 979 1688 ἔχοι,
1018 1612 1107 1667 καί
1143 1612 1242 1680 τὴν
1286 1615 1463 1669 αἰτίαν
1502 1618 1598 1674 οὐκ
1627 1615 1808 1691 ἠγνόει
1850 1620 1949 1683 τῆς

2029 629 2334 703 sordidus,
2364 630 2469 693 sed
2497 630 2696 710 potius
2727 629 2983 709 simplex
3016 637 3078 691 et
3107 630 3399 708 liberalis,
3422 630 3599 712 jubet
3624 631 3684 699 ei

2030 719 2126 780 cui
2151 720 2398 782 creditas
2421 720 2660 783 fuerant
2684 717 3307 799 pecuniiemnicuique
3336 719 3685 803 eorum,qui

2029 808 2152 870 illic
2182 816 2376 885 erant,
2410 826 2763 890 pauperum,
2798 807 3071 889 praebere
3101 826 3287 871 unum
3338 826 3678 873 nummum.

2116 896 2262 961 LIII.
2299 898 2446 961 Cum
2497 915 2636 960 vero
2668 905 2855 961 totum
2906 916 3114 961 aurum
3137 897 3262 977 jam
3296 897 3504 960 fuisset
3530 915 3682 961 con-

2032 994 2363 1068 sumptum,
2398 995 2462 1050 et
2499 986 2855 1049 adventitius
2886 986 2988 1049 ille
3017 996 3077 1049 et
3127 1005 3247 1049 non
3281 1005 3351 1049 ex
3369 986 3686 1050 affectione

2031 1075 2211 1137 ardor
2238 1075 2311 1136 ad
2346 1077 2783 1156 eleemosynam
2816 1075 3026 1138 fuisset
3055 1075 3466 1156 refrigeratus,
3491 1075 3686 1155 gravis

2032 1163 2203 1226 dolor
2235 1171 2293 1224 et
2323 1180 2538 1242 magna
2568 1163 2922 1243 pmnitentia
2947 1162 3194 1225 incessit
3215 1163 3681 1226 involuntarium

2031 1250 2499 1313 benefactorem.
2522 1252 2774 1314 Domum
2803 1250 3008 1332 itaque
3037 1269 3346 1327 reversus,
3373 1251 3682 1333 inopinato

2031 1341 2282 1403 horrore
2315 1349 2372 1402 et
2402 1339 2568 1402 febre
2599 1348 2934 1422 correptus,
2969 1338 3369 1403 decumbebat
3400 1340 3461 1402 iu
3489 1340 3675 1417 lecto,

2030 1431 2177 1494 Cum
2213 1439 2369 1493 esset
2398 1440 2595 1492 autem
2619 1429 2744 1509 jam
2779 1430 2924 1492 hora
2954 1429 3214 1511 prandii,
3251 1446 3389 1492 eum
3418 1429 3495 1492 ad
3524 1447 3681 1493 con-

2031 1519 2256 1581 vivium
2292 1521 2499 1581 invitat
2521 1519 3004 1601 patriarcha.Qui
3029 1539 3164 1581 cum
3190 1519 3521 1600 accepisset
3543 1537 3687 1602 que-

2034 1609 2419 1671 madmodum
2477 1627 2542 1671 se
2589 1608 2862 1684 haberet,
2915 1617 2975 1672 et
3018 1614 3262 1672 causam
3315 1607 3510 1671 morbi
3564 1606 3689 1672 non

295 1696 477 1769 νόσου,
542 1696 645 1775 οὐχ
722 1697 973 1771 ὑπέμεινε
1046 1707 1231 1757 τοῦτον
1309 1703 1406 1769 μὲν
1481 1702 1725 1781 παριδεῖν
1784 1704 1947 1763 οὕτως

2036 1700 2358 1779 ignoraret,
2389 1717 2508 1760 non
2563 1696 2847 1760 sustinuit
2905 1716 3043 1761 eum
3074 1697 3314 1780 quidem
3371 1695 3689 1780 despicere

296 1784 550 1841 ἀνιᾶσθαι
590 1789 676 1841 καὶ
724 1787 983 1866 πάσχειν,
1022 1790 1175 1852 αὐτὸς
1227 1789 1282 1848 δὲ
1326 1806 1604 1850 κοινωνεῖν
1658 1793 1944 1871 τραπέζης.

2036 1790 2122 1852 sic
2163 1787 2362 1850 vexari
2393 1795 2450 1849 et
2481 1787 2625 1868 pati,
2658 1805 2723 1849 se
2756 1796 2954 1850 autem
2987 1788 3140 1850 inire
3170 1786 3505 1851 convivium
3529 1791 3547 1851 ':
3582 1786 3689 1850 sed

294 1873 445 1931 Ἀλλ’
510 1876 656 1938 eeo);
687 1877 919 1942 ἀναστὰς
978 1879 1050 1943 ὡς
1096 1882 1253 1937 αὐτὸν
1307 1881 1611 1960 ἀφικνεῖται
1646 1885 1733 1940 καί
1788 1906 1947 1961 φησιν

2036 1878 2234 1942 statim
2268 1876 2624 1957 surgens,ad
2660 1878 2852 1957 ipsum
2883 1877 3135 1950 venit,et
3165 1876 3312 1940 dicit
3342 1874 3687 1940 subridens:

291 1965 639 2038 ὑπομειδιῶν*
705 1967 793 2032 Μὴ
853 1968 971 2023 οἴου
1029 1989 1123 2042 με,
1156 1968 1552 2049 συλλειτουργὲ,
1615 1973 1743 2049 πρὸς
1803 1972 1942 2041 ἀλή-

2036 1970 2118 2032 Νε
2152 1976 2389 2048 putes,o
2423 1965 2860 2041 comminister,
2896 1985 2992 2029 me
3046 1966 3154 2028 tibi
3185 1984 3324 2029 vere
3349 1965 3594 2044 dixisse,
3622 1976 3691 2028 ut

290 2057 437 2109 θειαν
493 2054 762 2130 εἰρηκέναι
822 2077 904 2112 σοι
964 2055 1290 2114 καταϐαλεῖν
1348 2060 1557 2117 οἴκοθεν
1623 2074 1741 2125 τοῖς
1808 2061 1945 2117 κατὰ

2036 2077 2061 2120 e
2095 2059 2275 2119 domo
2309 2065 2408 2118 tua
2437 2054 2752 2134 largireris
2781 2054 3075 2119 fratribus
3104 2054 3441 2119 secundum
3465 2052 3681 2118 Deum:

294 2145 424 2198 Θεὸν
481 2141 759 2222 ἀδελφοῖς·
794 2143 934 2201 ἀλλὰ
996 2147 1073 2221 τῷ
1133 2148 1211 2221 μὴ
1244 2148 1330 2205 ἐπὶ
1388 2164 1581 2229 χεῖρας
1618 2149 1766 2230 ἔχειν
1823 2150 1943 2208 τότε

2036 2147 2131 2209 sed
2164 2145 2445 2228 quoniam
2472 2156 2620 2207 tunc
2650 2163 2863 2207 aurum
2887 2164 3006 2207 non
3041 2143 3300 2209 habebat
3327 2142 3405 2206 ad
3435 2160 3684 2206 manum

293 2234 513 2311 χρυσίον
576 2235 665 2290 τὸν
727 2233 1014 2292 ἀκόλουθον
1083 2239 1173 2293 τὸν
1232 2238 1359 2296 ἐμὸν
1417 2241 1491 2303 εἰς
1550 2237 1751 2297 δάνειον
1804 2240 1946 2314 παρὰ

2036 2254 2235 2298 comes
2288 2252 2481 2314 meus,
2518 2233 2723 2315 accepi
2753 2251 2787 2295 ε
2822 2241 2877 2295 te
2936 2244 3166 2298 mutuo.
3199 2232 3372 2297 Nunc
3401 2251 3542 2296 vero
3571 2231 3685 2296 ad-

293 2332 391 2381 σοῦ
460 2320 675 2380 ἔλαϐον·
739 2327 824 2380 νῦν
888 2325 941 2380 δὲ
1001 2326 1248 2404 πάρειμι,
1308 2329 1459 2407 φησὶ,
1514 2330 1608 2392 τὰς
1664 2331 1949 2407 τριάκοντα

294 2410 475 2490 λίτρας
520 2412 922 2492 ἐπιφερόμενος,
958 2414 1128 2482 ἅσπερ
1185 2415 1250 2484 δη
1310 2419 1397 2474 καὶ
1455 2419 1598 2482 σώας
1658 2417 1949 2493 ἀποδίδωμί

294 2521 390 2556 σου
422 2505 491 2569 τῆ
527 2502 715 2580 ἁρετῆ.
768 2497 859 2566 Ὠς
904 2507 993 2560 οὗν
1038 2503 1148 2561 εἶδε
1180 2507 1342 2579 μόνον
1370 2509 1430 2563 τὸ
1464 2510 1683 2587 χρυσίον
1717 2508 1769 2563 ἒν
1827 2523 1947 2571 ταῖς

288 2597 389 2647 τοῦ
462 2591 800 2671 πατριάρχου
867 2597 1057 2672 χερσὶ,
1121 2596 1373 2671 κρείττων
1443 2597 1541 2670 μὶν
1609 2597 1782 2673 ῥίγους
1854 2597 1941 2670 ἧν,

295 2681 551 2756 κρείττων
582 2678 634 2735 δὲ
681 2686 784 2736 τῶν
817 2681 876 2737 ἐκ
919 2691 1011 2739 τοῦ
1063 2705 1278 2760 πυρετου
1334 2691 1539 2759 κακῶν,
1577 2684 1607 2751 ἥ
1640 2706 1697 2741 τε
1728 2683 1945 2760 δύναμις

291 2770 577 2848 ἐπανήκει⁷
627 2772 710 2827 καὶ
774 2772 871 2838 τὴν
930 2772 1058 2846 ὄψιν
1113 2772 1279 2849 ὲγάνη
1337 2773 1482 2853 ἔχων
1546 2774 1800 2831 ἀνθοῦσαν
1857 2776 1946 2831 καὶ

290 2857 541 2936 θαλεράν·
613 2861 686 2920 ὡς
756 2860 989 2920 ἐντεῦθεν
1077 2860 1236 2929 δῆλον
1306 2866 1545 2941 γενέσθαι
1615 2861 1859 2930 δηλονότι
1918 2864 1945 2919 ὃ

293 2946 506 3013 πάντως
539 2947 797 3006 ἂποδοθάν
840 2951 940 3017 τὴν
983 2951 1126 3009 ιόσον
1168 2950 1310 3032 ἔλυε,
1344 2960 1501 3010 τοῦτο
1550 2951 1612 3022 δή
1658 2954 1744 3010 καὶ
1792 2956 1944 3030 πρῶ-

291 3059 383 3094 τον
411 3038 717 3116 ἀφαιρεθὲν,
752 3041 830 3114 μὴ
860 3040 1019 3098 οὖσαν
1049 3041 1247 3104 ἐκάλει.

374 3126 516 3189 ΝΔ’.
556 3129 687 3193 Δοὺς
740 3130 830 3185 οὖν
861 3130 923 3186 τὸ
984 3134 1198 3210 χρυσίον
1235 3134 1306 3197 εἰς
1362 3132 1455 3196 τὰς
1488 3132 1689 3191 ἐκείνου
1747 3146 1942 3212 χεῖρας

292 3219 318 3315 ὸ
380 3218 726 3315 πατριάρχης
773 3218 1027 3315 ἐκστῆναι
1080 3223 1221 3297 αἱ)τῷ
1264 3243 1354 3279 του
1394 3225 1580 3296 μισθοῦ
1637 3222 2007 3315 γράμμασινο

293 3306 518 3382 ἀπῄτει.
582 3308 642 3364 Ὃ
676 3304 728 3363 δὲ
784 3308 1028 3392 ἀσμένως
1060 3311 1160 3378 τὴν
1219 3313 1429 3392 γραφὴν
1461 3312 1767 3392 αὺτοχειρίᾳ
1818 3310 1942 3386 ξέει,

292 3394 528 3475 ἔχουσαν
572 3396 873 3460 ἀπλοῖκὼς¹
916 3390 972 3456 Ὀ
1007 3402 1136 3466 Θεὸς
1192 3407 1284 3457 τοῦ
1316 3390 1494 3464 ἐλέους
1548 3390 1635 3456 κάὶ
1664 3390 1762 3469 τῆς
1818 3403 1944 3481 φιλ-

291 3485 613 3562 ανερωπίας,
678 3485 834 3542 αὐτὸν
894 3489 985 3542 τὸν
1060 3491 1246 3564 μισθὸν
1312 3488 1508 3553 ἀπόδος
1588 3489 1815 3566 Ἰωάννῃ
1871 3491 1947 3563 τῷ

291 3573 410 3647 ἒμῷ
470 3571 715 3651 δεσπότῃ
774 3578 861 3633 καὶ
922 3578 1230 3657 πατριάρχης
1289 3579 1385 3645 τῆς
1449 3576 1793 3657 Ἀλεξάνδρου
1840 3585 1946 3636 τῶν

288 3666 575 3741 τριάκοντα
630 3664 725 3721 τοῦ
782 3667 1004 3745 χρυσίου
1063 3666 1257 3745 λιτρῶν
1314 3673 1422 3724 τῶν
1483 3668 1608 3745 παρ’
1638 3669 1768 3743 ἐμοῦ
1826 3681 1943 3732 τοῖς

289 3751 481 3819 πένησι
543 3752 993 3829 διανεμηθέντων.
1048 3755 1192 3834 Ἐγὼ
1236 3756 1335 3835 γὰρ
1393 3754 1665 3814 ἀπέλαϐον
1694 3757 1761 3814 τὰ
1814 3755 1941 3831 ἐμά.

290 3850 331 3898 ῡ
394 3844 482 3898 οὖν
542 3847 887 3924 πατριάρχης
931 3842 1113 3902 λαϐὼν
1172 3847 1231 3901 τὸ
1292 3846 1653 3925 χειρόγραφον
1724 3866 1943 3917 συμπα-

289 3929 619 4014 ραλαμόάνει
677 3933 929 3992 κάκεῖνον
968 3940 1067 4002 τῆς
1118 3938 1384 4014 τραπέζης
1440 3935 1581 4009 αὐτῷ
1635 3935 1939 4014 μεθέξοντα.

286 4010 383 4079 ”Ον
445 4024 579 4095 μετὰ
611 4023 672 4079 τὸ
730 4037 927 4103 φαγεῖν
956 4024 1190 4081 ὕπνοῦτα
1244 4023 1567 4101 βουλόμένος
1599 4026 1627 4080 ὸ
1679 4027 1809 4089 Θεὸς
1853 4034 1947 4083 τοῦ

290 4110 497 4169 πολλοῦ
524 4164 529 4167 Α
555 4110 717 4169 ὕπνου
780 4118 880 4180 τῆς
934 4111 1371 4193 φιλοχρηματίας
1422 4111 1802 4194 Stomachum,
1833 4136 1946 4192 μα-

286 4204 399 4259 θεῖν
458 4221 516 4258 τε
555 4202 958 4281 παρασκευάσαι
1015 4202 1138 4268 οἵας
1195 4201 1476 4283 ἐστέρηναι
1534 4201 1946 4278 μιοθαποδοσίας

288 4292 381 4349 καὶ
454 4294 787 4368 μεταμαθεῖν
859 4294 922 4349 τὸ
987 4291 1384 4373 φιλάνθρωπον,
1448 4292 1695 4350 ἔκστασιν
1767 4293 1945 4374 ὥσπερ

290 4385 438 4454 αὒτῳ
482 4377 767 4460 ὶμόείλλει²
808 4383 898 4438 καὶ
970 4384 1097 4460 ὁρᾷν
1168 4380 1340 4439 ἐδόκει
1414 4385 1570 4441 οἷκον
1647 4382 1949 4463 περικαλλῆ

288 4492 412 4527 τινα
477 4471 564 4527 καὶ
620 4469 1032 4550 ὑπέρλαμπρον,
1084 4470 1196 4549 ὥρᾴ
1252 4492 1308 4526 τε
1368 4472 1453 4528 καὶ
1497 4471 1711 4551 μεγέθει
1765 4471 1951 4550 μηδενὶ

289 4561 389 4616 τοῦ
419 4560 544 4617 ’ἰσου
580 4573 937 4640 παραχωρεῖν
984 4563 1354 4639 νομιζόμενον,
1386 4560 1499 4619 ἆίνω
1558 4560 1612 4617 δὲ
1641 4563 1735 4619 τοῦ
1764 4560 1951 4620 πυλώ-

291 4669 387 4714 νος
446 4647 626 4706 τίτλον
690 4649 1077 4731 ἆπιγεγράιρθαι
1140 4665 1367 4732 χρυσοῖς
1438 4651 1741 4730 γράμμασι,
1807 4652 1956 4719 Mevi»,

2033 2344 2188 2398 sum,
2223 2323 2490 2401 triginta,
2526 2322 2737 2404 inquit,
2771 2321 2956 2385 libras
3005 2323 3079 2386 ad
3112 2332 3170 2385 te
3222 2324 3505 2397 afl'erens,
3537 2338 3686 2405 quas

2034 2415 2210 2476 etiam
2236 2414 2425 2475 salvas
2457 2412 2645 2474 reddo
2677 2420 2794 2475 tum
2814 2411 3040 2474 virtuti.
3064 2410 3383 2494 Postquam
3417 2429 3559 2488 ergo
3577 2428 3684 2473 so-

2030 2503 2153 2566 lum
2183 2502 2326 2564 vidit
2350 2520 2563 2563 aurum
2590 2502 2650 2563 in
2688 2499 2963 2563 manibus
2983 2500 3683 2582 patriarchae,horrorem

2032 2594 2192 2666 vicit,
2230 2591 2384 2653 mala
2414 2590 2598 2653 febris
2650 2590 2952 2667 discessit,
2989 2589 3145 2653 vires
3174 2591 3227 2652 ei
3257 2588 3592 2670 redierunt,
3625 2596 3684 2653 et

2028 2683 2187 2744 visus
2244 2690 2301 2744 et
2332 2679 2559 2742 habens
2591 2678 2814 2741 vultum
2847 2678 3107 2744 alacrem
3168 2685 3229 2743 et
3255 2678 3519 2742 vividum
3551 2701 3565 2739 :
3617 2687 3683 2742 ut

2028 2772 2169 2834 hinc
2220 2772 2387 2833 fieret
2421 2768 2824 2843 manifestum,
2866 2770 3022 2849 quod
3076 2769 3321 2832 omnino
3376 2766 3678 2831 redditum

2029 2860 2305 2924 morbum
2339 2859 2536 2933 solvit,
2570 2858 2685 2921 hoc
2716 2858 2891 2921 etiam
2926 2858 3187 2940 primum
3220 2856 3507 2935 ablatum,
3539 2875 3676 2921 eum

2028 2952 2257 3015 vocavit
2287 2967 2422 3013 cum
2455 2967 2573 3010 non
2606 2956 2787 3011 esset.

2108 3132 2258 3194 LIV.
2294 3128 2438 3193 Cum
2468 3148 2678 3192 aurum
2712 3147 2850 3210 ergo
2874 3125 2935 3191 in
2965 3123 3128 3191 illius
3163 3145 3374 3191 manus
3418 3124 3684 3190 dedisSet

2030 3221 2390 3303 patriarcha,
2416 3218 2750 3300 postulabat
2772 3226 2836 3280 ut
2864 3217 3011 3281 littei
3030 3218 3082 3280 is
3112 3217 3165 3281 ei
3189 3216 3472 3281 mercede
3491 3217 3678 3280 cede-

2028 3321 2142 3373 ret.
2172 3309 2281 3373 llle
2307 3318 2507 3372 autem
2542 3307 2817 3371 lubenter
2846 3327 2957 3371 sua
2987 3326 3164 3370 manu
3195 3304 3521 3371 conscribit
3549 3325 3683 3387 syn-

2028 3400 2464 3482 grapham.quaz
2478 3398 2565 3460 sic
2584 3396 3030 3462 habebatzDeus
3045 3396 3476 3461 misericordias
3489 3406 3547 3460 et
3566 3396 3686 3460 cle-

2032 3488 2494 3568 menlim,ipsam
2516 3488 2855 3550 mercedem
2880 3484 3067 3549 redde
3088 3484 3474 3563 Joanni,meo
3494 3484 3687 3547 domi-

2031 3598 2106 3643 no
2134 3588 2193 3641 et
2232 3577 2581 3658 patriarchae
2613 3576 3013 3648 Alexandriae,
3052 3575 3295 3655 triginta
3323 3575 3454 3637 auri
3492 3573 3683 3637 libra-

2026 3686 2309 3748 rum,que
2332 3685 2367 3727 a
2390 3684 2486 3727 me
2517 3664 3111 3727 fueruntdistributai
3144 3662 3528 3745 pauperibus.
3561 3663 3685 3743 Ego

2029 3757 2189 3822 enim
2213 3774 2347 3817 mea
2374 3753 2605 3834 accepi.
2639 3752 2983 3815 Patriarcha
3013 3770 3154 3831 ergo
3187 3756 3437 3831 accepto
3474 3751 3682 3814 chiro-

2028 3848 2446 3923 grapho,illum
2468 3860 2700 3918 quoque
2723 3845 2897 3904 simul
2929 3846 3140 3915 accipit
3172 3857 3387 3900 mensa
3420 3842 3684 3902 futurum

2031 3932 2413 4017 participem.
2450 3930 2663 4011 Quem;
2699 3949 2832 3992 cum
2865 3928 3252 4000 comedisset,
3276 3927 3684 4017 dormientem

2030 4015 2232 4087 voleus
2285 4021 2441 4088 Deus
2470 4020 2732 4083 excitare
2762 4039 2796 4081 a
2841 4018 3002 4101 gravi
3035 4036 3246 4079 somno
3305 4015 3592 4092 avaritiae,
3628 4024 3688 4080 et

2032 4114 2269 4179 efﬁcere
2293 4122 2353 4175 ut
2374 4111 2553 4174 sciret
2575 4117 2794 4192 quanta
2824 4108 3004 4172 fuerit
3035 4106 3299 4189 privatus
3328 4123 3681 4169 remunera-

2031 4204 2283 4285 tione,et
2306 4202 2566 4263 disceret
2583 4197 3095 4280 henignitatem,ei
3119 4196 3384 4285 immittit
3402 4195 3689 4285 quodam-

2031 4284 2209 4358 modo
2240 4290 2547 4366 ecstasim,
2581 4297 2640 4352 et
2689 4285 3003 4352 videbatur
3046 4286 3161 4348 sibi
3192 4284 3397 4348 videre
3438 4284 3683 4349 domum

2030 4386 2344 4463 quamdam
2371 4385 2824 4457 pulcherrimam
2848 4391 2903 4441 et
2933 4379 3490 4453 splendidissimum,
3516 4386 3572 4438 et
3589 4380 3686 4438 cui

2034 4472 2328 4555 elegantia
2346 4486 2404 4534 et
2432 4468 2843 4549 magnitudine
2867 4468 3027 4530 nulla
3047 4473 3277 4548 poterat
3295 4463 3687 4555 conferri.Su-

2040 4554 2149 4645 pra
2165 4561 2523 4626 vestibulum
2548 4568 2743 4623 autem
2769 4557 3091 4639 inscriptus
3110 4562 3239 4618 erat
3257 4554 3465 4645 titulus
3483 4554 3686 4618 aureis

1978 4625 2016 4678 Ρ
2039 4625 2285 4716 litteris:
2321 4649 2566 4713 Mansio
2612 4656 2671 4713 et
2703 4625 2974 4728 requies.
2997 4656 3239 4711 aeterna
3275 4643 3472 4707 Troili
3522 4649 3689 4725 epis-

292 4740 389 4823 καὶ
462 4738 799 4804 ἆνάπανασις
872 4742 1054 4799 αἰωνία
1145 4740 1390 4820 Τρωίλου
1470 4748 1566 4799 τοῦ
1635 4738 1947 4810 ἐπισκόπου,

2038 4743 2197 4823 copi.
2222 4744 2543 4822 Postquam
2576 4758 2717 4801 vero
2754 4739 2849 4800 his
2874 4735 3045 4801 lectis
3079 4746 3168 4800 est
3197 4736 3450 4811 lmtatus,
3474 4734 3689 4797 existi-

298 4820 392 4891 Ὠς
426 4827 515 4885 οὖν
564 4826 707 4897 ἥσθη
761 4837 930 4888 ταῦτα
961 4830 1244 4909 ἀναγνοὺς,
1278 4832 1519 4908 οἰόμενος
1552 4830 1612 4887 ἐκ
1655 4834 1747 4888 τοῦ
1792 4833 1947 4908 βασι-

2038 4820 2207 4894 mans
2227 4820 2472 4892 domum
2498 4827 2620 4891 sibi
2633 4827 2828 4890 datam
2852 4826 3036 4889 fuisse
3062 4826 3140 4887 ab
3164 4826 3549 4908 imperatore,
3578 4843 3687 4887 ac-

294 4915 434 4983 λέως
507 4915 748 4976 δεδόσθαι
813 4919 958 4994 αὒτῷ
1016 4921 1106 4976 τὸν
1172 4923 1352 4995 οἶκον,
1407 4917 1815 4997 καταλαμϐάνει
1870 4943 1947 4985 τις

2036 4923 2195 4986 cedit
2214 4920 2554 5002 virquidam
2573 4915 2916 4997 insignis,et
2935 4914 3037 4997 qui
3055 4915 3512 4979 videbaturesse
3532 4933 3687 4976 unus

296 5004 437 5087 ἀνὴρ
499 5007 792 5089 ἐπιφανὴς,
824 5010 911 5066 καὶ
968 5008 1051 5071 εἷς
1085 5007 1228 5067 εἶναι
1285 5014 1381 5076 τῆς
1414 5006 1719 5088 συγκλήτου
1763 5012 1956 5090 φαινό-

297 5116 461 5172 μενος
524 5093 954 5178 κουόικουλαρίῳ
1009 5099 1069 5156 τὸ
1146 5103 1342 5179 σχῆμα
1400 5098 1614 5173 ἐοικὼς,
1662 5100 1750 5156 καὶ
1809 5123 1955 5167 τινας

296 5182 521 5267 ἄλλους,
558 5184 706 5268 ἔχων
737 5188 901 5246 αὐτοῦ
951 5186 1443 5269 πρόπορευομένου,
1491 5186 1548 5252 ὃς
1596 5187 1712 5245 imi
1766 5188 1956 5268 ἤγγισε

297 5277 376 5350 τῷ
432 5272 638 5333 πυλῶνι
679 5274 886 5335 ἀπιδὼν
944 5279 1075 5358 πρὸς
1127 5278 1249 5340 τοὺς
1294 5275 1639 5358 δορυφόρους,
1693 5298 1955 5358 κατενεγ-

300 5378 419 5422 κεῖν
480 5364 737 5424 ἐπέταττε
796 5369 890 5424 τὸν
953 5366 1133 5425 τίτλον
1189 5369 1264 5431 ὣς
1323 5368 1520 5446 τάχος,
1566 5367 1849 5423 ὰντιθειναι
1903 5366 1958 5423 δὲ

300 5450 512 5534 ἕτερον,
543 5456 600 5513 ὃν
652 5458 680 5513 ὁ
727 5448 1019 5533 δεσπότης,
1054 5459 1208 5537 φησὶ,
1243 5460 1340 5523 τῆς
1400 5453 1720 5531 οἰκουμένης
1764 5455 1956 5513 κελεύ-

301 5565 486 5630 σειεν,
544 5542 778 5604 Ἐτίθετο
850 5545 1025 5603 τοίνυν
1095 5547 1239 5610 εὐθὺς
1314 5544 1489 5625 ἕτερος
1532 5544 1752 5625 γραφὼν
1810 5544 1958 5629 ἒχων

384 5706 511 5792 (16)
544 5707 877 5771 Gentianus
906 5707 1070 5790 [ores
1097 5706 1290 5771 vertit.

2041 5032 2114 5076 ex
2140 5007 2589 5089 senatu,habitu
2610 5005 2825 5068 similis
2848 5003 3479 5079 cubiculario,habens
3501 5020 3688 5083 quos-

2039 5103 2173 5165 dam
2199 5099 2349 5162 alios
2370 5105 2506 5159 ante
2528 5115 2593 5158 se
2613 5092 3122 5167 ambulantes.Qui
3147 5102 3453 5175 postquam
3475 5108 3692 5172 appro-

2041 5188 2346 5274 pinquavit
2399 5185 2708 5263 vestibulo,
2742 5184 3042 5274 aspiciens
3076 5184 3152 5244 ad
3194 5179 3486 5274 satellites
3535 5179 3686 5260 (t6),

2038 5268 2205 5362 iubet
2229 5274 2672 5359 quamprimum
2701 5273 2883 5354 dejici
2908 5272 3137 5362 titulum
3170 5288 3326 5362 :_pro
3348 5268 3460 5362 illo
3490 5276 3689 5362 autem

2045 5358 2184 5451 poni
2232 5358 2444 5442 alium,
2476 5382 2679 5447 quem,
2727 5362 2943 5445 inquit,
2970 5359 3483 5451 jubetDominus
3526 5358 3691 5451 orbis

2041 5446 2239 5523 torres.
2273 5446 2717 5520 Statimautem
2744 5454 2851 5515 fuit
2880 5450 3133 5533 positus,
3161 5449 3317 5511 hanc
3346 5446 3572 5510 habens
3602 5446 3693 5509 in-

2041 5548 2431 5631 scriptionem
2466 5565 2480 5609 :
2516 5543 2761 5609 Mamio
2788 5549 2846 5606 et
2889 5544 3137 5622 requies
3164 5545 3399 5602 (eterna
3430 5534 3696 5609 Joannis
