4032 6202
426 368 545 436 943
1711 375 1991 442 MENSIS

2223 379 2498 446 FABIUS.
3692 382 3815 451 944

423 510 864 591 archiepiscopi
893 508 1344 590 Alcmandrini,
1372 515 1569 592 empta
1598 514 1860 593 triginta
1883 515 2015 578 libr:

2230 517 2342 575 άνδε
2372 564 2383 577 .
2475 520 2627 585 Μονή
2714 519 2807 574 καὶ
2892 517 3186 583 ἀνάπαυσις
3274 519 3464 576 αἰωνία
3549 518 3564 542 ’
3595 520 3822 575 ωάννου

423 606 587 662 auri.
624 599 669 661 E
689 599 922 661 somnio
952 595 1160 679 itaque
1188 616 1441 680 surgens
1469 601 1857 684 stupefactus,
1888 624 2015 686 expc

2225 608 2597 687 νχιεπισκόπου
2709 606 3104 684 Ἀλεξανδρείας
3141 656 3157 688 ,
3240 609 3528 686 τριάκοντα
3614 608 3817 684 λιτρῶν

425 689 545 750 suit
602 689 955 769 patriarchas
1011 690 1322 763 visionem,
1360 697 1417 751 et
1464 689 1595 771 ipse
1648 710 1819 754 suum
1868 694 2009 755 vitiu

2230 698 2381 754 »υσίου
2440 700 2728 775 πραθεῖσα.
2792 696 3145 764 ’Έκπληκτος
3204 697 3292 754 οὖν
3350 698 3457 754 ἀπὸ
3500 697 3598 755 τοῦ
3654 697 3822 754 ’ἄπνου

422 777 868 851 animadvertit,
904 785 964 840 et
1010 795 1210 840 mores
1250 779 1518 855 mutavit,
1553 786 1612 842 et
1662 781 1859 845 facere
1907 784 2014 846 elei

2234 788 2442 851 ιταστὰς
2505 786 2758 864 ἐξηγεῖτό
2814 808 2871 842 τε
2913 793 2990 861 τῷ
3034 788 3352 867 πατριάρχῃ
3412 790 3473 844 τὸ
3506 787 3691 865 ὅραμα
3733 791 3826 844 καὶ

423 885 730 948 mosynam
764 868 1048 931 ardenter
1076 874 1165 930 est
1216 885 1521 947 egressus,
1558 876 1617 931 et
1648 888 1753 950 pro
1786 890 1879 949 eo,
1911 893 2015 952 quc

2231 878 2311 941 τὸς
2355 877 2428 942 εἰς
2473 879 2812 942 συναίσθησιν
2878 874 3111 956 ἤρχετο,
3155 884 3251 933 τού
3304 878 3504 953 τρόπου
3572 899 3638 933 τε
3686 898 3823 952 μετ-

423 964 549 1019 erat
601 959 769 1038 prius
795 974 1008 1039 parcus
1056 965 1115 1018 et
1156 965 1352 1033 tenax,
1388 958 1461 1020 ad
1517 959 1779 1022 dandum
1832 979 2006 1023 manu

2232 964 2438 1045 ξλλετο,
2493 963 2588 1021 καί
2633 967 2836 1042 θερμῶς
2899 962 3236 1039 ξλεημούνης
3297 965 3522 1040 ἥπτετο,
3570 967 3667 1022 καὶ
3714 966 3824 1021 ἀπὸ

422 1045 635 1110 habuit
663 1046 1195 1128 promptissimam.

2227 1063 2244 1112 5
2300 1052 2559 1134 φειδωλὸς
2622 1056 2761 1111 εἶναι
2822 1055 2912 1111 καὶ
2980 1054 3302 1134 μικρολόθος
3348 1056 3483 1115 πάνυ
3537 1058 3819 1135 προθυμο-

2152 1144 2323 1211 τάτην
2355 1143 2505 1225 ἔχειν
2553 1160 2648 1212 την
2695 1142 2890 1210 δεξιάν,

490 1227 619 1292 LX.
646 1226 762 1290 Sed
790 1227 1085 1308 Deus,qui
1116 1228 1392 1309 permisit
1411 1228 1548 1291 Jobi
1568 1229 1851 1311 dissipari
1871 1235 1931 1294 et
1953 1232 2074 1293 exi-

2239 1232 2375 1295 NE'.
2425 1232 2579 1291 Ἀλλ’
2612 1236 2639 1290 ὁ
2683 1236 2773 1290 τὸν
2832 1241 2928 1293 τοῦ
2972 1234 3099 1292 Ἰὼϐ
3158 1235 3388 1293 πλοῦτον
3418 1236 3556 1292 κατὰ
3622 1247 3819 1311 πεῖραν

423 1318 621 1381 naniri
655 1317 893 1381 divitias
924 1318 996 1380 ad
1030 1318 1161 1397 ejus
1202 1317 1437 1381 virtutis
1468 1318 1804 1382 faciendum
1830 1321 2015 1402 pericu

2227 1344 2252 1389 ς
2294 1323 2489 1399 ἀρετῆς
2542 1323 2900 1403 ἔκφορηθῆναι
2961 1326 3372 1407 παραχωρήσας
3431 1326 3589 1399 Θεὸς,
3650 1324 3816 1400 ὅμοια

421 1409 577 1485 Ιυω,
610 1407 902 1497 permittit
928 1407 1108 1470 etiam
1158 1407 1379 1470 similia
1407 1408 1681 1472 accidere
1726 1410 1865 1472 huic
1896 1410 2005 1472 bea

2224 1415 2242 1469 ἶ
2286 1418 2364 1486 τῷ
2402 1414 2649 1492 μακαρίῳ
2706 1415 2877 1489 τούτῳ
2929 1416 3244 1497 πἀτριᾶρχῃ
3309 1413 3579 1490 συμϐῆναι
3628 1436 3816 1493 παρα-

421 1496 986 1580 patriarchaa.Erant
1009 1498 1170 1559 enim
1194 1497 1481 1559 tredecim
1510 1517 1689 1561 naves
1710 1501 1840 1580 ejus
1857 1499 2013 1563 Ecclt

2223 1515 2352 1580 ορεϊ.
2407 1512 2563 1580 Τρεῖς
2622 1505 2839 1583 καὶγὰρ
2890 1504 2975 1561 ἰπὶ
3008 1502 3132 1565 δέκα
3179 1496 3302 1573 νῆες
3350 1503 3486 1573 ἦσαν
3537 1508 3642 1570 τῆς
3688 1503 3815 1560 κατ’

421 1589 687 1671 sies,quaa
702 1588 947 1666 quidem
972 1595 1231 1649 oneratas
1243 1606 1376 1649 cum
1400 1598 1602 1651 essent
1625 1590 1681 1650 in
1701 1589 1850 1651 mari
1867 1589 2010 1651 Adri

2223 1592 2312 1649 τὸν
2354 1591 2708 1668 Ἐκκλησίας,
2742 1593 2949 1657 αἵτινες
2979 1596 3173 1675 φόρτου
3202 1592 3451 1673 πλήρεις,
3484 1592 3574 1650 ὅτε
3606 1599 3691 1668 τῷ
3719 1598 3815 1648 τοῦ

424 1677 844 1754 tico,incidunt
866 1693 1077 1739 omnes
1107 1675 1289 1737 simul
1312 1676 1373 1737 tu
1400 1677 2016 1760 naufragium,peritqt

2223 1680 2361 1761 δρίου
2420 1682 2729 1763 προσέσχον
2757 1682 3008 1765 πελάγει,
3042 1686 3278 1764 ναυαγίῳ
3324 1689 3493 1741 πᾶσαι
3526 1682 3653 1738 κατ’
3706 1684 3812 1738 αὖ-

422 1769 767 1831 universum
798 1785 974 1849 onus,
1006 1765 1167 1847 quod
1200 1774 1329 1828 erat
1359 1775 1451 1829 ter
1481 1766 1645 1829 mille
1682 1777 1740 1829 et
1768 1776 2014 1833 trecenta

2224 1796 2245 1827 v
2288 1771 2687 1853 περιπίπτουσι,
2718 1774 2807 1830 καὶ
2836 1774 2865 1830 ὃ
2896 1775 3090 1854 φόρτος
3122 1773 3261 1839 ἄπας
3302 1770 3627 1846 ἀπόλλυται,
3663 1793 3816 1847 τρια-

425 1877 558 1921 rum
611 1857 903 1919 librarum
937 1856 1089 1918 auri.
1122 1854 1171 1919 li
1221 1873 1367 1936 ergo
1399 1855 1617 1934 quibus
1647 1855 1885 1920 fuerant
1913 1877 2017 1920 con

2223 1863 2350 1918 σίων
2406 1879 2463 1917 τε
2496 1863 2585 1919 καὶ
2628 1861 2946 1942 τρισχιλίων
2994 1865 3163 1920 οὐσῶν
3206 1866 3300 1921 τοῦ
3329 1864 3549 1943 χρυσίου
3580 1860 3812 1938 λιτρῶν.

425 1947 632 2009 missae
662 1964 864 2021 naves,
900 1944 1267 2008 adducentes
1294 1945 1403 2009 bas
1424 1946 1655 2023 inanes,
1679 1947 2017 2028 appellunti

2271 1953 2358 2007 οὖν
2391 1952 2457 2007 τὰ
2518 1950 2685 2008 πλοῖα
2715 1953 3129 2028 πεπιστευμένοι
3175 1953 3301 2009 κενᾶ
3332 1952 3501 2009 ταῦτα
3556 1950 3816 2029 γέροντες

431 2045 670 2118 portum
703 2035 1079 2098 Alexandria;
1113 2055 1126 2098 :
1176 2035 1291 2115 ipsi
1322 2045 1518 2099 autem
1565 2036 1961 2117 confugerunt
2008 2038 2022 2098 i

2220 2067 2227 2097 ι
2277 2041 2377 2109 τῆς
2433 2039 2828 2120 Ἀλεξανδρείας
2883 2043 3289 2121 προσορμίζοδσι
3335 2040 3536 2114 λιμένι,
3575 2038 3812 2122 φυγάδες

420 2127 739 2207 templum.
776 2124 941 2198 Quod
963 2126 1205 2207 quidem
1243 2143 1378 2187 cum
1408 2126 1784 2205 cognovisset
1812 2126 2012 2209 patrial

2222 2133 2298 2189 τοὶ
2346 2135 2423 2207 τῷ
2454 2134 2564 2205 ναῷ
2606 2131 2909 2211 γενόμενοι,
2958 2130 3222 2210 ὅπερ[ὡς]
3258 2129 3511 2197 ἐπίδηλον
3569 2129 3814 2197 κατέστη

422 2216 687 2288 cha,Deo
718 2215 959 2297 quidem
984 2223 1229 2296 prepter
1257 2216 1369 2278 hoc
1392 2235 1630 2297 quoque
1651 2217 1769 2296 agit
1799 2218 2014 2297 gratias

2222 2245 2229 2275 ι
2271 2221 2610 2301 πατριάρχῃ,
2645 2228 2761 2296 Θεῷ
2806 2220 2903 2296 μὲν
2952 2222 3039 2278 καὶ
3089 2223 3261 2295 τούτῳ
3310 2225 3409 2290 τὴν
3453 2221 3617 2301 χάριν
3663 2221 3814 2295 ὁμο-

420 2307 495 2370 ad
526 2305 664 2368 illos
713 2320 856 2368 vero
909 2305 1090 2368 mittit
1120 2305 1345 2367 litteras
1392 2306 1789 2381 remissionis,
1825 2326 1893 2369 ea
1946 2326 2008 2369 so

2218 2314 2325 2368 Ost'
2374 2312 2594 2375 ἐκείνοις
2662 2308 2717 2366 δὲ
2772 2310 2983 2391 ἆφέσως
3039 2310 3332 2386 ἆπιπέμπει
3400 2324 3810 2389 γραμματεῖον,

422 2416 554 2478 quae
610 2395 721 2457 Job
777 2396 947 2473 dixit,
982 2395 1214 2470 dicens,
1273 2395 1562 2458 Dominus
1606 2396 1797 2472 dedit,
1831 2398 2008 2460 fratre

2216 2406 2292 2457 ἱνα
2341 2402 2403 2458 τὰ
2434 2410 2528 2459 τοῦ
2580 2397 2706 2456 Ἰὼϐ
2732 2398 3000 2481 ὶπιλὲιξε]
3047 2400 3200 2480 ἕχον,
3253 2392 3308 2458 Ὀ
3341 2400 3525 2477 Κύριος
3579 2398 3808 2471 ἔδωκεν,

418 2487 712 2550 Dominus
761 2484 1026 2547 abstulit.
1060 2482 1429 2564 Egredimini
1460 2501 1627 2562 ergo,
1659 2496 1904 2567 propter
1956 2487 2010 2548 hi

2216 2490 2448 2571 ελφοῖ,ὁ
2502 2490 2690 2570 Κύριος
2733 2489 2999 2569 ἀφείλετο.
3050 2488 3315 2556 Ἐξέλθετε
3366 2490 3537 2546 τοίνυν
3591 2487 3808 2563 μηδένα

431 2575 665 2637 nullum
703 2575 985 2637 timentes
1024 2574 1384 2655 periculum.
1420 2573 1709 2638 Dominus
1767 2576 1925 2639 enim
1960 2595 2023 2638 er

2347 2583 2535 2641 τούτου
2606 2579 2840 2637 κίνδυνον
2912 2581 3273 2660 ὑφορώμενοι*
3346 2580 3374 2635 ὅ
3441 2580 3628 2658 Κύριος
3701 2582 3809 2659 γὰρ
3897 2644 3902 2647 _

420 2666 715 2728 sollicitus
753 2665 830 2727 de
858 2664 1142 2729 crastino.

2149 2671 2267 2748 περὶ
2296 2674 2392 2737 τῆς
2440 2669 2620 2749 αὔριον
2663 2681 2922 2748 φροντιεῖ.

474 2756 779 2820 LVI.Cum
812 2765 1009 2818 autem
1030 2754 1198 2817 multi
1214 2772 1292 2818 ex
1324 2755 1552 2818 civibus
1572 2756 1902 2819 venientad
1928 2777 2063 2820 eum

2228 2749 2375 2835 κζ’.
2432 2759 2565 2817 Επεὶ
2592 2757 2648 2815 δέ
2695 2756 2885 2815 πολλοὶ
2914 2764 3024 2814 τῶν
3079 2761 3177 2827 τῆς
3210 2757 3419 2823 πόλεως
3454 2758 3679 2838 ἐφοίτων
3723 2761 3803 2821 ὡς

419 2848 1049 2929 consolandum,prior
1072 2848 1204 2930 ipse
1227 2847 1316 2911 eis
1336 2847 1641 2913 dixitzNon
1673 2859 1905 2931 oportet
1931 2866 2011 2913 vo

2208 2853 2307 2905 ,τὸν
2360 2850 2434 2914 εἰς
2476 2846 2837 2927 παρακλησιν,
2902 2848 3103 2929 φθάσας
3164 2850 3344 2923 αὐτὸς,
3409 2847 3571 2907 Οὒδὲν
3632 2850 3800 2922 ὑμᾶς,

422 2961 458 3002 0
482 2939 967 3015 fratres,tristitia
988 2938 1150 3000 afﬁci
1181 2946 1424 3021 propter
1443 2939 1772 3019 periculum
1801 2940 2014 3001 naviun

2208 2962 2276 3018 νη,
2329 2944 2625 3019 προσῆκον,
2663 2936 2899 3017 ἀδελφοὶ,
2943 2939 3340 3016 σκυθρωπάζειν
3402 2937 3487 2995 ἰπὶ
3538 2944 3615 3012 τῷ
3674 2961 3800 2995 κιν-

422 3029 595 3109 cujus
626 3035 756 3110 ipse
787 3030 949 3090 solus
976 3045 1108 3089 sum
1138 3046 1337 3091 causa.
1375 3026 1501 3090 Nisi
1541 3030 1699 3090 enim
1733 3047 1976 3108 magnos
2008 3055 2014 3087 ι

2211 3051 2281 3103 νῳ
2355 3028 2576 3109 πλοίων,
2633 3026 2691 3085 οὔ
2775 3028 2938 3104 μόνος
3011 3027 3280 3095 κατέστην
3352 3027 3509 3090 αὐτὸς
3588 3025 3801 3091 αἴτιος.

422 3119 609 3181 elatos
634 3118 1028 3197 sumpsissem
1043 3117 1286 3195 spiritus
1300 3126 1545 3198 propter
1564 3118 1894 3180 alienorum
1919 3119 2014 3181 ela

2241 3121 2318 3194 μὴ
2363 3120 2465 3198 γὰρ
2513 3118 2958 3198 ὁψηλοφριὶσιὶνης
3010 3118 3242 3193 ἡψάμην
3287 3116 3397 3197 ἐγὼ
3436 3117 3522 3174 ἐπὶ
3577 3123 3647 3194 τῇ
3694 3118 3805 3175 τῶν

416 3208 733 3289 gitionem,
756 3208 881 3269 imo
902 3225 1042 3269 vero
1064 3205 1171 3268 Dei
1195 3206 1407 3287 ipsius,
1430 3206 1543 3268 hoc
1566 3227 1934 3289 nequaquam
1962 3227 2008 3270 at

2219 3206 2441 3287 λοτρίων
2503 3206 2805 3284 μεταδόσει,
2867 3206 3072 3283 μᾶλλον
3124 3206 3179 3264 δὲ
3222 3212 3329 3265 τῶν
3384 3215 3479 3265 τοῦ
3522 3214 3660 3265 Θεοῦ
3705 3211 3808 3267 οὒκ

417 3296 913 3361 cidisset.Volens
936 3296 1134 3377 itaque
1164 3295 1321 3358 Deus
1348 3315 1548 3359 meum
1580 3307 1874 3361 tumorem
1907 3316 2009 3360 con

2253 3296 2319 3366 δὴ
2359 3304 2516 3357 τοῦτο
2572 3295 2791 3366 συνέϐη.
2825 3296 3045 3374 Ἀμέλει
3098 3298 3186 3355 καὶ
3237 3296 3559 3376 βουλόμενος
3592 3299 3621 3354 ὁ
3669 3299 3807 3361 Θεὸς

416 3388 702 3469 primere,
738 3387 1027 3470 permittit
1076 3388 1230 3449 hanc
1260 3386 1536 3450 accidere
1578 3387 1725 3449 mihi
1755 3388 2008 3451 calamitz

2236 3389 2459 3471 φύσημα
2501 3390 2561 3446 τὸ
2609 3387 2738 3465 ἐμὸν
2790 3386 3166 3463 καταστεῖλαι,
3199 3390 3301 3456 τὴν
3346 3388 3623 3469 συμφορὰν
3666 3388 3807 3444 ταύ-

416 3486 559 3540 tem.
594 3477 697 3541 Est
722 3476 883 3540 enim
910 3478 1290 3558 eleemosyna
1307 3495 1465 3558 saepe
1486 3495 1664 3540 causa
1683 3478 1980 3559 superbia

2218 3500 2245 3534 v
2294 3476 2559 3554 συμϐῆναι
2604 3490 2954 3558 παραχωρεῖ.
2991 3475 3148 3536 Οἶδεν
3196 3477 3536 3555 ἐλεημοσύνη
3588 3475 3805 3535 πολλά.

413 3571 516 3650 qui
541 3588 660 3630 non
684 3568 958 3630 advertit.
984 3570 1308 3648 Paupertas
1338 3575 1556 3643 autem,
1582 3567 1740 3629 sicut
1768 3569 2005 3650 scriptu}

2205 3589 2228 3632 ς
2258 3569 2708 3649 ὑψηλοφροσύνης
2753 3568 2894 3624 αἰτία
2927 3574 2999 3642 τῷ
3043 3567 3123 3644 μὴ
3153 3567 3481 3647 προσὲγοντι
3532 3568 3797 3645 γίνεσθαι.

414 3667 526 3734 est,
551 3659 742 3721 virum
781 3656 984 3720 reddit
1014 3657 1326 3723 humilem.
1360 3656 1482 3736 Ego
1513 3676 1643 3719 sum
1675 3657 1854 3738 igitur
1881 3678 2006 3721 caus

2211 3658 2291 3715 νία
2341 3656 2420 3739 δὲ,
2458 3657 2593 3715 κατὰ
2624 3660 2683 3713 τὸ
2736 3655 3132 3735 γεγραμμένον,
3168 3654 3331 3732 ἄνδρα
3361 3667 3633 3715 ταπεινοῖ.
3688 3656 3796 3711 Δύο

413 3748 672 3811 duorum
708 3748 1000 3810 malorum
1028 3770 1043 3823 ;
1078 3747 1255 3809 unius
1286 3747 1555 3828 quidem,
1588 3750 1743 3830 quod
1777 3750 2005 3812 mercec

2210 3750 2422 3826 ιγαροῦν
2483 3746 2594 3825 ἆγὼ
2623 3753 2805 3803 κακῶν
2849 3746 3046 3811 αἴτιος⁶
3094 3747 3210 3810 ἑνὸς
3254 3745 3379 3821 μὲν,
3413 3743 3495 3801 ὅτι
3554 3745 3648 3802 τοῦ
3688 3746 3797 3812 τῆς

412 3839 809 3920 eleemosynaa
831 3840 1088 3920 privatus
1110 3857 1241 3899 sum
1269 3852 1511 3919 propter
1539 3857 1745 3900 vanam
1778 3840 2004 3919 glorian

2204 3838 2508 3913 εημοσύνης
2564 3839 2753 3911 μισθοῦ
2797 3832 2878 3891 διὰ
2939 3833 3231 3900 κενοδοξίον
3291 3835 3605 3913 ἐστέρημαι,
3670 3834 3796 3891 ἐτέ-

410 3929 654 3993 alterius
674 3928 1004 4009 vero,quod
1027 3941 1272 4009 propter
1299 3946 1428 3989 eam
1458 3928 1767 4008 procuravi
1788 3929 2002 3991 amissit

2203 3950 2232 3983 υ
2290 3924 2370 4001 δὲ,
2408 3925 2490 3984 ὅτι
2539 3922 2608 3982 δι’
2667 3924 2832 3993 αὐτην
2866 3925 2952 3981 οιαὶ
3006 3924 3275 3982 τοσούτων
3322 3926 3624 4004 χρημάτων
3678 3923 3795 3980 ἃπ-

412 4039 550 4081 nem
579 4030 870 4080 tantarum
903 4019 1315 4097 pecuniarum:
1340 4029 1398 4080 et
1420 4037 1579 4080 nunc
1600 4018 1672 4080 ad
1702 4038 1792 4079 me
1824 4021 2004 4082 attrah

2202 4016 2334 4080 tela;
2396 4015 2665 4083 κατέστην
2737 4012 3013 4094 πρόξενος,
3090 4015 3185 4072 Καὶ
3243 4020 3331 4070 νῦν
3415 4012 3587 4071 ἐλκόω
3655 4016 3794 4092 πρὸς

410 4107 1071 4185 universumjudicium
1096 4107 1591 4189 animarum,un
1612 4109 2002 4188 rediguntura

2198 4107 2371 4163 ιαυτὸν
2432 4104 2572 4162 ἅπαν
2629 4104 2692 4161 τὸ
2748 4117 2917 4183 κρῖμα
2977 4110 3085 4160 τῶν
3141 4104 3504 4179 στενουμένων
3567 4109 3790 4183 ψυχῶν·

412 4200 737 4275 angustias.
766 4196 885 4257 Sed
911 4199 1091 4272 Deus,
1119 4198 1352 4263 etiamsi
1377 4217 1493 4258 non
1530 4208 1772 4279 propter
1801 4217 1919 4274 me,
1948 4217 2004 4261 se

2206 4197 2284 4264 κήν
2315 4200 2343 4252 δ
2377 4196 2536 4270 Θεὸς,
2566 4193 2665 4251 κᾶν
2692 4194 2771 4269 μὴ
2802 4192 2868 4250 δι’
2900 4193 3020 4274 ἐμὲ,
3054 4191 3175 4250 ἀλλ’
3206 4192 3298 4250 οὖν
3328 4197 3428 4261 τῆς
3465 4195 3572 4250 τῶν
3602 4192 3798 4267 διομε-

410 4293 608 4348 tamen
636 4293 877 4368 propter
905 4304 1132 4361 curam,
1158 4305 1332 4367 quam
1355 4287 1508 4366 gerit
1536 4305 1743 4350 eorum
1772 4290 1872 4370 qui
1896 4289 1996 4350 ind

2202 4307 2247 4341 ιν
2288 4286 2451 4365 χάριν
2497 4281 2816 4359 κηδεμονίας
2859 4283 3104 4363 χορηγὸς
3167 4281 3313 4370 ἔσται
3362 4290 3471 4339 τῶν
3513 4284 3645 4362 πρὸς
3689 4284 3794 4350 τὴν

408 4386 572 4457 gent,
607 4374 1013 4456 suppeditabit
1045 4394 1137 4452 ea,
1176 4395 1306 4455 quas
1348 4386 1485 4439 sunt
1518 4378 1591 4439 ad
1622 4369 1803 4439 usum,
1852 4397 1997 4441 nece

2200 4377 2353 4433 >είαν.
2407 4376 2479 4432 Τὸ
2511 4374 2635 4453 γὰρ,
2669 4374 2741 4431 Οὔ
2793 4375 2871 4449 μή
2905 4393 2963 4429 σε
3010 4373 3143 4452 ἀνῶ,
3177 4369 3284 4432 οὐδ’
3317 4376 3377 4432 οὗ
3406 4373 3485 4449 μὴ
3527 4393 3587 4429 σε
3614 4375 3792 4452 ἔγκα-

408 4467 601 4527 saria:
636 4464 787 4525 illud
820 4466 1006 4542 enim,
1031 4464 1159 4528 Non
1194 4476 1251 4528 te
1283 4467 1600 4538 dimittam.
1638 4486 1836 4549 neque
1868 4476 1924 4531 te
1952 4488 2000 4530 rt

2196 4464 2370 4540 ιλίπω,
2409 4462 2608 4521 ἐκείνου
2652 4462 2833 4541 λόγος,
2866 4464 2954 4519 καὶ
2986 4464 3171 4528 πιστὸς
3202 4464 3230 4518 ὃ
3290 4462 3788 4542 ἐπαγγειλάμενος,

410 4550 674 4652 linquam
698 4554 752 4652 7,
786 4554 859 4652 ab
913 4575 982 4652 eo
1015 4556 1244 4652 dictum
1267 4647 1280 4652 _
1303 4565 1393 4619 est
1424 4574 1439 4619 :
1488 4556 1684 4618 ﬁdelis
1713 4568 1910 4619 autem
1964 4578 2002 4620 e;

2201 4553 2316 4619 ἱτως
2361 4556 2408 4610 οἱ
2466 4550 2834 4632 παρακαλέσαι
2893 4551 3276 4633 προσελθόντες
3312 4553 3424 4613 ίτὸν
3480 4551 3655 4631 ἅγιον,
3687 4553 3793 4609 αὖ·

410 4641 512 4721 qui
559 4643 856 4723 promisit.
911 4647 1010 4708 Sic
1062 4647 1127 4721 ii,
1178 4647 1284 4725 qui
1334 4656 1620 4715 venerant
1653 4648 1724 4709 ad
1776 4657 2002 4711 sanctut

2198 4647 2218 4702 ηὶ
2290 4642 2497 4722 μᾶλλον
2539 4642 2631 4700 ὑπ’
2698 4643 2902 4701 ἱκείνου
2954 4640 3385 4721 παρακληθέντες
3443 4641 3790 4719 ἐπέμποντο.

410 4732 869 4810 consolandum,
926 4735 1040 4816 ipsi
1089 4745 1229 4799 sunt
1285 4737 1486 4818 potius
1540 4737 1616 4800 ab
1652 4736 1758 4800 illo
1821 4738 2053 4801 dimissi

406 4830 650 4901 accepta
678 4824 1105 4887 consolatione.

472 4908 782 4976 LVII.Non
802 4913 1051 4975 multum
1088 4917 1372 4996 temporis
1403 4916 1793 4997 praeterierat,
1816 4925 1875 4979 et
1895 4916 2054 4980 Deus

2215 4905 2343 4978 NZ'.
2392 4913 2467 4975 Οὒ
2511 4912 2677 4979 πολδς
2734 4911 2973 4992 παρῆλθε
3031 4910 3251 4994 χρόνος,
3289 4913 3379 4970 καὶ
3437 4912 3467 4969 ὁ
3512 4911 3641 4977 Θεὸς
3696 4911 3786 4971 δι-

408 5018 559 5089 novo
581 4999 733 5065 Jobo
752 5002 1017 5083 duplicat
1043 5003 1629 5089 facultates,eratque
1652 5008 1711 5069 in
1731 5026 1953 5087 egenos
1974 5007 2000 5068 li

2196 5006 2421 5078 ιασιάζει
2478 5012 2570 5063 τοῦ
2600 5026 2719 5064 νεου
2762 5000 2886 5061 Ἰὼϐ
2933 5004 2998 5060 τὰ
3053 5002 3390 5083 ὑπάρχοντα,
3423 5004 3511 5060 καὶ
3540 5003 3608 5073 ἧν
3650 5006 3788 5084 πρὸς

407 5088 671 5157 beralior
703 5103 762 5156 et
787 5094 1233 5156 muniﬁcentior
1264 5114 1436 5178 quam
1473 5088 1785 5178 prius;non
1818 5098 1877 5159 in
1909 5116 1999 5177 egi

2194 5099 2260 5163 ὡς
2319 5095 2602 5174 δεομένους
2664 5093 3173 5173 μεγαλοψυχότερός
3217 5113 3275 5149 τε
3331 5093 3419 5150 καὶ
3476 5092 3786 5172 πολυαρκέ-

406 5198 517 5242 nos
544 5182 734 5243 solum
768 5181 1217 5260 abundantiam,
1249 5186 1356 5247 sed
1389 5187 1447 5248 in
1480 5206 1584 5248 eos
1605 5188 1803 5263 etiam,
1838 5187 1998 5269 quib:

2197 5210 2322 5267 τερος
2367 5187 2403 5256 ἢ
2433 5189 2494 5243 τὸ
2538 5186 2817 5265 πρότερον,
2850 5184 2911 5239 οὐ
2940 5184 3073 5269 πρὸς
3119 5183 3243 5246 τοὺς
3286 5180 3486 5249 ὶνδεετς
3515 5185 3679 5260 μόνον
3722 5189 3789 5243 τὸ

404 5268 588 5332 ﬁebat
620 5272 862 5352 injuria,
895 5274 1219 5336 ostendens
1253 5268 1873 5339 commiserationem;
1904 5277 1996 5340 Cu]

2196 5277 2379 5354 ,ψιλὲς,
2414 5274 2552 5331 ἀλλὰ
2581 5274 2667 5331 καὶ
2717 5274 2846 5351 πρὸς
2877 5273 3000 5336 τοὺς
3057 5268 3497 5348 διακονουμένους
3528 5273 3591 5329 τὸ
3638 5294 3788 5349 συμ-

402 5361 564 5423 enim
588 5362 698 5424 iret
720 5363 1041 5445 aliquando
1062 5364 1135 5426 ad
1171 5365 1409 5429 divinos
1437 5377 1722 5449 martyres
1752 5368 1967 5449 Cyrum

2196 5367 2299 5433 ιθὲς
2360 5363 2781 5441 ἐνδεικνύμενος.
2849 5362 3090 5421 Ἀπιόντι
3148 5360 3250 5442 γὰρ
3293 5383 3423 5419 ποτε
3480 5363 3611 5441 πρός
3658 5364 3788 5430 τοὺς

400 5452 693 5515 Joannem
750 5466 1121 5533 precaturus,
1172 5457 1423 5518 accessit
1471 5457 1546 5520 ad
1590 5476 1726 5520 eum
1781 5458 1989 5539 quaada

2197 5458 2303 5522 ίοος
2378 5457 2641 5537 μάρτυρας
2695 5460 2861 5534 Κῦρον
2903 5453 2992 5508 καὶ
3043 5451 3303 5520 Ἰωάννην
3377 5452 3789 5532 προσευξομένῳ

401 5543 1024 5622 paupercula,dicens
1055 5564 1121 5608 se
1143 5545 1326 5609 fuisse
1351 5566 1386 5611 a
1405 5566 1626 5628 genero
1653 5550 1814 5628 gravi
1834 5549 1892 5610 in
1894 5550 1993 5629 jur

2194 5550 2271 5620 »νή
2330 5569 2413 5613 τις
2456 5545 2691 5625 πενιχρὰ
2748 5542 3016 5622 προσῆλθε
3073 5544 3231 5623 βαρὺν
3287 5545 3424 5620 αὐτῇ
3479 5544 3615 5621 πρὸς
3658 5541 3786 5602 ἄδι-

484 5703 515 5755 7
543 5700 729 5771 Hebr.
762 5720 890 5789 xm,
926 5708 997 5770 3t
1037 5724 1054 5786 ;
1084 5708 1209 5771 los.
1241 5724 1286 5786 ι,
1314 5709 1377 5773 ὅ.
