4032 6202
290 281 410 348 945

1304 281 1493 346 VITA
1538 282 1600 345 S.
1643 279 1968 346 JOANNIS
2008 277 2657 344 ELEEMOSYNARII.

3547 275 3667 342 946

290 419 410 478 κίαν
465 417 821 478 ἐπιτεθετσθαι
877 417 968 474 τὸν
1053 413 1294 496 γαμϐρὸν
1371 414 1630 495 λέγουσα,
1694 417 1785 473 καὶ
1841 417 1942 486 τῆς

2041 416 2394 487 tﬂ‘ectam,et
2412 433 2478 477 se
2495 414 2626 495 ejus
2646 412 2919 493 indigere
2938 411 3179 476 auxilio.
3205 413 3352 477 Cum
3373 411 3415 474 ii
3433 419 3663 490 autem,

291 508 421 588 παρ’
477 510 636 568 αὑτοῦ
691 506 894 566 δεῖσθαι
950 505 1224 583 βοηθείας.
1276 512 1393 566 Τῶν
1425 504 1514 563 οὖν
1545 503 1942 564 συνοδευόντων

292 600 435 674 αὖτῷ
503 598 557 654 ἐν
617 602 694 671 τῷ
766 597 1114 676 ὑποστρέφειν
1177 593 1647 672 συμϐουλευόντων
1706 595 1942 654 ἰπισκο-

295 695 468 757 πῆσαι
511 689 578 746 τὰ
632 687 752 745 κατ’
821 689 998 759 αὐτὸν,
1067 689 1094 743 ὁ
1153 686 1443 760 συμπαθὴς
1495 685 1591 741 οὐκ
1647 682 1940 766 ἠνέσχετο,

295 778 531 835 ἐπειπών
569 793 583 809 ⁹
615 775 783 835 ἈΛλᾶ
809 783 923 842 πῶς
952 778 980 832 δ
1015 776 1144 839 Θεὸς
1175 781 1244 852 τῇ
1293 777 1404 851 εμῆ
1450 781 1736 854 προσευχῇ
1766 795 1942 850 προσ-

295 867 421 942 έξει,
453 866 610 942 εἴπερ
639 865 749 944 ἐγὼ
790 867 890 933 τὴν
941 864 1106 932 αὖτῆς
1158 863 1470 942 ὕπέρθωμαι
1503 862 1680 930 δέησιν
1713 883 1729 938 ;
1760 865 1847 930 Τίς
1889 862 1944 920 δέ

294 979 386 1028 μοι
418 959 504 1013 καὶ
533 958 632 1024 τὴν
663 954 841 1032 αὔριον
891 955 1219 1032 ἱγγυήσαιτο
1269 959 1392 1029 ζῇν,
1449 953 1537 1009 καὶ
1567 953 1646 1027 μὴ
1679 955 1781 1031 πρὸ
1809 954 1942 1010 ταύ-

294 1052 394 1113 τῆς
427 1045 633 1121 μᾶλλον
664 1045 983 1102 ἀποθανόντι
1013 1041 1400 1121 ὰναπολόγητά
1456 1063 1548 1118 μοι
1606 1043 1672 1099 τὰ
1701 1045 1820 1118 περὶ
1847 1043 1944 1111 τῆς

296 1134 576 1204 δεηθείσης
610 1135 753 1192 εἶναι
786 1135 916 1212 πρὸς
961 1135 1054 1189 τὸν
1099 1133 1230 1189 Θεόν
1266 1151 1283 1208 ;
1345 1138 1525 1190 Ταῦτα
1557 1132 1745 1206 εἰπὼν,
1783 1131 1944 1191 οὖδα-

297 1233 417 1300 μῶς
472 1225 680 1292 ἀπέστη
736 1223 830 1280 τοῦ
887 1223 1079 1291 τόπου,
1131 1221 1233 1284 ἕως
1283 1221 1382 1288 τὴν
1443 1222 1818 1300 προσήκουσαν
1869 1228 1946 1295 τῷ

299 1315 487 1389 δικαίῳ
518 1316 683 1392 κρίσιν
717 1313 802 1370 ἰπὶ
822 1320 891 1389 τῇ
922 1310 1323 1390 γυναικὶιὲθετο.

381 1405 522 1468 NH'.
561 1403 740 1467 Οὕτως
785 1403 872 1460 οὖν
917 1405 945 1458 ὁ
1003 1408 1112 1458 τῶν
1143 1399 1409 1476 δεομένων
1443 1402 1516 1463 είς
1555 1399 1716 1480 ἄκρον
1745 1404 1944 1476 επιμε-

294 1495 576 1572 λούμενος,
609 1496 725 1574 περί
754 1515 899 1557 τινος
931 1491 1120 1556 παιδὸς
1171 1491 1402 1556 ἀκούσας
1457 1489 1642 1570 ἀνδρὸς
1704 1491 1944 1566 ἐλεήμο-

299 1609 412 1666 νος,
447 1587 518 1651 ὡς
549 1591 642 1642 τοῦ
676 1585 875 1664 πατρὸς
937 1585 1080 1656 αὖτῷ
1129 1581 1576 1653 τελευτήσαντος,
1609 1579 1786 1649 πολλὴ
1818 1588 1946 1638 τοῦ·-

297 1699 390 1732 τον
432 1689 697 1754 κατεῖχεν
742 1671 912 1731 ἔνδεια
941 1671 1026 1728 διὰ
1057 1673 1116 1728 τὸ
1148 1674 1240 1728 τὸν
1273 1674 1433 1730 αὗτοῦ
1465 1669 1666 1748 πατέρα
1700 1671 1946 1741 πενήτων

2026 506 2126 588 qui
2145 513 2314 569 erant
2335 507 2464 586 ejus
2483 505 2590 568 viae
2609 501 3276 577 comites,consulerent
3295 510 3360 564 ut
3388 500 3529 564 dum
3561 520 3662 564 re-

2025 595 2206 669 diret,
2238 595 2454 658 viseret
2485 603 2546 657 et
2581 593 3016 668 consideraret,
3049 611 3182 674 quae
3208 591 3280 654 ad
3313 609 3442 654 eam
3476 591 3669 673 perti-

2026 686 2543 761 nent;misericors
2564 684 2664 746 ille
2688 702 2805 745 non
2825 683 3128 756 sustinuit,
3145 682 3496 745 dicens:Sed
3521 701 3666 764 quo-

2030 776 2209 837 modo
2250 775 2407 838 Deus
2435 774 2700 837 attendet
2749 791 2911 836 meas
2949 790 3181 853 preces,
3215 772 3265 834 si
3310 789 3420 852 ego
3455 772 3670 836 differo

2026 865 2156 945 ejus
2186 865 2717 947 supplicationem?
2744 863 2886 937 Quis
2907 870 3105 926 autem
3130 863 3511 943 fidejusserit,
3539 861 3671 925 fore

2027 964 2091 1016 ut
2113 961 2298 1016 vivam
2331 973 2522 1035 usque
2543 953 2604 1015 in
2637 954 2793 1015 diem
2825 952 3176 1025 crastinum,
3211 962 3268 1014 et
3299 952 3500 1019 non.si
3530 960 3670 1014 ante

2027 1063 2157 1106 eam
2205 1045 2448 1119 moriar,
2484 1045 2746 1105 futurum
2797 1061 2891 1105 me
2929 1041 3084 1124 apud
3115 1041 3303 1104 Deum
3351 1042 3672 1103 inexcusa-

2031 1132 2212 1196 bilem
2241 1141 2485 1215 propter
2513 1135 2644 1214 ejus
2675 1132 3205 1214 supplicationem?
3233 1129 3374 1195 Haec
3405 1151 3537 1194 cum
3570 1130 3669 1192 di-

2029 1223 2238 1300 xisset,
2302 1221 2550 1284 minime
2596 1220 2913 1286 recessita
2964 1219 3118 1298 loco,
3180 1221 3374 1284 donec
3433 1219 3672 1284 mulieri

2021 1313 2248 1393 justum
2283 1311 2646 1375 reddidisset
2667 1310 2987 1392 judicium.

2082 1399 2398 1465 LVIII.Hic
2417 1401 2689 1482 ergo,qui
2713 1419 3008 1463 summam
3030 1419 3236 1465 curam
3257 1402 3500 1483 gerebat
3518 1401 3676 1464 indi-

2029 1493 2321 1570 gentium,
2341 1509 2477 1554 cum
2501 1489 2825 1553 audivisset
2855 1490 2930 1552 de
2955 1491 3073 1553 ﬁlio
3095 1491 3206 1554 viri
3238 1491 3668 1570 misericordis,

2029 1581 2185 1663 quod
2206 1599 2342 1642 cum
2375 1588 2542 1662 pater
2557 1581 2688 1660 ejus
2717 1580 3094 1656 decessisset,
3119 1581 3170 1644 is
3205 1601 3415 1661 magna
3443 1582 3674 1646 labora-

2029 1679 2122 1733 ret
2145 1670 2696 1752 inopia,propterea
2715 1670 2874 1752 quod
2895 1681 3062 1751 pater
3092 1673 3222 1752 ejus
3236 1673 3527 1756 quidquid
3559 1675 3669 1737 ha-

299 1765 504 1841 μᾶλλον
549 1765 792 1843 γενέσθαι
853 1761 1079 1838 πατέρα,
1126 1763 1216 1818 καὶ
1258 1763 1389 1834 πρὸς
1443 1759 1633 1824 αὐτοὺς
1664 1767 1769 1817 πᾶν
1821 1761 1854 1817 ὅ
1895 1783 1946 1816 τι

2041 1760 2232 1836 bebat,
2270 1760 2544 1823 lubenter
2586 1761 3060 1841 consumpsisset
3101 1761 3163 1824 in
3197 1781 3493 1844 pauperes
3532 1783 3673 1828 eum

301 1855 580 1928 ἐκέκτητο,
628 1852 797 1922 ἡδέως
860 1850 1250 1930 ἐκδαπανῆσαι,
1285 1851 1469 1908 τοῦτον
1501 1848 1556 1906 δὲ
1588 1857 1657 1927 τῇ
1702 1849 1951 1922 Θεοτόκῳ

300 1944 578 2023 ἒπιτρίψαι
625 1943 766 2020 μόνῃ
813 1942 1006 2019 Μαρίᾳ,
1068 1941 1131 2008 ἧς
1190 1941 1278 1996 καὶ
1330 1945 1408 2012 τῷ
1465 1942 1574 2013 ’.ναῷ
1633 1938 1794 1996 νύκτα
1852 1938 1948 1996 καί

303 2032 421 2110 μεθ’
474 2033 679 2111 ἡμέραν
711 2029 1035 2109 προσήδρευε
1069 2047 1084 2064 ⁶
1124 2025 1516 2104 μετακαλεῖταί
1565 2050 1682 2084 τινα
1727 2030 1948 2102 νομικὸν

303 2126 391 2182 καὶ
445 2125 753 2190 ὃποτίθησιν
798 2125 940 2195 αὒτῷ
972 2119 1107 2177 κατᾶ
1145 2121 1206 2176 τὸ
1265 2118 1520 2176 λανθάνον
1575 2117 1834 2188 διαθήκην
1891 2121 1947 2175 ἒν

303 2213 519 2288 παλαιῷ
577 2213 759 2292 χάρτῃ
845 2208 1072 2290 χαράξαι
1137 2206 1324 2284 ἀνδρός
1381 2230 1527 2272 τινος
1591 2209 1947 2284 Θεοπέμπτου

305 2305 500 2380 ὄνομα,
545 2301 700 2372 Ἐμὲ,
758 2301 1009 2379 εἰρηκὼς,
1058 2299 1146 2355 καὶ
1217 2299 1309 2354 τὸν
1354 2296 1560 2374 πατέρα
1606 2304 1700 2355 τοῦ
1757 2295 1945 2362 παιδὸς

305 2395 552 2472 γνησίους
587 2392 772 2448 τούτου
822 2390 1069 2464 ἀνεψιοὺς
1119 2387 1499 2466 ἐμφαίνουσαι),
1559 2384 1830 2452 ὑποδεῖξαι
1889 2385 1945 2443 δὲ

297 2492 375 2558 τῷ
421 2481 568 2539 παιδὶ
614 2483 675 2538 τὰ
725 2486 823 2548 τῆς
869 2479 1128 2548 διαθήκης
1177 2477 1404 2533 ίσότυπα
1437 2492 1450 2506 ⁸
1487 2475 1625 2532 ὥστε
1657 2475 1942 2555 πεπληρο-

297 2572 599 2650 φορημένον
659 2570 721 2626 τα
760 2570 898 2649 ,περὶ
964 2573 1064 2634 τῆς
1117 2565 1248 2645 πρός
1299 2586 1366 2638 με
1430 2564 1736 2642 συγγενείας
1770 2563 1938 2639 μηδὲν

298 2660 641 2732 δπεστᾶλθαι,
701 2658 841 2716 ἀλλὰ
894 2659 1024 2734 πρὸς
1097 2656 1195 2722 τὴν
1254 2654 1392 2728 ἐμὴν
1453 2653 1785 2732 θαρρούντως
1831 2655 1938 2735 ἀφ-

304 2749 503 2806 ικέσθαι
546 2749 888 2809 ταπείνωσιν,
938 2745 1160 2820 Γέγονεν
1207 2745 1295 2801 οὖν
1339 2744 1404 2799 τὰ
1447 2743 1615 2799 πάντα
1693 2743 1828 2800 κατὰ
1877 2745 1940 2800 τὸ

304 2843 447 2914 αὖτῷ
492 2837 670 2912 δόξαν,
698 2839 786 2894 καὶ
817 2838 982 2918 φοιτᾷ
1013 2837 1104 2891 σὺν
1139 2839 1215 2906 τῷ
1245 2832 1348 2907 νέῳ
1378 2834 1508 2911 πρὸς
1542 2833 1632 2888 τὸν
1678 2833 1942 2911 πατριάρ-

302 2953 415 3009 χην
476 2932 503 2986 ὁ
565 2930 809 3002 νομικὸς,
865 2929 900 2994 ἡ
959 2925 1227 3004 ἔγγραφος
1290 2923 1632 3002 ἐμφανίζεται
1690 2921 1945 2997 διαθήκη,

302 3019 564 3096 ὁμολογεῖ
619 3019 720 3083 τὴν
768 3015 1076 3094 συγγένειαν
1120 3012 1372 3090 ὁμέγας,
1409 3011 1812 3084 κατασπάζεται
1857 3015 1951 3069 τὸν

2032 1864 2223 1912 autem
2256 1853 2364 1911 soli
2398 1854 2497 1911 Dei
2542 1856 2767 1924 parenti
2789 1854 3247 1912 commendasset
3278 1857 3481 1921 Maria).
3507 1860 3678 1932 cujus

2035 1939 2258 2019 templo
2281 1938 2584 2001 assidebat
2604 1948 2786 2002 noctu
2811 1946 2869 2000 et
2890 1938 3178 2022 interdiu;
3195 1943 3447 2004 accersit
3467 1962 3676 2024 quem-

2034 2029 2168 2090 dam
2199 2029 2630 2108 jurisperitum,
2657 2038 2714 2090 et
2741 2029 3076 2092 clanculum
3103 2030 3370 2110 jubet,ut
3404 2034 3462 2092 in
3487 2035 3675 2097 veteri

2033 2118 2236 2180 charta
2263 2118 2604 2181 conscribat
2635 2127 3052 2181 testamentum
3073 2121 3384 2200 cujusdam
3413 2121 3679 2198 viri,uo-

2035 2209 2196 2269 mine
2226 2207 2642 2295 Theopempti,
2671 2209 2882 2270 dicens
2911 2209 2971 2270 id
2993 2210 3340 2286 ostendere,
3365 2211 3458 2274 Me
3488 2224 3546 2275 et
3570 2233 3680 2295 pa-

2034 2305 2182 2357 trem
2218 2296 2399 2375 hujus
2430 2293 2605 2375 pu'eri
2635 2315 2769 2359 esse
2801 2314 2972 2360 veros
3021 2308 3079 2360 et
3107 2318 3427 2380 germanos
3459 2293 3678 2366 conso-

2031 2384 2328 2447 brinoszet
2352 2385 2630 2448 ostendat
2659 2403 2842 2467 puero
2870 2388 3211 2468 exemplum
3240 2393 3680 2467 testamenti,ut

2029 2474 2252 2537 certior
2272 2475 2459 2536 factus
2479 2475 2553 2537 de
2577 2493 2670 2552 ea,
2693 2495 2826 2558 quae
2848 2475 2932 2537 illi
2957 2495 3192 2540 mecum
3228 2478 3682 2556 intercedit,co-

2025 2563 2493 2647 gnatione,nibil
2523 2566 2943 2641 formidet,sed
2967 2567 3255 2631 audacter
3272 2570 3345 2632 ad
3372 2589 3564 2634 meam
3591 2591 3685 2650 ve,

2027 2662 2148 2719 niat
2197 2656 2625 2720 humilitatem.
2659 2655 2835 2719 Facta
2883 2674 3024 2719 sunt
3053 2671 3256 2721 autem
3291 2661 3678 2744 omnia,sicu¢

2024 2747 2081 2810 ei
2114 2746 2300 2807 visum
2331 2745 2550 2822 fuerat,
2591 2755 2650 2809 et
2677 2765 2813 2809 cum
2845 2746 3231 2812 adolescente
3265 2751 3422 2812 venit
3449 2753 3524 2814 ad
3557 2771 3684 2834 ps-

2029 2836 2348 2898 triarcham
2374 2834 3094 2919 jurisperitus.Scriptum
3126 2839 3469 2903 ostenditur
3493 2849 3676 2906 testa-

2037 2933 2330 2990 mentum.
2388 2925 2718 2989 Conﬁtetur
2775 2944 3029 3006 magnus
3076 2927 3177 2990 ille
3235 2932 3682 3010 cognationem,

2036 3016 2420 3096 amplectitur
2439 3015 2884 3080 adolescentem
2919 3025 3197 3099 tanquam
3231 3022 3503 3096 germani
3533 3040 3684 3086 con-

304 3112 444 3184 νέον,
478 3110 569 3166 ἅτε
601 3109 822 3184 ἀνεψιοῦ
857 3105 1070 3184 γ·.ησίου
1124 3105 1233 3164 υἱὸν
1264 3101 1662 3182 γνησιώτατον,
1698 3101 1954 3181 δωρεῖται,

2041 3104 2270 3168 sobrini
2319 3106 2504 3168 ﬁlium
2555 3106 3106 3186 germanissimum,
3139 3107 3240 3170 dat
3268 3109 3324 3172 ei
3373 3112 3686 3190 pecunias,

306 3201 478 3272 τούτῳ
522 3200 810 3279 χρήματα,
855 3197 1132 3269 κτήματα,
1175 3195 1479 3270 περιουσίαν
1511 3188 1682 3258 ἄλλην
1718 3195 1950 3272 συχνὴν,

309 3289 562 3346 συνάπτει
623 3289 707 3343 καὶ
751 3287 958 3364 γυναικὶ
1004 3289 1109 3340 τῶν
1162 3288 1466 3360 περιφανῶν
1525 3282 1660 3338 κατα
1693 3279 1952 3346 Ἀλεξάν-

308 3377 488 3457 δρειαν
523 3393 538 3409 ⁸
633 3377 718 3432 καὶ
794 3373 1180 3438 ἀποκαθίστησι
1257 3370 1323 3426 δι’
1385 3371 1565 3448 ὀλίγου
1625 3370 1676 3435 ἐξ
1734 3370 1953 3450 αφανών

310 3489 604 3546 γνωριμον,
669 3465 722 3530 ἒξ
777 3462 974 3529 ἀδόξων
1031 3459 1262 3534 ἔνδοξον,
1317 3460 1534 3536 εὔπορον
1600 3458 1652 3525 ἕξ
1710 3459 1948 3539 ἀπόρων,

312 3555 596 3624 ὴποδεϊξαι
631 3551 931 3615 σπουδάσας
989 3551 1351 3618 ἀληθέστατον
1410 3553 1552 3604 εἶναι
1585 3549 1646 3605 τὸ
1673 3549 1954 3607 θεσπέσιον

312 3647 490 3704 ἆκεῐνο
519 3644 687 3723 ρἧα,
721 3645 800 3720 μὴ
832 3640 990 3721 ἰδεῖν,
1041 3641 1222 3718 λέγον,
1284 3637 1488 3696 δίκαιον
1519 3637 1952 3716 ἐγκαταλελειμ-

311 3736 496 3812 μένον,
529 3733 667 3811 μηδὲ⁹
701 3736 759 3790 τὸ
791 3733 1004 3810 σπέρμα
1037 3730 1195 3786 αὒτου
1226 3734 1422 3800 ζητοῦν
1455 3727 1671 3808 ἄρτους.

2042 3195 2634 3276 possessiones,alias
2653 3197 2866 3257 multas
2883 3197 3530 3281 facultates,conjungit
3551 3219 3686 3264 eum

2041 3285 2423 3348 matrimonio
2457 3285 2690 3347 cuidam
2725 3286 2944 3349 illustri
2973 3284 3212 3350 femina;
3242 3288 3684 3369 Alexandrinae,

2042 3383 2100 3438 et
2133 3375 2298 3437 brevi
2330 3393 2465 3436 eum
2493 3375 2695 3438 reddit
2727 3394 2798 3437 ex
2825 3375 3079 3438 obscuro
3114 3376 3482 3457 nobilem,ex
3515 3380 3692 3462 abje-

2040 3476 2132 3525 cto
2180 3465 2498 3544 insignem,
2534 3483 2601 3526 ex
2661 3483 2924 3546 paupere
2951 3465 3198 3529 divitem
3235 3485 3250 3531 :
3308 3471 3557 3533 studens
3588 3489 3693 3535 os—

2043 3555 2288 3616 tendere
2339 3573 2470 3616 esse
2504 3553 2882 3618 verissimum
2909 3555 3181 3618 divinum
3233 3557 3379 3621 illud
3412 3560 3684 3639 verbum,

2042 3644 2196 3724 quod
2224 3643 2370 3706 dicit
2397 3662 2465 3706 se
2496 3662 2614 3705 non
2643 3643 2863 3706 vidisse
2885 3645 3119 3725 justum
3157 3646 3537 3726 derelictum,
3575 3669 3693 3714 ne—

2043 3751 2156 3814 que
2187 3751 2393 3796 semen
2425 3734 2558 3813 ejus
2590 3751 2865 3814 quaerens
2897 3751 3140 3814 panem.

1811 3886 2060 3957 CAPUT
2131 3892 2202 3956 Χ.

1489 4049 1770 4113 Historia
1811 4050 1882 4116 S.
1950 4053 2170 4119 Vitalis
2223 4057 2533 4119 monachi.

404 4217 541 4279 xe'.
577 4217 798 4293 ’Έτερος
846 4215 901 4272 δέ
958 4237 1037 4281 τις
1093 4217 1198 4272 τῶν
1229 4211 1519 4292 γερόντων,
1557 4211 1689 4291 ἀνὴρ
1718 4216 1954 4295 μοναχδς

2116 4219 2252 4276 LIX.
2277 4217 2444 4278 Alius
2466 4229 2656 4278 autem
2678 4221 2909 4295 quidam
2936 4235 3113 4280 senex
3140 4225 3589 4299 monachus,qui
3611 4228 3704 4284 vt-

324 4311 414 4367 κιὶ
469 4307 584 4385 βίου
661 4304 826 4377 ἄκρου
893 4302 1313 4378 ἐπειλημμένος,
1398 4299 1647 4366 Βιτάλιος
1707 4301 1963 4380 τοῦνομα,

327 4398 602 4475 διάπειραν
656 4403 750 4452 τοῦ
799 4395 1034 4472 μεγάλου
1078 4392 1419 4470 ποιούμενος,
1451 4391 1495 4446 εί
1545 4392 1674 4468 πρὸς
1717 4405 1834 4458 τοῖς
1866 4393 1968 4449 ἄλ-

329 4488 443 4549 λοις
501 4491 586 4548 οἷς
641 4485 760 4564 ἔχει
804 4483 997 4545 καλοῖς
1052 4480 1169 4540 οὗδὲ
1214 4479 1430 4540 εὔκολός
1463 4479 1576 4536 ἐστι
1623 4495 1969 4561 κατακρτναι,

330 4585 399 4655 τῇ
430 4583 523 4633 τοῦ
555 4583 802 4654 μοναχου
848 4571 1135 4650 Σερίδωνος
1189 4569 1547 4655 ἔφῃσυχάζων
1593 4575 1754 4646 μονῇ,
1803 4594 1974 4629 κατα..

332 4646 593 4738 λαμϐάνει
787 4646 1405 4738 ἈλεξάνδρειανξἝνθα
1437 4657 1504 4726 δὴ
1535 4661 1772 4737 γεγονὼς
1813 4661 1976 4718 πολι-

334 4755 478 4812 τείαν
531 4753 764 4830 μέτεισι,
813 4754 944 4830 πρὸς
1005 4751 1103 4827 μὲν
1159 4749 1465 4827 ἀνθρώπους
1518 4750 1608 4804 καὶ
1651 4747 1769 4805 λίαν
1799 4748 1977 4807 εὔδιά-

336 4843 559 4923 ϐλητον,
622 4845 712 4900 καὶ
759 4839 1025 4898 σκάνδαλα
1058 4852 1177 4904 τοῖς
1209 4837 1434 4902 πολλοῖς
1467 4835 1698 4894 πλεῖστα
1728 4841 1976 4915 ἐμποιεῖν

338 4933 658 5010 δυναμένην,
720 4932 851 5008 πρὸς
887 4933 1018 4988 Θεὸν
1071 4928 1125 4986 δὲ
1169 4929 1259 4984 καὶ
1303 4925 1503 5006 σφόδρα
1550 4929 1974 5008 κεχαρισμένην.

341 5022 603 5083 Εἰσελθὼν
647 5023 747 5100 γὰρ
775 5023 873 5088 τὴν
921 5018 1078 5076 πόλιν
1108 5019 1136 5074 ὃ
1178 5016 1372 5094 γέρων,
1406 5015 1693 5082 ἑξηκοστὸν
1725 5016 1832 5086 ἠδη
1865 5018 1979 5085 ἔτος

335 5111 746 5191 ὑπερϐεϐηκὼς,
779 5110 934 5190 ἔργον
965 5107 1084 5188 [ἦν]
1129 5107 1274 5187 ’έχωδ
1320 5103 1578 5180 ἐπιμελὲς
1624 5107 1719 5168 τὰς
1779 5109 1832 5164 ἐν
1861 5123 1979 5174 τοῖς

338 5203 754 5284 χαμαιτυπείοις
786 5200 959 5263 πάσας
990 5197 1390 5275 ἀπογράφεσθαι
1442 5194 1667 5272 πόρνας.
1702 5195 1980 5278 ”Αρχεται

339 5282 394 5348 δέ
451 5294 539 5348 καὶ
597 5290 784 5353 μισθοῦ
870 5287 1132 5345 δουλεύειν
1209 5283 1555 5362 ὁμολογήσεις
1615 5282 1819 5344 δώδεκα
1885 5289 1982 5356 τῆς

342 5384 546 5459 ἠμέρας
578 5379 796 5442 ὀὸο).οὺς
854 5376 1146 5454 λαμϐάνειν
1181 5392 1196 5408 ⁸
1249 5379 1324 5432 ὧν
1357 5379 1448 5430 τοῦ
1477 5373 1575 5448 μὲν
1610 5375 1727 5440 ἐνὸς
1758 5376 1982 5455 θέρμους

344 5473 670 5548 ὠνούμενος,
701 5471 919 5531 τούτους
977 5469 1114 5543 μετὰ
1167 5464 1365 5540 δυσμὰς
1395 5463 1656 5539 ἐσιτεῖτο,
1705 5467 1829 5530 τοὺς
1860 5466 1982 5525 λοι-

423 5631 460 5684 8
480 5629 636 5695 Psal.
670 5644 872 5707 xxx",
900 5627 1004 5693 25.

2050 4312 2167 4366 tam
2189 4305 2402 4384 agebat
2424 4305 3492 4388 perfectam,nomineVitalis,volens
3510 4312 3705 4391 magni

2052 4391 2300 4456 Joannis
2321 4396 2520 4458 facere
2547 4398 3056 4478 periculum,num
3079 4405 3296 4478 praeter
3317 4399 3592 4483 alia,quae
3607 4402 3708 4463 ha-

2059 4483 2238 4547 bebat
2259 4485 2523 4557 bona,ne
2548 4487 2965 4568 essetquidem
2991 4487 3183 4549 facilis
3212 4488 3282 4549 ad
3308 4490 3709 4554 condemnan-

2061 4574 2374 4650 dum,cum
2397 4577 2664 4656 quietem
2698 4585 2755 4638 et
2771 4575 3072 4639 silentium
3096 4579 3377 4658 ageretin
3411 4591 3708 4644 monaste-

2059 4670 2148 4726 rio
2177 4671 2367 4738 magni
2389 4669 2873 4737 Seridonis,venit
2892 4670 3446 4738 Alexandriamﬂuo
3467 4689 3598 4732 cum
3619 4690 3711 4734 ve-

2059 4756 2260 4818 nisset,
2283 4765 2514 4813 exercet
2539 4757 2668 4813 vim
2689 4771 2895 4828 genus.
2918 4756 3074 4829 quod
3095 4759 3247 4829 apud
3279 4758 3546 4817 homines
3568 4761 3708 4832 qui-

2059 4840 2187 4896 dem
2203 4847 2285 4895 est
2305 4839 2465 4896 valde
2489 4841 2835 4910 probrosum
2859 4841 3248 4900 etobnoxlum
3271 4845 3709 4917 vituperationi,

2061 4934 2117 4982 et
2137 4925 2291 4996 quod
2314 4927 2510 4982 multis
2531 4925 2739 4984 aﬂerre
2762 4935 2948 4997 potest
2963 4926 3493 4997 oti‘ensionem;Deo
3515 4939 3711 4988 autem

2064 5017 2192 5071 erat
2214 5007 2384 5071 valde
2405 5012 2985 5090 gratum.lngressus
2997 5011 3159 5072 enim
3181 5011 3475 5074 civitatem
3499 5030 3710 5094 senex,

2060 5104 2183 5184 jam
2209 5102 2512 5182 sexaginta
2535 5123 2727 5166 annos
2751 5115 2927 5167 natus
2951 5113 3008 5166 et
3036 5106 3311 5186 amplius,
3349 5123 3520 5166 suum
3555 5104 3615 5166 in
3649 5105 3713 5167 id

2069 5196 2410 5259 conferebat
2439 5196 2726 5278 studium,
2762 5205 2824 5258 ut
2855 5197 3222 5260 describeret
3251 5214 3460 5258 omnes
3507 5215 3710 5261 mere-

2068 5296 2410 5369 trices,quaa
2435 5299 2607 5352 erant
2632 5289 2694 5352 in
2723 5289 3091 5372 prostibulis.
3113 5292 3296 5352 Porro
3326 5298 3520 5352 autem
3555 5290 3714 5354 inci-

2068 5380 2152 5460 pit
2179 5379 2358 5442 etiam
2385 5380 2611 5442 servire
2640 5379 2944 5455 mercede,
2979 5388 3148 5460 pacto
3178 5377 3371 5451 initio,
3406 5398 3472 5443 se
3501 5382 3714 5458 quoti-

2065 5467 2164 5531 die
2185 5469 2503 5533 dnodecim
2525 5467 2736 5532 obolos
2763 5475 3436 5553 accepturum,quorum
3464 5488 3584 5534 uno
3615 5471 3712 5535 lu-
