4098 6202
404 281 522 355 947
1246 264 1247 267 ‘
1690 283 1970 352 MENSIS
2022 264 2474 351 JANU'ARIUS.
3653 288 3770 355 948

407 428 587 512 pinos
602 424 847 507 quidem
874 441 1099 504 emens,
1125 444 1225 490 eos
1246 425 1598 490 comedebat
1620 435 1751 507 post
1775 442 2050 489 occasum

2145 420 2271 485 πηῦς
2312 420 2365 479 δὲ
2410 424 2544 482 κατὰ
2583 423 2709 499 μίαν
2765 426 2871 482 τῶν
2928 424 3130 481 νυκτῶν
3176 425 3253 488 εἷς
3282 423 3406 499 μίαν
3436 429 3543 479 τῶν
3574 431 3783 502 πορνῶν

412 518 601 601 solis;
638 516 905 598 reliquos
925 527 1116 579 autem
1151 535 1266 580 una
1296 524 1473 580 nocte
1496 517 1697 590 dabat,
1728 516 1953 579 vadens
1980 516 2053 577 ad

2144 517 2497 590 πορευόμενος
2548 512 2735 588 ἐδίδου,
2789 513 2931 571 Λάϐε
2980 516 3150 589 ταυτὶ,
3184 511 3379 591 λέγων,
3425 513 3512 570 καὶ
3545 515 3785 593 τήρησόν

411 624 592 672 unam
654 624 723 671 ex
772 606 1213 681 meretricibus,
1247 606 1492 669 dicens:
1546 604 1687 671 Haec
1735 606 1965 689 accipe,
2001 613 2059 667 et

414 714 700 765 conserva
729 704 786 758 te
815 695 961 758 mihi
991 695 1103 758 hac
1133 704 1307 758 nocte
1341 695 1728 776 impollutam.

494 784 614 851 LX.
649 783 815 858 Quod
841 803 975 847 cum
1011 784 1255 857 faceret,
1280 784 1472 848 stabat
1497 794 1613 848 tota
1646 792 1820 848 nocte
1848 785 1908 847 in
1943 803 2054 848 an-

411 876 551 955 gulo
572 871 897 939 habitaculi
926 873 1090 937 illius
1112 873 1559 957 mulieris,genu
1588 875 1928 956 ﬂectens,“
1947 874 2059 936 lin-

416 981 586 1041 guam
609 966 850 1041 psalmis
872 981 1149 1025 exercens
1181 967 1423 1035 assidue,
1455 978 1508 1026 et
1531 967 1820 1040 supplices
1853 981 2059 1025 manus

412 1070 521 1136 pro
546 1071 615 1115 ea
636 1053 706 1116 ad
731 1055 920 1117 Deum
946 1053 1220 1116 tendens.
1246 1054 1424 1116 Mane
1443 1065 1639 1116 autem
1665 1053 1892 1131 exiens,
1923 1071 2052 1114 eam

410 1140 684 1223 adigebat
697 1143 1121 1225 jurejurando,
1150 1161 1218 1205 se
1238 1144 1463 1207 nemini
1493 1143 1551 1205 id
1586 1161 1721 1205 esse
1747 1142 2048 1205 iudicatu-

410 1232 765 1299 rum.Unam
787 1233 987 1315 itaque
1011 1233 1199 1308 exiis,
1225 1252 1357 1314 qua:
1389 1252 1530 1296 ausa
1552 1232 1742 1295 fuerat
1773 1240 2049 1295 contem-

414 1322 544 1406 ptui
589 1322 814 1386 habere
835 1323 1254 1404 jusjurandum
1288 1331 1349 1387 et
1377 1323 1615 1405 aperire
1644 1340 1883 1403 arcana,
1915 1320 2054 1384 facit

413 1430 597 1476 senex
616 1411 896 1495 precibus
927 1412 1218 1493 possideri
1240 1430 1275 1475 a
1304 1413 1599 1493 daemone,
1624 1412 1774 1475 adeo
1805 1410 2054 1474 utnulla

2141 625 2233 677 μοι
2265 609 2332 680 τῇ
2364 604 2510 661 νυκτὶ
2542 604 2663 679 τῇδε
2691 604 2919 672 σεαυτὴν
2954 603 3272 681 ἆμόλυντον,

2422 688 2431 707 I‘

2220 781 2314 846 Ξ’.
2364 783 2464 842 Καὶ
2492 784 2632 841 οὕτω
2665 792 2826 842 ποιῶν
2857 783 3081 840 διετέλει
3128 782 3255 861 παρ’
3299 783 3432 850 ὅλην
3475 785 3574 850 τὴν
3624 784 3784 841 νύκτα

2138 873 2271 951 πρὸς
2314 876 2381 950 τῇ
2424 875 2588 951 γωνίᾳ
2631 884 2724 934 τοῦ
2776 874 3114 953 καταγωγίου
3166 879 3262 940 τῆς
3334 874 3583 951 γυναικὸς
3637 873 3779 929 ἐκεί-

2142 984 2235 1028 νης
2289 964 2595 1039 ἱστάμενος,
2655 965 2780 1041 γόνυ
2837 985 2892 1019 τε
2964 962 3179 1038 κλίνων,
3241 964 3328 1019 καὶ
3370 968 3468 1031 τὴν
3527 961 3782 1039 γλῶσσαν

2138 1048 2408 1109 ἄπαυστον
2455 1066 2576 1117 τοῖς
2613 1054 2855 1130 ψαλμοῖς
2899 1053 3219 1130 ἐπιτρέπων,
3274 1054 3362 1110 καὶ
3406 1066 3603 1133 χεῖρας
3662 1055 3782 1109 ἱκε-

2135 1140 2276 1205 σίους
2323 1141 2491 1216 α’θρων
2535 1144 2663 1222 ὑπὲρ
2709 1144 2874 1211 αῦτῆς
2906 1144 3036 1220 πρὸς
3088 1140 3218 1198 Θεόν
3252 1159 3267 1173 ·
3316 1141 3477 1199 ἕωθεν
3529 1140 3585 1196 δὲ
3627 1140 3782 1206 ἐξιὼν

2134 1228 2311 1308 ὅρκοις
2365 1232 2528 1300 αὐτὴν
2612 1229 2983 1307 κατελάμϐανε
3062 1228 3249 1305 μηδενὶ
3329 1238 3484 1288 τοῦτο
3556 1230 3782 1298 ποιῆσαι

2133 1320 2456 1398 καταφανές.
2531 1322 2664 1378 Μίαν
2735 1321 2901 1378 τοίνυν
2974 1321 3145 1377 αὐτῶν
3216 1320 3598 1398 περιφρονῆσαι
3660 1321 3781 1385 τοὺς

2138 1407 2325 1479 ὅρκου(
2381 1408 2730 1485 τολμήσασαν
2774 1412 2860 1468 καὶ
2922 1408 3057 1478 δῆλα
3115 1411 3181 1466 τὰ
3242 1410 3516 1488 ἆπόῥρητα
3572 1408 3774 1482 θέσθαι,

416 1501 709 1578 deinceps
727 1519 871 1565 ausa
896 1500 1073 1565 fuerit
1102 1502 1234 1582 ejus
1259 1502 1430 1564 vitam
1455 1500 1932 1580 enuntiare.Ipsc
1953 1520 2053 1561 au-

2137 1495 2344 1571 δαίμονι
2387 1500 2627 1580 κάτοχον
2672 1499 2755 1556 διὰ
2805 1499 3107 1580 προσευχῆς
3162 1502 3188 1556 ὁ
3242 1498 3412 1576 γέρων
3443 1512 3593 1555 ποιεῖ
3626 1514 3640 1529 ⁸
3702 1500 3777 1560 ὡς

416 1598 535 1655 tem
557 1591 763 1654 volens
785 1590 1046 1671 effugere
1074 1592 1319 1670 gloriam
1352 1610 1422 1654 ex
1450 1591 1814 1669 hominibus,
1836 1597 1894 1653 et
1924 1589 2053 1651 ani-

2138 1587 2332 1661 μηκέτι
2376 1594 2482 1644 τῶν
2527 1587 2701 1645 ἄλλων
2763 1586 3029 1663 μηδεμίαν
3095 1588 3366 1662 τολμῆσαι
3426 1588 3624 1668 ἔκφορα
3684 1590 3781 1643 τοῦ

414 1699 545 1743 mas
566 1680 826 1744 educere
846 1698 878 1742 a
901 1678 1429 1762 peccatis,quando
1460 1689 1589 1743 erat
1613 1679 1767 1760 apud
1792 1679 2052 1761 aliquem

2137 1673 2327 1734 λοιποῦ
2367 1678 2433 1733 τὰ
2491 1679 2625 1735 κατὰ
2666 1680 2758 1736 τὸν
2803 1677 2961 1735 αῦτοῦ
3015 1677 3128 1753 βίον
3173 1679 3395 1742 ποιῆσαι
3432 1696 3448 1713 ·

418 1773 851 1847 mercenarius,
888 1772 1194 1854 accipiens
1230 1772 1385 1854 quod
1418 1772 1616 1834 datum
1668 1770 1881 1845 fuerat,
1914 1788 2048 1832 com

2138 1762 2443 1846 δίαορεύγειν
2501 1769 2601 1834 τὴν
2656 1766 2709 1833 ἒξ
2767 1767 3058 1844 ἀνθρώπων
3102 1764 3256 1832 δόξαν
3304 1765 3653 1843 βουλόμενος,
3686 1769 3777 1822 καὶ

418 1871 579 1926 esset
626 1862 921 1937 abiturus,
958 1853 1219 1940 ﬁngebat
1250 1853 1405 1943 apud
1437 1881 1502 1924 se
1547 1862 1749 1924 dicere
1777 1858 2053 1923 omnibus

2137 1853 2318 1935 ψυχάς
2375 1855 2426 1922 ἑξ
2481 1857 2744 1933 ἁμαρτίας
2812 1855 3082 1934 μξάγειν],
3143 1858 3297 1923 ἡνίκα
3339 1858 3481 1932 παρᾶ
3525 1862 3601 1927 τῷ
3658 1861 3778 1929 Θεῷ

416 1952 849 2016 audientibus:
902 1952 1203 2015 Abeamus
1245 1953 1369 2034 jam
1422 1951 1629 2015 infelix
1673 1969 1874 2013 senex.
1926 1950 2053 2011 Scis

2137 1943 2494 2024 ὶμισθοφὸρει,
2527 1947 2588 2002 τὸ
2620 1944 2765 2003 δοθὲν
2816 1943 3123 2021 λαμϐάνων,
3157 1947 3230 2009 ὣς
3276 1945 3515 2034 ᾂφῖεσθαι
3550 1944 3770 2023 ἔμελλε⁹

418 2040 607 2116 enim,
641 2041 798 2123 quod
832 2040 934 2103 illa
960 2049 1016 2103 te
1041 2033 1372 2123 exspectat:
1398 2041 1558 2103 illam
1591 2040 1959 2121 signiﬁcans,
1981 2039 2050 2099 ad

2137 2048 2518 2111 προσεποιεῖτο
2549 2034 2723 2114 λέγειν
2753 2037 2883 2109 πρὸς
2915 2036 3134 2092 σεαυτὸν
3166 2038 3240 2098 εἷς
3284 2033 3446 2098 ἀκοὰς
3506 2035 3719 2091 πάντων
3753 2054 3769 2071 ’

415 2147 593 2212 quam
629 2138 757 2193 erat
785 2129 1148 2193 diversurus.
1198 2130 1288 2194 Ad
1321 2148 1424 2193 eos
1452 2139 1676 2206 autem,
1710 2129 1812 2212 qui
1838 2128 2053 2191 irride-

2137 2124 2408 2190 Ἀπίωμεν
2461 2124 2600 2203 ἄρτι,
2661 2127 2877 2183 ταπεινὲ
2934 2125 3104 2203 γέρων
3141 2142 3154 2156 '
3204 2124 3359 2191 οἶδας
3402 2126 3503 2203 γὰρ
3544 2126 3692 2189 ὅπως
3734 2126 3771 2192 ἦ

413 2210 556 2283 bant
587 2227 647 2282 et
667 2237 802 2283 eum
827 2219 1062 2302 probris
1104 2237 1174 2282 ac
1200 2219 1535 2282 maledictis
1565 2210 1955 2301 impetebant,
1989 2236 2053 2280 se

2137 2210 2286 2270 δεῖνα
2337 2217 2608 2291 περιμένει
2654 2238 2711 2272 σε
2748 2234 2763 2250 ’
2810 2216 3017 2283 ἐκείνην
3076 2214 3252 2284 δηλῶν
3303 2216 3433 2292 πρὸς
3465 2216 3529 2283 ἣν
3561 2215 3660 2293 ἄρα
3691 2219 3777 2272 καὶ

3508 1678 3662 1742 αῦτὸς
3721 1676 3777 1732 δὲ

415 2326 734 2384 excusans,
769 2319 1049 2391 tanquam
1080 2326 1188 2391 pro
1238 2308 1414 2385 mala,
1448 2328 1582 2391 quae
1613 2307 1793 2371 fiebat
1818 2326 2049 2382 revera,

411 2397 669 2461 actione:
698 2396 849 2471 Quid
879 2398 1054 2461 vero?
1071 2416 1269 2461 annon
1302 2417 1410 2479 ego
1432 2418 1670 2480 quoque
1702 2417 1832 2460 sum
1867 2397 2052 2471 exiis,

416 2486 518 2569 qui
543 2504 781 2551 carnem
806 2494 1116 2567 gestant.et
1142 2487 1364 2550 cedunt
1384 2490 1517 2567 ejus
1537 2487 1892 2568 legibus?An
1913 2486 2056 2549 solis

415 2575 786 2658 prohibitum
822 2585 914 2640 est
955 2576 1263 2639 monachis
1298 2595 1543 2641 manere
1583 2582 1752 2641 extra
1786 2575 2056 2659 corporis

413 2666 904 2748 voluptates?non
929 2674 1069 2729 sunt
1090 2667 1203 2749 ipsi
1226 2684 1466 2749 quoque
1489 2666 1808 2749 participes
1825 2675 2056 2728 natura-

413 2756 560 2818 lium
584 2756 986 2831 ail‘ectionum,
1010 2755 1289 2819 similiter
1308 2765 1485 2839 atque
1515 2756 1649 2820 alii?
1671 2755 1901 2820 Deinde
1922 2757 2052 2837 qui-

414 2844 667 2909 busdam
688 2844 1144 2908 consulentibus
1169 2853 1227 2908 et
1247 2845 1609 2910 dicentibus:
1631 2845 1816 2910 Unam
1841 2845 2053 2908 saltem

414 2932 524 2995 tibi
546 2933 1004 3015 accipe,mutato
1035 2934 1274 3010 vestitu,
1303 2945 1361 2995 et
1381 2954 1458 2998 ne
1480 2935 1563 2998 sis
1587 2944 1704 2997 tam
1731 2934 1934 2997 multis
1963 2936 2055 2997 of-

414 3022 769 3095 fensioni,ut
788 3041 985 3101 neque
1001 3022 1159 3087 Deus
1182 3032 1367 3105 perte
1387 3023 2058 3105 hlasphemetur,neque

2136 2304 2455 2383 κατάγεσθαι
2512 2303 2727 2381 ἔμελλε.
2808 2307 2942 2381 Πρὸς
3018 2304 3195 2378 μέντοι
3253 2306 3372 2366 τοὺς
3433 2306 3774 2369 σκώπτοντας

2137 2393 2294 2449 αὐτὸν
2326 2395 2413 2450 καὶ
2444 2394 2662 2451 ὀνείδεσι
2711 2392 3010 2471 βάλλοντας
3050 2393 3484 2473 ἀπολογούμενος
3536 2398 3609 2456 ὡς
3654 2397 3778 2471 περί

2138 2505 2281 2547 τινος
2310 2483 2509 2562 φαύλου
2565 2484 2805 2561 πράξεως
2857 2490 2987 2561 πρὸς
3033 2482 3286 2553 ἀλήθειαν
3343 2484 3658 2561 γινομένης.
3718 2488 3777 2543 Τί

2138 2572 2191 2631 δέ
2227 2593 2242 2655 ;
2275 2573 2449 2653 ἔλεγε,
2507 2575 2583 2650 μὴ
2635 2575 2732 2652 γὰρ
2765 2574 2851 2630 καὶ
2883 2575 3036 2635 αὗτὸς
3069 2575 3165 2630 οῦκ
3193 2573 3299 2647 εἰμὶ
3329 2579 3436 2628 τὼν
3466 2574 3636 2653 σάρκα
3669 2594 3773 2652 ερο-

2138 2662 2364 2738 ρι-ύντων
2410 2663 2499 2719 καὶ
2558 2675 2675 2725 τοῖς
2733 2662 2915 2738 νόμοις
2981 2661 3144 2728 αῦτῆς
3205 2662 3503 2741 εἰκόντων,
3564 2662 3599 2730 ἢ
3660 2676 3773 2725 τοῖς

2139 2765 2411 2832 μοναχοῖς
2446 2752 2730 2831 ἀπείρηται
2762 2756 2969 2826 μόνοις,
3023 2751 3129 2807 τῶν
3172 2757 3264 2807 τοῦ
3292 2750 3540 2824 σώματος
3571 2749 3776 2819 ἡδονῶν

2138 2839 2239 2906 ἔξω
2294 2840 2523 2917 μένεινς
2588 2845 2647 2899 οῦ
2692 2841 2983 2922 μετέχουσι
3037 2841 3127 2897 καὶ
3184 2841 3329 2899 αὖτοὶ
3378 2845 3484 2896 τῶν
3541 2847 3774 2919 φυσικῶδ

2138 2933 2320 2987 παθῶν
2383 2943 2501 2993 τοῖς
2546 2928 2728 2994 ἄλλοις
2786 2931 3036 3005 ὁμοίω;;
3117 2938 3248 2986 Εῖτα
3307 2927 3775 3004 συμϐουλευόντων

2138 3026 2296 3077 τινῶν
2357 3022 2469 3099 καὶ,
2516 3018 2656 3079 Λάϐε
2709 3027 2834 3097 γοῦν
2889 3022 3015 3095 μίαν
3057 3026 3284 3094 σεαδτῷ,
3331 3018 3622 3097 λεγόντων,
3676 3022 3775 3088 τὴν

419 3112 847 3174 monachorum
871 3117 1164 3191 pretiosus
1182 3111 1421 3175 habitus
1440 3112 1657 3194 probro
1679 3112 2053 3187 aﬂiciatur,et

2139 3108 2338 3177 στολὴν
2366 3109 2597 3185 ἀμείψας
2628 3110 2722 3165 καί
2757 3111 2834 3183 μὴ
2865 3108 3158 3167 σκάνδαλον
3190 3108 3326 3166 οὕτω
3383 3125 3501 3174 τοῖς
3546 3109 3774 3174 πολλοῖς

418 3198 686 3262 omnium
710 3199 1003 3282 judicium
1027 3200 1089 3262 in
1119 3208 1291 3262 tuum
1323 3210 1498 3283 caput
1528 3202 1878 3279 attrahatur;
1902 3202 2056 3264 mul-

416 3288 492 3352 tis
543 3288 668 3352 haec
702 3292 757 3350 ei
805 3287 1170 3355 dicentibus.
1206 3289 1309 3352 ille
1357 3309 1425 3354 se
1454 3291 1744 3353 simulans
1791 3292 1965 3354 irasci
1998 3299 2058 3354 et

416 3396 571 3456 agre
597 3378 780 3452 ferre,
806 3376 923 3441 Sed
949 3396 1066 3440 non
1100 3397 1209 3459 ego
1240 3398 1343 3442 vos
1369 3380 1633 3455 audiam,
1656 3381 1889 3444 dicebat
1918 3401 2054 3444 cum

414 3485 630 3548 magno
653 3467 935 3531 clamore.
955 3467 1109 3542 Quid
1136 3486 1271 3531 mea
1300 3469 1503 3545 refert,
1530 3470 1580 3532 si
1613 3479 1809 3544 vos,ut
1829 3471 2051 3547 dicitis,

413 3556 820 3620 oii‘endimini?
842 3557 1143 3623 Discedite
1172 3577 1206 3621 a
1237 3577 1355 3622 me.
1388 3557 1539 3632 Quid
1573 3559 1662 3623 rei
1690 3579 1926 3624 mecum
1962 3569 2053 3624 est

412 3646 632 3710 vobis?
681 3647 767 3711 Ex
814 3657 1035 3724 vestro,
1082 3649 1294 3730 inquit,
1342 3649 1593 3711 consilio
1642 3669 1781 3713 cum
1836 3651 2054 3713 femina

413 3737 746 3818 conjungar
795 3737 1200 3816 matrimonio,
1235 3745 1295 3800 et
1344 3756 1442 3801 me
1468 3738 1732 3820 injiciam
1768 3739 1826 3801 in
1877 3758 2052 3802 curas

411 3825 911 3904 innumerabiles,
945 3834 1004 3890 et
1034 3827 1112 3889 de
1157 3827 1313 3889 victu
1342 3827 1722 3891 sollitudines
1743 3835 1773 3893 ?
1816 3827 2053 3892 Cessate

416 3932 515 3978 me
566 3914 858 3979 ludiﬁcari
890 3925 949 3979 et
992 3917 1317 3979 criminari.
1370 3918 1501 3981 Non
1546 3917 1689 3980 estis
1720 3917 1881 3981 enim
1936 3919 2051 3981 mei

405 4003 648 4085 judices
675 4026 692 4082 ;
720 4024 821 4068 res
852 4023 998 4069 mea:
1028 4006 1146 4068 sint
1166 4005 1314 4069 mihi
1345 4025 1526 4071 curae.
1561 4008 1667 4072 Est
1694 4005 1852 4069 enim
1875 4008 2048 4086 alius,

414 4094 514 4174 qui
547 4101 636 4156 est
659 4093 1039 4174 judicaturus
1071 4095 1276 4160 orbem
1331 4104 1534 4173 terras,
1568 4097 1667 4179 qui
1698 4098 1876 4160 etiam
1909 4097 2051 4161 red-

412 4180 516 4243 det
542 4182 870 4265 unicuique
898 4186 1227 4249 secundum
1261 4205 1410 4268 Opus
1438 4205 1637 4250 suum.

2140 3198 2252 3274 ἔσο,
2287 3208 2379 3259 τοῦ
2414 3200 2552 3275 μήτε
2583 3200 2672 3255 τὸν
2707 3201 2837 3255 Θεὸν
2868 3197 2950 3255 διὰ
2980 3206 3072 3256 τοῦ
3123 3198 3584 3277 βλασφημεῖσθαι,
3637 3202 3774 3276 μήτε

2136 3290 2199 3345 τὸ
2226 3294 2336 3344 τῶν
2389 3294 2648 3367 μοναχῶν
2706 3289 2878 3361 τίμιον
2928 3286 3274 3364 ἐξυϐρίζεσθαι
3337 3294 3553 3369 σχῆμα,
3587 3290 3682 3345 καῗ
3716 3293 3774 3347 τὸ

2140 3391 2307 3457 κρῖμα
2338 3377 2550 3434 πάντων
2608 3378 2744 3435 κατὰ
2787 3382 2885 3444 τῆς
2943 3385 3165 3435 σεαυτοῦ
3209 3377 3451 3457 φέρεσθαι
3485 3378 3723 3458 κεφαλῆς
3755 3396 3769 3411 ”

2138 3475 2356 3526 τοιαῦτα
2401 3464 2615 3526 πολλῶν
2646 3469 2913 3545 λεγόντων
2949 3467 3116 3540 ανότῷ,
3149 3466 3357 3530 ἐκεῖνος
3409 3470 3499 3524 τὸν
3557 3470 3772 3545 ὀργιζό-

2134 3580 2294 3633 μενον
2337 3557 2422 3614 καὶ
2454 3554 2919 3614 ἀποδυσπετοῦντα
2971 3558 3411 3634 ὑποκρινάμενος,
3469 3556 3622 3614 Ἀλλ’
3678 3561 3774 3616 οὐκ

2132 3648 2306 3726 ἔγωγε
2366 3646 2661 3720 ἀκούσομαι
2737 3647 2909 3725 ὑμῶν,
2968 3644 3120 3724 ἔλεγε
3204 3647 3338 3716 μετὰ
3411 3645 3617 3714 πολλῆς
3678 3654 3775 3715 τῆς

2132 3739 2393 3817 κραυγῆς.
2430 3735 2494 3793 Τί
2543 3733 2596 3790 δὲ
2658 3736 2744 3791 καὶ
2778 3734 2920 3809 ἐμοὶ,
2955 3735 3042 3791 ἐὰν
3075 3736 3250 3809 ὑμεῖς,
3285 3735 3359 3800 ὥς
3388 3757 3543 3815 φατε,
3602 3759 3772 3793 σκαν-

2134 3825 2412 3898 δαλίζησθε
2450 3842 2465 3899 ;
2499 3825 2773 3893 ἀπόστητε
2806 3823 2899 3881 ἀπ’
2928 3824 3057 3899 ἐμοῦ
3092 3842 3106 3856 ’
3141 3826 3190 3881 τί
3221 3828 3398 3883 κοινὸν
3442 3827 3561 3901 ὶμοί
3586 3847 3647 3882 τε
3676 3826 3769 3882 καί

2134 3917 2263 3992 ὑμῖν
2298 3933 2315 3992 ς
2352 3914 2464 3981 Ἐξ
2520 3913 2799 3992 ὑμετέρας,
2847 3916 3000 3995 φησὶ,
3048 3913 3353 3990 συμϐουλῆς
3411 3916 3622 3993 γυναικῖ
3664 3916 3772 3992 ἐγὼ

2134 4006 2563 4084 συναφθήσομαι,
2630 4005 2719 4061 καὶ
2774 4006 3057 4081 βιωτικαῖς
3108 4004 3481 4083 περιστάσεσιν
3540 4005 3770 4079 ἐμαυτὸν

2132 4094 2351 4172 ἐμϐαλῶ
2379 4111 2395 4168 ;
2427 4096 2701 4152 Παύσασθε
2744 4092 2797 4150 δὲ
2826 4096 3037 4154 καὶτοῦ
3094 4096 3159 4151 τὰ
3208 4094 3311 4170 ipf:
3368 4095 3636 4151 σκώπτειν
3686 4096 3770 4150 καὶ

2132 4182 2436 4244 διαϐάλλειν
2469 4201 2487 4220 ο
2533 4184 2612 4258 μὴ
2645 4184 2746 4262 γὰρ
2778 4184 2934 4259 ὑμεῖς
2964 4183 3263 4252 κατέστητε
3292 4185 3400 4241 τῶν
3442 4183 3587 4259 ἐμῶν
3615 4181 3771 4240 δικα-

412 4271 534 4328 σταί
566 4291 583 4353 ;
645 4275 766 4347 Περὶ
794 4280 902 4332 τῶν
961 4277 1166 4334 οἷκείων
1195 4277 1343 4352 ὔμῶν
1392 4277 1621 4353 μελέτω·
1652 4277 1831 4356 ἕτερος
1875 4278 1976 4356 γάρ
2006 4281 2150 4338 ἔστιν
2177 4279 2206 4335 ό
2236 4286 2415 4354 κρῖναι
2471 4269 2684 4348 μέλλων
2720 4272 2817 4339 τὴν
2875 4271 3219 4348 οἰκουμένην,
3264 4275 3324 4338 ὃς
3355 4274 3445 4330 καί
3502 4271 3769 4330 ἀποδώσει

413 4359 623 4435 ἑκάστῳ
648 4363 786 4422 κατᾶ
810 4365 874 4423 τὸ
902 4363 1054 4444 ἔργον
1083 4369 1260 4428 τὸτοῦ.

469 4449 772 4510 LXI.Multi
795 4467 935 4526 ergo
951 4454 1067 4511 haec
1091 4455 1259 4513 verba
1285 4455 1581 4516 audientes
1598 4472 1727 4515 cum
1743 4457 2048 4517 acerbitate

2214 4453 2360 4516 EA’.
2426 4452 2638 4509 Τούτων
2692 4451 2782 4509 οῦν
2845 4450 3034 4510 πολλοὶ
3090 4459 3196 4509 τῶν
3236 4454 3333 4509 σὺν
3391 4454 3648 4532 αῦστηρίᾳ
3676 4452 3771 4509 καὶ

417 4540 477 4624 et
503 4536 953 4616 vociferatione,
976 4539 1075 4603 alii
1105 4540 1348 4622 quidem
1386 4542 1698 4605 cessabant
1725 4543 2051 4624 reprehen-

418 4623 727 4707 dere,ejus
750 4629 1181 4710 impudentiam
1208 4629 1494 4693 timentes
1514 4639 1572 4693 et
1595 4623 1929 4707 audaciam;
1949 4627 2052 4693 alii

413 4732 555 4779 vero
567 4716 941 4781 conabantur
960 4736 1097 4781 eum
1118 4718 1273 4800 apud
1294 4728 1568 4782 sanctum
1593 4719 2053 4784 criminari.Sed

414 4806 602 4871 ille,ut
624 4810 723 4882 qui
747 4827 776 4868 a
804 4810 918 4871 Deo
939 4813 1238 4879 didicerat,
1260 4813 1418 4884 quali
1446 4815 1652 4872 virtute
1682 4824 1833 4872 esset
1853 4828 2052 4883 senex,

415 4892 658 4952 minime
676 4896 1005 4955 attendebat
1028 4911 1250 4968 ea,quai
1270 4897 1606 4957 dicebantur
1623 4900 1695 4957 ab
1717 4901 1941 4970 ipsis,ut
1955 4899 2054 4972 qui

417 4988 550 5039 ante
571 4979 772 5040 oculos
802 4994 1027 5051 semper
1055 4980 1406 5053 descriptum
1433 4983 1669 5042 haberet
1695 4984 1838 5042 illud
1871 4976 2053 5042 excisi

414 5066 708 5125 monachi.
735 5066 1024 5126 Suadebat
1043 5076 1233 5126 autem
1262 5069 1501 5127 omnino
1529 5071 1707 5128 vitare
1734 5072 2052 5129 accusatio-

413 5163 519 5208 nes
539 5165 668 5223 qua
687 5151 902 5210 ﬂebant
922 5152 1196 5211 adversus
1218 5154 1886 5226 monachos,praectarum
1910 5154 2053 5213 illud

412 5233 663 5297 verbum
683 5235 1065 5318 imperatoris
1086 5237 1641 5307 Constantini.inter
1660 5238 2056 5320 imperatores

418 5325 937 5406 celeberrimui,in
967 5349 1077 5395 ore
1094 5331 1344 5415 habens,
1360 5331 1462 5414 qui
1480 5332 1539 5395 in
1567 5330 1806 5396 Nicena
1828 5335 2055 5416 synodo

403 5420 652 5492 libellos
664 5423 1115 5504 accusationum
1139 5423 1311 5488 datos
1339 5424 1627 5488 adversus
1648 5425 1880 5508 aliquos
1899 5428 2052 5508 epis-

352 5523 383 5543 δ’
409 5532 594 5596 copos
640 5533 760 5578 non
789 5516 1051 5594 admisit,
1084 5517 1335 5581 dicens:
1369 5516 1431 5582 Si
1462 5517 1523 5581 in
1554 5518 1900 5600 episcopum
1951 5528 2051 5583 aut

310 5684 322 5698 '
409 5605 769 5675 monachum
819 5608 1209 5675 fornicantem
1255 5609 2042 5689 iucidissem,"sustulissem

2132 4547 2234 4626 βοῇ
2294 4543 2468 4622 λόγων
2513 4540 2820 4623 ἀκούοντες,
2864 4545 2913 4599 oi
2971 4543 3070 4617 μὲν
3140 4544 3398 4601 ἱπαύοντο
3453 4550 3558 4600 τῶν
3615 4542 3774 4619 ἇλέγο

2133 4657 2276 4717 χων,
2306 4629 2759 4704 ὑποστελλόμενοι
2812 4631 2912 4698 τὴν
2963 4629 3117 4699 δῆθεν
3177 4630 3439 4688 ἀναίδειαν
3471 4634 3630 4688 αῦτοῦ
3675 4631 3773 4688 τιάὲ

2132 4728 2194 4782 τὸ
2221 4723 2410 4803 θράσος
2442 4740 2456 4755 ο
2518 4721 2565 4776 οἷ
2624 4717 2679 4775 δὲ
2733 4718 3040 4776 διαϐάλλειν
3091 4722 3222 4799 πρὸς
3253 4722 3343 4778 τὸν
3372 4720 3514 4778 ὅσιον
3551 4720 3771 4800 ἐπεχεί-

2135 4833 2290 4891 ρουν.
2318 4807 2469 4866 Ἀλλ’
2520 4807 2731 4869 ἐκεῖνος
2785 4809 2907 4870 οἶος
2936 4812 3003 4877 ἦν
3033 4809 3129 4877 τὴν
3158 4809 3353 4888 ἀρετὴν
3383 4812 3410 4867 ὁ
3453 4809 3623 4887 γέρων
3670 4812 3769 4867 ὑπὸ

2137 4907 2271 4958 Θεοῦ
2310 4896 2719 4971 διδασκόμενος,
2761 4896 2955 4964 ἥκιστα
2994 4912 3257 4979 προσεῖχε
3298 4913 3414 4964 τοῖς
3445 4899 3569 4979 παρ’
3602 4900 3771 4957 αῦτῶν

2134 4989 2473 5068 λεγομένοις,
2533 4987 2872 5065 ἀνάγραπτον
2929 4990 2990 5044 τὸ
3047 4995 3141 5045 τοῦ
3199 4988 3478 5046 ἁποκόπον
3526 4998 3774 5070 μοναχοῦ

2136 5080 2234 5137 καί
2286 5078 2390 5157 πρὸ
2447 5077 2708 5152 ὀμμάτων
2768 5077 2849 5133 ἀεὶ
2911 5077 3207 5153 τιθέμενος,
3270 5079 3502 5155 Παρῄνει
3560 5078 3615 5135 δὲ
3684 5080 3773 5136 καὶ

2135 5164 2375 5232 καθάπαξ
2432 5165 2692 5223 ἐκκλίνειν
2748 5171 2850 5233 τῆς
2892 5166 3030 5223 κατὰ
3073 5167 3179 5225 τῶν
3239 5168 3499 5247 μοναχῶν
3531 5190 3769 5248 κατηγο·

2137 5258 2277 5336 ρίας,
2316 5257 2378 5313 τό
2408 5255 2765 5327 ἃξιοζήλωτον
2797 5255 2976 5312 ἐκεῖνο
3025 5256 3171 5334 ῥῆμα
3231 5259 3625 5315 Κωνσταντίνου
3681 5265 3772 5315 τοῦ

2136 5346 2191 5404 ἂν
2250 5345 2558 5424 βασιλεῦσιν
2610 5343 2854 5420 ἀοιδίμου
2916 5345 3371 5425 ἐπιφθεγγόμενος
3408 5366 3421 5381 ·
3475 5347 3530 5411 ὅς
3596 5347 3651 5405 ἐν
3705 5353 3774 5424 τῇ

2134 5436 2271 5493 κατὰ
2333 5436 2554 5494 Νίκαιαν
2628 5431 2829 5506 συνόδῖρ
2899 5432 3177 5499 nemo»;
3237 5436 3577 5514 κατηγοριῶν
3635 5438 3773 5493 κατά

2132 5546 2291 5583 τινων
2347 5524 2652 5581 ἐπισκόπων
2686 5520 3081 5589 ἒπιδιδομὲνους
3134 5525 3194 5582 οῦ
3240 5523 3580 5603 παρεδέξατο,
3615 5527 3771 5604 εἰρη-

2131 5615 2264 5691 κὼς,
2294 5614 2373 5672 ὅτι
2407 5615 2515 5674 Κᾶν
2572 5612 2874 5693 πορνεύοντι
2926 5612 3203 5689 ἐπισκόπῳ
3331 5610 3768 5694 μονάχῷξπερι-
