4032 6202
349 227 461 298 951

1640 224 1920 291 MENSIS
1979 226 2432 290 JANUABIUS.

3611 229 3755 295 952

355 371 534 434 batur
564 370 881 447 correptus
910 383 945 428 a
977 361 1282 443 daemone,
1309 369 1376 425 nt
1404 361 1477 425 ad
1509 363 1706 443 ipsum
1739 364 1849 426 fuit
1879 383 2043 428 con-.

2130 373 2226 422 οὖν
2269 369 2296 423 ὁ
2340 363 2518 432 ἅθλιος
2548 365 2787 425 ἒκυλίετο
2829 365 3096 443 δαιμονῶν
3128 385 3145 405 ⁶
3207 368 3294 425 καὶ
3349 370 3754 448 συνηθροίσθη-

358 465 602 541 gregata
646 465 771 520 tota
800 456 937 519 fere
968 451 1360 528 Alexandria,
1393 451 1548 514 sicut
1575 451 1681 514 ille
1711 454 1803 516 vir
1817 455 2013 535 justus

2092 477 2190 512 σαν
2249 455 2333 514 ἐπ’
2387 461 2530 532 αύτῷ
2587 463 2780 534 μικροῦ
2837 463 2983 516 πᾶσα
3037 461 3072 528 ἡ
3147 456 3542 538 Ἀλεξάνδρεια,
3600 459 3755 517 κατᾶ

361 548 742 632 praedixerat.
787 542 933 607 Cum
960 543 1171 632 itaque
1200 541 1293 603 vix
1324 541 1564 632 tandem
1594 550 1727 623 post
1758 543 2007 606 multum

2130 548 2191 614 ὴν
2238 556 2332 606 τοῦ
2401 545 2604 605 δικαίου
2667 546 2951 626 πόῤῥησιν,
3015 547 3182 614 Μόλις
3240 555 3365 626 γοῦν
3409 571 3542 606 ποτε
3604 549 3757 623 μετὰ

361 631 604 719 tempus
631 636 704 698 ad
741 652 810 695 se
841 631 1127 701 redisset.
1157 631 1385 712 rumpit
1413 639 1632 706 vestes,
1670 640 1728 693 et
1757 649 2012 710 surgens

361 745 540 792 cursu
578 721 892 787 contendit
948 720 1020 782 ad
1055 720 1246 782 sancti
1277 719 1727 795 domunculam,
1765 719 2010 783 Misere-

359 836 430 881 re
461 815 606 885 mei.
637 813 928 892 clamans,
985 827 1159 872 serve
1189 809 1300 874 Dei
1332 807 1566 885 Vitalis,
1599 816 1702 891 qui
1732 810 1791 872 in
1819 810 2006 873 Deum

363 918 428 969 et
453 905 514 966 in
547 913 604 966 te
639 901 888 962 multum
923 899 1188 980 peccavi.
1221 896 1519 961 Omnibus
1549 917 1691 978 ergo
1745 899 2007 960 videnti-

363 996 501 1074 bus,
531 993 635 1071 qui
678 990 952 1070 aderant,
1003 996 1322 1070 postquam
1356 987 1562 1049 domui
1593 989 1757 1050 senis
1787 1006 2010 1069 appro—

367 1081 901 1168 pinquavit,ipsum
925 1077 1158 1160 jaciens
1185 1084 1246 1140 et
1269 1077 1623 1158 discerpens
1653 1077 2010 1141 daemonium

369 1172 622 1236 dimisit.

446 1261 619 1325 LXV.
658 1261 806 1325 Cum
867 1278 1008 1338 ergo
1061 1259 1188 1321 haec
1242 1257 1555 1332 vidissent,
1615 1255 1874 1337 ingressi
1905 1255 2016 1316 do-

373 1351 743 1424 munculam,
799 1349 1162 1411 invenerunt
1221 1353 1518 1422 sanctum,
1568 1347 1668 1426 qui
1715 1364 1870 1424 genu
1903 1345 2016 1406 fle-

370 1455 536 1506 xerat
568 1451 626 1503 et
655 1440 779 1503 Deo
813 1457 920 1521 per
969 1437 1379 1520 precationem
1411 1435 1671 1497 animam
1705 1452 2017 1497 commen-

373 1531 569 1594 datam
597 1530 902 1592 emiserat.
938 1526 1171 1591 Deinde
1202 1527 1372 1588 humi
1404 1524 1795 1605 aspicientes,
1816 1524 2019 1586 vident

374 1621 732 1702 scripturam
757 1637 888 1700 qua)
910 1617 998 1679 sic
1030 1615 1293 1678 habebat
1326 1635 1338 1673 :
1393 1614 1524 1677 Viri
1569 1613 2016 1684 Alexandrini,

375 1714 566 1774 nolite
603 1709 848 1790 aliquid
876 1707 1161 1783 iudicare
1205 1711 1352 1767 ante
1403 1711 1661 1782 tempus,
1697 1703 1886 1766 donec
1916 1719 2012 1764 ve-

2130 1710 2328 1787 .ρίνετε,
2390 1709 2492 1772 ἓ-ος
2566 1711 2626 1766 ἃν
2715 1709 2841 1786 ἔλθῃ
2919 1713 2946 1767 ὂ
3027 1711 3240 1787 Κύριος.
3313 1710 3326 1733 ’

2094 635 2301 704 πολλὴν
2359 635 2573 714 ὕστερον
2618 637 2716 705 τὴν
2747 636 2890 715 ὥραν
2949 639 3138 694 ἑαυτοῦ
3177 640 3468 715 γενόμενος
3515 641 3756 717 ῥήγνυσι

2101 727 2160 782 τὰ
2200 726 2412 805 ἱμάτια,
2457 728 2543 782 καὶ
2587 723 2871 790 διαναστὰς
2909 726 3091 803 δρόμῳ
3153 729 3285 806 πρὸς
3332 730 3424 785 τὸν
3471 737 3566 786 τοῦ
3598 730 3760 784 ὁσίου

2096 815 2328 872 οἰκίσκον
2385 816 2609 895 ὶχώρει,
2687 815 2950 883 Ἐλέησόν
3009 837 3101 891 με,
3157 818 3386 893 κράζων,
3458 826 3553 875 τοῦ
3616 823 3767 874 Θεοῦ

2095 904 2246 961 δοῦλε
2293 904 2529 978 Βιτάλιε,
2566 904 2778 984 μεγάλα
2810 908 2882 968 εἷς
2919 908 3051 962 Θεὸν
3082 910 3180 962 καὶ
3225 907 3282 962 σὲ
3331 905 3766 985 ἔμαρτήσαντα,

2097 996 2319 1051 Πάντων
2373 995 2462 1051 οὗν
2522 997 2771 1073 ὁρώντων
2835 994 2947 1053 ὅσοι
2993 995 3253 1071 παρόντες
3311 995 3534 1077 ἔτυχον,
3566 998 3644 1062 ὡς
3672 1003 3765 1069 τῷ

2096 1087 2317 1158 οἰκίσκῳ
2375 1087 2466 1142 τοῦ
2523 1083 2774 1163 γέροντος
2831 1084 3051 1163 ,ἤγγισε,
3099 1085 3258 1163 ῥίψαν
3317 1086 3480 1142 αὒτὸν
3531 1088 3598 1143 τὸ
3629 1085 3765 1142 δαι-

2099 1177 2284 1250 μόνιον
2314 1174 2402 1230 καὶ
2432 1174 2704 1252 σπαράξαν
2735 1174 2805 1254 ἀφ
2818 1176 2966 1241 ἧκεν.

2179 1262 2315 1324 ΞΕ’.
2350 1260 2502 1321 Ἐπεὶ
2560 1263 2650 1319 οὖν
2708 1273 2873 1324 ταῦτα
2932 1263 3106 1338 εἶδον,
3169 1263 3306 1322 εἴσω
3366 1275 3460 1323 τοῦ
3513 1266 3766 1320 οἷκίσκοσ

2100 1353 2403 1431 γενόμενοι⁷
2448 1356 2599 1431 εὖρον
2663 1355 2756 1410 τὸν
2816 1353 2962 1410 ὅσιον
3008 1356 3093 1410 ἐπὶ
3152 1355 3282 1431 γόνυ
3327 1353 3602 1424 κλιθέντα,
3667 1356 3769 1409 καὶ

2101 1447 2218 1516 Θεῷ
2274 1442 2359 1498 διὰ
2419 1449 2726 1523 προσευχῆς
2790 1444 2890 1510 τὴν
2937 1443 3126 1524 ψυχὴν
3180 1445 3572 1520 παραθέμενον.
3616 1444 3766 1501 Εἶτα

2099 1535 2176 1606 τῷ
2234 1531 2413 1596 ἐδάφει
2500 1533 2927 1609 προσκύψαντες,
2989 1533 3201 1612 γραφὴν
3259 1536 3452 1611 ὁρῶσιν
3509 1533 3762 1612 ἔχουσαν

2102 1619 2270 1684 οὕτως
2308 1642 2321 1657 '
2380 1620 2602 1698 ’Ἄνδρες
2667 1620 3064 1700 Ἀλεξανδρεῖς,
3145 1623 3223 1696 μὴ
3283 1624 3383 1696 πρὸ
3456 1630 3648 1699 καιροῦ
3706 1645 3766 1677 τι

3339 1711 3768 1786 [ἐξωμολογεῖτο

375 1805 536 1865 "erit
565 1794 1298 1862 Dominus.Conﬁtebatur
1325 1794 1526 1871 itaque
1549 1793 1830 1854 omnibus
1865 1810 2021 1873 prae-

2130 1806 2386 1876 ςοιγαροῦν
2443 1799 2525 1856 ἐπὶ
2587 1800 2802 1856 πάντων
2859 1801 2887 1856 ὁ
2939 1807 3033 1857 τοῦ
3089 1798 3345 1875 δαίμονος
3403 1801 3606 1863 ἂνεθεὶς
3639 1800 3768 1855 ἅτε

381 1891 656 1955 sentibus
687 1888 758 1963 is,
793 1886 897 1967 qui
921 1885 1208 1946 liberatus
1239 1883 1434 1946 fuerat
1473 1899 1506 1944 a
1538 1886 1832 1954 daemone,
1872 1883 2026 1944 mala

2130 1887 2390 1966 ,ἵργασται
2449 1889 2656 1966 πονηρὰ
2715 1889 2852 1944 κατὰ
2880 1891 2975 1944 τοῦ
3004 1888 3238 1963 δικαίου,
3273 1891 3362 1946 καὶ
3396 1887 3531 1966 ἅπερ
3559 1888 3773 1955 ἢκουσε

381 1999 516 2060 quae
548 1986 754 2040 sancto
784 1976 1028 2048 fecerat,
1066 1981 1124 2035 et
1151 1991 1282 2052 quae
1309 1971 1541 2034 audivit
1565 1972 1919 2052 prophetice
1950 1971 2024 2033 ab

2130 1983 2454 2056 προφητικῶς
2513 1977 2638 2056 παρ’
2684 1981 2844 2036 αὐτοῦ
2886 1977 3136 2058 ρηθέντα,
3200 1979 3231 2034 ἃ
3276 1976 3341 2045 δὴ
3396 1979 3487 2034 καὶ
3547 1977 3772 2034 πέπον-

385 2089 456 2132 eo
488 2068 667 2137 dicta,
704 2084 837 2148 quae
866 2065 1042 2127 etiam
1078 2079 1288 2143 passus
1313 2070 1423 2124 est.
1449 2062 1714 2124 Fuerunt
1737 2080 1877 2141 ergo
1900 2063 2026 2123 haec

2130 2078 2219 2129 μεν,
2267 2065 2577 2144 Ἀντιγγέλη
2629 2066 2721 2122 οὖν
2752 2073 2918 2123 ταῦτα
2961 2072 3300 2146 παραχρῆμα
3359 2068 3434 2140 τῷ
3492 2067 3771 2145 πατριάρ-

389 2158 585 2222 statim
617 2156 950 2220 renuntiata
998 2151 1371 2234 patriarchae,
1421 2159 1482 2214 et
1513 2151 1644 2232 ipse
1674 2169 1810 2213 cum
1848 2151 2025 2212 simul

2130 2180 2216 2236 (η,
2261 2157 2350 2212 καὶ
2381 2157 2541 2219 αὒτὸς
2601 2156 2714 2231 ἅμα
2759 2158 2917 2212 παντὶ
2974 2158 3051 2231 τῷ
3083 2156 3264 2234 κλήρῳ
3297 2158 3771 2236 παραγενόμενος,

388 2247 649 2310 venisset
677 2264 813 2309 cum
847 2252 968 2308 toto
1000 2243 1186 2317 clero,
1226 2241 1326 2302 ubi
1360 2241 1506 2319 legit
1548 2259 1706 2321 eam,
1740 2259 1871 2322 quae
1903 2251 2030 2302 erat

2130 2250 2187 2310 bc
2213 2245 2420 2319 ἀνέγνω
2449 2247 2548 2313 τὴν
2599 2246 2685 2302 ἐπί
2737 2248 2832 2302 τοῦ
2874 2245 3098 2324 ἐδάφους
3149 2247 3384 2325 γραφὴν,
3422 2246 3547 2324 παρ’
3579 2245 3775 2323 ὀλίγον

397 2337 590 2411 humi,
626 2334 1004 2416 scripturam,
1068 2331 1240 2412 paulo
1295 2339 1426 2411 post
1464 2329 1650 2392 dixit:
1687 2328 1750 2392 Si
1785 2330 2027 2392 fuissem

2130 2336 2274 2393 εἶπεν
2301 2353 2318 2369 ⁹
2357 2339 2413 2392 Εἰ
2461 2349 2580 2400 τοῖς
2636 2335 2816 2412 λόγοις
2876 2343 2982 2392 τῶν
3011 2335 3470 2392 ὶνδιαϐαλλόντων
3501 2338 3773 2415 δπαχθεῖς

397 2427 682 2490 inductus
709 2423 906 2487 verbis
940 2440 1173 2497 eorum,
1200 2421 1302 2502 qui
1341 2418 2033 2495 calumniabantur,fuis-

395 2525 487 2580 set
524 2515 671 2578 mihi
702 2515 977 2577 incussus
1007 2511 1114 2574 ille
1141 2511 1450 2592 colaphus.

481 2605 676 2670 LXVI.
707 2605 875 2668 Tunc
905 2603 1083 2666 etiam
1129 2609 1525 2680 congregatur
1555 2601 1895 2662 universum
1928 2618 2036 2680 ag-

401 2717 541 2762 men
602 2694 991 2759 meretricum
1050 2690 1123 2753 ad
1173 2692 1337 2772 justa
1394 2690 1666 2753 facienda
1695 2691 2037 2752 venerando

404 2785 820 2868 corpori.Quae
842 2782 1086 2864 quidem
1115 2799 1252 2842 eum
1279 2779 1614 2842 efferebant
1634 2799 1767 2842 cum
1800 2798 2037 2841 aroma-

402 2878 565 2942 tibus
594 2884 653 2939 et
683 2870 1084 2954 lampadibus,
1117 2870 1290 2931 valde
1324 2869 1614 2931 deflentes
1647 2869 2040 2949 privationem

402 2969 533 3049 ejus
563 2963 875 3042 doctrinae,
908 2980 942 3024 a
988 2977 1104 3049 qua
1134 2957 1208 3020 ad
1239 2977 1339 3049 eas
1371 2976 1581 3049 magna
1616 2958 1890 3049 manabat
1921 2959 2042 3049 uti-

404 3047 561 3130 litas,
593 3063 652 3117 et
682 3062 824 3115 tunc
853 3047 1234 3133 exponebant
1265 3048 1396 3127 ejus
1422 3047 1624 3123 vitam,
1661 3047 1734 3108 iis
1783 3066 1917 3128 quae
1946 3047 2040 3108 di-

404 3145 696 3209 cebantur
724 3142 904 3205 fidem
960 3138 1242 3202 omnibus
1294 3135 1488 3197 modis
1539 3135 1849 3217 facientes,
1884 3137 2041 3218 quod

406 3255 525 3299 non
580 3232 655 3296 ob
686 3229 931 3313 aliquod
965 3227 1184 3291 malum
1217 3225 1290 3288 ad
1344 3243 1450 3287 eas
1481 3225 1952 3304 ingrediebatur,
1987 3234 2045 3289 et

403 3344 518 3389 nec
546 3329 705 3386 visus
757 3321 831 3384 sit
893 3318 994 3380 ulli
1029 3334 1234 3379 earum
1283 3334 1358 3376 ne
1391 3334 1633 3377 manum
1666 3315 1910 3398 quidem
1945 3317 2045 3379 ad-

404 3413 691 3487 moxisse,
717 3419 818 3472 aut
839 3408 915 3470 ad
945 3408 1101 3471 latus
1131 3406 1380 3467 omnino
1413 3404 1794 3468 accubuisse.
1830 3406 1918 3468 Ad
1945 3425 2047 3469 eos

405 3511 627 3577 autem,
660 3499 763 3582 qui
791 3499 1030 3560 illarum
1061 3493 1589 3576 reprehendebant
1617 3495 1953 3572 silentium,
1988 3505 2047 3559 et

407 3592 688 3657 dicebant
716 3609 816 3655 eas
844 3587 1030 3651 fuisse
1057 3585 1260 3649 multis
1290 3602 1528 3648 causam
1563 3586 1936 3662 offensionis,
1971 3587 2048 3650 il-

406 3684 522 3748 lius
551 3689 915 3765 praeceptum
937 3676 1322 3740 adducebant
1349 3673 1424 3736 ad
1451 3675 1542 3737 sui
1572 3675 2047 3753 excusationem,

406 3783 465 3838 et
491 3764 624 3856 quae
649 3791 684 3834 a
711 3770 986 3833 daemone
1017 3765 1246 3856 inflicta
1280 3765 1498 3856 fuerat,
1530 3764 1788 3856 plagam,
1821 3767 1893 3828 ad
1925 3766 2049 3856 diss

406 3852 690 3946 ciplinam
717 3860 772 3923 ei
825 3875 958 3940 quae
1012 3874 1131 3918 non
1163 3852 1503 3917 obedierat.
1531 3853 1665 3932 Ipse
1697 3863 1921 3929 autem,
1955 3855 2056 3936 qui

411 3952 729 4034 colaphum
758 3947 1009 4010 dederat
1039 3954 1100 4008 et
1141 3952 1347 4006 contra
1377 3951 1711 4034 acceperat,
1751 3962 2055 4034 nunquam

408 4032 751 4112 intermisit,
803 4055 939 4099 cum
978 4035 1213 4097 daemon
1276 4051 1413 4094 eum
1467 4032 1834 4113 reliquisset,
1894 4033 2057 4098 beati

410 4128 734 4210 sepulchro
774 4123 1066 4194 assidere,
1102 4121 1264 4202 quod
1308 4120 1587 4182 effectum
1615 4128 1702 4181 est
1747 4121 2063 4182 thesaurus

414 4209 738 4283 multorum
772 4213 1222 4284 miraculorum,
1253 4219 1313 4273 et
1347 4209 1509 4273 illius
1539 4212 2065 4273 commemoratio-

415 4327 555 4373 nem
580 4307 654 4371 de
681 4322 848 4368 more
879 4321 1013 4366 cum
1049 4300 1294 4382 psalmis
1327 4317 1638 4380 peragere.
1669 4300 1904 4364 Deinde
1928 4319 2066 4382 pau-

416 4400 503 4464 cis
533 4406 668 4481 post
689 4394 866 4459 annis
895 4391 1259 4481 detondetur
1277 4389 1353 4481 in
1387 4390 2068 4481 monasterioAmonachi

2117 2425 2206 2503 ἦν,
2239 2426 2358 2500 ἐμοὶ
2387 2427 2448 2482 ἂν
2481 2425 2656 2483 ἐκεῖνο
2690 2425 3024 2504 ἰπεκροτήθη
3055 2427 3113 2482 τὸ
3147 2425 3410 2503 ῥάπισμα.

2201 2594 2356 2678 Ξς¹.
2405 2604 2534 2662 Τότε
2587 2602 2653 2671 δὴ
2711 2604 3132 2680 συναθροίζονται
3165 2605 3253 2659 καὶ
3298 2605 3355 2660 τὸ
3403 2606 3504 2661 τῶν
3552 2610 3774 2682 πορνῶν

2122 2693 2260 2753 ἅπαν
2317 2699 2522 2768 σμῆνος
2579 2695 2712 2772 πρὸς
2755 2693 2855 2760 τὴν
2904 2700 3000 2750 τοῦ
3029 2695 3209 2768 τιμίου
3237 2701 3489 2768 σώματος
3521 2692 3772 2760 κηδείαν·

2123 2783 2538 2863 προεκομίζοντὸ
2582 2805 2640 2839 τε
2682 2783 2811 2839 αὒτὸ
2871 2783 3118 2860 ἀρώμασι
3179 2785 3268 2840 καὶ
3331 2783 3604 2858 λαμπάσι,
3667 2785 3774 2851 τὴν

2125 2874 2372 2948 στέρησιν
2418 2872 2656 2948 ἐκθύμως
2701 2871 3126 2947 ἀποκλαιόμεναι
3159 2873 3257 2939 τῆς
3290 2872 3426 2929 πολὺ
3457 2876 3516 2929 τὸ
3551 2873 3767 2938 ὠφέλι-

2126 2986 2226 3038 μον
2271 2962 2490 3041 ῥεούσης
2523 2965 2681 3020 αὖτου
2729 2959 2981 3041 διδαχῆς,
3021 2960 3309 3040 ἐξηγοῦντό
3353 2983 3410 3018 τε
3473 2964 3565 3020 τὸν
3612 2966 3776 3022 αὖτοῦ

2126 3052 2264 3131 βίον,
2309 3057 2484 3108 πᾶσαν
2514 3052 2689 3108 πίστιν
2721 3063 2839 3116 τοῖς
2872 3049 3185 3130 λεγομένοις
3227 3051 3547 3131 ἱπάγουσαι,
3593 3055 3669 3116 ὡς
3713 3057 3779 3112 οὗ

2126 3143 2261 3198 κατά
2321 3163 2371 3196 τι
2431 3143 2664 3219 πονηρὸν
2723 3142 2824 3208 τὴν
2873 3143 3005 3218 πρὸς
3065 3142 3227 3204 αὒτὰς
3289 3139 3501 3199 εἴσοδον
3532 3156 3774 3215 ποιεῖτο,

2127 3231 2245 3290 οὔτε
2295 3231 2404 3306 μὴν
2447 3231 2633 3311 ὀφθείη
2688 3231 2818 3288 ποτὲ
2880 3232 2982 3288 ὑπὸ
3047 3238 3172 3306 μιᾶς
3226 3233 3400 3288 αὖτῶν
3455 3230 3571 3290 οὒδὲ
3632 3234 3780 3312 χειρὶ

2129 3333 2297 3402 χεῖρα
2350 3319 2692 3400 προσϐαλὼν,
2748 3321 2782 3389 ἢ
2841 3321 2927 3377 επὶ
2979 3320 3210 3400 πλευρὰν
3243 3321 3381 3387 ὅλως
3409 3320 3775 3387 κατακλιθείς.

2131 3412 2267 3490 Πρὸς
2329 3409 2513 3486 μέντοι
2570 3411 2692 3473 τοὺς
2739 3409 3099 3488 ἐγκαλοῦντας
3156 3411 3376 3476 ταύταις
3409 3412 3506 3480 τὴν
3538 3414 3778 3487 σιωπὴν,

2131 3503 2220 3558 καὶ
2251 3498 2333 3557 ὅτι
2362 3498 2593 3566 πολλοῖς
2625 3501 2860 3560 ἐντεῦθεν
2912 3500 3210 3558 σκανδάλου
3259 3503 3544 3580 γεγόνασιν
3575 3500 3775 3582 αἴτιαι,

2133 3590 2230 3657 τὴν
2277 3589 2476 3647 ἐκείνου
2529 3589 2894 3669 παραγγελίαν
2954 3592 3028 3653 εἷς
3086 3589 3382 3668 ἄπολογίαν
3440 3591 3774 3666 προέτειναν,

2132 3682 2222 3736 καὶ
2265 3679 2364 3746 τὴν
2407 3679 2512 3736 ὑπὸ
2559 3678 2811 3755 δαίμονος
2857 3679 3230 3756 ἐπισκήψασιν
3285 3681 3360 3743 εἰς
3419 3678 3656 3737 παιδείαν
3709 3687 3780 3755 τῇ

2136 3770 2520 3847 παρακουσάσῃ
2573 3769 2833 3848 μάστιγα.
2882 3771 3047 3832 Αὐτὸς
3105 3769 3158 3826 δὲ
3212 3771 3239 3826 ὁ
3298 3771 3357 3825 τὸ
3400 3771 3644 3845 ῥάπισμα
3687 3768 3781 3827 δε-

2138 3859 2324 3924 δωκὼς
2355 3861 2443 3916 καὶ
2473 3858 2776 3917 ἀντιλαϐὼν
2834 3863 2895 3918 οὗ
2931 3859 3164 3916 διέλειπέ
3220 3881 3379 3932 ποτε,
3411 3865 3503 3917 τοῦ
3533 3858 3781 3934 δαίμονος

2140 3951 2298 4010 αὐτὸν
2328 3948 2566 4020 ἀνέντος,
2603 3951 2679 4024 τῷ
2728 3950 2879 4029 τάφῳ
2937 3949 3302 4030 προσεδρεύων
3343 3957 3439 4006 τοῦ
3493 3951 3779 4028 μακαρίου,

2139 4043 2387 4118 θησαυρῷ
2437 4038 2654 4096 πολλῶν
2699 4040 3000 4119 χρημάτων
3059 4037 3461 4119 ἀποδειχθέντι,
3503 4040 3600 4106 τὴν
3634 4041 3778 4112 μνή-

2148 4151 2259 4204 μην
2319 4149 2377 4185 τε
2424 4133 2517 4186 καὶ
2560 4131 2659 4196 τὴν
2709 4129 2910 4186 ἐκείνου
2960 4129 3097 4185 κατᾶ
3122 4131 3185 4185 τὸ
3217 4129 3330 4194 ἔθος
3361 4128 3447 4185 διὰ
3477 4126 3792 4204 ψαλμῳδίας

2150 4219 2507 4292 ποιούμενος.
2567 4222 2702 4275 Εἶτα
2756 4220 2845 4275 καὶ
2903 4219 3122 4298 χρόνοις
3189 4217 3392 4296 ὀλίγοις
3454 4217 3669 4294 ὕστερον

2151 4311 2292 4383 μονῇ
2322 4314 2412 4364 τοῦ
2455 4313 2703 4386 μοναχοῦ
2733 4305 3022 4384 Σερίδωνος
3056 4307 3426 4385 ἀποκείρεται,
3453 4304 3564 4384 [τὸ]
3598 4308 3682 4362 καὶ
3710 4312 3797 4362 τοῦ

2149 4396 2290 4454 θείου
2320 4394 2570 4452 Βιταλίου
2597 4394 2808 4453 κελλίον
2856 4397 2995 4454 κατὰ
3047 4394 3256 4462 πολλὴν
3315 4395 3414 4462 τὴν
3459 4397 3588 4472 πρὸς
3639 4395 3792 4450 αὒτὸν

415 4465 778 4553 Saridonis:
829 4491 890 4547 et
942 4501 1081 4544 cum
1145 4479 1233 4542 illi
1267 4479 1481 4541 fuisset
1513 4479 1724 4541 tradita
1755 4479 1822 4541 B.
1864 4480 2036 4542 Vitali

2130 4474 2328 4542 ’πίστιν
2365 4485 2715 4564 ἐγχειρισθεὶς
2776 4482 3073 4541 διετέλεσεν
3106 4483 3245 4542 οὕτω
3275 4485 3367 4540 τὸν
3407 4465 3607 4563 ἣσύχον
3641 4482 3788 4540 ἐκεῖ·

417 4578 571 4642 cella
603 4583 848 4658 propter
871 4589 1143 4652 magnam
1178 4571 1238 4632 in
1266 4570 1462 4649 ipsum
1508 4569 1713 4643 fidem,
1736 4569 1864 4632 illic
1893 4569 2069 4632 vitam

415 4671 676 4752 quietam
709 4665 770 4728 in
801 4662 1042 4728 silentio
1075 4659 1362 4740 transegit
1383 4659 1903 4752 perpetuo,donec
1935 4677 2072 4740 per-

415 4747 577 4822 venit
607 4757 678 4819 ad
715 4757 894 4819 finem
952 4753 1088 4813 vitae
1146 4756 1484 4831 praesentis.
1534 4747 1834 4810 Praeterea
1863 4759 2067 4813 autem

421 4847 761 4933 patriarcha
813 4860 1054 4925 quoque
1114 4857 1361 4933 magnas
1409 4838 1533 4933 Deo
1577 4837 1791 4933 agebat
1821 4838 2063 4918 gratias,

417 4929 577 5024 quod
611 4955 730 5000 non
763 4933 1161 5024 permisisset,
1193 4939 1254 4991 ut
1285 4929 1513 5024 aliquid
1568 4929 1797 5024 diceret
1837 4936 1938 5024 aut
1968 4947 2066 4990 co-

419 5018 635 5112 gitaret
692 5020 1237 5112 indignumibeata
1288 5019 1392 5082 illa
1450 5027 1517 5112 e_t_
1550 5018 1815 5112 gloriosa
1844 5019 2063 5112 anima.

417 5107 658 5202 Alioqui
686 5121 886 5180 autem
919 5111 1088 5174 multi
1115 5125 1354 5192 quoque
1383 5128 1452 5171 ex
1480 5109 1687 5190 iis,qui
1709 5107 2069 5202 habitabant

419 5196 864 5282 Alexandriam,
899 5201 1183 5265 meliores
1227 5205 1564 5274 evaserunt,
1620 5197 1723 5274 qui
1781 5196 2068 5279 propensi

423 5306 597 5364 erant
623 5297 696 5361 ad
724 5289 1276 5366 condemnandum,
1307 5288 1362 5352 ei
1394 5289 1548 5351 hanc
1588 5286 1801 5348 malam
1836 5286 2066 5349 didice-

421 5396 558 5455 rant
583 5383 1109 5452 consuetudinem.
1144 5380 1264 5444 Sed
1329 5378 1467 5441 talis
1526 5377 1774 5459 quidem
1827 5385 1955 5438 erat
1984 5377 2072 5440 vir

421 5479 526 5546 ille
553 5484 832 5551 sanctus;
865 5481 928 5538 et
987 5489 1086 5536 res
1121 5469 1256 5554 ejus
1283 5469 1401 5532 hoc
1431 5467 1609 5532 modo
1641 5485 1706 5530 se
1735 5465 2065 5533 habebant.

2152 4595 2218 4650 ae
2241 4575 2437 4650 μετιὼν
2485 4576 2625 4655 βίον,
2657 4572 2786 4654 ἄχρι
2818 4574 2908 4630 καὶ
2950 4576 3042 4631 τοῦ
3085 4575 3351 4642 παρόντος
3405 4574 3518 4648 βίου
3551 4575 3612 4630 τὸ
3643 4572 3788 4639 τέλος

2153 4662 2416 4744 ἔσχηκεν.
2450 4663 2586 4721 "En
2629 4686 2689 4742 γε
2722 4665 2830 4738 μὴν
2862 4665 2950 4720 καὶ
2981 4666 3008 4720 ὁ
3031 4663 3376 4742 πατριάρχης
3409 4661 3613 4726 πολλᾶς
3642 4665 3788 4736 ὣμο.

2151 4752 2300 4830 λόγει
2361 4760 2438 4825 τῷ
2505 4761 2621 4826 Θεῷ
2684 4754 2916 4833 χάριτας
2977 4753 3102 4828 παρ’
3167 4754 3194 4808 ὁ
3269 4755 3348 4826 μὴ
3415 4753 3784 4832 συγχωρηθείη

2153 4840 2365 4908 ἀνάξιόν
2395 4866 2444 4900 τι
2475 4842 2792 4924 φθέγξασθαι
2847 4842 2884 4910 ἢ
2947 4842 3193 4909 ἐννοῆσαι
3226 4851 3322 4913 τῆς
3355 4843 3618 4920 μακαρίας
3650 4841 3782 4897 ὲκεί-

2151 4953 2248 4998 νης
2292 4933 2380 4988 καὶ
2409 4931 2649 5006 ἀοιδίμου
2681 4936 2870 5011 ψυχῆς
2908 4952 2922 4966 ⁸
2973 4930 3152 4995 ἄλλως
3185 4951 3240 4986 τε
3270 4928 3324 4984 δὲ
3356 4933 3443 4986 καὶ
3473 4929 3659 4986 πολλοὶ
3687 4930 3785 4985 τῶν

2149 5022 2248 5089 τὴν
2291 5019 2698 5100 Ἀλεξάνδρειαν
2757 5021 3170 5094 κατοικούντων,
3228 5020 3294 5075 τὰ
3357 5018 3568 5097 μεγάλα
3638 5017 3786 5074 i631-

2149 5111 2444 5184 τιώθησαν,
2503 5113 2814 5191 προχείρως
2871 5111 2991 5186 περὶ
3046 5110 3107 5165 τὸ
3178 5109 3510 5185 κατακρίνειν
3554 5107 3789 5187 ἔχοντες,

2150 5200 2246 5258 καί
2305 5205 2406 5268 τὴν
2499 5202 2741 5278 πονηρὰν
2800 5200 3002 5268 ταύτήν
3057 5199 3424 5273 ἀπομαθόντες
3495 5199 3787 5267 συνήθειαν,

2153 5290 2332 5348 Ἀλλὰ
2363 5297 2529 5347 ταῦτα
2561 5292 2660 5366 μὲν
2691 5299 2782 5347 τού
2809 5292 2951 5346 ὁσίου
2983 5286 3165 5366 ἀνδρὸς
3200 5287 3399 5344 ἐκείνω
3449 5295 3664 5345 τοιαῦτα
3707 5291 3789 5346 καὶ

2175 5379 2342 5444 οὕτως
2366 5379 2588 5460 ἔχοντα,
