4032 6202
279 314 398 385 953

1286 318 1474 383 VITA
1517 317 1578 381 S.
1621 315 1946 382 JOANNIS
1991 315 2645 384 ELEEMOSYNARII.

3537 318 3657 389 954

1781 491 2022 558 CAPUT
2062 492 2162 560 XI.

1491 655 1850 722 Temeraria
1891 652 2127 732 iudicia
2170 658 2449 722 vitanda.

363 776 501 850 ΞΖ’,
560 786 800 865 Ἀρκέσει
843 786 900 844 δὲ
952 789 1042 845 καὶ
1093 790 1154 846 τὸ
1225 789 1546 867 ῥηθήσεσθαι
1589 785 1790 862 μέλλον
1847 783 1982 846 εὶςΑ

283 879 596 958 μαρτυρίαν,
642 878 790 943 ὅπως
820 877 1011 956 βραδύς
1057 882 1130 943 εἰς
1181 879 1493 953 κατάκρισιν
1540 877 1833 957 ἐτύγχανεν
1898 877 1925 930 ὁ

281 971 586 1045 θαυμαστὸς
642 969 1012 1048 πατριάρχης.
1047 969 1181 1033 Νέος
1241 992 1321 1033 τις
1377 967 1698 1031 ἀκολάστοις
1731 968 1926 1044 ὁρμαῖς

282 1060 588 1140 χρώμενος,
651 1058 750 1113 ἀνὰ
821 1058 922 1125 τὴν
978 1058 1137 1116 πόλιν
1222 1061 1443 1139 περιιὼν
1502 1055 1923 1135 Ἀλεξάνδρειαν,

282 1148 538 1228 παρθένον
584 1149 702 1205 τινα
729 1153 834 1202 τῶν
862 1149 955 1204 τὸν
985 1152 1291 1229 μοναχικὸν
1335 1151 1448 1226 βίον
1506 1145 1924 1224 ἀσπασαμένων,

281 1243 380 1308 τῆς
423 1239 622 1303 ιῦθιίας
664 1234 1081 1319 ἀποπλανῆσας,
1142 1243 1269 1296 εἶτα
1323 1238 1634 1317 ἐντριεφημα
1674 1241 1781 1299 τῶς
1827 1236 1928 1291 αὖ·

280 1339 374 1388 τοῦ
414 1328 633 1402 θέμενος
666 1326 970 1408 ἀσελγείας,
1037 1326 1156 1403 μετ’
1201 1327 1382 1407 ὁλίγον
1435 1329 1508 1391 εἰς
1553 1329 1616 1383 τὸ
1648 1325 1927 1396 Βυζάντιον

282 1420 376 1474 σὺν
409 1420 540 1494 αὖτῇ
567 1416 787 1494 ἀπέδρα.
816 1405 986 1496 ῃΟπερ
1042 1418 1265 1494 μαθόντι
1304 1405 1400 1490 7τῷ
1459 1416 1723 1488 θεσπεσίῳ
1753 1414 1927 1480 λύπης

283 1507 494 1576 πολλῆς
552 1508 786 1576 κατέστη
831 1508 1032 1568 αἴτιον.
1081 1511 1184 1567 Καὶ
1239 1516 1396 1565 τοῦτο
1427 1506 1492 1575 δὴ
1523 1509 1584 1564 τὸ
1617 1513 1708 1562 τοῦ
1741 1503 1926 1582 λόγου,

280 1601 456 1656 πάντα
505 1597 649 1655 λίθον
693 1599 878 1673 ἐκίνει,
940 1596 1183 1656 σπεύδων
1246 1599 1433 1662 αὖτοὺς
1465 1598 1546 1653 ὅτι
1573 1597 1745 1675 τάχος
1791 1594 1929 1650 ἀνα-

285 1687 475 1746 λαϐεῖν
501 1711 593 1748 του
627 1690 940 1764 πτώματος.
992 1689 1194 1766 Χρόνου
1223 1687 1278 1746 δὲ
1343 1691 1401 1744 τὸ
1458 1687 1651 1764 μεταξὺ
1681 1685 1928 1762 διαγενο-

288 1780 468 1852 μένευ,
530 1776 778 1856 διήγησιν
818 1779 950 1858 πρός
1004 1799 1152 1841 τινας
1196 1785 1303 1836 τῶν
1360 1785 1453 1834 τοῦ
1509 1775 1712 1852 κλήρου
1741 1779 1930 1854 ψυχῆς

284 1867 547 1949 ὠφέλειαν
591 1868 842 1943 ἐμποιεῖν
897 1867 1221 1944 δυναμένην,
1274 1875 1369 1924 τοῦ
1415 1867 1678 1941 μακαρίου
1707 1863 1925 1941 διηγου⁹

285 1959 469 2035 μένου,
517 1959 604 2015 καὶ
647 1960 681 2026 ἡ
741 1965 834 2016 τοῦ
892 1957 1011 2014 νέου
1086 1957 1289 2015 ἐκείνου
1328 1959 1415 2014 καὶ
1459 1957 1746 2035 νεωτερικά
1800 1953 1930 2032 δρά-

285 2071 474 2112 σαντος
520 2047 709 2128 ἔτυχεν
749 2046 914 2114 οὕτως
947 2048 1345 2128 παρενεχθῆναι
1382 2067 1396 2082 ’
1459 2049 1518 2103 ὃν
1550 2048 1698 2110 εὐθὺς
1731 2049 1778 2102 οἱ
1808 2046 1929 2102 τότε

286 2141 544 2218 παρόντες
575 2138 884 2208 κατέκρινόν
925 2160 984 2194 τε
1030 2137 1126 2194 καῖ
1186 2138 1556 2216 ἀπεκήρυττον
1608 2139 1680 2202 ὥς
1713 2138 1773 2193 ἐκ
1803 2159 1931 2211 μιας

288 2231 523 2289 ἅπαντες
567 2227 840 2307 γλώττης,
891 2228 951 2284 οὗ
980 2226 1070 2286 δύο
1111 2230 1290 2304 μόνων
1318 2230 1512 2308 ψυχῶν
1563 2226 1832 2284 ἀπώλειαν
1876 2228 1935 2282 τὸ

288 2321 608 2400 φαινόμενον
632 2315 814 2398 ὄφλειν
847 2319 1118 2396 λέγοντες,
1157 2317 1294 2374 ἀλλά
1353 2319 1440 2374 καὶ
1469 2315 1682 2374 πολλῶν
1714 2316 1930 2393 ἐτέρων,

289 2409 380 2473 οἷς
404 2410 478 2471 εἰς
509 2409 742 2486 πονηρὸν
793 2407 1028 2474 κατέστη
1083 2405 1447 2485 παράδειγμα.
1494 2408 1709 2468 Τούτοις
1741 2426 1934 2482 τοιγα-

290 2506 413 2578 ροῦν
446 2505 545 2566 τῆς
580 2501 876 2578 προχείρου
924 2499 1125 2564 ταύτης
1183 2495 1624 2577 ἐπιμεμφόμενος
1670 2495 1932 2572 κατακρί-

289 2609 450 2663 σεως,
515 2588 604 2654 Μὴ
636 2588 831 2666 οὕτως,
864 2587 1044 2656 εἶπεν,
1079 2587 1124 2643 ὦ
1178 2587 1358 2659 τέκνα,
1423 2589 1500 2660 μὴ
1561 2583 1770 2642 εῦκολοί
1813 2584 1931 2641 ἐστε

290 2679 389 2746 τὴν
445 2676 688 2755 γλῶτταν
745 2679 802 2733 εν
859 2683 936 2750 τῷ
969 2689 1249 2734 κατειπεῖν
1295 2682 1371 2748 τῷ
1416 2674 1668 2751 πλησίον,
1700 2677 1815 2731 επεὶ
1846 2675 1933 2730 καὶ

291 2770 449 2843 ὑμεῖς
508 2767 722 2829 πάντως
811 2764 923 2822 δυσὶ
979 2779 1173 2829 κακοῖς
1234 2765 1458 2840 μέλλετε
1534 2766 1745 2822 πίπτειν
1779 2780 1792 2795 ·
1860 2765 1935 2820 ἐνὶ

292 2859 413 2934 μὲν,
469 2866 564 2915 τοῦ
607 2857 684 2931 μὴ
745 2857 848 2934 πρὸ
907 2863 1092 2933 καιροῦ
1141 2878 1190 2912 τι
1247 2857 1442 2933 κρίνειν
1497 2854 1935 2930 διακελευομένου

291 2949 390 3011 τὴν
447 2944 673 3013 εντολῆν
702 2944 1118 3023 παραϐαίνοντες
1158 2964 1172 2980 ’
1210 2947 1372 3024 ἑτέρῳ
1403 2944 1482 3022 δὲ,
1536 2944 1617 3002 ὅτι
1668 2946 1730 3001 τὸ
1769 2945 1934 3024 μέχρι

289 3039 384 3095 τοῦ
405 3044 494 3096 νῦν
537 3036 823 3114 γενόμενον
881 3035 1222 3112 ἀγνοοῦντες,
1285 3037 1470 3111 κριτὰς
1527 3037 1743 3096 ἑαυτοὺς
1789 3034 1934 3092 ἐκεί-

292 3150 382 3185 νου
433 3127 572 3185 κατὰ
625 3124 832 3194 πολλὴν
882 3126 1120 3196 καθίζετε
1180 3126 1278 3194 τὴν
1339 3126 1642 3206 εὐχέρειαν.
1685 3123 1936 3192 ’Ἄδηλον

293 3218 395 3296 γὰρ
438 3217 650 3282 πάντως
695 3215 809 3272 εἴτε
871 3216 945 3280 είς
1005 3213 1156 3293 δεῦρο
1200 3219 1277 3289 τῷ
1305 3216 1653 3292 ἁμαρτήματι
1684 3212 1933 3293 παραμέο

292 3329 462 3380 νουσι,
496 3306 532 3375 ἢ
565 3303 926 3381 μετεϐάλοντο
968 3306 1100 3378 πρὸς
1135 3303 1438 3383 διόρθωσιν,
1472 3307 1617 3383 Ἐγὼ
1647 3306 1748 3384 γάρ
1777 3325 1934 3378 ποτε,

292 3396 421 3476 ἔφη,
451 3397 565 3474 βίον
591 3397 734 3458 τινὸς
770 3400 874 3450 τῶν
926 3394 1180 3474 μεγάλων
1227 3395 1478 3472 Πατέρων
1527 3396 1931 3474 ἀναγινώσκων,

2089 785 2312 851 LXVII.
2346 786 2612 850 Sufﬁciet
2641 797 2839 851 autem
2871 789 2932 852 id
2981 792 3222 872 quoque
3252 791 3408 872 quod
3442 802 3536 855 est
3560 792 3660 856 di-

2012 876 2292 947 cendum,
2317 878 2388 939 ad
2426 878 2765 940 testandum
2797 899 2972 960 quam
3017 889 3174 942 esset
3206 881 3410 943 tardus
3437 888 3532 944 vir
3559 883 3658 948 ille

2011 965 2384 1029 admirabilis
2415 968 2488 1029 ad
2521 967 3106 1033 condemnationem.
3139 971 3388 1045 Quidam
3416 973 3658 1053 juvenis

2011 1055 2661 1136 impudicuscivitatem
2688 1057 2899 1121 obiens
2924 1060 3508 1142 Alexandriam,cum
3534 1065 3655 1125 vir-

2013 1147 2212 1222 ginem
2246 1147 2565 1228 quamdam
2593 1166 2663 1210 ex
2688 1148 2783 1222 iis,
2809 1168 2944 1229 qua:
2974 1151 3148 1212 vitam
3180 1152 3467 1232 amplexae
3489 1163 3659 1218 erant

2015 1237 2425 1313 monasticam,
2448 1258 2483 1300 a
2504 1238 2593 1300 via
2621 1249 2788 1301 recta
2808 1240 3244 1316 abduxisset,et
3271 1242 3490 1304 deinde
3521 1261 3652 1306 eam

2013 1343 2136 1388 suae
2182 1325 2454 1388 libidinis
2489 1337 2548 1390 et
2577 1329 3053 1409 intemperantiae
3106 1331 3650 1410 fecissetdelicias,

2015 1416 2187 1504 paulo
2209 1424 2344 1495 post
2379 1436 2514 1479 cum
2547 1437 2616 1479 ea
2650 1418 2876 1495 aufugit
2905 1419 3279 1500 Byzantium.
3314 1420 3478 1494 Quod
3511 1423 3652 1504 qui-

2013 1503 2149 1566 dem
2177 1523 2313 1567 cum
2342 1507 2682 1569 rescivisset
2707 1507 2792 1569 vir
2822 1508 3304 1590 divinus,magno
3327 1503 3545 1575 dolore
3565 1522 3658 1576 est

2013 1594 2431 1669 aliectus,et.ut
2450 1596 2930 1666 dicitur,omnem
2959 1600 3232 1660 movebat
3249 1601 3656 1682 lapidem,stuo

2015 1683 2165 1746 dens
2196 1703 2301 1747 eos
2323 1705 2356 1747 a
2389 1687 2555 1768 lapsu
2577 1705 2880 1750 revocare.
2914 1688 3226 1770 Aliquanto
3267 1700 3464 1752 autem
3499 1701 3654 1754 tem-

2015 1794 2158 1856 pore
2190 1777 2528 1858 interjecto,
2561 1779 2780 1840 accidit
2811 1790 2874 1841 ut
2913 1800 3047 1842 cum
3078 1783 3233 1863 apud
3266 1784 3552 1864 quosdam
3585 1805 3659 1849 ex

2013 1867 2178 1929 clero
2208 1878 2476 1930 narraret
2495 1867 2705 1930 beatus
2727 1870 3044 1950 quamdam
3069 1873 3492 1949 narrationem,
3527 1895 3659 1956 quas

2015 1965 2246 2037 poterat
2276 1977 2484 2020 eorum
2509 1959 2725 2021 anima:
2745 1961 2958 2022 atierre
2981 1961 3486 2042 utilitatem,illius
3507 1985 3661 2047 quo-

2015 2065 2132 2126 que
2155 2047 2421 2126 juvenis,
2447 2049 2548 2128 qui
2572 2049 2697 2111 haec
2721 2051 2990 2112 recentia
3017 2049 3258 2125 fecerat,
3285 2052 3456 2114 fieret
3487 2073 3663 2117 men-

1959 2153 1994 2202 B
2019 2137 2122 2218 tio;
2158 2155 2336 2215 quem
2370 2139 2468 2218 qui
2502 2146 2642 2200 tunc
2672 2140 2940 2216 aderant,
2976 2144 3251 2222 protinus
3289 2145 3660 2209 condemna-

2021 2227 2494 2310 hant,_tanquam
2522 2249 2640 2291 uno
2673 2249 2779 2292 ore
2809 2249 3019 2292 omnes
3050 2231 3340 2307 dicentes,
3375 2252 3512 2296 eum
3545 2255 3664 2300 non

2018 2319 2211 2379 solum
2236 2319 2497 2391 duas,'ut
2531 2321 2880 2400 apparebat,
2908 2321 3245 2401 perdidisse
3271 2324 3525 2397 animas,
3557 2327 3668 2389 sed

2019 2416 2078 2468 et
2099 2415 2215 2468 tam
2241 2408 2458 2469 multas
2481 2409 2648 2484 alias,
2673 2411 2892 2490 quibus
2915 2411 3026 2472 hoc
3059 2412 3280 2472 malum
3315 2421 3440 2474 erat
3463 2433 3669 2478 exem-

2021 2496 2148 2574 plar
2179 2498 2574 2576 propositum.
2599 2497 2816 2560 Eorum
2842 2500 3042 2580 itaque
3070 2519 3320 2580 magnus
3351 2502 3452 2564 ille
3483 2503 3663 2569 nimis

2016 2585 2251 2649 facilem
2302 2587 2766 2666 reprehendens
2813 2589 3397 2654 condemnationem.
3443 2595 3661 2672 Nolite,

2018 2677 2232 2758 inquit,
2262 2696 2296 2738 ο
2331 2677 2462 2754 ﬁlii,
2500 2679 2687 2740 nolite
2719 2697 2852 2741 esse
2895 2679 3096 2760 lingua
3143 2689 3259 2742 tam
3290 2685 3549 2766 prompti
3590 2689 3663 2749 ad

2019 2767 2456 2830 detrahendum
2504 2768 2795 2847 proximo.
2833 2771 2981 2833 Nam
3015 2770 3102 2832 sic
3128 2771 3370 2853 quidem
3404 2775 3664 2839 futurum

2019 2865 2206 2930 est,ut
2227 2875 2328 2917 vos
2349 2858 2595 2919 omnino
2619 2859 2678 2920 in
2705 2858 2822 2920 duo
2844 2859 2996 2921 mala
3013 2860 3502 2933 incidatis,unum
3526 2866 3668 2946 qui-

2019 2945 2181 3022 dem,
2211 2947 2723 3024 transgredientes
2757 2960 3119 3029 przeceptum
3152 2951 3338 3028 illius,
3373 2957 3474 3034 qui
3498 2945 3671 3034 jubet

2021 3055 2140 3097 non
2163 3035 2439 3113 judicare
2463 3047 2602 3100 ante
2637 3046 2878 3120 tempus
2913 3061 2928 3114 ;
2961 3040 3217 3102 alterum
3247 3050 3471 3120 autem,
3506 3047 3668 3123 quod

2017 3125 2365 3205 ignorantes
2385 3128 2543 3207 quod
2578 3129 2893 3206 hucusque
2925 3129 3143 3193 factum
3173 3139 3284 3203 est,
3311 3150 3414 3194 vos
3446 3152 3664 3214 magna

2021 3216 2310 3278 facilitate
2365 3217 2731 3281 constituitis
2770 3220 3034 3301 judices.
3071 3220 3174 3282 Est
3222 3222 3385 3285 enim
3419 3223 3668 3286 omnino

2021 3307 2423 3376 incertum.an
2448 3307 2762 3386 hucusque
2795 3319 3184 3389 permaneant
3214 3312 3274 3373 in
3309 3322 3667 3391 peccato,an

2022 3397 2229 3458 mutati
2280 3395 2401 3459 sint
2427 3398 2500 3460 ad
2555 3405 3023 3464 correctionem.
3058 3399 3179 3480 Ego
3225 3401 3414 3476 enim,
3446 3402 3663 3484 inquit,

291 3487 519 3561 τοιούτῳ
545 3487 648 3543 τινὶ
697 3483 954 3565 ὠφελείας
998 3493 1181 3561 μεστῷ
1237 3482 1534 3563 διηγήματι
1589 3494 1931 3563 περιέτυχον,

2021 3485 2342 3566 aliquando
2399 3487 2606 3566 legens
2637 3489 2813 3550 vitam
2847 3489 3160 3570 cujusdam
3212 3491 3408 3570 magni
3441 3482 3676 3557 ex_Pa-

297 3577 411 3657 Ε’ίχ
415 3598 438 3632 ε
469 3575 523 3633 δὲ
554 3577 748 3640 οὕτως.

373 3745 518 3816 Ξεί
568 3759 656 3822 Εἰς
693 3757 856 3835 Τύρον
903 3758 1002 3825 τὴν
1061 3757 1214 3816 πόλιν
1259 3758 1500 3836 μοναχοὶ
1546 3757 1636 3815 δύο
1665 3755 1935 3813 διακονίαν

293 3844 462 3916 δήπου
521 3846 848 3926 πληροῦντες
907 3847 1158 3928 ἀφίκοντο
1187 3867 1201 3882 ⁶
1249 3847 1454 3925 θατέρῳ
1503 3845 1556 3903 δὲ
1607 3848 1808 3903 τούτων
1859 3847 1935 3909 είς

293 3937 455 3994 τόπον
514 3937 762 4014 παριόντι
823 3939 939 3993 τινὰ
993 3939 1090 4013 μία
1161 3944 1268 3995 τῶν
1314 3940 1543 4016 πορνῶν,
1593 3938 1660 4006 ἧς
1705 3934 1938 4011 τοῦνομα

293 4030 583 4108 Πορφυρία,
613 4027 800 4084 εἵπετο
831 4028 1096 4105 κράζουσα
1133 4043 1146 4058 ⁸
1203 4029 1377 4105 Πάτερ
1412 4028 1578 4102 τίμιε,
1636 4027 1810 4083 σῶσόν
1844 4048 1934 4102 με,

296 4117 394 4175 οἶά
423 4139 552 4173 ποτε
582 4117 680 4184 τὴν
726 4117 930 4192 πόρνην
981 4117 1188 4184 Ἰησοῦς
1242 4120 1268 4173 ὁ
1312 4119 1556 4195 Χριστός,
1593 4108 1651 4175 Ὀ
1683 4115 1737 4173 δὲ
1772 4115 1938 4192 μηδὲν

294 4213 400 4263 τῶν
453 4207 793 4284 ἀνθρωπίνων
866 4206 1352 4285 ὑπολογισάμενος,
1424 4206 1716 4282 λαϐόμενος
1772 4211 1938 4274 αὐτῆς

294 4296 394 4364 τῆς
439 4297 627 4376 χειρὸς
687 4297 790 4353 ὑπὸ
822 4295 1038 4354 πολλῶν
1071 4298 1320 4371 ὁρώντων
1365 4310 1483 4360 τοῖς
1518 4297 1821 4378 ὀφθαλμοῖς
1855 4295 1940 4354 διὰ

298 4385 472 4459 μέσης
504 4389 603 4451 τῆς
631 4384 842 4446 πόλεως
875 4383 1058 4450 ἔξεισι.
1105 4388 1275 4461 Φήμη
1327 4394 1608 4464 τοιγαροῦν
1658 4396 1942 4468 πανταχοῦ

297 4472 612 4552 διέῤῥευοεν,
668 4476 741 4538 ὡς
795 4474 888 4541 εἴη
949 4477 976 4531 ὁ
1035 4477 1282 4556 μοναχὸς
1338 4479 1550 4540 ὶκεῖνος
1604 4479 1676 4538 εἷς
1711 4491 1940 4554 γυναῖκα

298 4564 397 4630 τὴν
424 4565 722 4644 Πορφυρίαν
779 4561 983 4626 λαϐών.
1023 4575 1239 4624 Διιοῦσα
1273 4563 1327 4620 δὲ
1356 4567 1391 4634 ἡ
1424 4567 1594 4646 πόρνη
1648 4567 1738 4624 σὺν
1799 4570 1942 4638 αύτῷ

299 4651 488 4714 πόλεις
541 4674 598 4709 τε
651 4655 739 4709 καὶ
797 4653 1011 4728 κώμας,
1070 4655 1251 4736 βρέφει
1318 4659 1698 4736 περιτυγχάνει
1755 4656 1938 4734 χαμαί

2020 3575 2238 3651 tribus,
2273 3577 2460 3639 incidi
2489 3579 2548 3640 in
2589 3579 2764 3640 talem
2799 3579 3203 3642 narrationem
3239 3581 3475 3662 plenam
3507 3584 3676 3646 utili-

2021 3674 2159 3729 tate.
2197 3666 2297 3730 Sic
2329 3678 2526 3730 autem
2561 3669 2824 3731 habebat
2855 3691 2872 3732 :

2099 3756 2350 3820 LXVIII.
2384 3761 2450 3821 In
2480 3758 2699 3839 Tyrum
2727 3759 3024 3821 civitatem
3059 3774 3347 3824 venerant
3378 3764 3496 3826 duo
3531 3785 3663 3827 mo-

2022 3848 2221 3921 nachi,
2255 3847 2454 3929 aliquo
2487 3849 2805 3928 fungentes
2840 3851 3202 3913 ministerio.
3224 3852 3500 3916 Alterum
3525 3873 3665 3918 vero

2021 3955 2399 4011 eorum,cum
2424 3938 2688 4001 venisset
2709 3939 2769 4000 in
2794 3939 3114 4020 quemdam
3142 3941 3361 4017 locum,
3394 3943 3662 4023 quaedam

2024 4027 2332 4089 meretrix.
2370 4033 2464 4088 cui
2503 4047 2726 4089 nomen
2762 4037 2893 4090 erat
2923 4031 3272 4112 l’orpbyria,
3305 4031 3672 4110 sequebatur

2022 4115 2682 4180 clamans:Venerande
2700 4117 3077 4193 Pater,serva
3105 4121 3389 4196 me,sicut
3413 4121 3554 4185 olim
3578 4122 3677 4188 Je-

2021 4226 2125 4268 sus
2171 4207 2450 4270 Christus
2500 4207 2906 4270 meretricem.
2961 4208 3068 4272 Ille
3093 4220 3227 4272 aute
3278 4212 3676 4276 humanarum

2023 4315 2223 4359 rerum
2260 4297 2408 4360 nihil
2434 4309 2828 4379 reputans,ea
2852 4317 3030 4360 manu
3058 4309 3328 4382 accepta,
3353 4303 3558 4366 multis
3586 4307 3675 4367 vi-

2026 4387 2647 4464 dentibus,egreditur
2675 4407 2784 4464 per
2805 4389 3060 4451 mediam
3088 4389 3680 4459 civitatem.Manavit

2023 4477 2223 4556 itaque
2263 4477 2419 4540 fama
2445 4478 2504 4540 in
2544 4496 2755 4540 omnes
2786 4489 3006 4560 partes,
3031 4482 3188 4560 quod
3212 4479 3315 4542 ille
3347 4484 3679 4546 monachus

2023 4567 2082 4628 in
2104 4585 2348 4630 uxorem
2373 4569 2707 4645 accepisset
2728 4567 3292 4649 Porphyriam.Cum
3320 4571 3450 4651 ipso
3469 4571 3680 4636 obiens

2026 4657 2322 4718 meretrix
2351 4659 2532 4720 urbes
2565 4668 2624 4718 et
2655 4659 3071 4734 vicos,incidit
3100 4659 3158 4720 in
3193 4660 3475 4723 infantem
3512 4663 3680 4725 humi

296 4741 528 4817 κειμένῳ
561 4757 576 4773 ⁶
643 4743 775 4820 ὅπερ
821 4745 910 4800 ἒπὶ
953 4744 1032 4819 τῷ
1060 4745 1352 4824 ἀναθρέψαι
1382 4745 1768 4827 φιλανθρώπως
1813 4745 1933 4800 ἀνε-

2021 4747 2346 4826 jacentem.
2367 4746 2556 4820 Quem
2581 4748 2824 4830 quidem
2853 4767 2988 4809 cum
3014 4747 3278 4830 benigne
3308 4751 3676 4826 sustulisset,

296 4831 502 4906 λομένη
534 4832 867 4908 βαστάζουσα
920 4836 1012 4900 ἦν.
1050 4835 1237 4912 Χρόνῳ
1297 4834 1352 4892 δέ
1381 4848 1480 4893 τίνι
1510 4837 1727 4914 ὕστερον
1764 4836 1933 4912 Τύριοι

2027 4845 2089 4896 ut
2117 4837 2304 4898 aleret
2329 4855 2533 4898 secum
2571 4856 2706 4897 eum
2736 4837 3037 4918 portabat.
3067 4836 3212 4901 Cum
3245 4839 3446 4922 aliquo
3476 4851 3672 4903 autem

297 4919 689 4985 καταλαϐόντες
736 4921 855 4979 ἔνθα
911 4926 1056 4980 οὗτοι
1114 4923 1398 5004 διέτριϐον,
1464 4928 1554 4983 καὶ
1609 4927 1670 4982 τό
1733 4923 1933 4983 παιδίον

2027 4936 2298 5008 tempore
2331 4929 2594 4989 venisset
2622 4926 2781 5009 Tyrii
2822 4927 2883 4989 in
2918 4947 3054 4989 eum
3088 4929 3307 5002 locum,
3345 4919 3445 4990 ubi
3475 4949 3680 4994 versa-

297 5011 400 5068 ὑπό
443 5033 506 5090 γε
553 5017 650 5080 τῆς
700 5011 904 5091 πόρνης
932 5011 1131 5076 ἰδόντες
1175 5015 1602 5091 ἧγκα).ισμέιον,
1635 5016 1815 5093 ὥσπερ
1845 5015 1933 5094 ἐγ·

2030 5017 2268 5089 bantur,
2305 5025 2363 5078 et
2410 5017 2791 5078 meretricem
2848 5018 3140 5080 vidissent
3187 5019 3247 5079 in
3279 5019 3422 5080 ultis
3471 5027 3680 5082 tenere

297 5101 585 5179 γελῶντες,
619 5104 708 5160 καὶ
765 5110 856 5160 τοῦ
915 5107 1159 5181 γενναίου
1221 5105 1373 5164 τοῦδε
1432 5104 1618 5185 ἀνδρὸς
1673 5129 1933 5184 κατειρω-

2025 5104 2341 5178 infantem,
2380 5106 2561 5167 veluti
2595 5106 2948 5181 irridentes,
2983 5115 3042 5168 et
3071 5107 3376 5186 egregium
3410 5108 3569 5168 hunc
3600 5110 3682 5170 vi-

302 5192 598 5267 νευόμενοι,
632 5191 900 5264 Ἀληθῶς,
937 5193 1121 5271 ἔλεγον
1166 5196 1298 5272 πρὸς
1345 5195 1533 5269 ανότῆν,
1569 5196 1673 5276 οὔχ
1703 5197 1933 5274 ἥμαρτες

2025 5214 2158 5257 rum
2213 5196 2633 5258 ludiﬁcantes:
2671 5196 2757 5257 Re
2791 5215 2953 5272 vera,
2989 5198 3042 5258 ei
3099 5197 3400 5271 dicebant,
3435 5215 3466 5258 a
3495 5217 3678 5279 scopo

301 5288 393 5338 τοῦ
439 5290 640 5339 σκοποῦ
675 5297 687 5310 ⁸
735 5281 901 5338 καλὸν
932 5285 1030 5361 γάρ
1063 5305 1146 5339 σοι
1179 5285 1240 5340 τὸ
1270 5284 1330 5340 ἐκ
1361 5293 1452 5340 τοῦ
1483 5293 1729 5366 μοναχοῦ
1757 5285 1933 5342 τέκνον

2029 5304 2147 5346 non
2181 5285 2491 5348 aberrasti.
2532 5286 2790 5349 Pulcher
2807 5285 2965 5347 enim
2985 5285 3094 5348 tibi
3119 5286 3274 5348 filius
3295 5295 3468 5348 natus
3489 5298 3578 5350 est
3608 5308 3680 5353 ex

300 5370 690 5439 ἀποκεκύητιι.
753 5375 820 5429 O'i
864 5375 952 5428 καὶ
995 5375 1069 5436 εἰς
1113 5373 1277 5444 Τύρον
1337 5374 1740 5448 ἐπανελθόντες,
1790 5374 1933 5454 λόγοι

2031 5377 2472 5449 monacho.Qui
2501 5376 2679 5437 etiam
2703 5377 2920 5457 Tyrum
2946 5377 3196 5452 reversi,
3223 5393 3352 5436 eam
3388 5395 3512 5438 rem
3538 5379 3678 5441 ubi-

296 5459 614 5542 ἀπανταχοῦ
643 5459 970 5540 διέσπειραν,
1029 5460 1090 5518 ἐκ
1136 5469 1230 5518 τοῦ
1274 5471 1518 5543 μοναχοῦ
1580 5465 1778 5530 ταύτην
1810 5485 1933 5519 παι-

2029 5482 2144 5542 que
2167 5465 2664 5538 disseminarunt,
2700 5466 2857 5548 quod
2885 5483 2954 5527 ea
2975 5484 3046 5526 ex
3076 5466 3372 5527 monacho
3399 5469 3678 5550 peperis-

296 5546 402 5606 δίον
461 5550 772 5625 ἀποτελεῖν,
837 5565 1026 5632 σαρετς
1085 5552 1288 5610 ἐκείνου
1317 5551 1572 5625 διασῶζον
1618 5554 1738 5620 τοὺς
1769 5576 1933 5633 χαρα·

2024 5561 2116 5616 set
2159 5555 2376 5627 (ilium.
2408 5555 2510 5637 qui
2543 5546 3084 5635 illius‘expressam
3147 5546 3522 5620 conservavit
3554 5559 3677 5623 elli-

290 5641 513 5720 κτῆρας.
547 5640 698 5699 Οὕτω
726 5639 926 5722 σχεδὸν
981 5643 1028 5700 οἱ
1072 5641 1342 5722 ἅνθρωποι
1404 5643 1616 5723 ἕτοιμοι
1656 5651 1933 5702 πιστεῦσαι

2023 5645 2206 5725 giem.
2240 5645 2324 5708 Ita
2353 5645 2480 5710 fere
2511 5652 2650 5707 sunt
2682 5644 2958 5708 homines
3003 5645 3269 5730 prompti
3300 5644 3377 5710 ad
3409 5647 3673 5715 creden-
