4098 6202
417 275 533 346 955

1713 273 1994 339 MENSIS
2031 272 2483 338 IANUARIUS.

3659 272 3774 342 956

418 412 562 476 dum
588 408 1034 493 suspicionibus
1060 417 1118 472 et
1141 407 1397 472 maxime
1419 407 1520 490 qui
1546 415 1682 470 sunt
1710 407 1850 469 mali
1881 409 2056 471 etﬂa-

2139 422 2261 472 ταῖς
2321 411 2616 486 ὑπονοίαις,
2675 411 2762 468 καὶ
2832 409 3066 485 μάλιστα
3115 411 3304 494 φαῦλοι
3361 416 3451 471 καὶ
3496 417 3772 496 μοχθηροί

417 500 645 583 gitiosi,
679 510 737 565 et
765 520 799 563 a
829 517 894 562 se
925 501 1147 561 habent
1204 507 1507 578 acceptam
1539 497 1827 560 credendi
1873 517 2055 560 occa-

418 594 680 654 sionem.
713 589 921 654 Statim
955 607 1112 650 enim
1149 596 1423 668 tanquam
1455 606 1486 648 e
1525 587 1857 669 propinquo
1890 593 2052 669 seip-

421 701 520 744 sos
551 690 731 743 testes
758 677 1146 757 accipientes,
1176 676 1328 738 alios
1357 685 1638 739 accusant
1668 676 2054 753 facile;simul

417 771 658 850 quidem
691 785 756 830 se
802 769 1072 830 volentes
1099 765 1341 845 explere
1387 766 1623 828 deliciis
1654 765 1858 828 talium
1889 772 2056 847 cogi-

417 859 705 920 tationum
753 865 810 917 et
867 855 1214 931 verborum,
1250 865 1307 917 et
1361 857 1672 935 cupientes
1721 874 1853 918 esse
1908 857 2056 918 alios

413 946 693 1008 similiter
723 945 1057 1026 improbos;
1081 954 1140 1008 et
1171 946 1257 1006 sic
1280 946 1589 1007 studentes
1619 946 1802 1007 vitare
1829 947 2050 1026 plagas,

415 1056 546 1118 quae
595 1036 936 1098 inferuntur
967 1035 1054 1097 cis
1085 1055 1118 1096 a
1165 1035 1550 1098 conscientia.
1587 1036 1913 1097 Monachus
1942 1055 2052 1097 au-

413 1136 530 1190 tem
566 1145 701 1188 cum
738 1125 1096 1188 totondisset
1129 1126 1538 1206 Porphyriam,
1573 1135 1629 1186 et
1680 1126 1733 1186 ei
1768 1126 2052 1187 monasti-

412 1236 545 1281 cum
601 1215 986 1294 imposuisset
1021 1215 1308 1289 habitum,
1344 1223 1511 1276 vocat
1553 1234 1685 1277 eam
1722 1214 2047 1294 Pelagiam,

413 1317 472 1370 et
519 1305 800 1369 concedit
841 1307 920 1380 ei,
956 1313 1017 1366 ut
1065 1305 1126 1366 in
1181 1305 1542 1368 monasterio
1589 1305 1879 1386 virginum
1923 1315 2054 1384 agat

410 1397 739 1460 silentium.

468 1485 666 1551 LXIX.
691 1485 833 1548 Cum
857 1502 999 1547 vero
1019 1484 1410 1565 praescivisset
1435 1484 1594 1546 diem
1619 1487 1714 1546 sui
1738 1485 2045 1560 decessus,

410 1578 509 1640 illa
531 1595 776 1654 quoque
805 1576 1236 1654 accepta,redit
1256 1577 1473 1654 Tyrum
1508 1576 1651 1637 Eam
1677 1587 1875 1637 autem
1905 1596 2053 1656 puer

410 1685 648 1750 quoque
681 1665 1210 1745 sequebatur,jam
1241 1673 1467 1744 septem
1508 1684 1695 1725 annos
1730 1674 1922 1729 natus.
1960 1665 2050 1728 Ad

409 1737 620 1820 omnes
653 1737 796 1818 vero
827 1737 1270 1836 pervenit‘fama
1307 1737 1513 1816 eorum
1540 1755 1853 1828 adventus,
1888 1755 2049 1836 quod
2078 1737 2110 1784 Β

411 1847 645 1910 scilicet
694 1847 1011 1908 revertitur
1059 1845 1383 1925 Porphyria
1426 1864 1562 1906 cum
1615 1846 1906 1908 monacho
1942 1865 2049 1906 suo

409 1939 688 2018 conjuge.
725 1935 951 1998 Deinde
976 1954 1108 1997 cum
1153 1945 1478 2013 agrotasset
1514 1936 1946 2009 monachus,et
1975 1936 2048 1998 ad

411 2040 667 2090 mortem
687 2028 806 2104 jam
835 2025 1396 2106 spectaret,plurimi
1418 2024 1487 2085 ad
1509 2043 1643 2085 enm
1663 2035 2048 2088 accesserunt

408 2137 480 2180 ex
523 2116 976 2198 habiiatoribus,
1009 2116 1138 2196 ejus
1161 2115 1437 2176 visitandi
1460 2116 1664 2192 gratia.
1701 2115 1762 2176 In
1793 2135 2044 2195 quorum

405 2216 729 2287 conspectu
751 2205 1176 2284 cumjussisset
1199 2205 1398 2266 aﬁ‘erri
1423 2203 1786 2266 thuribulum
1806 2205 2046 2284 plenum

406 2296 803 2361 candentibus
833 2295 1221 2370 carbonibus,
1254 2295 1474 2375 accipit
1513 2314 1615 2357 eos
1644 2295 1957 2366 carbones,
1995 2304 2052 2358 et

407 2388 669 2450 infundit
686 2386 745 2450 in
773 2387 1065 2459 sinum,et
1087 2384 1368 2447 omnibus
1390 2384 2052 2448 audientibuszBenedi-

406 2477 782 2557 ctus,inquit,
813 2475 1247 2556 Dominus,qui
1269 2475 1408 2536 olim
1434 2475 1646 2536 rubum
1674 2475 1927 2536 servavit
1951 2473 2047 2536 in-

407 2567 679 2630 combus:
703 2567 750 2627 is
779 2566 923 2627 mihi
949 2565 1127 2627 fuerit
1151 2565 1318 2627 testis
1343 2565 1724 2642 ﬁdelis,quod
1749 2564 2048 2646 quomodo

406 2677 570 2720 meas
602 2664 798 2719 vestes
823 2675 940 2717 non
975 2655 1165 2734 attigit
1195 2656 1320 2716 haec
1353 2673 1482 2734 quae
1503 2663 1592 2716 est
1623 2655 1683 2715 in
1706 2655 1845 2732 igne
1875 2674 2048 2717 uren-

405 2749 464 2809 di
509 2748 625 2822 vis,
661 2747 740 2809 ita
771 2766 882 2808 nec
913 2764 1026 2823 ego
1058 2744 1224 2824 attigi
1257 2745 1568 2807 mulierem
1627 2754 1744 2806 toto
1775 2753 2045 2825 tempore

403 2839 535 2899 vita!
567 2855 735 2900 mete.
776 2833 878 2898 His
921 2835 1142 2897 auditis
1189 2853 1400 2896 omnes
1431 2835 1887 2914 obstupuerunt,
1922 2834 2042 2896 Deo

2137 496 2309 578 ὄντες,
2368 502 2457 556 καὶ
2500 500 2712 558 οἴκοθεν
2757 501 2904 580 ἔχειν
2950 502 3042 564 τὰς
3085 509 3178 559 τοῦ
3230 504 3494 560 πιστεύειν
3526 504 3770 583 ἀφορμὰς

2135 585 2434 664 δυνάμενοι,
2486 589 2641 652 Εὒθὺς
2702 592 2827 671 γὰρ,
2870 591 3051 670 ὥσπερ
3111 592 3325 656 ἑαυτοὺς
3365 591 3426 648 ἐκ
3468 602 3562 652 τοῦ
3604 593 3770 672 ἐγγυ-

2136 679 2295 738 τάτου
2352 678 2712 754 λαμϐάνοντες
2765 681 3057 759 μάρτυρας,
3104 690 3462 761 κατηγοροῦσι
3517 690 3624 740 τῶν
3668 683 3772 740 άλ-

2139 766 2247 823 λων
2290 768 2503 846 ageam,
2541 769 2653 845 ἅμα
2697 771 2795 845 μὲν
2824 784 2942 834 τοῖς
2975 771 3234 833 τοιούτοις
3279 773 3512 846 νοήμασί
3558 795 3615 829 τε
3680 773 3772 830 ιαΐ

2137 857 2372 934 ῥήμασιν
2431 859 2686 939 ἐντρυφᾷν
2745 859 3089 940 βουλόμενοι,
3145 861 3254 937 ἅμα
3306 858 3362 917 δὲ
3415 860 3504 919 καὶ
3565 862 3774 940 ἐτέρους

2138 947 2208 1010 εἰς
2245 949 2547 1027 μοχθηρίαν
2608 950 2820 1022 ὁμοίους
2873 949 3022 1030 ἔχειν
3067 949 3460 1026 ἐπιθυμοῦντες,
3517 953 3604 1008 καὶ
3636 951 3775 1008 οὕτω

2138 1037 2349 1120 φεύγειν
2381 1035 2766 1108 σπουδάζοντες
2809 1039 2902 1102 τὰς
2935 1039 2996 1095 ἐκ
3026 1041 3120 1096 τοῦ
3171 1039 3469 1106 συνειδότος
3526 1040 3770 1120 πληγάς.

2141 1118 2198 1182 Ὀ
2255 1125 2437 1200 μέντοι
2497 1130 2739 1207 μοναχὸς
2827 1128 3106 1206 ἀποκείρας
3173 1132 3269 1199 τὴν
3323 1131 3636 1210 Πορφυρίαν,
3685 1131 3776 1186 καὶ

2137 1217 2196 1272 τὸ
2239 1223 2345 1272 τῶν
2409 1223 2666 1295 μοιθαχῶν
2739 1218 2872 1294 αὒτῇ
2936 1222 3131 1298 σχῆμα
3190 1222 3441 1298 περιθεὶς,
3504 1218 3776 1297 Πελαγίαν

2137 1305 2485 1380 μετονομάζει
2514 1310 2601 1363 καὶ
2631 1307 2706 1370 εἰς
2737 1311 3043 1386 παρθενὼνα
3077 1307 3283 1366 δίδωσιν
3313 1309 3629 1390 ἡσυχάζειν.

2216 1484 2362 1547 ΞΘ’,
2407 1484 2561 1542 Ἐπεὶ
2607 1484 2660 1542 δὲ
2707 1486 2950 1564 προέγνω
2978 1490 3077 1557 τὴν
3123 1491 3328 1567 ἡμέραν
3358 1490 3454 1558 τῆς
3486 1489 3770 1560 τελευτῆς,

2136 1572 2460 1653 παραλαϐὼν
2499 1575 2771 1652 κάκείνην,
2803 1576 3047 1635 ἐπάνεισι
3080 1583 3212 1658 πρὸς
3239 1581 3336 1647 τὴν
3371 1582 3534 1646 Τύρον
3570 1598 3584 1614 ο
3620 1580 3689 1646 ἦν
3718 1576 3775 1634 δὲ

2137 1665 2230 1720 καί
2259 1666 2319 1719 τὸ
2354 1662 2560 1720 παιδίον
2605 1668 2738 1741 αὒτῇ
2770 1669 3151 1743 συνεπόμενον,
3187 1671 3323 1727 ἑπτὰ
3365 1671 3595 1748 χρόνους
3630 1689 3774 1748 σχε-

2133 1751 2222 1809 δὸν
2255 1756 2497 1830 γεγονός,
2549 1754 2768 1821 Διεδόθη
2811 1754 2865 1811 δὲ
2911 1759 3083 1814 αὐτῶν
3123 1761 3196 1822 εἰς
3250 1760 3453 1820 πάντας
3503 1761 3534 1827 ἡ
3570 1757 3772 1838 ἄφιξις,

2132 1846 2205 1907 ὡς
2250 1846 2283 1913 ἡ
2337 1845 2596 1922 Πορφυρία
2652 1845 2788 1918 μετά
2845 1867 2906 1923 γε
2964 1855 3054 1904 τοῦ
3101 1857 3343 1928 μοναχοῦ
3387 1847 3573 1924 ἀνδρὸς
3606 1849 3774 1914 αὖτῆς

2132 1933 2386 2001 ἐπανήκει
2424 1953 2440 1971 ο
2499 1935 2604 1991 εἶθ’
2656 1936 2820 1998 οὕτως
2881 1939 3170 2007 νοσήσαντι
3228 1941 3312 1996 καὶ
3373 1940 3505 2016 πρὸς
3547 1937 3778 1994 θάνατον

2132 2023 2394 2102 ἀφορῶντι
2454 2031 2530 2098 τῷ
2591 2032 2846 2106 μοναχῴ,
2893 2026 3144 2084 πλεῖστοι
3176 2035 3281 2084 τῶν
3313 2029 3609 2105 οἰκητόρων
3639 2027 3776 2083 ἐπι-

2132 2113 2374 2188 σκέψεως
2420 2115 2580 2193 χάριν
2630 2117 2774 2189 αὗτῴ
2823 2105 3178 2193 προσέϐαλον.
3217 2105 3312 2173 Ὠν
3370 2115 3455 2174 ἐπ’
3486 2117 3643 2193 ὄψεσι
3674 2121 3776 2174 θυ-

2134 2204 2417 2281 μιατήριον
2503 2204 2787 2283 ἐνεχθῆναι
2869 2207 3122 2272 κελεύσας
3210 2207 3482 2284 ἀνθράκων
3565 2206 3775 2284 πλῆρες

2133 2295 2318 2368 πυρὸς,
2387 2291 2562 2348 λαϐὼν
2620 2294 2879 2374 καταχέει
2934 2303 3026 2352 τοῦ
3071 2295 3277 2354 κόλπου
3331 2297 3448 2360 τοὺς
3483 2293 3773 2372 ἄνθρακας,

2134 2383 2220 2437 καὶ
2285 2384 2358 2445 εἰς
2402 2381 2566 2446 ἀκοάς
2625 2384 2860 2456 πάντων,
2913 2383 3216 2463 Εὐλογητὸς
3280 2386 3489 2462 Κύριος,
3547 2385 3680 2462 ἔφη,
3743 2389 3770 2442 ὁ

2133 2471 2297 2528 πάλαι
2357 2473 2458 2538 τὴν
2509 2474 2668 2548 βάτον
2727 2477 2967 2552 τηρήσας
3011 2474 3274 2554 ἄφλεκτον
3313 2495 3325 2507 ·
3358 2475 3509 2539 οῦτός
3540 2496 3633 2549 μοι
3676 2475 3775 2544 εἴη

2132 2562 2328 2640 μάρτυς
2379 2563 2590 2631 πιστὸς,
2654 2561 2735 2617 ὅτι
2767 2563 2946 2642 ὥσπερ
2977 2568 3081 2644 οὐχ
3112 2564 3292 2640 ἥψατο
3322 2571 3428 2623 τῶν
3458 2567 3601 2640 ἒμῶν
3633 2566 3774 2638 ἱμα-

2131 2651 2252 2707 τίων
2285 2653 2318 2720 ii
2350 2653 2609 2719 καυστικῦ⁸
2659 2651 2762 2720 ἤδη
2812 2656 2907 2710 τοῦ
2937 2656 3098 2732 πυρὸς
3131 2653 3375 2734 δύναμις,
3424 2654 3590 2718 οὕτως
3650 2652 3772 2712 οὖδέ

2129 2743 2236 2818 ἑγὼ
2267 2745 2514 2818 γυναικὸς
2563 2744 2791 2820 ἡψάμην
2851 2743 2978 2823 παρ’
3024 2743 3150 2802 ὅλον
3181 2747 3273 2802 τὸν
3307 2751 3403 2812 τῆς
3432 2751 3578 2818 ζωῆς
3623 2745 3770 2825 χρό-

2129 2853 2239 2890 νον.
2275 2841 2438 2890 Τοῦτο
2481 2829 2675 2896 πάντες
2733 2834 3055 2900 ἀκούσαντες
3114 2834 3553 2912 κατεπλάγησαν,
3611 2832 3768 2899 δόξαν

403 2927 611 2989 dantes
639 2925 913 3006 gloriam,
938 2945 1036 3004 qui
1071 2944 1194 2999 eos,
1219 2925 1318 3004 qui
1347 2923 1542 3002 ipsum
1577 2924 1637 2984 in
1673 2923 1907 2985 occulto
1935 2942 2039 2984 co-

2131 2927 2201 2993 τῷ
2252 2926 2367 2993 Θεῷ
2410 2919 2668 2994 διδόντες,
2726 2923 2784 2987 ὅς
2829 2945 2890 3002 γι
2938 2925 3059 2989 τοὺς
3116 2923 3169 2981 ὲν
3214 2932 3292 2999 τῷ
3321 2929 3538 3000 κρυπτῷ
3596 2925 3763 2984 αὺτὸν

403 3017 555 3092 lunt,
575 3017 687 3078 scit
727 3025 934 3096 aperte
964 3013 1322 3093 gloriﬁcare.
1358 3013 1495 3074 Haec
1518 3031 1654 3074 cum
1681 3013 1954 3074 tecissset
1985 3019 2041 3074 et

2131 3012 2514 3085 θεραπεύοντας
2567 3020 2805 3091 φανερῶς
2863 3011 2982 3070 οἶδε
3027 3012 3288 3086 δοξάζειν.
3328 3021 3498 3073 Ταῦτα
3535 3016 3766 3084 ποιήσας

403 3107 651 3168 dixisset
681 3105 1100 3176 monachus,in
1126 3123 1335 3166 manus
1358 3105 1460 3164 Dei
1495 3102 1741 3180 deponit
1761 3103 2043 3163 animam.

2132 3121 2186 3155 τε
2211 3101 2298 3157 καὶ
2329 3099 2480 3165 λέξας
2512 3104 2538 3157 ὁ
2571 3106 2839 3183 μοναχὸς,
2886 3106 2959 3167 εἰς
2992 3111 3123 3160 Θεοῦ
3183 3117 3376 3184 χεῖρας
3433 3105 3530 3171 τὴν
3577 3105 3768 3184 ψυχὴν

404 3198 728 3277 Propterea
749 3195 913 3257 vobis
935 3192 1214 3256 omnibus
1244 3194 1530 3266 suadeo,o
1553 3191 1658 3252 ﬁlii
1679 3191 2043 3271 spirituales,

403 3285 558 3348 sicut
581 3286 757 3348 etiam
794 3285 956 3364 prius
979 3283 1123 3354 dixi,
1161 3300 1279 3342 non
1303 3299 1435 3342 esse
1457 3291 1761 3360 promptos
1790 3280 1861 3341 ad
1895 3299 2043 3341 con-

405 3371 1145 3451 demnationem.Contigit
1169 3370 1326 3432 enim
1353 3386 1806 3449 nonnunquam,
1833 3378 1894 3430 ut
1915 3370 2044 3450 ejus

404 3465 670 3545 quidem,
707 3465 807 3545 qui
833 3471 922 3524 est
951 3461 1406 3533 fornicatus,aut
1436 3459 1659 3538 aliquid
1698 3459 1860 3520 aliud
1887 3457 2041 3522 deli—

403 3555 552 3634 quit,
590 3563 899 3633 peccatum
933 3560 1142 3630 aperte
1172 3550 1386 3610 factum
1421 3549 1698 3614 sciamus.
1720 3549 1782 3610 in
1812 3549 2042 3610 occulto

403 3655 600 3707 autem
627 3644 844 3704 factum
865 3641 1214 3720 ignoremus
1237 3637 1925 3719 pmnitentiamﬂportet
1945 3657 2042 3700 au-

402 3745 518 3796 tem
579 3730 948 3794 Dominicam
982 3746 1219 3809 quoque
1255 3729 1466 3790 timere
1525 3747 1750 3804 vocem,
1785 3746 1916 3809 qua;
1948 3728 2044 3789 di-

402 3826 484 3887 cit
520 3846 532 3882 :
575 3845 601 3881 ‹
638 3824 698 3884 In
733 3839 848 3901 quo
874 3819 1102 3898 judicio
1145 3818 1457 3898 judicatis,
1484 3817 1902 3898 judicabimini
1929 3818 1981 3880 9.
2018 3844 2035 3874 ε

2130 3190 2474 3268 παρατίθησι.
2513 3194 2609 3247 Διὰ
2651 3191 2716 3261 δὴ
2776 3201 2940 3250 ταῦτα
2996 3196 3125 3269 ὑμῖν
3168 3200 3554 3272 παρεγγυῶμαι
3604 3201 3764 3272 πᾶσι,

2128 3281 2288 3336 τέκνα
2345 3283 2697 3355 πνευματικὰ,
2757 3284 2992 3362 καθάπερ
3048 3283 3114 3351 δὴ
3166 3287 3254 3340 καὶ
3297 3285 3556 3363 πρότερον
3600 3282 3764 3364 ἔφην,

2129 3370 2207 3443 μὴ
2261 3370 2580 3449 προχείρους
2639 3372 2781 3429 εἶναι
2854 3375 2983 3449 πρὸς
3043 3376 3142 3438 τὴν
3200 3374 3538 3453 κατάκρισιν.
3596 3373 3767 3431 ’Ἔστι

2127 3460 2226 3537 γὰρ
2278 3459 2364 3515 ὅτε
2410 3463 2496 3516 καὶ
2542 3459 2815 3536 συμϐαίνει
2872 3463 2970 3528 τὴν
3031 3463 3128 3537 μὲν
3186 3465 3280 3518 τοῦ
3309 3464 3694 3541 πορνεὼαντος
3729 3464 3766 3531 ἢ

2127 3551 2214 3606 καὶ
2245 3547 2376 3606 ἄλλο
2418 3573 2468 3607 τι
2526 3550 3060 3626 πεπλημμεληκότος
3099 3553 3358 3631 ἁμαρτίαν
3409 3553 3466 3609 ἑν
3521 3556 3599 3626 τῷ
3652 3574 3764 3632 φα-

2128 3647 2260 3718 νερῷ
2313 3654 2652 3720 πραχθεϊσαν
2711 3640 2928 3722 εἰδέναι,
2963 3643 3060 3709 τὴν
3092 3639 3148 3696 δὲ
3197 3643 3482 3716 μετάνοιαν
3525 3643 3662 3699 κατὰ
3703 3643 3766 3698 τὸ

2129 3730 2356 3806 κρυπτὸν
2388 3729 2753 3804 τελεσθεῖσαν,
2789 3731 3030 3809 ἀγνοεῖν.
3061 3731 3174 3810 Χρὴ
3215 3729 3270 3786 δὲ
3302 3735 3386 3788 καὶ
3417 3732 3515 3800 τὴν
3551 3741 3767 3788 Δεσπο-

2127 3820 2284 3887 τικὴν
2315 3821 2496 3901 φωνήν
2528 3818 2750 3878 δεδιέναι
2802 3821 2900 3888 τὴν
2945 3819 3206 3899 λέγουσαν
3239 3839 3254 3857 ⁸
3296 3845 3323 3877 α
3353 3820 3444 3879 Ἐν
3473 3822 3518 3896 ᾦ
3550 3823 3766 3901 κρίματι

2129 3909 2352 3988 κρίνετε,
2385 3910 2716 3988 κριθὴσεσθε.
2758 3934 2785 3966 n

1873 4076 2112 4142 CAPUT
2151 4075 2278 4142 XII.

1228 4205 1493 4267 Pietatis
1523 4214 1578 4266 et
1609 4205 1960 4266 divinorum
1996 4205 2432 4282 mysteriorum
2460 4204 2926 4266 commentario.

481 4343 649 4408 LXX.
687 4342 894 4422 Neque
944 4359 1080 4402 vero
1113 4339 1402 4402 suadebat
1428 4339 1624 4401 solum
1668 4357 1882 4401 cavere
1934 4340 2044 4402 hoc

2209 4339 2289 4398 0'.
2341 4338 2411 4397 Οὔ
2443 4338 2539 4413 μὲν
2571 4338 2700 4418 ἄχρι
2743 4345 2836 4395 τοῦ
2891 4336 3271 4414 ἐλαττώματος
3326 4338 3765 4419 πεφυλαγμένους

400 4432 822 4505 delictum;sed
845 4451 1050 4496 eorum
1077 4434 1251 4494 etiam
1277 4431 1377 4511 qui
1401 4430 1599 4491 divina
1627 4441 1922 4509 praecepta
1943 4449 2040 4492 ne-

398 4522 858 4604 gliguntmolens
879 4520 1179 4597 corrigere
1206 4519 1685 4593 socordiamtale
1705 4517 1848 4595 quid
1873 4518 2039 4594 fecit,

398 4613 642 4693 dignum
669 4610 827 4688 quod
857 4611 1172 4672 mandetur
1200 4607 1682 4671 memoriaa.Cum
1714 4607 1871 4671 enim
1896 4627 2042 4686 cog-

397 4703 660 4766 novisset
683 4700 901 4762 multos
925 4699 1387 4779 negligentiores
1411 4708 1540 4778 post
1555 4697 1873 4759 lectionem
1900 4697 2044 4758 divi-

398 4811 609 4854 norum
631 4788 1088 4869 Evangeliorum
1115 4789 1279 4851 exire
1310 4807 1380 4850 ex
1409 4787 1756 4858 ecclesia,et
1779 4788 1944 4850 vanis
1969 4807 2037 4848 ac

396 4881 608 4943 otiosis
653 4899 862 4940 vacare
895 4879 1301 4952 sermonibus,
1337 4877 1593 4938 solemni
1621 4877 1878 4956 quodam
1913 4877 2034 4951 die,

392 4972 606 5034 relicto
629 4970 947 5049 sacriﬁcio,
975 4969 1100 5048 ipse
1131 4985 1366 5049 quoque
1391 4985 1422 5027 e
1457 4966 1678 5046 templo
1709 4967 2036 5045 egreditur,

396 5066 627 5123 etsedel
650 5078 780 5121 cum
808 5061 1074 5119 universa
1112 5060 1334 5118 multitu
1359 5062 1494 5116 tino.
1531 5057 1817 5116 Omnibus
1847 5069 2037 5116 autem

397 5150 509 5211 hoc
540 5147 1082 5228 stupentibus,Non
1105 5143 1900 5225 oportet,inquit,admirari.
1926 5141 2040 5206 Ubi

399 5239 561 5301 enim
595 5245 732 5299 sunt
761 5255 922 5312 oves,
958 5236 1078 5298 illic
1119 5234 1366 5296 omnino
1403 5241 1638 5314 oportet
1667 5251 1800 5295 esse
1831 5243 2034 5314 pasto-

397 5325 692 5392 remNam
715 5345 848 5389 cum
875 5331 1118 5406 propter
1138 5343 1244 5387 vos
1267 5331 1587 5386 etvestram
1613 5323 1918 5385 utilitatem
1939 5343 2038 5385 so-

396 5419 629 5481 leamus
656 5433 906 5497 synaxes
935 5414 1266 5489 celebrare,
1296 5412 1343 5474 si
1368 5430 1469 5472 vos
1501 5420 1696 5473 autem
1722 5413 1868 5476 foris
1898 5431 2034 5475 ver-

399 5506 635 5578 semini,
670 5506 965 5585 contingit
994 5504 1266 5566 inutilem
1312 5521 1345 5565 a
1376 5500 1548 5563 nobis
1581 5503 1709 5584 capi
1741 5502 2031 5578 laborem,

479 5677 512 5728 9
537 5674 743 5742 Matth.
773 5691 875 5752 vn,
905 5673 963 5738 2.

2127 4431 2270 4485 εἶναι
2315 4428 2541 4506 παρήνει
2577 4448 2590 4462 °
2652 4427 2789 4484 ἀλλὰ
2841 4429 2928 4484 καὶ
2975 4431 3078 4484 τῶν
3108 4431 3212 4485 τῶν
3241 4430 3394 4487 θείων
3427 4427 3764 4505 προστάξεων

2128 4517 2615 4596 κατολιγορούντων
2672 4519 2732 4573 τὸ
2785 4517 3014 4592 ῥᾴθυμον
3079 4516 3404 4594 βουλόμενος
3463 4517 3760 4594 διορθώσα-

2126 4611 2265 4680 σθαι,
2299 4609 2538 4663 τοιοῦτόν
2571 4629 2620 4662 τι
2670 4605 2987 4673 ἐπετήδευσε
3020 4609 3244 4682 μνήμης
3276 4607 3442 4674 ἄξιον.
3478 4605 3628 4666 Ἐπεὶ
3657 4607 3759 4685 γὰρ

2126 4697 2264 4774 ἔγνω
2308 4695 2538 4759 πολλοὺς
2583 4703 2687 4753 τῶν
2741 4695 3115 4774 ἀμελεστέρων
3159 4697 3295 4771 μετὰ
3334 4697 3432 4765 τὴν
3463 4697 3760 4774 ἀνάγνωσιν

2120 4792 2226 4842 τῶν
2269 4788 2422 4842 θείων
2471 4784 2804 4863 Εὖαγγελίων
2863 4784 3093 4850 ἐξιόντας
3149 4791 3247 4853 τῆς
3324 4785 3612 4853 ἐκκλησίας
3670 4786 3758 4841 καὶ

2122 4873 2459 4954 ἆργολογίαις
2541 4874 2929 4952 σχολάζοντας,
3013 4874 3067 4930 ἐν
3144 4882 3240 4950 μιᾷ
3305 4882 3404 4931 τῶν
3474 4875 3755 4949 ἐπισήμων

2122 4964 2297 5042 ἡμέρα
2360 4964 2459 5031 τὴν
2513 4963 2654 5021 θείαν
2711 4965 3003 5043 ἱερουργίαν
3062 4964 3209 5044 ἀφεὶς
3266 4964 3424 5030 ’έξεισι
3474 4966 3562 5020 καὶ
3597 4964 3754 5026 αὐτὸς

2121 5062 2212 5112 τοῦ
2271 5062 2419 5128 ναοῦ,
2452 5055 2538 5111 καὶ
2591 5055 2683 5110 σὺν
2732 5056 2809 5129 τῷ
2849 5052 3002 5135 ὄχλῳ
3033 5056 3189 5110 παντὶ
3237 5055 3486 5121 κάθηται,
3536 5055 3755 5110 Πάντων

2121 5144 2209 5201 οὖν
2255 5142 2323 5200 δι’
2353 5142 2836 5223 ἑκπλήξεωςῃτουτὶ
2867 5143 3218 5220 ποιουμένων,
3253 5144 3481 5219 ἐκεῖνος,
3515 5145 3588 5202 Οὖ
3616 5144 3750 5223 χρὴ,

2121 5233 2248 5313 ἔφη,
2307 5234 2614 5308 θαυμάζειν.
2660 5218 2829 5292 “Οπου
2875 5234 2974 5310 γὰρ
3026 5218 3110 5289 ⁷τὰ
3171 5231 3433 5312 πρόϐατα,
3469 5218 3755 5289 Exn—“det

2121 5325 2332 5388 πάντως
2378 5324 2522 5380 εἶναι
2582 5324 2668 5378 καὶ
2715 5324 2802 5378 τὸν
2861 5322 3091 5398 ποιμένα
3124 5339 3140 5355 ’
3188 5321 3304 5379 ὲπεὶ
3347 5323 3446 5400 γὰρ
3503 5321 3568 5378 δι’
3615 5323 3752 5396 ὑμᾶς

2119 5415 2206 5469 καὶ
2268 5415 2367 5481 τὴν
2425 5412 2681 5486 ὑμετέραν
2740 5411 3000 5493 ὠφέλειαν
3067 5413 3324 5488 εἰώθαμεν
3381 5413 3475 5477 τὰς
3518 5408 3750 5477 συνάξεις

2119 5503 2417 5577 ἐπιτελεῖν,
2468 5503 2610 5580 ὕμῷν
2648 5499 2702 5559 δὲ
2745 5501 2846 5570 ἔξω
2877 5501 3251 5583 διατριϐόντων
3309 5501 3568 5571 ἀνόνητον
3614 5502 3752 5578 ἡμῖν
