4098 6202
328 314 459 380 9³57

1370 320 1559 384 VITA
1604 322 1665 385 S.
1710 318 2037 386 JOANNIS
2080 319 2673 386 ELEMOSYNARII.

3592 330 3707 397 958

334 453 429 510 τόν
499 452 666 510 κόπον
739 451 1015 531 συμϐαίνει
1088 455 1346 533 γίνεσθαι⁶
1431 455 1665 514 πέπεικα
1755 456 1974 531 ἐμαυτὸν

2067 456 2241 518 statui
2296 475 2431 517 cum
2484 455 2935 545 egredientibus
2978 461 3147 525 vobis
3175 460 3353 527 simul
3386 464 3614 545 egredi,
3650 475 3709 529 et

332 541 526 608 ὶξιοῧσί
577 564 633 599 τε
681 544 813 618 ὑμῖν
861 542 1290 623 σρνεξέρχεσθαι,
1324 545 1413 601 καὶ
1464 545 1606 611 αὖθις
1659 547 1981 627 εἰσερχομέ-

332 653 445 695 νοις
504 629 904 713 συν[εισ]ιὲναι.
964 632 1202 694 Πολλοὺς
1245 636 1402 691 τοῦτο
1458 632 1722 711 διώρθωσε
1766 637 1982 702 καὶτῆς

330 722 409 794 μὴ
440 718 620 785 καλῶς
650 720 945 798 γινομένης
977 721 1255 792 ἀπήλλαξε
1289 723 1588 789 συνηθεὶας,

413 809 1180 869 ΟΛ¹οὒὲί“³’
1410 808 1935 834 """

530 858 546 874 .
671 833 704 867 κ
763 832 820 867 κε
846 834 966 875 νους
997 833 1050 867 οι
1110 834 1300 887 μονους
1329 810 1570 889 βελτιουν
1616 829 1833 871 εσπευοε
1868 836 1981 880 τους

327 896 429 966 ἔξω
487 904 584 967 τῆς
643 900 912 971 συνήξεως
954 898 1299 980 ἀργολογίαις
1358 902 1813 983 ἒνευκαιρουντας,
1846 903 1983 961 ἀλλά

328 988 426 1046 καῖ
457 989 581 1052 τοὺς
614 989 761 1048 ἓνδον
807 992 937 1068 πρὸς
983 990 1254 1059 ἀλλήλους
1286 990 1602 1069 ἀλογώτατα
1636 992 1981 1071 κοινολογου-

331 1079 549 1156 μένους’
584 1080 672 1136 καὶ
704 1077 946 1155 μάλιστα
979 1078 1045 1146 δὴ
1088 1082 1212 1143 τοὺς
1250 1089 1341 1138 τοὺ
1371 1081 1642 1158 βήματος.
1681 1084 1736 1139 Εἰ
1769 1105 1899 1139 ποτε
1928 1081 1982 1138 δὲ

329 1190 450 1224 τινα
493 1169 632 1243 μετὰ
676 1169 802 1242 μίαν
852 1170 943 1225 καὶ
1001 1167 1243 1243 δευτέραν
1286 1171 1597 1251 παραίνεσιν
1661 1169 1979 1252 ἀδιόρθωτον

330 1254 464 1330 ἴδοι,
498 1255 599 1323 ἔξω
631 1256 777 1321 ειίθὺς
821 1255 1039 1330 ἔϐαλλε,
1075 1258 1176 1325 τὴν
1229 1260 1565 1329 Δεσποτιιιῆν
1621 1261 1803 1325 αότιιϊς
1854 1261 1978 1317 ἐπι-

329 1345 508 1426 λέγων
555 1347 760 1426 φωνήν.
804 1369 830 1401 ι
863 1350 964 1404 Τὸν
998 1352 1150 1406 οἷκον
1206 1357 1300 1407 τοῦ
1332 1356 1465 1407 Θεοῦ
1508 1363 1659 1407 οἶκον
1692 1351 1775 1407 δεῖ
1805 1373 1976 1429 προσ-

333 1445 502 1517 ευχῆς
577 1438 746 1493 εἶναι·
785 1458 808 1491 u
882 1435 1115 1512 ἔμπαλιν
1192 1436 1247 1494 δὲ
1309 1439 1432 1501 τοὺς
1496 1441 1615 1517 περὶ
1682 1441 1778 1504 τὰς
1838 1441 1977 1502 θείας

331 1524 570 1590 συνάξεις
643 1522 1110 1603 σπουδαιοτέρους,
1168 1524 1468 1607 ἀπεδεχετο
1526 1533 1625 1595 τῆς
1702 1527 1979 1610 φιλοθεϊας

332 1616 421 1671 καὶ
465 1615 820 1692 προσεπῄνευ
868 1615 1007 1673 ἀλλὰ
1053 1618 1142 1673 καὶ
1185 1630 1489 1695 προκοπαϊς
1536 1617 1690 1694 ἐτίμα
1732 1620 1975 1694 βαθμῶν*

331 1700 463 1783 ὅπερ
512 1700 576 1773 δὴ
606 1705 701 1762 καί
743 1706 1068 1786 καφέστερον
1112 1708 1173 1764 τὸ
1218 1704 1418 1783 μέλλον
1461 1707 1786 1785 ῥηθήσεσθαι
1835 1731 1979 1787 γνω-

329 1807 460 1872 ριεϊ,

413 1962 539 2034 ΟΒ’.
578 1973 682 2030 Δύο
711 1973 850 2038 τινὲς
883 1973 1141 2052 Αληρικοΐ
1160 1975 1257 2043 τῆς
1287 1975 1408 2033 κατ’
1435 1979 1591 2033 αὖτὸν
1622 1976 1970 2051 Ἐκκλησίας,

328 2065 732 2139 σκυτοτομικὴν
762 2064 1035 2140 μετιόντες
1067 2064 1297 2145 τέχνην,
1330 2066 1389 2123 ἐκ
1429 2066 1682 2142 γειτόνων
1714 2065 1973 2138 ἀλλήλοις

330 2152 540 2229 ἔμενον
603 2154 677 2207 ὧν
730 2155 758 2210 ὁ
802 2154 923 2229 μὲν,
973 2156 1181 2233 γυναικὶ
1225 2157 1634 2235 συνεζευγμένος
1683 2156 1779 2213 καί
1813 2158 1973 2215 τέκνα

328 2243 503 2323 ἔχων,
540 2241 743 2321 πατέρα
785 2265 844 2299 τε
874 2244 964 2300 καὶ
1016 2245 1227 2321 μητέρα
1270 2253 1642 2310 συνοικοῦντας
1685 2251 1850 2322 αὒτῷ,
1881 2249 1970 2311 οὒς

325 2332 529 2394 πάντας
577 2331 636 2388 ἐκ
694 2332 800 2389 τῶδ
845 2332 1047 2413 χειρῶν
1105 2332 1288 2412 ἔτρεφε
1332 2339 1437 2390 τῶν
1472 2333 1637 2409 ἰδίων,
1676 2335 1823 2410 ὅμως
1874 2340 1979 2393 τῶν

325 2419 592 2486 συνάξεων
646 2422 743 2479 οὒκ
772 2420 987 2498 ἠμέλει.
1059 2421 1288 2501 Θάτερος
1335 2421 1413 2494 δὲ,
1450 2424 1622 2481 καίτοι
1674 2427 1833 2498 μόνος
1878 2423 1975 2495 ὢν,

326 2512 430 2578 τὴν
491 2509 691 2591 τέχνην
746 2533 802 2567 τε
846 2510 1240 2590 ἀκριϐέστερος.
1306 2513 1392 2568 καὶ
1438 2514 1534 2581 τὴν
1565 2513 1811 2591 ἐργασίαν
1853 2514 1977 2571 ἑτι-

329 2598 671 2678 μελέστερος,
728 2599 846 2660 οὐδὲ
905 2601 1048 2675 αὒτῴ
1109 2602 1258 2677 μόνῳ
1309 2602 1532 2680 πορίζειν
1589 2606 1655 2659 τὰ
1699 2605 1831 2681 πρὸς
1880 2603 1977 2671 τήν

330 2691 519 2770 χρείαν
548 2687 769 2755 δυνασὸς
816 2692 906 2757 ἦν.
967 2695 1054 2763 Τῷ
1087 2693 1175 2747 οὖν
1220 2691 1506 2770 ὁμοτὲχιῳ
1537 2690 1976 2771 διαφθονούμενος

327 2782 417 2836 καὶ
480 2778 674 2856 μηκέτι
718 2779 894 2860 φέρειν
938 2778 1229 2855 δυνάμενος
1273 2782 1372 2848 τὴν
1408 2780 1578 2839 ὠδῖνα
1620 2787 1720 2848 τῆς
1763 2783 1972 2859 βασκα-

324 2870 463 2949 νίας,
524 2869 764 2951 ἐντυχὼν
817 2869 959 2943 αὐτῷ
1016 2870 1156 2926 κατά
1209 2870 1398 2949 μόνας,
1459 2862 1681 2948 Ὀρκίζω
1723 2894 1781 2928 σε
1839 2872 1976 2931 κατὰ

323 2967 416 3017 τοῦ
476 2966 632 3036 Θεοῦ,
664 2958 790 3038 ἔφη,
838 2960 916 3035 μὴ
965 2958 1300 3035 ἀποκρύψειν
1356 2960 1451 3016 ἀπ’
1506 2960 1638 3036 ἐμοῦ
1684 2959 1822 3018 ἀλλά
1864 2983 1972 3042 φα·-

323 3050 475 3122 νερόν
539 3071 628 3124 μοι
689 3050 833 3108 τουτὶ
889 3049 1093 3121 θέσθαι,
1139 3051 1298 3105 πόθεν
1355 3050 1513 3111 αὐτὸς
1573 3050 1672 3121 μὲν
1729 3050 1974 3107 πλουτῶν

322 3135 618 3219 διατελεῖς,
650 3139 738 3195 καὶ
781 3144 971 3212 ταῦτα,
1003 3138 1102 3194 ὅσα
1152 3160 1213 3216 γε
1262 3139 1335 3204 είς
1378 3139 1476 3208 τήν
1506 3140 1754 3218 ἐργασίαν
1810 3141 1972 3218 ῥᾴθυ-

2066 562 2273 607 rursus
2304 543 2536 624 ingredi
2596 565 2732 608 cum
2785 548 3284 628 ingredientibus.
3336 543 3462 618 Hoc
3490 555 3710 619 multos

2066 635 2347 708 correxit,
2381 643 2441 695 et
2473 653 2507 696 a
2540 635 2696 699 mala
2727 635 2977 700 abduxit
3009 643 3463 707 consuetudine.

2149 723 2344 788 LXXI.
2371 722 2499 787 Non
2525 725 2659 787 illos
2683 745 2819 788 vero
2845 728 3006 791 solos
3029 730 3253 794 studuit
3274 734 3707 817 corrigere,qui

2067 821 2231 877 extra
2272 816 2796 893 congregationem
2852 817 3057 881 otiosis
3094 820 3378 883 vacabant
3416 816 3708 886 sermoni-

2066 903 2201 978 bus;
2228 904 2333 965 sed
2354 922 2458 965 eos
2475 904 2650 966 etiam
2665 907 2784 986 ,qui
2804 905 2951 969 citra
2968 909 3259 972 rationem
3285 911 3447 974 intus
3467 913 3625 975 inter
3642 932 3708 976 se

2065 992 2455 1055 conferebant
2475 1011 2810 1070 sermones,
2850 1006 2908 1059 et
2935 999 3189 1060 maxime
3211 1018 3351 1062 vero
3376 1001 3578 1064 altaris
3602 1003 3707 1063 mi-

2064 1082 2309 1147 nistros.
2344 1081 2406 1147 Si
2435 1082 2672 1163 quando
2706 1093 2904 1147 autem
2932 1087 3183 1151 vidisset
3208 1092 3549 1171 quempiam
3580 1102 3708 1173 post

2063 1191 2239 1234 unam
2268 1181 2322 1233 et
2354 1173 2602 1234 alteram
2630 1174 3098 1239 admonitionem
3130 1198 3505 1261 nequaquam
3532 1201 3706 1263 posse

2062 1264 2449 1343 corrigi,eum
2471 1263 2667 1325 statim
2694 1265 3158 1348 ejiciebat,apud
3186 1288 3287 1331 eos
3307 1289 3510 1333 vocem
3537 1290 3705 1334 usur-

2065 1371 2212 1433 pans
2234 1352 2631 1428 Dominicam,
2665 1379 2691 1410 ex
2723 1355 2966 1417 domum
3006 1355 3110 1418 Dei
3134 1368 3414 1440 oportere
3439 1379 3571 1422 esse
3603 1362 3705 1423 do-

2065 1448 2224 1502 mum
2248 1442 2535 1504 orationis
2554 1443 2629 1503 9".
2670 1468 2694 1499 ι
2735 1441 2954 1507 Contra
2985 1453 3184 1508 autem
3239 1466 3475 1522 eorum,
3510 1451 3613 1531 qui
3643 1452 3702 1512 in

2062 1530 2291 1593 divinas
2323 1534 2819 1613 congregationes
2850 1544 3019 1596 erant
3052 1536 3467 1614 studiosiores,
3495 1530 3578 1601 illi
3611 1560 3704 1602 ac-

2062 1631 2233 1702 cepta
2265 1631 2390 1684 erat
2422 1624 2632 1703 pietas,
2665 1643 2889 1705 eosque
2949 1634 3007 1686 et
3060 1626 3341 1689 laudabat
3371 1638 3428 1689 et
3458 1629 3528 1689 ad
3562 1648 3699 1708 gra-

2061 1710 2171 1771 dus
2204 1711 2593 1791 provehebat.
2627 1712 2796 1785 Quod
2843 1714 3087 1795 quidem
3122 1723 3385 1797 apertius
3414 1717 3704 1781 indicabit

2003 1826 2037 1875 Β
2060 1798 2144 1874 id,
2175 1801 2329 1880 quod
2356 1802 2478 1881 jam
2514 1809 2604 1864 est
2629 1802 2979 1865 dicendum.

2139 1887 2362 1951 LXXII.
2398 1889 2527 1951 Duo
2558 1890 2763 1952 clerici
2788 1890 2919 1971 ejus
2948 1889 3259 1972 Ecclesiaa,
3305 1900 3491 1955 artem
3526 1912 3701 1956 exer-

2059 1992 2267 2040 centes
2321 1979 2629 2041 incidendi
2691 1983 2946 2055 corium,
3011 1990 3184 2045 erant
3214 1982 3373 2045 inter
3401 2002 3466 2045 se
3498 1985 3697 2046 vicini.

2056 2067 2323 2141 Quorum
2358 2088 2513 2131 unus
2543 2069 2788 2151 quidem
2827 2070 3061 2134 mulieri
3096 2073 3456 2153 conjunctus
3489 2074 3700 2135 matri-

2058 2157 2640 2239 monio,habensque
2665 2160 2817 2221 ﬁlios
2850 2168 2907 2221 et
2935 2169 3161 2240 patrem
3189 2172 3248 2223 et
3280 2172 3529 2225 matrem
3562 2181 3697 2225 cum

2059 2245 2192 2327 ipso
2226 2246 2587 2325 habitantes,
2625 2267 2771 2328 quos
2830 2250 3070 2330 quidem
3106 2251 3304 2313 alebat
3334 2271 3544 2314 omnes
3573 2253 3697 2314 suis

2064 2335 2361 2417 manibus,
2414 2356 2531 2398 non
2585 2338 2925 2417 negligebat
2958 2347 3154 2402 tamen
3186 2341 3414 2403 divinas
3440 2361 3696 2421 congre-

2059 2431 2333 2508 gationes
2363 2449 2376 2490 :
2410 2431 2564 2492 alter
2594 2440 2793 2492 autem
2825 2433 2936 2493 etsi
2969 2440 3095 2495 erat
3126 2434 3379 2509 solus,et
3410 2434 3552 2496 artis
3584 2453 3695 2516 pe-

2058 2518 2252 2593 ritior,
2290 2529 2347 2581 et
2379 2521 2438 2580 in
2472 2519 2778 2602 operando
2810 2520 3173 2601 diligentior,
3210 2540 3285 2585 ne
3313 2522 3423 2583 sibi
3447 2523 3684 2603 quidem

2060 2607 2171 2668 soli
2209 2627 2419 2687 parare
2451 2618 2703 2690 poterat,
2740 2629 2873 2690 quae
2907 2618 3074 2673 erant
3103 2612 3174 2672 ad
3209 2631 3376 2673 usum
3414 2630 3696 2673 necessa-

2059 2698 2168 2761 ria.
2203 2697 2271 2759 Ei
2303 2698 2527 2780 itaque,
2564 2699 2665 2781 qui
2721 2709 2849 2762 erat
2897 2701 3164 2780 ejusdem
3198 2701 3362 2773 artis,
3398 2701 3691 2777 invidens,

2058 2794 2116 2849 et
2146 2805 2263 2849 non
2298 2790 2558 2870 amplius
2585 2788 2747 2851 ferre
2779 2790 2982 2852 valens
3030 2808 3212 2868 quam
3241 2791 3440 2852 animo
3473 2809 3696 2854 conce-

2056 2886 2224 2957 perat
2254 2877 2561 2958 invidiam,
2591 2896 2726 2940 eum
2757 2878 3077 2959 aliquando
3106 2879 3298 2941 solum
3331 2881 3644 2943 oﬁ‘endens
3680 2898 3693 2939 :

2056 2966 2284 3047 Adjuro
2316 2976 2394 3044 te,
2430 2968 2650 3050 inquit,
2687 2986 2795 3049 per
2850 2970 3065 3043 Deum,
3123 2987 3199 3030 ne
3245 2987 3339 3031 me
3370 2969 3554 3045 celes,
3589 2968 3694 3030 sed

2056 3056 2172 3118 hoc
2206 3057 2352 3119 mihi
2385 3059 2753 3140 aperias,qui
2787 3058 2874 3130 ﬁt,
2910 3056 3065 3137 quod
3103 3066 3161 3120 tu
3191 3057 3273 3119 sis
3305 3076 3544 3139 semper
3570 3059 3702 3136 qui-

2058 3144 2193 3207 dem
2227 3146 2415 3222 dives,
2455 3146 2637 3229 idque
2668 3167 2803 3209 cum
2835 3146 3001 3208 sisin
3026 3149 3330 3228 operando
3365 3148 3697 3227 negligens;

321 3249 423 3304 μος
475 3228 572 3303 ὢν,
602 3214 729 3304 ’ἐμοὶ
773 3226 828 3283 δὲ
889 3214 1274 3303 ἐπιμελεϊήότι
1306 3230 1393 3285 καὶ
1436 3214 1706 3310 φιλοπόνῳ
1747 3214 1971 3288 τοῦνανο

2063 3235 2206 3297 mihi
2238 3246 2463 3311 autem,
2491 3214 2591 3320 qui
2623 3257 2753 3300 sum
2786 3237 3043 3316 diligens
3068 3214 3131 3299 et
3162 3214 3697 3312 laboriosdsfcon-

316 3320 433 3376 τίον
465 3318 567 3394 μὲν
596 3314 894 3400 συμϐοίνει,
921 3315 1127 3392 μᾶλλον
1157 3318 1243 3374 καὶ
1288 3319 1360 3383 εἷς
1391 3317 1634 3397 ἐσχάτην
1682 3318 1786 3388 ἤδη
1815 3341 1973 3400 περισ-

317 3405 527 3473 έστηκα
557 3408 768 3466 πενίαν.
818 3398 876 3463 Ὀ
921 3405 999 3481 δὲ,
1034 3405 1362 3483 βουλόμενος
1413 3408 1572 3466 αὐτόν
1614 3398 1970 3486 ἐπιμελέστεο

318 3519 408 3574 ρον
482 3496 662 3552 θέσθαι
731 3498 847 3576 περὶ
920 3496 1017 3560 τὰς
1092 3496 1355 3573 συνάξεις,
1423 3496 1699 3577 ὀλιγώρως
1748 3498 1966 3579 ἔχοντα,

321 3585 474 3661 Κάμὲ
532 3585 814 3664 πρότερον,
859 3586 1041 3661 εἶπεν,
1086 3583 1302 3666 ἀδελφὲ,
1354 3586 1533 3654 πολλή
1578 3588 1833 3653 στένωσις
1876 3590 1965 3645 εἶ-

325 3695 450 3757 χεν·
490 3676 586 3757 ἀφ’
622 3678 683 3733 οὗ
727 3673 779 3732 δὲ
820 3674 1118 3756 σχολάζειν
1144 3678 1282 3750 πρὸς
1330 3677 1425 3740 τὰς
1456 3677 1691 3743 συνάξεις
1743 3678 1970 3754 ἐμαυτὸν

317 3766 532 3841 ἔπειτα,
569 3764 711 3823 ἔστιν
774 3764 863 3822 ὅτέ
897 3766 982 3822 οιαὶ
1014 3768 1234 3845 χρυσίον
1293 3765 1518 3843 εὒρίσκω
1549 3768 1687 3823 κατὰ
1718 3768 1819 3823 τὶν
1851 3764 1972 3823 ὁδὸν

320 3856 520 3912 ἀπιώνο
579 3855 697 3913 ὅθεν
737 3854 803 3922 δὴ
854 3855 941 3910 καὶ
985 3853 1336 3921 ἔπισυνῆκται
1368 3861 1543 3911 πᾶσαν
1585 3856 1766 3933 [forte
1797 3857 1970 3935 πᾶσα]

317 3945 388 4014 ἢν
431 3947 556 4020 ὁρᾷς
597 3945 869 4023 εὗπορίαν.
936 3942 1088 4000 Ἀλλ’
1130 3944 1183 4000 εἴ
1223 3965 1273 3999 τι
1318 3943 1436 4017 ἐμοὶ
1481 3945 1658 4022 πείθῃ,
1708 3946 1841 4004 ἕπου
1884 3950 1973 4004 καὶ

318 4035 480 4098 αὐτὸς
551 4035 765 4092 ἀπιόντι
824 4056 940 4110 μοι,
986 4034 1075 4088 καὶ
1141 4035 1477 4111 παραμυθίαν
1533 4033 1771 4091 ἐντεῦθεν
1840 4034 1971 4102 ἕξεις

314 4129 375 4184 οὐ
431 4126 529 4194 τὴν
587 4131 881 4205 τυχοῦσαν,
930 4121 1168 4179 Πείθεται
1225 4136 1344 4186 τοῖς
1414 4123 1574 4183 αὒτοῦ
1628 4123 1834 4202 λόγοις,
1885 4121 1971 4205 xui

312 4213 434 4272 καθ’
493 4201 729 4274 ἑκάστην
775 4210 984 4277 σόναξιν
1015 4217 1215 4290 φοιτῶν
1265 4213 1356 4269 σὺν
1402 4212 1566 4287 αὒτῳ,
1603 4212 1797 4289 ᾔσθετο
1848 4201 1972 4291 μετ’

314 4303 376 4359 οὗ
425 4301 562 4359 πολὺ
594 4302 837 4381 εὐλογίας
868 4301 1011 4378 παρὰ
1054 4307 1187 4356 Θεοῦ
1221 4302 1526 4379 γενομένης
1559 4304 1632 4368 εἰς
1693 4306 1783 4361 τὸν
1816 4305 1973 4362 αὒτοῦ

312 4393 494 4466 οἶκον,
528 4395 612 4449 καὶ
664 4396 742 4465 τῷ
796 4391 983 4469 ἀγαγῷ
1029 4388 1314 4466 σδμϐούλῳ
1355 4392 1453 4459 τὴν
1487 4393 1647 4472 χάριν
1686 4394 1968 4467 ἀνωμολό..

2056 3331 2145 3385 tra
2171 3326 2387 3387 accidit
2418 3335 2621 3405 utjam
2650 3326 2929 3388 redactus
2959 3327 3070 3387 sim
3103 3325 3177 3387 ad
3206 3336 3529 3389 extremam
3557 3347 3700 3410 pau-

2056 3424 2343 3495 pertatem
2369 3423 2397 3479 ?
2449 3417 2556 3479 llle
2605 3422 2802 3478 autem
2853 3416 3057 3477 volens
3090 3434 3225 3480 eum
3261 3416 3518 3479 reddere
3552 3418 3696 3481 dili-

2051 3504 2411 3583 gentiorem,
2447 3505 2550 3588 qui
2599 3515 2724 3567 erat
2775 3506 3085 3586 negligens
3135 3507 3193 3567 in
3226 3506 3520 3569 adeundis
3546 3527 3696 3570 con-

2051 3594 2528 3672 gregationibus,
2568 3614 2699 3676 quae
2754 3596 2901 3655 ﬁunt
2957 3613 3263 3657 sacrorum
3295 3615 3475 3658 causa
3510 3614 3524 3659 :
3560 3597 3701 3661 Mihi

2052 3700 2313 3762 quoque,
2352 3683 2567 3764 inquit,
2600 3704 2633 3745 ο
2659 3685 2869 3759 frater,
2904 3703 3003 3746 res
3033 3694 3160 3746 erat
3194 3686 3432 3747 redacta
3461 3687 3532 3747 ad
3569 3706 3698 3749 ma-

2051 3771 2241 3833 ximas
2271 3773 2598 3852 angustias.
2633 3774 2717 3836 Ex
2750 3793 2866 3854 quo
2900 3783 3095 3835 autem
3130 3773 3276 3835 mihi
3309 3777 3579 3855 persuasi
3612 3777 3698 3837 di-

2055 3859 2207 3922 vinis
2258 3880 2465 3924 vacare
2512 3862 3103 3943 congregationibus,
3164 3881 3589 3943 nonnunquam
3623 3883 3695 3926 eo

2056 3951 2302 4027 vadens,
2330 3969 2539 4013 aurum
2575 3952 2634 4013 in
2669 3952 2759 4014 via
2804 3952 3066 4032 invenio,
3101 3971 3218 4033 quo
3266 3952 3483 4014 factum
3518 3963 3607 4014 est
3638 3962 3700 4014 ut

2058 4040 2202 4101 mihi
2229 4040 2347 4102 sint
2377 4048 2749 4122 congregata:
2781 4061 3014 4119 omnes,
3071 4060 3216 4124 quas
3248 4041 3438 4117 vides,
3479 4042 3693 4125 copiae.

2059 4126 2176 4191 Sed
2208 4130 2257 4191 si
2296 4149 2389 4192 me
2420 4129 2650 4206 audias,
2712 4131 2843 4213 ipse
2906 4152 3143 4214 quoque
3196 4150 3291 4194 me
3321 4138 3560 4194 euntem
3595 4151 3705 4195 se—

2056 4236 2267 4298 quere,
2303 4227 2360 4281 et
2391 4219 2531 4281 hinc
2566 4238 2684 4281 non
2717 4220 3017 4301 vulgarem
3050 4219 3299 4283 habebis
3328 4220 3696 4284 consolatio-

2056 4325 2217 4372 nem.
2254 4310 2429 4371 Paret
2462 4308 2661 4380 dictis,
2698 4319 2757 4373 et
2788 4311 2861 4372 ad
2892 4310 3156 4390 singulas
3186 4309 3417 4373 divinas
3443 4329 3700 4392 synaxes

2054 4414 2187 4457 cum
2221 4397 2350 4479 ipso
2382 4400 2695 4477 ventitans,
2731 4400 3027 4463 sentiebat
3076 4400 3278 4461 domui
3326 4418 3448 4461 suae
3478 4401 3695 4462 factam

309 4503 420 4561 γει.
467 4473 527 4540 Ὀ
573 4480 628 4539 δὲ
672 4483 821 4547 εὐθὺς
880 4481 982 4569 τὴν
1030 4479 1240 4546 σκηνὴν
1286 4478 1489 4559 διάρας,
1522 4490 1763 4562 φανερῶς
1822 4483 1968 4562 λέγει

2063 4503 2086 4545 a
2116 4473 2776 4564 Deo'benedictionem,
2829 4498 2887 4551 et
2918 4490 3076 4551 bono
3122 4489 3453 4552 consultori
3485 4490 3699 4569 agebat

311 4576 390 4643 τῷ
449 4570 735 4651 ὁμοτέχνῲ
775 4573 849 4632 ὡς
901 4566 1154 4626 οὒδὲποτε
1199 4570 1419 4648 χρυσίον
1476 4561 1621 4645 αὒτῷ
1678 4574 1814 4630 κατὰ
1868 4561 1966 4640 τὴν

2063 4576 2293 4654 gratias.
2329 4579 2436 4640 llle
2465 4586 2689 4653 autem,
2723 4561 2903 4641 scena
2935 4598 3067 4642 mox
3112 4590 3339 4659 aperta,
3378 4561 3690 4642 manifeste

312 4658 435 4722 ὁδὸν
492 4663 749 4741 εὕρεθείη,
805 4657 975 4717 Ἀλλὰ
1033 4657 1568 4750 βουλόμενοςὶιρησὶ,
1622 4658 1969 4731 διαναστῆσαί

2063 4665 2192 4727 licit
2224 4669 2410 4743 socio,
2445 4687 2511 4730 se
2547 4688 2848 4750 nunquam
2882 4688 3093 4731 aurum
3146 4657 3207 4729 in
3234 4670 3326 4729 via
3360 4670 3683 4745 invenisse,

310 4770 375 4820 σε
407 4752 537 4829 πρὸς
583 4752 649 4807 τὰ
676 4751 820 4813 θείας
865 4749 1204 4828 ἀφικνεῖσθαι
1249 4747 1510 4829 συνάξεις,
1544 4751 1644 4819 τὴν
1689 4759 1779 4809 τοῦ
1822 4775 1961 4832 χρυ-

2063 4754 2162 4816 Sed
2196 4756 2421 4832 volens,
2453 4756 2671 4839 inquit,
2693 4747 2758 4819 te
2790 4758 3049 4820 excitare
3083 4765 3145 4818 ut
3173 4760 3412 4820 venires
3436 4757 3509 4821 ad
3544 4759 3692 4821 divi-

345 4843 459 4898 σίου
502 4838 705 4917 εὕρεσιν
761 4837 1103 4911 ὲπλασαμην,
1164 4844 1331 4895 Τοῦτο
1374 4840 1448 4903 εἰς
1495 4840 1609 4896 ὦτα
1650 4847 1727 4915 τῷ
1784 4863 1966 4916 μακα-

2063 4863 2156 4906 nas
2186 4837 2703 4925 congregationes,
2730 4848 2873 4909 ﬁnxi
2906 4848 3059 4910 hanc
3088 4850 3216 4908 auri
3253 4848 3683 4911 inventionem.

315 4930 562 5011 ριωτάτῳ
620 4927 842 5004 Ἰωάννῃ
905 4926 1080 4999 ἐλθὸν,
1133 4927 1231 4993 τῆς
1288 4949 1345 4983 τε
1402 4928 1605 5018 ἀγαθῆς
1663 4930 1962 5008 προθέσεως

2063 4932 2172 4997 [Ioc
2202 4953 2339 4996 cum
2367 4937 2736 5016 pervenisset
2765 4937 2838 4997 ad
2868 4954 3044 4998 aures
3070 4936 3403 4999 beatissimi
3439 4938 3683 5018 patriar-

328 5021 487 5077 αὐτὸν
533 5018 859 5098 ἀποδέχεται
903 5019 1122 5082 καὶτῆς
1177 5022 1270 5073 τοῦ
1317 5015 1664 5095 πρεσϐυτέρου
1706 5041 1960 5099 χειροτο-

2063 5023 2196 5099 :hze,
2258 5032 2316 5086 et
2362 5015 2493 5105 ejus
2525 5025 2745 5087 bonum
2780 5031 3161 5089 commendat
3194 5015 3589 5107 propositum,
3626 5035 3682 5088 et

314 5109 428 5173 νίας
457 5108 727 5174 καταξιοῐ,

2063 5131 2178 5175 tum
2212 5112 2448 5177 ordinat
2481 5114 2916 5196 presbyterum.

387 5285 455 5337 9*
497 5286 704 5351 Matth.
737 5303 858 5363 XXI,
899 5288 990 5350 13.
