  <div class='ocr_page' id='page_1' title='image "/cluster/home/n/w/nwhite01/storage/ocr_20150623/114/hvd.32044073502254/485.png"; bbox 0 0 4098 6202; ppageno 0'>
   <div class='ocr_carea' id='block_1_1' title="bbox 436 274 553 345">
    <p class='ocr_par' dir='ltr' id='par_1_1' title="bbox 436 274 553 345">
     <span class='ocr_line' id='line_1_1' title="bbox 436 274 553 345; baseline 0.034 -6"><span class='ocrx_word' id='word_1_1' title='bbox 436 274 553 345; x_wconf 85' lang='grc'><strong>959</strong></span> 
     </span>
    </p>
   </div>
   <div class='ocr_carea' id='block_1_2' title="bbox 1733 283 2510 351">
    <p class='ocr_par' dir='ltr' id='par_1_2' title="bbox 1733 283 2510 351">
     <span class='ocr_line' id='line_1_2' title="bbox 1733 283 2510 351; baseline 0.003 -2"><span class='ocrx_word' id='word_1_2' title='bbox 1733 283 2016 350; x_wconf 85' lang='lat' dir='ltr'><strong>MENSIS</strong></span> <span class='ocrx_word' id='word_1_3' title='bbox 2055 283 2510 351; x_wconf 77' lang='lat' dir='ltr'><strong>JANUABIUS.</strong></span> 
     </span>
    </p>
   </div>
   <div class='ocr_carea' id='block_1_3' title="bbox 3693 287 3812 354">
    <p class='ocr_par' dir='ltr' id='par_1_3' title="bbox 3693 287 3812 354">
     <span class='ocr_line' id='line_1_3' title="bbox 3693 287 3812 354; baseline 0 0"><span class='ocrx_word' id='word_1_4' title='bbox 3693 287 3812 354; x_wconf 89' lang='lat'><strong>960</strong></span> 
     </span>
    </p>
   </div>
   <div class='ocr_carea' id='block_1_4' title="bbox 1902 449 2347 519">
    <p class='ocr_par' dir='ltr' id='par_1_4' title="bbox 1902 449 2347 519">
     <span class='ocr_line' id='line_1_4' title="bbox 1902 449 2347 519; baseline 0.004 -2"><span class='ocrx_word' id='word_1_5' title='bbox 1902 449 2152 518; x_wconf 83' lang='lat' dir='ltr'><strong>CAPUT</strong></span> <span class='ocrx_word' id='word_1_6' title='bbox 2191 451 2347 519; x_wconf 84' lang='lat' dir='ltr'><strong>XIII.</strong></span> 
     </span>
    </p>
   </div>
   <div class='ocr_carea' id='block_1_5' title="bbox 1691 586 2569 670">
    <p class='ocr_par' dir='ltr' id='par_1_5' title="bbox 1691 586 2569 670">
     <span class='ocr_line' id='line_1_5' title="bbox 1691 586 2569 670; baseline 0.006 -16"><span class='ocrx_word' id='word_1_7' title='bbox 1691 590 1764 654; x_wconf 92' lang='lat' dir='ltr'><strong>S.</strong></span> <span class='ocrx_word' id='word_1_8' title='bbox 1805 592 2069 654; x_wconf 77' lang='lat' dir='ltr'><strong>Joannis</strong></span> <span class='ocrx_word' id='word_1_9' title='bbox 2119 586 2296 670; x_wconf 83' lang='lat' dir='ltr'><strong>fuga,</strong></span> <span class='ocrx_word' id='word_1_10' title='bbox 2341 591 2569 660; x_wconf 77' lang='lat' dir='ltr'><strong>obitus.</strong></span> 
     </span>
    </p>
   </div>
   <div class='ocr_carea' id='block_1_6' title="bbox 522 749 2089 838">
    <p class='ocr_par' dir='ltr' id='par_1_6' title="bbox 522 749 2082 833">
     <span class='ocr_line' id='line_1_6' title="bbox 522 749 2082 833; baseline 0.001 -19"><span class='ocrx_word' id='word_1_11' title='bbox 522 749 776 815; x_wconf 84' lang='lat' dir='ltr'><strong>LXXIII.</strong></span> <span class='ocrx_word' id='word_1_12' title='bbox 813 749 921 812; x_wconf 86' lang='lat' dir='ltr'><strong>Hic</strong></span> <span class='ocrx_word' id='word_1_13' title='bbox 974 767 1182 814; x_wconf 83' lang='lat' dir='ltr'><strong>revera</strong></span> <span class='ocrx_word' id='word_1_14' title='bbox 1212 751 1408 816; x_wconf 83' lang='lat' dir='ltr'><strong>bonus</strong></span> <span class='ocrx_word' id='word_1_15' title='bbox 1437 760 1663 833; x_wconf 80' lang='lat' dir='ltr'><strong>pastor,</strong></span> <span class='ocrx_word' id='word_1_16' title='bbox 1696 752 1950 825; x_wconf 88' lang='lat' dir='ltr'><strong>divinus,</strong></span> <span class='ocrx_word' id='word_1_17' title='bbox 1987 752 2082 815; x_wconf 92' lang='lat' dir='ltr'><strong>in-</strong></span> 
     </span>
    </p>
   </div>
   <div class='ocr_carea' id='block_1_7' title="bbox 2176 749 3815 838">
    <p class='ocr_par' dir='ltr' id='par_1_7' title="bbox 2249 753 3815 838">
     <span class='ocr_line' id='line_1_7' title="bbox 2249 753 3815 838; baseline 0.001 -25"><span class='ocrx_word' id='word_1_18' title='bbox 2249 753 2376 816; x_wconf 83' lang='lat' dir='ltr'><strong>OI&quot;.</strong></span> <span class='ocrx_word' id='word_1_19' title='bbox 2413 755 2576 823; x_wconf 83' lang='grc' dir='ltr'>Οῦτος</span> <span class='ocrx_word' id='word_1_20' title='bbox 2620 760 2647 815; x_wconf 81' lang='grc' dir='ltr'><strong>ὁ</strong></span> <span class='ocrx_word' id='word_1_21' title='bbox 2681 756 2843 824; x_wconf 81' lang='grc' dir='ltr'>καλὸς</span> <span class='ocrx_word' id='word_1_22' title='bbox 2875 765 2950 835; x_wconf 83' lang='grc' dir='ltr'>τῷ</span> <span class='ocrx_word' id='word_1_23' title='bbox 2982 759 3094 816; x_wconf 77' lang='grc' dir='ltr'>ὄντι</span> <span class='ocrx_word' id='word_1_24' title='bbox 3122 759 3352 834; x_wconf 78' lang='grc' dir='ltr'>ποιμὴν,</span> <span class='ocrx_word' id='word_1_25' title='bbox 3383 759 3411 814; x_wconf 70' lang='grc' dir='ltr'><strong>ὃ</strong></span> <span class='ocrx_word' id='word_1_26' title='bbox 3438 760 3613 831; x_wconf 74' lang='grc' dir='ltr'>θεῖος,</span> <span class='ocrx_word' id='word_1_27' title='bbox 3649 758 3815 838; x_wconf 68' lang='grc' dir='ltr'>φημὶ,</span> 
     </span>
    </p>
   </div>
   <div class='ocr_carea' id='block_1_8' title="bbox 445 839 2083 923">
    <p class='ocr_par' dir='ltr' id='par_1_8' title="bbox 445 839 2083 923">
     <span class='ocr_line' id='line_1_8' title="bbox 445 839 2083 923; baseline 0.002 -22"><span class='ocrx_word' id='word_1_28' title='bbox 445 839 1287 921; x_wconf 84' lang='lat' dir='ltr'><strong>quam,patriarcha,credens</strong></span> <span class='ocrx_word' id='word_1_29' title='bbox 1314 842 1572 923; x_wconf 83' lang='lat' dir='ltr'><strong>principi</strong></span> <span class='ocrx_word' id='word_1_30' title='bbox 1599 851 1901 922; x_wconf 81' lang='lat' dir='ltr'><strong>pastorum</strong></span> <span class='ocrx_word' id='word_1_31' title='bbox 1918 842 2083 905; x_wconf 86' lang='lat' dir='ltr'><strong>Chri-</strong></span> 
     </span>
    </p>
   </div>
   <div class='ocr_carea' id='block_1_9' title="bbox 440 929 2083 1013">
    <p class='ocr_par' dir='ltr' id='par_1_9' title="bbox 440 929 2083 1013">
     <span class='ocr_line' id='line_1_9' title="bbox 440 929 2083 1013; baseline 0.002 -23"><span class='ocrx_word' id='word_1_32' title='bbox 440 930 658 1010; x_wconf 86' lang='lat' dir='ltr'><strong>sto,qui</strong></span> <span class='ocrx_word' id='word_1_33' title='bbox 679 929 849 1006; x_wconf 90' lang='lat' dir='ltr'><strong>jubet</strong></span> <span class='ocrx_word' id='word_1_34' title='bbox 869 930 948 1004; x_wconf 79' lang='grc' dir='ltr'>ίο,</span> <span class='ocrx_word' id='word_1_35' title='bbox 976 932 1338 1013; x_wconf 88' lang='lat' dir='ltr'><strong>sipersecuti</strong></span> <span class='ocrx_word' id='word_1_36' title='bbox 1362 932 1689 1009; x_wconf 81' lang='lat' dir='ltr'><strong>fuerint,ex</strong></span> <span class='ocrx_word' id='word_1_37' title='bbox 1709 952 1826 995; x_wconf 87' lang='lat' dir='ltr'><strong>una</strong></span> <span class='ocrx_word' id='word_1_38' title='bbox 1849 933 2083 996; x_wconf 89' lang='lat' dir='ltr'><strong>civitate</strong></span> 
     </span>
    </p>
   </div>
   <div class='ocr_carea' id='block_1_10' title="bbox 441 1019 2087 1098">
    <p class='ocr_par' dir='ltr' id='par_1_10' title="bbox 441 1019 2087 1098">
     <span class='ocr_line' id='line_1_10' title="bbox 441 1019 2087 1098; baseline 0.004 -18"><span class='ocrx_word' id='word_1_39' title='bbox 441 1019 612 1082; x_wconf 87' lang='lat' dir='ltr'><strong>fuere</strong></span> <span class='ocrx_word' id='word_1_40' title='bbox 662 1022 719 1080; x_wconf 91' lang='lat' dir='ltr'><strong>in</strong></span> <span class='ocrx_word' id='word_1_41' title='bbox 768 1020 988 1098; x_wconf 86' lang='lat' dir='ltr'><strong>aliam;</strong></span> <span class='ocrx_word' id='word_1_42' title='bbox 1040 1041 1174 1084; x_wconf 91' lang='lat' dir='ltr'><strong>cum</strong></span> <span class='ocrx_word' id='word_1_43' title='bbox 1210 1030 1370 1085; x_wconf 84' lang='lat' dir='ltr'><strong>esset</strong></span> <span class='ocrx_word' id='word_1_44' title='bbox 1399 1023 1763 1086; x_wconf 78' lang='lat' dir='ltr'><strong>Alexandria</strong></span> <span class='ocrx_word' id='word_1_45' title='bbox 1795 1023 2087 1087; x_wconf 87' lang='lat' dir='ltr'><strong>tradenda</strong></span> 
     </span>
    </p>
   </div>
   <div class='ocr_carea' id='block_1_11' title="bbox 440 1109 2084 1194">
    <p class='ocr_par' dir='ltr' id='par_1_11' title="bbox 440 1109 2084 1194">
     <span class='ocr_line' id='line_1_11' title="bbox 440 1109 2084 1194; baseline 0.002 -24"><span class='ocrx_word' id='word_1_46' title='bbox 440 1109 714 1171; x_wconf 84' lang='lat' dir='ltr'><strong>manibus</strong></span> <span class='ocrx_word' id='word_1_47' title='bbox 738 1113 1078 1186; x_wconf 87' lang='lat' dir='ltr'><strong>Persarum,</strong></span> <span class='ocrx_word' id='word_1_48' title='bbox 1103 1113 1305 1174; x_wconf 89' lang='lat' dir='ltr'><strong>divina</strong></span> <span class='ocrx_word' id='word_1_49' title='bbox 1335 1113 1709 1193; x_wconf 78' lang='lat' dir='ltr'><strong>providentia</strong></span> <span class='ocrx_word' id='word_1_50' title='bbox 1748 1112 1913 1174; x_wconf 89' lang='lat' dir='ltr'><strong>illinc</strong></span> <span class='ocrx_word' id='word_1_51' title='bbox 1946 1113 2084 1194; x_wconf 90' lang='lat' dir='ltr'><strong>qui-</strong></span> 
     </span>
    </p>
   </div>
   <div class='ocr_carea' id='block_1_12' title="bbox 441 1200 2086 1285">
    <p class='ocr_par' dir='ltr' id='par_1_12' title="bbox 441 1200 2086 1285">
     <span class='ocr_line' id='line_1_12' title="bbox 441 1200 2086 1285; baseline 0.003 -25"><span class='ocrx_word' id='word_1_52' title='bbox 441 1200 576 1261; x_wconf 89' lang='lat' dir='ltr'><strong>dem</strong></span> <span class='ocrx_word' id='word_1_53' title='bbox 600 1200 854 1276; x_wconf 82' lang='lat' dir='ltr'><strong>recedit,</strong></span> <span class='ocrx_word' id='word_1_54' title='bbox 884 1202 1096 1280; x_wconf 80' lang='lat' dir='ltr'><strong>migrat</strong></span> <span class='ocrx_word' id='word_1_55' title='bbox 1133 1210 1328 1266; x_wconf 88' lang='lat' dir='ltr'><strong>autem</strong></span> <span class='ocrx_word' id='word_1_56' title='bbox 1379 1203 1440 1265; x_wconf 90' lang='lat' dir='ltr'><strong>in</strong></span> <span class='ocrx_word' id='word_1_57' title='bbox 1490 1222 1655 1264; x_wconf 90' lang='lat' dir='ltr'><strong>suam</strong></span> <span class='ocrx_word' id='word_1_58' title='bbox 1692 1203 1940 1284; x_wconf 87' lang='lat' dir='ltr'><strong>patriam</strong></span> <span class='ocrx_word' id='word_1_59' title='bbox 1975 1203 2086 1285; x_wconf 83' lang='lat' dir='ltr'><strong>Cy—</strong></span> 
     </span>
    </p>
   </div>
   <div class='ocr_carea' id='block_1_13' title="bbox 441 1293 2086 1372">
    <p class='ocr_par' dir='ltr' id='par_1_13' title="bbox 441 1293 2086 1372">
     <span class='ocr_line' id='line_1_13' title="bbox 441 1293 2086 1372; baseline 0.004 -23"><span class='ocrx_word' id='word_1_60' title='bbox 441 1306 816 1367; x_wconf 86' lang='lat' dir='ltr'><strong>prum,suum</strong></span> <span class='ocrx_word' id='word_1_61' title='bbox 845 1293 900 1353; x_wconf 91' lang='lat' dir='ltr'><strong>ei</strong></span> <span class='ocrx_word' id='word_1_62' title='bbox 922 1311 1142 1372; x_wconf 87' lang='lat' dir='ltr'><strong>corpus</strong></span> <span class='ocrx_word' id='word_1_63' title='bbox 1164 1294 1586 1371; x_wconf 86' lang='lat' dir='ltr'><strong>largiturus,ut</strong></span> <span class='ocrx_word' id='word_1_64' title='bbox 1610 1312 1743 1372; x_wconf 62' lang='lat' dir='ltr'><strong>qua;</strong></span> <span class='ocrx_word' id='word_1_65' title='bbox 1763 1312 1897 1354; x_wconf 91' lang='lat' dir='ltr'><strong>eum</strong></span> <span class='ocrx_word' id='word_1_66' title='bbox 1926 1293 2086 1355; x_wconf 89' lang='lat' dir='ltr'><strong>alue-</strong></span> 
     </span>
    </p>
   </div>
   <div class='ocr_carea' id='block_1_14' title="bbox 442 1381 2084 1464">
    <p class='ocr_par' dir='ltr' id='par_1_14' title="bbox 442 1381 2084 1464">
     <span class='ocr_line' id='line_1_14' title="bbox 442 1381 2084 1464; baseline 0.002 -23"><span class='ocrx_word' id='word_1_67' title='bbox 442 1389 554 1443; x_wconf 89' lang='lat' dir='ltr'><strong>rat:</strong></span> <span class='ocrx_word' id='word_1_68' title='bbox 583 1381 957 1461; x_wconf 70' lang='lat' dir='ltr'><strong>prmsciverat</strong></span> <span class='ocrx_word' id='word_1_69' title='bbox 989 1384 1149 1444; x_wconf 91' lang='lat' dir='ltr'><strong>enim</strong></span> <span class='ocrx_word' id='word_1_70' title='bbox 1193 1384 1317 1464; x_wconf 81' lang='lat' dir='ltr'><strong>jam</strong></span> <span class='ocrx_word' id='word_1_71' title='bbox 1368 1383 1849 1464; x_wconf 86' lang='lat' dir='ltr'><strong>appropinquare</strong></span> <span class='ocrx_word' id='word_1_72' title='bbox 1871 1381 2084 1444; x_wconf 90' lang='lat' dir='ltr'><strong>deces-</strong></span> 
     </span>
    </p>
   </div>
   <div class='ocr_carea' id='block_1_15' title="bbox 441 1469 2082 1556">
    <p class='ocr_par' dir='ltr' id='par_1_15' title="bbox 441 1469 2082 1556">
     <span class='ocr_line' id='line_1_15' title="bbox 441 1469 2082 1556; baseline 0.002 -26"><span class='ocrx_word' id='word_1_73' title='bbox 441 1469 661 1532; x_wconf 91' lang='lat' dir='ltr'><strong>sum.Is</strong></span> <span class='ocrx_word' id='word_1_74' title='bbox 685 1472 1088 1554; x_wconf 88' lang='lat' dir='ltr'><strong>itaque,cujus</strong></span> <span class='ocrx_word' id='word_1_75' title='bbox 1111 1492 1270 1556; x_wconf 65' lang='lat' dir='ltr'><strong>saepe</strong></span> <span class='ocrx_word' id='word_1_76' title='bbox 1294 1482 1656 1535; x_wconf 77' lang='lat' dir='ltr'><strong>mentionem</strong></span> <span class='ocrx_word' id='word_1_77' title='bbox 1685 1473 2082 1552; x_wconf 77' lang='lat' dir='ltr'><strong>fecimus,pa-</strong></span> 
     </span>
    </p>
   </div>
   <div class='ocr_carea' id='block_1_16' title="bbox 444 1564 2084 1648">
    <p class='ocr_par' dir='ltr' id='par_1_16' title="bbox 444 1564 2084 1648">
     <span class='ocr_line' id='line_1_16' title="bbox 444 1564 2084 1648; baseline 0.002 -23"><span class='ocrx_word' id='word_1_78' title='bbox 444 1565 651 1626; x_wconf 91' lang='lat' dir='ltr'><strong>tricius</strong></span> <span class='ocrx_word' id='word_1_79' title='bbox 671 1564 935 1640; x_wconf 77' lang='lat' dir='ltr'><strong>Nicetes,</strong></span> <span class='ocrx_word' id='word_1_80' title='bbox 961 1574 1207 1648; x_wconf 85' lang='lat' dir='ltr'><strong>accepta</strong></span> <span class='ocrx_word' id='word_1_81' title='bbox 1227 1567 1540 1629; x_wconf 88' lang='lat' dir='ltr'><strong>occasione</strong></span> <span class='ocrx_word' id='word_1_82' title='bbox 1565 1586 1630 1628; x_wconf 82' lang='lat' dir='ltr'><strong>ex</strong></span> <span class='ocrx_word' id='word_1_83' title='bbox 1656 1584 1726 1628; x_wconf 93' lang='lat' dir='ltr'><strong>eo</strong></span> <span class='ocrx_word' id='word_1_84' title='bbox 1753 1566 1912 1648; x_wconf 87' lang='lat' dir='ltr'><strong>quod</strong></span> <span class='ocrx_word' id='word_1_85' title='bbox 1940 1570 2084 1628; x_wconf 90' lang='lat' dir='ltr'><strong>Per-</strong></span> 
     </span>
    </p>
   </div>
   <div class='ocr_carea' id='block_1_17' title="bbox 441 1656 2089 1733">
    <p class='ocr_par' dir='ltr' id='par_1_17' title="bbox 441 1656 2089 1733">
     <span class='ocr_line' id='line_1_17' title="bbox 441 1656 2089 1733; baseline -0.002 -15"><span class='ocrx_word' id='word_1_86' title='bbox 441 1673 524 1718; x_wconf 73' lang='lat' dir='ltr'><strong>sae</strong></span> <span class='ocrx_word' id='word_1_87' title='bbox 550 1656 911 1733; x_wconf 88' lang='lat' dir='ltr'><strong>irruperant,</strong></span> <span class='ocrx_word' id='word_1_88' title='bbox 945 1657 1226 1718; x_wconf 87' lang='lat' dir='ltr'><strong>obsecrat</strong></span> <span class='ocrx_word' id='word_1_89' title='bbox 1268 1657 1458 1717; x_wconf 88' lang='lat' dir='ltr'><strong>virum</strong></span> <span class='ocrx_word' id='word_1_90' title='bbox 1480 1657 1771 1730; x_wconf 87' lang='lat' dir='ltr'><strong>divinum,</strong></span> <span class='ocrx_word' id='word_1_91' title='bbox 1801 1665 1864 1718; x_wconf 91' lang='lat' dir='ltr'><strong>ut</strong></span> <span class='ocrx_word' id='word_1_92' title='bbox 1893 1657 2089 1718; x_wconf 89' lang='lat' dir='ltr'><strong>veniat</strong></span> 
     </span>
    </p>
   </div>
   <div class='ocr_carea' id='block_1_18' title="bbox 445 1745 2085 1825">
    <p class='ocr_par' dir='ltr' id='par_1_18' title="bbox 445 1745 2085 1825">
     <span class='ocr_line' id='line_1_18' title="bbox 445 1745 2085 1825; baseline 0.001 -18"><span class='ocrx_word' id='word_1_93' title='bbox 445 1763 636 1825; x_wconf 88' lang='lat' dir='ltr'><strong>usque</strong></span> <span class='ocrx_word' id='word_1_94' title='bbox 653 1745 722 1806; x_wconf 90' lang='lat' dir='ltr'><strong>ad</strong></span> <span class='ocrx_word' id='word_1_95' title='bbox 751 1747 974 1825; x_wconf 83' lang='lat' dir='ltr'><strong>regiam</strong></span> <span class='ocrx_word' id='word_1_96' title='bbox 1002 1746 1610 1825; x_wconf 85' lang='lat' dir='ltr'><strong>civitatem,precibus</strong></span> <span class='ocrx_word' id='word_1_97' title='bbox 1633 1753 1690 1806; x_wconf 91' lang='lat' dir='ltr'><strong>et</strong></span> <span class='ocrx_word' id='word_1_98' title='bbox 1716 1745 2085 1808; x_wconf 90' lang='lat' dir='ltr'><strong>benedictio-</strong></span> 
     </span>
    </p>
   </div>
   <div class='ocr_carea' id='block_1_19' title="bbox 442 1835 2085 1916">
    <p class='ocr_par' dir='ltr' id='par_1_19' title="bbox 442 1835 2085 1916">
     <span class='ocr_line' id='line_1_19' title="bbox 442 1835 2085 1916; baseline 0.001 -20"><span class='ocrx_word' id='word_1_99' title='bbox 442 1853 520 1896; x_wconf 86' lang='lat' dir='ltr'><strong>ne</strong></span> <span class='ocrx_word' id='word_1_100' title='bbox 540 1835 955 1914; x_wconf 87' lang='lat' dir='ltr'><strong>impertiturus</strong></span> <span class='ocrx_word' id='word_1_101' title='bbox 987 1835 1551 1916; x_wconf 90' lang='lat' dir='ltr'><strong>imperatorem.Ille</strong></span> <span class='ocrx_word' id='word_1_102' title='bbox 1575 1846 1772 1897; x_wconf 88' lang='lat' dir='ltr'><strong>autem</strong></span> <span class='ocrx_word' id='word_1_103' title='bbox 1799 1855 1930 1897; x_wconf 92' lang='lat' dir='ltr'><strong>cum</strong></span> <span class='ocrx_word' id='word_1_104' title='bbox 1961 1835 2085 1897; x_wconf 83' lang='lat' dir='ltr'><strong>sci-</strong></span> 
     </span>
    </p>
   </div>
   <div class='ocr_carea' id='block_1_20' title="bbox 443 1925 2084 2007">
    <p class='ocr_par' dir='ltr' id='par_1_20' title="bbox 443 1925 2084 2007">
     <span class='ocr_line' id='line_1_20' title="bbox 443 1925 2084 2007; baseline 0.001 -22"><span class='ocrx_word' id='word_1_105' title='bbox 443 1925 930 2006; x_wconf 84' lang='lat' dir='ltr'><strong>ret.qualisesset</strong></span> <span class='ocrx_word' id='word_1_106' title='bbox 949 1925 1100 1987; x_wconf 86' lang='lat' dir='ltr'><strong>ﬁdes</strong></span> <span class='ocrx_word' id='word_1_107' title='bbox 1121 1926 1229 1987; x_wconf 90' lang='lat' dir='ltr'><strong>viri</strong></span> <span class='ocrx_word' id='word_1_108' title='bbox 1254 1925 1819 2000; x_wconf 89' lang='lat' dir='ltr'><strong>clarissimi,annuit</strong></span> <span class='ocrx_word' id='word_1_109' title='bbox 1838 1925 2084 2007; x_wconf 86' lang='lat' dir='ltr'><strong>quidem</strong></span> 
     </span>
    </p>
   </div>
   <div class='ocr_carea' id='block_1_21' title="bbox 446 2017 2091 2096">
    <p class='ocr_par' dir='ltr' id='par_1_21' title="bbox 446 2017 2091 2096">
     <span class='ocr_line' id='line_1_21' title="bbox 446 2017 2091 2096; baseline -0.001 -16"><span class='ocrx_word' id='word_1_110' title='bbox 446 2017 716 2096; x_wconf 78' lang='lat' dir='ltr'><strong>petitioni</strong></span> <span class='ocrx_word' id='word_1_111' title='bbox 750 2038 762 2081; x_wconf 94' lang='lat'>:</span> <span class='ocrx_word' id='word_1_112' title='bbox 792 2037 930 2079; x_wconf 87' lang='lat' dir='ltr'><strong>cum</strong></span> <span class='ocrx_word' id='word_1_113' title='bbox 955 2018 1132 2080; x_wconf 88' lang='lat' dir='ltr'><strong>ambo</strong></span> <span class='ocrx_word' id='word_1_114' title='bbox 1153 2027 1355 2080; x_wconf 87' lang='lat' dir='ltr'><strong>autem</strong></span> <span class='ocrx_word' id='word_1_115' title='bbox 1412 2036 1558 2081; x_wconf 87' lang='lat' dir='ltr'><strong>nave</strong></span> <span class='ocrx_word' id='word_1_116' title='bbox 1605 2019 1999 2088; x_wconf 84' lang='lat' dir='ltr'><strong>veherentur,</strong></span> <span class='ocrx_word' id='word_1_117' title='bbox 2031 2024 2091 2079; x_wconf 88' lang='lat' dir='ltr'><strong>et</strong></span> 
     </span>
    </p>
   </div>
   <div class='ocr_carea' id='block_1_22' title="bbox 2168 845 3818 928">
    <p class='ocr_par' dir='ltr' id='par_1_22' title="bbox 2168 845 3818 928">
     <span class='ocr_line' id='line_1_22' title="bbox 2168 845 3818 928; baseline 0.002 -28"><span class='ocrx_word' id='word_1_118' title='bbox 2168 845 2534 926; x_wconf 69' lang='grc' dir='ltr'><strong>πατριάρχης,</strong></span> <span class='ocrx_word' id='word_1_119' title='bbox 2589 854 2666 922; x_wconf 83' lang='grc' dir='ltr'>τῷ</span> <span class='ocrx_word' id='word_1_120' title='bbox 2724 848 3073 928; x_wconf 82' lang='grc' dir='ltr'>ἀρχιποιμένι</span> <span class='ocrx_word' id='word_1_121' title='bbox 3133 853 3344 926; x_wconf 78' lang='grc' dir='ltr'>Χριστῷ</span> <span class='ocrx_word' id='word_1_122' title='bbox 3407 845 3677 904; x_wconf 85' lang='grc' dir='ltr'>κελεύοντι</span> <span class='ocrx_word' id='word_1_123' title='bbox 3733 849 3818 903; x_wconf 81' lang='grc' dir='ltr'><strong>εἷ·-</strong></span> 
     </span>
    </p>
   </div>
   <div class='ocr_carea' id='block_1_23' title="bbox 2168 931 3818 1014">
    <p class='ocr_par' dir='ltr' id='par_1_23' title="bbox 2168 931 3818 1014">
     <span class='ocr_line' id='line_1_23' title="bbox 2168 931 3818 1014; baseline 0.001 -26"><span class='ocrx_word' id='word_1_124' title='bbox 2168 954 2301 1008; x_wconf 87' lang='grc' dir='ltr'>κων,</span> <span class='ocrx_word' id='word_1_125' title='bbox 2336 931 2696 1010; x_wconf 79' lang='grc' dir='ltr'><strong>διωκομένους</strong></span> <span class='ocrx_word' id='word_1_126' title='bbox 2746 938 2807 994; x_wconf 74' lang='grc' dir='ltr'>ἒκ</span> <span class='ocrx_word' id='word_1_127' title='bbox 2836 935 2998 1005; x_wconf 78' lang='grc' dir='ltr'>τῆσδε</span> <span class='ocrx_word' id='word_1_128' title='bbox 3055 941 3157 1003; x_wconf 78' lang='grc' dir='ltr'>τῆς</span> <span class='ocrx_word' id='word_1_129' title='bbox 3214 934 3425 1000; x_wconf 85' lang='grc' dir='ltr'>πόλεως</span> <span class='ocrx_word' id='word_1_130' title='bbox 3470 934 3685 1014; x_wconf 75' lang='grc' dir='ltr'><strong>φεύγειν</strong></span> <span class='ocrx_word' id='word_1_131' title='bbox 3741 936 3818 998; x_wconf 78' lang='grc' dir='ltr'>εἷς</span> 
     </span>
    </p>
   </div>
   <div class='ocr_carea' id='block_1_24' title="bbox 2169 1022 3819 1106">
    <p class='ocr_par' dir='ltr' id='par_1_24' title="bbox 2169 1022 3819 1106">
     <span class='ocr_line' id='line_1_24' title="bbox 2169 1022 3819 1106; baseline -0.007 -16"><span class='ocrx_word' id='word_1_132' title='bbox 2169 1022 2268 1090; x_wconf 69' lang='grc' dir='ltr'><strong>τὴν</strong></span> <span class='ocrx_word' id='word_1_133' title='bbox 2339 1024 2548 1106; x_wconf 68' lang='grc' dir='ltr'>ἑτέραν,</span> <span class='ocrx_word' id='word_1_134' title='bbox 2608 1026 2764 1094; x_wconf 78' lang='grc' dir='ltr'>ἡνίκα</span> <span class='ocrx_word' id='word_1_135' title='bbox 2833 1029 2868 1095; x_wconf 77' lang='grc' dir='ltr'><strong>ἡ</strong></span> <span class='ocrx_word' id='word_1_136' title='bbox 2940 1024 3303 1105; x_wconf 68' lang='grc' dir='ltr'>’ήλεξάνδρεια</span> <span class='ocrx_word' id='word_1_137' title='bbox 3374 1027 3528 1106; x_wconf 80' lang='grc' dir='ltr'>χερσὶ</span> <span class='ocrx_word' id='word_1_138' title='bbox 3602 1030 3819 1098; x_wconf 82' lang='grc' dir='ltr'>Περσῶν</span> 
     </span>
    </p>
   </div>
   <div class='ocr_carea' id='block_1_25' title="bbox 2170 1112 3818 1192">
    <p class='ocr_par' dir='ltr' id='par_1_25' title="bbox 2170 1112 3818 1192">
     <span class='ocr_line' id='line_1_25' title="bbox 2170 1112 3818 1192; baseline 0.001 -24"><span class='ocrx_word' id='word_1_139' title='bbox 2170 1112 2628 1190; x_wconf 70' lang='grc' dir='ltr'><strong>παραδοθήσεσθαι</strong></span> <span class='ocrx_word' id='word_1_140' title='bbox 2700 1114 2916 1192; x_wconf 81' lang='grc' dir='ltr'>ἔμελλε,</span> <span class='ocrx_word' id='word_1_141' title='bbox 2968 1117 3080 1189; x_wconf 77' lang='grc' dir='ltr'>θείᾳ</span> <span class='ocrx_word' id='word_1_142' title='bbox 3151 1115 3371 1189; x_wconf 75' lang='grc' dir='ltr'>προνοίᾳ</span> <span class='ocrx_word' id='word_1_143' title='bbox 3438 1114 3646 1173; x_wconf 75' lang='grc' dir='ltr'>ἐκεῖθεν</span> <span class='ocrx_word' id='word_1_144' title='bbox 3717 1115 3818 1191; x_wconf 75' lang='grc' dir='ltr'>μὲν</span> 
     </span>
    </p>
   </div>
   <div class='ocr_carea' id='block_1_26' title="bbox 2169 1202 3819 1284">
    <p class='ocr_par' dir='ltr' id='par_1_26' title="bbox 2169 1202 3819 1284">
     <span class='ocr_line' id='line_1_26' title="bbox 2169 1202 3819 1284; baseline 0.003 -27"><span class='ocrx_word' id='word_1_145' title='bbox 2169 1203 2548 1280; x_wconf 87' lang='grc' dir='ltr'>ἀπανίσταται,</span> <span class='ocrx_word' id='word_1_146' title='bbox 2611 1207 2740 1284; x_wconf 83' lang='grc' dir='ltr'>πρὸς</span> <span class='ocrx_word' id='word_1_147' title='bbox 2799 1205 2852 1263; x_wconf 79' lang='grc' dir='ltr'>δὲ</span> <span class='ocrx_word' id='word_1_148' title='bbox 2909 1216 3009 1274; x_wconf 85' lang='grc' dir='ltr'>τὴν</span> <span class='ocrx_word' id='word_1_149' title='bbox 3053 1207 3239 1264; x_wconf 79' lang='grc' dir='ltr'>ἑαυτοῦ</span> <span class='ocrx_word' id='word_1_150' title='bbox 3281 1202 3504 1284; x_wconf 88' lang='grc' dir='ltr'>πατρίδα</span> <span class='ocrx_word' id='word_1_151' title='bbox 3546 1206 3644 1272; x_wconf 76' lang='grc' dir='ltr'><strong>τὴν</strong></span> <span class='ocrx_word' id='word_1_152' title='bbox 3707 1204 3819 1262; x_wconf 80' lang='grc' dir='ltr'><strong>Κύ-</strong></span> 
     </span>
    </p>
   </div>
   <div class='ocr_carea' id='block_1_27' title="bbox 2170 1295 3821 1373">
    <p class='ocr_par' dir='ltr' id='par_1_27' title="bbox 2170 1295 3821 1373">
     <span class='ocr_line' id='line_1_27' title="bbox 2170 1295 3821 1373; baseline 0.001 -24"><span class='ocrx_word' id='word_1_153' title='bbox 2170 1315 2300 1372; x_wconf 86' lang='grc' dir='ltr'>προν</span> <span class='ocrx_word' id='word_1_154' title='bbox 2347 1295 2681 1370; x_wconf 77' lang='grc' dir='ltr'>μεθίσταται,</span> <span class='ocrx_word' id='word_1_155' title='bbox 2732 1298 2793 1353; x_wconf 85' lang='grc' dir='ltr'>τὸ</span> <span class='ocrx_word' id='word_1_156' title='bbox 2837 1297 3036 1354; x_wconf 76' lang='grc' dir='ltr'>οἰκεῖον</span> <span class='ocrx_word' id='word_1_157' title='bbox 3081 1295 3218 1363; x_wconf 76' lang='grc' dir='ltr'>αὖτῆ</span> <span class='ocrx_word' id='word_1_158' title='bbox 3265 1300 3446 1373; x_wconf 84' lang='grc' dir='ltr'>σῶμα,</span> <span class='ocrx_word' id='word_1_159' title='bbox 3491 1297 3566 1361; x_wconf 83' lang='grc' dir='ltr'>ὡς</span> <span class='ocrx_word' id='word_1_160' title='bbox 3613 1297 3821 1373; x_wconf 71' lang='grc' dir='ltr'>θρεψο-</span> 
     </span>
    </p>
   </div>
   <div class='ocr_carea' id='block_1_28' title="bbox 2169 1382 3817 1465">
    <p class='ocr_par' dir='ltr' id='par_1_28' title="bbox 2169 1382 3817 1465">
     <span class='ocr_line' id='line_1_28' title="bbox 2169 1382 3817 1465; baseline 0.001 -27"><span class='ocrx_word' id='word_1_161' title='bbox 2169 1382 2331 1459; x_wconf 76' lang='grc' dir='ltr'>μένῃ,</span> <span class='ocrx_word' id='word_1_162' title='bbox 2364 1385 2750 1464; x_wconf 75' lang='grc' dir='ltr'>χαριούμενοςο</span> <span class='ocrx_word' id='word_1_163' title='bbox 2777 1386 3021 1465; x_wconf 79' lang='grc' dir='ltr'>προέγνω</span> <span class='ocrx_word' id='word_1_164' title='bbox 3041 1385 3141 1465; x_wconf 76' lang='grc' dir='ltr'><strong>γὰρ</strong></span> <span class='ocrx_word' id='word_1_165' title='bbox 3171 1382 3266 1454; x_wconf 75' lang='grc' dir='ltr'>ἥδτ</span> <span class='ocrx_word' id='word_1_166' title='bbox 3297 1387 3395 1452; x_wconf 74' lang='grc' dir='ltr'>τὴν</span> <span class='ocrx_word' id='word_1_167' title='bbox 3425 1384 3526 1452; x_wconf 74' lang='grc' dir='ltr'>τὴν</span> <span class='ocrx_word' id='word_1_168' title='bbox 3556 1385 3817 1450; x_wconf 72' lang='grc' dir='ltr'>τελευτὴν</span> 
     </span>
    </p>
   </div>
   <div class='ocr_carea' id='block_1_29' title="bbox 2168 1470 3818 1553">
    <p class='ocr_par' dir='ltr' id='par_1_29' title="bbox 2168 1470 3818 1553">
     <span class='ocr_line' id='line_1_29' title="bbox 2168 1470 3818 1553; baseline 0.001 -27"><span class='ocrx_word' id='word_1_169' title='bbox 2168 1471 2292 1528; x_wconf 84' lang='grc' dir='ltr'>ὅσον</span> <span class='ocrx_word' id='word_1_170' title='bbox 2324 1470 2472 1529; x_wconf 72' lang='grc' dir='ltr'>οὔπω</span> <span class='ocrx_word' id='word_1_171' title='bbox 2528 1473 2862 1552; x_wconf 76' lang='grc' dir='ltr'>ἐγγίζουσαν,</span> <span class='ocrx_word' id='word_1_172' title='bbox 2899 1477 2960 1533; x_wconf 69' lang='grc' dir='ltr'><strong>Ὀ</strong></span> <span class='ocrx_word' id='word_1_173' title='bbox 3014 1483 3139 1553; x_wconf 74' lang='grc' dir='ltr'>γοῦν</span> <span class='ocrx_word' id='word_1_174' title='bbox 3173 1471 3425 1536; x_wconf 79' lang='grc' dir='ltr'>πολλάκις</span> <span class='ocrx_word' id='word_1_175' title='bbox 3455 1470 3539 1530; x_wconf 80' lang='grc' dir='ltr'><strong>διὰ</strong></span> <span class='ocrx_word' id='word_1_176' title='bbox 3589 1473 3818 1549; x_wconf 72' lang='grc' dir='ltr'>μνήμης</span> 
     </span>
    </p>
   </div>
   <div class='ocr_carea' id='block_1_30' title="bbox 2168 1561 3818 1644">
    <p class='ocr_par' dir='ltr' id='par_1_30' title="bbox 2168 1561 3818 1644">
     <span class='ocr_line' id='line_1_30' title="bbox 2168 1561 3818 1644; baseline 0.005 -29"><span class='ocrx_word' id='word_1_177' title='bbox 2168 1563 2303 1637; x_wconf 73' lang='grc' dir='ltr'>ἡμῖν</span> <span class='ocrx_word' id='word_1_178' title='bbox 2387 1563 2704 1644; x_wconf 82' lang='grc' dir='ltr'>γενόμενος,</span> <span class='ocrx_word' id='word_1_179' title='bbox 2780 1563 2814 1621; x_wconf 76' lang='lat'><strong>6&#39;</strong></span> <span class='ocrx_word' id='word_1_180' title='bbox 2893 1565 3170 1631; x_wconf 75' lang='grc' dir='ltr'>πατρίκιος</span> <span class='ocrx_word' id='word_1_181' title='bbox 3255 1561 3462 1632; x_wconf 68' lang='grc' dir='ltr'>δηλαδὴ</span> <span class='ocrx_word' id='word_1_182' title='bbox 3548 1563 3818 1642; x_wconf 77' lang='grc' dir='ltr'>Νικήτας,</span> 
     </span>
    </p>
   </div>
   <div class='ocr_carea' id='block_1_31' title="bbox 2167 1649 3815 1732">
    <p class='ocr_par' dir='ltr' id='par_1_31' title="bbox 2167 1649 3815 1732">
     <span class='ocr_line' id='line_1_31' title="bbox 2167 1649 3815 1732; baseline 0.002 -27"><span class='ocrx_word' id='word_1_183' title='bbox 2167 1650 2415 1731; x_wconf 75' lang='grc' dir='ltr'>ἀφορμῆς</span> <span class='ocrx_word' id='word_1_184' title='bbox 2471 1657 2573 1722; x_wconf 77' lang='grc' dir='ltr'>τῆς</span> <span class='ocrx_word' id='word_1_185' title='bbox 2623 1653 2729 1711; x_wconf 79' lang='grc' dir='ltr'>ἀπὸ</span> <span class='ocrx_word' id='word_1_186' title='bbox 2803 1660 2909 1711; x_wconf 81' lang='grc' dir='ltr'><strong>τῶν</strong></span> <span class='ocrx_word' id='word_1_187' title='bbox 2967 1659 3181 1730; x_wconf 83' lang='grc' dir='ltr'>Περσῶν</span> <span class='ocrx_word' id='word_1_188' title='bbox 3253 1652 3442 1732; x_wconf 75' lang='grc' dir='ltr'>ἐφόδου</span> <span class='ocrx_word' id='word_1_189' title='bbox 3494 1649 3815 1732; x_wconf 72' lang='grc' dir='ltr'>λαϐόμενος,</span> 
     </span>
    </p>
   </div>
   <div class='ocr_carea' id='block_1_32' title="bbox 2168 1737 3822 1825">
    <p class='ocr_par' dir='ltr' id='par_1_32' title="bbox 2168 1737 3822 1825">
     <span class='ocr_line' id='line_1_32' title="bbox 2168 1737 3822 1825; baseline 0.001 -31"><span class='ocrx_word' id='word_1_190' title='bbox 2168 1737 2389 1818; x_wconf 81' lang='grc' dir='ltr'>λιπαρεῖ</span> <span class='ocrx_word' id='word_1_191' title='bbox 2445 1745 2536 1799; x_wconf 84' lang='grc' dir='ltr'>τὸν</span> <span class='ocrx_word' id='word_1_192' title='bbox 2584 1742 2885 1820; x_wconf 78' lang='grc' dir='ltr'>θεσπέσιον,</span> <span class='ocrx_word' id='word_1_193' title='bbox 2921 1743 3087 1825; x_wconf 84' lang='grc' dir='ltr'>μέχρι</span> <span class='ocrx_word' id='word_1_194' title='bbox 3136 1766 3224 1802; x_wconf 87' lang='grc' dir='ltr'><strong>και</strong></span> <span class='ocrx_word' id='word_1_195' title='bbox 3256 1748 3355 1812; x_wconf 77' lang='grc' dir='ltr'>τῆς</span> <span class='ocrx_word' id='word_1_196' title='bbox 3396 1741 3665 1819; x_wconf 73' lang='grc' dir='ltr'>βασιλίδος</span> <span class='ocrx_word' id='word_1_197' title='bbox 3708 1746 3822 1797; x_wconf 84' lang='grc' dir='ltr'><strong>τῶν</strong></span> 
     </span>
    </p>
   </div>
   <div class='ocr_carea' id='block_1_33' title="bbox 2171 1828 3821 1914">
    <p class='ocr_par' dir='ltr' id='par_1_33' title="bbox 2171 1828 3821 1914">
     <span class='ocr_line' id='line_1_33' title="bbox 2171 1828 3821 1914; baseline 0.003 -30"><span class='ocrx_word' id='word_1_198' title='bbox 2171 1828 2380 1888; x_wconf 79' lang='grc' dir='ltr'>πόλεών</span> <span class='ocrx_word' id='word_1_199' title='bbox 2437 1832 2740 1913; x_wconf 71' lang='grc' dir='ltr'>ἀφικέσθαι,</span> <span class='ocrx_word' id='word_1_200' title='bbox 2799 1837 2966 1914; x_wconf 75' lang='grc' dir='ltr'>εὐχῆς</span> <span class='ocrx_word' id='word_1_201' title='bbox 3026 1835 3112 1890; x_wconf 85' lang='grc' dir='ltr'><strong>καὶ</strong></span> <span class='ocrx_word' id='word_1_202' title='bbox 3181 1832 3423 1912; x_wconf 71' lang='grc' dir='ltr'>εὐλογίας</span> <span class='ocrx_word' id='word_1_203' title='bbox 3480 1845 3598 1896; x_wconf 75' lang='grc' dir='ltr'>τοῖς</span> <span class='ocrx_word' id='word_1_204' title='bbox 3653 1832 3821 1908; x_wconf 85' lang='grc' dir='ltr'>βασι-</span> 
     </span>
    </p>
   </div>
   <div class='ocr_carea' id='block_1_34' title="bbox 2171 1918 3823 1996">
    <p class='ocr_par' dir='ltr' id='par_1_34' title="bbox 2171 1918 3823 1996">
     <span class='ocr_line' id='line_1_34' title="bbox 2171 1918 3823 1996; baseline 0.002 -21"><span class='ocrx_word' id='word_1_205' title='bbox 2171 1918 2381 1977; x_wconf 85' lang='grc' dir='ltr'>λεύουσι</span> <span class='ocrx_word' id='word_1_206' title='bbox 2426 1921 2828 1996; x_wconf 80' lang='grc' dir='ltr'>μεταδώσοντα.</span> <span class='ocrx_word' id='word_1_207' title='bbox 2895 1923 3059 1988; x_wconf 83' lang='grc' dir='ltr'>Εἰδὼς</span> <span class='ocrx_word' id='word_1_208' title='bbox 3105 1925 3194 1982; x_wconf 82' lang='grc' dir='ltr'>οὖν</span> <span class='ocrx_word' id='word_1_209' title='bbox 3251 1923 3460 1986; x_wconf 76' lang='grc' dir='ltr'>ἐκεῖνος</span> <span class='ocrx_word' id='word_1_210' title='bbox 3503 1921 3597 1979; x_wconf 71' lang='grc' dir='ltr'>οἶα</span> <span class='ocrx_word' id='word_1_211' title='bbox 3641 1923 3677 1989; x_wconf 71' lang='grc' dir='ltr'><strong>ἦ</strong></span> <span class='ocrx_word' id='word_1_212' title='bbox 3723 1923 3823 1979; x_wconf 81' lang='grc' dir='ltr'><strong>τοῦ</strong></span> 
     </span>
    </p>
   </div>
   <div class='ocr_carea' id='block_1_35' title="bbox 2174 2009 3824 2092">
    <p class='ocr_par' dir='ltr' id='par_1_35' title="bbox 2174 2009 3824 2092">
     <span class='ocr_line' id='line_1_35' title="bbox 2174 2009 3824 2092; baseline 0.007 -27"><span class='ocrx_word' id='word_1_213' title='bbox 2174 2009 2552 2091; x_wconf 80' lang='grc' dir='ltr'>λαμπροτάτου</span> <span class='ocrx_word' id='word_1_214' title='bbox 2610 2013 2785 2088; x_wconf 89' lang='grc' dir='ltr'>μίστις</span> <span class='ocrx_word' id='word_1_215' title='bbox 2844 2011 3054 2092; x_wconf 79' lang='grc' dir='ltr'>ἀνδρὸς,</span> <span class='ocrx_word' id='word_1_216' title='bbox 3100 2013 3327 2071; x_wconf 72' lang='grc' dir='ltr'>ἐπινεύει</span> <span class='ocrx_word' id='word_1_217' title='bbox 3387 2013 3485 2087; x_wconf 77' lang='grc' dir='ltr'>μὲν</span> <span class='ocrx_word' id='word_1_218' title='bbox 3527 2013 3658 2090; x_wconf 78' lang='grc' dir='ltr'>πρὸς</span> <span class='ocrx_word' id='word_1_219' title='bbox 3717 2011 3824 2080; x_wconf 63' lang='grc' dir='ltr'><strong>τὴν</strong></span> 
     </span>
    </p>
   </div>
   <div class='ocr_carea' id='block_1_36' title="bbox 436 2100 2089 2188">
    <p class='ocr_par' dir='ltr' id='par_1_36' title="bbox 436 2107 2088 2188">
     <span class='ocr_line' id='line_1_36' title="bbox 436 2107 2088 2188; baseline -0.001 -20"><span class='ocrx_word' id='word_1_220' title='bbox 436 2108 561 2188; x_wconf 87' lang='lat' dir='ltr'><strong>jam</strong></span> <span class='ocrx_word' id='word_1_221' title='bbox 588 2117 790 2170; x_wconf 89' lang='lat' dir='ltr'><strong>essent</strong></span> <span class='ocrx_word' id='word_1_222' title='bbox 814 2107 874 2168; x_wconf 90' lang='lat' dir='ltr'><strong>in</strong></span> <span class='ocrx_word' id='word_1_223' title='bbox 903 2107 1100 2169; x_wconf 89' lang='lat' dir='ltr'><strong>medio</strong></span> <span class='ocrx_word' id='word_1_224' title='bbox 1126 2107 1653 2181; x_wconf 88' lang='lat' dir='ltr'><strong>mari,inciduntin</strong></span> <span class='ocrx_word' id='word_1_225' title='bbox 1681 2125 1918 2186; x_wconf 83' lang='lat' dir='ltr'><strong>gravem</strong></span> <span class='ocrx_word' id='word_1_226' title='bbox 1945 2114 2088 2168; x_wconf 87' lang='lat' dir='ltr'><strong>tem-</strong></span> 
     </span>
    </p>
   </div>
   <div class='ocr_carea' id='block_1_37' title="bbox 2176 2100 3825 2188">
    <p class='ocr_par' dir='ltr' id='par_1_37' title="bbox 2176 2100 3825 2186">
     <span class='ocr_line' id='line_1_37' title="bbox 2176 2100 3825 2186; baseline 0.001 -30"><span class='ocrx_word' id='word_1_227' title='bbox 2176 2100 2418 2181; x_wconf 74' lang='grc' dir='ltr'>αἴτησιν,</span> <span class='ocrx_word' id='word_1_228' title='bbox 2481 2101 2565 2159; x_wconf 81' lang='grc' dir='ltr'><strong>διὰ</strong></span> <span class='ocrx_word' id='word_1_229' title='bbox 2607 2102 2799 2162; x_wconf 80' lang='grc' dir='ltr'>πλοίου</span> <span class='ocrx_word' id='word_1_230' title='bbox 2859 2102 2914 2160; x_wconf 78' lang='grc' dir='ltr'>δὲ</span> <span class='ocrx_word' id='word_1_231' title='bbox 2975 2102 3267 2186; x_wconf 73' lang='grc' dir='ltr'>ἀμφότεροι</span> <span class='ocrx_word' id='word_1_232' title='bbox 3321 2100 3669 2183; x_wconf 79' lang='grc' dir='ltr'>ἀναχθέντες,</span> <span class='ocrx_word' id='word_1_233' title='bbox 3727 2108 3825 2162; x_wconf 81' lang='grc' dir='ltr'><strong>καὶ</strong></span> 
     </span>
    </p>
   </div>
   <div class='ocr_carea' id='block_1_38' title="bbox 446 2195 2088 2278">
    <p class='ocr_par' dir='ltr' id='par_1_38' title="bbox 446 2195 2088 2278">
     <span class='ocr_line' id='line_1_38' title="bbox 446 2195 2088 2278; baseline -0.001 -20"><span class='ocrx_word' id='word_1_234' title='bbox 446 2204 760 2276; x_wconf 86' lang='lat' dir='ltr'><strong>pestatem.</strong></span> <span class='ocrx_word' id='word_1_235' title='bbox 794 2195 942 2259; x_wconf 90' lang='lat' dir='ltr'><strong>Cum</strong></span> <span class='ocrx_word' id='word_1_236' title='bbox 967 2215 1104 2260; x_wconf 82' lang='lat' dir='ltr'><strong>vero</strong></span> <span class='ocrx_word' id='word_1_237' title='bbox 1133 2196 1298 2258; x_wconf 89' lang='lat' dir='ltr'><strong>navis</strong></span> <span class='ocrx_word' id='word_1_238' title='bbox 1325 2205 1440 2259; x_wconf 90' lang='lat' dir='ltr'><strong>tam</strong></span> <span class='ocrx_word' id='word_1_239' title='bbox 1475 2197 1868 2258; x_wconf 90' lang='lat' dir='ltr'><strong>vehementer</strong></span> <span class='ocrx_word' id='word_1_240' title='bbox 1886 2205 2088 2278; x_wconf 84' lang='lat' dir='ltr'><strong>quate-</strong></span> 
     </span>
    </p>
   </div>
   <div class='ocr_carea' id='block_1_39' title="bbox 443 2285 2087 2366">
    <p class='ocr_par' dir='ltr' id='par_1_39' title="bbox 443 2285 2087 2366">
     <span class='ocr_line' id='line_1_39' title="bbox 443 2285 2087 2366; baseline -0.001 -18"><span class='ocrx_word' id='word_1_241' title='bbox 443 2295 611 2348; x_wconf 87' lang='lat' dir='ltr'><strong>retur</strong></span> <span class='ocrx_word' id='word_1_242' title='bbox 639 2285 941 2359; x_wconf 87' lang='lat' dir='ltr'><strong>ﬂuctibus,</strong></span> <span class='ocrx_word' id='word_1_243' title='bbox 977 2303 1036 2349; x_wconf 89' lang='lat' dir='ltr'><strong>et</strong></span> <span class='ocrx_word' id='word_1_244' title='bbox 1059 2305 1195 2349; x_wconf 85' lang='lat' dir='ltr'><strong>mox</strong></span> <span class='ocrx_word' id='word_1_245' title='bbox 1236 2294 1396 2348; x_wconf 85' lang='lat' dir='ltr'><strong>esset</strong></span> <span class='ocrx_word' id='word_1_246' title='bbox 1436 2286 1806 2348; x_wconf 86' lang='lat' dir='ltr'><strong>mittendaiu</strong></span> <span class='ocrx_word' id='word_1_247' title='bbox 1837 2285 2087 2366; x_wconf 83' lang='lat' dir='ltr'><strong>profun-</strong></span> 
     </span>
    </p>
   </div>
   <div class='ocr_carea' id='block_1_40' title="bbox 445 2375 2088 2452">
    <p class='ocr_par' dir='ltr' id='par_1_40' title="bbox 445 2375 2088 2452">
     <span class='ocr_line' id='line_1_40' title="bbox 445 2375 2088 2452; baseline 0 -16"><span class='ocrx_word' id='word_1_248' title='bbox 445 2375 613 2446; x_wconf 87' lang='lat' dir='ltr'><strong>dum,</strong></span> <span class='ocrx_word' id='word_1_249' title='bbox 647 2375 806 2437; x_wconf 90' lang='lat' dir='ltr'><strong>visus</strong></span> <span class='ocrx_word' id='word_1_250' title='bbox 829 2387 920 2438; x_wconf 92' lang='lat' dir='ltr'><strong>est</strong></span> <span class='ocrx_word' id='word_1_251' title='bbox 943 2384 1119 2438; x_wconf 89' lang='lat' dir='ltr'><strong>nocte</strong></span> <span class='ocrx_word' id='word_1_252' title='bbox 1148 2376 1398 2452; x_wconf 87' lang='lat' dir='ltr'><strong>illa,qua</strong></span> <span class='ocrx_word' id='word_1_253' title='bbox 1432 2377 1627 2440; x_wconf 75' lang='lat' dir='ltr'><strong>fuerat</strong></span> <span class='ocrx_word' id='word_1_254' title='bbox 1652 2376 1904 2437; x_wconf 87' lang='lat' dir='ltr'><strong>excitata</strong></span> <span class='ocrx_word' id='word_1_255' title='bbox 1932 2384 2088 2437; x_wconf 87' lang='lat' dir='ltr'><strong>tem-</strong></span> 
     </span>
    </p>
   </div>
   <div class='ocr_carea' id='block_1_41' title="bbox 448 2465 2086 2548">
    <p class='ocr_par' dir='ltr' id='par_1_41' title="bbox 448 2465 2086 2548">
     <span class='ocr_line' id='line_1_41' title="bbox 448 2465 2086 2548; baseline 0.001 -23"><span class='ocrx_word' id='word_1_256' title='bbox 448 2465 1034 2546; x_wconf 86' lang='lat' dir='ltr'><strong>pestas,patriciusin</strong></span> <span class='ocrx_word' id='word_1_257' title='bbox 1056 2465 1288 2530; x_wconf 88' lang='lat' dir='ltr'><strong>somnis</strong></span> <span class='ocrx_word' id='word_1_258' title='bbox 1309 2466 1512 2528; x_wconf 89' lang='lat' dir='ltr'><strong>videre</strong></span> <span class='ocrx_word' id='word_1_259' title='bbox 1527 2466 1933 2548; x_wconf 83' lang='lat' dir='ltr'><strong>patriarcham</strong></span> <span class='ocrx_word' id='word_1_260' title='bbox 1951 2483 2086 2527; x_wconf 91' lang='lat' dir='ltr'><strong>cum</strong></span> 
     </span>
    </p>
   </div>
   <div class='ocr_carea' id='block_1_42' title="bbox 447 2555 2085 2637">
    <p class='ocr_par' dir='ltr' id='par_1_42' title="bbox 447 2555 2085 2637">
     <span class='ocr_line' id='line_1_42' title="bbox 447 2555 2085 2637; baseline 0 -21"><span class='ocrx_word' id='word_1_261' title='bbox 447 2556 834 2636; x_wconf 89' lang='lat' dir='ltr'><strong>pauperibus,</strong></span> <span class='ocrx_word' id='word_1_262' title='bbox 869 2557 1190 2637; x_wconf 88' lang='lat' dir='ltr'><strong>aliquando</strong></span> <span class='ocrx_word' id='word_1_263' title='bbox 1233 2555 1479 2632; x_wconf 88' lang='lat' dir='ltr'><strong>quidem</strong></span> <span class='ocrx_word' id='word_1_264' title='bbox 1525 2575 1629 2637; x_wconf 85' lang='lat' dir='ltr'><strong>per</strong></span> <span class='ocrx_word' id='word_1_265' title='bbox 1663 2563 1842 2618; x_wconf 85' lang='lat' dir='ltr'><strong>totam</strong></span> <span class='ocrx_word' id='word_1_266' title='bbox 1879 2574 2085 2618; x_wconf 89' lang='lat' dir='ltr'><strong>navem</strong></span> 
     </span>
    </p>
   </div>
   <div class='ocr_carea' id='block_1_43' title="bbox 445 2644 2089 2727">
    <p class='ocr_par' dir='ltr' id='par_1_43' title="bbox 445 2644 2089 2727">
     <span class='ocr_line' id='line_1_43' title="bbox 445 2644 2089 2727; baseline 0.001 -21"><span class='ocrx_word' id='word_1_267' title='bbox 445 2645 1369 2727; x_wconf 87' lang='lat' dir='ltr'><strong>circumcursantem,aliquando</strong></span> <span class='ocrx_word' id='word_1_268' title='bbox 1403 2656 1600 2710; x_wconf 91' lang='lat' dir='ltr'><strong>autem</strong></span> <span class='ocrx_word' id='word_1_269' title='bbox 1625 2664 1758 2707; x_wconf 92' lang='lat' dir='ltr'><strong>cum</strong></span> <span class='ocrx_word' id='word_1_270' title='bbox 1789 2644 1932 2726; x_wconf 88' lang='lat' dir='ltr'><strong>ipsis</strong></span> <span class='ocrx_word' id='word_1_271' title='bbox 1959 2663 2089 2707; x_wconf 89' lang='lat' dir='ltr'><strong>ma-</strong></span> 
     </span>
    </p>
   </div>
   <div class='ocr_carea' id='block_1_44' title="bbox 449 2735 2086 2815">
    <p class='ocr_par' dir='ltr' id='par_1_44' title="bbox 449 2735 2086 2815">
     <span class='ocr_line' id='line_1_44' title="bbox 449 2735 2086 2815; baseline 0.001 -19"><span class='ocrx_word' id='word_1_272' title='bbox 449 2754 560 2797; x_wconf 90' lang='lat' dir='ltr'><strong>nus</strong></span> <span class='ocrx_word' id='word_1_273' title='bbox 583 2736 1033 2800; x_wconf 83' lang='lat' dir='ltr'><strong>extendentem.</strong></span> <span class='ocrx_word' id='word_1_274' title='bbox 1069 2744 1129 2796; x_wconf 88' lang='lat' dir='ltr'><strong>et</strong></span> <span class='ocrx_word' id='word_1_275' title='bbox 1161 2755 1191 2798; x_wconf 89' lang='lat' dir='ltr'><strong>e</strong></span> <span class='ocrx_word' id='word_1_276' title='bbox 1215 2736 1385 2798; x_wconf 65' lang='lat' dir='ltr'><strong>caelis</strong></span> <span class='ocrx_word' id='word_1_277' title='bbox 1429 2745 1729 2815; x_wconf 89' lang='lat' dir='ltr'><strong>petentem</strong></span> <span class='ocrx_word' id='word_1_278' title='bbox 1776 2735 2086 2797; x_wconf 82' lang='lat' dir='ltr'><strong>auxilium.</strong></span> 
     </span>
    </p>
   </div>
   <div class='ocr_carea' id='block_1_45' title="bbox 447 2825 2086 2906">
    <p class='ocr_par' dir='ltr' id='par_1_45' title="bbox 447 2825 2086 2906">
     <span class='ocr_line' id='line_1_45' title="bbox 447 2825 2086 2906; baseline -0.002 -18"><span class='ocrx_word' id='word_1_279' title='bbox 447 2825 591 2888; x_wconf 87' lang='lat' dir='ltr'><strong>Cum</strong></span> <span class='ocrx_word' id='word_1_280' title='bbox 615 2827 954 2906; x_wconf 86' lang='lat' dir='ltr'><strong>autemjam</strong></span> <span class='ocrx_word' id='word_1_281' title='bbox 980 2825 1038 2888; x_wconf 92' lang='lat' dir='ltr'><strong>in</strong></span> <span class='ocrx_word' id='word_1_282' title='bbox 1068 2825 1347 2888; x_wconf 80' lang='lat' dir='ltr'><strong>Rhodum</strong></span> <span class='ocrx_word' id='word_1_283' title='bbox 1373 2825 1624 2886; x_wconf 89' lang='lat' dir='ltr'><strong>insulam</strong></span> <span class='ocrx_word' id='word_1_284' title='bbox 1651 2825 2086 2905; x_wconf 88' lang='lat' dir='ltr'><strong>pervenissent,</strong></span> 
     </span>
    </p>
   </div>
   <div class='ocr_carea' id='block_1_46' title="bbox 447 2913 2094 2995">
    <p class='ocr_par' dir='ltr' id='par_1_46' title="bbox 447 2913 2094 2995">
     <span class='ocr_line' id='line_1_46' title="bbox 447 2913 2094 2995; baseline -0.002 -19"><span class='ocrx_word' id='word_1_285' title='bbox 447 2916 550 2976; x_wconf 91' lang='lat' dir='ltr'><strong>ille</strong></span> <span class='ocrx_word' id='word_1_286' title='bbox 569 2916 699 2994; x_wconf 92' lang='lat' dir='ltr'><strong>ipse</strong></span> <span class='ocrx_word' id='word_1_287' title='bbox 725 2916 1063 2995; x_wconf 87' lang='lat' dir='ltr'><strong>patriarcha</strong></span> <span class='ocrx_word' id='word_1_288' title='bbox 1085 2935 1218 2977; x_wconf 88' lang='lat' dir='ltr'><strong>cum</strong></span> <span class='ocrx_word' id='word_1_289' title='bbox 1246 2934 1281 2976; x_wconf 91' lang='lat' dir='ltr'><strong>a</strong></span> <span class='ocrx_word' id='word_1_290' title='bbox 1301 2914 1995 2986; x_wconf 82' lang='lat' dir='ltr'><strong>sediscessisset,revera</strong></span> <span class='ocrx_word' id='word_1_291' title='bbox 2013 2913 2094 2973; x_wconf 91' lang='lat' dir='ltr'><strong>vi-</strong></span> 
     </span>
    </p>
   </div>
   <div class='ocr_carea' id='block_1_47' title="bbox 448 3003 2090 3084">
    <p class='ocr_par' dir='ltr' id='par_1_47' title="bbox 448 3003 2090 3084">
     <span class='ocr_line' id='line_1_47' title="bbox 448 3003 2090 3084; baseline 0.001 -20"><span class='ocrx_word' id='word_1_292' title='bbox 448 3004 637 3073; x_wconf 83' lang='lat' dir='ltr'><strong>det,et</strong></span> <span class='ocrx_word' id='word_1_293' title='bbox 659 3023 776 3064; x_wconf 85' lang='lat' dir='ltr'><strong>non</strong></span> <span class='ocrx_word' id='word_1_294' title='bbox 803 3004 860 3064; x_wconf 88' lang='lat' dir='ltr'><strong>in</strong></span> <span class='ocrx_word' id='word_1_295' title='bbox 885 3004 1133 3076; x_wconf 90' lang='lat' dir='ltr'><strong>somnis,</strong></span> <span class='ocrx_word' id='word_1_296' title='bbox 1160 3003 1542 3084; x_wconf 90' lang='lat' dir='ltr'><strong>splendidum</strong></span> <span class='ocrx_word' id='word_1_297' title='bbox 1594 3004 1782 3066; x_wconf 91' lang='lat' dir='ltr'><strong>virum</strong></span> <span class='ocrx_word' id='word_1_298' title='bbox 1811 3005 2090 3065; x_wconf 88' lang='lat' dir='ltr'><strong>eunucho</strong></span> 
     </span>
    </p>
   </div>
   <div class='ocr_carea' id='block_1_48' title="bbox 450 3091 2086 3172">
    <p class='ocr_par' dir='ltr' id='par_1_48' title="bbox 450 3091 2086 3172">
     <span class='ocr_line' id='line_1_48' title="bbox 450 3091 2086 3172; baseline -0.001 -19"><span class='ocrx_word' id='word_1_299' title='bbox 450 3092 991 3171; x_wconf 89' lang='lat' dir='ltr'><strong>similem,aureum</strong></span> <span class='ocrx_word' id='word_1_300' title='bbox 1023 3103 1323 3172; x_wconf 89' lang='lat' dir='ltr'><strong>sceptrum</strong></span> <span class='ocrx_word' id='word_1_301' title='bbox 1353 3091 1671 3154; x_wconf 87' lang='lat' dir='ltr'><strong>habentem</strong></span> <span class='ocrx_word' id='word_1_302' title='bbox 1695 3093 1754 3152; x_wconf 90' lang='lat' dir='ltr'><strong>in</strong></span> <span class='ocrx_word' id='word_1_303' title='bbox 1790 3091 2086 3165; x_wconf 85' lang='lat' dir='ltr'><strong>manibus,</strong></span> 
     </span>
    </p>
   </div>
   <div class='ocr_carea' id='block_1_49' title="bbox 449 3182 2087 3261">
    <p class='ocr_par' dir='ltr' id='par_1_49' title="bbox 449 3182 2087 3261">
     <span class='ocr_line' id='line_1_49' title="bbox 449 3182 2087 3261; baseline -0.001 -17"><span class='ocrx_word' id='word_1_304' title='bbox 449 3191 511 3244; x_wconf 89' lang='lat' dir='ltr'><strong>et</strong></span> <span class='ocrx_word' id='word_1_305' title='bbox 529 3182 598 3242; x_wconf 91' lang='lat' dir='ltr'><strong>ad</strong></span> <span class='ocrx_word' id='word_1_306' title='bbox 625 3201 759 3242; x_wconf 91' lang='lat' dir='ltr'><strong>eum</strong></span> <span class='ocrx_word' id='word_1_307' title='bbox 783 3182 1169 3242; x_wconf 83' lang='lat' dir='ltr'><strong>accedentem</strong></span> <span class='ocrx_word' id='word_1_308' title='bbox 1190 3182 1414 3243; x_wconf 86' lang='lat' dir='ltr'><strong>dicere:</strong></span> <span class='ocrx_word' id='word_1_309' title='bbox 1437 3183 1690 3243; x_wconf 89' lang='lat' dir='ltr'><strong>Vocatte</strong></span> <span class='ocrx_word' id='word_1_310' title='bbox 1705 3183 1832 3246; x_wconf 82' lang='lat' dir='ltr'><strong>Rex</strong></span> <span class='ocrx_word' id='word_1_311' title='bbox 1855 3201 2087 3261; x_wconf 88' lang='lat' dir='ltr'><strong>regum,</strong></span> 
     </span>
    </p>
   </div>
   <div class='ocr_carea' id='block_1_50' title="bbox 448 3271 2092 3355">
    <p class='ocr_par' dir='ltr' id='par_1_50' title="bbox 448 3271 2092 3355">
     <span class='ocr_line' id='line_1_50' title="bbox 448 3271 2092 3355; baseline -0.001 -19"><span class='ocrx_word' id='word_1_312' title='bbox 448 3272 660 3336; x_wconf 86' lang='lat' dir='ltr'><strong>Statim</strong></span> <span class='ocrx_word' id='word_1_313' title='bbox 682 3291 822 3352; x_wconf 81' lang='lat' dir='ltr'><strong>ergo</strong></span> <span class='ocrx_word' id='word_1_314' title='bbox 853 3273 1142 3334; x_wconf 90' lang='lat' dir='ltr'><strong>accersito</strong></span> <span class='ocrx_word' id='word_1_315' title='bbox 1184 3271 1456 3354; x_wconf 89' lang='lat' dir='ltr'><strong>patricio,</strong></span> <span class='ocrx_word' id='word_1_316' title='bbox 1490 3292 1624 3334; x_wconf 91' lang='lat' dir='ltr'><strong>cum</strong></span> <span class='ocrx_word' id='word_1_317' title='bbox 1660 3273 1910 3335; x_wconf 82' lang='lat' dir='ltr'><strong>dixisset</strong></span> <span class='ocrx_word' id='word_1_318' title='bbox 1938 3293 2092 3355; x_wconf 87' lang='lat' dir='ltr'><strong>qua-</strong></span> 
     </span>
    </p>
   </div>
   <div class='ocr_carea' id='block_1_51' title="bbox 451 3361 2097 3444">
    <p class='ocr_par' dir='ltr' id='par_1_51' title="bbox 451 3361 2097 3444">
     <span class='ocr_line' id='line_1_51' title="bbox 451 3361 2097 3444; baseline 0 -20"><span class='ocrx_word' id='word_1_319' title='bbox 451 3364 566 3424; x_wconf 91' lang='lat' dir='ltr'><strong>lem</strong></span> <span class='ocrx_word' id='word_1_320' title='bbox 601 3362 1220 3424; x_wconf 88' lang='lat' dir='ltr'><strong>habuissetvisionem</strong></span> <span class='ocrx_word' id='word_1_321' title='bbox 1247 3379 1261 3425; x_wconf 89' lang='lat'><strong>:</strong></span> <span class='ocrx_word' id='word_1_322' title='bbox 1284 3361 1373 3424; x_wconf 88' lang='lat' dir='ltr'><strong>Tu</strong></span> <span class='ocrx_word' id='word_1_323' title='bbox 1393 3361 1664 3442; x_wconf 86' lang='lat' dir='ltr'><strong>quidem,</strong></span> <span class='ocrx_word' id='word_1_324' title='bbox 1694 3363 1910 3444; x_wconf 87' lang='lat' dir='ltr'><strong>inquit,</strong></span> <span class='ocrx_word' id='word_1_325' title='bbox 1946 3383 1979 3424; x_wconf 92' lang='grc' dir='ltr'><strong>ο</strong></span> <span class='ocrx_word' id='word_1_326' title='bbox 2010 3364 2097 3424; x_wconf 88' lang='lat' dir='ltr'><strong>vir</strong></span> 
     </span>
    </p>
   </div>
   <div class='ocr_carea' id='block_1_52' title="bbox 2172 2190 3822 2273">
    <p class='ocr_par' dir='ltr' id='par_1_52' title="bbox 2172 2190 3822 2273">
     <span class='ocr_line' id='line_1_52' title="bbox 2172 2190 3822 2273; baseline -0.001 -26"><span class='ocrx_word' id='word_1_327' title='bbox 2172 2190 2338 2266; x_wconf 86' lang='grc' dir='ltr'>μέσον</span> <span class='ocrx_word' id='word_1_328' title='bbox 2381 2190 2484 2261; x_wconf 70' lang='grc' dir='ltr'>ἤδη</span> <span class='ocrx_word' id='word_1_329' title='bbox 2530 2203 2624 2254; x_wconf 87' lang='grc' dir='ltr'><strong>τοῦ</strong></span> <span class='ocrx_word' id='word_1_330' title='bbox 2665 2195 2934 2272; x_wconf 76' lang='grc' dir='ltr'>πελάγους</span> <span class='ocrx_word' id='word_1_331' title='bbox 2991 2194 3292 2273; x_wconf 86' lang='grc' dir='ltr'>γενόμενοι,</span> <span class='ocrx_word' id='word_1_332' title='bbox 3327 2193 3546 2273; x_wconf 67' lang='grc' dir='ltr'>χαλεπῇ</span> <span class='ocrx_word' id='word_1_333' title='bbox 3590 2190 3822 2268; x_wconf 83' lang='grc' dir='ltr'>περιπί-</span> 
     </span>
    </p>
   </div>
   <div class='ocr_carea' id='block_1_53' title="bbox 2172 2281 3812 2364">
    <p class='ocr_par' dir='ltr' id='par_1_53' title="bbox 2172 2281 3812 2364">
     <span class='ocr_line' id='line_1_53' title="bbox 2172 2281 3812 2364; baseline 0.001 -27"><span class='ocrx_word' id='word_1_334' title='bbox 2172 2304 2360 2340; x_wconf 61' lang='grc' dir='ltr'>πτουσι</span> <span class='ocrx_word' id='word_1_335' title='bbox 2413 2282 2572 2362; x_wconf 74' lang='grc' dir='ltr'>ζάλῃ.</span> <span class='ocrx_word' id='word_1_336' title='bbox 2613 2291 2810 2347; x_wconf 81' lang='grc' dir='ltr'>Δεινῶς</span> <span class='ocrx_word' id='word_1_337' title='bbox 2853 2283 2908 2341; x_wconf 76' lang='grc' dir='ltr'>δὲ</span> <span class='ocrx_word' id='word_1_338' title='bbox 2938 2283 3042 2352; x_wconf 75' lang='grc' dir='ltr'>ἤδη</span> <span class='ocrx_word' id='word_1_339' title='bbox 3087 2291 3180 2342; x_wconf 92' lang='grc' dir='ltr'><strong>τοῦ</strong></span> <span class='ocrx_word' id='word_1_340' title='bbox 3223 2283 3411 2342; x_wconf 85' lang='grc' dir='ltr'>πλοίου</span> <span class='ocrx_word' id='word_1_341' title='bbox 3467 2281 3812 2364; x_wconf 77' lang='grc' dir='ltr'>χειμαζομέ-</span> 
     </span>
    </p>
   </div>
   <div class='ocr_carea' id='block_1_54' title="bbox 2173 2372 3816 2452">
    <p class='ocr_par' dir='ltr' id='par_1_54' title="bbox 2173 2372 3816 2452">
     <span class='ocr_line' id='line_1_54' title="bbox 2173 2372 3816 2452; baseline 0 -24"><span class='ocrx_word' id='word_1_342' title='bbox 2173 2396 2286 2452; x_wconf 79' lang='grc' dir='ltr'>νου,</span> <span class='ocrx_word' id='word_1_343' title='bbox 2319 2375 2409 2432; x_wconf 83' lang='grc' dir='ltr'><strong>καὶ</strong></span> <span class='ocrx_word' id='word_1_344' title='bbox 2449 2373 2631 2452; x_wconf 87' lang='grc' dir='ltr'>ὀλίγου</span> <span class='ocrx_word' id='word_1_345' title='bbox 2689 2373 2980 2449; x_wconf 79' lang='grc' dir='ltr'>μέλλοντος</span> <span class='ocrx_word' id='word_1_346' title='bbox 3035 2379 3113 2449; x_wconf 81' lang='grc' dir='ltr'><strong>τῷ</strong></span> <span class='ocrx_word' id='word_1_347' title='bbox 3154 2376 3294 2451; x_wconf 84' lang='grc' dir='ltr'>βυθῷ</span> <span class='ocrx_word' id='word_1_348' title='bbox 3337 2372 3816 2452; x_wconf 78' lang='grc' dir='ltr'>παραπέμπεσθαι,</span> 
     </span>
    </p>
   </div>
   <div class='ocr_carea' id='block_1_55' title="bbox 2172 2459 3820 2542">
    <p class='ocr_par' dir='ltr' id='par_1_55' title="bbox 2172 2459 3820 2542">
     <span class='ocr_line' id='line_1_55' title="bbox 2172 2459 3820 2542; baseline 0 -24"><span class='ocrx_word' id='word_1_349' title='bbox 2172 2459 2314 2528; x_wconf 76' lang='grc' dir='ltr'>ἔδοξε</span> <span class='ocrx_word' id='word_1_350' title='bbox 2367 2469 2465 2531; x_wconf 79' lang='grc' dir='ltr'><strong>τῆς</strong></span> <span class='ocrx_word' id='word_1_351' title='bbox 2509 2464 2692 2528; x_wconf 76' lang='grc' dir='ltr'>νυκτὸς</span> <span class='ocrx_word' id='word_1_352' title='bbox 2739 2465 2946 2532; x_wconf 78' lang='grc' dir='ltr'>ἐκείνης</span> <span class='ocrx_word' id='word_1_353' title='bbox 2992 2462 3108 2522; x_wconf 86' lang='grc' dir='ltr'>καθ’</span> <span class='ocrx_word' id='word_1_354' title='bbox 3151 2464 3216 2532; x_wconf 71' lang='grc' dir='ltr'>ἢν</span> <span class='ocrx_word' id='word_1_355' title='bbox 3267 2462 3403 2536; x_wconf 79' lang='grc' dir='ltr'>ζάλη</span> <span class='ocrx_word' id='word_1_356' title='bbox 3450 2465 3738 2542; x_wconf 72' lang='grc' dir='ltr'>ἒγήγερτο,</span> <span class='ocrx_word' id='word_1_357' title='bbox 3786 2463 3820 2518; x_wconf 82' lang='grc' dir='ltr'><strong>ὁ</strong></span> 
     </span>
    </p>
   </div>
   <div class='ocr_carea' id='block_1_56' title="bbox 2172 2553 3820 2631">
    <p class='ocr_par' dir='ltr' id='par_1_56' title="bbox 2172 2553 3820 2631">
     <span class='ocr_line' id='line_1_56' title="bbox 2172 2553 3820 2631; baseline 0 -23"><span class='ocrx_word' id='word_1_358' title='bbox 2172 2553 2451 2631; x_wconf 72' lang='grc' dir='ltr'>ματρίκιος</span> <span class='ocrx_word' id='word_1_359' title='bbox 2495 2555 2620 2631; x_wconf 75' lang='grc' dir='ltr'>ὄναρ</span> <span class='ocrx_word' id='word_1_360' title='bbox 2663 2557 2788 2631; x_wconf 80' lang='grc' dir='ltr'>ὁρᾷν</span> <span class='ocrx_word' id='word_1_361' title='bbox 2845 2555 2934 2610; x_wconf 80' lang='grc' dir='ltr'><strong>τὸε</strong></span> <span class='ocrx_word' id='word_1_362' title='bbox 2987 2554 3332 2631; x_wconf 79' lang='grc' dir='ltr'>πατριάργην</span> <span class='ocrx_word' id='word_1_363' title='bbox 3377 2554 3514 2628; x_wconf 83' lang='grc' dir='ltr'><strong>μετά</strong></span> <span class='ocrx_word' id='word_1_364' title='bbox 3560 2559 3664 2610; x_wconf 80' lang='grc' dir='ltr'><strong>τῶν</strong></span> <span class='ocrx_word' id='word_1_365' title='bbox 3706 2573 3820 2608; x_wconf 78' lang='grc' dir='ltr'>πε-</span> 
     </span>
    </p>
   </div>
   <div class='ocr_carea' id='block_1_57' title="bbox 2172 2641 3822 2722">
    <p class='ocr_par' dir='ltr' id='par_1_57' title="bbox 2172 2641 3822 2722">
     <span class='ocr_line' id='line_1_57' title="bbox 2172 2641 3822 2722; baseline -0.001 -22"><span class='ocrx_word' id='word_1_366' title='bbox 2172 2643 2374 2714; x_wconf 73' lang='grc' dir='ltr'>νήτων,</span> <span class='ocrx_word' id='word_1_367' title='bbox 2409 2644 2496 2701; x_wconf 71' lang='grc' dir='ltr'><strong>ὅτε</strong></span> <span class='ocrx_word' id='word_1_368' title='bbox 2541 2644 2640 2717; x_wconf 81' lang='grc' dir='ltr'>μὲν</span> <span class='ocrx_word' id='word_1_369' title='bbox 2693 2643 2837 2702; x_wconf 71' lang='grc' dir='ltr'>ἅπαν</span> <span class='ocrx_word' id='word_1_370' title='bbox 2893 2644 2955 2700; x_wconf 82' lang='grc' dir='ltr'>τὸ</span> <span class='ocrx_word' id='word_1_371' title='bbox 3001 2642 3193 2700; x_wconf 80' lang='grc' dir='ltr'>πλοῖον</span> <span class='ocrx_word' id='word_1_372' title='bbox 3249 2644 3580 2722; x_wconf 74' lang='grc' dir='ltr'>περιθέοντα,</span> <span class='ocrx_word' id='word_1_373' title='bbox 3628 2641 3718 2699; x_wconf 83' lang='grc' dir='ltr'><strong>ὅτε</strong></span> <span class='ocrx_word' id='word_1_374' title='bbox 3760 2641 3822 2698; x_wconf 62' lang='grc' dir='ltr'><strong>δέ</strong></span> 
     </span>
    </p>
   </div>
   <div class='ocr_carea' id='block_1_58' title="bbox 2175 2731 3826 2813">
    <p class='ocr_par' dir='ltr' id='par_1_58' title="bbox 2175 2731 3826 2813">
     <span class='ocr_line' id='line_1_58' title="bbox 2175 2731 3826 2813; baseline -0.004 -23"><span class='ocrx_word' id='word_1_375' title='bbox 2175 2734 2266 2790; x_wconf 84' lang='grc' dir='ltr'>σὺν</span> <span class='ocrx_word' id='word_1_376' title='bbox 2327 2738 2513 2798; x_wconf 76' lang='grc' dir='ltr'>αὐτοῖς</span> <span class='ocrx_word' id='word_1_377' title='bbox 2548 2735 2640 2800; x_wconf 79' lang='grc' dir='ltr'>τὰς</span> <span class='ocrx_word' id='word_1_378' title='bbox 2686 2746 2881 2813; x_wconf 73' lang='grc' dir='ltr'>χεῖρας</span> <span class='ocrx_word' id='word_1_379' title='bbox 2923 2734 2998 2799; x_wconf 76' lang='grc' dir='ltr'><strong>είς</strong></span> <span class='ocrx_word' id='word_1_380' title='bbox 3039 2732 3257 2811; x_wconf 75' lang='grc' dir='ltr'>οὐρανὸν</span> <span class='ocrx_word' id='word_1_381' title='bbox 3317 2733 3534 2813; x_wconf 82' lang='grc' dir='ltr'>ὁρέγοντ</span> <span class='ocrx_word' id='word_1_382' title='bbox 3573 2731 3669 2788; x_wconf 80' lang='grc' dir='ltr'>καί</span> <span class='ocrx_word' id='word_1_383' title='bbox 3699 2731 3826 2813; x_wconf 16' lang='grc' dir='ltr'>,τὴν</span> 
     </span>
    </p>
   </div>
   <div class='ocr_carea' id='block_1_59' title="bbox 2173 2812 3824 2901">
    <p class='ocr_par' dir='ltr' id='par_1_59' title="bbox 2173 2812 3824 2901">
     <span class='ocr_line' id='line_1_59' title="bbox 2173 2812 3824 2901; baseline -0.002 -21"><span class='ocrx_word' id='word_1_384' title='bbox 2173 2823 2381 2880; x_wconf 79' lang='grc' dir='ltr'>ἐκεῖθεν</span> <span class='ocrx_word' id='word_1_385' title='bbox 2438 2812 2697 2901; x_wconf 83' lang='grc' dir='ltr'>βοήθειαν</span> <span class='ocrx_word' id='word_1_386' title='bbox 2718 2812 3116 2896; x_wconf 64' lang='grc' dir='ltr'>ἔξαιτούμενον.</span> <span class='ocrx_word' id='word_1_387' title='bbox 3153 2813 3246 2886; x_wconf 64' lang='grc' dir='ltr'>Ὠς</span> <span class='ocrx_word' id='word_1_388' title='bbox 3289 2812 3358 2878; x_wconf 72' lang='grc' dir='ltr'>δὲ</span> <span class='ocrx_word' id='word_1_389' title='bbox 3397 2824 3484 2879; x_wconf 83' lang='grc' dir='ltr'><strong>καὶ</strong></span> <span class='ocrx_word' id='word_1_390' title='bbox 3527 2824 3658 2895; x_wconf 75' lang='grc' dir='ltr'>πρὸς</span> <span class='ocrx_word' id='word_1_391' title='bbox 3695 2812 3824 2879; x_wconf 72' lang='grc' dir='ltr'><strong>Ῥό-</strong></span> 
     </span>
    </p>
   </div>
   <div class='ocr_carea' id='block_1_60' title="bbox 2173 2910 3824 2993">
    <p class='ocr_par' dir='ltr' id='par_1_60' title="bbox 2173 2910 3824 2993">
     <span class='ocr_line' id='line_1_60' title="bbox 2173 2910 3824 2993; baseline -0.001 -26"><span class='ocrx_word' id='word_1_392' title='bbox 2173 2910 2259 2969; x_wconf 85' lang='grc' dir='ltr'><strong>δον</strong></span> <span class='ocrx_word' id='word_1_393' title='bbox 2333 2911 2436 2980; x_wconf 78' lang='grc' dir='ltr'>ἢδη</span> <span class='ocrx_word' id='word_1_394' title='bbox 2510 2915 2670 2982; x_wconf 76' lang='grc' dir='ltr'>νῆσον</span> <span class='ocrx_word' id='word_1_395' title='bbox 2742 2910 3066 2993; x_wconf 81' lang='grc' dir='ltr'>κατέλαϐον,</span> <span class='ocrx_word' id='word_1_396' title='bbox 3127 2911 3284 2976; x_wconf 77' lang='grc' dir='ltr'>αὐτὸς</span> <span class='ocrx_word' id='word_1_397' title='bbox 3339 2910 3544 2977; x_wconf 74' lang='grc' dir='ltr'>ἐκεῖνος</span> <span class='ocrx_word' id='word_1_398' title='bbox 3613 2913 3641 2968; x_wconf 73' lang='grc' dir='ltr'><strong>ὁ</strong></span> <span class='ocrx_word' id='word_1_399' title='bbox 3705 2931 3824 2967; x_wconf 81' lang='grc' dir='ltr'>πα-</span> 
     </span>
    </p>
   </div>
   <div class='ocr_carea' id='block_1_61' title="bbox 2173 2999 3826 3082">
    <p class='ocr_par' dir='ltr' id='par_1_61' title="bbox 2173 2999 3826 3082">
     <span class='ocr_line' id='line_1_61' title="bbox 2173 2999 3826 3082; baseline -0.001 -25"><span class='ocrx_word' id='word_1_400' title='bbox 2173 3003 2466 3082; x_wconf 78' lang='grc' dir='ltr'>τριάρχης,</span> <span class='ocrx_word' id='word_1_401' title='bbox 2529 3003 2582 3059; x_wconf 79' lang='grc' dir='ltr'>ἐν</span> <span class='ocrx_word' id='word_1_402' title='bbox 2647 3002 2895 3060; x_wconf 77' lang='grc' dir='ltr'>ἐκστάσει</span> <span class='ocrx_word' id='word_1_403' title='bbox 2960 3003 3273 3079; x_wconf 83' lang='grc' dir='ltr'>γενόμενος,</span> <span class='ocrx_word' id='word_1_404' title='bbox 3336 2999 3476 3080; x_wconf 76' lang='grc' dir='ltr'>ῦπαρ</span> <span class='ocrx_word' id='word_1_405' title='bbox 3530 3005 3626 3059; x_wconf 70' lang='grc' dir='ltr'><strong>οῦκ</strong></span> <span class='ocrx_word' id='word_1_406' title='bbox 3694 2999 3826 3077; x_wconf 79' lang='grc' dir='ltr'>ὄναρ</span> 
     </span>
    </p>
   </div>
   <div class='ocr_carea' id='block_1_62' title="bbox 2173 3089 3823 3172">
    <p class='ocr_par' dir='ltr' id='par_1_62' title="bbox 2173 3089 3823 3172">
     <span class='ocr_line' id='line_1_62' title="bbox 2173 3089 3823 3172; baseline -0.002 -23"><span class='ocrx_word' id='word_1_407' title='bbox 2173 3098 2268 3167; x_wconf 78' lang='grc' dir='ltr'>ὁρᾷ</span> <span class='ocrx_word' id='word_1_408' title='bbox 2318 3090 2564 3171; x_wconf 83' lang='grc' dir='ltr'>λαμπρὸν</span> <span class='ocrx_word' id='word_1_409' title='bbox 2593 3090 2755 3170; x_wconf 78' lang='grc' dir='ltr'>ἄνδρα</span> <span class='ocrx_word' id='word_1_410' title='bbox 2813 3092 3058 3172; x_wconf 78' lang='grc' dir='ltr'>εὐνούχῳ</span> <span class='ocrx_word' id='word_1_411' title='bbox 3116 3092 3360 3166; x_wconf 71' lang='grc' dir='ltr'>ἐοικότα,</span> <span class='ocrx_word' id='word_1_412' title='bbox 3395 3091 3628 3172; x_wconf 84' lang='grc' dir='ltr'>χρύσεον</span> <span class='ocrx_word' id='word_1_413' title='bbox 3681 3089 3823 3172; x_wconf 64' lang='grc' dir='ltr'>σκῆ-</span> 
     </span>
    </p>
   </div>
   <div class='ocr_carea' id='block_1_63' title="bbox 2175 3171 3821 3262">
    <p class='ocr_par' dir='ltr' id='par_1_63' title="bbox 2175 3171 3821 3262">
     <span class='ocr_line' id='line_1_63' title="bbox 2175 3171 3821 3262; baseline -0.001 -23"><span class='ocrx_word' id='word_1_414' title='bbox 2175 3205 2338 3260; x_wconf 88' lang='grc' dir='ltr'>πτρον</span> <span class='ocrx_word' id='word_1_415' title='bbox 2381 3183 2437 3238; x_wconf 81' lang='grc' dir='ltr'>ἐν</span> <span class='ocrx_word' id='word_1_416' title='bbox 2482 3183 2669 3262; x_wconf 84' lang='grc' dir='ltr'>χερσὶν</span> <span class='ocrx_word' id='word_1_417' title='bbox 2725 3182 2947 3262; x_wconf 76' lang='grc' dir='ltr'>ἔχοντα,</span> <span class='ocrx_word' id='word_1_418' title='bbox 2973 3171 3153 3257; x_wconf 18' lang='grc' dir='ltr'><strong>⁷ίαῦτῷ</strong></span> <span class='ocrx_word' id='word_1_419' title='bbox 3207 3204 3263 3240; x_wconf 91' lang='grc' dir='ltr'><strong>τε</strong></span> <span class='ocrx_word' id='word_1_420' title='bbox 3324 3171 3709 3257; x_wconf 80' lang='grc' dir='ltr'>προσελθόντα,</span> <span class='ocrx_word' id='word_1_421' title='bbox 3759 3171 3821 3238; x_wconf 71' lang='grc' dir='ltr'><strong>ιΟ</strong></span> 
     </span>
    </p>
   </div>
   <div class='ocr_carea' id='block_1_64' title="bbox 2180 3269 3827 3351">
    <p class='ocr_par' dir='ltr' id='par_1_64' title="bbox 2180 3269 3827 3351">
     <span class='ocr_line' id='line_1_64' title="bbox 2180 3269 3827 3351; baseline -0.001 -21"><span class='ocrx_word' id='word_1_422' title='bbox 2180 3272 2458 3345; x_wconf 71' lang='grc' dir='ltr'>Κασιλευς,</span> <span class='ocrx_word' id='word_1_423' title='bbox 2491 3272 2676 3351; x_wconf 80' lang='grc' dir='ltr'>φάναι,</span> <span class='ocrx_word' id='word_1_424' title='bbox 2704 3272 2808 3330; x_wconf 81' lang='grc' dir='ltr'>τῶν</span> <span class='ocrx_word' id='word_1_425' title='bbox 2861 3270 3250 3349; x_wconf 78' lang='grc' dir='ltr'>βασιλευόντων</span> <span class='ocrx_word' id='word_1_426' title='bbox 3293 3269 3453 3328; x_wconf 77' lang='grc' dir='ltr'>καλεῖ</span> <span class='ocrx_word' id='word_1_427' title='bbox 3482 3292 3568 3334; x_wconf 89' lang='grc' dir='ltr'>σε.</span> <span class='ocrx_word' id='word_1_428' title='bbox 3627 3269 3827 3328; x_wconf 71' lang='grc' dir='ltr'>Αὐτίκα</span> 
     </span>
    </p>
   </div>
   <div class='ocr_carea' id='block_1_65' title="bbox 2177 3360 3827 3438">
    <p class='ocr_par' dir='ltr' id='par_1_65' title="bbox 2177 3360 3827 3438">
     <span class='ocr_line' id='line_1_65' title="bbox 2177 3360 3827 3438; baseline 0 -22"><span class='ocrx_word' id='word_1_429' title='bbox 2177 3369 2300 3436; x_wconf 69' lang='grc' dir='ltr'>γοῦν</span> <span class='ocrx_word' id='word_1_430' title='bbox 2360 3363 2451 3418; x_wconf 76' lang='grc' dir='ltr'>τὸν</span> <span class='ocrx_word' id='word_1_431' title='bbox 2526 3361 2801 3438; x_wconf 81' lang='grc' dir='ltr'>πατρίκιον</span> <span class='ocrx_word' id='word_1_432' title='bbox 2870 3361 3374 3434; x_wconf 72' lang='grc' dir='ltr'>μετακαλεσάμενος</span> <span class='ocrx_word' id='word_1_433' title='bbox 3444 3362 3533 3418; x_wconf 80' lang='grc' dir='ltr'><strong>καὶ</strong></span> <span class='ocrx_word' id='word_1_434' title='bbox 3602 3360 3669 3416; x_wconf 79' lang='grc' dir='ltr'>τὰ</span> <span class='ocrx_word' id='word_1_435' title='bbox 3723 3363 3827 3427; x_wconf 77' lang='grc' dir='ltr'>τῆς</span> 
     </span>
    </p>
   </div>
   <div class='ocr_carea' id='block_1_66' title="bbox 449 3449 2089 3538">
    <p class='ocr_par' dir='ltr' id='par_1_66' title="bbox 449 3452 2089 3531">
     <span class='ocr_line' id='line_1_66' title="bbox 449 3452 2089 3531; baseline -0.001 -17"><span class='ocrx_word' id='word_1_436' title='bbox 449 3453 960 3531; x_wconf 86' lang='lat' dir='ltr'><strong>splendidissime,</strong></span> <span class='ocrx_word' id='word_1_437' title='bbox 992 3452 1274 3516; x_wconf 87' lang='lat' dir='ltr'><strong>studuisti</strong></span> <span class='ocrx_word' id='word_1_438' title='bbox 1334 3471 1443 3514; x_wconf 85' lang='lat' dir='ltr'><strong>nos</strong></span> <span class='ocrx_word' id='word_1_439' title='bbox 1471 3453 1775 3515; x_wconf 89' lang='lat' dir='ltr'><strong>deducere</strong></span> <span class='ocrx_word' id='word_1_440' title='bbox 1804 3453 1876 3515; x_wconf 85' lang='lat' dir='ltr'><strong>ad</strong></span> <span class='ocrx_word' id='word_1_441' title='bbox 1930 3471 2089 3530; x_wconf 88' lang='lat' dir='ltr'><strong>eum,</strong></span> 
     </span>
    </p>
   </div>
   <div class='ocr_carea' id='block_1_67' title="bbox 2176 3449 3823 3538">
    <p class='ocr_par' dir='ltr' id='par_1_67' title="bbox 2179 3449 3823 3538">
     <span class='ocr_line' id='line_1_67' title="bbox 2179 3449 3823 3538; baseline 0 -33"><span class='ocrx_word' id='word_1_442' title='bbox 2179 3449 2353 3526; x_wconf 74' lang='grc' dir='ltr'>ὅψεως</span> <span class='ocrx_word' id='word_1_443' title='bbox 2412 3453 2484 3518; x_wconf 80' lang='grc' dir='ltr'>ὡς</span> <span class='ocrx_word' id='word_1_444' title='bbox 2515 3453 2676 3532; x_wconf 81' lang='grc' dir='ltr'>εἶχεν</span> <span class='ocrx_word' id='word_1_445' title='bbox 2728 3452 2914 3524; x_wconf 74' lang='grc' dir='ltr'>εἰπὼν,</span> <span class='ocrx_word' id='word_1_446' title='bbox 2950 3451 3024 3506; x_wconf 83' lang='grc' dir='ltr'><strong>Σὺ</strong></span> <span class='ocrx_word' id='word_1_447' title='bbox 3053 3451 3175 3525; x_wconf 80' lang='grc' dir='ltr'>μὲν,</span> <span class='ocrx_word' id='word_1_448' title='bbox 3204 3450 3250 3506; x_wconf 83' lang='grc' dir='ltr'>ὦ</span> <span class='ocrx_word' id='word_1_449' title='bbox 3291 3449 3662 3538; x_wconf 82' lang='grc' dir='ltr'>λαμπρότατε,</span> <span class='ocrx_word' id='word_1_450' title='bbox 3695 3449 3823 3528; x_wconf 74' lang='grc' dir='ltr'>ἔφη,</span> 
     </span>
    </p>
   </div>
   <div class='ocr_carea' id='block_1_68' title="bbox 450 3542 2094 3623">
    <p class='ocr_par' dir='ltr' id='par_1_68' title="bbox 450 3542 2094 3623">
     <span class='ocr_line' id='line_1_68' title="bbox 450 3542 2094 3623; baseline -0.001 -19"><span class='ocrx_word' id='word_1_451' title='bbox 450 3542 552 3623; x_wconf 90' lang='lat' dir='ltr'><strong>qui</strong></span> <span class='ocrx_word' id='word_1_452' title='bbox 584 3551 793 3621; x_wconf 85' lang='lat' dir='ltr'><strong>regnat</strong></span> <span class='ocrx_word' id='word_1_453' title='bbox 823 3543 881 3602; x_wconf 92' lang='lat' dir='ltr'><strong>in</strong></span> <span class='ocrx_word' id='word_1_454' title='bbox 917 3551 1119 3606; x_wconf 86' lang='lat' dir='ltr'><strong>terra:</strong></span> <span class='ocrx_word' id='word_1_455' title='bbox 1151 3542 1252 3623; x_wconf 91' lang='lat' dir='ltr'><strong>qui</strong></span> <span class='ocrx_word' id='word_1_456' title='bbox 1280 3552 1478 3605; x_wconf 90' lang='lat' dir='ltr'><strong>autem</strong></span> <span class='ocrx_word' id='word_1_457' title='bbox 1515 3544 1731 3605; x_wconf 71' lang='lat' dir='ltr'><strong>cmlum</strong></span> <span class='ocrx_word' id='word_1_458' title='bbox 1787 3551 1847 3604; x_wconf 91' lang='lat' dir='ltr'><strong>et</strong></span> <span class='ocrx_word' id='word_1_459' title='bbox 1874 3551 2094 3604; x_wconf 86' lang='lat' dir='ltr'><strong>terram</strong></span> 
     </span>
    </p>
   </div>
   <div class='ocr_carea' id='block_1_69' title="bbox 452 3632 2092 3712">
    <p class='ocr_par' dir='ltr' id='par_1_69' title="bbox 452 3632 2092 3712">
     <span class='ocr_line' id='line_1_69' title="bbox 452 3632 2092 3712; baseline 0.001 -18"><span class='ocrx_word' id='word_1_460' title='bbox 452 3642 510 3694; x_wconf 89' lang='lat' dir='ltr'><strong>et</strong></span> <span class='ocrx_word' id='word_1_461' title='bbox 538 3632 738 3694; x_wconf 90' lang='lat' dir='ltr'><strong>omnia</strong></span> <span class='ocrx_word' id='word_1_462' title='bbox 765 3650 871 3694; x_wconf 91' lang='lat' dir='ltr'><strong>sua</strong></span> <span class='ocrx_word' id='word_1_463' title='bbox 925 3639 1086 3695; x_wconf 92' lang='lat' dir='ltr'><strong>tenet</strong></span> <span class='ocrx_word' id='word_1_464' title='bbox 1137 3633 1388 3710; x_wconf 88' lang='lat' dir='ltr'><strong>ditione,</strong></span> <span class='ocrx_word' id='word_1_465' title='bbox 1425 3633 1586 3712; x_wconf 87' lang='lat' dir='ltr'><strong>prior</strong></span> <span class='ocrx_word' id='word_1_466' title='bbox 1615 3632 1687 3694; x_wconf 91' lang='lat' dir='ltr'><strong>ad</strong></span> <span class='ocrx_word' id='word_1_467' title='bbox 1721 3651 1786 3694; x_wconf 90' lang='lat' dir='ltr'><strong>se</strong></span> <span class='ocrx_word' id='word_1_468' title='bbox 1814 3632 2092 3697; x_wconf 88' lang='lat' dir='ltr'><strong>accersit.</strong></span> 
     </span>
    </p>
   </div>
   <div class='ocr_carea' id='block_1_70' title="bbox 450 3721 2098 3788">
    <p class='ocr_par' dir='ltr' id='par_1_70' title="bbox 450 3721 2098 3788">
     <span class='ocr_line' id='line_1_70' title="bbox 450 3721 2098 3788; baseline -0.002 0"><span class='ocrx_word' id='word_1_469' title='bbox 450 3723 556 3788; x_wconf 91' lang='lat' dir='ltr'><strong>Ille</strong></span> <span class='ocrx_word' id='word_1_470' title='bbox 588 3741 727 3784; x_wconf 89' lang='lat' dir='ltr'><strong>vero</strong></span> <span class='ocrx_word' id='word_1_471' title='bbox 758 3723 876 3785; x_wconf 90' lang='lat' dir='ltr'><strong>hoc</strong></span> <span class='ocrx_word' id='word_1_472' title='bbox 908 3721 1069 3785; x_wconf 90' lang='lat' dir='ltr'><strong>dicto</strong></span> <span class='ocrx_word' id='word_1_473' title='bbox 1103 3723 1346 3785; x_wconf 89' lang='lat' dir='ltr'><strong>tristitia</strong></span> <span class='ocrx_word' id='word_1_474' title='bbox 1399 3723 1651 3785; x_wconf 78' lang='lat' dir='ltr'><strong>aﬂectus</strong></span> <span class='ocrx_word' id='word_1_475' title='bbox 1684 3732 1742 3784; x_wconf 92' lang='lat' dir='ltr'><strong>et</strong></span> <span class='ocrx_word' id='word_1_476' title='bbox 1767 3722 1974 3784; x_wconf 89' lang='lat' dir='ltr'><strong>dolore</strong></span> <span class='ocrx_word' id='word_1_477' title='bbox 2004 3741 2098 3785; x_wconf 89' lang='lat' dir='ltr'><strong>re-</strong></span> 
     </span>
    </p>
   </div>
   <div class='ocr_carea' id='block_1_71' title="bbox 450 3812 2094 3895">
    <p class='ocr_par' dir='ltr' id='par_1_71' title="bbox 450 3812 2094 3895">
     <span class='ocr_line' id='line_1_71' title="bbox 450 3812 2094 3895; baseline -0.001 -20"><span class='ocrx_word' id='word_1_478' title='bbox 450 3814 666 3895; x_wconf 88' lang='lat' dir='ltr'><strong>pletus,</strong></span> <span class='ocrx_word' id='word_1_479' title='bbox 700 3833 820 3875; x_wconf 91' lang='lat' dir='ltr'><strong>non</strong></span> <span class='ocrx_word' id='word_1_480' title='bbox 859 3813 1048 3892; x_wconf 90' lang='lat' dir='ltr'><strong>potuit</strong></span> <span class='ocrx_word' id='word_1_481' title='bbox 1076 3814 1320 3895; x_wconf 89' lang='lat' dir='ltr'><strong>quidem</strong></span> <span class='ocrx_word' id='word_1_482' title='bbox 1349 3831 1487 3876; x_wconf 88' lang='lat' dir='ltr'><strong>eum</strong></span> <span class='ocrx_word' id='word_1_483' title='bbox 1513 3812 1930 3876; x_wconf 86' lang='lat' dir='ltr'><strong>retinere.Sed</strong></span> <span class='ocrx_word' id='word_1_484' title='bbox 1959 3832 2094 3875; x_wconf 91' lang='lat' dir='ltr'><strong>cum</strong></span> 
     </span>
    </p>
   </div>
   <div class='ocr_carea' id='block_1_72' title="bbox 447 3903 2094 3984">
    <p class='ocr_par' dir='ltr' id='par_1_72' title="bbox 447 3903 2094 3984">
     <span class='ocr_line' id='line_1_72' title="bbox 447 3903 2094 3984; baseline 0.001 -20"><span class='ocrx_word' id='word_1_485' title='bbox 447 3903 876 3966; x_wconf 85' lang='lat' dir='ltr'><strong>venerabilium</strong></span> <span class='ocrx_word' id='word_1_486' title='bbox 930 3904 1062 3983; x_wconf 88' lang='lat' dir='ltr'><strong>ejus</strong></span> <span class='ocrx_word' id='word_1_487' title='bbox 1112 3921 1357 3984; x_wconf 87' lang='lat' dir='ltr'><strong>precum</strong></span> <span class='ocrx_word' id='word_1_488' title='bbox 1393 3904 1659 3965; x_wconf 78' lang='lat' dir='ltr'><strong>fructum</strong></span> <span class='ocrx_word' id='word_1_489' title='bbox 1686 3904 1958 3983; x_wconf 88' lang='lat' dir='ltr'><strong>jucunde</strong></span> <span class='ocrx_word' id='word_1_490' title='bbox 1988 3921 2094 3966; x_wconf 84' lang='lat' dir='ltr'><strong>ac-</strong></span> 
     </span>
    </p>
   </div>
   <div class='ocr_carea' id='block_1_73' title="bbox 449 3993 2096 4074">
    <p class='ocr_par' dir='ltr' id='par_1_73' title="bbox 449 3993 2096 4074">
     <span class='ocr_line' id='line_1_73' title="bbox 449 3993 2096 4074; baseline -0.001 -18"><span class='ocrx_word' id='word_1_491' title='bbox 449 3996 730 4071; x_wconf 85' lang='lat' dir='ltr'><strong>cepisset,</strong></span> <span class='ocrx_word' id='word_1_492' title='bbox 760 4013 939 4074; x_wconf 85' lang='lat' dir='ltr'><strong>quam</strong></span> <span class='ocrx_word' id='word_1_493' title='bbox 977 3995 1169 4074; x_wconf 88' lang='lat' dir='ltr'><strong>potuit</strong></span> <span class='ocrx_word' id='word_1_494' title='bbox 1199 3993 1694 4057; x_wconf 82' lang='lat' dir='ltr'><strong>ofﬁcisiosissime</strong></span> <span class='ocrx_word' id='word_1_495' title='bbox 1727 4012 1862 4056; x_wconf 92' lang='lat' dir='ltr'><strong>eum</strong></span> <span class='ocrx_word' id='word_1_496' title='bbox 1895 3993 2096 4056; x_wconf 88' lang='lat' dir='ltr'><strong>dimit-</strong></span> 
     </span>
    </p>
   </div>
   <div class='ocr_carea' id='block_1_74' title="bbox 450 4083 921 4162">
    <p class='ocr_par' dir='ltr' id='par_1_74' title="bbox 450 4083 921 4162">
     <span class='ocr_line' id='line_1_74' title="bbox 450 4083 921 4162; baseline 0.004 -18"><span class='ocrx_word' id='word_1_497' title='bbox 450 4085 520 4145; x_wconf 86' lang='lat' dir='ltr'><strong>tit</strong></span> <span class='ocrx_word' id='word_1_498' title='bbox 551 4084 610 4145; x_wconf 93' lang='lat' dir='ltr'><strong>in</strong></span> <span class='ocrx_word' id='word_1_499' title='bbox 644 4083 921 4162; x_wconf 84' lang='lat' dir='ltr'><strong>Cyprum.</strong></span> 
     </span>
    </p>
   </div>
   <div class='ocr_carea' id='block_1_75' title="bbox 537 4171 2099 4252">
    <p class='ocr_par' dir='ltr' id='par_1_75' title="bbox 537 4171 2099 4252">
     <span class='ocr_line' id='line_1_75' title="bbox 537 4171 2099 4252; baseline 0.003 -20"><span class='ocrx_word' id='word_1_500' title='bbox 537 4171 946 4236; x_wconf 79' lang='lat' dir='ltr'><strong>LXXIV.Cum</strong></span> <span class='ocrx_word' id='word_1_501' title='bbox 968 4180 1163 4234; x_wconf 89' lang='lat' dir='ltr'><strong>autem</strong></span> <span class='ocrx_word' id='word_1_502' title='bbox 1185 4173 1244 4234; x_wconf 91' lang='lat' dir='ltr'><strong>in</strong></span> <span class='ocrx_word' id='word_1_503' title='bbox 1271 4191 1440 4234; x_wconf 85' lang='lat' dir='ltr'><strong>suam</strong></span> <span class='ocrx_word' id='word_1_504' title='bbox 1468 4173 1769 4235; x_wconf 89' lang='lat' dir='ltr'><strong>civitatem</strong></span> <span class='ocrx_word' id='word_1_505' title='bbox 1794 4173 2099 4252; x_wconf 86' lang='lat' dir='ltr'><strong>pervenis—</strong></span> 
     </span>
    </p>
   </div>
   <div class='ocr_carea' id='block_1_76' title="bbox 458 4261 2099 4342">
    <p class='ocr_par' dir='ltr' id='par_1_76' title="bbox 458 4261 2099 4342">
     <span class='ocr_line' id='line_1_76' title="bbox 458 4261 2099 4342; baseline 0.001 -18"><span class='ocrx_word' id='word_1_506' title='bbox 458 4270 548 4324; x_wconf 75' lang='lat' dir='ltr'><strong>set</strong></span> <span class='ocrx_word' id='word_1_507' title='bbox 585 4261 1216 4342; x_wconf 83' lang='lat' dir='ltr'><strong>Amathuntem,jussit</strong></span> <span class='ocrx_word' id='word_1_508' title='bbox 1233 4263 1450 4325; x_wconf 87' lang='lat' dir='ltr'><strong>scribis</strong></span> <span class='ocrx_word' id='word_1_509' title='bbox 1468 4271 1531 4324; x_wconf 90' lang='lat' dir='ltr'><strong>ut</strong></span> <span class='ocrx_word' id='word_1_510' title='bbox 1551 4261 1891 4325; x_wconf 85' lang='lat' dir='ltr'><strong>scriberent</strong></span> <span class='ocrx_word' id='word_1_511' title='bbox 1914 4273 2099 4326; x_wconf 55' lang='lat' dir='ltr'><strong>testa-</strong></span> 
     </span>
    </p>
   </div>
   <div class='ocr_carea' id='block_1_77' title="bbox 459 4351 2102 4434">
    <p class='ocr_par' dir='ltr' id='par_1_77' title="bbox 459 4351 2102 4434">
     <span class='ocr_line' id='line_1_77' title="bbox 459 4351 2102 4434; baseline 0.002 -21"><span class='ocrx_word' id='word_1_512' title='bbox 459 4359 752 4426; x_wconf 85' lang='lat' dir='ltr'><strong>mentum,</strong></span> <span class='ocrx_word' id='word_1_513' title='bbox 786 4351 946 4432; x_wconf 87' lang='lat' dir='ltr'><strong>quod</strong></span> <span class='ocrx_word' id='word_1_514' title='bbox 967 4353 1054 4413; x_wconf 89' lang='lat' dir='ltr'><strong>sic</strong></span> <span class='ocrx_word' id='word_1_515' title='bbox 1082 4351 1341 4414; x_wconf 85' lang='lat' dir='ltr'><strong>habebat</strong></span> <span class='ocrx_word' id='word_1_516' title='bbox 1375 4369 1388 4416; x_wconf 91' lang='lat'>:</span> <span class='ocrx_word' id='word_1_517' title='bbox 1413 4352 1679 4417; x_wconf 84' lang='lat' dir='ltr'><strong>Joannes</strong></span> <span class='ocrx_word' id='word_1_518' title='bbox 1699 4353 1947 4415; x_wconf 91' lang='lat' dir='ltr'><strong>humilis</strong></span> <span class='ocrx_word' id='word_1_519' title='bbox 1974 4355 2102 4434; x_wconf 88' lang='lat' dir='ltr'><strong>qui-</strong></span> 
     </span>
    </p>
   </div>
   <div class='ocr_carea' id='block_1_78' title="bbox 457 4441 2100 4522">
    <p class='ocr_par' dir='ltr' id='par_1_78' title="bbox 457 4441 2100 4522">
     <span class='ocr_line' id='line_1_78' title="bbox 457 4441 2100 4522; baseline 0.001 -19"><span class='ocrx_word' id='word_1_520' title='bbox 457 4441 592 4503; x_wconf 87' lang='lat' dir='ltr'><strong>dem</strong></span> <span class='ocrx_word' id='word_1_521' title='bbox 619 4459 826 4503; x_wconf 88' lang='lat' dir='ltr'><strong>servus</strong></span> <span class='ocrx_word' id='word_1_522' title='bbox 847 4459 1158 4503; x_wconf 88' lang='lat' dir='ltr'><strong>servorum</strong></span> <span class='ocrx_word' id='word_1_523' title='bbox 1187 4442 1572 4522; x_wconf 87' lang='lat' dir='ltr'><strong>Dei,propter</strong></span> <span class='ocrx_word' id='word_1_524' title='bbox 1587 4451 1784 4504; x_wconf 89' lang='lat' dir='ltr'><strong>autem</strong></span> <span class='ocrx_word' id='word_1_525' title='bbox 1815 4443 1957 4505; x_wconf 88' lang='lat' dir='ltr'><strong>mihi</strong></span> <span class='ocrx_word' id='word_1_526' title='bbox 1985 4444 2100 4505; x_wconf 87' lang='lat' dir='ltr'><strong>im-</strong></span> 
     </span>
    </p>
   </div>
   <div class='ocr_carea' id='block_1_79' title="bbox 463 4531 2099 4612">
    <p class='ocr_par' dir='ltr' id='par_1_79' title="bbox 463 4531 2099 4612">
     <span class='ocr_line' id='line_1_79' title="bbox 463 4531 2099 4612; baseline 0.002 -20"><span class='ocrx_word' id='word_1_527' title='bbox 463 4532 712 4610; x_wconf 89' lang='lat' dir='ltr'><strong>positam</strong></span> <span class='ocrx_word' id='word_1_528' title='bbox 740 4532 1120 4611; x_wconf 88' lang='lat' dir='ltr'><strong>pontiticatus</strong></span> <span class='ocrx_word' id='word_1_529' title='bbox 1149 4533 1524 4612; x_wconf 82' lang='lat' dir='ltr'><strong>dignitatem,</strong></span> <span class='ocrx_word' id='word_1_530' title='bbox 1561 4532 1748 4612; x_wconf 85' lang='lat' dir='ltr'><strong>gratia</strong></span> <span class='ocrx_word' id='word_1_531' title='bbox 1773 4531 1991 4595; x_wconf 80' lang='lat' dir='ltr'><strong>ChriSti</strong></span> <span class='ocrx_word' id='word_1_532' title='bbox 2023 4534 2099 4595; x_wconf 92' lang='lat' dir='ltr'><strong>li-</strong></span> 
     </span>
    </p>
   </div>
   <div class='ocr_carea' id='block_1_80' title="bbox 2179 3537 3827 3618">
    <p class='ocr_par' dir='ltr' id='par_1_80' title="bbox 2179 3537 3827 3618">
     <span class='ocr_line' id='line_1_80' title="bbox 2179 3537 3827 3618; baseline -0.002 -20"><span class='ocrx_word' id='word_1_533' title='bbox 2179 3543 2312 3617; x_wconf 84' lang='grc' dir='ltr'>πρὸς</span> <span class='ocrx_word' id='word_1_534' title='bbox 2367 3543 2455 3599; x_wconf 78' lang='grc' dir='ltr'><strong>τὸν</strong></span> <span class='ocrx_word' id='word_1_535' title='bbox 2484 3540 2579 3598; x_wconf 66' lang='lat' dir='ltr'><strong>Eni</strong></span> <span class='ocrx_word' id='word_1_536' title='bbox 2625 3542 2728 3618; x_wconf 76' lang='grc' dir='ltr'><strong>γῆς</strong></span> <span class='ocrx_word' id='word_1_537' title='bbox 2754 3539 3107 3618; x_wconf 79' lang='grc' dir='ltr'>βασιλεύοντα</span> <span class='ocrx_word' id='word_1_538' title='bbox 3159 3537 3394 3608; x_wconf 75' lang='grc' dir='ltr'>σπουδὴν</span> <span class='ocrx_word' id='word_1_539' title='bbox 3423 3541 3628 3604; x_wconf 76' lang='grc' dir='ltr'>έποίεις</span> <span class='ocrx_word' id='word_1_540' title='bbox 3681 3542 3827 3614; x_wconf 72' lang='grc' dir='ltr'>ἡμᾶς</span> 
     </span>
    </p>
   </div>
   <div class='ocr_carea' id='block_1_81' title="bbox 2178 3630 3826 3709">
    <p class='ocr_par' dir='ltr' id='par_1_81' title="bbox 2178 3630 3826 3709">
     <span class='ocr_line' id='line_1_81' title="bbox 2178 3630 3826 3709; baseline -0.002 -23"><span class='ocrx_word' id='word_1_541' title='bbox 2178 3631 2432 3708; x_wconf 76' lang='grc' dir='ltr'>ἀγαγεῖν·</span> <span class='ocrx_word' id='word_1_542' title='bbox 2492 3635 2520 3688; x_wconf 81' lang='grc' dir='ltr'>ὁ</span> <span class='ocrx_word' id='word_1_543' title='bbox 2551 3631 2606 3688; x_wconf 81' lang='grc' dir='ltr'>δὶ</span> <span class='ocrx_word' id='word_1_544' title='bbox 2636 3631 2860 3708; x_wconf 71' lang='grc' dir='ltr'>οὐρανοῦ</span> <span class='ocrx_word' id='word_1_545' title='bbox 2905 3632 2990 3688; x_wconf 67' lang='grc' dir='ltr'><strong>καὶ</strong></span> <span class='ocrx_word' id='word_1_546' title='bbox 3047 3635 3150 3709; x_wconf 81' lang='grc' dir='ltr'><strong>γῆς</strong></span> <span class='ocrx_word' id='word_1_547' title='bbox 3205 3632 3294 3688; x_wconf 79' lang='grc' dir='ltr'><strong>καὶ</strong></span> <span class='ocrx_word' id='word_1_548' title='bbox 3322 3630 3538 3689; x_wconf 84' lang='grc' dir='ltr'>πάντων</span> <span class='ocrx_word' id='word_1_549' title='bbox 3593 3630 3826 3707; x_wconf 80' lang='grc' dir='ltr'>κρατῶν,</span> 
     </span>
    </p>
   </div>
   <div class='ocr_carea' id='block_1_82' title="bbox 2179 3719 3829 3800">
    <p class='ocr_par' dir='ltr' id='par_1_82' title="bbox 2179 3719 3829 3800">
     <span class='ocr_line' id='line_1_82' title="bbox 2179 3719 3829 3800; baseline -0.002 -22"><span class='ocrx_word' id='word_1_550' title='bbox 2179 3721 2378 3800; x_wconf 71' lang='grc' dir='ltr'>φθάσας</span> <span class='ocrx_word' id='word_1_551' title='bbox 2453 3723 2586 3800; x_wconf 81' lang='grc' dir='ltr'>πρὸς</span> <span class='ocrx_word' id='word_1_552' title='bbox 2672 3723 2858 3780; x_wconf 78' lang='grc' dir='ltr'>ἑαυτὸν</span> <span class='ocrx_word' id='word_1_553' title='bbox 2943 3719 3348 3796; x_wconf 78' lang='grc' dir='ltr'>μετεστείλατο.</span> <span class='ocrx_word' id='word_1_554' title='bbox 3436 3719 3829 3799; x_wconf 82' lang='grc' dir='ltr'>Σκυθρωπάσας</span> 
     </span>
    </p>
   </div>
   <div class='ocr_carea' id='block_1_83' title="bbox 2179 3808 3831 3889">
    <p class='ocr_par' dir='ltr' id='par_1_83' title="bbox 2179 3808 3831 3889">
     <span class='ocr_line' id='line_1_83' title="bbox 2179 3808 3831 3889; baseline -0.004 -21"><span class='ocrx_word' id='word_1_555' title='bbox 2179 3811 2268 3868; x_wconf 82' lang='grc' dir='ltr'><strong>οῦν</strong></span> <span class='ocrx_word' id='word_1_556' title='bbox 2325 3811 2412 3868; x_wconf 78' lang='grc' dir='ltr'><strong>ἐπὶ</strong></span> <span class='ocrx_word' id='word_1_557' title='bbox 2453 3819 2530 3886; x_wconf 84' lang='grc' dir='ltr'>τῷ</span> <span class='ocrx_word' id='word_1_558' title='bbox 2578 3810 2724 3889; x_wconf 81' lang='grc' dir='ltr'>λόγῳ</span> <span class='ocrx_word' id='word_1_559' title='bbox 2754 3810 2988 3883; x_wconf 78' lang='grc' dir='ltr'>ἐκεῖνος,</span> <span class='ocrx_word' id='word_1_560' title='bbox 3020 3812 3117 3868; x_wconf 88' lang='grc' dir='ltr'><strong>καί</strong></span> <span class='ocrx_word' id='word_1_561' title='bbox 3174 3809 3348 3876; x_wconf 81' lang='grc' dir='ltr'>λύπης</span> <span class='ocrx_word' id='word_1_562' title='bbox 3391 3808 3699 3880; x_wconf 72' lang='grc' dir='ltr'>πληρωθεὶς</span> <span class='ocrx_word' id='word_1_563' title='bbox 3731 3808 3831 3874; x_wconf 76' lang='grc' dir='ltr'><strong>τὴν</strong></span> 
     </span>
    </p>
   </div>
   <div class='ocr_carea' id='block_1_84' title="bbox 2178 3897 3830 3982">
    <p class='ocr_par' dir='ltr' id='par_1_84' title="bbox 2178 3897 3830 3982">
     <span class='ocr_line' id='line_1_84' title="bbox 2178 3897 3830 3982; baseline -0.003 -24"><span class='ocrx_word' id='word_1_564' title='bbox 2178 3900 2415 3981; x_wconf 82' lang='grc' dir='ltr'>καρδίαν,</span> <span class='ocrx_word' id='word_1_565' title='bbox 2453 3902 2710 3982; x_wconf 82' lang='grc' dir='ltr'>ἐπισχεῖν</span> <span class='ocrx_word' id='word_1_566' title='bbox 2757 3900 2854 3976; x_wconf 83' lang='grc' dir='ltr'>μὲν</span> <span class='ocrx_word' id='word_1_567' title='bbox 2888 3902 3044 3965; x_wconf 71' lang='grc' dir='ltr'>αὐτὸς</span> <span class='ocrx_word' id='word_1_568' title='bbox 3107 3899 3211 3980; x_wconf 72' lang='grc' dir='ltr'><strong>οὔχ</strong></span> <span class='ocrx_word' id='word_1_569' title='bbox 3244 3899 3363 3964; x_wconf 78' lang='grc' dir='ltr'>οἷός</span> <span class='ocrx_word' id='word_1_570' title='bbox 3395 3921 3453 3956; x_wconf 88' lang='grc' dir='ltr'><strong>τε</strong></span> <span class='ocrx_word' id='word_1_571' title='bbox 3500 3899 3591 3979; x_wconf 83' lang='grc' dir='ltr'><strong>ἧν,</strong></span> <span class='ocrx_word' id='word_1_572' title='bbox 3623 3905 3730 3955; x_wconf 85' lang='grc' dir='ltr'><strong>τῶν</strong></span> <span class='ocrx_word' id='word_1_573' title='bbox 3773 3897 3830 3954; x_wconf 67' lang='grc' dir='ltr'><strong>δέ</strong></span> 
     </span>
    </p>
   </div>
   <div class='ocr_carea' id='block_1_85' title="bbox 2178 3986 3831 4071">
    <p class='ocr_par' dir='ltr' id='par_1_85' title="bbox 2178 3986 3831 4071">
     <span class='ocr_line' id='line_1_85' title="bbox 2178 3986 3831 4071; baseline -0.003 -23"><span class='ocrx_word' id='word_1_574' title='bbox 2178 3994 2366 4068; x_wconf 87' lang='grc' dir='ltr'>τιμίων</span> <span class='ocrx_word' id='word_1_575' title='bbox 2423 3995 2585 4052; x_wconf 75' lang='grc' dir='ltr'>αὐτοῦ</span> <span class='ocrx_word' id='word_1_576' title='bbox 2640 3991 3058 4070; x_wconf 67' lang='grc' dir='ltr'>κατατροφήσας</span> <span class='ocrx_word' id='word_1_577' title='bbox 3120 3990 3322 4071; x_wconf 76' lang='grc' dir='ltr'>εὐχῶν,</span> <span class='ocrx_word' id='word_1_578' title='bbox 3377 3989 3516 4065; x_wconf 78' lang='grc' dir='ltr'>μετὰ</span> <span class='ocrx_word' id='word_1_579' title='bbox 3570 3986 3831 4054; x_wconf 80' lang='grc' dir='ltr'>πλείστης</span> 
     </span>
    </p>
   </div>
   <div class='ocr_carea' id='block_1_86' title="bbox 2179 4078 3599 4160">
    <p class='ocr_par' dir='ltr' id='par_1_86' title="bbox 2179 4078 3599 4160">
     <span class='ocr_line' id='line_1_86' title="bbox 2179 4078 3599 4160; baseline 0.001 -23"><span class='ocrx_word' id='word_1_580' title='bbox 2179 4080 2312 4148; x_wconf 77' lang='grc' dir='ltr'>ὅσης</span> <span class='ocrx_word' id='word_1_581' title='bbox 2343 4089 2445 4150; x_wconf 79' lang='grc' dir='ltr'>τῆς</span> <span class='ocrx_word' id='word_1_582' title='bbox 2476 4081 2729 4158; x_wconf 86' lang='grc' dir='ltr'>θεραπίας</span> <span class='ocrx_word' id='word_1_583' title='bbox 2775 4081 2908 4158; x_wconf 74' lang='grc' dir='ltr'>πρὸς</span> <span class='ocrx_word' id='word_1_584' title='bbox 2941 4080 3040 4147; x_wconf 77' lang='grc' dir='ltr'><strong>τὴν</strong></span> <span class='ocrx_word' id='word_1_585' title='bbox 3072 4080 3286 4160; x_wconf 77' lang='grc' dir='ltr'>Κύπρον</span> <span class='ocrx_word' id='word_1_586' title='bbox 3314 4078 3599 4154; x_wconf 74' lang='grc' dir='ltr'>ἐκπέμπει.</span> 
     </span>
    </p>
   </div>
   <div class='ocr_carea' id='block_1_87' title="bbox 2261 4167 3835 4245">
    <p class='ocr_par' dir='ltr' id='par_1_87' title="bbox 2261 4167 3835 4245">
     <span class='ocr_line' id='line_1_87' title="bbox 2261 4167 3835 4245; baseline -0.005 -14"><span class='ocrx_word' id='word_1_587' title='bbox 2261 4173 2392 4232; x_wconf 74' lang='lat' dir='ltr'><strong>OA&#39;.</strong></span> <span class='ocrx_word' id='word_1_588' title='bbox 2442 4173 2591 4230; x_wconf 80' lang='grc' dir='ltr'>Ἐπεὶ</span> <span class='ocrx_word' id='word_1_589' title='bbox 2621 4171 2711 4227; x_wconf 82' lang='grc' dir='ltr'>οὖν</span> <span class='ocrx_word' id='word_1_590' title='bbox 2740 4169 2838 4237; x_wconf 69' lang='grc' dir='ltr'>τὴν</span> <span class='ocrx_word' id='word_1_591' title='bbox 2866 4167 2998 4227; x_wconf 72' lang='grc' dir='ltr'>ἰδίαν</span> <span class='ocrx_word' id='word_1_592' title='bbox 3029 4169 3188 4228; x_wconf 87' lang='grc' dir='ltr'>πόλιν</span> <span class='ocrx_word' id='word_1_593' title='bbox 3233 4167 3568 4245; x_wconf 83' lang='grc' dir='ltr'>Ἀμαθοῦντα</span> <span class='ocrx_word' id='word_1_594' title='bbox 3597 4167 3835 4225; x_wconf 84' lang='grc' dir='ltr'>κατέλα-</span> 
     </span>
    </p>
   </div>
   <div class='ocr_carea' id='block_1_88' title="bbox 2181 4257 3836 4340">
    <p class='ocr_par' dir='ltr' id='par_1_88' title="bbox 2181 4257 3836 4340">
     <span class='ocr_line' id='line_1_88' title="bbox 2181 4257 3836 4340; baseline -0.003 -22"><span class='ocrx_word' id='word_1_595' title='bbox 2181 4261 2264 4335; x_wconf 82' lang='grc' dir='ltr'><strong>ϐε,</strong></span> <span class='ocrx_word' id='word_1_596' title='bbox 2322 4260 2592 4331; x_wconf 70' lang='grc' dir='ltr'>διαθήκην</span> <span class='ocrx_word' id='word_1_597' title='bbox 2646 4273 2766 4322; x_wconf 82' lang='grc' dir='ltr'>τοῖς</span> <span class='ocrx_word' id='word_1_598' title='bbox 2832 4260 3226 4340; x_wconf 72' lang='grc' dir='ltr'>ὑπογραφεῦσιν</span> <span class='ocrx_word' id='word_1_599' title='bbox 3296 4257 3545 4316; x_wconf 77' lang='grc' dir='ltr'>ἐκέλευσε</span> <span class='ocrx_word' id='word_1_600' title='bbox 3614 4257 3836 4336; x_wconf 72' lang='grc' dir='ltr'>γράφειο</span> 
     </span>
    </p>
   </div>
   <div class='ocr_carea' id='block_1_89' title="bbox 2184 4346 3838 4432">
    <p class='ocr_par' dir='ltr' id='par_1_89' title="bbox 2184 4346 3838 4432">
     <span class='ocr_line' id='line_1_89' title="bbox 2184 4346 3838 4432; baseline -0.005 -22"><span class='ocrx_word' id='word_1_601' title='bbox 2184 4354 2418 4432; x_wconf 71' lang='grc' dir='ltr'>ἔχουσαν</span> <span class='ocrx_word' id='word_1_602' title='bbox 2475 4348 2599 4408; x_wconf 82' lang='grc' dir='ltr'>ὧδε.</span> <span class='ocrx_word' id='word_1_603' title='bbox 2635 4348 2894 4416; x_wconf 85' lang='grc' dir='ltr'>ἰωάννης</span> <span class='ocrx_word' id='word_1_604' title='bbox 2954 4346 3140 4416; x_wconf 74' lang='grc' dir='ltr'>δοῦλος</span> <span class='ocrx_word' id='word_1_605' title='bbox 3174 4348 3271 4424; x_wconf 76' lang='grc' dir='ltr'>μὲν</span> <span class='ocrx_word' id='word_1_606' title='bbox 3317 4347 3540 4414; x_wconf 79' lang='grc' dir='ltr'>εὐτελὴς</span> <span class='ocrx_word' id='word_1_607' title='bbox 3568 4351 3674 4404; x_wconf 85' lang='grc' dir='ltr'><strong>τῶν</strong></span> <span class='ocrx_word' id='word_1_608' title='bbox 3704 4351 3838 4402; x_wconf 87' lang='grc' dir='ltr'>Θεοῦ</span> 
     </span>
    </p>
   </div>
   <div class='ocr_carea' id='block_1_90' title="bbox 2185 4435 3837 4518">
    <p class='ocr_par' dir='ltr' id='par_1_90' title="bbox 2185 4435 3837 4518">
     <span class='ocr_line' id='line_1_90' title="bbox 2185 4435 3837 4518; baseline -0.005 -20"><span class='ocrx_word' id='word_1_609' title='bbox 2185 4441 2412 4516; x_wconf 67' lang='grc' dir='ltr'>δούλων,</span> <span class='ocrx_word' id='word_1_610' title='bbox 2467 4441 2547 4497; x_wconf 81' lang='grc' dir='ltr'><strong>διὰ</strong></span> <span class='ocrx_word' id='word_1_611' title='bbox 2608 4437 2665 4495; x_wconf 79' lang='grc' dir='ltr'>δὲ</span> <span class='ocrx_word' id='word_1_612' title='bbox 2724 4441 2786 4496; x_wconf 84' lang='grc' dir='ltr'>τὸ</span> <span class='ocrx_word' id='word_1_613' title='bbox 2846 4437 3086 4496; x_wconf 75' lang='grc' dir='ltr'>ἐπιτεθέν</span> <span class='ocrx_word' id='word_1_614' title='bbox 3147 4461 3238 4511; x_wconf 89' lang='grc' dir='ltr'><strong>μοι</strong></span> <span class='ocrx_word' id='word_1_615' title='bbox 3279 4437 3376 4507; x_wconf 76' lang='grc' dir='ltr'>τῆς</span> <span class='ocrx_word' id='word_1_616' title='bbox 3431 4435 3837 4518; x_wconf 80' lang='grc' dir='ltr'>ἀρχιερωσύνης</span> 
     </span>
    </p>
   </div>
   <div class='ocr_carea' id='block_1_91' title="bbox 2187 4528 3837 4609">
    <p class='ocr_par' dir='ltr' id='par_1_91' title="bbox 2187 4528 3837 4609">
     <span class='ocr_line' id='line_1_91' title="bbox 2187 4528 3837 4609; baseline -0.004 -21"><span class='ocrx_word' id='word_1_617' title='bbox 2187 4531 2418 4607; x_wconf 78' lang='grc' dir='ltr'>ἀξίωμα,</span> <span class='ocrx_word' id='word_1_618' title='bbox 2483 4531 2668 4609; x_wconf 86' lang='grc' dir='ltr'>χάριτι</span> <span class='ocrx_word' id='word_1_619' title='bbox 2723 4536 2952 4607; x_wconf 79' lang='grc' dir='ltr'>Χριστοῦ</span> <span class='ocrx_word' id='word_1_620' title='bbox 3008 4528 3302 4607; x_wconf 74' lang='grc' dir='ltr'>ἐλεύθερος,</span> <span class='ocrx_word' id='word_1_621' title='bbox 3365 4530 3670 4608; x_wconf 73' lang='grc' dir='ltr'>εὐχαριστῶ</span> <span class='ocrx_word' id='word_1_622' title='bbox 3726 4547 3837 4604; x_wconf 87' lang='grc' dir='ltr'>σοι,</span> 
     </span>
    </p>
   </div>
   <div class='ocr_carea' id='block_1_92' title="bbox 461 4613 2089 4701">
    <p class='ocr_par' dir='ltr' id='par_1_92' title="bbox 461 4619 2089 4701">
     <span class='ocr_line' id='line_1_92' title="bbox 461 4619 2089 4701; baseline 0.002 -21"><span class='ocrx_word' id='word_1_623' title='bbox 461 4620 704 4698; x_wconf 86' lang='lat' dir='ltr'><strong>ber,ago</strong></span> <span class='ocrx_word' id='word_1_624' title='bbox 730 4619 832 4682; x_wconf 80' lang='lat' dir='ltr'><strong>tibi</strong></span> <span class='ocrx_word' id='word_1_625' title='bbox 867 4621 1108 4699; x_wconf 81' lang='lat' dir='ltr'><strong>gratias,</strong></span> <span class='ocrx_word' id='word_1_626' title='bbox 1143 4620 1396 4684; x_wconf 90' lang='lat' dir='ltr'><strong>Domine</strong></span> <span class='ocrx_word' id='word_1_627' title='bbox 1431 4623 1590 4684; x_wconf 87' lang='lat' dir='ltr'><strong>Deus</strong></span> <span class='ocrx_word' id='word_1_628' title='bbox 1616 4621 1975 4701; x_wconf 84' lang='lat' dir='ltr'><strong>meus,quod</strong></span> <span class='ocrx_word' id='word_1_629' title='bbox 2012 4641 2089 4684; x_wconf 74' lang='grc' dir='ltr'><strong>τηε</strong></span> 
     </span>
    </p>
   </div>
   <div class='ocr_carea' id='block_1_93' title="bbox 2176 4613 3842 4701">
    <p class='ocr_par' dir='ltr' id='par_1_93' title="bbox 2193 4613 3842 4698">
     <span class='ocr_line' id='line_1_93' title="bbox 2193 4613 3842 4698; baseline -0.005 -19"><span class='ocrx_word' id='word_1_630' title='bbox 2193 4622 2343 4697; x_wconf 79' lang='grc' dir='ltr'>Κύριε</span> <span class='ocrx_word' id='word_1_631' title='bbox 2403 4623 2431 4677; x_wconf 79' lang='grc' dir='ltr'>ὁ</span> <span class='ocrx_word' id='word_1_632' title='bbox 2497 4620 2628 4683; x_wconf 85' lang='grc' dir='ltr'>Θεός</span> <span class='ocrx_word' id='word_1_633' title='bbox 2673 4639 2796 4698; x_wconf 88' lang='grc' dir='ltr'>μου,</span> <span class='ocrx_word' id='word_1_634' title='bbox 2843 4617 2926 4675; x_wconf 83' lang='grc' dir='ltr'><strong>ὅτι</strong></span> <span class='ocrx_word' id='word_1_635' title='bbox 2989 4640 3057 4693; x_wconf 91' lang='grc' dir='ltr'><strong>με</strong></span> <span class='ocrx_word' id='word_1_636' title='bbox 3118 4618 3454 4686; x_wconf 80' lang='grc' dir='ltr'>κατηξίωσας</span> <span class='ocrx_word' id='word_1_637' title='bbox 3511 4617 3576 4673; x_wconf 79' lang='grc' dir='ltr'><strong>τὰ</strong></span> <span class='ocrx_word' id='word_1_638' title='bbox 3639 4615 3707 4672; x_wconf 79' lang='grc' dir='ltr'>σὰ</span> <span class='ocrx_word' id='word_1_639' title='bbox 3750 4613 3842 4670; x_wconf 83' lang='grc' dir='ltr'>σοί</span> 
     </span>
    </p>
   </div>
   <div class='ocr_carea' id='block_1_94' title="bbox 462 4703 2089 4792">
    <p class='ocr_par' dir='ltr' id='par_1_94' title="bbox 462 4709 2089 4792">
     <span class='ocr_line' id='line_1_94' title="bbox 462 4709 2089 4792; baseline 0.001 -22"><span class='ocrx_word' id='word_1_640' title='bbox 462 4709 708 4786; x_wconf 83' lang='lat' dir='ltr'><strong>dignum</strong></span> <span class='ocrx_word' id='word_1_641' title='bbox 729 4717 1060 4790; x_wconf 86' lang='lat' dir='ltr'><strong>censueris,</strong></span> <span class='ocrx_word' id='word_1_642' title='bbox 1095 4711 1199 4790; x_wconf 89' lang='lat' dir='ltr'><strong>qui</strong></span> <span class='ocrx_word' id='word_1_643' title='bbox 1231 4720 1327 4771; x_wconf 88' lang='lat' dir='ltr'><strong>tua</strong></span> <span class='ocrx_word' id='word_1_644' title='bbox 1351 4710 1458 4772; x_wconf 91' lang='lat' dir='ltr'><strong>tibi</strong></span> <span class='ocrx_word' id='word_1_645' title='bbox 1487 4712 1768 4773; x_wconf 82' lang='lat' dir='ltr'><strong>otIerrem</strong></span> <span class='ocrx_word' id='word_1_646' title='bbox 1806 4725 1822 4772; x_wconf 89' lang='lat'><strong>:</strong></span> <span class='ocrx_word' id='word_1_647' title='bbox 1856 4719 1916 4772; x_wconf 89' lang='lat' dir='ltr'><strong>et</strong></span> <span class='ocrx_word' id='word_1_648' title='bbox 1947 4712 2089 4792; x_wconf 84' lang='lat' dir='ltr'><strong>quoc&#39;</strong></span> 
     </span>
    </p>
   </div>
   <div class='ocr_carea' id='block_1_95' title="bbox 2176 4703 3841 4792">
    <p class='ocr_par' dir='ltr' id='par_1_95' title="bbox 2188 4703 3841 4790">
     <span class='ocr_line' id='line_1_95' title="bbox 2188 4703 3841 4790; baseline -0.005 -23"><span class='ocrx_word' id='word_1_649' title='bbox 2188 4710 2605 4790; x_wconf 58' lang='grc' dir='ltr'>προσενεγκεῖν</span> <span class='ocrx_word' id='word_1_650' title='bbox 2670 4710 2756 4767; x_wconf 77' lang='grc' dir='ltr'><strong>καὶ</strong></span> <span class='ocrx_word' id='word_1_651' title='bbox 2816 4707 2946 4784; x_wconf 80' lang='grc' dir='ltr'>μηδ’</span> <span class='ocrx_word' id='word_1_652' title='bbox 2992 4711 3170 4766; x_wconf 83' lang='grc' dir='ltr'>ὁτιοῦν</span> <span class='ocrx_word' id='word_1_653' title='bbox 3197 4707 3329 4766; x_wconf 80' lang='grc' dir='ltr'>ἄλλο</span> <span class='ocrx_word' id='word_1_654' title='bbox 3378 4729 3473 4782; x_wconf 89' lang='grc' dir='ltr'><strong>μοι</strong></span> <span class='ocrx_word' id='word_1_655' title='bbox 3503 4713 3591 4762; x_wconf 89' lang='grc' dir='ltr'><strong>νῦν</strong></span> <span class='ocrx_word' id='word_1_656' title='bbox 3637 4709 3714 4778; x_wconf 83' lang='grc' dir='ltr'>τῷ</span> <span class='ocrx_word' id='word_1_657' title='bbox 3743 4703 3841 4782; x_wconf 83' lang='grc' dir='ltr'><strong>βίῳ</strong></span> 
     </span>
    </p>
   </div>
   <div class='ocr_carea' id='block_1_96' title="bbox 461 4792 2089 4903">
    <p class='ocr_par' dir='ltr' id='par_1_96' title="bbox 461 4799 2086 4903">
     <span class='ocr_line' id='line_1_96' title="bbox 461 4799 2086 4903; baseline 0.001 -41"><span class='ocrx_word' id='word_1_658' title='bbox 461 4819 530 4862; x_wconf 83' lang='lat' dir='ltr'><strong>ex</strong></span> <span class='ocrx_word' id='word_1_659' title='bbox 557 4799 762 4902; x_wconf 78' lang='lat' dir='ltr'><strong>mtindi</strong></span> <span class='ocrx_word' id='word_1_660' title='bbox 786 4799 958 4862; x_wconf 88' lang='lat' dir='ltr'><strong>bonis</strong></span> <span class='ocrx_word' id='word_1_661' title='bbox 1001 4801 1150 4902; x_wconf 71' lang='lat' dir='ltr'><strong>nihil</strong></span> <span class='ocrx_word' id='word_1_662' title='bbox 1173 4801 1333 4903; x_wconf 77' lang='lat' dir='ltr'><strong>aliud</strong></span> <span class='ocrx_word' id='word_1_663' title='bbox 1356 4803 1434 4863; x_wconf 87' lang='lat' dir='ltr'><strong>sit</strong></span> <span class='ocrx_word' id='word_1_664' title='bbox 1471 4801 1616 4903; x_wconf 72' lang='lat' dir='ltr'><strong>mihi</strong></span> <span class='ocrx_word' id='word_1_665' title='bbox 1639 4801 1965 4882; x_wconf 86' lang='lat' dir='ltr'><strong>reliquum,</strong></span> <span class='ocrx_word' id='word_1_666' title='bbox 1992 4802 2086 4903; x_wconf 64' lang='lat' dir='ltr'><strong>riis</strong></span> 
     </span>
    </p>
   </div>
   <div class='ocr_carea' id='block_1_97' title="bbox 2176 4792 3842 4903">
    <p class='ocr_par' dir='ltr' id='par_1_97' title="bbox 2193 4792 3842 4880">
     <span class='ocr_line' id='line_1_97' title="bbox 2193 4792 3842 4880; baseline -0.006 -22"><span class='ocrx_word' id='word_1_667' title='bbox 2193 4799 2588 4880; x_wconf 79' lang='grc' dir='ltr'>περιλειφθῆνρι</span> <span class='ocrx_word' id='word_1_668' title='bbox 2650 4798 2732 4855; x_wconf 83' lang='grc' dir='ltr'>ὅτι</span> <span class='ocrx_word' id='word_1_669' title='bbox 2795 4799 2873 4874; x_wconf 79' lang='grc' dir='ltr'>μὴ</span> <span class='ocrx_word' id='word_1_670' title='bbox 2933 4799 3107 4877; x_wconf 90' lang='grc' dir='ltr'>τρίτον</span> <span class='ocrx_word' id='word_1_671' title='bbox 3180 4798 3532 4876; x_wconf 85' lang='grc' dir='ltr'>νομίσματος,</span> <span class='ocrx_word' id='word_1_672' title='bbox 3589 4793 3721 4870; x_wconf 81' lang='grc' dir='ltr'>ὅπερ</span> <span class='ocrx_word' id='word_1_673' title='bbox 3777 4792 3842 4860; x_wconf 77' lang='grc' dir='ltr'>δὴ</span> 
     </span>
    </p>
   </div>
   <div class='ocr_carea' id='block_1_98' title="bbox 461 4885 2089 4972">
    <p class='ocr_par' dir='ltr' id='par_1_98' title="bbox 461 4890 2083 4972">
     <span class='ocr_line' id='line_1_98' title="bbox 461 4890 2083 4972; baseline 0.001 -21"><span class='ocrx_word' id='word_1_674' title='bbox 461 4890 632 4952; x_wconf 84' lang='lat' dir='ltr'><strong>tertia</strong></span> <span class='ocrx_word' id='word_1_675' title='bbox 655 4908 796 4971; x_wconf 82' lang='lat' dir='ltr'><strong>pars</strong></span> <span class='ocrx_word' id='word_1_676' title='bbox 819 4891 1072 4972; x_wconf 88' lang='lat' dir='ltr'><strong>nummi;</strong></span> <span class='ocrx_word' id='word_1_677' title='bbox 1101 4909 1278 4967; x_wconf 89' lang='lat' dir='ltr'><strong>quam</strong></span> <span class='ocrx_word' id='word_1_678' title='bbox 1301 4892 1488 4971; x_wconf 91' lang='lat' dir='ltr'><strong>ipsam</strong></span> <span class='ocrx_word' id='word_1_679' title='bbox 1507 4890 1691 4971; x_wconf 85' lang='lat' dir='ltr'><strong>jubeo</strong></span> <span class='ocrx_word' id='word_1_680' title='bbox 1715 4910 1953 4971; x_wconf 90' lang='lat' dir='ltr'><strong>quoque</strong></span> <span class='ocrx_word' id='word_1_681' title='bbox 1976 4891 2083 4952; x_wconf 92' lang='lat' dir='ltr'><strong>dar</strong></span> 
     </span>
    </p>
   </div>
   <div class='ocr_carea' id='block_1_99' title="bbox 2176 4885 3842 4972">
    <p class='ocr_par' dir='ltr' id='par_1_99' title="bbox 2193 4885 3842 4966">
     <span class='ocr_line' id='line_1_99' title="bbox 2193 4885 3842 4966; baseline -0.005 -18"><span class='ocrx_word' id='word_1_682' title='bbox 2193 4893 2279 4948; x_wconf 84' lang='grc' dir='ltr'>καὶ</span> <span class='ocrx_word' id='word_1_683' title='bbox 2336 4891 2464 4950; x_wconf 71' lang='grc' dir='ltr'>αὐτὸ</span> <span class='ocrx_word' id='word_1_684' title='bbox 2497 4901 2617 4952; x_wconf 75' lang='grc' dir='ltr'>τοῖς</span> <span class='ocrx_word' id='word_1_685' title='bbox 2663 4888 2857 4956; x_wconf 80' lang='grc' dir='ltr'>πένησι</span> <span class='ocrx_word' id='word_1_686' title='bbox 2904 4901 3023 4952; x_wconf 79' lang='grc' dir='ltr'>τοῖς</span> <span class='ocrx_word' id='word_1_687' title='bbox 3064 4889 3122 4944; x_wconf 69' lang='grc' dir='ltr'>ἓν</span> <span class='ocrx_word' id='word_1_688' title='bbox 3181 4891 3394 4966; x_wconf 84' lang='grc' dir='ltr'>Χριστῷ</span> <span class='ocrx_word' id='word_1_689' title='bbox 3435 4885 3690 4966; x_wconf 73' lang='grc' dir='ltr'>ἀδελφοῖς</span> <span class='ocrx_word' id='word_1_690' title='bbox 3738 4904 3842 4959; x_wconf 86' lang='grc' dir='ltr'><strong>μου</strong></span> 
     </span>
    </p>
   </div>
   <div class='ocr_carea' id='block_1_100' title="bbox 462 4976 2089 5061">
    <p class='ocr_par' dir='ltr' id='par_1_100' title="bbox 462 4978 2089 5061">
     <span class='ocr_line' id='line_1_100' title="bbox 462 4978 2089 5061; baseline 0.001 -21"><span class='ocrx_word' id='word_1_691' title='bbox 462 4978 954 5061; x_wconf 89' lang='lat' dir='ltr'><strong>pauperibus,qui</strong></span> <span class='ocrx_word' id='word_1_692' title='bbox 987 4989 1124 5041; x_wconf 90' lang='lat' dir='ltr'><strong>sunt</strong></span> <span class='ocrx_word' id='word_1_693' title='bbox 1147 4981 1290 5041; x_wconf 88' lang='lat' dir='ltr'><strong>mihi</strong></span> <span class='ocrx_word' id='word_1_694' title='bbox 1319 4981 1530 5042; x_wconf 81' lang='lat' dir='ltr'><strong>fratres</strong></span> <span class='ocrx_word' id='word_1_695' title='bbox 1556 4981 1612 5042; x_wconf 91' lang='lat' dir='ltr'><strong>in</strong></span> <span class='ocrx_word' id='word_1_696' title='bbox 1639 4979 2089 5052; x_wconf 28' lang='lat' dir='ltr'><strong>Cbristo.Quant</strong></span> 
     </span>
    </p>
   </div>
   <div class='ocr_carea' id='block_1_101' title="bbox 2176 4976 3844 5061">
    <p class='ocr_par' dir='ltr' id='par_1_101' title="bbox 2191 4976 3844 5055">
     <span class='ocr_line' id='line_1_101' title="bbox 2191 4976 3844 5055; baseline -0.005 -20"><span class='ocrx_word' id='word_1_697' title='bbox 2191 4979 2408 5046; x_wconf 81' lang='grc' dir='ltr'>δοθῆναι</span> <span class='ocrx_word' id='word_1_698' title='bbox 2465 4977 2690 5037; x_wconf 87' lang='grc' dir='ltr'>κελεύω.</span> <span class='ocrx_word' id='word_1_699' title='bbox 2740 4976 2870 5035; x_wconf 81' lang='grc' dir='ltr'>’Ὁτε</span> <span class='ocrx_word' id='word_1_700' title='bbox 2927 4977 3027 5055; x_wconf 80' lang='grc' dir='ltr'><strong>γὰρ</strong></span> <span class='ocrx_word' id='word_1_701' title='bbox 3087 4977 3225 5034; x_wconf 84' lang='grc' dir='ltr'>κατᾶ</span> <span class='ocrx_word' id='word_1_702' title='bbox 3291 4984 3424 5035; x_wconf 87' lang='grc' dir='ltr'>Θεοῦ</span> <span class='ocrx_word' id='word_1_703' title='bbox 3493 4979 3844 5054; x_wconf 85' lang='grc' dir='ltr'>συγχώρησιν</span> 
     </span>
    </p>
   </div>
   <div class='ocr_carea' id='block_1_102' title="bbox 461 5062 2089 5150">
    <p class='ocr_par' dir='ltr' id='par_1_102' title="bbox 461 5067 2084 5150">
     <span class='ocr_line' id='line_1_102' title="bbox 461 5067 2084 5150; baseline 0.001 -20"><span class='ocrx_word' id='word_1_704' title='bbox 461 5069 538 5130; x_wconf 89' lang='lat' dir='ltr'><strong>do</strong></span> <span class='ocrx_word' id='word_1_705' title='bbox 562 5069 721 5132; x_wconf 89' lang='lat' dir='ltr'><strong>enim</strong></span> <span class='ocrx_word' id='word_1_706' title='bbox 738 5068 843 5131; x_wconf 91' lang='lat' dir='ltr'><strong>Dei</strong></span> <span class='ocrx_word' id='word_1_707' title='bbox 866 5069 1264 5148; x_wconf 83' lang='lat' dir='ltr'><strong>promissione</strong></span> <span class='ocrx_word' id='word_1_708' title='bbox 1283 5079 1519 5131; x_wconf 85' lang='lat' dir='ltr'><strong>creatus</strong></span> <span class='ocrx_word' id='word_1_709' title='bbox 1537 5069 1615 5130; x_wconf 81' lang='lat' dir='ltr'><strong>fui</strong></span> <span class='ocrx_word' id='word_1_710' title='bbox 1631 5067 1953 5150; x_wconf 83' lang='lat' dir='ltr'><strong>episcOpus</strong></span> <span class='ocrx_word' id='word_1_711' title='bbox 1971 5069 2084 5132; x_wconf 85' lang='lat' dir='ltr'><strong>Ale</strong></span> 
     </span>
    </p>
   </div>
   <div class='ocr_carea' id='block_1_103' title="bbox 2176 5062 3843 5150">
    <p class='ocr_par' dir='ltr' id='par_1_103' title="bbox 2193 5062 3843 5148">
     <span class='ocr_line' id='line_1_103' title="bbox 2193 5062 3843 5148; baseline -0.007 -21"><span class='ocrx_word' id='word_1_712' title='bbox 2193 5066 2584 5148; x_wconf 74' lang='grc' dir='ltr'>Ἀλεξανδρέων</span> <span class='ocrx_word' id='word_1_713' title='bbox 2641 5067 2932 5132; x_wconf 81' lang='grc' dir='ltr'>ἐπίσκοπος</span> <span class='ocrx_word' id='word_1_714' title='bbox 2977 5064 3338 5146; x_wconf 74' lang='grc' dir='ltr'>προεϐλήθην,</span> <span class='ocrx_word' id='word_1_715' title='bbox 3373 5067 3491 5145; x_wconf 89' lang='grc' dir='ltr'>περὶ</span> <span class='ocrx_word' id='word_1_716' title='bbox 3519 5065 3615 5126; x_wconf 75' lang='grc' dir='ltr'><strong>τὰς</strong></span> <span class='ocrx_word' id='word_1_717' title='bbox 3673 5062 3843 5118; x_wconf 85' lang='grc' dir='ltr'>όκτσ-</span> 
     </span>
    </p>
   </div>
   <div class='ocr_carea' id='block_1_104' title="bbox 461 5152 2089 5240">
    <p class='ocr_par' dir='ltr' id='par_1_104' title="bbox 461 5157 2089 5237">
     <span class='ocr_line' id='line_1_104' title="bbox 461 5157 2089 5237; baseline 0.001 -19"><span class='ocrx_word' id='word_1_718' title='bbox 461 5157 746 5229; x_wconf 80' lang='lat' dir='ltr'><strong>xamlriae,</strong></span> <span class='ocrx_word' id='word_1_719' title='bbox 787 5157 984 5218; x_wconf 87' lang='lat' dir='ltr'><strong>inveni</strong></span> <span class='ocrx_word' id='word_1_720' title='bbox 1017 5158 1075 5218; x_wconf 91' lang='lat' dir='ltr'><strong>in</strong></span> <span class='ocrx_word' id='word_1_721' title='bbox 1130 5177 1264 5220; x_wconf 85' lang='lat' dir='ltr'><strong>meo</strong></span> <span class='ocrx_word' id='word_1_722' title='bbox 1321 5158 1671 5237; x_wconf 83' lang='lat' dir='ltr'><strong>episcopatu</strong></span> <span class='ocrx_word' id='word_1_723' title='bbox 1701 5157 1945 5219; x_wconf 85' lang='lat' dir='ltr'><strong>circiter</strong></span> <span class='ocrx_word' id='word_1_724' title='bbox 1975 5166 2089 5219; x_wconf 77' lang='lat' dir='ltr'><strong>octt</strong></span> 
     </span>
    </p>
   </div>
   <div class='ocr_carea' id='block_1_105' title="bbox 2176 5152 3845 5240">
    <p class='ocr_par' dir='ltr' id='par_1_105' title="bbox 2193 5152 3845 5240">
     <span class='ocr_line' id='line_1_105' title="bbox 2193 5152 3845 5240; baseline -0.005 -24"><span class='ocrx_word' id='word_1_725' title='bbox 2193 5158 2467 5240; x_wconf 75' lang='grc' dir='ltr'>κιςχιλίας</span> <span class='ocrx_word' id='word_1_726' title='bbox 2504 5165 2597 5214; x_wconf 88' lang='grc' dir='ltr'><strong>τοῦ</strong></span> <span class='ocrx_word' id='word_1_727' title='bbox 2650 5158 2874 5237; x_wconf 87' lang='grc' dir='ltr'>χρύσίου</span> <span class='ocrx_word' id='word_1_728' title='bbox 2920 5156 3100 5236; x_wconf 89' lang='grc' dir='ltr'>λίτρας</span> <span class='ocrx_word' id='word_1_729' title='bbox 3145 5155 3200 5212; x_wconf 81' lang='grc' dir='ltr'>ἐν</span> <span class='ocrx_word' id='word_1_730' title='bbox 3254 5161 3333 5230; x_wconf 82' lang='grc' dir='ltr'><strong>τῷ</strong></span> <span class='ocrx_word' id='word_1_731' title='bbox 3363 5152 3692 5224; x_wconf 77' lang='grc' dir='ltr'>έπισκοπείῷ</span> <span class='ocrx_word' id='word_1_732' title='bbox 3741 5171 3845 5225; x_wconf 84' lang='grc' dir='ltr'><strong>μου</strong></span> 
     </span>
    </p>
   </div>
   <div class='ocr_carea' id='block_1_106' title="bbox 463 5243 2089 5328">
    <p class='ocr_par' dir='ltr' id='par_1_106' title="bbox 463 5246 2089 5328">
     <span class='ocr_line' id='line_1_106' title="bbox 463 5246 2089 5328; baseline -0.001 -20"><span class='ocrx_word' id='word_1_733' title='bbox 463 5247 648 5308; x_wconf 90' lang='lat' dir='ltr'><strong>millia</strong></span> <span class='ocrx_word' id='word_1_734' title='bbox 679 5246 967 5309; x_wconf 85' lang='lat' dir='ltr'><strong>librarum</strong></span> <span class='ocrx_word' id='word_1_735' title='bbox 1002 5248 1157 5309; x_wconf 90' lang='lat' dir='ltr'><strong>auri:</strong></span> <span class='ocrx_word' id='word_1_736' title='bbox 1194 5267 1262 5309; x_wconf 85' lang='lat' dir='ltr'><strong>ex</strong></span> <span class='ocrx_word' id='word_1_737' title='bbox 1299 5247 1606 5309; x_wconf 91' lang='lat' dir='ltr'><strong>oblatione</strong></span> <span class='ocrx_word' id='word_1_738' title='bbox 1636 5255 1836 5308; x_wconf 90' lang='lat' dir='ltr'><strong>autem</strong></span> <span class='ocrx_word' id='word_1_739' title='bbox 1869 5247 2089 5328; x_wconf 90' lang='lat' dir='ltr'><strong>piorun</strong></span> 
     </span>
    </p>
   </div>
   <div class='ocr_carea' id='block_1_107' title="bbox 2176 5243 3848 5328">
    <p class='ocr_par' dir='ltr' id='par_1_107' title="bbox 2195 5243 3848 5328">
     <span class='ocr_line' id='line_1_107' title="bbox 2195 5243 3848 5328; baseline -0.006 -22"><span class='ocrx_word' id='word_1_740' title='bbox 2195 5249 2352 5309; x_wconf 58' lang='grc' dir='ltr'>οὔσας</span> <span class='ocrx_word' id='word_1_741' title='bbox 2412 5249 2652 5328; x_wconf 69' lang='grc' dir='ltr'>ἐφεῦρον,</span> <span class='ocrx_word' id='word_1_742' title='bbox 2686 5249 2746 5304; x_wconf 81' lang='grc' dir='ltr'>ἐκ</span> <span class='ocrx_word' id='word_1_743' title='bbox 2804 5252 3163 5325; x_wconf 79' lang='grc' dir='ltr'>προσαγωγῆς</span> <span class='ocrx_word' id='word_1_744' title='bbox 3228 5245 3284 5301; x_wconf 77' lang='grc' dir='ltr'>δὲ</span> <span class='ocrx_word' id='word_1_745' title='bbox 3332 5243 3598 5326; x_wconf 72' lang='grc' dir='ltr'>φιλοθέων</span> <span class='ocrx_word' id='word_1_746' title='bbox 3656 5261 3848 5317; x_wconf 82' lang='grc' dir='ltr'>μυριο-</span> 
     </span>
    </p>
   </div>
   <div class='ocr_carea' id='block_1_108' title="bbox 465 5333 2089 5417">
    <p class='ocr_par' dir='ltr' id='par_1_108' title="bbox 465 5336 2089 5417">
     <span class='ocr_line' id='line_1_108' title="bbox 465 5336 2089 5417; baseline 0 -19"><span class='ocrx_word' id='word_1_747' title='bbox 465 5337 684 5398; x_wconf 88' lang='lat' dir='ltr'><strong>millies</strong></span> <span class='ocrx_word' id='word_1_748' title='bbox 716 5336 806 5396; x_wconf 84' lang='lat' dir='ltr'><strong>bis</strong></span> <span class='ocrx_word' id='word_1_749' title='bbox 849 5336 1174 5417; x_wconf 89' lang='lat' dir='ltr'><strong>ampliores</strong></span> <span class='ocrx_word' id='word_1_750' title='bbox 1197 5337 1409 5416; x_wconf 83' lang='lat' dir='ltr'><strong>collegi</strong></span> <span class='ocrx_word' id='word_1_751' title='bbox 1437 5336 1723 5417; x_wconf 90' lang='lat' dir='ltr'><strong>pecunias</strong></span> <span class='ocrx_word' id='word_1_752' title='bbox 1753 5356 1767 5399; x_wconf 89' lang='lat'>:</span> <span class='ocrx_word' id='word_1_753' title='bbox 1796 5355 1943 5416; x_wconf 88' lang='lat' dir='ltr'><strong>quas</strong></span> <span class='ocrx_word' id='word_1_754' title='bbox 1971 5356 2089 5398; x_wconf 84' lang='lat' dir='ltr'><strong>cun</strong></span> 
     </span>
    </p>
   </div>
   <div class='ocr_carea' id='block_1_109' title="bbox 2176 5333 3848 5417">
    <p class='ocr_par' dir='ltr' id='par_1_109' title="bbox 2194 5333 3848 5416">
     <span class='ocr_line' id='line_1_109' title="bbox 2194 5333 3848 5416; baseline -0.005 -21"><span class='ocrx_word' id='word_1_755' title='bbox 2194 5339 2396 5395; x_wconf 90' lang='grc' dir='ltr'>πλάσια</span> <span class='ocrx_word' id='word_1_756' title='bbox 2439 5342 2641 5394; x_wconf 81' lang='grc' dir='ltr'>τούτων</span> <span class='ocrx_word' id='word_1_757' title='bbox 2685 5339 2988 5416; x_wconf 81' lang='grc' dir='ltr'>συνήγαγον</span> <span class='ocrx_word' id='word_1_758' title='bbox 3031 5337 3318 5416; x_wconf 71' lang='grc' dir='ltr'>χρήματαο</span> <span class='ocrx_word' id='word_1_759' title='bbox 3383 5333 3416 5389; x_wconf 76' lang='grc' dir='ltr'>ἃ</span> <span class='ocrx_word' id='word_1_760' title='bbox 3476 5333 3568 5390; x_wconf 87' lang='grc' dir='ltr'><strong>τοῦ</strong></span> <span class='ocrx_word' id='word_1_761' title='bbox 3621 5333 3848 5410; x_wconf 71' lang='grc' dir='ltr'>Χριστοῦ</span> 
     </span>
    </p>
   </div>
   <div class='ocr_carea' id='block_1_110' title="bbox 460 5418 2089 5506">
    <p class='ocr_par' dir='ltr' id='par_1_110' title="bbox 460 5429 2082 5502">
     <span class='ocr_line' id='line_1_110' title="bbox 460 5429 2082 5502; baseline 0 -16"><span class='ocrx_word' id='word_1_762' title='bbox 460 5443 870 5502; x_wconf 79' lang='lat' dir='ltr'><strong>cognoscerem</strong></span> <span class='ocrx_word' id='word_1_763' title='bbox 897 5445 1026 5486; x_wconf 85' lang='lat' dir='ltr'><strong>esse</strong></span> <span class='ocrx_word' id='word_1_764' title='bbox 1049 5431 1283 5496; x_wconf 87' lang='lat' dir='ltr'><strong>Christi,</strong></span> <span class='ocrx_word' id='word_1_765' title='bbox 1319 5429 1545 5487; x_wconf 80' lang='lat' dir='ltr'><strong>Christo</strong></span> <span class='ocrx_word' id='word_1_766' title='bbox 1573 5431 1746 5486; x_wconf 82' lang='lat' dir='ltr'><strong>etiam</strong></span> <span class='ocrx_word' id='word_1_767' title='bbox 1769 5430 1904 5486; x_wconf 74' lang='lat' dir='ltr'><strong>dare</strong></span> <span class='ocrx_word' id='word_1_768' title='bbox 1930 5431 2082 5488; x_wconf 88' lang='lat' dir='ltr'><strong>volui</strong></span> 
     </span>
    </p>
   </div>
   <div class='ocr_carea' id='block_1_111' title="bbox 2176 5418 3847 5506">
    <p class='ocr_par' dir='ltr' id='par_1_111' title="bbox 2193 5418 3847 5506">
     <span class='ocr_line' id='line_1_111' title="bbox 2193 5418 3847 5506; baseline -0.006 -21"><span class='ocrx_word' id='word_1_769' title='bbox 2193 5427 2282 5485; x_wconf 81' lang='grc' dir='ltr'>ὅντ</span> <span class='ocrx_word' id='word_1_770' title='bbox 2353 5429 2632 5506; x_wconf 84' lang='grc' dir='ltr'>γινώσκων</span> <span class='ocrx_word' id='word_1_771' title='bbox 2659 5474 2676 5502; x_wconf 91' lang='grc'><strong>,</strong></span> <span class='ocrx_word' id='word_1_772' title='bbox 2738 5426 2954 5505; x_wconf 81' lang='grc' dir='ltr'>Χριστῶ</span> <span class='ocrx_word' id='word_1_773' title='bbox 3024 5428 3113 5482; x_wconf 84' lang='grc' dir='ltr'><strong>καὶ</strong></span> <span class='ocrx_word' id='word_1_774' title='bbox 3184 5427 3360 5482; x_wconf 81' lang='grc' dir='ltr'>δοῦναι</span> <span class='ocrx_word' id='word_1_775' title='bbox 3444 5418 3847 5501; x_wconf 75' lang='grc' dir='ltr'>πρεεθυμήθην,</span> 
     </span>
    </p>
   </div>
   <div class='ocr_carea' id='block_1_112' title="bbox 461 5509 2089 5597">
    <p class='ocr_par' dir='ltr' id='par_1_112' title="bbox 461 5514 2089 5594">
     <span class='ocr_line' id='line_1_112' title="bbox 461 5514 2089 5594; baseline 0.002 -18"><span class='ocrx_word' id='word_1_776' title='bbox 461 5517 553 5576; x_wconf 89' lang='lat' dir='ltr'><strong>cui</strong></span> <span class='ocrx_word' id='word_1_777' title='bbox 581 5533 742 5576; x_wconf 90' lang='lat' dir='ltr'><strong>nunc</strong></span> <span class='ocrx_word' id='word_1_778' title='bbox 771 5533 1013 5594; x_wconf 83' lang='lat' dir='ltr'><strong>quoque</strong></span> <span class='ocrx_word' id='word_1_779' title='bbox 1065 5515 1230 5576; x_wconf 90' lang='lat' dir='ltr'><strong>trado</strong></span> <span class='ocrx_word' id='word_1_780' title='bbox 1281 5514 1568 5577; x_wconf 87' lang='lat' dir='ltr'><strong>animam.</strong></span> <span class='ocrx_word' id='word_1_781' title='bbox 1603 5517 1750 5577; x_wconf 90' lang='lat' dir='ltr'><strong>Cum</strong></span> <span class='ocrx_word' id='word_1_782' title='bbox 1778 5515 1889 5578; x_wconf 87' lang='lat' dir='ltr'><strong>hoc</strong></span> <span class='ocrx_word' id='word_1_783' title='bbox 1923 5524 2089 5580; x_wconf 81' lang='lat' dir='ltr'><strong>testa-</strong></span> 
     </span>
    </p>
   </div>
   <div class='ocr_carea' id='block_1_113' title="bbox 2176 5509 3830 5597">
    <p class='ocr_par' dir='ltr' id='par_1_113' title="bbox 2191 5509 3830 5597">
     <span class='ocr_line' id='line_1_113' title="bbox 2191 5509 3830 5597; baseline -0.005 -24"><span class='ocrx_word' id='word_1_784' title='bbox 2191 5521 2338 5594; x_wconf 80' lang='grc' dir='ltr'>ὥπερ</span> <span class='ocrx_word' id='word_1_785' title='bbox 2395 5524 2480 5574; x_wconf 81' lang='grc' dir='ltr'><strong>νῦν</strong></span> <span class='ocrx_word' id='word_1_786' title='bbox 2514 5518 2602 5573; x_wconf 86' lang='grc' dir='ltr'><strong>καὶ</strong></span> <span class='ocrx_word' id='word_1_787' title='bbox 2655 5520 2754 5583; x_wconf 77' lang='grc' dir='ltr'>τὴν</span> <span class='ocrx_word' id='word_1_788' title='bbox 2785 5518 2970 5597; x_wconf 69' lang='grc' dir='ltr'>ψυχὴν</span> <span class='ocrx_word' id='word_1_789' title='bbox 3029 5512 3390 5595; x_wconf 84' lang='grc' dir='ltr'>παραδίδωμι,</span> <span class='ocrx_word' id='word_1_790' title='bbox 3446 5518 3621 5573; x_wconf 80' lang='grc' dir='ltr'>Ταῦτα</span> <span class='ocrx_word' id='word_1_791' title='bbox 3662 5509 3830 5571; x_wconf 75' lang='grc' dir='ltr'>οὕτως</span> 
     </span>
    </p>
   </div>
   <div class='ocr_carea' id='block_1_114' title="bbox 537 5646 1070 5729">
    <p class='ocr_par' dir='ltr' id='par_1_114' title="bbox 537 5646 1070 5729">
     <span class='ocr_line' id='line_1_114' title="bbox 537 5646 1070 5729; baseline 0.004 -18"><span class='ocrx_word' id='word_1_792' title='bbox 537 5647 592 5699; x_wconf 82' lang='grc' dir='ltr'><strong>¹ο</strong></span> <span class='ocrx_word' id='word_1_793' title='bbox 619 5646 821 5711; x_wconf 74' lang='grc' dir='ltr'>Μειῐὶι·</span> <span class='ocrx_word' id='word_1_794' title='bbox 857 5664 920 5729; x_wconf 83' lang='lat' dir='ltr'><strong>x,</strong></span> <span class='ocrx_word' id='word_1_795' title='bbox 955 5647 1070 5714; x_wconf 75' lang='lat'><strong>25.</strong></span> 
     </span>
    </p>
   </div>
  </div>
