4032 6202
262 373 372 446 061

1263 366 1452 447 VITA
1499 377 1558 446 s.
1605 375 1928 446 IOANNIS
1970 375 2618 449 ELEEMOSYNARII.

3511 387 3628 455 962

263 519 288 572 ὁ
351 517 523 593 μέγας
567 522 662 574 τοῦ
719 523 852 574 Θεοῦ
908 515 1184 596 ἄνθρωπος
1240 513 1568 592 διαθέμενος,
1602 517 1674 580 εἷς
1706 526 1902 594 χεῖρας

2000 516 2258 577 mentum
2291 516 2382 577 sui
2431 517 2679 580 fecisset
2735 517 2836 580 ille
2865 534 3119 599 magnus
3151 520 3329 584 homo
3361 522 3494 599 Dei,
3527 522 3631 587 de-

264 609 396 663 Θεοῦ
422 610 623 678 ζῶντος
654 607 716 662 τὸ
746 612 955 682 πνεῦμα
985 605 1241 684 παρέθετο

347 695 476 755 σε’.
540 703 728 771 Θαῦμα
784 694 840 752 δὲ
899 697 1099 775 γίνεται
1160 695 1287 776 περὶ
1346 697 1444 760 τὴν
1490 696 1650 753 αὖτού
1707 693 1902 772 ταφὴν,

264 783 475 849 οὐδενὸς
551 785 660 842 τῶν
725 785 948 843 πώποτε
1003 784 1579 864 θαυματουργηθέντων
1637 782 1902 861 δεύτερον.

266 877 416 935 Κατὰ
445 877 548 955 γὰρ
577 878 668 933 τὸν
729 878 1008 955 εὒκτήριον
1040 875 1196 933 οἷκον
1246 884 1339 933 τοῦ
1391 879 1792 953 θαυματουργοῦ
1852 873 1906 930 ἕν

263 985 370 1020 τινι
429 966 578 1046 σοφῷ
620 964 708 1022 δύο
745 966 970 1041 σώματα
1017 965 1326 1022 ἐπισκόπων
1371 964 1674 1041 κρυπτούσῃ
1731 984 1906 1019 κατα-

263 1056 495 1114 τίθεσθαι
554 1055 868 1131 μέλλοντος,
913 1055 979 1124 ἧν
1037 1055 1173 1113 ἰδεῖν
1213 1057 1280 1113 τὰ
1338 1055 1496 1133 νεκρὰ
1531 1054 1680 1111 ταύτὶ
1711 1052 1906 1129 σώμα-

264 1167 354 1222 τα,
393 1145 575 1225 ὥσπερ
635 1146 1010 1226 ἐμψυχωμένα
1069 1144 1225 1209 σέϐας
1271 1149 1346 1220 τῷ
1405 1145 1653 1224 μακαρίῳ
1695 1148 1907 1219 σώματι

265 1234 522 1310 νέμοντα.
583 1234 882 1293 Ἐκστάντα
949 1237 1048 1314 γὰρ
1111 1234 1204 1292 ἄπ’
1253 1235 1529 1308 ἀλλήλων,
1578 1233 1741 1309 μέσον
1782 1234 1910 1290 αὐτὸ

265 1323 665 1405 παραδέχονται
702 1343 718 1357 ⁸
779 1325 876 1382 καὶ
909 1333 1068 1384 τοῦτο
1097 1327 1196 1402 μὲν
1226 1326 1346 1404 περὶ
1401 1325 1500 1392 τήν
1543 1325 1716 1403 ταφὴν
1747 1321 1911 1402 γενό-

267 1435 454 1490 μενον,
503 1414 738 1479 πολλαῖς
771 1417 956 1492 ὄψεσιν
987 1415 1175 1492 ἐθεάθη
1213 1433 1226 1448 ⁸
1258 1416 1438 1496 ἕτερον
1481 1413 1537 1471 δὲ
1567 1416 1660 1472 οὐκ
1690 1413 1909 1471 ἔλαττον

263 1504 454 1562 τούτου
486 1507 694 1581 προῖὼν
721 1507 749 1562 ὁ
779 1504 939 1586 λόγος
974 1505 1230 1574 δηλώσει.

1992 605 2191 681 posuit
2219 605 2500 685 spiritum
2533 607 2592 667 in
2625 624 2836 668 manus
2863 607 2970 670 Dei
3001 607 3274 673 viventis.
3384 661 3390 668 .

2071 691 2292 756 LXXV.
2327 696 2391 758 In
2425 697 2556 774 eius
2583 704 2782 758 autem
2813 696 3123 777 sepultura
3154 699 3216 760 ﬁt
3246 698 3625 773 miraculum,

1989 783 2150 858 quod
2176 783 2323 844 nulli
2349 784 2506 846 cedit
2528 803 2597 846 ex
2620 785 2859 866 iis,quae
2877 804 3142 863 unquam
3169 788 3323 848 facta
3347 796 3490 850 sunt
3521 788 3630 848 mi-

1987 869 2376 935 rabilia.Nam
2399 893 2533 935 cum
2557 884 2715 936 esset
2735 875 3204 954 deponendusin
3229 879 3356 939 inde
3373 876 3634 939 oratoria

1988 959 2435 1024 admirabilium
2459 981 2708 1043 operum
2734 964 3033 1026 effectoris
3055 967 3448 1047 Tychonis,in
3479 985 3632 1048 qua-

1989 1047 2125 1110 dam
2151 1057 2417 1130 capsa,in
2452 1071 2570 1133 qua
2594 1063 2764 1114 erant
2787 1054 3029 1117 condita
3069 1056 3186 1117 duo
3209 1075 3465 1136 corpora
3499 1047 3629 1138 epi-

1990 1158 2337 1223 scoporum;
2363 1142 2567 1204 videre
2592 1142 2809 1205 licebat
2836 1144 2959 1206 haec
2978 1159 3213 1207 mortua
3238 1165 3490 1228 corpora
3505 1147 3634 1209 vel-

1993 1233 2078 1292 uti
2109 1231 2371 1293 animata
2405 1232 2674 1295 tribuere
2702 1234 2923 1296 cultum
2951 1234 3124 1297 beato
3146 1235 3566 1317 eorpori.Nam
3599 1256 3635 1300 a

1993 1337 2058 1382 se
2086 1320 2339 1384 invicem
2371 1323 2737 1402 sejuncta,id
2768 1324 3029 1388 medium
3061 1325 3386 1407 accipiunt.
3414 1327 3487 1390 Et
3517 1328 3633 1389 hoc

1994 1409 2262 1490 quidem,
2295 1414 2456 1489 quod
2490 1413 2687 1477 evenit
2717 1414 2779 1476 in
2810 1415 2942 1496 ejus
2969 1416 3296 1497 sepultura,
3320 1416 3510 1480 visum
3544 1427 3635 1480 est

1996 1498 2317 1562 multorum
2347 1503 2536 1564 oculis
2570 1521 2584 1566 :
2619 1504 2870 1565 alterum
2905 1512 3103 1568 autem
3147 1525 3218 1569 eo
3259 1525 3376 1570 non
3411 1508 3630 1584 minus,

1997 1591 2331 1668 procedens
2353 1592 2683 1657 declarabit
2715 1594 2930 1658 oratio.

1734 1696 1973 1763 CAPUT
2017 1694 2166 1760 XIV.

1373 1806 1684 1874 Mtracula
1713 1814 1854 1890 post
1881 1807 2014 1886 ejus
2043 1817 2302 1870 mortem
2331 1810 2522 1887 facta.

351 1932 496 2006 ος’.
534 1934 754 1992 Γύναιον
782 1935 884 2014 γάρ
913 1957 964 1992 τι
993 1935 1088 2004 τῆς
1119 1934 1486 2014 ἐνεγκαμένης
1516 1935 1608 1990 τὸν
1640 1931 1906 2022 πατριάρ-

2000 2015 2011 2022 _
2072 1927 2322 2022 LXXVI.
2359 1933 2642 2005 Quaedam
2675 1935 2838 1998 enim
2872 1936 3093 2001 mulier
3121 1946 3252 2001 orta
3281 1939 3341 2001 in
3373 1941 3634 2022 oppidu-

267 2044 382 2102 χην
413 2023 678 2104 πολίχνης
735 2025 1075 2105 ὁρμώμενον,
1127 2027 1246 2082 ὶπεὶ
1280 2024 1474 2101 ἔμαθεν
1519 2022 1624 2091 ἤδη
1691 2021 1908 2097 μέλλειν

271 2113 430 2169 αὐτὸν
493 2115 623 2192 πρὸς
702 2115 890 2193 Κύριον
973 2112 1253 2190 ἐκδημεῖν,
1333 2113 1474 2192 μέγα
1527 2136 1576 2169 τι
1635 2116 1723 2168 καὶ
1779 2112 1910 2188 βαρὺ

271 2202 566 2281 ἇμᾶρτημα
611 2204 774 2281 ἑαυτῇ
815 2202 1109 2284 συνειδυῖα,
1168 2204 1490 2284 προστρέχει
1531 2209 1610 2277 τῷ
1667 2201 1910 2279 μακαρίῳ

269 2292 488 2368 θερμοῖς
547 2291 766 2373 δάκρυσι
825 2300 933 2351 τῶν
985 2297 1146 2354 αὐτοῦ
1206 2294 1383 2353 ποδῶν
1455 2292 1758 2367 ἁπτομένη.
1821 2288 1909 2345 διὰ

271 2387 582 2462 προσευχῆς
639 2383 844 2440 ἐκείνου
899 2382 1049 2442 λύσιν
1119 2387 1310 2462 ᾐτεῖτο
1351 2393 1444 2442 τοῦ
1486 2383 1909 2458 ἦμαρτήματοςο

270 2469 334 2526 Ὀ
367 2469 445 2543 δὲ,
486 2474 542 2529 Εἰ
605 2475 896 2544 πιστεύεις,
930 2474 1058 2556 ἔφη,
1093 2475 1172 2533 ὅτι
1205 2497 1288 2532 σοι
1319 2473 1403 2530 διὰ
1434 2473 1532 2540 τῆς
1564 2473 1702 2547 ἐμῆς
1734 2493 1910 2549 προσ-

272 2563 446 2640 ευχῆς
489 2566 551 2619 τὸ
591 2564 889 2642 ἁμάρτημα
922 2563 1126 2639 λύεται,
1161 2563 1653 2643 ἐξομολογήσαιθαί
1701 2583 1783 2617 σοι
1828 2560 1913 2616 δεῖ

271 2651 483 2717 πάντως
534 2652 682 2715 αὐτό.
728 2653 878 2711 Ἐπεὶ
937 2651 994 2712 δὲ
1059 2655 1138 2730 μιὶ
1183 2652 1428 2711 δύνασθαι
1459 2655 1615 2710 τοῦτο
1645 2653 1753 2709 τῶν
1780 2672 1910 2730 χει-

273 2737 412 2796 λέων
470 2757 816 2822 προενεγκεῖν
879 2743 1050 2822 ἔλεγε,
1118 2741 1203 2800 διὰ
1261 2745 1470 2824 γραφῆς
1536 2741 1664 2799 αὗτό
1718 2740 1913 2807 δηλοῦν

271 2832 630 2909 προετρέπετο
665 2849 680 2864 ⁸
742 2836 816 2898 ὡς
875 2831 929 2889 δὲ
960 2835 1047 2890 καὶ
1079 2836 1210 2913 πρὸς
1243 2834 1369 2890 αὐτὸ
1411 2831 1912 2911 δυσανασχετοῦσαν

271 2917 489 2996 ἕϐλεπε,
544 2927 814 3002 γραφῆναι
877 2923 1080 2980 κελεύει
1159 2923 1214 2980 ἐν
1274 2928 1343 3000 τῇ
1402 2921 1654 3004 σφραγῖδι
1711 2929 1910 2988 ταύτης

271 3011 690 3092 ἀσφαλισθῆναι,
769 3016 857 3071 καὶ
927 3013 1094 3078 οὕτως
1168 3017 1312 3088 αὒτῷ
1392 3015 1453 3070 τὸ
1537 3023 1911 3090 γραμματεῖον

271 3099 696 3181 ἐγχειρισθῆναι.
749 3102 930 3169 Οὕτως
986 3104 1075 3160 οὖν
1119 3103 1408 3183 γενομένου
1458 3105 1546 3160 καὶ
1575 3105 1650 3167 εἰς
1681 3102 1775 3166 τὰς
1810 3100 1910 3158 αὒ-

273 3198 370 3249 τοῦ
425 3205 622 3274 χεῖρας
653 3192 1156 3272 διασεσημασμένου
1205 3193 1576 3258 πιστευθέντος
1605 3192 1700 3251 τοῦ
1729 3214 1911 3271 γραμ-

1995 2015 2076 2095 Ιο,
2111 2020 2270 2099 quod
2307 2023 2519 2086 tulerat
2571 2025 2996 2106 patriarcham,
3048 2039 3362 2110 postquam
3394 2015 3642 2096 rescivit

1993 2124 2128 2169 eum
2155 2110 2285 2188 jam
2317 2129 2455 2176 esse
2513 2116 2900 2195 migraturum
2951 2117 3026 2180 ad
3064 2119 3408 2193 Dominum,
3443 2122 3643 2200 magni

1996 2207 2055 2258 et
2103 2201 2301 2277 gravis
2356 2203 2590 2283 peccati
2639 2207 2754 2268 sibi
2813 2207 3056 2269 conscia
3086 2209 3350 2272 accurrit
3383 2209 3455 2270 ad
3490 2209 3640 2272 bea-

1995 2295 2168 2352 tum:
2223 2300 2281 2354 et
2337 2293 2551 2356 calidis
2611 2295 2889 2377 lacrymis
2931 2297 3210 2376 profusis,
3273 2301 3401 2377 ejus
3454 2301 3640 2380 pedes

1997 2384 2268 2457 tangens,
2306 2383 2544 2461 petebat
2577 2384 2739 2446 illius
2772 2386 3000 2467 peccati
3032 2386 3497 2452 absolutionem.
3532 2389 3638 2454 Ille

1994 2475 2192 2557 autem
2231 2489 2245 2530 :
2282 2470 2331 2531 si
2359 2474 2584 2548 credis,
2619 2475 2836 2555 inquit,
2871 2477 3022 2539 meis
3057 2476 3340 2557 precibus
3391 2489 3448 2538 te
3503 2496 3639 2541 esse

1993 2553 2066 2646 ab
2091 2556 2204 2618 hoc
2247 2569 2490 2639 peccato
2521 2553 2964 2639 absolvendam,
3000 2553 3234 2646 oportet
3283 2567 3528 2629 omnino
3580 2575 3639 2631 te

1995 2643 2055 2704 id
2089 2647 2254 2725 prius
2303 2653 2597 2716 conliteri.
2661 2653 2807 2716 Cum
2864 2643 3067 2718 autem
3120 2655 3366 2719 dixisset
3419 2676 3485 2720 se
3516 2677 3635 2721 non

1997 2752 2174 2814 posse
2206 2737 2264 2799 id
2290 2739 2474 2803 labris
2507 2742 2797 2823 proferre,
2825 2745 3008 2824 jussit
3041 2745 3098 2806 id
3131 2747 3371 2826 scriptis
3402 2747 3636 2826 signifi-

1993 2841 2154 2886 care.
2190 2826 2335 2890 Cum
2369 2849 2507 2893 vero
2539 2832 2766 2896 videret
2795 2853 2924 2896 eam
2957 2835 3016 2896 id
3050 2854 3206 2912 aegre
3235 2836 3414 2912 ferre,
3463 2836 3639 2916 jubet

1996 2923 2059 3006 ut
2089 2921 2215 3006 Ipsa
2247 2918 2304 2980 id
2339 2921 2579 2996 scribat,
2619 2933 2676 2985 et
2706 2943 2812 2986 suo
2847 2925 3033 3006 ipsius
3059 2925 3257 3005 sigillo
3292 2927 3543 3001 muniat,
3580 2937 3639 2989 et

1992 3004 2080 3066 sic
2114 3005 2169 3067 ei
2233 3009 2427 3071 tradat
2481 3004 2886 3077 schedulamf
2922 3017 3069 3079 Cum
3123 3004 3210 3078 Sic
3241 3035 3381 3097 ergo
3412 3016 3635 3078 factum

1996 3103 2156 3157 esset
2209 3105 2267 3159 et
2297 3098 2358 3160 in
2389 3100 2520 3180 ejus
2553 3122 2762 3164 manus
2822 3105 3037 3167 tradita
3087 3105 3298 3166 fuisset
3328 3105 3639 3185 obsignata

1994 3185 2306 3268 schedula,
2339 3190 2580 3268 rogabat
2618 3194 2836 3255 mulier
2866 3213 3000 3256 eum
3030 3193 3367 3270 obtestans,
3394 3204 3457 3256 ut
3485 3195 3635 3256 nihil

273 3283 518 3360 ματείου,
563 3282 739 3342 ἐδεῖτο
789 3286 823 3354 ἡ
882 3285 1017 3362 γυνὴ
1076 3284 1255 3364 ὅρκοις
1287 3286 1445 3343 αὑτὸν
1477 3281 1904 3365 ἀσφαλιζομέθη,

2000 3291 2224 3367 eorum,
2257 3297 2388 3358 quae
2409 3279 2666 3361 inerant,
2698 3284 2930 3347 veniret
2954 3285 3028 3347 ad
3057 3285 3409 3366 cujusquam
3435 3291 3635 3367 cogni-

273 3371 463 3448 μηδενὶ
522 3371 692 3450 μηδέν
767 3397 816 3431 τι
875 3375 981 3432 τῶν
1040 3375 1366 3454 ἰγκειμένων
1425 3376 1497 3439 εἷς
1559 3373 1758 3454 γνῶσιν
1816 3371 1912 3428 ἐλ-

269 3466 410 3525 θεῖν.

355 3553 478 3616 OZ’.
512 3553 675 3610 Πέντε
708 3555 770 3611 τὸ
799 3553 907 3612 ἀπὸ
939 3553 1088 3612 τοῦδε
1128 3553 1400 3635 παρῆλθον
1457 3552 1676 3632 ἡμέραι,
1740 3554 1826 3609 καὶ
1886 3554 1914 3608 ὁ

277 3643 448 3723 μέγας
487 3646 576 3701 τὸν
607 3645 720 3722 βίον
748 3643 1056 3719 ἀπολιπὼν,
1103 3646 1242 3723 πρὸς
1284 3645 1380 3709 τὰς
1409 3647 1515 3700 τῶν
1545 3641 1761 3699 δικαίων
1792 3642 1911 3708 ἐξε-

276 3730 435 3808 δήμει
466 3736 692 3810 σκηνὰς,
724 3733 842 3791 οὐδὲ
871 3735 989 3814 περὶ
1021 3733 1208 3792 τούτο)
1243 3736 1306 3791 τὸ
1336 3735 1586 3810 παράπαν
1617 3731 1749 3810 πρός
1793 3753 1911 3787 τινα

279 3821 528 3902 εἰρηκώς.
563 3821 711 3880 Ἐπεὶ
739 3821 794 3878 δὲ
822 3822 858 3889 ἦ
889 3825 1051 3902 γυνὴ,
1077 3825 1214 3880 κατὰ
1245 3824 1386 3880 θείαν
1416 3821 1550 3887 ἴσως
1580 3821 1910 3896 οἷιιονομίαν,

275 3915 372 3972 οὔκ
403 3911 564 3994 ἔτυχε
593 3919 832 3992 παροῦσα
871 3918 972 3980 τῆς
1003 3913 1208 3992 ἡμέρας
1240 3909 1360 3970 καθ’
1389 3913 1456 3980 ἢν
1490 3910 1643 3975 οὗτος
1671 3917 1768 3967 τοῦ
1799 3910 1912 3987 βίου

274 4002 552 4082 ἀφίστατο,
596 4004 736 4062 κατὰ
776 4003 875 4071 τὴν
937 4005 1035 4070 τῆς
1093 4008 1268 4084 ταφῆς
1328 4001 1763 4081 παραγενομένη,
1825 4001 1913 4056 καὶ

276 4095 651 4150 ὕποπτεύσασα
730 4094 942 4168 μήποτε
1023 4095 1085 4150 τὸ
1173 4095 1451 4150 πιστευθὲν
1538 4103 1912 4172 γραμματεῖον

282 4183 572 4260 ἀμεληθὲν,
645 4184 733 4240 καὶ
795 4190 873 4258 τῷ
934 4183 1261 4259 ἐπισκοπείῳ
1317 4181 1692 4263 καταλειφθὲν,
1746 4181 1914 4248 οὕτως

280 4273 596 4353 κατάφωρον
651 4273 872 4352 γένηται
935 4287 1055 4340 τοῖς
1105 4281 1259 4354 πᾶσι,
1309 4283 1500 4349 μικροῦ
1560 4274 1650 4330 καὶ
1708 4271 1915 4353 ἔκφρων

282 4365 348 4440 τῇ
400 4362 545 4441 λύπῃ
587 4363 798 4445 γέγονε,
845 4364 1019 4421 πίστει
1063 4361 1117 4419 δὲ
1162 4364 1466 4440 θερμοτάτῃ
1513 4362 1674 4420 πάλιν
1723 4362 1916 4430 ἑαυτὴν

278 4454 720 4530 ἀνακτησαμένη,
780 4458 854 4518 ὡς
899 4454 1029 4532 εἶχε
1084 4454 1285 4534 τάχους
1343 4454 1442 4522 τὴν
1488 4452 1690 4511 ἐκείνου
1749 4475 1917 4511 κατα-

277 4542 542 4620 λαμϐάνει
597 4545 754 4623 σορόν
785 4561 800 4577 ⁸
844 4543 940 4601 καί
985 4543 1165 4622 ὥσπερ
1213 4549 1409 4614 ζῶντος
1442 4543 1604 4601 αἰ)τοῦ
1634 4541 1865 4600 κατεϐόα
1900 4562 1914 4576 ·

1999 3364 2246 3428 tionem.

2076 3543 2354 3612 LXXVII.
2392 3549 2668 3633 Quinque
2696 3553 2824 3616 dies
2847 3555 3066 3618 abhinc
3099 3556 3546 3636 praeterieram:
3581 3568 3641 3621 et

2002 3652 2250 3727 magnus
2272 3639 2373 3700 ille
2395 3642 2692 3705 excedens
2719 3663 2750 3704 e
2772 3643 2908 3720 vita,
2934 3644 3203 3724 migravit
3232 3647 3303 3708 ad
3329 3648 3637 3727 justorum

2000 3722 2407 3804 tabernacula,
2445 3749 2578 3793 cum
2611 3732 2760 3795 nihil
2794 3733 2869 3795 de
2901 3753 2969 3795 ea
2990 3722 3057 3796 re
3074 3722 3346 3816 cuiquam
3381 3737 3638 3800 dixisset

1998 3816 2264 3878 omnino.
2299 3819 2442 3881 Cum
2469 3830 2667 3883 autem
2692 3823 2927 3897 mulier,
2963 3824 3170 3886 divina
3199 3825 3456 3902 quadam
3486 3827 3640 3890 forte

2001 3905 2396 3994 providentia,
2420 3930 2538 3972 non
2555 3912 2840 3973 adfuisset
2874 3912 2974 3974 illo
3009 3912 3128 3988 die,
3164 3933 3283 3994 quo
3316 3915 3575 3975 excessit
3607 3934 3640 3977 e

1997 3993 2136 4082 vita,
2166 4015 2235 4058 ea
2261 4000 2554 4062 accedens
2603 4003 2675 4063 ad
2735 4003 3125 4082 sepulturam,
3158 3993 3216 4065 et
3246 4003 3526 4064 dubitans
3561 4023 3634 4066 ne

1997 4078 2154 4146 forte
2178 4106 2310 4168 qua;
2328 4089 2458 4168 ejus
2483 4090 2620 4152 fidei
2643 4078 2964 4152 commissa
2985 4078 3178 4154 fuerat
3200 4093 3635 4169 schedula,ne-
3699 4171 3704 4174 _

1997 4175 2194 4254 glecta
2215 4190 2275 4240 et
2298 4179 2357 4240 in
2377 4181 2721 4262 episcopatu
2750 4181 2957 4244 relicta
2981 4184 3537 4262 deprehenderetur
3555 4184 3631 4247 ab

2000 4266 2518 4341 omnibus,dolore
2533 4271 2808 4344 affecta,a
2819 4290 2882 4332 se
2903 4272 3331 4353 propemodum
3347 4275 3642 4337 discesse-
3755 4355 3758 4358 ,

2001 4372 2106 4420 rat:
2135 4361 2236 4418 sed
2262 4377 2394 4419 cum
2419 4362 2529 4420 ﬁde
2553 4363 2956 4423 ardentissima
2981 4382 3041 4422 se
3060 4381 3264 4425 rursus
3283 4368 3633 4440 collegisset,

2001 4464 2180 4522 quam
2215 4447 2470 4508 maxima
2503 4448 2691 4526 potuit
2718 4449 3028 4514 celeritate
3063 4451 3220 4512 venit
3247 4451 3318 4514 ad
3352 4451 3510 4514 illius
3531 4470 3638 4514 ca-

2002 4555 2192 4616 psam;
2230 4545 2288 4598 et
2321 4545 2597 4618 tanquam
2631 4557 2702 4600 eo
2725 4539 3202 4614 vivo,clamabat:
3229 4540 3383 4612 Quid
3417 4541 3530 4604 hoc
3559 4542 3642 4604 fe-

280 4635 342 4692 Τί
369 4641 525 4693 τοῦτο
554 4634 882 4708 πεποίηκας,
906 4635 1238 4710 ὦθεσπέσιε,
1273 4634 1360 4691 ἐπ’
1387 4635 1528 4709 ὲμοὶ,
1564 4631 1816 4710 λέγουσα,
1848 4640 1911 4712 τῇ

2002 4625 2160 4700 cisti,
2188 4645 2222 4688 o
2245 4625 2335 4688 vir
2358 4626 2737 4703 divine,mihi
2761 4627 3107 4709 peccatrici,
3142 4638 3205 4690 ut
3225 4649 3384 4692 nunc
3415 4630 3643 4694 alliciar

281 4723 597 4802 ἀμᾶρτολῷ,
661 4725 748 4781 καὶ
802 4707 890 4782 νῦν
943 4725 1175 4805 αἰσχύνη
1220 4707 1316 4781 ⁷καὶ
1383 4707 1578 4789 ὄνειδος
1637 4707 1715 4797 τῷ
1761 4707 1911 4782 παντῖ

2000 4713 2073 4778 ab
2099 4716 2378 4779 omnibus
2404 4718 2620 4796 probro
2645 4727 2703 4780 et
2724 4707 3232 4792 dedecore?Quod
3253 4720 3412 4783 enim
3434 4739 3510 4784 ne
3535 4720 3643 4783 tibi

281 4814 474 4890 ἔσομαι
507 4833 525 4894 ;
566 4805 626 4872 ι0
655 4814 756 4894 γὰρ
785 4811 903 4873 οὐδὲ
933 4814 1016 4870 σοὶ
1047 4812 1345 4890 ἐκκαλύψαι
1372 4811 1458 4870 διὰ
1486 4814 1588 4881 τὴν
1617 4810 1911 4893 ὑπερϐολὴν

2000 4805 2244 4884 quidem
2266 4813 2423 4887 potui
2443 4807 2680 4888 aperire
2695 4818 2936 4889 propter
2948 4808 3177 4890 lapsum
3199 4809 3643 4890 insignem,hoc

277 4901 371 4962 τοῦ
439 4902 750 4985 σφάλματος
808 4901 1106 4980 ἠδυνάμην,
1166 4910 1321 4962 τοῦτο
1375 4917 1496 4968 τοῖς
1570 4910 1697 4960 πᾶσι
1754 4901 1911 4972 δῆλον

2001 4895 2420 4985 eritomnibus
2465 4897 2867 4960 manifestum.
2903 4897 3143 4962 Utinam
3179 4918 3254 4961 ne
3283 4900 3641 4980 cogitassem

277 4979 610 5074 προκείσετε.
659 4992 784 5052 Εἴθε
843 4979 1109 5070 μηδαμῶς
1143 5014 1227 5051 σοι
1258 4994 1378 5073 περὶ
1406 4994 1596 5053 τούτου
1629 4994 1766 5070 μηδὲ
1822 4993 1911 5051 ὲν-

2000 4979 2240 5067 quidem
2258 4995 2316 5048 te
2333 4986 2408 5049 de
2421 4986 2532 5048 hac
2545 4988 3339 5052 reconvenire.Existimans
3356 4979 3515 5051 enim
3537 5006 3642 5067 per

278 5095 474 5164 τυχεῖν
503 5083 782 5155 διενοήθην
803 5098 817 5114 ’
855 5082 1075 5159 οἰομένη
1106 5085 1207 5163 γὰρ
1235 5081 1321 5140 διὰ
1351 5104 1445 5141 σου
1486 5085 1586 5153 τὴν
1615 5082 1911 5159 μέλλουσαν

2000 5083 2057 5138 te
2077 5093 2282 5157 pmnas
2295 5075 2525 5140 futuras
2545 5076 2903 5158 eﬂ‘ugere,et
2919 5079 3032 5141 hoc
3052 5097 3170 5140 non
3187 5096 3322 5140 sum
3341 5085 3638 5158 assecuta,

275 5171 428 5242 δίκην
472 5171 776 5254 διαφυγεῖν,
835 5173 1021 5231 τούτου
1066 5194 1120 5230 τε
1181 5169 1496 5253 διήμαρτον,
1549 5175 1637 5230 καὶ
1681 5172 1780 5242 τήν
1824 5172 1911 5229 ἑν-

2001 5175 2062 5228 et
2089 5167 2247 5247 quod
2274 5185 2344 5230 ex
2378 5185 2449 5229 eo
2481 5167 2966 5241 oritur,dedecus
2999 5168 3146 5230 mihi
3177 5166 3639 5230 conciliavi.Sed

273 5267 452 5322 τεῦθεν
523 5262 791 5344 αἰσχύνην
864 5263 1348 5342 προσεκτησάμην.
1429 5261 1599 5321 Ἀλλὰ
1652 5264 1752 5342 γὰρ
1819 5262 1916 5321 οὐκ

274 5353 654 5430 ἀποστήσομαί
697 5374 790 5410 σου
845 5359 940 5411 τοῦ
981 5352 1170 5433 τάφου,
1244 5352 1364 5411 οὔτε
1422 5353 1531 5430 μὴν
1587 5351 1727 5417 ὅλως
1772 5352 1916 5410 ἔνθεν

280 5441 734 5524 ἑξαναστήσομαι,
793 5440 900 5502 οὐδ’
959 5441 1260 5524 ὲνοχλοῦσά
1316 5465 1399 5500 σοι
1443 5443 1737 5523 παύσομαι,
1786 5441 1914 5523 ἄχρι

280 5541 405 5612 γοῦν
459 5535 548 5591 καὶ
625 5531 986 5614 πληροφορίαν
1042 5535 1162 5611 περὶ
1218 5536 1323 5591 τῶν
1382 5533 1704 5601 αἰτηθέντων
1745 5531 1918 5608 λήψο-

287 5645 385 5700 μαι
417 5637 434 5654 ⁸
501 5626 796 5700 πέπεισμαι
841 5623 940 5702 γὰρ
981 5625 1056 5688 ὡς
1098 5623 1158 5680 οὗ
1201 5623 1480 5699 τέθνηκας,
1523 5621 1646 5680 ἀλλ’
1702 5623 1756 5679 ἂν
1801 5630 1918 5699 Θεῷ

2003 5257 2160 5319 enim
2195 5275 2314 5319 non
2341 5257 2621 5320 recedam
2653 5276 2684 5319 a
2717 5266 2814 5321 tuo
2847 5257 3148 5338 sepulcro,
3177 5275 3372 5337 neque
3393 5257 3638 5318 omnino

1999 5346 2140 5409 hinc
2161 5365 2427 5427 surgam,
2453 5365 2650 5428 neque
2669 5348 2916 5408 cessabo
2941 5354 2998 5408 te
3022 5345 3546 5427 interpellare,nisi
3565 5343 3643 5407 de

2003 5437 2104 5518 iis,
2133 5455 2266 5519 quae
2297 5437 2493 5518 peiivi,
2529 5455 2624 5499 me
2653 5437 2876 5499 feceris
2901 5439 3243 5498 certiorem.
3281 5437 3639 5498 Persuasum

2005 5527 2164 5590 enim
2199 5527 2390 5590 habeo
2425 5535 2482 5588 te
2515 5544 2636 5588 non
2667 5543 2804 5587 esse
2838 5533 3161 5601 mortuum,
3189 5527 3296 5587 sed
3322 5525 3385 5585 in
3406 5523 3530 5587 Deo
3558 5523 3648 5587 vi-

2002 5637 2167 5697 vere,
2203 5626 2262 5682 et
2290 5625 2351 5680 te
2380 5616 2537 5699 apud
2571 5634 2706 5680 eum
2741 5633 2940 5698 posse,
2975 5633 3112 5698 qua
3138 5615 3226 5678 vis
3250 5613 3474 5680 facere.

281 5719 406 5794 ζῇς,
466 5714 554 5772 καὶ
613 5711 738 5792 παρ’
795 5713 941 5790 αὐτῷ
1006 5711 1105 5771 ὅσα
1191 5712 1258 5782 δὴ
1314 5717 1402 5772 καὶ
1449 5713 1628 5795 βούλει
1692 5709 1917 5778 διανύειν
1987 5716 2228 5778 δύνασαι.
