4098 6202
445 288 563 362 963

1743 286 2024 352 MENSIS
2063 285 2507 357 JANUARIUS.

3687 291 3803 357 964

520 425 828 491 LXXVIII.
864 426 1003 490 Haec
1027 424 1326 502 dicens,et
1343 424 1460 487 alia
1489 424 1585 487 his
1614 423 1857 499 similia,
1891 424 2067 486 tribus

2246 418 2378 487 OH'.
2428 430 2601 486 Ταῦτα
2661 428 2748 484 καὶ
2805 425 2942 485 ἄλλα
2997 429 3199 486 τούτων
3271 431 3491 487 πλείονα
3547 427 3798 507 λέγουσα,

441 516 658 578 diebus
683 524 742 577 et
775 516 1018 580 totidem
1049 516 1326 579 noctibus
1348 513 1702 578 venerandae
1733 514 1865 594 ejus
1887 532 2081 594 capsae

439 606 755 679 assedit,at
774 608 839 688 (ο
861 606 970 670 Dei
994 606 1336 688 miracula!)
1353 606 1562 668 ultima
1578 614 1754 668 nocte
1774 606 2082 683 egreditur

443 715 474 756 e
495 713 667 770 capsa
690 713 773 756 νιν
794 700 894 757 ille
910 700 1265 757 admirabilis
1286 699 1461 756 simul
1479 711 1616 755 cum
1633 699 1831 770 iis.qui
1856 712 1984 755 cun.
2012 712 2079 753 eo

433 783 738 865 jacebant,
774 782 1418 865 episcopis(ejusmodi
1450 782 1610 843 enim
1646 790 1772 844 erat
1800 781 1886 863 id,
1921 782 2079 863 quod

438 871 813 955 apparebat),
839 883 898 935 et
926 874 979 936 ei
1013 874 1162 937 dixit
1192 890 1204 932 :
1243 872 1585 953 Quousque,
1625 891 1660 932 ο
1683 873 1917 947 mulier,
1953 873 2081 935 cla-

441 979 611 1025 mans
638 981 702 1026 es
733 963 805 1025 iis
828 964 928 1044 qui
954 963 1050 1025 hic
1073 973 1215 1026 sunt
1240 963 1520 1024 molesta?
1544 960 1757 1023 Nostra
1781 961 1941 1023 enim
1974 980 2079 1024 ve-

438 1052 719 1115 stimenta
733 1052 857 1133 jam
884 1060 999 1113 tuae
1039 1054 1465 1115 humectarunt
1488 1051 1786 1131 lacrymae,
1821 1052 2081 1114 ﬂuentes

439 1142 625 1204 instar
651 1141 836 1205 ﬂuvii.
861 1139 1007 1203 Cum
1042 1142 1168 1202 hanc
1200 1140 1483 1217 dixisset,
1519 1141 1699 1203 tradit
1733 1139 1788 1201 ei
1811 1140 2077 1203 schedu-

436 1234 577 1309 lam,
613 1232 768 1293 sicut
791 1229 1023 1306 erat,ah
1054 1231 1156 1293 illa
1179 1229 1838 1311 obsignatam.Deinde,
1873 1230 2077 1310 Agno-

434 1321 632 1385 scisne
660 1321 839 1395 hanc,
864 1320 1032 1396 dixit,
1067 1339 1104 1382 ο
1132 1321 1343 1383 mulier
1364 1318 1394 1379 ?
1423 1321 1649 1400 Accipe
1681 1337 1842 1399 ergo,
1871 1329 1929 1381 et
1952 1321 2074 1401 jam

434 1411 676 1473 solvens
694 1410 834 1472 vide
848 1409 953 1472 Dei
969 1428 1152 1491 opera
1175 1408 1732 1472 admirabilia.Cum
1758 1409 1859 1471 illa
1878 1419 2075 1472 autem

433 1500 882 1576 surrexisset,et
910 1501 982 1563 ad
1017 1520 1081 1562 se
1113 1499 1578 1576 rediisset,vidit
1599 1499 1840 1580 quidem
1871 1517 2080 1562 rursus

434 1597 672 1652 sanctos
695 1609 864 1652 suam
895 1608 1135 1671 capsam
1162 1588 1726 1671 ingressos,habens
1751 1607 1885 1652 vero
1907 1591 2068 1652 scbe.

433 1680 634 1744 dulam
662 1687 721 1743 in
750 1680 1241 1756 manibus,illmso
1277 1689 1555 1742 manente
1572 1678 2073 1758 signaculo.Quod

2162 519 2330 595 τρισὶν
2361 518 2587 596 ἡμέραις
2622 520 2708 573 καὶ
2746 515 2895 581 ἴσαις
2940 516 3047 584 νυξὶ
3089 524 3160 594 τῇ
3214 519 3365 592 τιμία
3417 518 3607 578 τούτου
3664 524 3807 595 σορῷ

2162 606 2487 685 προσήδρευε
2520 654 2536 682 ,
2621 607 2708 665 καὶ
2786 606 2854 686 (ὢ
2913 613 3019 664 τῶν
3071 614 3165 665 τοῦ
3222 610 3508 681 τεραστίων
3537 607 3583 687 Ξ)
3645 606 3804 673 ἓξεισι

2163 698 2230 772 τῇ
2260 695 2532 768 τελευταίᾳ
2578 700 2721 753 νυκτί
2758 701 2857 764 τῆς
2912 704 3072 776 σοροῦ
3118 699 3146 753 ὃ
3173 697 3493 777 θαυμάσιος,
3526 697 3642 773 ἅμα
3688 709 3805 758 τοῖς

2163 785 2527 864 συγκειμένοις
2588 790 2732 858 αὒτῴ
2787 783 2929 845 δυσὶν
2997 786 3311 853 ἐπισκόποις
3392 789 3653 865 (τοιοῦτον
3707 786 3807 865 γὰρ

2160 879 2227 943 ἦν
2281 877 2344 931 τὸ
2389 875 2752 954 φαινόμενον),
2801 877 2887 932 καὶ
2929 877 3062 954 πρὸς
3106 877 3293 952 αὐτὴν,
3332 877 3506 957 Μέχρι
3549 897 3718 952 τινος,
3758 876 3804 929 ὧ

2160 966 2336 1043 γύναι,
2368 962 2709 1043 καταϐοῶσα,
2743 966 2896 1045 φησὶ,
2934 963 3001 1021 δι’
3033 964 3205 1046 ὄχλου
3234 979 3353 1029 τοῖς
3398 966 3618 1024 ἐνταῦθα
3648 965 3794 1043 γίνῃ,

2166 1051 2499 1133 Διαϐρόχους
2570 1055 2670 1132 γὰρ
2733 1052 2835 1122 ἤδη
2899 1055 2994 1119 τὰς
3050 1055 3317 1133 ἡμετέρας
3381 1055 3576 1118 στολὰς
3621 1056 3690 1111 τὰ
3733 1055 3800 1110 σὰ

2162 1143 2455 1210 κατέστησε
2522 1142 2740 1224 δάκρυα,
2816 1142 2913 1201 is:
2971 1146 3056 1201 καὶ
3114 1158 3386 1219 ποταμοῖς
3444 1143 3799 1223 ἀποῤῥέοντα,

2162 1239 2337 1290 Ταῦτα
2383 1234 2544 1292 εἰπὼν
2577 1234 2868 1313 ἒγχειρίζει
2911 1234 2973 1291 τὸ
3015 1247 3389 1313 γραμματεῖον
3429 1236 3563 1311 αῦτῇ
3618 1234 3805 1312 ὥσπερ

2160 1325 2225 1390 ἦν
2268 1321 2356 1378 ὑπ’
2405 1322 2611 1390 ἐκείνης
2657 1322 3077 1403 ἐσφραγισμένων
3103 1342 3118 1358 ο
3155 1327 3299 1396 εἶτα,
3356 1323 3801 1401 Ἐπιγινώσκεις,

2161 1411 2341 1486 εἶπεν,
2378 1414 2423 1467 ὦ
2466 1413 2639 1490 γύναι,
2692 1411 2841 1468 τουτί
2873 1431 2888 1492 ;
2945 1411 3086 1469 Λάϐε
3124 1422 3426 1495 τοιγαροῦν,
3462 1414 3553 1470 καὶ
3595 1410 3802 1469 λύσασα

2162 1506 2295 1556 Θεοῦ
2349 1501 2443 1558 θέα
2499 1500 2628 1580 ἔργα
2679 1498 2972 1579 παράδοξα,
3051 1508 3388 1559 Διαναστᾶσα
3448 1509 3576 1579 γοῦν
3620 1500 3800 1566 ἐκείνη

2162 1589 2247 1645 καὶ
2300 1588 2651 1664 ἀνανήψασα,
2724 1591 2847 1654 τοὺς
2888 1590 2986 1665 μὲν
3032 1592 3212 1668 ἁγίους
3271 1588 3606 1653 εἰσελθόντας
3650 1590 3801 1652 αὖθις

2159 1679 2233 1740 εἰς
2257 1679 2358 1744 τὴν
2387 1680 2557 1735 αὐτῶν
2585 1680 2757 1748 θήκην
2794 1682 2887 1757 ὁρᾷ
2921 1698 2936 1713 ⁸
2966 1682 3030 1737 τὸ
3073 1678 3128 1736 δὲ
3174 1692 3545 1758 γραμματεῖον
3573 1679 3631 1734 ἂν
3661 1698 3803 1758 χερ-

433 1770 681 1848 quidem
715 1789 850 1833 cum
875 1770 1433 1851 solvisset,priorem
1457 1769 1700 1847 quidem
1724 1775 2067 1849 scripturam

2162 1768 2241 1823 σὶν
2285 1766 2487 1846 ἔχουσα
2530 1771 2629 1833 τῆς
2671 1766 2965 1847 σφραγῖδος
3012 1769 3245 1834 ἀπαθοῦς
3276 1769 3564 1844 μενούσης.
3625 1766 3805 1845 θοπερ

434 1859 662 1923 invenit
688 1860 1235 1942 deletam,alienam
1260 1869 1454 1922 autem
1479 1855 1641 1920 videt
1659 1859 1911 1939 positam
1933 1857 2075 1920 sub-

430 1950 846 2032 scriptionem,
884 1968 1016 2033 quae
1045 1949 1133 2012 sic
1165 1948 1423 2011 habebat
1455 1967 1470 2011 :
1498 1950 1750 2028 Propter
1778 1946 2071 2011 Joannem

431 2056 671 2103 servum
706 2058 903 2102 meum
935 2039 1196 2102 deletum
1226 2046 1316 2101 est
1348 2044 1510 2100 tuum
1544 2055 1821 2116 maguum
1854 2054 2072 2118 pecca-

433 2137 586 2195 tum.
612 2128 950 2192 Declarabit
981 2136 1180 2191 autem
1212 2127 1271 2189 id
1306 2145 1563 2208 quoque,
1593 2128 1750 2208 quod
1786 2126 1862 2189 de
1883 2144 1954 2190 eo
1978 2125 2072 2188 di—

429 2219 688 2281 cendum
721 2230 836 2291 est,
872 2225 1089 2299 quanta
1120 2226 1279 2280 esset
1308 2216 1416 2279 viri
1450 2218 1654 2294 virtus,
1681 2227 1744 2278 et:
1785 2223 2068 2293 quantam

430 2304 864 2371 beatitudinem
897 2327 967 2370 ex
997 2325 1069 2371 ea
1101 2305 1176 2368 sit
1210 2312 1543 2370 assecutus.

460 2448 463 2451 ι
510 2394 758 2461 LXXIX.
785 2396 931 2461 Nam
952 2397 1040 2459 vir
1071 2396 1594 2478 quidam,nomine
1624 2394 2067 2472 Sabinus,tem-

428 2498 711 2568 peranter
732 2487 1058 2549 admodum
1079 2495 1136 2549 et
1152 2505 1186 2548 e
1211 2486 1425 2550 virtute
1440 2487 2066 2562 vivens,monasticam

429 2586 491 2639 et
510 2594 546 2637 a
562 2576 816 2655 negotiis
834 2585 1124 2639 remotam
1151 2576 1324 2638 vitam
1351 2594 1642 2639 exercens
1660 2574 2063 2652 Alexandriae,

426 2666 576 2729 hora
595 2683 715 2747 qua
752 2666 958 2730 beatus
981 2666 1240 2729 decessit
1271 2667 1559 2747 Joannes,
1603 2666 1853 2744 putabat
1874 2666 2066 2727 exsis-

429 2768 562 2817 tens
593 2757 654 2817 in
686 2764 900 2820 ecstast
933 2773 1000 2818 se
1029 2774 1163 2817 eum
1199 2755 1403 2818 videre
1424 2773 1733 2832 egressum
1755 2772 1824 2817 ex
1844 2754 2070 2834 episco-

426 2852 564 2925 patu
623 2864 761 2908 cum
815 2846 1103 2907 universo
1154 2845 1338 2919 clero,
1400 2845 1715 2906 habentem
1768 2843 1828 2903 in
1885 2860 2065 2904 manu

423 2934 787 3014 lampadem,
823 2944 883 2995 et
910 2934 1027 2996 iter
1082 2934 1157 2995 ad
1206 2952 1408 3013 regem
1442 2933 1904 3012 ingredientem,
1938 2931 2065 2993 viro

424 3025 683 3104 quodam
714 3023 1226 3104 splendidissimo,
1264 3024 1467 3086 habitu
1502 3021 1893 3095 cubiculario,
1930 3039 2063 3083 eum

2157 1854 2222 1923 δὴ
2282 1854 2487 1913 λύσασα
2529 1858 2629 1924 τὴν
2697 1858 2797 1932 μὲν
2854 1859 3113 1938 προτέραν
3170 1857 3629 1935 ἆπαληλιμμένην
3684 1856 3803 1936 εὗρε

2156 1945 2386 2024 γραφὴν,
2436 1945 2587 2013 Ξένην
2645 1945 2699 2002 δὲ
2765 1948 3085 2029 ὑπογραφὴν
3147 1948 3405 2024 κειμένην
3471 1948 3565 2025 ὃρᾳ
3629 1945 3802 2027 ἔχου..

2155 2057 2255 2091 σαν
2287 2034 2455 2100 οὕτως
2488 2055 2503 2071 ο
2545 2037 2643 2094 Διὰ
2701 2034 2955 2104 Ἰωάννην
2985 2041 3078 2095 τὸν
3123 2035 3308 2096 δοῦλόν
3340 2055 3440 2114 μου
3485 2036 3806 2108 ἑξήλειπταί

2156 2145 2252 2182 σου
2293 2125 2353 2180 τὸ
2395 2124 2536 2204 μέγα
2579 2125 2897 2202 ἁμάρτημα.
2936 2127 3185 2195 Δηλώσει
3231 2125 3286 2183 δί
3329 2129 3418 2183 καὶ
3447 2128 3510 2183 τὸ
3538 2125 3628 2183 ἔπ’
3658 2129 3805 2199 αὑτῷ

2155 2212 2585 2295 λεχθησόμενον,
2649 2212 2751 2282 ὅση
2804 2238 2860 2272 τε
2913 2216 3066 2284 ἢτοῦ
3093 2214 3276 2295 ἀνδρὸς
3306 2216 3491 2295 ἁρετὴ,
3538 2217 3627 2273 καὶ
3673 2215 3803 2280 οἵας

2154 2302 2315 2383 ἔτυχε
2346 2308 2444 2370 τῆς
2475 2303 2682 2361 ἐκεῖθεν
2712 2304 3143 2384 μακαριότητος.

2234 2392 2361 2452 ΟΘ’.
2420 2393 2585 2471 Ἀνὴρ
2626 2394 2727 2472 γάρ
2783 2417 2865 2458 τις
2919 2395 3151 2470 τοῦνομα
3201 2392 3459 2469 Σαϐῖνος,
3524 2393 3803 2473 ὶγκρατῶς

2152 2479 2232 2537 ὅτι
2288 2480 2523 2556 μάλιστα
2580 2488 2688 2552 ζῶν
2745 2485 2834 2539 καὶ
2875 2483 3203 2564 φιλαρέτως,
3247 2486 3340 2541 τὸν
3381 2483 3677 2550 ἀσκητικὸν
3709 2484 3804 2541 καὶ

2152 2571 2471 2649 ἀπράγμονα
2516 2573 2713 2645 μετιὼν
2773 2572 2828 2628 ἐν
2888 2572 3265 2656 ’Δλεξανδρείᾳ
3315 2575 3451 2650 βίον,
3514 2573 3652 2629 κατὰ
3693 2573 3801 2641 τὴν

2149 2659 2290 2738 ὥραν
2347 2666 2444 2727 τῆς
2502 2668 2594 2717 τοῦ
2636 2662 2876 2736 μάκαρος
2939 2661 3215 2745 τελευτῆς,
3275 2667 3401 2741 ὁρᾷν
3458 2661 3617 2718 αὒτὸν
3656 2664 3800 2737 ᾣετο

2150 2748 2205 2804 ἐν
2269 2748 2515 2806 ἐκστάσει
2586 2752 2897 2826 γενόμενος,
2977 2760 3073 2809 τοῦ
3127 2752 3471 2811 ἐπισκοπείου
3522 2753 3615 2807 σὺν
3679 2751 3799 2826 ἅμα

2148 2836 2333 2917 κλήρῳ
2389 2838 2553 2895 παντὶ
2612 2838 2908 2915 ἐξελθόντα,
2957 2840 3212 2917 λαμπάδα
3283 2863 3350 2903 τε,
3396 2840 3532 2917 μετὰ
3591 2854 3799 2921 χεῖρας

2148 2925 2370 3007 ἔχοντα,
2405 2930 2491 2985 καὶ
2518 2930 2617 2996 τὴν
2648 2928 2876 3002 πορείαν
2907 2933 2982 2995 ὡς
3013 2934 3106 2989 τὸν
3157 2932 3380 3009 βασιλέα
3435 2931 3800 3009 ποιούμενον,

2149 3014 2336 3092 ἀνδρὸς
2367 3016 2522 3073 αὐτὸν
2568 3017 2947 3094 λαμπροτάτου
3006 3023 3145 3078 κατὰ
3190 3026 3385 3101 σχῆμα
3436 3017 3801 3077 κουϐικουλα-

424 3119 810 3200 accersente;
869 3124 927 3173 et
977 3113 1177 3192 puella
1205 3112 1460 3192 quadam
1497 3110 1969 3193 speciosissima,
2002 3116 2067 3172 ut

2155 3106 2260 3183 ρίου
2314 3105 2843 3189 μετακαλεσαμένου,
2910 3110 3074 3186 κόρης
3137 3112 3193 3167 τὲ
3264 3132 3407 3175 τινος
3453 3106 3650 3187 σφόδρα
3695 3109 3800 3178 τὴν

427 3199 657 3263 diceret
683 3200 862 3263 etiam
898 3201 1089 3281 ipsum
1120 3202 1311 3263 solem
1368 3208 1418 3263 ei
1468 3201 1690 3282 primas
1741 3209 1938 3281 partes
1969 3218 2067 3263 ce-

424 3290 568 3353 dere
597 3290 659 3351 in
690 3290 1158 3371 pulchritudine,
1198 3290 1296 3352 cui
1327 3298 1455 3352 erat
1486 3300 1664 3371 caput
1707 3290 1855 3352 olere
1883 3307 2063 3350 coro-

423 3398 501 3441 na
555 3380 927 3454 redimitum,
962 3387 1023 3442 et
1079 3380 1403 3459 aliquando
1450 3381 1693 3460 quidem
1730 3397 1868 3441 eum
1903 3396 2065 3458 prae-

422 3469 696 3545 cedente,
729 3468 1054 3550 aliquando
1109 3481 1304 3532 autem
1358 3487 1602 3531 manum
1657 3486 1895 3550 quoque
1931 3486 2063 3529 tan-

420 3566 622 3636 gente,
654 3559 829 3621 simul
860 3558 1202 3621 incedente.
1255 3561 1400 3623 Cum
1453 3567 1650 3621 autem
1683 3559 1842 3619 diem
1869 3557 2061 3619 adno-

421 3655 607 3710 tasset
634 3648 709 3731 is,
763 3649 863 3730 qui
922 3649 1146 3711 viderat
1195 3648 1348 3729 (erat
1384 3667 1522 3712 vero
1557 3648 1848 3711 memoria
1876 3648 2064 3712 Menas

420 3737 620 3818 magni
653 3739 978 3819 martyris),
1015 3747 1157 3800 tunc
1188 3750 1387 3801 autem
1416 3739 1722 3800 venissent
1752 3738 1996 3818 quidam
2029 3756 2064 3799 e

420 3825 636 3908 Cypro,
671 3827 745 3890 ab
777 3829 925 3909 ipsis
981 3828 1238 3910 accepit,
1289 3829 1449 3909 quod
1482 3829 1585 3890 illo
1622 3828 1755 3909 ipso
1788 3828 1909 3904 die,
1945 3845 2060 3908 quo

419 3918 547 3979 haac
578 3918 704 3980 visa
733 3926 896 4000 sunt,
950 3918 1208 4000 inclytus
1256 3921 1521 3982 Joannes
1553 3917 1816 3981 excessit
1847 3934 1916 3979 ex
1948 3917 2062 3979 hoc

416 4007 666 4071 mundo.

502 4094 732 4159 LXXX.
755 4094 856 4158 Vir
877 4095 1117 4178 quidam
1139 4098 1293 4160 alius
1313 4096 1781 4179 Alexandrinus,
1808 4098 1910 4179 qui
1934 4106 2060 4161 erat

422 4187 554 4268 ipse
572 4204 813 4266 quoque
855 4204 924 4249 ex
946 4187 1153 4269 iis,qui
1178 4197 1315 4249 sunt
1338 4189 1554 4269 pietate
1593 4188 1883 4269 insignes,
1918 4189 2064 4251 vidit

421 4294 493 4338 ea
518 4275 651 4357 ipsa
680 4285 853 4339 nocte
884 4295 1134 4340 examen
1166 4296 1493 4361 pauperum
1527 4287 1585 4340 et
1616 4279 2057 4341 multitudinem

420 4367 1391 4450 orphanorumetviduarumquaa
1410 4387 1663 4432 numero
1686 4387 1807 4431 non
1832 4376 2064 4449 poterat

421 4456 1204 4538 comprehendi,habentem
1240 4464 1300 4520 in
1333 4459 1612 4521 manibus
1641 4476 1841 4522 ramos
1871 4458 2059 4520 oliva-

422 4555 649 4626 rum,et
678 4548 1115 4628 praecedentem
1147 4548 1546 4629 patriarcham
1571 4556 1814 4611 euntem
1847 4548 1921 4611 ad
1954 4565 2058 4629 sy-

423 4636 650 4700 naxim.
682 4637 999 4701 Sufﬁciunt
1025 4639 1151 4700 hinc
1181 4639 1523 4701 testimonia
1555 4642 1832 4702 maxima!
1862 4638 2060 4718 magni

419 4724 669 4789 Joannis
696 4727 771 4790 ad
803 4726 988 4791 Deum
1020 4727 1266 4792 ﬁducia.
1299 4727 1467 4801 Quod
1519 4738 1717 4792 autem
1751 4738 1842 4792 est
1871 4728 2059 4791 maxi-

420 4834 613 4893 mum,
642 4826 702 4879 et
747 4825 913 4881 caret
941 4817 1108 4880 omni
1141 4817 1520 4881 dubitatione
1553 4839 1566 4882 :
1600 4818 2063 4882 celebrabantur

418 4906 826 4970 anniversaria
859 4911 1051 4987 magni
1083 4918 1142 4971 et
1170 4908 1613 4970 admirabilium
1638 4925 1886 4989 operum
1921 4907 2062 4970 etl‘e-

418 4998 604 5060 ctoris
626 4996 958 5078 Tychonis:
984 4998 1208 5061 deinde
1231 5017 1365 5060 cum
1393 5006 1779 5081 perageretur
1799 4998 1875 5059 de
1896 5014 2060 5059 more

420 5088 765 5168 bymnodia,
791 5096 851 5152 et
878 5089 1059 5152 simul
1083 5096 1243 5153 esset
1263 5096 1617 5169 congregata
1634 5087 1836 5170 pupuli
1860 5086 2062 5149 multi-

421 5178 758 5255 tudo,Deus
773 5178 1459 5256 admirabilium,volens
1479 5188 1752 5260 apertum
1778 5175 2058 5252 reddere,

419 5277 703 5349 quantam
736 5269 914 5332 fuerit
953 5268 1109 5350 apud
1141 5286 1279 5330 eum
1311 5270 1563 5350 gloriam
1594 5276 1954 5331 consecutus
1983 5268 2057 5348 is,

427 5359 529 5440 qui
560 5358 753 5423 fuerat
782 5360 914 5439 ejus
943 5357 1553 5439 benignitatis,quoad
1587 5358 1718 5439 ejus
1739 5357 1869 5420 ﬁeri
1895 5365 2062 5439 pote-

429 5454 547 5522 rat,
581 5448 913 5527 aemulator,
958 5446 1240 5525 Joannes,
1295 5448 1561 5530 inquam,
1595 5447 1697 5529 qui
1729 5464 2062 5528 cognomen

421 5538 666 5619 accepit
695 5555 733 5600 ε
758 5536 1201 5617 misericordia;
1230 5578 1231 5581 η
1257 5536 1443 5602 voluit
1469 5546 1537 5601 ut
1563 5554 1633 5601 ex
1685 5539 1814 5617 ejus
1843 5536 2064 5601 divinis

424 5627 706 5710 reliquiis
730 5628 973 5712 cepiosa
993 5636 1355 5692 scaturirent
1376 5634 1698 5710 unguenta,
1730 5625 2063 5693 emittentil

2150 3194 2292 3273 ὥραν
2350 3194 2728 3271 περικαλλοῦς,
2761 3200 2834 3261 ὡς
2875 3201 2963 3256 καὶ
2996 3200 3153 3256 αὑτὸν
3185 3200 3344 3278 φάναι
3376 3200 3468 3256 τὸν
3501 3198 3657 3267 ἥλιον
3687 3203 3798 3256 τῶν

2148 3285 2424 3362 πρωτείων
2511 3288 2646 3361 αὒτῇ
2727 3295 2821 3344 τοῦ
2881 3287 3110 3353 κάλλους
3172 3302 3549 3369 παραχωρεῖν,
3613 3287 3798 3352 ἐλαίας

2149 3375 2391 3454 στεφάνῳ
2433 3374 2530 3442 τὴν
2596 3375 2837 3456 κεφαλὴν
2893 3378 3259 3459 ἐστεμμένης,
3319 3378 3415 3435 καΐ
3488 3378 3618 3436 ποτέ
3691 3379 3797 3453 μὲν

2146 3462 2535 3542 προοδευούσης
2580 3468 2764 3541 αὐτοῦ,
2811 3468 2940 3524 ποτὲ
2980 3465 3036 3525 δὲ
3081 3470 3168 3525 καί
3211 3473 3310 3537 τῆς
3370 3469 3558 3548 χειρὸς
3615 3468 3795 3526 ἀπτο-

2146 3552 2313 3628 μένης
2365 3557 2454 3611 καὶ
2497 3576 2996 3633 συμπορευομενης.
3058 3558 3168 3625 Τὴν
3226 3559 3431 3633 ἡμέραν
3493 3557 3582 3613 οὖν
3612 3559 3639 3613 ὁ
3681 3557 3795 3613 ιω-

2146 3644 2321 3721 ρακὼς
2365 3642 2846 3719 ἐπισημηνάμενος
2908 3643 2965 3725 (ἡ
3011 3647 3204 3723 μνήμη
3260 3645 3315 3703 δὲ
3366 3647 3431 3714 ἦν
3485 3652 3643 3712 Μηνᾶ
3698 3652 3795 3703 τοῦ

2146 3731 2672 3813 μεγαλομάρτυρος),
2720 3736 2834 3792 tua!
2886 3757 3028 3800 τινες
3089 3737 3284 3814 ἔτυχον
3337 3738 3457 3794 τότε
3516 3742 3613 3803 τῆς
3679 3737 3792 3794 Κύ-

2146 3844 2281 3900 πρου
2323 3822 2667 3894 ἐληλυθότες,
2712 3823 2904 3899 ἔμαθεν
2960 3826 3088 3904 παρ’
3143 3825 3318 3883 αὐτῶν
3368 3828 3441 3892 ὡς
3471 3823 3588 3882 κατ’
3622 3824 3791 3892 αῦτην

2144 3910 2354 3980 ἐκείνην
2385 3913 2486 3981 τὴν
2516 3914 2748 3989 ἡμέραν,
2786 3913 2874 3971 ὅτε
2901 3923 3068 3972 ταῦτα
3120 3917 3323 3992 ὼράθη,
3375 3917 3465 3973 καὶ
3504 3917 3597 3973 τὸν
3625 3911 3793 3971 ἀοίδι-

2145 4024 2246 4078 μον
2279 4001 2532 4070 Ἰωάννην
2562 4002 2795 4080 ἔκδημον
2822 4004 3063 4083 γενέσθαι
3094 4011 3199 4062 τῶν
3230 4004 3555 4083 ἐγκοσμίων.

2227 4091 2315 4153 [Γ.
2348 4091 2568 4171 ’Έτερός
2628 4115 2707 4158 τις
2757 4093 2892 4173 ἀνὴρ
2937 4092 3336 4174 Ἀλεξανδρεὺς,
3373 4098 3460 4152 καὶ
3492 4095 3651 4160 αὐτὸς
3680 4094 3791 4155 τῶν

2145 4180 2232 4240 ἐπ’
2309 4179 2546 4255 εὐσεϐείᾳ
2613 4180 2971 4264 περιϐοήτων,
3060 4185 3201 4263 ἐώρα
3257 4186 3396 4244 κατὰ
3452 4184 3552 4251 τὴν
3617 4183 3790 4249 αὐτὴν

2144 4270 2304 4328 νύκτα
2382 4276 2586 4343 σμῆνος
2648 4274 2921 4352 πενήτων,
2994 4273 3197 4341 πλῆθός
3254 4295 3312 4332 τε
3383 4272 3629 4353 ὀρφανῶν
3686 4271 3788 4329 καί

2146 4365 2336 4440 χηρῶν
2393 4358 2510 4418 οῦδὲ
2561 4360 2767 4438 ἀριθμῷ
2799 4359 3230 4443 λαμϐανόμενον,
3265 4360 3490 4427 κλάδους
3536 4361 3591 4418 ἐν
3651 4382 3792 4442 χερ-

2145 4452 2225 4507 σὶν
2283 4449 2509 4530 ἔχοντας
2566 4450 2781 4524 ἐλαιῶν,
2847 4455 2937 4508 καὶ
2994 4454 3087 4510 τοῦ
3128 4457 3467 4533 πατριάρχου
3516 4452 3646 4531 πρὸς
3688 4452 3791 4517 τὴν

2144 4538 2351 4606 σύναξιν
2423 4538 2681 4604 ἀπιόντος
2754 4538 2910 4608 δῆθεν
2993 4544 3181 4607 αὐτοὺς
3261 4541 3787 4621 προπορευομένοδς.

2146 4621 2322 4687 Ἰειανὰ
2365 4636 2531 4686 ταῦτα
2573 4631 2831 4709 μαρτύρια
2902 4636 3002 4699 τῆς
3062 4632 3325 4711 μεγίστης
3400 4639 3493 4689 τοῦ
3550 4632 3789 4711 μεγάλου

2143 4720 2273 4798 πρὸς
2314 4720 2445 4776 Θεὸν
2487 4718 2805 4799 παρρησίας.
2854 4722 2930 4778 Τὸ
2988 4720 3043 4778 δέ
3096 4743 3157 4801 γε
3211 4722 3400 4798 μεῖζον
3432 4722 3520 4778 καὶ
3549 4721 3787 4800 ἀναμφίο

2145 4806 2326 4886 ϐολον,
2395 4812 2654 4890 παννυχὶς
2699 4809 2939 4868 ἐτελεῖτο
2981 4809 3201 4888 λαμπρὰ
3244 4817 3343 4880 τῆς
3395 4808 3600 4876 διετοῦς
3637 4810 3807 4888 μνήι

2146 4920 2253 4975 μης
2309 4898 2404 4958 τοῦ
2447 4899 2683 4979 μεγάλου
2732 4902 2820 4956 καὶ
2870 4903 3272 4981 θαυματουργοῦ
3304 4904 3558 4981 Τύχωνος
3595 4919 3610 4935 ο
3660 4900 3789 4957 εἶτα

2147 4987 2239 5054 τῆς
2285 4986 2336 5053 ἐξ
2392 4987 2538 5052 ἔθους
2593 4987 3011 5066 ἐπιτελουμένης
3070 4989 3333 5066 δμνῳδίας
3406 4991 3500 5047 καί
3543 4988 3642 5058 τῆς
3698 4989 3792 5046 τοῦ

2149 5077 2276 5133 λαοῦ
2325 5075 2555 5143 πληθύος
2601 5076 2686 5134 ἐπὶ
2742 5080 2805 5135 τὸ
2849 5079 2979 5138 «tua
3034 5078 3404 5156 συνηγμένης,
3449 5079 3478 5134 ὁ
3511 5084 3619 5134 τῶν
3655 5080 3787 5134 θαυ-

2146 5165 2353 5242 μασίων
2385 5169 2514 5232 Θεὸς
2546 5166 2797 5235 ἐπίδηλον
2839 5168 3017 5227 θέσθαι
3076 5167 3422 5249 βουλόμενος,
3471 5166 3594 5232 οἵας
3630 5166 3791 5248 ἔτυχε

2144 5257 2243 5323 τῆς
2305 5254 2430 5335 παρ’
2487 5257 2648 5317 αὐτοῦ
2709 5256 2866 5326 δόξης
2918 5261 2946 5314 ὁ
3001 5264 3097 5327 τῆς
3160 5259 3321 5318 αὐτοῦ
3396 5256 3791 5337 φιλανθρωπίας

2148 5345 2284 5403 κατά
2343 5367 2406 5425 γε
2454 5348 2515 5404 τὸ
2565 5345 2784 5405 δυνατὸν
2832 5346 3108 5424 ζηλωτὴς,
3166 5351 3194 5406 ὁ
3236 5356 3327 5407 τοῦ
3388 5348 3590 5420 ἐλέους,
3622 5348 3786 5427 φημὶ,

2154 5435 2431 5512 ἐπώνυμος
2482 5433 2758 5517 Ἰωάννης,
2818 5435 3075 5505 εὐδόκησε
3118 5438 3212 5496 τοῦ
3267 5440 3407 5496 θείου
3458 5439 3621 5496 αὐτοῦ
3674 5436 3799 5494 λιι-ε

2151 5526 2320 5604 ψάνου
2394 5525 2530 5605 μύρα
2585 5524 2787 5604 δαψιλῆ
2844 5525 3059 5604 βλύσαι,
3120 5526 3336 5593 εῦωδίαν
3394 5528 3587 5597 {deum
3640 5527 3791 5601 tino—ﬂ,

2155 5616 2437 5696 πέμποντα
2472 5633 2486 5649 ⁸
2550 5620 2625 5677 ὧν
2680 5621 2727 5677 οἱ
2786 5617 3205 5699 παρατυχόντες
3262 5619 3797 5703 κατατρυφήσαντεεέ
