4032 6202
271 363 389 436 965
1619 367 1803 436 VITA
1849 369 1911 433 S.
1957 366 2295 433 BABYL/E.
3525 363 3642 434 966

268 511 430 581 κοινῇ
509 506 602 561 τὸν
665 505 796 560 Θεὸν
855 505 946 560 τὸν
991 501 1131 560 οὕτω
1199 503 1315 568 τοὺς
1389 501 1700 574 δοξάζοντας
1760 505 1854 561 αὐτ

2051 503 2438 576 iaveolentem
2462 501 2708 563 odorem
2746 502 3144 564 curationum.
3175 500 3408 575 Quibus
3436 501 3643 563 fruen-

270 594 456 670 πολλῷ
501 600 578 667 τῷ
635 593 838 651 πλείονι
922 592 1204 663 δοξάζοντα
1265 593 1602 672 εὖψαρίστοις
1664 591 1862 658 Eddius:

2060 612 2112 652 in
2144 593 2245 672 qui
2276 593 2335 653 in
2367 609 2438 654 ea
2467 589 2822 664 inciderant,
2858 592 3260 653 communiter
3293 593 3506 664 Deum,
3543 590 3645 670 qui

273 683 536 764 χείλεσιν,
571 679 635 764 ᾯ
699 683 792 740 καί
828 685 964 758 ἡμᾶς
993 682 1090 750 τὴν
1135 684 1508 760 προσήκουσαν
1571 683 1865 760 προσοιστὲε

2053 701 2080 740 c
2106 702 2206 744 eos
2237 683 2337 761 qui
2369 682 2561 761 ipsum
2597 680 2933 756 gloriﬁcant
2964 681 3143 760 longe
3175 681 3429 759 amplius
3460 680 3645 759 glori-

269 775 636 853 sbxzpiatizv,
671 770 982 843 δοξάζοντας
1031 771 1260 848 Πατέρα,
1306 775 1384 830 καὶ
1441 774 1584 845 Υἱὸν,
1639 775 1727 828 καὶ
1759 772 1861 849 ἅγιε

2053 780 2152 852 :at,
2187 772 2370 850 gratis
2422 770 2605 832 labris
2637 770 3068 849 gloriﬁcarunt.
3108 770 3216 832 Cui
3268 789 3376 830 nos
3407 788 3645 850 quoque

270 869 509 938 Πνεῦμα,
557 864 654 929 τὴν
685 863 808 936 μίαν
842 862 895 917 ἓν
921 863 1054 940 τρισὶ
1088 861 1315 929 ϐεότητι
1344 885 1397 918 τε
1431 864 1517 917 καὶ
1547 860 1786 941 δύναμιν,
1823 873 1862 919 vi

2049 871 2229 939 portet
2253 879 2426 940 quam
2453 861 2729 920 convenit
2761 860 2976 921 offerre
2998 860 3494 936 gloriﬁcatiouem
3514 859 3641 938 glo-

267 953 355 1008 καὶ
388 951 468 1008 ἀεὶ
499 955 590 1008 καὶ
629 952 702 1015 εἷς
724 951 846 1014 τοὺς
879 953 1070 1014 αἰῶνας
1103 959 1211 1008 τῶν
1241 953 1470 1011 αἰώνων.
1504 950 1703 1026 Ἀμήν,

2055 951 2299 1012 ficantes
2324 952 2583 1024 Patrem,
2614 957 2670 1010 et
2699 948 2942 1025 Filium,
2965 960 3024 1010 et
3056 948 3341 1030 Spiritum
3374 957 3640 1010 sanctum

1993 1059 2171 1102 unam
2208 1040 2268 1101 in
2294 1039 2487 1101 tribus
2521 1039 2889 1100 divinitatem
2932 1047 2990 1102 et
3015 1041 3361 1118 potentiam,
3397 1057 3556 1101 nunc
3585 1048 3645 1100 et

1993 1149 2233 1212 semper
2264 1139 2322 1191 et
2353 1131 2411 1190 in
2444 1129 2661 1191 szecula
2685 1130 3064 1190 saeculorum.
3103 1131 3318 1192 Amen.

269 1323 1368 1354 πε

1233 1477 1413 1585 DE
1508 1477 2048 1587 SANCTO
2145 1479 2679 1586 BABYLA

1504 1694 1857 1793 EPISCOPO
1910 1727 2400 1794 ANTIOCHENO

703 1908 797 1970 ET
842 1907 1180 1985 URBANO,
1231 1907 1697 1989 PRILIDIANO,
1743 1906 2144 1985 EPOLONIO,
2195 1905 2483 1981 PUERIS,
2535 1903 2709 1969 EJUS
2763 1904 3193 1968 DlSClPULlS.

1001 2086 1222 2157 (Seculo
1251 2099 1334 2151 ut,
1377 2087 1602 2143 Januarii
1630 2087 1702 2142 24
1758 2087 1892 2144 Acta
1936 2084 2017 2141 SS
2075 2086 2326 2144 Bolland.
2358 2087 2417 2141 ad
2459 2086 2592 2141 hanc
2623 2084 2753 2142 diem
2798 2087 2891 2158 (a).

317 2430 788 2498 Celeberrimum
824 2435 886 2502 S.
922 2435 1154 2516 Babylze
1187 2435 1452 2517 episcopi
1491 2453 1734 2510 nomen,
1761 2435 2091 2514 prasertim
2117 2443 2246 2517 post
2269 2436 2687 2516 triumphatam
2711 2435 3008 2515 Apostata:
3033 2438 3253 2500 Juliani
3276 2438 3640 2519 impietatem

256 2517 670 2602 indictumque
698 2525 1072 2606 Daphniticis
1105 2525 1364 2590 oraculis
1392 2524 1719 2585 silentium.
1750 2523 2008 2586 Diversis
2039 2523 2279 2598 diebus,
2307 2534 2368 2586 ut
2404 2525 2621 2606 passim
2653 2526 2994 2598 multorum,
3025 2517 3471 2606 ascriptum‘est
3497 2528 3640 2590 Fas-

257 2613 332 2672 tis
367 2631 381 2675 :
417 2611 639 2676 Graecis
663 2615 857 2695 pridie
885 2614 1084 2677 Nonas
1113 2613 1510 2696 Septembris,
1540 2614 1829 2677 Romanis
1851 2633 1906 2676 ix
1937 2615 2066 2678 Kal.
2100 2612 2432 2676 Februarii.
2463 2615 2552 2676 An
2576 2615 2725 2676 alter
2756 2617 3068 2694 martyrio,
3101 2618 3468 2678 translationi
3490 2617 3643 2678 alter

258 2699 489 2762 dicatus
538 2704 630 2775 sit,
664 2705 884 2782 ambigi
940 2714 1184 2785 potest:
1221 2713 1322 2767 aut
1372 2703 1571 2766 duone
1604 2704 1826 2766 fuerint
1855 2704 2088 2784 Babylaa
2140 2705 2451 2766 antistites.
2495 2704 2645 2776 Quid
2682 2713 2934 2784 utroque
2984 2706 3081 2766 die
3117 2706 3523 2788 Martyrologia
3567 2706 3642 2767 de

252 2789 469 2872 Babyla
502 2793 848 2872 praedicent,
884 2814 1060 2875 quem
1123 2793 1449 2876 Babyllam
1484 2811 1747 2874 quoque,
1788 2795 2140 2874 Babyllum,
2178 2794 2489 2866 Babilam,
2528 2805 2584 2856 et
2620 2794 2925 2856 Bubilium
2981 2796 3307 2878 appellant,
3346 2796 3637 2860 dicamus.

251 2878 436 2944 Vetus
466 2879 800 2946 Romanum
835 2903 866 2946 a
894 2883 1227 2965 Rosweydo
1261 2884 1484 2945 editum
1525 2905 1537 2946 :
1579 2908 1604 2936 α
1639 2883 1970 2945 Antiochiae
2005 2883 2065 2948 S.
2123 2882 2357 2962 Babylzc
2389 2884 2671 2965 episcopi.
2704 2906 2732 2941 ι
2771 2885 2878 2946 Ms.
2918 2883 2978 2946 S.
3008 2882 3354 2966 Hieronymi
3393 2905 3406 2949 :
3448 2907 3474 2944 ι
3508 2887 3636 2948 An-

251 2970 498 3034 tiochiae
527 2971 748 3034 Babilai
790 2973 1056 3055 episcopi
1089 2991 1224 3035 cum
1279 2974 1470 3035 tribus
1499 2972 1785 3054 parvulis.
1825 2997 1845 3026 ι
1906 2973 2080 3035 Paria
2117 2972 2177 3033 in
2211 2973 2414 3033 multis
2447 2975 2679 3036 excusis
2708 2991 2773 3034 ac
2828 2991 3003 3034 manu
3038 2976 3295 3036 exaratis
3343 2973 3638 3054 leguntur.

256 3058 561 3122 Usuardus
594 3079 608 3124 :
648 3083 675 3122 ί
715 3061 887 3142 Apud
919 3062 1300 3125 Antiochiam
1335 3063 1546 3124 natalis
1578 3061 1640 3126 S.
1677 3061 1910 3142 Babylaa
1946 3062 2236 3142 episcOpi,
2273 3062 2373 3141 qui
2409 3063 2824 3138 persecutione
2879 3063 3064 3134 Decii,
3103 3071 3483 3144 posteaquam
3516 3064 3642 3126 fre-

251 3159 507 3230 quenter
537 3151 912 3231 passionibus
943 3152 1068 3214 suis
1118 3171 1190 3214 ac
1220 3151 1586 3214 cruciatibus
1617 3152 2052 3230 glorificaverat
2116 3153 2456 3225 Dominum,
2496 3152 2764 3229 gloriosae
2795 3152 2930 3212 vitae
2957 3152 3135 3213 ﬁnem
3171 3161 3258 3214 est
3287 3153 3536 3215 sortitus
3578 3153 3640 3214 in

248 3239 524 3301 vinculis.
584 3241 952 3304 Referuntur
981 3242 1157 3305 etiam
1195 3243 1350 3322 passi
1405 3261 1538 3304 cum
1575 3261 1645 3304 eo
1678 3252 1798 3303 tres
1858 3240 2111 3322 parvuli,
2147 3242 2202 3301 ivl
2260 3255 2375 3313 est,
2412 3239 2708 3316 Urbanus,
2745 3241 3080 3304 Prilidanus
3110 3253 3166 3303 et
3222 3242 3569 3323 Epolonius.
3609 3263 3637 3302 ii

251 3329 483 3392 Eadem
522 3330 648 3392 fere
678 3333 1158 3412 Martyrologium
1192 3331 1548 3396 Romanum.
1587 3331 1876 3406 Bellinus,
1904 3330 2073 3392 Viola
2096 3332 2200 3393 SS.
2237 3330 2357 3392 MS.
2391 3330 2677 3404 Florium,
2707 3331 2983 3394 Cenisius
3013 3332 3251 3412 aliique,
3288 3333 3442 3404 Atio,
3482 3333 3640 3395 Beda

249 3420 542 3497 vulgatus,
574 3420 841 3482 Molanus
872 3421 932 3481 in
964 3422 1151 3483 addit.
1177 3420 1248 3482 ad
1279 3419 1639 3496 Usuardum,
1676 3421 1746 3481 ad
1783 3421 2038 3499 elogium
2073 3439 2141 3480 ex
2171 3419 2440 3482 Usuardo
2471 3422 2593 3500 jam
2625 3422 2961 3501 recitatum,
2990 3423 3281 3500 adjiciunt
3303 3441 3369 3484 ex
3397 3423 3637 3485 Bufﬁno

252 3507 410 3570 haud
434 3527 621 3590 pauca
651 3510 724 3571 de
757 3511 1102 3592 triumphali
1134 3529 1166 3572 e
1191 3509 1438 3592 Daphne
1469 3510 1933 3571 transvectione.
1971 3510 2220 3587 Atliugit
2253 3529 2383 3570 eam
2421 3511 2680 3571 breviter
2708 3511 3004 3572 Notkerus
3034 3520 3088 3571 et
3121 3513 3413 3574 Canisius.
3440 3515 3640 3590 Agunt

249 3599 326 3660 de
360 3617 429 3661 eo
459 3618 696 3681 quoque
731 3601 1121 3682 Maurolycus,
1159 3601 1462 3675 Rabanus,
1496 3598 1988 3675 Wandalbertus,
2021 3618 2088 3660 ac
2122 3598 2319 3659 cmteri
2357 3599 2567 3662 Latini.
2600 3599 2671 3660 Et
2703 3600 2920 3661 colitur
2950 3602 3010 3660 in
3044 3601 3401 3676 quibusdam
3435 3603 3635 3664 eccle-

247 3688 354 3751 siis
385 3689 579 3750 ofﬁcio
612 3688 792 3751 trium
821 3689 1174 3768 lectionum,
1208 3691 1266 3751 iu
1300 3689 1434 3752 aliis
1465 3691 1710 3751 omnino
1742 3689 2021 3761 solemni,
2059 3696 2124 3748 ut
2154 3687 2468 3749 Mediolani
2504 3709 2517 3752 :
2551 3689 2694 3750 alibi
2726 3708 2860 3750 cum
2893 3689 3091 3750 ofﬁcio
3124 3690 3198 3750 de
3219 3693 3279 3752 S.
3320 3689 3633 3754 Timotheo

249 3778 314 3838 ﬁt
343 3778 419 3840 de
451 3797 522 3841 eo
553 3781 1063 3842 commemoratio.

331 3869 518 3931 Graeci
552 3886 611 3932 iv
640 3869 1016 3950 Septembris
1045 3888 1178 3932 eum
1213 3869 1537 3932 celebrant.
1575 3871 1660 3932 Ita
1689 3869 2090 3948 Anthologion
2123 3887 2154 3930 a
2187 3867 2494 3930 Clemente
2532 3885 2639 3928 viii
2675 3868 3088 3948 approbatum:
3130 3891 3150 3924 α
3181 3867 3348 3929 Sacri
3371 3868 3634 3950 Martyris

245 3958 484 4039 Babylae
513 3957 781 4040 episcopi
820 3960 1182 4022 Antiochiae:
1218 3960 1320 4041 qui
1367 3958 1803 4022 Numerianum
1837 3961 2284 4040 imperatorem,
2321 3959 2378 4018 in
2421 3958 2766 4039 ecclesiam;
2799 3959 2890 4022 cui
2922 3957 3050 4038 ipse
3094 3969 3364 4039 praeerat,
3401 3959 3634 4038 ingredi

243 4049 548 4112 volentem
582 4049 831 4130 repulit,
861 4050 1018 4131 quod
1073 4051 1257 4112 ﬁlium
1291 4049 1450 4128 regis
1482 4051 1826 4126 Persarum,
1859 4049 2133 4113 obsidem
2162 4048 2276 4111 sibi
2324 4049 2549 4123 datum,
2581 4048 2960 4110 trucidasset.
2995 4047 3370 4128 Quapropter
3401 4049 3633 4111 catenis
3705 4095 3709 4101 .

243 4133 464 4202 ferreis
496 4138 726 4201 vinctus
757 4139 1205 4202 circumductus
1240 4141 1310 4201 ad
1346 4157 1622 4221 pompam
1659 4150 1749 4201 est
1782 4139 2046 4221 Babylas,
2081 4156 2338 4219 cumque
2373 4138 2561 4200 tribus
2596 4138 2798 4219 pueris
2839 4137 3046 4220 plexus
3077 4139 3293 4219 capite.
3330 4164 3356 4195 »
3408 4141 3628 4203 Eadem

243 4228 426 4293 habet
455 4227 858 4306 Menologium
885 4227 960 4290 ab
992 4229 1258 4294 Henrico
1290 4229 1529 4294 Canisio
1563 4229 1813 4304 editum,
1853 4230 2102 4307 Menam,
2132 4230 2482 4311 Cythereus.

315 4407 393 4477 (2)
425 4408 699 4480 Triplicem
752 4409 911 4466 Vitam
962 4409 1224 4466 ediderunt
1274 4409 1608 4475 Bollandiani,
1642 4424 1750 4466 eam
1803 4416 1836 4464 tt

244 4487 440 4536 noster.
472 4479 626 4538 Eutr.
658 4479 829 4538 Pun.

2052 4409 2229 4467 damus
2271 4425 2422 4481 quam
2471 4409 2760 4482 composuit
2806 4410 2881 4466 vel
2927 4409 3197 4482 descripsit
3259 4408 3629 4480 Metaphrastes
